2756 4354
0 0 67 214 ἔ
151 0 156 3 ,

927 137 1006 182 DE
1032 117 1522 188 'AGATHARCHIDE
1557 145 1781 192 emmo.

2489 190 2608 225 anl

0 239 38 281 ’ἶ
60 250 62 252 ’
97 253 213 298 uiam
239 263 282 299 et
318 252 549 298 Persidem
586 250 816 296 novimus.
851 250 1079 296 Indicium
1103 253 1170 297 rei
1204 254 1323 307 inest
1400 266 1504 301 ctes.
1532 257 1657 302 Nihil
1682 259 1772 303 nisi
1789 259 1875 304 hoc
1897 262 2247 320 Agatharchides
2267 275 2374 330 agit,
2400 289 2448 322 ut
2464 283 2612 330 insoli-

8 351 24 356 >⁴
92 330 319 390 excerptis
333 345 380 389 p.
398 328 501 387 139,
516 331 541 378 4
563 341 631 386 sq.
645 342 747 371 cum
760 325 904 371 Plinii
921 328 1183 372 narratione
1201 327 1280 385 IX,
1294 345 1319 372 2

15 439 18 442 ι
92 408 151 464 (v.
176 422 223 464 p.
250 404 334 449 135
358 402 480 461 not.)
498 402 839 462 comparandis.

154 497 230 540 97.
251 478 330 522 His
352 477 589 522 defunctus
611 475 918 536 (Διεληλυθότες
939 475 981 522 δὲ
1007 476 1099 538 περὶ
1118 479 1198 521 τῶν
1218 495 1324 539 παρ-

91 552 304 600 οικούντων
346 550 420 605 τὴν
463 549 545 595 ἀπὸ
594 549 864 602 Βαὸυλωνίας
904 548 978 602 ἕως
1021 555 1091 597 τοῦ
1132 550 1170 597 'A
1179 550 1323 612 ραὸίου

88 627 268 682 κόλπου,
308 629 418 672 Exc.
450 626 582 670 Diod.
608 627 641 685 §
670 626 726 670 50
755 642 802 686 p.
838 623 982 687 141),
1012 626 1069 670 ad
1103 625 1322 686 Libycam

78 701 358 759 -AEthiopiam
383 710 541 745 auctor
562 700 745 745 rediens
768 701 966 761 populos
985 699 1085 760 ejus
1110 701 1323 746 mediter-

87 793 249 823 raneos
278 776 509 822 describit.
546 776 865 837 Rhizophagos
892 776 1126 821 Astaborae
1149 777 1323 822 accolas

89 851 133 915 (S
168 852 241 912 50)
277 852 514 913 excipiunt
554 852 818 914 Hylophagi
858 861 903 896 et
949 851 1325 914 Spermatophagi

89 927 131 989 (5
151 927 254 987 51);
279 927 490 988 proxime
510 939 764 988 sequuntur
790 926 1039 973 Venatores
1060 927 1325 988 (Gymnetae

35 1024 37 1027 ·
63 1003 366 1050 ¹Artemidori
389 1004 471 1068 )=(§
490 1005 583 1066 52),
620 1021 646 1049 a
680 1004 849 1064 quibus
873 1004 1009 1063 longe
1032 1004 1087 1049 ad
1114 1020 1322 1049 occasum

85 1081 251 1125 remoti
302 1080 707 1141 Elephantomachi
769 1081 867 1125 sive
929 1079 1322 1140 Elephantophagi

89 1156 131 1216 (S
152 1156 243 1216 53),
264 1167 308 1201 et
344 1156 402 1201 ab
438 1157 511 1201 his
549 1172 710 1202 versus
749 1171 956 1201 occasum
980 1155 1131 1212 Simi,
1163 1171 1322 1201 versus

87 1232 325 1278 meridiem
355 1233 698 1293 Struthiophagi
721 1233 762 1294 (§
786 1233 860 1291 57)
874 1249 887 1288 3
921 1233 1102 1277 modico
1126 1231 1234 1276 hinc
1257 1234 1323 1276 in-

91 1308 282 1352 tervallo
320 1318 567 1352 occurrunt
607 1307 915 1367 Acridophagi
956 1307 996 1365 (S
1022 1306 1125 1365 58),
1154 1307 1321 1366 quibus

86 1383 367 1428 contermina
394 1384 522 1441 regio
559 1382 619 1427 ob
649 1383 946 1443 scorpionum
976 1382 1316 1428 multitudinem

86 1459 264 1502 deserta
278 1458 318 1517 (S
336 1456 434 1518 59);
459 1458 678 1518 postremi
699 1458 881 1503 demum
899 1473 1059 1503 versus
1079 1447 1319 1503 meridiem

84 1533 339 1592 Canimulgi
359 1532 625 1596 habitant(§
652 1532 745 1595 60).
773 1533 888 1578 Inde
907 1534 1111 1579 narratio
1129 1550 1318 1579 conver·
1346 1560 1363 1594 „-

83 1608 195 1652 titur
236 1608 292 1652 ad
339 1607 644 1668 Troglodytas
687 1608 932 1664 nomades,
987 1625 1184 1669 quorum
1225 1611 1321 1654 vita

83 1694 127 1728 et
139 1684 346 1730 instituta
357 1685 648 1745 explicantur
661 1686 807 1730 fusius
825 1687 867 1744 (6
878 1702 895 1728 1
910 1675 1053 1746 sqq)
1070 1713 1127 1720 —-
1144 1686 1320 1731 Deinde

83 1762 542 1820 postquamdixerat
576 1777 658 1806 sua
693 1762 778 1806 hac
818 1778 960 1822 opera
999 1763 1319 1809 meridionales

59 1833 216 1879 'terrae
258 1835 526 1881 habitabilis
560 1836 771 1895 regiones
808 1838 1022 1882 similiter
1057 1839 1318 1898 explanatas

82 1924 178 1956 esse
200 1921 334 1972 atque
357 1913 579 1958 orientem
600 1908 838 1959 Hecataeus
861 1924 906 1958 et
925 1914 1119 1972 Basilis,
1140 1916 1227 1959 alii·
1241 1931 1318 1960 re-

81 1984 232 2045 liquas
255 1987 381 2032 orbis
408 1988 565 2048 plagas
589 1988 727 2049 primi
760 1989 1016 2034 accuratius
1050 1989 1317 2050 descripsis-

81 2071 195 2116 sent,
211 2062 494 2121 generaliora
506 2063 711 2122 quaedam
727 2063 981 2121 subjungit,
1003 2074 1053 2107 ut
1071 2063 1126 2108 de
1142 2080 1318 2109 summa

82 2136 318 2195 regionum
334 2136 589 2184 borealium
611 2147 656 2181 et
670 2138 936 2182 australium
955 2138 1233 2194 diversitate,
1253 2149 1318 2182 et-

81 2214 120 2257 si
137 2229 200 2266 eae
215 2230 308 2258 non
326 2215 390 2258 ita
409 2214 584 2273 magnis
604 2214 858 2259 intervallis
877 2224 1163 2274 separentur,
1176 2230 1316 2275 quum

28 2276 40 2291 .

80 2303 106 2331 a
128 2289 332 2334 Maeotide
356 2291 524 2349 palude'
557 2291 612 2334 ad
649 2290 928 2350 AEthiopiam
963 2292 1051 2335 iter
1071 2298 1127 2343 24
1155 2291 1316 2336 diebus

81 2363 245 2407 confici
280 2365 440 2423 possit.
478 2364 595 2408 Tum
638 2364 810 2409 bestias
851 2364 1093 2419 describit,
1135 2366 1312 2421 leones,

81 2439 488 2497 myrmecoleones,
515 2439 745 2499 pardales,
775 2439 1105 2495 rhinocerotes,
1129 2441 1317 2485 camelo-

80 2514 302 2574 pardales,
321 2514 553 2574 sphinges,
578 2514 953 2574 cynoscephalos,
978 2530 1129 2574 cepos,
1161 2526 1315 2561 tauros

80 2589 365 2644 carnivoros,
393 2599 627 2648 serpentes
650 2590 692 2647 ‘S
715 2590 892 2649 68-77).

141 2665 216 2722 98.
244 2664 299 2708 In
310 2664 394 2709 hac
417 2664 527 2708 libri
545 2675 674 2723 parte
691 2680 791 2723 quae
808 2665 863 2709 de
887 2665 1098 2723 gentibus
1117 2665 1315 2725 produn·

78 2749 168 2794 tur,
201 2739 340 2798 pretii
364 2749 469 2783 sunt
498 2740 713 2795 maximi,
734 2754 881 2799 neque
914 2741 1108 2785 meliora
1130 2741 1315 2785 aliunde

78 2823 338 2873 suppetunt.
365 2813 587 2866 Quamvis
613 2815 741 2858 color
762 2814 1037 2860 narrationis
1058 2815 1314 2861 rhetoricus

78 2889 300 2934 nonnulla
329 2888 651 2946 offuscaverit,
683 2891 731 2934 in
769 2893 1032 2936 universum
1071 2902 1222 2936 tamen
1258 2892 1314 2937 ad

35 2984 50 2999 ··
78 2964 286 3010 vividum
321 2966 530 3025 pingitur
574 2967 851 3026 populorum
902 2968 1094 3012 istorum
1141 2968 1313 3026 imago,

78 3046 272 3099 quorum
295 3043 400 3085 vitae
439 3041 558 3085 ratio
596 3041 651 3085 ad
674 3041 796 3085 hunc
827 3057 973 3101 usque
1001 3042 1121 3086 diem
1157 3043 1311 3087 eadem

44 3165 48 3168 ‚
81 3115 171 3161 sere
194 3118 461 3178 permansit.
488 3117 547 3161 At
566 3117 774 3162 dolemus
791 3134 938 3177 neque
955 3119 1092 3164 situm
1112 3119 1311 3177 singula-

77 3206 176 3235 rum
207 3193 445 3251 regionum
468 3193 670 3237 exactius
704 3193 912 3253 definiri,
937 3209 1084 3253 neque
1107 3194 1310 3251 gentium

79 3266 233 3312 afferri
264 3270 453 3314 nomina
481 3270 691 3329 propria,
718 3285 776 3313 ex
800 3268 970 3329 quibus
992 3285 1134 3314 unum
1159 3270 1310 3328 Mega-

76 3341 339 3388 barensium
362 3345 749 3404 Troglodytarum
775 3345 823 3389 in
841 3345 1079 3406 Excerptis
1103 3357 1308 3407 apparet.

78 3417 295 3475 Ignorat-e
328 3435 380 3464 ea
398 3437 491 3466 non
517 3421 667 3481 potuit
686 3421 1058 3479 Agatharchides,
1082 3438 1222 3481 quum
1244 3432 1311 3466 sat

80 3492 223 3536 multa
241 3508 398 3539 eorum
419 3511 471 3540 ex
497 3496 841 3555 antiquioribus
875 3496 1009 3541 libris
1038 3497 1216 3542 Plinius
1233 3497 1309 3542 de-

79 3570 338 3629 promserit.

142 3661 219 3703 99.
234 3644 448 3704 Sequitur
457 3647 583 3693 sinus
595 3647 782 3695 Arabici
799 3650 1047 3711 descriptio
1061 3650 1308 3695 secundum

79 3720 429 3765 commentarios
440 3723 588 3780 regios
597 3723 822 3784 fidemque
833 3728 1012 3770 testium
1023 3714 1307 3770 oculatorum

78 3791 91 3854 (
113 3791 165 3837 τὰ
186 3793 258 3853 μὲν
283 3796 328 3839 ἐκ
350 3796 430 3842 τῶν
455 3795 495 3839 ἐν
515 3794 794 3860 Ἀλεξανδρείᾳ
816 3801 1040 3861 βασιλικῶν
1059 3797 1307 3858 ὑπομνημά-

6 3880 7 3883 ’
77 3884 156 3911 των
183 3866 450 3930 ἐξειληφότες,
472 3867 524 3913 τὰ
547 3868 589 3913 δὲ
608 3869 723 3931 παρὰ
752 3874 831 3916 τῶν
850 3874 1066 3918 αὐτοπτῶν
1087 3872 1307 3931 πεπυσμέ-

76 3958 135 3986 νοι
156 3944 254 4003 §79
273 3944 508 4006 Diodor.).
528 3945 614 3991 Sed
633 3961 689 3991 ne
706 3947 878 4004 justum
889 3950 1122 4011 periplum
1146 3965 1307 4012 exspe-

1397 341 1442 375 ta
1465 333 1763 378 et‘mi1·abilia
1788 347 1997 396 exponat.
2027 341 2199 386 Πολλῶν
2235 346 2509 409 ὑπαρχόντων,
2537 359 2612 412 ait,

1397 405 1636 463 θαυμασίων
1666 407 1737 452 καὶ
1769 408 1910 470 πόρρω
1935 411 2131 470 κειμένων
2162 416 2241 459 ἀπὸ
2277 423 2347 473 τ’ἧς
2379 428 2613 490 συνηθείας,

1397 476 1540 529 αὐτοὺς
1579 478 1856 540 ἐπελεύσομαι
1890 484 1968 526 τῶν
1992 483 2128 528 τόπων
2156 486 2246 538 τοὺς
2278 492 2438 547 μνήμης
2474 497 2613 551 ἀξίους.

1396 551 1464 595 De
1482 555 1709 598 mensuris
1731 564 1878 600 tamen
1894 557 2022 602 sinus
2041 561 2261 604 nonnulla
2274 566 2618 622 praemittuntur.

1397 625 1751 685 Longitudinem
1770 630 1869 690 ejus
1885 632 2102 678 docemur
2112 650 2353 682 excurrere
2370 641 2436 683 ἐπὶ
2452 644 2621 696 πολλοὺς

1397 700 1506 746 πάνυ
1528 701 1717 754 σταδίους
1740 705 1779 762 (S
1800 703 1902 765 79),
1923 706 2206 753 latitudinem
2222 711 2455 758 minimam
2472 726 2514 760 et
2538 733 2623 763 me-

1397 775 1517 820 diam
1555 786 1601 821 et
1639 778 1882 822 maximam
1915 781 2071 839 paullo
2096 783 2309 829 disertius
2343 789 2498 846 tradit;
2536 808 2625 851 qua

1398 851 1638 896 occasione
1655 852 1911 898 Panormus
1927 854 2126 913 etMaria
2137 857 2287 902 insula
2304 876 2616 919 memorantur,

1397 941 1594 986 quorum
1627 929 1799 989 mentio
1822 929 1870 972 in
1894 928 2040 988 ipsius
2078 946 2168 975 01·ae
2198 932 2503 998 descriptione
2532 954 2624 984 non

1398 1003 1610 1048 recurrit.
1626 1000 1803 1047 Deinde
1821 1001 1877 1047 ab
1900 1004 2098 1048 Arsinoe
2118 1007 2409 1065 proficiscens
2426 1012 2474 1055 in
2494 1014 2624 1058 occi-

1397 1077 1569 1122 dentali
1589 1078 1716 1124 sinus
1737 1093 1818 1123 ora
1837 1089 2058 1125 memorat
2081 1080 2277 1129 thermas
2295 1099 2422 1145 aquae
2443 1101 2621 1145 amarae,

1396 1153 1543 1197 lacum
1562 1154 1790 1213 quendam
1823 1165 1868 1200 et
1905 1156 1998 1201 Nili
2034 1159 2181 1203 rivum
2206 1177 2287 1220 per
2310 1165 2554 1222 spongiosa
2577 1166 2623 1210 in

1395 1245 1517 1274 mare
1543 1240 1859 1277 transcurrens
1883 1234 1926 1292 (S
1964 1234 2070 1293 80)3
2109 1236 2314 1295 sequitur
2348 1255 2477 1284 mons
2510 1242 2624 1286 mire

1395 1303 1700 1365 rubicundus,
1727 1316 1961 1352 tortuosus
1991 1308 2126 1369 Myos
2149 1326 2229 1355 seu
2249 1311 2437 1358 Veneris
2467 1326 2623 1373 portus

1395 1383 1514 1442 apud
1551 1398 1748 1444 eumque
1782 1385 2010 1430 olivarum
2049 1397 2093 1432 et
2120 1389 2440 1447 meleagridum
2467 1391 2622 1435 insulae

1395 1457 1433 1519 (5
1457 1458 1558 1517 81),
1584 1468 1680 1503 tum
1704 1460 1948 1518 peninsula
1966 1476 2049 1521 per
2071 1478 2205 1521 quam
2242 1479 2380 1509 naves
2418 1466 2622 1511 transdu-

1394 1542 1577 1589 cuntur,
1604 1544 1655 1578 et.
1674 1534 1802 1579 sinus
1830 1534 2098 1581 Immundus
2121 1547 2164 1581 et
2183 1537 2414 1598 Ophiodes
2436 1540 2530 1584 sive
2558 1551 2622 1585 to-

1393 1610 1541 1668 pazon
1569 1609 1735 1666 insula,
1763 1611 1818 1655 de
1856 1627 1943 1670 qua
1987 1611 2191 1657 fabulosa
2214 1614 2420 1672 quaedam
2455 1626 2619 1660 narrat.

1393 1683 1506 1728 Inde
1538 1695 1642 1745 post
1682 1685 2128 1746 Ichthyophagorum
2162 1697 2205 1731 et
2237 1688 2620 1748 Troglodytarum

1393 1776 1537 1816 oram,
1566 1777 1666 1819 quae
1688 1764 1746 1805 ad
1775 1762 1947 1807 Sotiras
1981 1778 2126 1822 usque
2153 1774 2333 1822 portum
2360 1765 2555 1823 pertinet
2578 1776 2620 1810 et

1391 1835 1501 1880 hinc
1533 1835 1747 1880 Arabiam
1767 1852 1926 1882 versus
1951 1837 2170 1890 deflectit,
2199 1853 2320 1882 mare
2350 1839 2548 1898 palustre
2575 1850 2617 1883 et

1391 1910 1545 1955 viride
1567 1927 1836 1969 magnorum
1872 1927 2005 1956 causa
2029 1912 2207 1956 exsistit
2237 1912 2617 1968 infortuniorum,

1393 1986 1562 2046 quibus
1586 1988 1829 2047 pingendis
1854 1998 2011 2032 auctor
2031 1988 2316 2033 immoratur.
2344 1989 2547 2032 Ceterum
2565 1989 2620 2033 de

1390 2064 1581 2122 paraplo
1592 2079 1735 2122 usque
1744 2063 1800 2107 ad
1808 2051 2016 2108 'Taurum
2028 2073 2224 2108 montem
2239 2073 2281 2107 et
2296 2062 2618 2107 Ptolemaidem

1391 2139 1534 2183 lector
1567 2140 1795 2197 relegatur
1821 2140 1877 2183 ad
1910 2139 2054 2184 libros
2086 2140 2424 2196 antecedentes,
2457 2139 2620 2184 deinde

1390 2216 1549 2276 paucis
1567 2225 1776 2261 monetur
1793 2215 1848 2259 de
1861 2214 2126 2260 umbrarum
2149 2216 2325 2260 ratione
2344 2230 2445 2274 quae
2469 2215 2617 2258 Ptole-

1390 2293 1539 2336 maide
1559 2293 1617 2336 sit
1631 2303 1833 2352 tempore
1853 2292 2053 2336 solstitii.
2074 2292 2335 2350 Sequuntur
2351 2291 2498 2349 campi
2515 2290 2617 2333 irri-

1390 2368 1485 2425 gui,
1516 2368 1768 2424 elephantis
1789 2366 1982 2424 aliisque
1993 2366 2153 2410 bestiis
2180 2365 2465 2422 frequentati,
2486 2364 2615 2422 plan-

1388 2442 1538 2500 tisque
1562 2442 1656 2485 suis
1690 2440 2032 2494 memorabiles3
2067 2439 2231 2483 deinde
2266 2439 2429 2482 fretum
2452 2438 2616 2483 insulis

1389 2515 1652 2560 distinctum
1670 2547 1682 2569 ,
1724 2515 1771 2558 in
1796 2513 1965 2573 quibus
1996 2528 2102 2557 aves
2131 2513 2280 2572 specie
2309 2512 2610 2567 admirandae3

1389 2599 1483 2634 tum
1500 2604 1624 2633 mare
1644 2587 2053 2648 profundissimum
2075 2597 2168 2630 cete
2185 2587 2264 2630 alit
2283 2586 2501 2644 ingentia,
2522 2601 2613 2630 non

1388 2665 1577 2709 molesta
1607 2674 1778 2727 tamen,
1812 2664 1903 2708 nisi
1926 2663 2038 2707 forte
2062 2663 2110 2715 in
2144 2662 2269 2707 dorsi
2293 2662 2456 2721 pinnas
2485 2662 2614 2706 navis

1388 2740 1603 2784 incurrat.
1633 2739 1861 2784 Claudunt
1893 2748 2138 2784 extremam
2172 2738 2299 2782 sinus
2322 2737 2614 2797 Troglodyti-

1390 2832 1487 2861 cam
1509 2831 1622 2860 acrae
1647 2815 1857 2860 Psebaeae
1880 2815 1990 2874 (84).
2013 2814 2240 2858 Hactenus
2263 2813 2318 2857 de
2337 2814 2475 2857 latere
2494 2816 2613 2857 sinus

1389 2891 1679 2946 occidentali,
1714 2890 1837 2949 quod
1871 2899 1995 2933 tanto
2029 2887 2329 2949 paucioribus
2361 2898 2516 2932 auctor
2538 2888 2613 2932 de·

1389 2965 1564 3020 scribit,
1592 2980 1732 3025 quum
1767 2964 1968 3035 plurima
1991 2964 2045 3008 de
2069 2979 2122 3008 eo
2150 2962 2244 3022 jam
2269 2972 2536 3022 exposuerat
2566 2963 2613 3004 in

1354 3055 1358 3058 ·
1387 3042 1523 3086 libris
1534 3038 1918 3085 antecedentibus.
1936 3037 2163 3082 Uberiora
2178 3047 2220 3081 et
2234 3037 2511 3081 accuratiora
2524 3046 2613 3079 tra-

1388 3116 1455 3160 dit
1471 3116 1526 3160 de
1540 3114 1677 3160 latere
1692 3113 1903 3167 Arabico,
1929 3113 1977 3157 in
1991 3128 2100 3172 quo,
2114 3123 2163 3156 ut
2177 3112 2323 3171 capita
2336 3111 2612 3155 narrationis

1387 3191 1530 3236 verbo
1567 3190 1786 3246 indicem,
1830 3198 2138 3234 memorantur
2181 3186 2455 3246 Neptunium
2497 3184 2606 3246 (85),

1385 3266 1633 3328 palmetum
1658 3267 1770 3325 (86),
1800 3265 2052 3309 Phocarum
2078 3262 2227 3308 insula
2248 3270 2609 3322 p1·aetensumqne

1385 3344 1428 3388 ei
1447 3341 1811 3403 promontorium
1833 3338 1944 3400 (87),
1967 3338 2195 3382 Maranitae
2214 3335 2608 3381 aGarindanensi-

1383 3418 1470 3463 bus
1494 3418 1654 3473 deleti,
1684 3415 1905 3460 Laeanites
1927 3429 2128 3458 recessus
2161 3423 2205 3456 et
2229 3411 2427 3456 Nabataei
2453 3410 2611 3454 accolae

1384 3497 1494 3556 (88),
1518 3495 1623 3539 dein
1639 3493 2021 3552 Bythemanenses
2045 3489 2161 3548 (89),
2190 3498 2284 3532 tum
2311 3486 2609 3530 Batmizoma-

1384 3585 1546 3615 nenses
1583 3569 1639 3613 ad
1670 3568 1820 3613 sinum
1852 3564 2129 3627 profundum
2178 3563 2288 3624 (90),
2319 3572 2422 3606 tres
2457 3561 2609 3605 insulae

1386 3645 1497 3709 (91),
1521 3645 1631 3690 litus
1665 3658 1875 3689 saxosum
1900 3641 2025 3686 mille
2059 3639 2308 3684 stadiorum
2336 3637 2453 3700 (92),
2484 3636 2608 3693 adja—

1386 3738 1490 3768 cens
1514 3737 1645 3766 mons
1678 3718 1931 3774 mirabilis3
1970 3717 2049 3761 alti
2083 3714 2253 3759 cumuli
2282 3726 2425 3757 arenae
2442 3711 2603 3766 nigrae3

1383 3797 1662 3843 Charmutha
1684 3794 1925 3856 peninsula
1940 3777 1984 3836 et
1998 3800 2156 3851 portus
2176 3787 2356 3833 cothoni
2386 3783 2609 3838 Carthagi·-

1384 3874 1611 3919 niensium
1632 3871 1825 3926 similis;
1846 3878 2020 3913 montes
2054 3866 2257 3925 quinque
2279 3857 2602 3920 pyramidales;

1379 3950 1508 3995 sinus
1524 3947 1746 3993 rotundus
1770 3959 1870 3989 cum
1894 3943 2009 3987 fanis
2025 3940 2210 3985 deorum
2237 3934 2346 3995 (93);
2374 3934 2478 3977 litus
2500 3929 2606 3974 irri-
