2756 4354
0 0 45 200 ἒ

0 202 19 243 ξ,

0 246 20 278 ²⁸?ss

657 194 1116 242 PROLEGOMENA
1152 195 1231 240 DE
1264 195 1744 243 AGATHARCHlDE
1779 199 2001 248 CNlDIO.

0 295 11 354 ,¹3
49 310 320 370 «coronidem
345 325 355 352 :
381 302 504 352 Ἀλλὰ
539 302 618 365 γὰρ
641 306 662 348 ὁ
687 301 759 363 μὲν
782 302 884 365 ἀνὴρ
909 306 1087 353 τοιοῦτος
1103 337 1116 358 ,
1148 302 1219 348 καὶ
1241 301 1286 347 τὸ

53 385 137 430 ἀπὸ
166 387 237 439 τ’ῆς
263 380 551 444 γραμματικῆς
587 377 692 440 ἔχων
722 375 859 429 κλέος·
899 376 999 422 εἰδὲ
1037 376 1108 421 καὶ
1139 375 1184 421 τὸ
1217 379 1288 431 τῆς

61 447 270 522 ῥητορικῆς
306 452 519 513 ἐπώνυμον
551 453 662 514 αὖτῷ
690 455 718 509 ἡ
750 450 808 511 μὴ
837 451 1021 514 νήφουσα
1053 453 1187 513 ψῆφος
1214 452 1288 497 οὔκ

57 533 241 587 ἐπέθετο,
279 527 387 575 ἀλλὰ
422 527 502 588 γὰρ
526 525 664 589 ἔμοιγε
702 527 815 572 δοκεῖ
849 525 962 571 οὐδὲν
999 525 1164 572 ἔλαττον
1207 528 1285 571 τῶν

56 607 353 671 γραμματικῶν
395 605 440 648 οὗ
467 594 698 666 δεύτεροςῆ
728 605 807 648 τῶν
832 602 1027 666 ῥητόρων,
1068 601 1118 648 δι’
1142 594 1196 647 ῶν
1217 601 1287 647 καὶ

51 681 196 745 γράφει
214 678 285 725 καὶ
309 678 516 738 διδάσκει,
533 677 872 739 καταφαίνεσθαι.
896 677 966 723 Ad
1002 677 1171 736 linguae
1190 677 1286 722 ele-

2 815 3 818 *
53 757 251 818 gantiam
265 766 309 801 et
325 758 497 800 variam
520 756 613 800 viri
638 755 894 800 doctrinam
917 753 1161 799 accedebat
1188 769 1284 799 mo-

54 848 155 877 rum
179 831 386 893 probitas
405 841 448 875 et
485 831 685 891 potentis
713 830 896 898 patroni
928 829 1282 876 commendatio.

51 906 175 951 Nihil
199 906 367 951 mirum
396 906 539 965 igitur
570 905 814 963 contigisse
836 905 903 962 ei,
936 915 986 949 ut
1015 905 1131 963 regii
1153 905 1286 965 pueri

52 982 266 1040 magister
287 982 549 1040 eligeretur,
576 982 710 1041 eique
729 997 918 1040 regnum
937 981 1099 1041 adepto
1131 981 1285 1027 consi-

50 1057 212 1104 liarius
231 1068 276 1104 et
298 1067 424 1107 tutor
444 1047 698 1106 adsisteret.
721 1058 819 1105 Hoc
844 1058 966 1105 enim
983 1074 1172 1105 munere
1190 1058 1287 1104 fun-

50 1142 170 1177 ctum
189 1148 302 1188 esse,
322 1149 416 1193 quo
439 1143 644 1193 tempore
660 1149 798 1178 senex
815 1133 911 1194 jam
930 1132 1073 1178 libros
1092 1134 1148 1177 de
1168 1133 1285 1177 mari

51 1206 206 1252 Rubro
221 1208 426 1268 scripsit,
441 1209 539 1268 ipse
552 1223 636 1252 nos
648 1207 821 1254 edocet.
836 1208 1060 1252 Nimirum
1076 1208 1280 1267 complu·

49 1296 120 1336 res
150 1283 199 1327 in
219 1281 458 1342 Excerptis
481 1282 536 1342 (S
565 1283 696 1327 11-18
730 1299 775 1343 p.
810 1298 893 1338 117
927 1280 1029 1342 sq.)
1069 1281 1283 1340 leguntur

48 1354 309 1418 παραινέσεις
343 1356 399 1400 ad
432 1370 582 1413 regem
611 1355 856 1415 juvenem,
884 1356 1004 1400 inter
1040 1371 1152 1415 quas
1186 1358 1281 1401 haec

47 1431 186 1477 habes
201 1432 527 1477 dissertissima
549 1432 563 1491 (
579 1433 605 1490 5
633 1432 713 1492 17)
737 1449 746 1477 :
774 1428 895 1492 Ἐγᾶἱ
913 1431 948 1476 δ’
966 1426 1103 1494 ἀφ’·ἧς
1125 1432 1281 1495 ἡμέρας

46 1508 72 1560 ἡ
88 1505 192 1567 τύχη
214 1524 267 1565 με
283 1506 536 1561 κατέστησεν
559 1505 776 1569 ἐπίτροπον
799 1510 872 1551 τοῦ
893 1506 1085 1566 σώματος
1104 1511 1174 1553 τοῦ
1195 1513 1281 1566 σοῦ,

45 1581 136 1627 νέου
168 1583 378 1634 παντελῶς
415 1581 527 1634 ὄντος
540 1617 552 1638 ,
587 1582 656 1627 καὶ
695 1586 766 1638 τ’ῆς
800 1581 895 1639 ὅλης
930 1583 1139 1645 βασιλείας
1154 1618 1166 1638 ,
1207 1586 1281 1629 ἀπ’

1174 1661 1280 1706 Τίνα

42 1737 214 1794 τοῦτον;
239 1737 318 1784 τοῖς
346 1734 445 1797 πρὸς
468 1735 615 1791 ἡδονὴν
645 1736 856 1795 ὁμιλοῦσιν
890 1738 1169 1782 ἐναντιοῦσθαι
1212 1737 1282 1781 καὶ

43 1657 203 1713 ἐκείνης
225 1657 338 1710 εὐθὺς
373 1657 501 1720 μέγαν
536 1660 702 1721 ἐμαυτῷ
725 1659 845 1703 πόνον
886 1659 1104 1707 ἐπέὸαλον.

43 1808 342 1871 δυσχεραίνειν,
368 1814 440 1855 σοῦ
463 1813 624 1872 πρῶτον
642 1813 767 1856 αὐτοῦ
787 1811 1120 1874 περιαιρούμενος
1146 1814 1190 1858 οὐ
1208 1812 1280 1867 τὴν

41 1881 242 1941 ἐξουσίαν,
268 1885 374 1931 ἀλλὰ
401 1885 473 1941 τὴν
495 1886 682 1947 ἄγνοιαν,
701 1886 768 1931 ἵνα
791 1891 871 1933 τῶν
888 1887 1092 1933 τοσούτων
1118 1890 1279 1948 ἀγαθῶν

42 1962 201 2020 φρονῶν
243 1961 498 2023 ἀπολαύσῃς,
541 1960 598 2021 μὴ
637 1962 942 2024 διαμαρτάνων.
1028 1965 1162 2009 Τοῦτο
1201 1961 1280 2024 γὰρ

45 2034 210 2090 ἐζήτουν
230 2037 383 2099 πατρὸς
407 2037 513 2099 ἔχων
537 2037 694 2085 εὔνοιαν
718 2039 865 2101 χρόνου
889 2038 1211 2100 στοχαζομένην,
1235 2041 1279 2084 οὔ

1060 2108 1169 2161 Οἶδα
1201 2114 1279 2175 γὰρ

43 2184 318 2248 πρεσὸύτερος
339 2186 395 2232 ὢν
411 2189 481 2233 καὶ
497 2191 659 2234 πολλῶν
683 2189 876 2251 ἔμπειρος
891 2188 1065 2250 γεγονὼς
1081 2189 1280 2250 πραγμά-

44 2109 218 2163 κόλακος
241 2113 446 2175 εἰρωνείαν
477 2118 607 2176 καιρῷ
642 2117 990 2177 προσομιλοῦσαν.

43 2280 141 2321 των,
172 2263 238 2308 διὰ
261 2263 353 2316 τοὺς
376 2264 570 2309 θωπεύειν
614 2264 962 2322 ἐπιὸεὸλημένους
1001 2264 1093 2315 τοὺς
1128 2267 1168 2309 ἓν
1192 2271 1280 2316 ταῖς

45 2338 267 2398 ὑπεροχαῖς
290 2340 360 2383 καὶ
378 2339 449 2390 τὰς
473 2339 668 2399 μεγίστας
686 2340 895 2400 βασιλείας
916 2341 1042 2401 ἄρδην
1069 2340 1275 2401 ἀνῃρημέ-

45 2431 136 2468 νας,
161 2413 233 2468 τὴν
261 2414 521 2477 Κασάνδρου,
533 2413 609 2469 τὴν
629 2414 875 2475 Λυσιμάχου
891 2450 902 2470 ,
928 2414 1002 2469 τὴν
1017 2413 1277 2476 Ἀλεξάνδρου

44 2488 294 2545 τηλικαύτην
319 2483 458 2545 οὖσαν,
480 2488 554 2545 τὴν
576 2489 747 2544 Μήδων,
769 2487 842 2543 τὴν
862 2487 1026 2550 Σύρων,
1059 2488 1132 2543 τὴν
1166 2492 1277 2550 Περ-

45 2566 145 2618 σῶν,
168 2562 272 2608 ὥστε
290 2563 393 2622 μηδὲ
419 2563 584 2624 σπέρμα
598 2565 916 2626 καταλελεῖφθαι
929 2567 999 2607 τοῦ
1012 2562 1165 2620 γένους.
1188 2565 1279 2609 Οὔκ

45 2637 222 2698 ἀλόγως·
242 2636 332 2697 νέου
350 2636 430 2698 γὰρ
452 2637 587 2682 πολλὰ
617 2637 689 2696 μὲν
721 2638 957 2696 ἀγνοοῦντος
990 2636 1056 2680 διὰ
1088 2636 1161 2690 τὴν
1185 2639 1278 2691 ἧλι-

43 2711 155 2772 κίαν,
174 2710 466 2773 εὖλογουμένου
488 2711 529 2757 δὲ
547 2698 613 2757 ἐπὶ
632 2714 712 2764 τοῖς
729 2711 1026 2772 ἁμαρτήμασιν
1044 2709 1156 2755 οὐδὲν
1171 2729 1276 2772 σφα·

41 2775 263 2851 λερώτερον
287 2787 378 2833 οὐδὲ
402 2788 764 2850 ἐπικινδυνότερον.

108 2865 183 2920 78.
201 2863 480 2908 Niebuhrius
497 2864 682 2924 quidem
695 2864 790 2923 (ΚΖ.
816 2861 1036 2919 Schrfftetz
1051 2861 1090 2917 I,
1106 2878 1151 2923 p.
1174 2869 1226 2916 41
1241 2863 1278 2924 1)

46 2939 190 2985 verba
211 2941 299 2985 ista
315 2940 370 2984 ad
391 2939 772 2998 Agatharchidem
793 2939 909 2984 nihil
935 2940 1165 2999 pertinere
1185 2955 1280 2999 pu—

49 3017 178 3072 tavit,
198 3017 275 3061 sed
299 3032 357 3060 ex
380 3032 580 3075 persona
606 3016 727 3060 dicta
753 3030 851 3059 esse
877 3015 993 3059 alius
1012 3014 1248 3074 cujusdam
1265 3049 1277 3071 ,

48 3091 126 3151 qui
157 3101 279 3136 tutor
303 3091 439 3136 fuerit
468 3087 703 3136 Ptolemaei
725 3091 994 3151 Epiphanis.
1020 3094 1079 3134 At
1112 3091 1279 3135 oratio-

51 3181 130 3211 nes
163 3169 318 3226 quales
355 3169 404 3212 in
435 3168 671 3212 historicis
705 3168 888 3228 scriptis
925 3166 1280 3225 Agatharchides

35 3240 380 3303 interponebat,
397 3258 423 3287 a
438 3244 580 3288 maris
601 3243 828 3303 Erythraei
849 3243 1158 3303 descriptione
1174 3243 1281 3287 alie-

48 3331 118 3359 nae
139 3331 234 3360 esse
257 3318 499 3363 videantur
513 3336 525 3374 ;
558 3318 723 3363 deinde
750 3334 860 3363 vero
885 3333 942 3362 ex
964 3318 1194 3378 prooemio
1218 3317 1280 3361 li-

48 3390 123 3435 bri
147 3392 295 3450 quinti
315 3394 364 3452 (S
388 3410 441 3437 21
466 3410 511 3454 p.
536 3396 703 3453 119,32
726 3411 736 3438 ε
757 3391 987 3455 Ἓκατέρου
1009 3392 1051 3437 δέ
1065 3411 1126 3437 σοι
1143 3410 1280 3454 προοι-

45 3465 203 3525 σόμεθα
233 3469 547 3529 παραδείγματα
572 3470 725 3530 γένους,
745 3468 865 3516 ἵνα...
902 3468 993 3520 τοὺς
1017 3468 1180 3529 ἄμεινον
1212 3468 1281 3513 καὶ

50 3542 280 3587 τούναντίον
301 3543 485 3597 εἰπόντας
503 3544 568 3591 ἐπ’
591 3546 731 3597 αὐταῖς
751 3545 870 3607 εὕρῃς
886 3545 974 3596 ταῖς
995 3542 1279 3603 δοκιμασίαις)

47 3628 240 3679 apparet
259 3635 373 3679 opus
398 3631 602 3667 nostrum
634 3633 766 3667 certae
789 3622 965 3667 cuidam
984 3636 1192 3682 personae
1216 3619 1284 3664 ei-

47 3709 141 3753 -que
176 3693 338 3754 juveni
375 3697 445 3740 vel
479 3712 622 3756 puero
664 3699 801 3743 fuisse
833 3698 1130 3758 inscriptum3
1163 3696 1284 3741 unde

49 3780 216 3828 sponte
236 3771 431 3830 quisque
441 3771 630 3831 conjicit
644 3773 699 3817 ad
714 3774 904 3825 eundem
911 3774 1125 3834 juvenem
1148 3773 1282 3817 etiam

49 3846 310 3907 παραινέσεις
339 3848 448 3892 istas
480 3847 538 3892 ab
563 3848 721 3893 eodem
756 3849 897 3908 dirigi
929 3848 1277 3909 Agatharchide.

2511 238 2567 268 ιν

1354 302 1540 349 Accedit
1573 306 1697 365 quod
1730 306 1908 353 verba:
1935 309 2205 371 πρεσὸύτερος
2229 312 2282 356 ὢν
2319 318 2387 362 καὶ
2417 324 2575 369 πολλῶν

1352 375 1540 440 ἔμπειρος
1574 384 1746 440 γεγονὼς
1789 382 2045 442 πραγμάτων
2084 385 2249 430 eximie
2282 394 2500 446 quadrant
2529 399 2577 443 in

1350 450 1582 511 Nostrum,
1609 472 1742 515 quem
1756 468 1984 520 provectae
2002 468 2095 503 tum
2124 461 2266 505 aetatis
2289 463 2425 510 fuisse
2449 472 2579 517 disci-

1352 541 1452 571 mus
1468 542 1526 571 ex
1547 530 1571 587 §
1601 546 1701 585 110,
1725 531 1806 575 ubi
1828 532 1932 576 sic:
1958 531 2026 578 Τὰ
2042 531 2115 591 μὲν
2136 526 2203 578 οὖν
2227 535 2328 596 ὑπὲρ
2355 541 2432 581 τῶν
2461 543 2579 588 ἐθνῶν

1351 603 1431 645 τῶν
1453 602 1697 660 ἐκκειμένων
1733 603 1832 662 πρὸς
1866 606 2143 668 μεσημὸρίαν,
2167 610 2220 658 ὡς
2246 601 2294 664 ἦν
2316 610 2376 672 ἐφ’
2405 615 2519 670 ἡμῖν,
2541 617 2578 659 ἐν

1351 675 1470 721 πέντε
1503 676 1673 737 βιὸλίοις
1697 679 1898 737 ἐπιμελῶς
1924 682 2221 743 ἱστορήκαμεν·
2248 684 2348 746 ὑπὲρ
2383 686 2424 733 δὲ
2445 690 2523 732 τῶν
2542 691 2580 734 ἐν

1351 755 1408 814 τῷ
1428 752 1599 814 πελάγει
1619 753 1753 809 νήσων
1772 754 1936 816 ὕστερον
1957 759 2286 821 τεθεωρημένων,
2304 761 2374 806 καὶ
2397 766 2475 808 τῶν
2494 763 2583 820 ἑξῆς

1353 831 1493 888 ἐθνῶν,
1537 829 1607 874 καὶ
1644 832 1724 874 τῶν
1759 830 1919 874 εὐωδῶν
1958 829 2034 875 ὅσα
2075 832 2206 894 φέρειν
2254 836 2469 895 συμὸαίνει
2509 838 2583 893 τὴν

1351 905 1640 966 Τρωγλοδῦτιν
1680 903 1836 966 χώραν,
1875 907 1993 964 ἡμεῖς
2024 904 2096 964 μὲν
2135 910 2488 970 παραιτησάμενοι
2511 912 2584 966 τὴν

1351 977 1540 1039 ἐξήγησιν
1575 978 1702 1041 ἄρδην
1724 978 2074 1039 ἇπολελοίπαμεν,
2113 980 2203 1025 οὔτε
2233 981 2300 1026 τὸν
2324 983 2412 1028 πόν
2428 1003 2474 1029 ον
2498 989 2584 1041 τῆς

1349 1053 1566 1110 ἡλικίας
1602 1045 1796 1113 ὁμοίως
1826 1054 2107 1119 ὑποφέρειν
2130 1057 2452 1116 δυναμένης,
2485 1064 2585 1107 πολ-

1350 1131 1432 1176 λῶν
1454 1133 1549 1190 ὑμῖν
1572 1131 1674 1192 ὑπέρ
1699 1149 1742 1174 τε
1764 1134 1836 1185 τῆς
1854 1129 2058 1192 Εὐρώπης
2079 1131 2149 1176 καὶ
2173 1136 2243 1188 τ’ῆς
2267 1133 2402 1187 Ἀσίας
2426 1137 2584 1198 ἀναγε-

1353 1206 1619 1268 γραμμένων,
1640 1204 1732 1251 οὔτε
1752 1207 1830 1250 τῶν
1847 1206 2158 1266 ὑπομνημάτων
2177 1207 2242 1252 διὰ
2257 1208 2327 1259 τὰς
2343 1210 2432 1254 κατ’
2451 1211 2584 1272 Αἴγυ-

1353 1297 1452 1324 πτον
1473 1280 1720 1331 ἀποστάσεις
1753 1279 1905 1342 ἀκριὸἧ
1931 1281 2238 1339 παραδιδόντων
2259 1282 2418 1346 σκέψιν;
2438 1285 2583 1332 Simul

1352 1355 1448 1401 haec
1464 1357 1709 1401 ostendunt
1730 1358 1886 1402 virum
1907 1357 2044 1403 rebus
2068 1358 2266 1419 publicis
2288 1372 2582 1421 occupatum3

1353 1433 1526 1493 quippe
1548 1435 1628 1493 qui
1649 1433 1709 1478 ob
1734 1434 2010 1479 defectiones
2029 1435 2270 1496 AEgyptum
2293 1447 2384 1482 tum
2403 1449 2586 1498 pertur-

1351 1507 1510 1555 bantes
1531 1510 1783 1567 majoribus
1807 1501 2134 1556 distraheretur
2157 1514 2351 1572 negotiis
2376 1530 2510 1573 quam
2534 1526 2585 1560 ut

1352 1584 1401 1628 in
1425 1586 1763 1630 recentissimos
1797 1587 2112 1644 navigatorum
2138 1589 2490 1634 commentarios
2513 1590 2584 1635 in-

1352 1661 1536 1719 quirere
1568 1673 1717 1721 posset
1738 1659 1803 1721 ς’).
1848 1662 2022 1715 Quodsi
2059 1661 2337 1708 Niebuhrius
2388 1666 2580 1710 miratur

1352 1745 1519 1780 tantam
1531 1738 1734 1782 numeris
1747 1737 2014 1796 dignitatem
2023 1738 2123 1782 viro
2137 1738 2327 1783 delatam
2338 1755 2434 1785 esse
2448 1757 2581 1801 quem

1350 1811 1543 1857 Photius
1570 1820 1912 1871 grammatifflcm
1942 1825 2093 1872 vocat,
2124 1830 2207 1873 ego
2235 1832 2328 1860 non
2352 1818 2582 1876 perspicio

1351 1903 1433 1931 cur
1483 1888 1840 1945 Agatharchides
1887 1889 2206 1947 grammaticus
2220 1924 2231 1944 ,
2278 1890 2581 1951 philosophus

1349 1963 1701 2023 peripateticus,
1727 1964 1999 2023 historicus,
2035 1979 2061 2008 a
2080 1966 2206 2022 regio
2237 1965 2446 2009 ministro
2464 1981 2580 2010 enu-

1350 2032 1506 2098 tritus,
1528 2040 1642 2085 alius
1658 2040 1856 2084 ministri
1873 2056 1959 2085 usu
1984 2040 2201 2084 formatus
2217 2039 2274 2084 ab
2293 2054 2437 2099 eoque
2459 2057 2579 2084 com-

1349 2117 1604 2179 mendatus,
1621 2132 1646 2160 a
1662 2117 1852 2162 summis
1864 2116 2168 2174 dignitatibus
2182 2116 2401 2160 arcendus
2422 2116 2576 2173 fuerit,

1349 2206 1460 2249 quas
1480 2192 1712 2237 eunuchos
1730 2203 1773 2235 et
1796 2192 2114 2250 abjectissimae
2134 2192 2411 2235 conditionis
2431 2192 2577 2236 homi-

1348 2280 1443 2319 nes,
1467 2265 1660 2324 Eulaeos,
1682 2266 1885 2321 Lenaeos,
1906 2266 2189 2323 Agathocles,
2208 2266 2427 2322 Sosibios,
2440 2268 2573 2322 alios,

1348 2339 1600 2383 obtinuisse
1623 2349 1812 2384 constat.

1413 2428 1488 2469 79.
1514 2412 1595 2456 Sin
1618 2427 1793 2471 quaeras
1814 2413 1996 2470 quinam
2020 2411 2155 2455 suerit
2177 2426 2257 2455 rex
2275 2412 2351 2455 ille
2370 2412 2572 2471 juvenis,

1346 2487 1501 2546 paullo
1509 2487 1774 2545 diligentius
1783 2486 2130 2530 Ptolemaeorum
2140 2486 2376 2530 historiam
2387 2487 2576 2533 lustran-

1348 2562 1382 2606 ti
1407 2561 1580 2621 patebit
1610 2561 1808 2618 eligendi
1829 2570 2094 2620 potestatem
2128 2561 2312 2620 negari,
2351 2577 2496 2621 neque
2520 2564 2575 2608 de

1349 2637 1438 2681 alio
1450 2637 1642 2694 cogitari
1659 2652 1792 2696 posse
1805 2637 1894 2680 nisi
1910 2636 1965 2680 de
1974 2637 2219 2680 Ptolemaeo
2231 2636 2337 2680 Vlll
2347 2637 2501 2682 Sotere
2515 2638 2575 2695 ΙΙ,
2590 2690 2598 2696 ·

1349 2712 1446 2755 filio
1480 2709 1714 2755 Ptolemaei
1754 2710 1838 2753 Vll
1873 2710 2107 2768 Euergetis
2141 2710 2185 2754 11
2220 2721 2264 2755 et
2300 2711 2574 2772 Cleopatrae,

1349 2786 1487 2830 fratre
1507 2784 1681 2844 majore
1710 2785 1941 2830 Ptolemaei
1960 2784 2022 2828 IX
2050 2784 2297 2830 Alexandri
2315 2785 2353 2831 Ι.
2378 2785 2577 2832 Moriens

1351 2859 1618 2906 Ptolemaeus
1640 2859 1721 2904 VII
1739 2874 1930 2926 regnum
1961 2859 2149 2919 reliquit
2168 2859 2418 2920 Cleopatrae
2443 2862 2577 2906 uxori

1349 2938 1557 2982 secundae
1578 2938 1590 2999 (
1612 2954 1712 2997 quae
1731 2938 1904 2997 prioris
1923 2938 2082 2982 uxoris
2105 2938 2355 2998 Cleopatrae
2378 2954 2403 2983 e
2419 2939 2578 2983 Ptole-

1350 3029 1463 3057 maeo
1485 3013 1544 3057 vl
1579 3023 1675 3058 erat
1714 3014 1836 3072 filia)
1866 3023 1909 3056 et
1940 3013 2069 3057 alteri
2096 3029 2153 3057 ex
2185 3014 2292 3058 filiis
2334 3030 2466 3073 quem
2500 3015 2579 3059 illa

1349 3089 1532 3147 legisset
1572 3088 1769 3148 (Justin.
1804 3087 2007 3143 XXXIX,
2036 3090 2059 3132 3
2076 3090 2107 3148 ).
2140 3089 2399 3149 Cleopatra,
2434 3090 2578 3134 Soteri

1350 3166 1447 3209 filio
1461 3165 1627 3224 majori
1643 3162 1837 3219 infensa,
1853 3165 2074 3208 minorem
2090 3165 2395 3210 Alexandrum
2410 3167 2578 3222 eligere

1349 3241 1522 3296 voluit,
1549 3240 1626 3285 sed
1644 3255 1668 3283 a
1684 3239 1855 3299 populo
1876 3238 2093 3298 majorem
2108 3254 2260 3283 creare
2280 3255 2430 3297 regem
2455 3255 2576 3283 com-

1349 3315 1553 3375 pellitur,
1581 3315 1661 3373 qui
1694 3313 1826 3357 initio
1858 3329 1951 3357 una
1983 3329 2084 3357 cum
2123 3323 2281 3368 matre,
2312 3329 2419 3357 mox
2453 3315 2590 3358 solus·

1350 3405 1540 3448 regnum
1562 3388 1899 3432 administravit
1925 3389 1940 3447 (
1962 3403 2165 3444 117-107
2187 3387 2219 3449 ).
2245 3387 2429 3433 Natales
2453 3388 2578 3432 Sote-

1351 3467 1415 3510 ris
1438 3466 1486 3509 in
1503 3465 1618 3509 illud
1635 3475 1811 3523 tempus
1830 3464 2057 3519 incidunt,
2077 3481 2168 3523 quo
2187 3465 2460 3530 Ptolemaeus
2475 3464 2576 3522 Vll,

1351 3542 1588 3602 repudiata
1610 3556 1754 3586 uxore
1770 3541 1926 3601 priore
1941 3575 1952 3595 ,
1981 3540 2122 3584 filiam
2143 3540 2243 3600 ejus
2267 3541 2318 3585 'vi
2334 3550 2579 3603 stupratam

1351 3620 1399 3662 in
1424 3617 1765 3661 matrimonium
1785 3625 2021 3676 rapuerat,
2045 3614 2343 3660 Alexandrini
2358 3626 2504 3659 autem
2525 3630 2577 3659 eo

1352 3693 1522 3737 scelere
1541 3692 1725 3736 excitati
1746 3706 1896 3750 regem
1916 3691 2088 3736 dudum
2113 3692 2312 3736 invisum
2331 3691 2574 3751 ejecerunt,

1353 3783 1633 3828 regnumque
1680 3767 1932 3828 Cleopatrae
1972 3767 2220 3827 repudiatae
2274 3767 2571 3811 tradiderunt.

1353 3846 1454 3899 Quo
1475 3845 1590 3889 facto
1607 3878 1619 3900 ,
1635 3845 1738 3889 exul
1755 3844 2052 3900 Ptolemaeus,
2073 3845 2153 3888 irae
2174 3844 2395 3903 impotens
2408 3875 2419 3896 ‚
2439 3842 2575 3884 Mem-

104 4007 151 4054 (*)
176 4009 305 4046 Nescio
326 4020 403 4057 quo
426 4009 535 4057 pacto
566 4009 792 4057 Droysenius
809 4012 858 4055 11,
878 4020 913 4056 p.
941 4013 1010 4048 734
1030 4010 1144 4049 verba
1173 4011 1232 4050 διὰ
1251 4011 1314 4054 τὰς
1334 4006 1415 4047 κατ’
1435 4007 1616 4056 Αἴγυπτον
1637 4005 1856 4049 ἀποστάσεις
1890 4003 2123 4053 interpretari
2150 4003 2310 4052 potuerit
2329 4018 2337 4042 :
2356 4011 2484 4051 weqen
2503 4001 2576 4040 dor

58 4059 313 4111 Entsernunq
337 4062 466 4101 dieser
487 4062 689 4111 Geqenden
712 4073 786 4102 von
803 4066 1016 4112 AEqypcen.
