2808 4342
4 484 5 507 ι
66 455 277 518 πέρκειται
307 461 378 513 τῆς
412 460 645 515 Μαιώτιδος
667 465 834 526 λίμνης,
861 468 917 527 μὴ
950 471 1097 531 ῥᾳδίως
1124 490 1272 533 γνωρι-

23 535 37 585 {⁸
61 523 186 584 ομένη
218 527 276 587 τῷ
295 528 474 593 πλείστῳ
498 530 612 594 μέρει
642 537 722 579 τῶν
752 538 990 597 ἀνθρώπων,
1019 538 1183 597 μάλισθ’
1206 540 1271 586 ὅτε

66 592 107 637 αὶ
124 595 144 638 ὁ
162 595 444 659 Πρωταγόρας
464 602 812 662 παραλελοιπέναι
830 603 980 649 τούτων
996 609 1075 650 τῶν
1096 608 1270 653 σταδίων

60 658 103 704 ὸν
129 662 296 722 ἀριθμὸν
335 666 458 714 δοκεῖ.
532 667 615 712 Καὶ
638 671 664 723 ἡ
693 671 928 733 περιγραφὴ
958 673 999 718 δὲ
1030 677 1111 719 τῶν
1132 676 1268 722 τόπων

31 749 41 771 2·
66 727 143 773 ατὰ
175 731 302 790 μόνας
322 733 395 785 τὰς
426 734 598 787 ἐκὸολὰς
619 739 699 782 τῶν
730 743 927 799 ποταμῶν
957 743 1176 804 ῥηθήσεται
1204 746 1270 790 διὰ

4 832 7 857 3
36 804 45 840 .—
61 795 107 849 ὰς
127 798 252 851 αὐτὰς
275 801 422 853 αἰτίας.

35 895 37 898 <
96 880 147 912 39.
187 867 304 912 Μετὰ
327 867 399 919 τὰς
431 868 603 923 ἐκὸολὰς
632 878 703 919 τοῦ
727 876 963 922 Οὖῖστοόλα
986 885 1173 940 ποταμοῦ
1194 884 1265 928 ἐκ·-

35 927 223 994 ἔχονται
241 935 400 997 Χρόνου
422 942 491 983 τοῦ
512 945 700 1000 ποταμοῦ
725 942 907 989 ἐκὸολαί·
931 946 1012 991 ἀπὸ
1044 947 1086 992 δὲ
1108 948 1267 1011 Χρόνου

0 995 1 1029 l
39 1004 105 1046 οῦ
137 1008 326 1063 ποταμοῦ
364 1005 453 1062 ἑξῆς
486 1008 565 1053 εἰσὶ
591 1008 815 1064 Ῥουδῶνος
849 1008 1037 1074 ποταμοῦ
1077 1017 1263 1064 ἐκὸολαί.

37 1063 161 1117 Οῧτοι
176 1072 223 1129 ,δὲ
244 1076 280 1119 οἱ
303 1076 484 1137 ποταμοὶ
504 1081 559 1130 εἷς
587 1080 655 1125 τὸν
684 1082 902 1128 Οὗενδικὸν
926 1084 1078 1131 κόλπον
1100 1086 1265 1144 ἐξίασιν,

41 1158 143 1194 στις
173 1142 256 1187 ἀπὸ
290 1149 359 1190 τοῦ
397 1147 631 1194 Οὐϊστούλα
656 1156 844 1211 ποταμοῦ
876 1152 1046 1215 ἄρχεται
1067 1156 1266 1218 παρήκων

41 1209 97 1254 πὶ
130 1213 337 1260 πλεῖστον.
406 1215 506 1261 Ἀπὸ
539 1217 580 1262 δὲ
614 1222 685 1263 τοῦ
714 1219 938 1273 Ῥουδῶνος
963 1228 1151 1282 ποταμοῦ
1177 1224 1268 1280 ἑξῆς

52 1278 109 1323 ἷσὶ
133 1281 389 1343 Τουρούντου
413 1289 604 1345 ποταμοῦ
627 1287 808 1332 ἐκὸολαί·
834 1288 915 1334 ἀπὸ
941 1289 983 1335 δὲ
1011 1290 1266 1354 Τουρούντου

46 1352 221 1408 οταμοῦ
245 1352 458 1414 ἐκδέχεται
473 1355 650 1407 Χέσυνος
666 1357 871 1414 ποταμὸς,
896 1358 965 1404 καὶ
989 1362 1030 1405 αἱ
1047 1359 1188 1406 τούτου
1206 1363 1264 1407 ε’κ-

41 1418 170 1466 ολαί.
239 1422 364 1468 Μετὰ
395 1423 436 1469 δὲ
469 1424 537 1470 τὸν
563 1426 758 1473 ’Χέσυνον
789 1428 976 1487 ποταμὸν
1009 1432 1029 1474 ὁ
1062 1430 1266 1491 ἄγνωστος

38 1558 178 1622 ορείῳ
215 1561 286 1605 καὶ
324 1563 520 1626 ἀγνώστῳ
556 1569 623 1626 γῇ.
691 1569 946 1630 Παροικοῦσι
980 1567 1048 1613 τὸν
1083 1569 1264 1617 Χέσυνον

62 1627 214 1687 οταμὸν
240 1631 276 1674 οἱ
299 1630 563 1694 Ἀγαθουρσοὶ
586 1635 632 1679 τὸ
652 1633 760 1686 ἔθνος
780 1639 852 1691 τῆς
875 1638 916 1681 ἐν
941 1636 1123 1699 Εὐρώπῃ
1150 1641 1264 1701 Σαρ-

36 1693 39 1700 ’
64 1698 180 1749 ατίας
207 1697 333 1751 ὄντες.
370 1696 374 1699 ’
404 1702 719 1765 Καταφέρονται
742 1704 785 1749 δὲ
814 1704 840 1750 δ’
868 1724 910 1750 τε
934 1705 1113 1758 Χέσυνος
1135 1726 1261 1753 ποτα-

26 1771 30 1794 ·’
63 1765 103 1817 ὸς
115 1765 185 1811 καὶ
205 1770 225 1812 ὁ
244 1768 502 1830 Τουρούντης
515 1773 560 1815 ἐκ
580 1774 660 1817 τῶν
679 1774 982 1834 ὑπερκειμένων
998 1777 1120 1835 ὀρῶν,
1145 1775 1263 1821 ἅτινα

5 1843 7 1879 ἶ
56 1836 216 1880 αλεῒται
235 1835 408 1882 Ῥίπαια
430 1837 505 1899 ὅρη
523 1873 536 1896 ,
557 1839 665 1883 κατὰ
687 1839 761 1894 τὴν
784 1841 996 1901 μεσόγειον
1022 1842 1175 1900 μεταξὺ
1193 1849 1265 1901 τῆς

36 1923 39 1926 ’
77 1902 262 1955 αιώτιδος
295 1905 441 1963 λίμνης
464 1905 535 1950 καὶ
566 1911 637 1951 τοῦ
670 1909 940 1970 Σαρματικοῦ
974 1912 1156 1957 ὠκεανοῦ
1180 1913 1263 1959 κεί-

63 1990 144 2018 ενα.
212 1971 266 2018 Ὁ
292 1972 334 2018 δὲ
353 1972 533 2019 Ῥούδων
558 1975 741 2035 ποταμὸς
767 1978 813 2022 ἐκ
845 1982 915 2023 τοῦ
950 1978 1120 2025 Ἀλανοῦ
1150 1981 1264 2044 ὅρους

33 2040 204 2102 έρεται·
228 2048 422 2103 παροικεῖ
440 2042 483 2088 δὲ
505 2043 550 2088 τό
570 2063 612 2089 τε
633 2044 722 2106 ὅρος
744 2045 815 2090 καὶ
835 2045 909 2102 τὴν
942 2047 1084 2109 χώραν
1108 2050 1262 2107 ταύτην

47 2107 94 2152 πὶ
110 2106 212 2153 πολὺ
235 2110 372 2165 διῆκον
387 2110 433 2156 τὸ
452 2114 532 2156 τῶν
558 2112 736 2159 Ἀλανῶν
758 2115 993 2176 Σαρμάτων
1016 2116 1141 2178 ἔθνος,
1161 2121 1263 2180 παρ’

37 2168 83 2227 ic
98 2181 168 2221 τοῦ
196 2177 469 2239 Βορυσθένους
487 2186 675 2240 ποταμοῦ
695 2186 767 2226 τοῦ
792 2185 848 2234 εἷς
863 2183 930 2228 τὸν
958 2183 1115 2230 Πόντον
1139 2187 1261 2239 ἐξιόν-

52 2263 92 2297 ος
108 2247 150 2290 αἱ
177 2246 310 2306 πηγαὶ
333 2247 598 2309 τυγχάνουσι.
666 2249 753 2304 Τὴν
778 2250 819 2295 δὲ
847 2252 939 2313 περὶ
961 2251 1029 2297 τὸν
1053 2256 1258 2316 Βορυσθέ-

30 2351 32 2355 ,
78 2333 97 2358 ν
113 2314 254 2377 χώραν
279 2320 520 2377 παροικοῦσι
545 2317 649 2377 μετὰ
672 2317 764 2370 τοὺς
791 2318 980 2372 Ἀλανοὺς
999 2323 1035 2366 οἵ
1055 2323 1262 2383 καλούμε-

49 2401 84 2429 οι
104 2383 253 2430 Χουνοὶ
277 2386 312 2430 οἱ
338 2387 378 2430 ἓν
402 2389 452 2448 τῇ
479 2385 677 2449 Εὐρώπῃ.
941 2387 943 2389 ’

30 2469 48 2474 ’
88 2468 145 2498 40.
182 2449 305 2499 ’Έστι
326 2452 367 2498 δὲ
386 2454 432 2499 τὸ
449 2457 578 2514 μῆκος
597 2459 669 2511 τῆς
693 2457 938 2518 Σαρματίας
962 2459 1137 2504 σταδίων
1162 2459 1255 2522 ‘Gis’

28 2520 70 2569 ζὸ
94 2521 135 2566 δὲ
163 2521 318 2574 πλάτος
351 2522 527 2568 σταδίων
564 2525 679 2586 Ιζχν’.
746 2525 870 2587 Ἔχει
898 2527 1012 2590 [δὲ]
1048 2527 1141 2584 ἔθνη
1178 2528 1256 2584 νς·’,

7 2600 9 2619 ⁶
57 2590 162 2642 όλεις
178 2592 403 2652 ἐπισήμους
418 2593 493 2655 νγ’,
515 2594 588 2655 ὅρη
608 2595 792 2655 ἐπίσημα
812 2597 863 2654 θ’,
883 2596 1092 2657 ποταμοὺς
1114 2598 1257 2652 ἐπισή-

6 2131 9 2193 l

7 2722 227 2777 criptum
247 2722 386 2774 fuerit,
412 2723 484 2764 ubi
508 2740 620 2766 nunc
639 2739 648 2766 :
674 2727 787 2781 μέχρι
810 2730 878 2767 τοῦ
899 2728 1123 2783 Καρκινίτου
1146 2745 1265 2770 ποτα·-

7 2801 25 2864 ἱ
58 2786 117 2826 οῦ.
146 2784 245 2838 11-—
273 2785 313 2826 3.
338 2785 483 2842 ἥτις]
507 2788 565 2828 sic
597 2788 673 2842 leg.
708 2803 788 2829 vox
809 2790 852 2830 in
884 2790 996 2840 cod.,
1022 2805 1107 2832 non
1133 2794 1195 2848 τῇ,
1221 2800 1267 2832 ut

8 2848 84 2886 sust
103 2860 169 2900 ap.
194 2846 294 2887 Mill.
318 2847 334 2902 ΙΙ
354 2871 410 2879 -
426 2851 466 2897 4.
493 2847 551 2903 μὴ
571 2849 776 2906 ῥᾳδίως]
795 2850 970 2906 ἣρᾳδίως
987 2852 1140 2903 codex;
1158 2861 1265 2894 eete-

24 2938 27 2942 .
47 2921 119 2948 um
135 2922 265 2963 quum
287 2910 346 2950 sic
368 2910 494 2951 verba
515 2909 602 2966 μὴ..
634 2911 845 2967 ἀνθρώπων
882 2910 1109 2955 admodum
1137 2916 1264 2956 otiosa

30 2971 120 3021 int,
159 2971 357 3012 nonnulla
382 2972 580 3014 excidisse
599 2975 800 3029 suspicor,
818 2975 1015 3017 suadente
1036 2977 1157 3017 etiam
1173 2991 1266 3032 par-

44 3033 148 3074 icula
170 3032 236 3089 μὲν
258 3042 351 3089 post
367 3049 406 3076 v.
435 3034 732 3087 πλησιάζοντος.

12 3084 24 3122 ²?
80 3097 187 3147 539,
217 3095 244 3136 1.
278 3109 343 3137 10.
369 3095 706 3138 οιάστουλαοοᾱ.
727 3098 742 3152 ῃ
765 3111 903 3140 —11.
928 3099 1143 3155 Χρόνου]
1166 3100 1264 3156 Χρι-

48 3171 91 3196 ου
120 3157 214 3199 cod.
253 3158 332 3199 bis.
371 3161 421 3199 In
463 3159 683 3200 Ptolemaeo
718 3159 855 3201 editur
893 3161 1062 3221 Xp6vou3
1094 3163 1265 3204 varietas

22 3219 209 3259 ectionis
231 3232 241 3260 z
262 3219 419 3273 Χρώνου
436 3237 447 3271 ;
470 3222 514 3261 in
529 3220 631 3263 edit.
656 3224 757 3276 Arg.
772 3231 832 3263 est
852 3223 1040 3275 Chroni5;
1070 3224 1265 3266 Chronius

22 3285 42 3318 ιί
55 3281 173 3321 uvius
192 3289 361 3321 vocatur
375 3296 442 3336 ap.
474 3283 742 3325 Ammianum
761 3285 1046 3327 Marcellinum
1063 3287 1202 3338 XXII,
1222 3290 1262 3339 8,

53 3345 94 3384 8.
117 3343 133 3397 Η
154 3366 210 3373 -
228 3355 293 3383 12.
318 3341 453 3382 Ῥούδ
466 3357 556 3383 ωνο
569 3346 613 3399 ς]
629 3345 759 3386 codex
778 3346 841 3387 bis
858 3348 1012 3402 praebet
1035 3347 1262 3401 Ῥουδῶνος,

23 3413 62 3445 t
96 3405 202 3446 linea
240 3408 293 3445 26
331 3402 515 3445 Ῥοῦδων.
552 3407 602 3445 In
639 3407 858 3449 Ptolemaeo
895 3407 1107 3458 Ῥούδωνος
1143 3411 1267 3454 habet

49 3466 120 3508 od.
161 3466 368 3507 Palatinus
392 3481 408 3507 1
445 3466 654 3522 perbonus
682 3476 724 3508 et
757 3470 965 3510 Parisinus
997 3473 1032 3512 E
1054 3486 1122 3527 ap.
1151 3474 1265 3516 Wil-

23 3532 139 3582 'erg.
165 3527 299 3582 (quid
321 3528 364 3570 h.
397 3529 423 3569 l.
450 3527 612 3570 dederit
629 3528 729 3570 edit.
766 3532 866 3583 Arg.
895 3531 1078 3588 nescio),
1105 3533 1147 3573 in
1166 3543 1262 3577 cett.

34 3599 86 3630 ·st
124 3588 352 3639 ‘Pou‘sswv0;.
391 3592 406 3645 Η
429 3615 486 3622 ——
525 3592 590 3631 13.
620 3590 686 3631 τὸν
721 3590 764 3631 οὗ
802 3590 930 3633 ἐλικὸν
960 3592 1079 3649 (sie)
1115 3595 1260 3638 codex.

26 3652 118 3706 1—
141 3652 355 3709 ἐξίασιν]
378 3654 436 3694 sic
461 3655 582 3706 (non
603 3652 741 3706 ἐξίησιν
772 3662 818 3694 ut
845 3656 905 3695 M.
925 3655 1029 3711 ait.)
1063 3656 1210 3700 codex.
1237 3659 1254 3714 ΙΙ

107 3717 171 3763 14.
197 3713 421 3755 Ἰουστούλα
439 3713 534 3755 cod.
561 3715 576 3768 Η
599 3739 657 3746 -
675 3719 739 3756 16.
764 3717 830 3756 τοῦ
846 3714 1002 3770 ῥούντου
1018 3717 1148 3759 codex
1176 3719 1255 3772 bis,

34 3775 176 3816 oeinde
204 3791 302 3818 vero
324 3777 345 3818 ὁ
373 3777 625 3832 Τουρούντης,
657 3785 704 3818 ut
739 3791 806 3832 ap.
831 3778 1112 3822 Ptolemaeum.
1160 3782 1176 3836 Π
1202 3806 1260 3814 --

55 3851 95 3890 7.
128 3837 291 3887 Χεσῦνος
308 3839 352 3880 h.
369 3839 398 3880 l.
423 3838 570 3888 codex,
599 3853 697 3879 mox
717 3853 813 3880 vero
842 3840 1025 3890 Χέσυνον.
1053 3843 1134 3897 Ap.
1159 3844 1256 3884 Pto-

39 3912 121 3940 em.
140 3899 301 3949 Χὲσυνος
319 3901 468 3942 fluvius
498 3909 667 3941 vocatur
685 3902 728 3941 in
750 3901 844 3943 cod.
866 3903 993 3944 Palat.
1018 3917 1056 3944 1.
1078 3912 1119 3944 et
1145 3906 1255 3946 Pari·

31 3963 115 4004 ino
133 3966 201 4016 E.;
224 3966 264 4007 in
291 3966 391 4008 edit.
409 3969 507 4020 Arg.
535 3965 731 4019 Χεσήνους
750 3967 793 4008 in
808 3967 996 4023 plurimis
1018 3969 1192 4021 Χέσινος,
1212 3971 1253 4011 in

42 1525 43 1528 ,
59 1487 101 1532 αὶ
111 1487 404 1553 “Υπερὸόρειος
416 1493 505 1548 ἑξῆς
518 1495 625 1540 ἐστὶν
638 1496 814 1549 ὠκεανὸς
826 1499 1043 1543 συνάπτων
1055 1503 1104 1561 τῇ
1115 1500 1219 1547 “Υπε
1226 1520 1264 1563 ρ·
1311 1524 1314 1528 ’

2482 198 2570 235 559

1343 278 1465 334 hujus
1502 284 1670 334 oceani,
1701 284 1822 347 Juxta
1858 290 2155 342 septentriones
2188 292 2355 347 quidem
2385 294 2570 336 alluentis

1343 374 1492 409 terram
1514 371 1787 425 incognitam,
1814 389 1905 429 quae
1938 376 2163 432 superjacet
2193 363 2384 434 paludem
2412 385 2568 425 Maeoti-

1342 454 1462 506 dem,
1488 457 1690 514 plerisque
1713 461 1931 504 hominum
1954 479 2037 505 non
2069 465 2183 507 facile
2209 469 2440 523 explorata,
2467 486 2570 526 pra:-

1342 545 1480 586 sertim
1508 548 1674 600 quando
1702 552 1944 605 Protagoras
1967 568 2131 610 quoque
2151 556 2375 599 stadiorum
2398 560 2568 602 istorum

1342 646 1562 676 numerum
1601 640 1783 680 omisisse
1821 642 1996 684 videtur.
2077 646 2262 688 Eandem
2303 648 2358 689 ob
2405 664 2566 692 causam

1341 721 1463 762 etiam
1489 724 1529 766 in
1558 724 1656 766 locis
1678 727 1957 772 describendis
1980 734 2179 775 ostiorum
2206 736 2467 779 solummodo
2491 739 2568 780 ssu-

1341 809 1501 850 minum
1526 814 1774 856 mentionem
1799 817 2008 860 faciemus.

1395 898 1462 951 39.
1496 900 1593 939 Post
1610 902 1780 943 Vistulae
1799 905 1911 946 ssuvii
1935 908 2037 947 ostia
2058 918 2289 963 sequuntur
2310 911 2464 952 Chroni
2489 914 2565 954 ssu-

1340 982 1394 1022 vii
1415 985 1540 1035 ostia;
1562 995 1656 1040 post
1684 988 1898 1030 Chronum
1929 992 2099 1033 fluvium
2119 993 2312 1050 deinceps
2333 1005 2428 1038 sunt
2454 999 2566 1039 Rhu-

1338 1066 1456 1108 donis
1478 1070 1590 1111 fluvii
1613 1073 1730 1114 ostia.
1790 1076 1842 1115 Hi
1862 1076 1973 1116 fluvii
2006 1087 2156 1120 exeunt
2180 1081 2223 1121 in
2246 1082 2381 1122 sinum
2413 1084 2567 1124 Vendi-

1338 1167 1454 1205 cum,
1494 1158 1566 1210 qui
1598 1172 1621 1198 a
1651 1160 1812 1200 Vistula
1850 1162 2019 1204 flumine
2051 1165 2208 1220 incipit,
2241 1168 2283 1207 in
2321 1169 2564 1210 immensum

1337 1243 1543 1277 extensus.
1623 1238 1869 1281 Rhudonem
1916 1243 2087 1284 fluvium
2131 1245 2439 1301 subsequuntur
2477 1251 2564 1289 Tu-

1337 1324 1468 1356 runtae
1483 1317 1598 1357 fluvii
1614 1320 1737 1369 ostia;
1754 1321 1986 1362 Turuntam
2004 1324 2176 1366 fluvium
2191 1329 2341 1382 exeipit
2355 1330 2565 1385 Chesynus

1336 1396 1510 1446 fluvius,
1556 1395 1725 1452 ejusque
1769 1401 1886 1441 ostia.
1945 1402 2064 1443 Ultra
2105 1405 2341 1460 Chesynum
2392 1408 2564 1451 fluvium

1335 1477 1526 1532 deinceps
1542 1487 1602 1519 est
1620 1480 1911 1535 Hyperboreus
1925 1491 1966 1523 et
1980 1484 2212 1538 incognitus
2227 1501 2418 1539 oceanus,
2434 1494 2565 1532 conti-

1335 1573 1439 1612 guus
1458 1561 1733 1615 Hyperboreae
1755 1572 1794 1604 et
1812 1564 2028 1619 incognitae
2046 1574 2180 1609 terrae.
2239 1569 2474 1625 Chesynum
2491 1573 2566 1612 ssu-

1336 1642 1449 1682 vium
1479 1643 1669 1684 accolunt
1699 1646 1940 1700 Agathyrsi,
1971 1649 2178 1689 Sarmatiae
2206 1652 2418 1706 Europaeae
2450 1667 2561 1706 gens.

1335 1721 1546 1776 Chesynus
1572 1724 1719 1764 fluvius
1741 1733 1782 1766 et
1795 1727 2002 1768 Turuntcs
2021 1728 2212 1771 defluunt.
2229 1745 2251 1771 e
2272 1733 2481 1773 montibus
2500 1749 2565 1775 su-

1334 1802 1635 1857 perjacentibus
1649 1837 1660 1855 ,
1703 1807 1774 1860 qui
1823 1809 1951 1863 Ripaei
1997 1811 2264 1865 appellantur,
2304 1814 2347 1854 in
2383 1816 2566 1869 partibus

1335 1883 1644 1926 mediterraneis
1676 1887 1783 1928 inter
1806 1890 2042 1931 Maeotidem
2075 1893 2264 1946 paludem
2299 1903 2339 1935 et
2366 1909 2565 1938 oceanum

1335 1943 1602 2006 Sarmaticum
1613 1965 1809 2020 jacentes.
1869 1955 2047 2011 Rhudon
2068 1972 2216 2013 fluvius
2230 1973 2360 2014 fertur
2373 1989 2423 2015 ex
2435 1976 2566 2017 Alano

1334 2054 1474 2087 monte
1487 2062 1499 2096 ;
1525 2057 1709 2089 montem
1727 2058 1866 2090 autem
1884 2059 1924 2091 et
1945 2053 2155 2105 regionem
2174 2053 2280 2095 hanc
2293 2055 2411 2109 longe
2429 2066 2568 2098 exten-

1333 2141 1419 2167 sam
1437 2127 1625 2169 habitant
1643 2129 1762 2169 Alani
1781 2131 2058 2171 Sarmatarum
2082 2147 2200 2185 gens,
2225 2134 2296 2174 ubi
2320 2134 2451 2176 fontes
2473 2146 2567 2177 sunt

1332 2207 1597 2261 Borysthenis
1635 2207 1748 2247 fluvii
1786 2209 1829 2248 in
1865 2211 2044 2250 Pontum
2081 2212 2280 2252 exeuntis.
2341 2201 2572 2267 Regionem*

1333 2290 1440 2329 circa
1472 2289 1767 2343 Borysthenem
1801 2298 1894 2344 post
1929 2290 2079 2332 Alanos
2111 2292 2296 2334 habitant
2327 2294 2463 2335 Chuni
2493 2299 2563 2351 qui

1333 2379 1532 2412 vocantur
1554 2372 1761 2426 Europaei.

1388 2464 1455 2510 4ο.
1489 2462 1562 2501 Est
1581 2468 1717 2502 autem
1734 2462 1943 2502 Sarmatiae
1957 2461 2171 2516 longitudo
2189 2463 2414 2506 stadiorum
2436 2481 2558 2521 7700,

1330 2529 1503 2570 latitudo
1543 2529 1774 2570 stadiorum
1806 2529 1928 2584 7650.
1989 2533 2141 2573 Gentes
2175 2532 2298 2574 habet
2332 2534 2400 2584 56,
2437 2535 2560 2576 urbes

1330 2598 1508 2651 insignes
1535 2597 1601 2647 53,
1640 2605 1800 2638 montes
1834 2598 2011 2652 insignes
2045 2615 2086 2653 9,
2124 2601 2271 2641 fluvios
2309 2602 2486 2656 insignes
2516 2607 2558 2654 4,

1333 2729 1549 2769 nonnullis
1563 2729 1753 2782 Χέρσινος.
1779 2729 1794 2782 Η
1814 2752 1870 2760 -
1890 2742 1953 2782 19.
1969 2728 2188 2784 ὓπερὸόριος
2206 2729 2300 2771 cod.
2326 2731 2341 2784 ΙΙ
2364 2754 2421 2762 —-
2439 2745 2507 2772 21.
2525 2732 2562 2772 οἱ

1338 2789 1542 2845 Ἀγαφοσοὶ
1567 2789 1719 2839 codex;
1741 2789 1872 2830 scriba
1893 2804 2034 2844 apogr.
2058 2792 2157 2832 Vat.
2173 2791 2268 2845 legit
2284 2792 2321 2832 οἱ
2342 2791 2556 2847 Ἀγαθοσοί.

1331 2852 1555 2893 Hudsonus
1571 2851 1700 2892 voluit
1723 2850 1943 2906 Ἀγαθυρσοὶ
1961 2866 2010 2893 ex
2029 2852 2274 2904 Ptolemaeo;
2298 2863 2408 2895 recte
2424 2856 2559 2910 quoad

1331 2913 1546 2968 populum,
1572 2927 1656 2953 non
1690 2913 1812 2963 item,
1834 2921 1961 2967 puto,
1986 2912 2123 2968 quoad
2154 2913 2329 2956 sormam
2359 2918 2557 2967 nomini53

1331 2990 1427 3016 nam
1445 2975 1706 3031 ap.‘Ptolem.
1733 2973 1864 3016 codex
1883 2974 1982 3016 edit.
2007 2979 2106 3030 Arg.
2129 2985 2169 3017 et
2202 2977 2328 3017 Palat.
2366 2991 2402 3018 1.
2426 2979 2560 3032 (quos

1331 3038 1530 3079 Marciani
1563 3037 1830 3079 Ptolemaeum
1858 3038 2089 3093 exprimere
2111 3038 2301 3078 novimus
2321 3038 2333 3093 )
2360 3052 2455 3079 cum
2471 3040 2558 3080 aliis

1333 3100 1497 3141 duobus
1505 3100 1698 3141 Parisinis
1711 3098 1924 3140 codicibus
1933 3099 2115 3154 praebent
2129 3098 2372 3155 Ἀγαθοῦρσοι
2389 3099 2439 3157 (l.
2450 3100 2558 3156 Ἀγα-

1334 3162 1543 3218 θουρσοί);
1575 3160 1724 3201 deinde
1751 3175 1848 3201 vero
1885 3161 1941 3202 ita
1969 3160 2198 3215 Stephanus
2230 3162 2327 3215 Byz.
2368 3174 2379 3202 ε
2415 3161 2558 3218 Σιαγα-

1334 3223 1505 3280 θουργοὶ,
1528 3222 1635 3270 ἔθνος
1655 3222 1740 3277 περὶ
1758 3218 1800 3261 οὗ
1815 3237 1907 3276 φησι
1919 3221 2137 3277 Μαρκιανὸς
2153 3221 2191 3263 ἐν
2206 3221 2385 3278 Περίπλῳ
2403 3222 2557 3279 Σαρμα-

1332 3286 1427 3335 τίας,
1464 3286 1506 3325 in
1551 3284 1701 3338 quibus
1733 3282 1961 3338 Stephanus
1990 3283 2132 3323 vitiato
2158 3282 2220 3323 vel
2255 3283 2359 3323 male
2394 3294 2559 3326 exarato

1333 3347 1473 3388 codice
1504 3360 1601 3387 usus
1636 3344 1911 3400 εἰαγαθουργοὶ
1944 3344 2038 3398 legit
2066 3359 2143 3400 pro
2179 3344 2216 3385 οἱ
2248 3343 2496 3400 ἀγαθουρσοὶ.
2537 3348 2551 3400 Η

1330 3434 1386 3441 —
1406 3412 1473 3458 24.
1517 3406 1648 3449 Ῥίπεα
1680 3407 1791 3458 eod.;
1830 3421 1909 3447 em.
1943 3406 2060 3447 editt.
2086 3407 2127 3447 in
2163 3404 2340 3458 Ῥίπαια,
2362 3416 2409 3448 ut
2438 3408 2556 3462 vulgo

1332 3486 1398 3526 ap.
1436 3470 1559 3520 Ptol„
1598 3470 1669 3510 ubi
1704 3468 1804 3510 edit.
1839 3471 1940 3522 Arg.
1975 3477 2016 3509 et
2048 3467 2142 3509 cod.
2185 3468 2271 3510 Pal.
2306 3482 2344 3509 1.
2393 3467 2553 3519 Ῥείπαι,

1338 3531 1469 3574 Ῥειπα
1488 3533 1504 3585 <
1521 3533 1578 3572 sie
1594 3535 1630 3583 );
1659 3529 1831 3571 Ῥεῐπαια
1855 3529 1949 3571 cod.
1969 3530 2098 3571 Paris.
2116 3532 2169 3571 D.
2196 3530 2212 3584 11
2234 3554 2291 3562 —
2307 3534 2377 3572 26.
2403 3529 2557 3571 Ἀλάνου

1330 3594 1442 3645 cod„
1459 3602 1601 3649 postea
1629 3592 1808 3642 Ἀλανῶν,
1838 3591 2026 3639 Ἀλανοῦς.
2045 3591 2222 3633 Ἀλαῦνον
2239 3592 2326 3647 ὄρος
2347 3593 2364 3647 (
2380 3590 2555 3634 Ἀλαυνόν

1331 3658 1480 3698 rectius
1505 3655 1599 3696 cod.
1625 3657 1718 3696 Par.
1746 3656 1832 3708 A.)
1856 3663 1897 3695 et
1923 3653 2095 3696 Ἀλαυνοί
2114 3654 2221 3703 ἔθνος
2250 3654 2441 3704 Ptolem„
2470 3656 2556 3695 sine

1328 3720 1512 3762 lectionis
1526 3719 1732 3769 varietate,
1743 3726 1790 3758 ut
1805 3717 1982 3760 videtur.
2000 3721 2054 3760 At
2067 3717 2232 3770 Ἀλανδς,
2246 3719 2331 3774 ὅρος
2341 3718 2555 3772 Σαρματίας

1328 3783 1449 3823 habet
1463 3781 1691 3836 Stephanus
1715 3781 1732 3833 (
1752 3795 1800 3820 ex
1823 3780 2107 3835 Marciano?).
2137 3781 2152 3835 ss
2177 3804 2231 3812 —
2248 3781 2314 3820 32.
2340 3778 2515 3819 Χουνοὶ
2534 3780 2549 3834 ]

1327 3845 1467 3886 Χοῦνοι
1489 3845 1531 3884 in
1554 3842 1659 3884 Ptol.
1683 3841 1834 3883 editur.
1886 3895 1888 3897 ‚
2489 3903 2493 3906 .

1383 3910 1405 3960 §
1424 3911 1493 3949 40.
1507 3905 1645 3946 Verba
1664 3903 1932 3959 ἀκρωτήρια...
1951 3905 2115 3952 κόλπους
2135 3903 2338 3959 ἐπισήμους
2365 3902 2402 3943 δ’
2421 3902 2554 3944 scriba

1328 3968 1480 4010 codicis
1504 3967 1564 4008 bis
1586 3966 1713 4019 dedit,
1742 3966 1892 4008 deinde
1914 3966 2017 4007 male
2033 3967 2202 4022 repetita
2218 3965 2432 4021 expunxit.
