2808 4342
419 26 424 31 .
487 25 536 78 ·
797 71 800 74 ‚

702 109 745 151 0

176 215 265 256 282
521 255 566 296 ·

175 289 652 367 ἅντιιιαταλλασσόμενοι
683 303 756 350 καὶ
788 301 968 361 σώματα
1002 296 1164 355 θηλυκὰ
1196 296 1265 344 διὰ
1301 297 1414 345 σπά-

174 396 236 425 νιν
269 380 357 424 ἐκεῖ
373 379 685 439 προχωροῦντα,
708 369 895 435 χελώνην
936 366 1269 430 ἅντῐφθρῖἶζθντθ
1302 367 1416 414 πλε(-

179 464 297 503 στην·
320 449 391 491 νῦν
415 444 458 491 δὲ
482 442 563 489 ὑπὸ
589 444 669 487 τῶν
691 435 895 501 βασιλέων
917 439 944 491 ἡ
964 437 1086 492 νῆσος
1102 434 1414 496 ἐκμεμίσθωται

174 514 247 561 καὶ
266 511 654 578 παραφυλάσσεται.

130 583 172 646 s]
234 599 295 631 n.
332 580 454 630 Μετὰ
477 580 519 624 δὲ
551 578 619 623 τὸν
647 574 835 637 Σύαγρον
858 573 1010 625 κόλπος
1033 572 1119 618 ἐστὶ
1145 571 1327 637 συναφὴς
1346 572 1415 619 ἐπὶ

176 650 299 714 βάθος
317 647 489 695 ἐνδύνων
511 648 567 696 εἰς
584 643 659 699 τὴν
678 642 870 704 ἤπειρον,
888 637 1079 702 ''Op-uve,
1095 641 1283 695 σταδίους
1306 640 1414 704 ἔχων

173 716 406 773 ἑξακοσίους
423 714 470 759 τὸ
489 711 729 775 διαπέραμα
753 746 767 769 ,
791 710 864 758 καὶ
901 710 992 772 μετ’
1026 710 1150 757 αὐτὸν
1173 710 1315 776 ὑψηλὰ
1338 710 1413 775 ὄρη

169 786 358 848 πετρώδη
385 781 458 829 καὶ
480 781 677 828 ἀπόκοπα
706 779 933 843 ἀνθρώπων
956 782 998 827 ἕν
1031 779 1250 837 σπηλαίοις
1267 797 1414 826 κατοι-

169 854 376 909 κούντων,
412 850 479 898 ἐπὶ
498 851 689 904 σταδίους
710 850 859 903 ἄλλους
881 849 1178 902 πεντακοσίους
1192 884 1205 908 ,
1227 849 1301 895 καὶ
1325 850 1416 909 μετ’

112 938 152 969 ιο
170 922 317 975 αὖτοὺς
340 920 465 984 ὅρμος
502 919 842 983 ἀποδεδειγμένος
871 924 942 967 τοῦ
973 918 1219 981 Σαχαλίτου
1242 917 1415 965 λιὸἄνου

168 992 270 1056 πρὸς
292 989 505 1052 ἐμὸολὴν,
541 988 695 1052 Μόσχα
727 988 855 1051 λιμὴν
893 988 1132 1050 λεγόμενος,
1164 990 1222 1041 εἷς
1246 987 1298 1046 ἣν
1334 988 1416 1034 ἀπὸ

170 1064 313 1119 Κανῆς
334 1059 518 1117 συνήθως
533 1061 660 1106 πλοῖα
673 1057 886 1119 πέμπεταί
903 1077 1012 1115 τινα,
1032 1057 1104 1104 καὶ
1115 1057 1412 1122 παραπλέοντα

171 1132 254 1178 ἀπὸ
286 1134 522 1194 Διμυρικῆς
547 1131 574 1186 ἢ
611 1128 862 1193 Βαρυγᾶζων
899 1128 1053 1192 ὀψινοῖς
1081 1134 1239 1192 καιροῖς
1270 1146 1412 1191 παρα-

168 1200 432 1263 χειμάσαντα
452 1197 567 1262 παρὰ
584 1201 668 1245 τῶν
686 1199 913 1262 βασιλικῶν
929 1197 1031 1261 πρὸς
1046 1197 1200 1244 ὀθόνιον
1218 1197 1287 1243 καὶ
1304 1203 1416 1244 σῖτον

110 1287 149 1318 ts
167 1270 239 1317 καὶ
263 1269 400 1316 ἔλαιον
433 1268 602 1316 λίὸανον
625 1268 951 1333 ἀντιφορτίζουσι
973 1267 1072 1330 παρ’
1097 1266 1190 1314 ὅλον
1224 1266 1293 1313 τὸν
1323 1269 1417 1314 Σα-

169 1339 349 1402 χαλίτην
363 1338 537 1401 χώμασι
553 1337 739 1399 κείμενον
759 1337 831 1383 καὶ
846 1336 1081 1400 ἀφύλακτον
1095 1372 1108 1393 ,
1127 1335 1298 1396 δυνάμει
1316 1338 1417 1382 Θεῶν

170 1407 250 1454 τινὶ
273 1412 416 1454 τοῦτον
451 1406 523 1453 τὸν
553 1406 680 1453 τόπον
716 1406 1037 1470 ἔπιτηρούντων·
1062 1404 1155 1451 οὔτε
1181 1404 1262 1468 γὰρ
1284 1404 1417 1467 λάθρα

172 1476 265 1524 οὔτε
295 1479 480 1541 φανερῶς
499 1477 626 1540 χωρὶς
653 1478 873 1538 βασιλικῆς
910 1476 1072 1528 δώσεως
1095 1476 1152 1528 εἰς
1173 1476 1314 1521 πλοῖον
1338 1476 1415 1535 ἐμ·

170 1547 374 1604 ὅληθῆναι
392 1546 588 1593 δύναται·
621 1545 698 1592 κᾶν
731 1546 901 1608 χόνδρον
944 1563 1004 1597 τις
1032 1544 1138 1607 ἄρῃ,
1162 1546 1208 1590 οὗ
1240 1543 1411 1590 δύναται

106 1632 150 1663 20
177 1617 356 1663 πλεῦσαι
373 1615 421 1661 τὸ
439 1616 581 1661 πλοῖον
604 1614 686 1660 ἀπὸ
707 1614 817 1676 [τοῦ]
835 1613 1013 1674 λιμένος.

167 1781 287 1838 τὴν]
310 1781 362 1831 εἰς
392 1781 507 1830 αὖτὰς
533 1781 629 1822 cod.
653 1782 670 1836 ΙΙ
689 1805 745 1813 -
768 1782 808 1822 3.
831 1786 926 1822 τῶν
952 1782 1056 1836 βασ.
1077 1782 1093 1837 ]
1116 1783 1185 1822 τοῦ
1208 1780 1420 1836 βασιλέωςῗ

223 1847 248 1898 S
266 1849 336 1895 32,
359 1844 387 1885 Ι.
408 1844 448 1885 5.
474 1843 673 1891 κόλπος.
690 1875 698 1883 .
727 1842 1175 1899 Ὀμανα]1οἀἰοειιιιι·
1193 1843 1307 1883 sinus
1326 1857 1421 1898 pro-

168 1906 340 1958 fundus,
356 1920 505 1963 parum
522 1906 659 1947 adhue
669 1906 920 1961 exploratus,
936 1908 978 1947 in
995 1907 1154 1962 mappis
1174 1906 1343 1947 nomine
1354 1920 1421 1947 ca-

168 1984 290 2023 rens,
317 1983 342 2011 a
366 1970 657 2025 promontorio
678 1968 838 2010 Farmk
865 1982 940 2024 per
972 1976 1187 2010 sexcentos
1219 1967 1351 2010 stadia
1382 1976 1422 2010 et

167 2031 489 2088 paulloamplius
503 2032 713 2088 pertinens
729 2044 860 2086 usque
874 2030 925 2071 ad
937 2045 1072 2086 prom.
1084 2030 1284 2072 Tharbat.
1303 2031 1422 2072 Cete-

167 2108 265 2136 rum
276 2093 435 2150 Ὀμανα
444 2094 559 2135 sinus
570 2093 834 2148 regionisque
842 2107 993 2134 nomen
1006 2093 1178 2134 minime
1189 2092 1365 2149 quadrat
1381 2094 1422 2134 in

167 2155 271 2199 fines
287 2155 479 2199 hodierni
498 2158 645 2205 Oman,
656 2154 774 2211 cujus
785 2155 881 2196 litus
895 2170 919 2196 a
932 2169 1013 2212 cap
1027 2155 1289 2197 Mussendom
1304 2156 1424 2211 vulgo

167 2218 325 2261 dicitur
334 2219 541 2275 pertinere
557 2231 688 2273 usque
702 2216 755 2258 ad
767 2220 853 2260 Rus
863 2217 902 2258 el
911 2216 1027 2267 Eud,
1042 2217 1121 2268 vel,
1142 2218 1204 2258 uti
1216 2218 1423 2259 Wellsted

170 2283 244 2332 ait,
262 2295 395 2336 usque
412 2279 465 2322 ad
477 2283 667 2322 Massera
687 2281 764 2320 ins.
790 2279 804 2335 (
825 2277 1033 2335 Serapidis
1045 2279 1124 2320 ins.
1150 2280 1195 2321 in
1215 2280 1365 2336 Peripl.
1387 2281 1418 2337 ).

175 2345 309 2399 11-7.
327 2345 412 2400 ὄρη
430 2342 657 2386 ἂπόκοπα
672 2375 680 2384 .
696 2375 705 2383 .
734 2341 811 2384 ἐπὶ
833 2342 970 2384 σταδ.
989 2342 1224 2398 πεντηκ.]
1240 2344 1423 2386 Orahaec

169 2415 378 2462 praerupta
396 2407 576 2462 pertinet
594 2420 618 2447 a
632 2419 771 2462 prom.
795 2404 982 2446 Tharbat
994 2404 1046 2446 ad
1061 2419 1199 2462 prom.
1219 2409 1336 2459 Seger
1350 2421 1423 2448 seu

169 2470 302 2522 Sayr(
323 2468 432 2511 3000
448 2467 576 2524 pedes
597 2466 754 2523 altum)
776 2466 840 2508 vel
862 2466 916 2508 ad
942 2480 1080 2523 prom.
1104 2467 1270 2509 Ahmar
1290 2469 1307 2521 (
1331 2469 1358 2509 i.
1381 2483 1418 2510 0.

170 2529 347 2571 rubrum
370 2532 414 2584 );
440 2529 492 2571 ad
521 2529 622 2572 illud
647 2530 743 2581 500,
764 2528 816 2570 ad
849 2528 931 2570 1ιοο
952 2533 1033 2572 600
1051 2528 1183 2571 stadia
1203 2538 1417 2586 putantur.

173 2591 336 2633 Deinde
352 2605 427 2648 per
446 2593 527 2635 300
540 2591 673 2634 stadia
692 2592 881 2648 sequitur
898 2605 974 2634 ora
985 2591 1155 2634 humilis
1171 2591 1397 2649 fertilisque
1406 2610 1419 2646 ;

171 2668 219 2695 ea
240 2656 354 2709 regio
374 2662 544 2696 vocatur
570 2654 710 2710 Dofar
730 2654 794 2696 vel
810 2654 951 2710 Zasar
966 2655 1018 2697 ab
1043 2655 1148 2697 urbe
1168 2669 1281 2697 nunc
1303 2655 1421 2697 diru-

173 2724 239 2766 ta,
263 2716 362 2757 olim
382 2716 619 2768 clarissima,
644 2715 763 2772 cujus
781 2717 914 2758 ruinae
932 2725 1031 2759 sunt
1054 2717 1162 2759 inter
1178 2716 1265 2759 loca
1287 2717 1420 2759 Alka-

162 2777 248 2831 sali
273 2785 314 2819 et
347 2778 609 2829 Addahariz,
642 2778 694 2820 ad
722 2780 847 2821 maris
878 2793 1102 2831 recessum,
1123 2780 1195 2835 qui
1220 2780 1421 2836 pristinus

173 2840 290 2882 urbis
311 2849 457 2896 portus
476 2841 600 2882 fuisse
619 2840 758 2883 debet.
780 2842 936 2883 Ceteris
957 2843 1189 2884 accuratius
1206 2842 1320 2884 hunc
1337 2851 1420 2885 tra-

173 2910 288 2944 ctum
304 2901 520 2958 descripsit
534 2903 583 2944 C.
600 2904 635 2943 1.
654 2902 928 2953 Cruttenden,
940 2903 1037 2945 [nd.
1059 2919 1181 2958 navy,
1192 2905 1368 2959 journal
1377 2906 1427 2958 of

171 2978 231 3007 an
261 2964 477 3007 exem-sion
492 2963 611 3018 from
641 2965 831 3006 Mor-ebat
859 2966 1089 3023 (Μινύαι)
1126 2975 1168 3007 eo
1196 2970 1347 3022 Dyreez
1378 2968 1421 3009 in

175 3026 444 3078 Proeeedings
462 3025 589 3081 ofehe
617 3026 760 3068 Bomb.
792 3041 835 3078 χ.
857 3041 941 3068 soc.
964 3028 1070 3082 1837
1088 3042 1131 3083 p.
1165 3042 1219 3082 70
1240 3042 1331 3083 sqq.
1353 3029 1415 3070 Cf.

174 3089 310 3132 Ritter
326 3091 424 3140 ΧΠ,
445 3104 489 3146 p.
515 3089 613 3132 300.
637 3089 796 3131 Urbem
817 3088 957 3144 Zasar
977 3104 1011 3132 s.
1028 3090 1191 3147 Saphar
1210 3090 1385 3147 (Σαπφὰρ
1406 3092 1418 3148 )

173 3145 212 3192 s.'
242 3150 403 3205 Tleqsm·
434 3165 468 3192 s.
502 3149 643 3205 Dosar-
657 3164 905 3192 memorasse
928 3149 1015 3206 jam
1035 3153 1221 3208 Moysem
1254 3162 1419 3194 censent

175 3214 211 3263 1,
237 3226 303 3264 10,
321 3214 390 3264 30,
414 3226 500 3269 quo
522 3212 614 3255 loco
638 3213 801 3255 Joctani
822 3212 928 3256 filios
952 3213 1138 3256 babitare
1155 3213 1257 3255 dicit
1278 3214 1375 3256 inde
1396 3230 1418 3257 a

176 3277 295 3317 Mesa
314 3277 481 3330 (Musa,
504 3274 656 3317 Muza?
674 3277 692 3331 )
708 3288 840 3331 usque
857 3274 910 3317 ad
928 3276 1084 3334 Seplmr
1091 3291 1222 3334 prope
1247 3286 1419 3319 montem

176 3351 318 3379 ‘tm-sus
339 3337 547 3379 orientem.
573 3339 635 3379 Ac
649 3351 747 3379 sane
764 3338 934 3394 stirpem
958 3337 1270 3394 Himjaritarum
1290 3353 1420 3395 usque

178 3400 220 3440 in
244 3399 317 3441 has
346 3401 534 3455 regiones
576 3399 675 3442 olim
708 3401 972 3456 pertinuisse,
1008 3414 1094 3458 quo
1117 3402 1244 3457 magis
1278 3403 1419 3444 ruinas

176 3460 345 3503 urbium
378 3470 418 3504 et
439 3462 727 3519 inscriptiones
748 3471 1002 3515 scrutantur,
1034 3471 1151 3506 tanto
1169 3470 1280 3520 patet
1301 3464 1418 3506 lucu-

177 3521 340 3564 lentius.
374 3525 467 3565 Huc
498 3524 657 3567 accedit
681 3524 795 3580 quod
820 3526 977 3582 Saphar
1000 3526 1145 3568 urbem
1169 3526 1416 3569 maritimam

177 3596 323 3639 regum
340 3585 478 3626 sedem
494 3587 821 3643 antiquissimam
850 3587 988 3641 fuisse,
1010 3604 1058 3631 ac
1072 3597 1214 3647 postea
1227 3588 1415 3642 demum,

176 3642 320 3687 divisis
350 3646 661 3701 Himjaritarum
681 3650 941 3702 nationibus,
979 3651 1147 3694 alteram
1176 3651 1334 3709 Saphar
1355 3665 1419 3695 re-

179 3706 287 3763 giam
310 3707 354 3749 in
383 3708 646 3751 occidentalis
682 3712 845 3754 Arabiae
875 3713 1185 3757 mediterraneis
1205 3728 1292 3758 esse
1310 3722 1418 3757 stru-

179 3775 288 3811 ctam
315 3768 441 3812 refert
458 3771 593 3813 saeculi
622 3771 771 3814 decimi
796 3775 974 3831 scriptor
1001 3776 1181 3819 Masudi.
1222 3777 1417 3820 Isztachri

179 3831 436 3888 geographus
458 3833 622 3894 Saphar
649 3849 801 3876 nomen
822 3851 906 3878 non
943 3847 1168 3892 memorat,
1189 3839 1262 3883 sed
1297 3849 1420 3898 caput

179 3892 304 3950 buJus
318 3902 472 3937 tractus
489 3894 647 3937 Sclualer
658 3905 790 3947 vocat,
804 3901 1094 3953 cognominem
1109 3902 1254 3945 urbem
1270 3902 1423 3946 faciens

181 3955 356 4009 regioni.
373 3957 386 4011 (
400 3956 465 3999 Cf.
483 3971 606 4014 supra
621 3961 645 4013 S
660 3964 758 4014 29.)
776 3960 895 4002 Plura
911 3961 963 4004 ‹lc
978 3978 1023 4005 ea
1036 3973 1185 4019 przrter
1198 3965 1299 4008 alios
1318 3980 1422 4023 pra·-

181 4013 252 4057 bet
272 4017 533 4062 Ebu-Baium
562 4034 606 4076 p.
644 4022 711 4064 53.
739 4021 876 4065 Edrisi
897 4032 938 4065 et
961 4025 1162 4069 Abutsoda
1186 4028 1424 4071 mediterra-

961 198 1250 248 moam
1283 197 1597 275 (santam,
1633 201 1719 251 m·
1750 204 2016 265 reama)

1484 3354 1608 3383 oram
1652 3339 1804 3383 deferri
1853 3350 2034 3397 possent.
2083 3343 2099 3398 ΙΙ
2136 3366 2172 3375 -

2564 208 2634 262 (ιε,
2648 204 2720 269 ¹⁹·)

1482 309 1691 367 mancipia
1706 310 1949 364 muliebria,
1969 326 2062 369 quae
2074 327 2206 369 quum
2227 314 2387 355 rariora
2406 312 2462 354 ibi
2485 312 2584 364 sint,
2605 312 2730 360 facite

1482 376 1738 428 venduntur,
1762 379 2054 435 pei-mutabant
2071 394 2169 423 cum
2200 379 2411 423 testudine
2442 394 2524 436 qua
2542 380 2725 437 plurim
2743 402 2757 433 f

1482 457 1607 487 naves
1631 458 1726 488 suas
1740 446 1993 499 onerabant;
2010 462 2125 492 nunc
2144 462 2244 491 vero
2260 462 2285 491 a
2306 448 2471 504 regibus
2488 449 2620 491 insula
2636 449 2725 493 210⁴
2745 447 2771 484 S

1483 519 1573 555 cata
1593 519 1655 555 est
1671 521 1713 555 et
1730 513 1924 570 praesidio
1943 515 2190 560 custoditur.

1540 581 1609 623 32.
1641 582 1740 624 Post
1754 584 1953 640 Syagrum
1968 574 2198 628 continuuo
2211 586 2401 642 sequitur
2418 587 2532 628 sinus
2546 588 2722 638 ,Omana

1484 654 1528 694 in
1549 656 1831 698 continentem
1845 655 2054 713 profunde
2067 665 2286 714 penetrans
2299 689 2311 709 ,
2331 657 2549 714 trajectum
2570 659 2726 702 habens

1483 720 1713 766 stadiorum
1731 732 2035 776 sexcentorum,
2052 733 2094 767 et
2108 733 2203 782 post
2222 739 2318 768 eum
2334 725 2402 767 alti
2419 735 2579 768 montes
2593 730 2727 771 saxosi
2795 732 2808 739 '⁷

1484 797 1527 831 et
1535 792 1734 848 praerupti
1754 788 1974 834 hominum
1990 793 2033 834 in
2044 792 2249 849 speluncis
2259 792 2551 845 habitantium,
2568 794 2729 850 peralia

1483 859 1735 913 pertinentes
1745 858 2123 915 stadiaquingenta,
2138 869 2180 902 et
2193 870 2287 917 post
2298 862 2374 903 hos
2385 871 2529 918 portus
2539 861 2730 918 designa·
2769 870 2771 873 ’
2804 854 2808 858 ’

1485 932 1553 966 tus
1571 925 1624 967 ad
1639 924 1938 982 deponendum
1957 925 2053 968 thus
2067 925 2381 981 Sachalitieum5
2400 930 2569 972 Moscha
2584 938 2730 987 portus
2792 923 2808 942 ³

1486 992 1657 1045 dicitur,
1682 994 1725 1035 in
1748 1008 1874 1050 quem
1893 1009 1917 1037 a
1939 995 2052 1037 Cane
2070 1010 2194 1037 naves
2216 998 2424 1041 nonnulloe
2439 1000 2548 1042 mitti
2570 999 2726 1052 solent3

1486 1070 1527 1103 et
1543 1062 1616 1117 qui
1635 1076 1659 1103 a
1678 1062 1887 1118 Limyrice
1909 1070 1950 1104 et
1981 1063 2197 1118 Barygazis
2226 1067 2612 1122 preternavigantes
2641 1082 2730 1110 sera
2799 1070 2808 1074 ’

1488 1132 1587 1174 anni
1608 1139 1849 1188 tempestate
1872 1131 2053 1173 hiemem
2082 1130 2138 1173 ibi
2158 1131 2403 1186 traducunt,
2428 1149 2454 1177 a
2485 1137 2607 1192 regiis
2628 1151 2732 1194 prae-

1488 1199 1604 1242 sectis
1624 1214 1702 1256 pro
1727 1199 1902 1241 othonio
1923 1207 1965 1241 et
1993 1198 2205 1241 frumento
2241 1208 2282 1241 et
2320 1201 2413 1243 oleo
2443 1201 2578 1245 thuris
2604 1218 2732 1248 onera

1488 1277 1637 1310 mutuo
1668 1269 1902 1324 recipiunt;
1927 1268 2023 1310 thus
2049 1282 2148 1310 vero
2177 1267 2296 1324 juxta
2330 1277 2466 1311 totum
2500 1270 2729 1316 Sachaliten

1490 1337 1668 1379 cumulis
1684 1335 1794 1393 jacet
1812 1351 1836 1378 a
1863 1337 2030 1378 nemine
2048 1335 2264 1379 custoditis
2277 1368 2290 1388 ,
2320 1336 2514 1394 prasidio
2532 1353 2610 1381 suo
2627 1353 2733 1396 qno·

1489 1405 1585 1447 dam
1615 1406 1714 1462 ipsis
1739 1404 1820 1447 diis
1848 1405 1987 1447 locum
2015 1405 2130 1447 bunc
2160 1405 2415 1457 tutantibus3
2449 1420 2587 1463 neque
2620 1409 2733 1451 enim

1487 1473 1744 1517 clandestino
1767 1488 1902 1530 neque
1922 1473 2136 1530 propalam
2155 1473 2313 1530 absque
2330 1474 2438 1529 regis
2458 1476 2578 1517 venia
2598 1476 2643 1517 in
2661 1490 2735 1518 na·

1488 1558 1581 1584 vem
1598 1544 1813 1599 importari
1832 1551 1993 1599 potest3
2013 1558 2062 1585 ac
2079 1544 2111 1584 si
2126 1542 2187 1584 vel
2201 1557 2375 1597 granum
2393 1543 2541 1600 aliquis
2559 1545 2731 1588 sustule-
2805 1549 2808 1552 ’

1489 1613 1567 1663 rit,
1592 1626 1616 1653 e
1635 1619 1762 1668 portu
1777 1611 1935 1653 solvere
1954 1611 2069 1653 navis
2091 1612 2248 1667 nequit.
2802 1609 2808 1622 ⁴

1493 1794 1581 1821 neae
1614 1787 1656 1821 et
1686 1779 1904 1821 maritimae
1937 1778 2053 1820 urbis
2094 1780 2336 1821 memoriam
2362 1779 2640 1822 confundunt.
2674 1783 2737 1823 De
2801 1789 2808 1836 ξ

1495 1841 1558 1882 bis
1585 1849 1630 1882 tu
1650 1840 1718 1883 adi
1748 1841 1952 1883 Ritterum
1971 1842 2069 1891 xn,
2094 1855 2135 1897 p.
2157 1843 2237 1883 252
2258 1856 2349 1898 sqq.
2384 1846 2481 1896 294.
2513 1845 2607 1886 650.
2635 1846 2731 1898 728.
2803 1867 2808 1896 1

1495 1917 1601 1958 770,
1627 1904 1767 1959 ibique
1788 1902 1991 1946 laudatos.
2030 1906 2118 1958 Ego
2149 1912 2196 1946 ut
2227 1903 2277 1946 ad
2307 1905 2513 1960 Periplum
2538 1915 2733 1958 revertar,
2805 1898 2808 1921 ³

1495 1967 1639 2022 Μόσχα
1658 1966 1821 2018 urbem,
1845 1981 1970 2022 quam
1993 1967 2236 2009 Ptolemaeus
2256 1982 2423 2023 quoque
2450 1967 2587 2020 habet,
2606 1983 2656 2011 ex
2675 1984 2736 2012 se·

1495 2030 1555 2071 rie
1576 2030 1829 2086 periegcseos
1852 2044 1936 2070 non
1967 2044 2086 2086 posse
2107 2044 2256 2071 moneo
2274 2029 2480 2072 diversam
2509 2044 2596 2072 esse
2620 2046 2643 2073 a
2661 2035 2734 2074 Sa·

1492 2092 1604 2148 phar
1646 2092 1764 2133 urbe.
1799 2092 1964 2133 Mireris
2003 2100 2139 2133 autem
2184 2092 2500 2148 discrepantiam
2538 2095 2733 2147 nominis,

1495 2153 1610 2209 quod
1628 2168 1712 2195 non
1724 2154 1888 2211 Saphar
1900 2162 2035 2205 sonat,
2047 2154 2119 2195 sed
2132 2153 2232 2196 hod.
2255 2157 2458 2205 Mascaee,
2475 2154 2590 2211 quod
2605 2158 2736 2199 Omtm

1496 2217 1674 2270 regionis
1698 2224 1822 2272 eaput
1849 2224 1924 2257 oet.
1947 2217 2046 2257 Haec
2068 2216 2168 2257 urbs
2190 2230 2322 2271 quum
2343 2217 2386 2258 in
2401 2230 2515 2274 seqq.
2542 2232 2619 2261 suo
2645 2218 2737 2262 loco

1496 2293 1580 2319 non
1607 2285 1879 2329 memoretur,
1905 2292 1980 2319 nec
2003 2286 2143 2319 tamen
2181 2278 2362 2332 ignorari
2392 2277 2510 2321 facile
2535 2283 2732 2337 potuerit,

1496 2340 1687 2396 proclivis
1713 2340 1950 2396 conjectura
1968 2349 2030 2382 est
2060 2354 2212 2382 nomen
2232 2340 2320 2396 ejus
2341 2354 2557 2398 perperam
2581 2342 2637 2386 ad
2662 2345 2736 2387 Sa·

1494 2404 1600 2459 phar
1621 2418 1708 2445 esse
1729 2403 1971 2445 translatum
1993 2402 2140 2444 eodem
2160 2418 2302 2445 errore
2319 2417 2405 2459 quo
2425 2406 2557 2446 Omma
2574 2405 2616 2447 iu
2630 2405 2740 2449 haue

1494 2480 1611 2507 oram
1630 2464 1867 2507 deducitur.
1888 2466 2034 2520 Neque
2057 2466 2193 2519 magni
2212 2466 2410 2507 momenti
2425 2474 2487 2508 est
2507 2466 2622 2523 quod
2642 2469 2738 2512 Pto-

1494 2527 1660 2570 lemaeus
1675 2529 1718 2569 in
1737 2527 1899 2583 reliquo
1917 2527 2106 2569 dissensu
2121 2527 2173 2568 de
2185 2529 2266 2570 situ
2284 2528 2465 2571 Moscbae
2482 2538 2629 2586 portus
2640 2545 2737 2574 cum
2806 2571 2808 2574 .

1492 2592 1646 2633 Nostro
1653 2591 1871 2633 consentit.
1884 2591 2017 2633 Causa
2028 2590 2245 2632 turbarum
2257 2591 2301 2632 in
2311 2590 2606 2646 eoquaerenda,
2619 2593 2734 2649 quod
2806 2611 2808 2613 ¹

1492 2653 1663 2695 Moscha
1677 2653 1763 2695 sive
1774 2654 1979 2705 Mem-ate,
1995 2653 2069 2695 etsi
2090 2667 2174 2694 non
2190 2653 2265 2694 sita
2277 2652 2320 2694 in
2334 2653 2503 2707 regione
2517 2653 2733 2706 thurifera,

1493 2717 1748 2772 praecipuum
1792 2723 1930 2757 tamen
1978 2713 2100 2757 suerit
2141 2715 2274 2755 thuris
2306 2716 2555 2772 emporium.
2594 2717 2703 2759 Hinc
2719 2748 2731 2770 ,

1492 2778 1662 2820 Moscha
1676 2785 1845 2834 portum
1860 2791 1957 2819 cum
1977 2776 2135 2833 Saphar
2148 2776 2335 2819 nonnulli
2351 2777 2632 2821 confuderunt
2654 2782 2671 2834 (
2686 2788 2733 2823 ut

1492 2842 1643 2883 Noster
1660 2848 1702 2882 et
1722 2839 1861 2895 Ptol.)
1882 2847 1924 2882 et
1945 2841 2079 2881 Omcm
2100 2840 2309 2894 regionem
2337 2841 2379 2882 in
2402 2841 2541 2883 sinum
2560 2841 2735 2886 Saccha-

1493 2904 1605 2946 litem
1634 2901 1877 2945 transtulere
1909 2900 1988 2959 (ut
2004 2902 2154 2944 Noster
2174 2905 2189 2957 )
2206 2934 2216 2953 ,
2243 2912 2314 2944 aut
2335 2905 2459 2945 ctiam
2480 2903 2734 2949 Sacchaliten

1494 2966 1631 3007 sinum
1673 2965 1715 3006 in
1752 2966 1883 3007 Omem
1931 2964 2205 3006 traduxerunt
2251 2967 2267 3019 (
2285 2973 2331 3006 ut
2364 2965 2525 3009 diversa
2553 2969 2729 3011 miscens

1494 3027 1737 3070 Ptolemaeus
1761 3027 1793 3083 ).
1819 3026 1946 3081 Quod
1970 3027 2214 3070 Ptolemaeus
2240 3027 2351 3085 apud
2376 3030 2590 3072 Omanitas
2609 3030 2735 3074 habet

1494 3093 1704 3132 Omanum
1721 3090 1955 3146 emporium
1973 3089 2055 3143 (Cf.
2074 3091 2133 3131 St.
2161 3092 2259 3147 Byz.
2278 3105 2313 3133 s.
2331 3092 2393 3146 v.)
2416 3105 2557 3133 revera
2578 3106 2602 3134 a
2618 3095 2734 3135 Mas·

1493 3163 1584 3195 cate
1597 3166 1707 3209 emp.
1723 3167 1807 3195 non
1825 3152 1901 3194 suit
1913 3152 2122 3195 diversum
2139 3155 2211 3208 (V.
2234 3154 2365 3196 Ritter
2377 3155 2459 3196 ΧΠ
2472 3168 2515 3210 p.
2534 3155 2610 3197 381
2627 3155 2728 3213 sq.).
2806 3151 2808 3164 ³

1499 3217 1596 3271 11-
1621 3216 1686 3257 13.
1714 3214 1918 3272 ὄψινοῖς
1949 3217 2180 3273 καιροῖς]
2208 3215 2377 3273 quando
2404 3230 2462 3258 sc.
2485 3217 2616 3259 serius
2636 3231 2732 3261 ena-

1495 3278 1728 3332 vigaverunt
1749 3291 1873 3334 quam
1894 3286 1939 3319 ut
1960 3278 2144 3321 secundo
2161 3279 2379 3322 etesiarum
2399 3279 2500 3321 flatu
2518 3279 2560 3321 in
2584 3278 2733 3324 Africa
2781 3295 2783 3298 ’

2240 3342 2305 3385 15.
2354 3341 2571 3398 ἔλαιον]
2614 3342 2733 3387 Hans
2752 3349 2775 3389 “.

1495 3417 1636 3445 vocem
1666 3402 1720 3446 de
1759 3404 1899 3446 indico
1938 3405 2043 3447 Gleee
2078 3406 2164 3448 sive
2197 3404 2348 3462 butyro
2383 3404 2427 3447 h.
2472 3404 2500 3447 1.
2542 3406 2731 3462 usurpari

1493 3468 1723 3523 suspicatur
1745 3468 1891 3509 Ritter.
1925 3469 2022 3519 ΧΠ,
2049 3483 2092 3525 p.
2122 3469 2218 3510 335.
2245 3469 2262 3523 ss
2292 3467 2431 3509 -ι5,
2473 3467 2584 3524 παρ’
2609 3467 2731 3511 ὅλον

1493 3529 1582 3571 τὸν
1598 3529 1643 3570 Σ.
1663 3531 1679 3586 ]
1706 3529 2045 3586 ἀντιφορτίζουσιν’
2068 3531 2156 3588 παρ’
2175 3530 2270 3573 ὅλον
2290 3529 2331 3573 δὲ
2353 3529 2420 3573 τὸν
2447 3530 2549 3586 Σαχ.
2574 3531 2732 3586 χώματι
2774 3537 2789 3584 ‘a

1492 3592 1656 3647 κειμένῳ
1670 3591 1735 3634 καὶ
1760 3592 1967 3651 ἀφυλάκτῳ
1995 3592 2150 3645 oodex;
2181 3607 2263 3635 em.
2286 3592 2515 3636 Fabricius.
2535 3592 2632 3635 Sine
2660 3605 2732 3634 cu·
2783 3626 2786 3627 ν

1492 3652 1625 3695 stodia
1637 3655 1679 3695 in
1697 3654 1761 3696 bis
1776 3655 2015 3710 regionibus
2034 3669 2189 3698 merces
2216 3655 2367 3711 exponi
2397 3669 2446 3697 ac
2462 3668 2557 3697 raro
2574 3650 2731 3709 aliquid
2757 3675 2760 3678 ,

1492 3717 1660 3772 surripi,
1679 3718 1915 3772 gravissima
1933 3731 2055 3775 poena
2076 3717 2211 3760 furem
2230 3724 2438 3767 manente,
2455 3715 2605 3773 passim
2623 3713 2732 3770 lege-
2793 3767 2798 3770 .

1493 3792 1538 3819 re
1555 3786 1630 3820 est.
1650 3782 1786 3833 Quam
1813 3781 1964 3823 Noster
1977 3788 2117 3825 narrat
2136 3778 2315 3822 fabulam
2343 3777 2453 3835 apud
2476 3777 2621 3833 vulgus
2641 3789 2730 3820 ere·
2783 3772 2808 3867 1

1491 3839 1619 3883 ditatu
1643 3857 1730 3884 esse
1755 3844 1948 3900 ipsosque
1966 3843 2177 3901 principes
2194 3841 2497 3899 superstitionis
2523 3831 2808 3897 prestigioflss

1490 3902 1640 3945 abusos
1669 3919 1754 3947 non
1786 3907 2036 3961 negaverim.
2062 3907 2080 3963 ΙΙ
2101 3930 2160 3939 -
2187 3918 2255 3949 20.
2296 3903 2385 3947 ἀπὸ
2414 3907 2499 3946 τοῦ
2526 3901 2730 3959 λιμίνος
2789 3900 2808 3927 '³

1496 3964 1645 4021 [Ἀπὸ
1673 3967 1718 4009 δὲ
1750 3972 1838 4010 τοῦ
1857 3969 2069 4026 Μόσχοι]
2090 3968 2295 4025 λιμίνος
2317 3967 2395 4010 ἔπ’
2418 3969 2431 4024 ]
2453 3965 2527 4008 ἀπὸ
2547 3965 2727 4021 δαίμονος

1494 4028 1587 4084 δίχα
1602 4029 1756 4085 λιμένος
1780 4031 1837 4074 ἐπ’
1869 4031 2015 4075 codex.
2037 4033 2087 4073 In
2116 4030 2181 4073 his
2209 4029 2391 4087 δαίμονος
2421 4037 2506 4071 crat
2533 4030 2723 4082 corrupta

2794 2900 2808 3023 Ake-uu.
2800 2853 2808 2890 ...ι
