2782 4348
0 0 154 251 l..

0 254 49 305 οἱ.
66 258 204 304 ἐπάνω
229 259 302 318 μὲν
327 258 504 315 Κοπτὸς,
542 259 684 304 ἔπειτα
717 259 989 321 Ἐλεφαντίνῃ
1005 296 1017 317 ,
1042 253 1131 306 εἶτα
1151 263 1294 309 Αἰθιό-

61 345 149 372 πων
168 327 304 389 χώρα,
333 325 491 389 Κορτία
516 325 678 388 πρώτη.
705 326 772 373 Τὰ
795 326 870 387 μὲν
888 323 958 373 οῧν
980 329 1062 375 ἀπὸ
1082 329 1295 394 Μέμφεως

62 395 136 449 ἕως
160 395 378 447 Αἰθιοπίας
392 394 568 457 εἴρηται.

125 475 183 507 23.
209 455 310 505 “Ort
337 456 512 513 πλησίον
535 460 608 512 τῆς
636 456 837 521 Ἐρυθρᾶς
859 458 1099 520 θαλάσσης,
1128 463 1219 525 καθ’
1245 462 1288 508 ὃν

14 538 35 570 5
59 531 82 573 ὁ
107 529 252 578 Νεῖλος
279 524 434 576 πολλὰς
450 524 653 587 ἐκτροπὰς
675 526 747 571 καὶ
779 526 1023 591 παραφορὰς
1049 528 1291 589 ποιούμενος

58 596 169 656 ὅμως
187 594 316 640 ἐκεῖσε
336 592 606 653 ἀποκάμπτει
621 597 874 658 περιφανῶς,
895 595 967 641 καὶ
985 599 1164 642 ποιεῖται
1181 598 1291 644 κατὰ

56 663 131 719 τὴν
151 661 283 716 δεξιὰν
308 659 421 725 ῥύσιν
443 665 524 707 τῶν
550 662 744 724 ἀγκώνων
767 664 841 718 τὴν
865 664 1051 726 μεγάλην
1071 666 1223 726 κλίσιν,
1244 667 1291 714 ἔκ

55 750 99 777 τε
129 735 198 776 τοῦ
221 730 425 792 πελάγους
459 732 610 784 κόλπος
647 734 702 784 εἷς
734 732 808 788 τὴν
840 733 1009 796 ἤπειρον
1037 735 1291 782 ἀνατείνεται

54 800 198 858 πολὺς,
221 799 327 846 ὥστε
342 799 416 856 τὴν
441 800 593 861 μεταξὺ
615 803 832 864 διάμετρον
858 805 939 848 τῶν
960 803 1136 862 ὑδάτων,
1152 810 1223 852 τοῦ
1246 826 1289 852 τε

0 880 30 912 1⁰
53 871 238 933 ἁλμυροῦ
256 868 327 915 καὶ
347 870 363 931 [
381 874 451 915 τοῦ
470 871 488 931 ]
505 870 680 932 ποτίμου
698 907 710 933 ,
732 872 1024 935 παραπλήσιον
1049 876 1170 936 πηλῷ
1189 877 1290 921 πολ-

51 941 111 1002 λῷ
128 938 200 995 τὴν
221 937 423 995 συστολὴν
443 940 672 1001 λαμὸάνειν
685 957 694 968 ·
714 942 822 987 κατὰ
851 947 947 1004 γοῦν
971 942 1045 1007 τὴν
1065 944 1286 1006 εἰρημένην

52 1008 257 1054 θάλατταν
280 1009 456 1064 πλησίον
485 1009 572 1056 ἐστί
594 1029 685 1055 τινα
717 1013 797 1056 τῶν
815 1011 1082 1071 καλουμένων
1105 1013 1286 1076 χρυσίων

49 1079 201 1134 πλῆθος
226 1076 372 1139 ἔχοντα
390 1078 623 1138 μετάλλων,
642 1083 692 1142 τῇ
712 1079 819 1143 χρόᾳ
843 1080 917 1141 μὲν
936 1081 1034 1127 ὄντα
1054 1083 1146 1127 καθ’
1164 1085 1285 1146 ὑπερ-

53 1147 180 1203 ὅολὴν
202 1147 376 1207 μέλανα,
398 1149 620 1212 μαρμάρου
651 1149 693 1194 δὲ
712 1155 904 1196 ποιοῦντα
924 1151 1115 1203 τοιαύτας
1142 1154 1183 1197 ἐν
1205 1156 1280 1198 αὖ·-

977 161 1061 206 DE
1095 161 1252 209 MARI
1271 164 1656 214 ERYTHRAEO.

2507 196 2588 234 123

1363 286 1489 326 quam
1519 277 1690 331 CoptuS,
1708 285 1749 318 et
1769 277 1919 319 deinde
1937 279 2225 335 Elephanfina,
2250 293 2338 327 tum
2355 289 2592 346 AEthiopum

1363 349 1474 382 terra
1501 343 1652 398 [cujus
1676 345 1718 386 in
1739 345 1894 402 initio]
1921 349 2062 390 Cortia
2086 351 2236 404 prima.
2298 356 2406 396 Loca
2432 358 2553 410 igitur
2572 377 2593 402 a

1363 410 1551 466 Memphi
1583 413 1636 454 ad
1653 415 1906 471 AEthiopiam
1927 419 2135 473 praecipua
2153 419 2240 461 haec
2265 431 2375 463 sunt.

1417 479 1486 519 23.
1506 481 1640 536 Prope
1666 483 1857 524 Rubrum
1878 499 2013 536 mare,
2033 486 2107 526 ubi
2127 487 2245 528 Nilus
2266 489 2394 530 multa
2413 497 2596 545 quamvis

1360 551 1603 602 diverticula
1624 565 1665 598 et
1690 558 1897 600 anfractus
1920 561 2087 610 faciens,
2108 563 2324 617 insigniter
2350 573 2485 608 tamen
2503 569 2596 611 illuc

1361 628 1557 682 deflectit,
1575 640 1616 672 et
1638 647 1661 673 a
1675 633 1847 676 dextero
1863 644 1998 680 tractu
2017 638 2255 682 cubitorum
2271 655 2458 697 magnam
2489 645 2595 686 illam

1360 704 1677 750 declinationem
1696 709 1837 761 efficit,
1873 714 2140 769 prolixusque
2169 730 2192 756 e
2213 717 2356 772 pelago
2393 721 2434 760 in
2469 723 2597 762 conri-

1359 791 1528 824 nentem
1550 785 1664 826 sinus
1701 787 1989 841 protenditur,
2024 791 2080 831 ita
2102 799 2148 832 ut
2180 807 2271 847 quae
2294 795 2337 835 in
2367 797 2504 838 medio
2524 807 2595 848 ‚est

1358 872 1575 913 aquarum,
1597 860 1708 902 salsae
1739 871 1780 903 et
1801 864 2008 918 potabilis,
2021 865 2250 919 diameter,
2274 871 2402 912 instar
2422 873 2507 914 limi
2528 890 2596 916 co-

1355 934 1461 989 piosi
1487 936 1531 976 in
1546 945 1707 978 aretum
1737 948 1908 994 cogatur
1935 954 1944 981 :
1970 941 2023 982 ad
2057 942 2137 984 hoc
2162 945 2286 998 igitur
2305 962 2416 989 mare
2439 950 2479 990 in
2500 965 2595 1006 pro-

1354 1009 1514 1066 pinquo
1544 1021 1641 1054 sunt
1662 1013 1766 1066 loca,
1798 1015 1872 1057 ubi
1905 1017 2067 1059 metalla
2088 1019 2287 1072 aurifera,
2311 1037 2400 1078 quae
2429 1037 2591 1078 vocant,

1355 1086 1512 1128 affatim
1531 1091 1799 1145 proveniunt,
1825 1093 1964 1135 colore
1990 1095 2160 1150 quidem
2192 1112 2316 1154 supra
2334 1102 2506 1144 modum
2532 1106 2595 1145 ni-

1355 1175 1444 1216 gro,
1463 1163 1535 1205 sed
1561 1179 1653 1220 quae
1675 1167 1754 1208 tale
1769 1169 1878 1211 intra
1893 1184 1936 1210 se
1953 1185 2139 1212 marmor
2158 1174 2407 1228 producunt,
2432 1188 2478 1219 ut
2493 1181 2594 1221 nihil

62 1239 2590 1271 mmm—d

114 1297 171 1329 23.
197 1281 301 1343 Περὶ
320 1281 393 1342 μὲν
417 1276 487 1328 οὖν
510 1283 717 1329 Αἰθιόπων
735 1287 814 1329 τῶν
833 1284 933 1347 πρὸς
955 1289 1006 1347 τῇ
1026 1285 1139 1330 δύσει
1153 1305 1289 1331 κατοι-

48 1348 227 1395 κούντων
248 1351 587 1412 ἀρκεσθησόμεθα
602 1359 684 1404 τοῖς
714 1356 890 1415 ῥηθεῖσι·
905 1355 1000 1417 περὶ
1024 1353 1066 1399 δὲ
1086 1357 1165 1399 τῶν
1182 1354 1290 1400 κατὰ

47 1418 122 1475 τὴν
139 1419 403 1482 μεσημὸρίαν
427 1420 499 1465 καὶ
530 1420 603 1476 τὴν
625 1421 831 1486 Ἐρυθρὰν
855 1423 1061 1469 θάλατταν
1091 1423 1289 1483 κειμένων

25 1527 27 1529 .
48 1490 90 1534 ἓν
115 1488 229 1551 μέρει
246 1489 433 1549 διέξιμεν·
454 1491 567 1535 δοκεῖ
589 1490 627 1535 δ’
655 1494 754 1551 ἡμῖν
787 1492 1004 1556 ἁρμόττειν
1037 1495 1290 1556 προδιελθεῖν

45 1557 234 1618 περὶτῆς
265 1561 335 1603 τοῦ
359 1563 518 1622 χρυσοῦ
544 1563 803 1616 κατασκευῆς
824 1564 898 1616 τ’ῆς
932 1563 973 1605 ἐν
1010 1561 1165 1614 τούτοις
1205 1568 1289 1614 τοῖς

0 1641 24 1671 υ
45 1625 184 1678 τόποις
222 1626 452 1687 γινομένης.
496 1627 603 1690 Περὶ
626 1628 706 1692 γὰρ
738 1629 810 1682 τὰς
841 1629 1038 1691 ἐσχατιὰς
1057 1633 1131 1686 τῆς
1154 1630 1284 1691 Αἰγύ-

44 1713 147 1740 πτου
179 1695 249 1742 καὶ
272 1700 345 1752 τῆς
374 1697 605 1760 ὁμορούσης
645 1698 840 1761 Ἀραὸίας
880 1718 924 1744 τε
959 1699 1030 1744 καὶ
1073 1699 1288 1752 Αἰθιοπίας

42 1765 168 1817 τόπος
195 1765 302 1810 ἐστὶν
327 1766 433 1828 ἔχων
462 1767 648 1827 μέταλλα
679 1767 815 1814 πολλὰ
839 1768 909 1814 καὶ
941 1769 1103 1829 μεγάλα
1129 1774 1286 1832 χρυσοῦ

35 1834 322 1896 ’συναγομένου
352 1838 488 1900 πολλῇ
522 1838 778 1902 κακοπαθείᾳ
800 1858 845 1884 τε
877 1838 949 1884 καὶ
979 1839 1159 1902 δαπάνῃ.
1197 1842 1287 1894 Τῆς

43 1903 121 1967 γὰρ
146 1908 219 1966 γ’ἧς
242 1905 437 1965 μελαίνης
457 1906 582 1963 οὔσης
600 1911 652 1970 τῇ
672 1907 790 1971 φύσει
807 1908 876 1954 καὶ
898 1908 1069 1972 διαφυὰς
1091 1909 1162 1954 καὶ
1181 1908 1285 1972 φλέ-

44 1973 119 2026 ὅας
152 1974 326 2036 ἐχούσης
350 1976 576 2038 μαρμάρου
600 1981 652 2039 τῇ
682 1977 899 2034 λευκότητι
923 1977 1191 2041 διαφερούσας
1213 1978 1283 2024 καὶ

41 2044 179 2095 πάσας
213 2044 283 2096 τὰς
308 2045 678 2107 περιλαμπομένας
702 2047 838 2110 φύσεις
870 2048 1209 2110 ὑπερὸαλλούσας
1231 2051 1283 2110 τῇ

41 2112 321 2175 λαμπρότητι,
343 2117 379 2159 οἳ
403 2116 732 2178 προςεδρεύοντες
755 2124 838 2169 τοῖς
862 2119 1120 2176 μεταλλικοῖς
1146 2116 1278 2178 ἔργοις

40 2184 99 2244 τῷ
114 2182 260 2238 πλήθει
274 2187 354 2228 τῶν
367 2184 649 2246 ἐργαζομένων
664 2186 1017 2238 κατασκευάζουσι
1030 2187 1096 2230 τὸν
1109 2185 1277 2248 χρυσόν.

41 2368 93 2396 22
123 2355 222 2395 mill.
252 2357 267 2409 ΙΙ
303 2380 360 2387 -
388 2370 429 2397 2.
456 2357 643 2411 Κορτία
678 2361 872 2414 πρώτη]
898 2362 1010 2399 Corte
1038 2368 1208 2400 vocatur
1240 2361 1283 2399 in

39 2419 137 2458 Itin.
156 2420 312 2458 Anton.
330 2433 373 2473 p.
396 2423 473 2459 162
487 2434 498 2469 ;
517 2420 706 2460 Primam
724 2420 825 2461 dicit
836 2420 1160 2476 Olympiodorus
1174 2421 1283 2462 The-

39 2481 150 2521 baeus
163 2483 205 2521 in
225 2483 389 2535 Fragm.
412 2483 521 2523 Hist.
549 2491 650 2524 tom.
675 2486 751 2535 IV,
770 2499 813 2540 p.
837 2489 904 2535 66,
931 2485 983 2538 37
1011 2498 1019 2524 :
1038 2485 1182 2540 Πρίμα,
1202 2485 1283 2537 ἥτις

38 2543 83 2584 τὶ)
99 2542 263 2590 παλαιὸν
284 2545 414 2598 πρώτη
435 2545 547 2592 πόλις
568 2549 635 2597 τῆς
653 2546 844 2598 Θη6α“ἱ’δος
865 2546 938 2588 ἀπὸ
962 2549 1029 2587 τοῦ
1050 2548 1280 2602 βαρὸαρικοῦ

40 2605 244 2660 ἐτύγχανε·
273 2606 332 2645 διὸ
358 2606 459 2661 παρὰ
475 2612 551 2648 τῶν
580 2606 784 2664 Ῥωμαίων
809 2608 984 2664 Ῥωμαία
1003 2613 1111 2665 φωνῇ’
1127 2610 1277 2665 Πρίμα,

37 2666 123 2719 ἤτοι
154 2669 301 2723 πρώτη,
336 2667 532 2710 ἐκαλεῖτο·
560 2670 625 2711 καὶ
648 2674 713 2711 νῦν
739 2671 839 2713 οὕτω
862 2672 1063 2721 καλεῖται,
1098 2672 1222 2711 καίτοι
1241 2670 1281 2711 ἐκ

37 2730 186 2771 πολλοῦ
210 2729 451 2771 οἰκειωθεῗσα
466 2734 548 2780 τοῖς
566 2733 783 2788 βαρῧάροις.
804 2735 936 2777 Nunc.
955 2733 1081 2774 Corti.

94 2796 207 2845 §23.
243 2797 347 2847 Quae
379 2795 477 2836 inde
501 2795 553 2837 ab
582 2796 663 2837 hoe
694 2797 877 2851 segmine
900 2811 1029 2852 usque
1065 2795 1118 2836 ad
1154 2795 1279 2839 finem

0 2895 1 2898 ,
37 2855 131 2896 libri
149 2856 354 2909 leguntur,
376 2857 521 2900 eadem
544 2868 706 2901 tantum
729 2875 814 2900 non
838 2859 979 2901 omnia
1001 2858 1128 2899 modo
1149 2858 1278 2899 fusius

0 2916 1 2966 l
37 2917 162 2959 modo
184 2918 346 2960 brevius
374 2921 523 2962 eodem
550 2937 720 2978 prorsus
743 2921 891 2962 ordine
913 2921 1143 2975 iisdemque
1172 2936 1277 2976 saepe

0 2970 1 2994 ¹
37 2980 171 3021 verbis
193 2982 357 3023 exhibet
381 2984 592 3025 Diodorus
614 2988 677 3026 HI
692 3017 702 3035 ‚
732 2987 874 3034 12-48.
901 2986 1041 3036 Quare
1066 2984 1278 3024 Photianis

0 3094 3 3106 .
37 3043 244 3085 Diodorea
269 3046 311 3085 in
348 3047 517 3100 singulis
546 3048 705 3102 paginis
736 3048 792 3088 ita
813 3045 1126 3100 subjunximus,
1148 3054 1195 3086 ut
1221 3046 1278 3086 al-

37 3113 123 3146 tera
152 3121 246 3147 cum
265 3108 401 3148 alteris
421 3110 652 3165 comparari
671 3118 712 3151 et
731 3124 780 3150 ex
815 3124 857 3149 se
886 3109 1066 3149 invicem
1096 3108 1278 3163 suppleri

38 3177 189 3222 queant
219 3171 330 3211 nullo
362 3173 544 3225 negotio.
578 3173 594 3227 Η
613 3197 671 3204 -
689 3175 731 3222 4.
753 3172 856 3212 καθ’
884 3172 934 3212 ’ὸν
951 3172 966 3226 ]
986 3173 1103 3212 Dura
1127 3171 1277 3226 ellipsis

39 3231 149 3270 iocis
167 3233 301 3273 τόπον.
324 3234 340 3287 Η
362 3258 419 3265 -
440 3250 482 3289 7.
502 3239 591 3276 τῶν
617 3234 879 3291 ἀγκώνων]
905 3233 1066 3276 Eodem
1087 3233 1274 3289 ἀγκώνων

37 3294 205 3333 nomine
235 3295 366 3336 utitur
394 3297 540 3338 Strabo
571 3298 720 3349 XVII,
745 3312 787 3352 p.
814 3299 919 3352 786,
948 3296 1022 3338 ubi
1047 3311 1097 3337 ex
1126 3298 1274 3337 Erato·

30 3354 180 3394 'sthene
203 3366 340 3397 narrat
365 3359 507 3400 Nubas
530 3361 716 3401 habitare
740 3360 814 3402 ἀπὸ
848 3363 914 3412 τῆς
937 3360 1090 3415 Μερόης
1113 3357 1273 3414 ἄρξαμέ-

39 3430 123 3463 νους
148 3418 259 3471 μέχρι
287 3424 361 3459 τῶν
386 3419 572 3475 ἀγκώνων
597 3424 613 3474 ζ
627 3423 698 3463 ubi
729 3423 898 3477 plurimi
929 3421 1053 3463 codd.
1082 3430 1275 3476 corrupte

39 3477 220 3533 ἀγγόνων
237 3482 269 3532 ).
292 3482 472 3533 Quinam
495 3485 747 3539 intelligendi
770 3486 852 3526 sint
870 3486 936 3525 isti
960 3484 1130 3540 ἀγκῶνες
1162 3484 1274 3526 colli-

39 3541 148 3592 gitur
192 3556 240 3579 ex
277 3543 541 3584 antecedente
574 3547 784 3586 Strabonis
821 3548 1069 3587 narratione.
1116 3547 1277 3587 Scilicet

37 3602 153 3642 Nilus
178 3617 200 3642 a
220 3605 362 3643 Meroe
390 3618 463 3658 per
484 3619 594 3659 2700
625 3607 754 3648 stadia
784 3608 954 3649 boream
979 3622 1120 3648 versus
1140 3609 1275 3663 prola-

37 3677 134 3717 lsus
170 3665 297 3706 flectit
319 3680 485 3707 cursum
516 3669 818 3720 sinistrorsum,
843 3678 883 3710 et
910 3684 984 3724 per
1011 3670 1120 3724 3700
1147 3671 1276 3712 stadia

39 3741 176 3767 versus
212 3743 402 3768 occasum
427 3738 466 3769 et
504 3730 720 3770 meridiem
748 3731 954 3781 decurrit3
994 3740 1081 3771 tum
1118 3733 1272 3774 ressexo

37 3789 150 3829 alveo
163 3790 440 3842 dextrorsum,
453 3792 590 3832 denuo
605 3792 775 3833 boream
789 3794 907 3848 petit,
926 3793 998 3834 sed
1012 3793 1063 3833 ad
1083 3793 1271 3835 dextram

37 3851 121 3891 sive
149 3851 201 3891 ad
234 3853 434 3893 orientem
462 3868 535 3894 seu
553 3868 666 3895 mare
689 3854 878 3894 Rubrum
913 3854 1041 3907 magis
1063 3856 1273 3910 magisque

37 3911 212 3953 declinat
238 3928 367 3968 usque
390 3914 442 3955 ad
471 3916 636 3955 initium
658 3915 844 3970 AEgypti,
864 3915 936 3955 ubi
953 3930 1064 3955 mare
1079 3930 1274 3969 magnum

38 3973 149 4014 illum
180 3976 304 4016 cslicit
337 3977 500 4026 sinum,
539 3992 662 4031 quem
704 3976 974 4032 Immundum
1011 3977 1094 4017 sive
1128 3978 1274 4019 κόλπον

1419 1296 1488 1336 23.
1513 1298 1612 1339 Haec
1625 1313 1723 1353 ergo
1744 1300 1796 1341 de
1817 1302 2080 1358 AEthiopibus
2099 1306 2302 1348 occidenti
2318 1311 2510 1364 expositis
2528 1327 2596 1352 an·

1362 1387 1503 1419 notata
1517 1379 1738 1423 sufficiant.
1799 1385 1862 1424 De
1884 1386 2029 1426 ceteris
2058 1395 2195 1428 autem
2210 1389 2337 1443 plagae
2367 1393 2530 1432 australi
2558 1402 2596 1434 et

1361 1462 1505 1504 Rubro
1536 1465 1640 1506 mari
1670 1465 1854 1507 obversis
1884 1468 2088 1522 sigillatim
2122 1484 2236 1511 nunc
2260 1470 2460 1515 dicemus.
2520 1477 2597 1517 Sed

1362 1561 1592 1601 congruum
1621 1562 1708 1590 esse
1741 1549 1920 1602 videtur,
1951 1560 1999 1592 ut
2034 1551 2087 1592 de
2119 1554 2209 1594 auri
2242 1555 2499 1599 confectione
2535 1561 2597 1600 his

1359 1629 1402 1668 in
1421 1629 1519 1669 locis
1534 1630 1689 1685 aliquid
1721 1632 2069 1686 praemittamus.(
2092 1637 2189 1690 Cap.
2228 1635 2304 1692 12)
2330 1638 2379 1677 In
2409 1639 2598 1681 confiniis

1358 1713 1521 1767 AEgypti
1539 1714 1765 1768 vicinaeque
1783 1714 1946 1756 Arabiae
1978 1723 2019 1756 et
2033 1716 2271 1772 AEthiopiae,
2294 1718 2407 1759 locus
2427 1721 2593 1774 quidam

1358 1796 1516 1850 magnis
1545 1796 1790 1838 aurifodinis
1826 1798 2031 1850 abundat,
2057 1799 2170 1854 quod
2192 1800 2594 1854 ingentimultorum

1357 1864 1576 1906 hominum
1606 1866 1791 1908 molestia
1810 1875 1850 1907 et
1876 1867 2061 1923 impensa
2091 1868 2342 1923 congeritur.
2367 1870 2508 1912 Solum
2537 1872 2594 1914 ibi

1356 1957 1505 1990 natura
1524 1964 1597 1990 sua
1612 1950 1777 2003 nigrum
1792 1957 1951 1990 meatus
1967 1958 2007 1990 et
2024 1964 2145 1992 venas
2164 1950 2288 1992 habet
2300 1951 2477 1993 candido
2490 1968 2594 1994 mar-

1357 2044 1471 2070 more
1493 2030 1672 2084 insignes
1686 2061 1697 2080 ,
1719 2029 2068 2085 splendidissimas
2087 2045 2271 2086 quasque
2284 2046 2349 2072 res
2368 2033 2502 2073 nitore
2526 2049 2592 2073 su-

1354 2119 1559 2166 peranteS‚
1571 2111 1615 2150 in
1631 2110 1782 2164 quibus
1796 2109 2007 2150 metallicis
2019 2110 2230 2163 ergastulis
2245 2111 2425 2166 praefecti
2443 2127 2591 2166 magno

1355 2192 1617 2245 operantium
1634 2204 1808 2230 numero
1823 2203 1972 2230 aurum
1988 2188 2213 2230 elaborant.

1356 2357 1569 2412 ἀκάθαρτον
1591 2357 1736 2397 dicunt
1749 2355 1895 2396 Strabo
1913 2369 1955 2409 p.
1979 2368 2081 2408 770,
2101 2355 2275 2395 Diodor.
2296 2357 2382 2406 ΠΙ,
2401 2357 2469 2409 39,
2490 2358 2587 2396 Pto-

1353 2420 1533 2461 lemaeus.
1556 2422 1748 2461 Ceterum
1767 2417 1909 2458 confer
1931 2430 2022 2471 quae
2037 2417 2269 2456 notavimus
2287 2416 2340 2456 ad
2359 2420 2381 2469 S
2406 2419 2472 2458 80.
2498 2419 2513 2471 Η
2532 2443 2588 2450 —

1354 2498 1395 2537 7.
1433 2482 1523 2534 τὴν
1562 2480 1786 2538 μεγάλην
1826 2479 1999 2534 κλίσιν]
2036 2476 2105 2528 τὴν
2134 2478 2197 2518 κλ.
2226 2478 2399 2533 μεγάλην
2420 2480 2468 2520 C.
2495 2481 2509 2533 Η
2532 2504 2589 2512 —

1354 2548 1394 2587 8.
1408 2561 1459 2587 το
1470 2549 1492 2586 t»
1515 2561 1566 2586 πε
1578 2545 1604 2584 λ
1617 2545 1640 2584 ά
1651 2560 1676 2599 γ
1689 2559 1710 2583 0
1722 2559 1742 2582 υ
1756 2543 1787 2598 ς]
1805 2545 1872 2583 τοῦ
1885 2541 2056 2597 μεγάλου
2067 2540 2257 2595 πελάγους
2270 2542 2316 2582 C.
2339 2541 2354 2595 Ι]
2372 2566 2428 2572 -
2443 2555 2589 2595 Ῑο.πη-

1351 2607 1413 2662 λῷ
1428 2622 1513 2648 om.
1527 2608 1610 2648 BC.
1636 2607 1652 2660 Η
1678 2629 1735 2636 -
1752 2618 1817 2645 12.
1842 2603 1941 2643 ἐστί
1964 2617 2034 2643 τιν
2048 2603 2101 2657 α]
2127 2601 2226 2643 ἐστιν
2244 2602 2348 2657 [ὄρη]
2367 2603 2479 2644 τιναΡ
2497 2605 2512 2658 ss
2528 2629 2584 2636 —

1356 2670 1420 2710 13.
1442 2668 1686 2724 χρυσίων]
1712 2666 1881 2722 γνησίων
1899 2667 1948 2706 Α.
1975 2666 1989 2718 Η
2009 2688 2066 2694 -
2088 2668 2152 2713 14.
2178 2664 2384 2720 μέλανα]
2408 2666 2585 2706 Eosdem

1351 2739 1512 2772 montes
1531 2729 1686 2772 indicat
1704 2728 1946 2769 Ptolemaeus
1968 2729 2044 2777 IV,
2088 2726 2109 2767 5
2133 2741 2176 2781 p.
2202 2727 2284 2769 280
2301 2757 2312 2776 ‚
2355 2739 2404 2780 19
2423 2757 2434 2777 ,
2468 2726 2538 2768 ubi
2560 2728 2583 2779 ἥ

1351 2791 1477 2847 ὀρεινὴ
1515 2792 1624 2847 ῥάχις
1655 2794 1723 2832 τοῦ
1759 2790 1921 2845 μέλανος
1955 2789 2065 2829 λίθου
2089 2789 2197 2842 ὄρους
2228 2788 2333 2841 (63⁰
2354 2787 2484 2842 long.;
2511 2793 2584 2838 240

1351 2854 1420 2904 40’
1442 2855 1511 2895 lat.
1531 2854 1544 2910 )
1582 2856 1850 2902 memoratur,
1871 2866 1956 2892 non
1981 2852 2037 2892 ita
2066 2850 2189 2904 longe
2211 2864 2235 2890 a
2260 2850 2455 2890 Berenice
2483 2852 2586 2892 urbe

1352 2918 1479 2970 (64⁰3
1502 2917 1575 2957 23⁰
1598 2915 1708 2970 50¹),
1734 2929 1824 2970 quae
1856 2914 1933 2954 sita
1951 2922 2038 2954 erat
2056 2913 2108 2954 ad
2132 2913 2270 2953 sinum
2297 2912 2582 2954 Immundum.

1349 2980 1400 3021 Id
1422 2980 1627 3020 montium
1648 2977 1797 3032 jugum
1818 2991 1931 3017 nunc
1953 2984 2123 3017 vocatur
2141 2975 2286 3029 Djebel
2308 2975 2450 3029 Olalry,
2473 2977 2584 3029 quod

1350 3041 1428 3083 late
1443 3042 1650 3098 pertinens
1672 3041 1797 3082 hodie
1817 3038 2006 3080 accolunt
2027 3037 2225 3079 Ababclelz
2250 3037 2419 3078 Arabes.
2440 3037 2584 3092 Ibique

1350 3105 1473 3146 etiam
1501 3119 1614 3145 nunc
1644 3102 1886 3144 aurifodinae
1914 3108 2149 3156 supersunt.
2181 3101 2237 3139 V.
2261 3098 2504 3140 Wilkinson
2539 3100 2581 3138 in

1348 3168 1525 3209 Journal
1541 3167 1596 3220 of
1615 3167 1679 3208 tlte
1698 3166 1828 3220 Royal
1857 3179 1992 3216 geogr.
2023 3177 2105 3203 soc.
2128 3160 2368 3214 ofLonclon,
2393 3168 2494 3200 tom.
2515 3163 2578 3210 ΙΙ,

1347 3245 1390 3286 p.
1417 3234 1470 3285 47
1492 3244 1501 3271 :
1533 3250 1549 3266 α
1566 3229 1656 3270 The
1674 3227 1768 3282 gold
1791 3227 1922 3267 mines
1940 3224 1990 3265 of
2002 3220 2322 3277 Agatharchides
2344 3220 2426 3261 and
2448 3221 2589 3261 Sheris

1347 3292 1485 3334 Edrisi
1506 3306 1574 3333 are
1594 3291 1674 3331 still
1693 3288 1824 3330 found
1846 3301 1996 3340 among
2018 3286 2086 3326 the
2105 3282 2306 3331 Ababdeh
2327 3283 2578 3336 monuimus,

1346 3365 1388 3396 to
1418 3356 1487 3395 the
1511 3354 1630 3395 south
1662 3352 1711 3393 of
1730 3352 1799 3392 the
1831 3346 2125 3391 Cosseirroad.
2160 3366 2176 3381 ιι
2212 3344 2336 3400 Apud
2371 3344 2579 3385 Edrisium

1346 3418 1524 3459 Arabem
1544 3418 1560 3469 (
1575 3419 1718 3466 Geogr.
1744 3413 1857 3455 Nub.
1881 3426 1925 3466 p.
1950 3412 1998 3451 18
2016 3410 2099 3450 sive
2118 3406 2370 3463 Ge‘ograplaeie
2391 3406 2580 3448 d'Edrisi

1348 3479 1529 3521 traclccite
1536 3493 1623 3534 par
1638 3477 1809 3518 Jaubert
1832 3483 1861 3515 t.
1883 3476 1904 3514 I
1918 3505 1928 3523 ,
1950 3487 1992 3528 p.
2018 3473 2069 3513 36
2087 3473 2103 3525 )
2119 3469 2362 3512 aurifodinae
2378 3468 2430 3509 ad
2445 3469 2582 3523 Atat-3·

1347 3557 1432 3583 esse
1454 3542 1663 3590 dicuntur,
1682 3539 1733 3579 ab
1749 3541 1916 3579 Assuan
1936 3536 2101 3590 (Syene)
2123 3533 2225 3573 urbe
2247 3531 2443 3572 distantes
2461 3532 2579 3586 qain-

1347 3604 1475 3645 decim
1498 3603 1654 3643 clierum
1678 3601 1820 3641 itinere
1852 3597 1982 3638 medio
2003 3596 2108 3637 inter
2125 3595 2316 3636 orientem
2344 3602 2383 3633 et
2410 3602 2578 3648 septem-

1348 3666 1532 3715 trionem,
1559 3664 1600 3705 in
1619 3662 1807 3716 el-Boclja
1826 3660 1981 3712 regione
1995 3677 2009 3707 ‚·
2032 3659 2075 3698 in
2098 3657 2248 3713 quibus
2267 3655 2438 3695 directio
2461 3655 2577 3721 itine-

1346 3729 1402 3768 ris
1432 3742 1525 3768 cum
1551 3726 1710 3766 Nostris
1733 3723 1942 3765 conciliari
1973 3729 2128 3777 potest,
2162 3719 2332 3760 minime
2368 3731 2462 3756 vero
2492 3731 2576 3768 ejus

1343 3789 1557 3844 longitudo
1593 3802 1727 3842 neque
1759 3786 1915 3827 mentio
1950 3784 2128 3838 regionis
2155 3782 2192 3823 el
2226 3779 2397 3833 Bodjah.
2431 3778 2575 3844 Dicere

1344 3861 1487 3892 auctor
1509 3850 1684 3891 debebat
1707 3863 1716 3890 :
1743 3849 1885 3890 itinere
1904 3846 2034 3887 medio
2060 3845 2165 3886 inter
2185 3842 2375 3883 orientem
2394 3848 2432 3877 et
2458 3853 2575 3877 merz-

1345 3914 1449 3954 (liem
1465 3932 1478 3962 ,·
1511 3921 1621 3968 patet
1656 3913 1736 3952 hoc
1780 3912 1900 3951 etiam
1937 3924 1985 3948 ex
2017 3904 2219 3949 Abulfeda
2254 3905 2269 3955 (
2298 3905 2439 3942 Descr.
2481 3900 2570 3952 AEg.

1346 3993 1388 4033 p.
1411 3978 1461 4017 28
1484 3978 1515 4030 ),
1541 3975 1611 4029 qui
1635 3972 1887 4014 aurifodinas
1922 3970 1973 4010 ab
1999 3968 2140 4009 Aiclab
2164 3965 2266 4006 urbe
2297 3973 2384 4002 octo
2413 3960 2572 4000 dicrum
