2756 4354
665 50 709 96 C

170 183 365 221 txxvut
481 192 529 235 ο

159 273 470 323 existimavit?
491 271 583 319 vix
610 282 660 319 tu
693 270 958 317 credideris.
983 268 1129 313 lmmo
1154 267 1230 313 dei
1261 267 1401 329 anxi-

159 349 276 396 lium
296 348 355 395 ad
378 348 532 411 ipsum
549 348 705 411 potius
721 343 1014 393 Nicomedem
1033 342 1076 388 II
1093 342 1396 404 pertinuerit,

162 425 244 485 qui
253 424 399 486 patris
407 421 713 470 crudelissimi
729 420 949 466 saevitiam
961 417 1122 479 effugit
1132 427 1178 463 et
1187 427 1292 480 post
1304 433 1399 464 ma·

160 514 252 560 gna
269 498 474 561 pericula
489 511 680 556 regnum
702 494 893 555 adeptus
912 501 982 538 est
1001 491 1128 553 qnod
1147 507 1232 554 per
1252 508 1400 541 annos

161 575 496 637 quinquaginta
511 583 614 618 octo
626 585 809 617 servare
823 570 868 614 ei
887 568 1097 629 contigit.
1117 568 1280 632 Itaque
1298 586 1399 628 rex,

161 650 242 711 qui
276 650 377 711 ipse
412 662 596 708 quoque
639 643 903 705 Apollinem
941 643 1232 705 Didymaeum
1273 661 1397 692 sum·

160 737 346 783 mopere
366 722 596 767 honorare
625 719 795 764 dicitur
814 728 860 764 et
874 718 949 765 cui
973 733 1092 781 opus
1114 735 1247 766 suum
1265 731 1401 782 poeta

160 796 400 856 inscribit,
431 796 555 841 filius
583 792 758 856 prioris
790 804 860 841 est
873 828 887 852 ,
919 795 1192 842 Nicomedes
1215 797 1396 854 tertius,

158 874 239 935 qui
254 888 281 918 a
307 873 472 934 pietate
491 870 804 932 Philopatoris
829 887 1086 932 cognomen
1109 883 1293 934 nactus,
1307 888 1401 935 vper

158 949 352 995 sedecim
377 963 522 994 annos
539 963 730 1007 regnum
748 948 894 994 tenuit
909 950 1068 1008 (91-76
1088 965 1130 996 a.
1155 948 1208 994 C.
1230 951 1261 1010 ).

226 1055 243 1083 1
257 1054 327 1086 ια.
351 1038 454 1083 Alia
467 1047 535 1082 est
548 1035 774 1083 Dodwelli
792 1040 1030 1085 sententia.
1045 1036 1090 1083 Is
1102 1040 1222 1083 enim
1242 1037 1399 1084 verbis

157 1114 290 1174 μόνος-
315 1112 534 1176 βασιλικὴν
566 1112 901 1175 χρηστότητα
924 1111 1166 1177 προσφέρεις
1185 1112 1396 1160 subindi-

156 1190 250 1235 cari
274 1199 427 1236 censet
443 1189 675 1235 Socratem
698 1188 766 1233 τὸν
786 1188 987 1250 χρηστὸν,
1010 1189 1090 1249 qui
1118 1188 1398 1235 Mithridatis

155 1280 300 1325 opera
322 1264 505 1310 fratrem
530 1263 823 1310 Nicomedem
845 1262 913 1308 111
936 1261 1090 1324 ejecit,
1110 1265 1398 1325 imperioque

159 1342 333 1402 potitus
371 1354 537 1384 nomen
560 1337 822 1384 Nicomedis
856 1338 1101 1396 assumsit3
1130 1338 1208 1384 sed
1238 1340 1398 1399 paucis

156 1414 393 1463 mensibus
420 1425 524 1477 post
556 1413 615 1461 ab
639 1414 802 1461 eodem
837 1413 1099 1461 Mithridate
1132 1415 1397 1461 interfectus

154 1503 201 1539 et
228 1492 500 1541 Nicomedes
533 1495 602 1537 111
638 1508 664 1537 a
691 1502 851 1538 senatu
886 1491 1091 1537 Romano
1126 1491 1175 1537 in
1206 1506 1395 1551 regnum

155 1571 390 1614 restitutus
412 1578 481 1614 est
513 1566 604 1631 (an.
628 1568 721 1627 90).
745 1566 799 1615 V.
825 1566 987 1612 Livius
1010 1582 1082 1629 ep.
1110 1573 1196 1624 743
1217 1565 1390 1613 Justin.

155 1641 404 1699 xxxvlu,
424 1642 479 1702 53
499 1642 699 1703 Appian.
719 1641 973 1687 Mithridat.
1006 1657 1088 1699 ¹03
1116 1641 1332 1688 Memnon
1349 1659 1390 1690 c.

156 1718 215 1763 30
237 1717 286 1763 in
312 1716 389 1765 rr.
414 1717 528 1764 nist.
555 1715 640 1773 III,
662 1732 710 1777 p.
739 1717 847 1769 541.
874 1717 1082 1763 Attamen
1104 1717 1151 1762 in
1175 1716 1395 1764 brevissi·

157 1810 280 1840 mum
301 1793 426 1840 istud
444 1794 665 1855 temporis
685 1803 964 1839 momentum
978 1827 990 1850 ,
1024 1809 1117 1853 quo
1140 1809 1281 1856 penes
1310 1794 1392 1840 So·

154 1878 322 1916 cratem
357 1883 431 1915 res
462 1878 609 1924 erant,
635 1869 714 1914 vix
741 1868 903 1914 cadere
939 1879 1153 1930 possunt,
1188 1869 1311 1930 quod
1339 1871 1396 1915 de

153 1943 400 1992 Nicomede
415 1960 500 1991 suo
534 1944 696 1991 Noster
724 1944 942 2006 praedicat
959 1962 1004 1991 v.
1037 1947 1095 1991 62
1118 1961 1128 1991 :
1154 1945 1291 2000 κοινὴν
1313 1944 1393 2008 γὰρ

154 2019 303 2082 σχεδὸν
324 2020 408 2072 τοῖς
437 2020 734 2079 φιλομαθοῦσιν
755 2019 1023 2082 ἃναδέδειχας
1045 2018 1197 2067 ἑστίαν.
1217 2020 1392 2076 Quodsi

153 2095 339 2143 verbis:
366 2095 518 2157 μόνος.-
539 2095 804 2159 χρησῒότητα
828 2095 1070 2159 προσφέρεις
1097 2096 1262 2145 allusio
1285 2097 1392 2144 sub-

151 2181 244 2229 est,
275 2173 534 2234 putaverim
555 2173 710 2234 potius
742 2172 980 2219 Nicomedi
1004 2172 1072 2219 III
1099 2190 1253 2222 veram
1277 2193 1390 2238 χρη-

151 2245 333 2304 στότητα
369 2247 616 2315 vindicari,
647 2263 782 2309 quam
807 2248 1081 2308 cognomine
1110 2259 1285 2295 tantum
1312 2249 1393 2295 So-

151 2331 321 2379 crates,
347 2323 476 2382 regni
501 2333 769 2384 usurpator,
791 2338 886 2384 prae
909 2338 957 2368 se
978 2323 1152 2369 tulerit.

218 2426 236 2455 ι
251 2411 323 2458 ι3.
367 2409 619 2471 Scripsisse
660 2409 804 2468 igitur
840 2409 1004 2455 Noster
1044 2410 1231 2456 videtur
1271 2412 1394 2457 circa

151 2502 227 2533 an.
245 2503 304 2546 90
321 2502 362 2532 a.
382 2486 455 2541 C„
469 2486 564 2547 jam
581 2497 828 2546 provectus
841 2496 990 2541 aetate,
1009 2487 1244 2548 vitamque
1256 2503 1393 2547 agens

151 2565 201 2611 in
221 2563 449 2624 Bithyniae
471 2562 612 2619 urbe,
634 2578 769 2624 quam
797 2563 1058 2609 Heracleam
1082 2565 1223 2610 fuisse
1242 2566 1391 2626 suspi-

153 2639 240 2684 cati
265 2654 436 2684 sumus.
468 2638 608 2683 Natus
629 2623 820 2684 sortasse
840 2638 888 2683 in
916 2638 1098 2685 Graecia
1130 2650 1253 2697 erat;
1276 2650 1396 2686 certe

154 2718 361 2775 regiones
386 2730 650 2773 recensens,
670 2730 784 2776 quas
808 2716 909 2777 ipse
935 2715 1108 2762 viderit
1134 2726 1179 2761 et
1199 2718 1393 2763 αὖτοπτι-

151 2793 207 2854 κῇ
223 2790 359 2837 nic-ru
384 2790 628 2845 describat,
648 2791 710 2836 ita
731 2791 898 2853 incipit
922 2809 932 2837 ε
953 2789 1009 2836 ὧν
1034 2791 1184 2847 θεατὴς
1206 2793 1251 2837 οὗ
1273 2793 1393 2853 μόνον

150 2867 225 2923 τῆς
242 2864 484 2921 Ἐλλάδοςῆ
507 2868 587 2910 τῶν
608 2868 700 2910 κατ’
720 2865 859 2912 Ἀσίαν
879 2867 1080 2925 κειμένων
1098 2867 1392 2927 πολισμάτωνε

154 2939 269 2988 adeo
286 2951 335 2987 ut
353 2941 508 3002 primo
532 2941 635 2986 loco
658 2941 848 2986 Graeciae
869 2943 1040 2987 mentio
1059 2943 1151 2989 fiat.
1173 2942 1397 2988 Praeterea

150 3014 273 3068 vidit
306 3032 433 3064 orem
460 3016 600 3063 maris
635 3016 857 3063 Adriatici
892 3027 937 3063 et
968 3016 1144 3073 lonici,
1185 3016 1394 3078 Tyrrhe-

44 3086 76 3093 ,„
101 3078 113 3083 ,
153 3094 301 3149 niam,
320 3092 525 3139 Siciliam
541 3126 552 3147 ,
573 3090 733 3151 Libyae
756 3102 930 3153 partem
946 3091 1165 3153 majorem
1181 3091 1227 3137 in
1253 3107 1396 3153 eaque

153 3169 489 3231 Carthaginem.
522 3168 781 3229 Scriptores
803 3185 915 3215 vero
931 3168 1197 3214 adhibuisse
1213 3184 1261 3214 se
1284 3168 1396 3214 dicit

154 3261 199 3292 v.
227 3262 245 3291 1
260 3253 312 3300 il.
328 3260 431 3307 sqq.
450 3242 793 3290 Eratosthenem
809 3243 968 3305 (cujus
981 3243 1245 3290 meminitv.
1267 3245 1393 3305 (012),

152 3322 388 3386 Ephorum
419 3323 587 3384 (quem
612 3320 766 3367 laudat
795 3338 840 3369 v.
878 3328 986 3378 472.
1023 3322 1129 3374 546.
1153 3322 1256 3366 802.
1284 3322 1392 3377 871.

155 3401 240 3446 881
282 3401 325 3460 ),
383 3400 656 3461 Dionysium
698 3397 1066 3455 Chalcidensem,
1113 3397 1395 3444 Demetrium

96 3475 103 3482 '
153 3476 453 3522 Callatianum
492 3477 581 3532 (de
613 3493 705 3537 quo
737 3475 832 3523 vid.
865 3492 909 3521 ν.
950 3492 1058 3535 7¹9·
1103 3477 1211 3536 796.
1250 3473 1394 3536 880),

154 3550 371 3598 Cleonem
391 3550 622 3607 Siculum,
657 3550 1020 3606 Timosthenem,
1047 3549 1392 3606 Callisthenem,

153 3625 377 3673 Timaeum
407 3626 611 3672 Siculum
651 3627 739 3685 (cf.
781 3634 889 3680 2¹1..
927 3630 1074 3685 Ιιια),
1117 3626 1394 3672 Herodotum

108 3761 112 3763 μ
155 3700 252 3763 (cf.
278 3716 322 3748 v.
345 3700 452 3747 565.
491 3717 584 3760 929
605 3703 640 3760 )‚
662 3701 869 3762 aliosque
892 3717 1089 3762 quorum
1121 3702 1307 3747 nomina
1348 3701 1397 3747 in

155 3774 423 3824 codicisillo
439 3775 541 3821 loco
565 3790 727 3835 graves
749 3774 945 3836 injurias
963 3790 1097 3837 passo
1115 3776 1202 3835 legi
1217 3778 1308 3834 jam
1326 3791 1399 3821 ne-

154 3861 356 3916 queunt3
373 3850 452 3899 sed
478 3851 617 3898 fuisse
641 3852 761 3897 inter
780 3866 859 3897 eos
896 3862 1017 3914 patet
1045 3851 1396 3914 Theopompum

156 3927 323 3976 Chium
346 3938 392 3975 et
411 3927 667 3975 Hecataeum
695 3927 1021 3985 Eretriensem,
1041 3944 1238 3989 quornm
1265 3928 1395 3974 illum

155 4020 204 4054 v.
231 4007 339 4069 370,
363 4005 486 4053 hunc
504 4022 551 4052 v.
579 4006 670 4063 870
693 4003 862 4051 laudat.

1196 166 1670 217 PnoLEGoussNA.

1542 277 1650 325 nl..
1694 271 1906 319 Ceterum
1943 275 2147 335 quamin
2177 286 2448 335 argumento
2476 285 2653 324 tractan
2689 283 2701 291 ”

1470 348 1696 395 rationem
1718 360 1954 411 sequatur,
1979 351 2044 397 ita
2064 361 2224 398 auctor
2238 352 2437 414 exponit
2455 368 2502 398 v.
2526 352 2586 398 68

1472 416 1474 420 ’
1597 424 1675 470 ὅσα
1703 423 1779 484 μὶν
1801 423 1966 483 affe-'wa'
1988 427 2025 471 τ’
2045 425 2134 472 ἐστὶ
2155 425 2228 472 καὶ
2250 430 2362 489 σαφῆ

1533 496 1604 544 ἐπὶ
1624 498 1852 562 κεφαλαίου
1873 498 2085 560 συντιμὼν
2108 500 2358 561 ὺιθήσομαι,

1531 569 1609 619 ὅσα
1643 573 1680 619 δ’
1704 573 1814 620 ἔστὶν
1838 575 1973 620 αὑτῶν
1996 575 2042 620 οὗ
2066 577 2208 638 σαφῶς
2235 576 2473 637 ἰγνωσμίνα
2489 611 2501 634 ,

1530 651 1554 695 δ
1575 649 1684 696 κατὰ
1707 649 1828 714 μέρος
1849 651 1963 697 ταῦτ’
1981 650 2251 714 ἱξακριὸώσιι
2269 651 2406 713 λόγος.

1468 725 1535 771 Ac
1546 740 1656 771 sane
1674 725 1936 773 notissimas
1944 726 2135 773 Graeciae
2152 727 2367 786 regiones
2383 726 2532 774 obiter
2546 728 2695 775 dunta‘

1467 809 1545 846 xat
1578 801 1866 862 perstringit,
1905 800 2048 848 fusius
2080 818 2193 848 vero
2230 800 2449 847 describit
2486 801 2683 850 Iber-iam

1467 874 1672 933 Italiam,
1696 875 1926 933 Siciliam,
1961 893 2091 924 oram
2114 878 2392 924 Adriaticam
2419 877 2652 941 Pontumq
2682 913 2685 918 -

1469 950 1728 1008 Euxinum,
1766 967 1851 998 nec
1903 951 2178 1000 subsistens·
2197 954 2247 1000 in
2283 955 2430 1000 sterili
2467 955 2709 1001 nominum

1467 1026 1835 1085 enumeratione,
1857 1041 1951 1072 non
1978 1042 2124 1089 pauca
2144 1028 2399 1091 interponit
2420 1029 2478 1075 de
2503 1029 2709 1075 locorum

1471 1101 1691 1163 temperie
1709 1110 1754 1157 et
1768 1110 1997 1162 proventu
2013 1110 2059 1147 et
2073 1101 2329 1148 incolarum
2352 1103 2586 1163 moribus,
2613 1119 2708 1166 prae

1467 1176 1631 1222 ceteris
1650 1191 1763 1222 vero
1792 1176 1848 1221 ad
1876 1175 2061 1222 urbium
2087 1177 2292 1236 origines
2321 1176 2653 1240 deductarumq
2697 1201 2701 1205 ¹

1467 1251 1755 1297 coloniarum
1795 1261 2006 1312 tempora
2036 1251 2251 1308 attendit,
2277 1252 2325 1297 in
2354 1251 2542 1313 quibus,
2567 1269 2650 1315 qu
2677 1277 2682 1294 ·

1468 1328 1611 1373 multa
1647 1328 1834 1373 aliunde
1868 1344 1960 1373 non
2000 1338 2106 1373 nota
2129 1339 2397 1387 occurrant,
2425 1330 2699 1393 praecipuun

1468 1402 1578 1448 libri
1605 1403 1807 1466 pretium
1831 1403 2032 1465 positum
2052 1414 2134 1450 est.
2711 1408 2713 1410 ’

1533 1493 1638 1540 115.
1663 1494 1969 1548 Quantumvis
2004 1504 2153 1540 autem
2193 1495 2446 1556 longinqua
2481 1496 2645 1542 itinera
2666 1506 2710 1543 et

1465 1568 1604 1616 πίστιν
1625 1570 1879 1627 αὗτοπτικὴν
1898 1581 2031 1633 poeta
2045 1570 2203 1632 jactet,
2221 1571 2441 1632 quidnam
2461 1571 2576 1617 lucri
2601 1570 2708 1618 hinc

1469 1645 1518 1690 in
1542 1661 1659 1707 opus
1682 1645 2173 1692 suum‘redundaverit
2187 1679 2201 1702 ,
2223 1646 2272 1691 in
2288 1646 2532 1707 superstite
2550 1646 2707 1693 saltem

1469 1731 1600 1781 parte
1615 1736 1708 1766 non
1729 1730 1932 1783 apparet.
1954 1721 2066 1765 Nam
2092 1721 2131 1766 si
2153 1736 2294 1772 unum
2312 1720 2567 1767 alterumve
2581 1711 2718 1770 exce?

1468 1795 1619 1855 peris,
1637 1811 1730 1841 non
1754 1796 1823 1842 sui
1850 1796 1935 1841 aevi
1962 1795 2287 1856 geographiam
2322 1795 2523 1857 scriptor
2550 1795 2721 1856 tradit,¹¹

1466 1870 1547 1916 sed
1566 1886 1702 1932 quam
1732 1871 1875 1917 multo
1901 1872 2187 1931 antiquiores
2210 1871 2460 1932 scriptores
2483 1870 2638 1932 prodi·
2663 1904 2671 1909 -

1466 1955 1596 2003 rant3
1619 1946 1732 1992 adeo
1759 1957 1809 1992 ut
1839 1946 1975 1992 hosce
2003 1947 2050 1991 in
2075 1946 2290 2007 plurimis
2319 1960 2480 2007 presso
2498 1945 2618 2007 pede
2636 1941 2741 1997 ’ἴω-ᾗ

1465 2030 1598 2068 cutus
1613 2036 1743 2080 esse,
1783 2036 1880 2083 prae
1910 2022 2072 2066 ceteris
2102 2031 2250 2066 autem
2275 2020 2460 2082 Ephoro
2496 2035 2550 2066 se
2578 2010 2742 2068 addi-⁵²

1465 2097 1590 2144 xisse
1612 2096 1839 2153 videatur,
1865 2097 2038 2184 quippe
2060 2112 2196 2157 quem
2214 2106 2259 2141 et
2277 2097 2375 2157 ipse
2397 2110 2642 2158 saepenum
2690 2086 2726 2135 ι’

1467 2182 1623 2218 testem
1642 2173 1765 2228 citat,
1788 2172 2015 2233 cujusque
2039 2173 2287 2231 fragmenta
2304 2186 2407 2217 cum
2426 2170 2580 2218 Nostri
2603 2175 2725 2231 τοῦ]

1467 2248 1627 2294 siculis
1649 2263 1854 2310 persaepe
1871 2262 2142 2309 comparare
2174 2247 2295 2294 licet.
2723 2236 2725 2238 ⁵

1534 2355 1552 2384 1
1568 2339 1637 2385 16.
1660 2338 1725 2384 De
1744 2340 1899 2382 Iberia
1918 2337 2061 2382 multo
2084 2336 2328 2383 disertiora
2347 2351 2483 2398 quam
2506 2336 2721 2384 Pseudo-

1465 2413 1633 2475 Scylax
1654 2411 1807 2459 habet.
1840 2412 1895 2457 ln
1923 2411 2094 2473 quibus
2114 2427 2216 2472 quae
2248 2411 2305 2457 de
2331 2411 2563 2458 Celtarum
2585 2405 2712 2459 sedi‘·

1466 2487 1571 2549 bus,
1604 2499 1649 2535 et
1668 2489 1753 2534 hac
1774 2487 1929 2534 oblata
1960 2488 2201 2533 occasione
2233 2487 2290 2534 de
2315 2497 2532 2548 quattuor
2554 2490 2627 2545 τῆς
2657 2516 2660 2521 ι

1466 2562 1667 2622 κουμένης
1686 2562 1901 2623 gentibus
1922 2562 2149 2618 maximis,
2170 2561 2326 2618 Celtis,
2340 2561 2486 2618 Indis,
2503 2561 2664 2623 Scyth·
2680 2548 2685 2554 “
2703 2548 2709 2555 .

1464 2637 1774 2700 lEthiopibus‚
1794 2638 2062 2683 inseruntur
2083 2637 2223 2698 (170),
2242 2651 2298 2681 ex
2321 2634 2503 2698 Ephoro
2519 2635 2647 2683 flu'xi
2694 2670 2699 2674 -
2718 2651 2720 2655 ·

1463 2723 1600 2775 patet.
1619 2712 1849 2759 Notabilia
1866 2713 1914 2758 in
1932 2713 2020 2758 hoc
2032 2713 2179 2774 capite
2197 2712 2441 2759 traduntur
2457 2712 2515 2759 de
2530 2712 2711 2778 Δίῑὶιίοῇὲ

1462 2805 1572 2851 pum
1599 2791 1648 2835 in
1667 2789 1860 2851 Erythia
1878 2789 2031 2835 insula
2049 2789 2231 2835 colonia
2256 2787 2402 2853 (157),
2425 2788 2483 2836 de
2504 2788 2559 2835 Τ
2610 2812 2645 2828 ιι
2700 2793 2715 2812 ⁴

1463 2867 1638 2912 ditione
1662 2865 1805 2928 (162),
1835 2867 1892 2912 de
1919 2865 2175 2927 Bebrycum
2200 2865 2388 2912 sedibus
2409 2865 2554 2929 (aot),
2578 2875 2624 2914 et
2660 2871 2708 2905 v*

1463 2940 1638 2987 boreali
1678 2942 1918 2998 columna,
1960 2957 2061 3002 quae
2097 2941 2218 3003 apud
2255 2941 2444 2988 ultimos
2474 2939 2625 2989 Celtas
2653 2941 2690 2989 ί

1464 3032 1590 3062 mare
1606 3016 1850 3078 projicitur
1873 3015 2018 3080 (190).
2038 3043 2099 3052 ——
2113 3017 2179 3062 De
2197 3021 2381 3076 Ligur-Ia
2399 3016 2586 3077 regione
2687 3023 2699 3074 J
2750 3071 2752 3078 χ

1465 3093 1653 3154 Scylace
1688 3093 1849 3139 Noster
1872 3093 2126 3148 consentit,
2173 3094 2264 3139 nisi
2290 3092 2414 3154 quod
2447 3094 2648 3141 accurati
2678 3110 2710 3154 ιζ
2754 3125 2756 3147 ι

1463 3168 1627 3229 Scylax
1643 3170 1762 3214 inter
1776 3168 2009 3228 regionem
2029 3183 2151 3214 mere
2171 3167 2429 3227 Ligur-icam
2447 3175 2583 3228 atque
2601 3167 2704 3215 eam

1463 3261 1598 3306 quam
1641 3245 1833 3305 Ligures
1867 3245 2077 3292 Iberibus
2121 3245 2250 3290 mixti
2296 3253 2502 3301 teneant,
2541 3244 2683 3292 distin
2702 3261 2718 3267 ·⁴
2754 3233 2756 3270 ¹

1462 3321 1576 3379 guit.
1604 3346 1664 3355 —
1685 3324 1841 3365 Italioe
1872 3330 2063 3376 statum,
2084 3320 2122 3365 si
2160 3319 2311 3365 mittas
2333 3317 2519 3364 Romam
2541 3318 2656 3366 urhe
2687 3344 2707 3374 ιι,
2755 3371 2756 3380 ἦ

1464 3406 1678 3456 tanquam
1723 3395 1870 3457 ἄστρον
1907 3393 2039 3440 κοινὸν
2072 3396 2143 3449 τῆς
2180 3392 2279 3449 ὅλης
2310 3393 2550 3451 οἰκουμένης
2577 3393 2654 3458 (23
2755 3383 2756 3386 Ἴ

1465 3470 1657 3516 honoris
1695 3485 1829 3515 causa
1871 3479 2188 3524 memoratam,
2224 3469 2530 3529 antiquiorem
2565 3459 2702 3531 quant

1462 3547 1627 3607 Scylax
1666 3545 1868 3591 exhibet.
1897 3544 2007 3591 Nam
2031 3545 2193 3606 Scylax
2222 3549 2476 3606 Campanos
2493 3554 2540 3592 et
2557 3544 2682 3593 Luca
2708 3596 2713 3609 ,Ἰ

1464 3640 1547 3669 nos
1562 3624 1656 3685 jam
1679 3640 1771 3669 orae
1796 3622 2035 3668 maritima!
2055 3622 2230 3667 accolas
2253 3623 2411 3679 novit3
2435 3621 2597 3668 Noster
2634 3644 2668 3660 a·
2700 3646 2707 3662 u

1464 3698 1612 3745 adhuc
1641 3700 1688 3744 in
1715 3698 2063 3744 mediterraneis
2082 3697 2245 3755 habet,
2270 3713 2397 3745 oram
2427 3712 2540 3744 vero
2563 3697 2679 3743 meri
2708 3744 2714 3749 ,

1464 3776 1693 3822 dionalem
1721 3785 1859 3821 totam
1886 3776 2045 3821 tribuit
2067 3775 2317 3831 OEnotriae,
2344 3776 2392 3821 in
2410 3788 2503 3835 qua
2520 3772 2702 3819 Italia·

1463 3862 1507 3898 et
1529 3850 1757 3913 Japygum
1783 3850 2212 3912 Messapioi-umque
2237 3849 2437 3896 ditiones
2459 3862 2663 3894 memora
2676 3867 2706 3911 ‘3

1465 3926 1579 3973 adeo
1604 3937 1653 3972 ut
1676 3925 1771 3972 haec
1788 3927 1999 3987 proxime
2029 3925 2243 3972 accedant
2275 3924 2332 3970 ad
2363 3938 2417 3969 ea
2445 3938 2548 3985 quae
2570 3938 2619 3968 v
2701 3964 2703 3966 .

1467 4002 1548 4048 ille
1577 4001 1831 4048 Antiochus
1861 4002 2176 4063 Syracusanus
2198 3998 2418 4063 prodidit.
2445 4023 2504 4034 —
2533 3999 2702 4044 Sice‘li
