2808 4342
220 174 316 214 ⁴8⁰

282 290 356 321 ιη.
392 271 492 319 Ἀπὸ
510 269 591 315 αν
614 265 808 325 Διδύμων
829 263 965 319 νήσων
985 264 1039 314 εἰς
1057 261 1176 307 πόλιν
1196 259 1455 320 καλουμένην

216 342 387 391 Μαλλὸν
404 338 563 385 στάδιοι
582 335 635 396 ρ’.

283 425 357 456 ua.
392 404 495 453 Ἀπὸ
519 404 694 451 Μαλλοῦ
712 403 768 452 εἷς
791 397 1042 460 Ἀντιόχειαν
1065 395 1135 443 ἐπὶ
1160 395 1363 459 Πυρᾶμου
1381 414 1455 443 πο-

216 481 348 538 ταμοῦ
368 475 525 522 στάδιοι
549 473 627 535 ρν’.

283 563 356 595 ιω.
394 545 494 592 Ἀπὸ
529 546 601 597 τῆς
625 538 871 601 Ἀντιοχείας
897 537 965 583 ἐπὶ
987 537 1061 593 τὴν
1099 535 1286 592 Ἰωνίαν,
1309 535 1360 591 ἣν
1387 539 1456 581 νῦν

218 614 415 679 Κεφαλὴν
438 614 636 664 καλοῦσι,
662 609 821 654 στάδιοι
854 606 906 654 ο’.
977 604 1103 667 Παρὰ
1122 604 1168 650 τὸ
1198 602 1456 667 ἀκρωτήριον

215 683 399 742 ποταμός
420 682 508 726 ἐστι
526 676 702 733 πλωτὸς,
727 675 804 742 [ὃς]
838 673 1041 738 Πύραμος
1061 675 1267 721 καλεῖται.

215 837 315 863 num
333 819 785 867 nectaneb-emman,
800 816 916 873 quod
939 814 1095 858 claudit
1111 816 1250 856 sinum
1268 814 1459 866 Issicum,

213 885 266 927 ab
286 884 366 925 hoc
384 896 483 923 vero
505 881 676 935 tringita
692 879 776 920 fere
791 878 933 920 stadiis
947 878 1116 919 boream
1134 890 1275 917 versus
1303 883 1465 917 exstent

212 946 306 988 duae
325 945 467 987 insulae
482 944 639 997 exiguae
666 955 678 983 ι
699 941 894 998 proclivis
915 948 977 981 est
999 938 1238 994 conjectura
1259 938 1340 979 hoe
1367 952 1465 994 pro·

217 1009 472 1050 montorium
487 1014 529 1047 et
546 1006 620 1047 has
636 1004 790 1046 insulas
805 1004 848 1045 in
863 1002 1093 1045 Stadiasmo
1109 1001 1243 1042 notari
1260 998 1466 1055 corruptis

217 1072 327 1112 notis
362 1069 651 1111 distantiarum
665 1099 677 1117 ,
720 1082 770 1109 ac
796 1067 980 1122 primum
1014 1063 1183 1120 quidem
1217 1077 1294 1104 nos
1315 1060 1465 1103 deduci

219 1132 270 1174 ad
291 1131 643 1188 promontorium,
672 1128 824 1170 deinde
845 1127 1072 1169 insularum
1090 1126 1342 1167 mentionem
1367 1138 1467 1165 con·

217 1204 281 1237 tra
303 1194 494 1236 ordinem
519 1193 677 1250 parapli
707 1192 822 1247 (piasi
845 1190 884 1232 ἐν
916 1191 1096 1246 παρέργῳ
1114 1187 1253 1243 adjici.
1282 1186 1348 1230 Ad
1370 1201 1467 1242 pro-

214 1260 472 1300 montorium
493 1256 593 1298 illud
610 1254 807 1312 ponenda
822 1263 884 1295 est
904 1253 983 1295 alta
997 1255 1208 1306 Megarsus
1225 1250 1286 1292 vel
1304 1251 1465 1304 Magar-

213 1336 280 1364 sos
298 1323 316 1375 (
333 1321 388 1363 cs.
420 1329 506 1362 not.
526 1334 612 1373 seq.
638 1317 650 1373 )
676 1331 772 1358 cum
792 1318 991 1357 Minervae
1012 1314 1183 1370 templo.
1207 1316 1269 1355 Ae
1298 1312 1468 1353 sortasse

215 1385 341 1427 verba
362 1384 481 1439 ἄκραν
504 1379 811 1423 ΙΑΝΟΥΑΡΙΑΝ
828 1386 1024 1434 corrupta
1045 1385 1144 1418 sunt
1166 1391 1216 1417 ex
1234 1376 1352 1430 ἄκραν
1374 1374 1468 1415 ΜΕ-

213 1446 428 1490 I‘APClAN
445 1462 456 1497 ;
481 1446 543 1486 sin
561 1444 791 1499 genuinum
814 1455 967 1482 nomen
988 1448 1049 1481 est
1064 1442 1347 1480 Romanorum
1368 1445 1469 1478 tem-

214 1511 386 1567 poribus
402 1510 494 1550 Jani
530 1507 733 1562 tempium
753 1506 796 1545 in
828 1505 1027 1545 Minervae
1059 1501 1200 1542 tanum
1230 1500 1470 1541 successisse

214 1573 437 1629 putaveris.

278 1641 370 1679 162.
395 1634 432 1674 Μ
447 1649 471 1673 α
486 1630 643 1686 λλόν]
671 1632 734 1670 De
755 1629 833 1670 hac
851 1628 955 1669 urbe
975 1628 1031 1669 ita
1053 1626 1196 1682 Scylax
1219 1640 1261 1681 p.
1291 1640 1343 1680 77
1364 1638 1373 1666 :
1398 1641 1468 1666 πο-

214 1700 334 1755 ταμὸς
352 1698 530 1752 Πύραμος
541 1695 605 1735 καὶ
617 1693 729 1740 πόλις
747 1691 909 1739 Μαλλὸς
922 1690 972 1739 εἰς
987 1691 1033 1742 ἣν
1046 1690 1068 1730 ὁ
1084 1688 1277 1736 ἀνάπλους
1288 1687 1386 1729 κατὰ
1402 1688 1469 1729 τὸν

214 1762 405 1817 ποταμόν.
432 1759 539 1800 Mela
557 1760 593 1807 1,
633 1757 682 1797 13
715 1768 725 1796 :
759 1758 996 1810 Pyramus..
1027 1753 1187 1795 Mallon
1201 1751 1467 1808 praterflait.

215 1824 363 1867 Strabo
385 1837 427 1878 p.
454 1822 533 1874 675
555 1820 607 1861 ab
626 1832 778 1859 occasu
806 1815 1064 1872 procedens:
1095 1816 1342 1872 Πύραμος....
1367 1813 1470 1866 πλη-

216 1888 299 1928 σίον
323 1886 364 1926 δὲ
397 1884 462 1925 καὶ
497 1882 692 1929 Μαλλός..
719 1879 767 1920 Οἱ
797 1881 910 1934 τάφοι
944 1880 1111 1934 (Mopsi
1143 1887 1183 1919 et
1206 1877 1470 1933 Amphilochi

215 1947 483 1993 conditorum
506 1947 518 2003 )
542 1945 628 2001 περὶ
654 1943 848 2000 Μάγαρσα
871 1945 938 1984 τῡῦ
964 1940 1150 1997 Ποράμου
1166 1941 1348 1994 πλησίον.
1366 1941 1471 1981 Cur·

216 2014 299 2056 tius
339 2013 417 2062 111,
457 2025 481 2064 7
519 2023 529 2050 :
566 2009 579 2064 (
599 2006 834 2051 Alexander
867 2008 998 2048 Tarso
1022 2004 1235 2061 profectus
1252 2006 1267 2058 )
1295 2007 1471 2057 Pyramo

216 2090 334 2116 amne
340 2083 466 2131 ponte
466 2075 616 2127 juncto
631 2069 689 2110 acl
699 2067 1091 2125 Mallumpervenit.
1116 2068 1280 2107 Arrian.
1296 2067 1353 2114 11,
1367 2066 1406 2114 5,
1420 2067 1443 2106 8
1458 2078 1467 2104 :

222 2136 288 2185 Ἐς
321 2137 533 2191 Μάγαρσον
555 2128 625 2184 ἧκε
649 2132 713 2173 καὶ
735 2134 784 2187 τῇ
816 2130 955 2185 Ἀθηνᾷ
983 2133 1035 2186 τῇ
1070 2128 1285 2183 Μεγαρσίδι
1311 2126 1466 2167 ἔθυσεν·

219 2197 391 2240 ἐντεῦθεν
412 2196 452 2237 δὲ
482 2195 519 2243 ἐς
540 2194 707 2235 Μαλλὸν
736 2192 908 2247 ἀφίκετο.
932 2190 1195 2245 Stephanus:
1233 2189 1443 2242 Μάγαρσος
1458 2219 1468 2238 ,

219 2262 397 2315 μέγιστος
417 2258 536 2311 ὄχθος
556 2256 596 2297 ἐν
617 2258 666 2311 τῇ
687 2253 840 2308 Κιλικίᾳ
858 2253 950 2308 πρὸς
964 2254 1013 2307 τῇ
1030 2249 1220 2306 Alaun:
1237 2250 1303 2291 καὶ
1321 2250 1474 2305 Μεγαρ·

217 2323 279 2364 σία
314 2321 453 2374 Ἀθηνᾶ
482 2319 568 2361 ἐκεῖ·
588 2319 755 2373 ἵδρυται.
783 2315 1050 2371 Lycophron.
1087 2314 1171 2367 439
1209 2326 1219 2354 :
1260 2312 1369 2360 αἰπὺς
1395 2313 1472 2354 Μέ-

217 2401 373 2441 γαρσος,
399 2383 556 2425 Plinius
568 2383 623 2432 V,
646 2384 735 2433 22§
752 2393 801 2433 9¹
826 2392 835 2419 :
857 2377 1013 2435 oppida
1031 2376 1206 2425 Mallus,
1231 2378 1469 2428 Magarsus.

218 2449 460 2491 Ptolemaeus
487 2477 496 2486 .
534 2443 699 2490 Μαλλὸς
734 2445 807 2483 68”
840 2442 918 2490 3ο,
950 2441 1060 2495 long.
1101 2439 1285 2494 Πυράμου
1316 2438 1474 2480 ἐκὸολαί

219 2514 292 2553 68’·
324 2525 338 2551 1
351 2512 398 2551 5¹.
423 2509 548 2563 Σάρου
565 2506 725 2548 ἐκὸολαί
742 2508 831 2546 68⁰.
854 2527 911 2535 —
926 2504 1035 2545 Hinc
1051 2502 1209 2555 colligis
1235 2501 1405 2543 Mallum
1420 2502 1473 2542 ab

218 2573 416 2614 orientale
452 2570 567 2611 iluvii
598 2569 739 2618 latere,
766 2581 851 2607 non
881 2575 1019 2607 tamen
1049 2563 1101 2605 ad
1136 2565 1265 2619 ipsam
1290 2564 1474 2604 fluminis

221 2636 353 2690 ripam
371 2633 494 2673 fuisse
509 2632 701 2687 positam.
725 2629 993 2671 Accuratiora
1012 2624 1318 2667 desiderantur.
1332 2624 1473 2679 Vulgo

220 2695 272 2737 ad
299 2695 466 2736 Mallum
483 2694 668 2734 referunt
681 2693 824 2733 ruinas
847 2705 939 2747 quae
959 2704 1044 2731 non
1060 2689 1183 2743 longe
1210 2703 1234 2729 a
1253 2687 1473 2729 Kar-adach

224 2761 410 2799 Boanum
431 2765 610 2803 exstant3
633 2764 754 2809 atque
781 2768 911 2809 quum
931 2767 1062 2809 prope
1076 2752 1189 2793 hunc
1210 2750 1347 2791 locum
1364 2750 1474 2791 lacus

221 2821 263 2861 in
284 2835 395 2861 mare
411 2828 550 2867 exeat,
576 2818 618 2858 id
655 2826 768 2857 vetus
790 2831 876 2857 esse
899 2815 1064 2871 Pyrami
1090 2816 1241 2856 ostium
1270 2821 1469 2855 statuunt.

221 2881 346 2936 Quod
370 2883 402 2921 si
429 2890 536 2922 recte
560 2881 621 2930 fit,
647 2879 754 2919 salsae
777 2887 873 2919 sunt
895 2877 1101 2918 distantiae
1121 2891 1222 2931 quas
1241 2875 1363 2917 habet
1385 2874 1473 2917 Sta·

175 3000 178 3002 v
221 2943 404 2986 diasmus
425 2952 512 2984 tum
533 2942 612 2983 boc
633 2941 723 2981 loco
747 2948 834 2980 tum
863 2941 904 2979 in
931 2952 1047 2994 seqq.
1080 2938 1186 2979 Illud
1210 2953 1376 2993 quoque
1396 2939 1473 2979 mi·

221 3009 349 3057 raris,
371 3005 474 3047 nihil
499 3013 642 3046 nostro
668 3003 759 3044 loco
784 3001 836 3042 de
863 3003 1041 3056 Pyramo
1066 3002 1217 3050 notari,
1238 3000 1324 3040 sed.
1350 3004 1372 3052 §
1399 3002 1472 3041 163

222 3068 487 3112 Antiochiam
507 3066 559 3109 ad
578 3069 801 3122 Pyramum
818 3062 995 3114 laudari,
1021 3066 1044 3117 S
1067 3066 1142 3111 ι64
1160 3061 1328 3102 demum
1345 3061 1473 3102 discr-

223 3133 371 3173 tiorem
396 3131 510 3171 fluvii
540 3129 794 3171 mentionem
833 3125 962 3183 injici.
989 3128 1254 3181 Quapropter
1276 3125 1472 3178 suspicari

223 3195 353 3253 possis
367 3194 683 3237 turbatamesse
698 3189 847 3249 peripli
869 3189 1148 3231 narrationem
1167 3193 1209 3230 et
1224 3201 1271 3227 ex
1290 3187 1475 3242 cosnplu·

224 3259 341 3301 ribus
376 3258 559 3300 sontibus
602 3256 708 3297 male
750 3254 969 3296 conflatam
987 3286 997 3303 ‚
1037 3266 1113 3293 nec
1147 3250 1349 3291 diversam
1388 3265 1474 3290 csse

220 3321 391 3364 Mallum
408 3320 476 3362 ab.
495 3317 716 3362 Antiochia
735 3316 796 3359 ἐπὶ
817 3316 1001 3372 Πυράμου
1023 3311 1164 3371 (quod
1187 3327 1339 3354 nomen
1359 3322 1472 3353 certo

223 3383 404 3439 quodam
425 3392 611 3438 tempore
635 3380 763 3423 Mallo
793 3380 914 3421 suerit
937 3382 970 3433 ),
990 3392 1066 3419 nee
1095 3375 1333 3430 Ἰανουαρίαν
1354 3374 1473 3429 ἄκραν

223 3446 390 3487 ‹lillerre
415 3445 467 3486 ab
492 3444 621 3499 Ἰωνίᾳ
651 3443 767 3499 ἄκρᾳ,
802 3451 843 3484 et
861 3441 1044 3498 diaplum
1075 3442 1098 3494 S
1126 3442 1200 3488 164
1224 3437 1277 3480 ab
1302 3437 1471 3492 scopulo

223 3510 392 3549 nosaico
407 3508 527 3563 dirigi
547 3506 599 3549 ad
619 3506 956 3563 promontorium
969 3503 1082 3560 quod
1098 3502 1150 3545 ab
1171 3514 1318 3544 occasu
1333 3500 1469 3541 sinum

223 3572 395 3611 Issicum
416 3570 584 3620 claudit,
602 3582 784 3624 eumque
800 3566 984 3623 diaplum
1000 3580 1085 3623 prae
1099 3563 1246 3608 ceteris
1262 3561 1386 3604 fuisse
1402 3577 1473 3603 no·

223 3632 416 3675 tandum.
434 3632 512 3674 Sed
533 3647 584 3673 ne
603 3631 704 3687 quid
720 3629 998 3673 confidentius
1017 3640 1311 3675 asseveremus,
1329 3638 1472 3667 manca

224 3702 365 3737 nostra
384 3694 536 3736 horum
560 3694 746 3735 locorum
763 3694 1001 3747 cognitione
1018 3689 1285 3748 impedimur.
1313 3687 1473 3729 Deinde

226 3772 324 3800 vero
339 3757 446 3800 bene
463 3756 688 3799 tenendum
710 3765 785 3807 est,
814 3770 1012 3798 numeros
1041 3752 1258 3797 Stadiasmi
1282 3752 1338 3793 ita
1357 3765 1471 3792 com-

225 3829 389 3877 paratos
403 3834 506 3870 ase,
519 3820 619 3861 utin
635 3834 750 3860 oram
766 3833 859 3874 qua·
871 3828 930 3860 est
942 3834 963 3860 a
977 3817 1168 3874 Didymis
1183 3814 1325 3874 insulis
1343 3827 1473 3869 usque

227 3883 281 3924 ad
303 3884 448 3925 Sarum
474 3882 665 3932 fluvium,
683 3881 889 3937 quadrent
905 3882 1075 3937 optime,
1099 3880 1227 3921 modo
1253 3892 1305 3919 ne
1323 3874 1376 3917 de
1394 3876 1472 3917 situ

226 3945 336 3987 Malli
353 3946 467 3987 urbis
495 3944 722 4001 quidquam
750 3942 1099 3999 pur-judicaveris.
1117 3942 1281 3983 Etenim
1301 3939 1376 3980 sia
1404 3938 1476 3979 Di·

227 4006 362 4063 dymis
372 4007 516 4050 insulis
538 4021 671 4065 usque
691 4005 743 4049 ad
767 4005 939 4050 Mallum
958 4014 1052 4048 sunt
1070 4003 1199 4047 stadia
1222 4015 1314 4054 loo,
1338 4000 1475 4057 sequi-

702 128 743 171 ⁶
1352 151 1649 200 auom’m

1592 266 1685 304 162.
1717 265 1755 305 A
1778 262 1970 319 Didymis
1990 263 2135 305 insulis
2155 263 2208 305 ad
2228 263 2375 305 urbem
2404 262 2575 304 Mallum
2605 263 2738 309 nomi
2761 258 2771 263 ’

1529 329 1662 372 stadia
1683 343 1776 373 ¹00.
2002 337 2009 352 ⁸

1531 447 1533 450 ¹
1591 398 1683 439 163.
1718 400 1753 439 A
1786 396 1911 438 Mallo
1932 395 1985 438 ad
2008 397 2271 440 Antiochiam
2297 397 2415 453 juxta
2452 399 2677 453 Pyramum
2715 376 2740 391 ⁴
2758 411 2766 453 g

1531 467 1644 507 vium
1663 464 1794 507 stadia
1820 466 1912 507 150.

1592 538 1685 584 164.
1719 534 1785 576 Ab
1819 533 2039 576 Antiochia
2058 531 2111 573 ad
2135 533 2296 574 Ioniam
2323 538 2448 589 quam
2480 549 2590 576 :tunc
2613 535 2771 591 Cep-5²

1530 603 1598 645 len
1614 610 1777 653 vooent,
1794 600 1925 643 stadia
1942 615 2011 655 70·
2070 602 2194 641 Juxta
2214 598 2257 640 id
2273 603 2606 655 promontorium
2627 602 2727 644 iluvi
2742 623 2743 627 =
2761 594 2773 614 ²

1531 680 1593 714 est
1609 671 1870 727 navigabilis,
1891 671 1963 727 qui
1985 678 2152 711 vocatur
2167 670 2385 725 Pyramus.
2769 653 2774 659 ⁴

1534 815 1606 849 tur
1631 805 1802 848 Mallum
1833 819 1889 860 70
1915 803 1999 846 fere
2030 803 2161 846 stadia
2190 818 2212 844 a
2242 803 2530 858 promontorio
2773 799 2777 801 ’

1539 875 1744 911 remotam
1763 866 1903 915 fuisse.
1925 880 2017 921 quae
2034 865 2207 907 adverso
2223 868 2400 921 Pyramo
2421 865 2547 905 ssuvio
2566 865 2704 916 enavi
2759 870 2761 874 ’

1535 930 1588 973 da
1603 939 1736 972 erant.
1763 932 1798 971 A
1826 928 1953 970 Mallo
1973 936 2110 970 autem
2148 929 2190 969 in
2214 928 2294 969 hoc
2328 929 2419 971 loco
2441 928 2635 985 ponenda
2680 949 2719 966 m
2764 920 2769 936 ⁴

1536 992 1589 1034 ad
1621 994 1769 1035 Sarum
1813 991 1987 1032 fluvium
2026 991 2069 1031 in
2113 990 2316 1047 Choeneyi
2351 1006 2497 1048 mappa
2536 1005 2665 1047 quum
2702 991 2735 1032 ε’
2758 988 2764 994 “

1538 1057 1620 1098 330
1636 1055 1721 1097 sere
1739 1052 1894 1105 stadia,
1911 1052 2067 1109 optime
2090 1051 2270 1107 quadrat
2294 1052 2513 1096 Stadiasmi
2538 1061 2709 1110 comput
2741 1043 2759 1057 ⁴'

1537 1132 1622 1173 quo
1637 1116 1889 1171 colliguntur
1905 1113 2037 1156 stadia
2058 1114 2140 1162 340
2162 1113 2175 1170 (
2196 1114 2272 1156 150
2294 1115 2344 1163 -l-
2362 1128 2416 1169 70
2434 1114 2483 1163 -l-
2506 1128 2584 1158 uo
2598 1118 2632 1170 ).
2652 1117 2748 1157 Pon
2789 1151 2793 1159 .

1537 1195 1560 1222 a
1575 1179 1745 1236 scopulo
1766 1178 1947 1221 Rliosioo
1962 1190 2092 1234 usque
2105 1177 2157 1218 ad
2177 1191 2272 1218 eum
2287 1176 2441 1227 locum,
2458 1189 2543 1232 quo
2559 1190 2611 1220 ex
2626 1176 2750 1220 Stadia

1538 1258 1628 1284 smo
1658 1241 1881 1284 Antiochia
1910 1240 1962 1283 ad
1985 1242 2207 1296 Pyramum
2244 1237 2498 1288 collocanda,
2526 1237 2687 1296 diaplns
2726 1256 2748 1280 e
2768 1231 2770 1234 ’

1540 1306 1621 1347 350
1636 1304 1883 1354 stadiorum,
1904 1301 2144 1345 ac‘totidem
2168 1301 2294 1343 habes
2324 1302 2366 1342 in
2386 1300 2615 1342 Stadiasmo
2638 1303 2662 1355 S
2689 1304 2760 1344 167

1540 1368 1637 1408 Haee
1662 1367 1789 1421 igitur
1820 1380 1950 1422 quum
1985 1365 2090 1406 bene
2121 1365 2369 1414 concinant,
2390 1361 2654 1405 statuendum
2683 1361 2746 1405 sor

1540 1429 1674 1470 tribus
1690 1430 1834 1471 saltem
1857 1429 1972 1470 ostiis
1994 1429 2216 1483 Pyramum
2233 1426 2275 1467 in
2291 1440 2404 1467 mare
2422 1426 2583 1477 exiisse,
2602 1440 2688 1468 uno
2703 1440 2743 1468 η(

1540 1492 1662 1548 longe
1686 1508 1710 1535 a
1734 1491 1860 1534 Mallo
1892 1490 2011 1541 urbe,
2032 1490 2160 1531 altero
2193 1487 2244 1530 ad
2275 1488 2555 1538 Antiochiam,
2584 1489 2707 1530 tertio
2741 1507 2747 1525 ι

1540 1556 1771 1611 Cephaiem
1800 1556 1843 1596 in
1859 1553 2020 1610 periplo
2042 1561 2177 1594 autem
2196 1551 2359 1593 nonnisi
2381 1552 2488 1592 tertii
2515 1550 2608 1591 ostii
2625 1564 2750 1607 expre
2768 1562 2771 1565 ·

1541 1632 1628 1660 sam
1645 1619 1733 1659 tieri
1749 1618 2020 1666 mentionem,
2045 1622 2263 1671 propterea
2283 1612 2397 1670 quod
2419 1613 2461 1655 in
2479 1613 2543 1654 his
2564 1612 2678 1654 sonte
2696 1621 2756 1654 ut«

1543 1683 1680 1732 batur,
1707 1684 1778 1737 qui
1814 1696 1898 1723 non
1922 1681 1974 1722 ab
2001 1681 2160 1721 oriente
2188 1678 2240 1720 ad
2273 1691 2488 1727 occasum,
2526 1675 2598 1718 sed
2628 1677 2716 1719 inv
2746 1711 2752 1718 .

1542 1747 1605 1786 via
1621 1744 1887 1801 procedebat,
1907 1743 2155 1799 Pyramique
2176 1742 2427 1783 mentionem
2446 1737 2586 1795 injecit
2610 1753 2660 1781 eo
2702 1759 2709 1775 ι
2752 1757 2761 1775 ι

1541 1808 1613 1849 ubi
1650 1809 1831 1864 primum
1856 1808 1969 1847 ssuvii
2006 1806 2157 1845 ostium
2190 1811 2443 1845 occurreret.
2469 1801 2568 1857 Ejus
2590 1802 2702 1844 enim
2760 1822 2768 1838 a

1542 1872 1639 1912 satis
1674 1870 1937 1912 manifestum
1969 1867 2168 1909 indicium
2205 1868 2309 1907 inest
2338 1868 2361 1919 S
2395 1869 2469 1914 164
2483 1896 2494 1914 ,
2530 1865 2601 1906 ubi
2639 1865 2742 1906 Nost
2754 1892 2769 1899 -·

1543 1935 1783 1975 inattentior
1797 1932 1940 1973 scribit
1958 1931 2051 1987 πρὸς
2063 1928 2254 1977 ἀνατολὰς
2273 1941 2441 1969 cursum
2461 1926 2600 1981 dirigi,
2617 1927 2688 1982 qui
2703 1940 2727 1967 e

1542 1996 1634 2052 πρὸς
1651 1996 1827 2051 ἑσπέραν.

1599 2062 1745 2113 5163.
1780 2057 2080 2112 Ἄντίοχειαν
2106 2055 2185 2098 ἐπὶ
2205 2054 2459 2110 Πυράμου]
2480 2051 2781 2095 MemoratA·'

1542 2122 1739 2163 tiochiam
1760 2119 1830 2173 τὴν
1849 2120 1911 2163 ἐπὶ
1925 2121 2109 2176 Πυράμου
2133 2118 2365 2175 Stephanus
2384 2118 2501 2171 Byz..
2526 2114 2630 2156 alius
2648 2111 2788 2158 nemo·

1541 2184 1888 2226 Mediterraneam
1910 2182 2057 2224 urbem
2091 2183 2198 2223 inter
2229 2179 2398 2221 Mallum
2435 2185 2477 2219 et
2493 2176 2734 2232 Mopsuesti

1542 2247 1662 2287 sitam
1692 2245 1911 2301 significari
1938 2243 2127 2286 nonnulli
2153 2249 2368 2298 putarunt.
2400 2239 2478 2282 Cui
2509 2238 2790 2286 sententie&

1543 2307 1790 2358 Stadiasmo‚
1808 2323 1858 2349 ex
1875 2321 1961 2363 quo
1976 2314 2063 2348 tota
2083 2306 2171 2347 haec
2183 2304 2356 2360 quaestio
2377 2299 2546 2359 pendet,
2564 2314 2596 2357 p
2627 2320 2635 2336 ·
2657 2320 2664 2335 ·
2711 2300 2739 2335 ·'
2768 2346 2781 2351 ,

1544 2380 1604 2412 tas
1615 2371 1772 2413 adstrui
1788 2367 1947 2426 nequit.
1961 2371 2066 2411 Nam
2079 2381 2283 2409 mensurae
2293 2367 2347 2408 ita
2363 2371 2610 2421 comparate
2619 2370 2732 2414 sunt,
2757 2385 2770 2414 μ
2786 2383 2792 2393 ·

1538 2433 1659 2490 juxta
1678 2449 1792 2476 oram
1815 2431 2129 2490 procedendum
2149 2431 2216 2471 sit.
2242 2431 2443 2471 Praeterea
2461 2439 2592 2483 quum
2607 2426 2631 2467 ὃ
2654 2450 2679 2460 α
2737 2448 2741 2458 ι
2762 2406 2791 2481 ,⁵

1543 2498 1768 2540 a-Rhosico
1797 2495 1968 2553 scopulo
1997 2493 2050 2536 ad
2089 2492 2351 2536 Antiochiam
2376 2488 2580 2540 tradatur,
2618 2501 2670 2530 eo
2700 2487 2733 2530 i
2763 2474 2793 2560 ἶ

1546 2562 1752 2603 maritima
1775 2561 1876 2602 urbs
1911 2557 2142 2607 indicatur;
2177 2569 2274 2597 nam
2303 2553 2357 2596 ad
2389 2549 2744 2597 meditamina&
2768 2560 2792 2609 [²

1546 2624 1734 2666 πλοιηου
1755 2623 1887 2665 solent
1902 2622 2125 2679 pertinere.
2145 2619 2238 2661 Huc
2254 2614 2429 2669 accedit,
2442 2613 2556 2672 quod
2567 2614 2628 2657 sio
2656 2634 2661 2648 ·
2709 2635 2715 2650 ·
2736 2584 2794 2649 i

1546 2689 1776 2738 nanciscor,
1797 2686 1849 2728 ad
1878 2700 2003 2741 quam
2035 2683 2179 2726 referri
2202 2679 2337 2738 possit*
2362 2692 2514 2721 numus
2531 2676 2685 2720 Cilieioe
2709 2673 2743 2719 Ἀ
2779 2652 2794 2699 Ῑ

1545 2751 1746 2805 τιοχέων
1778 2751 1859 2801 τῆς
1881 2739 2152 2803 παραλίας(
2172 2759 2239 2800 ap.
2261 2743 2453 2784 Mionnet
2466 2738 2674 2797 Supplem.
2772 2710 2793 2779 f

1544 2827 1587 2869 p,
1614 2813 1689 2867 195
1712 2812 1743 2868 ).
1763 2811 1844 2854 Ubi
1865 2811 2016 2852 ostium
2037 2808 2217 2865 Pymmi,
2239 2806 2306 2847 cui
2324 2802 2544 2848 Antiochia
2562 2798 2721 2857 adja
2762 2814 2788 2863 ssi

1543 2874 1803 2931 ponendum,
1826 2888 1937 2915 nunc
1964 2872 2074 2914 lacus
2090 2869 2208 2926 juxta
2238 2868 2335 2909 litus
2353 2862 2607 2908 extenditur.
2627 2865 2716 2917 Q·-·
2783 2874 2791 2919 j

1545 2936 1669 2979 hodie
1695 2938 1798 2978 ostia
1816 2936 1879 2977 illa
1902 2950 1987 2977 non
2016 2932 2191 2989 amplius
2210 2937 2387 2978 exstant,
2412 2926 2456 2970 id
2476 2940 2528 2969 ex
2552 2922 2692 2968 indole
2724 2948 2741 2960 v=
2784 2957 2791 2979 ,

1547 3001 1599 3040 vii
1634 2999 1749 3041 facile
1778 2998 2021 3054 explicatur.
2056 2994 2150 3036 Nilo
2187 2996 2390 3049 Pyramus
2425 2995 2690 3045 comparatur
2790 2993 2792 2998 “

1544 3062 1787 3103 Strabonem
1811 3075 1853 3117 p.
1879 3061 1946 3110 53,
1968 3059 2020 3100 de
2039 3071 2172 3114 eoque
2188 3054 2398 3097 serebatur
2418 3049 2631 3094 oraculum
2654 3061 2664 3091 :
2688 3047 2721 3091 1-
2739 3050 2757 3078 ’ὕ
2782 3103 2783 3106 ¹

1545 3139 1606 3164 ται
1640 3124 1875 3178 ἑπομένοις,
1911 3123 1975 3163 ὅτε
2005 3121 2184 3175 Πὺραμος
2222 3116 2439 3172 εὗρυοδίνης
2474 3111 2588 3165 ἠιόνα
2613 3125 2717 3168 προχ
2744 3140 2745 3145 ,
2783 3118 2788 3155 ζ

1549 3184 1652 3240 ἱερὴν
1679 3186 1713 3233 ἐς
1736 3186 1884 3239 Κύπρον
1901 3185 2050 3235 ἵκηται.
2069 3184 2261 3223 Ceterum
2274 3190 2406 3233 quum
2419 3176 2462 3217 in
2481 3172 2625 3216 medit
2744 3203 2749 3207 -
2799 3196 2802 3203 ·

1545 3256 1660 3287 vetus
1677 3247 1813 3287 alveus
1834 3254 1979 3294 exstet,
2001 3258 2085 3299 quo
2100 3243 2197 3283 olim
2220 3243 2344 3283 Surus
2365 3252 2460 3281 cum
2483 3239 2663 3294 Pyramo
2699 3258 2728 3272 ι·

1537 3308 1806 3365 jungebatur,
1820 3316 1861 3348 et
1875 3321 2004 3362 quum
2020 3305 2157 3362 plures
2172 3305 2259 3346 Sari
2273 3302 2376 3344 ostia
2387 3297 2674 3355 veteres-disti·
2797 3315 2801 3329 ⁴

1543 3378 1716 3426 arguant
1737 3369 1886 3427 Capita
1911 3368 2005 3410 Sari
2032 3366 2141 3424 apud
2161 3367 2323 3409 Livium
2353 3363 2555 3413 XXXIII,
2578 3364 2628 3412 41
2655 3361 2718 3415 (I
2746 3415 2750 3418 .
2797 3386 2799 3395 ·

1538 3431 1771 3488 pmstctum
1800 3446 1888 3472 eum
1910 3430 1969 3470 ad
1991 3430 2155 3487 sapim,
2181 3442 2271 3484 quoe
2294 3435 2464 3475 meane,
2485 3422 2581 3466 Sem·
2628 3431 2632 3437 ’
2705 3441 2725 3453 1*
2794 3439 2798 3451 ¹

1533 3495 1652 3548 sada
1678 3504 1898 3552 tempestas
1920 3494 2063 3534 oborta
2080 3506 2211 3549 prope
2231 3505 2322 3533 cum
2341 3488 2453 3532 omni
2481 3487 2613 3530 classe
2650 3508 2655 3517 s
2688 3509 2692 3514 2
2779 3477 2789 3504 ⁴

1542 3559 1630 3612 sit)
1651 3572 1659 3599 :
1680 3558 1849 3599 sortasse
1864 3557 1916 3598 ab
1934 3555 2153 3599 Antiochia
2176 3557 2243 3606 τῆς
2265 3552 2452 3610 παραλίας
2466 3558 2506 3593 et
2521 3552 2589 3603 τῆς
2608 3546 2645 3590 n
2675 3572 2682 3578 ›

1545 3636 1629 3663 non
1646 3620 1805 3661 diversa
1821 3628 1882 3661 est
1902 3617 2115 3673 ’Ἀντιόχεια
2139 3616 2163 3669 ἢ
2188 3617 2280 3672 πρὸς
2302 3619 2359 3671 τῷ
2374 3614 2504 3670 Σάρῳ,
2529 3622 2653 3668 quam
2686 3632 2689 3644 ι
2712 3631 2717 3642 ·
2772 3645 2783 3662 ,

1546 3700 1639 3727 mus
1657 3701 1680 3727 e
1711 3698 1841 3726 numo
1866 3681 2059 3725 Antiochi
2088 3679 2316 3737 Epiphania
2339 3680 2354 3732 (
2375 3674 2528 3720 Eckhet
2549 3682 2582 3716 t.
2609 3671 2632 3716 3
2648 3684 2749 3731 p.
2768 3682 2773 3711 1

1543 3748 1606 3789 Cf.
1635 3750 1821 3803 Droysen
1842 3745 2081 3787 Hellenism.
2112 3744 2169 3792 II,
2186 3756 2229 3798 p.
2256 3743 2382 3795 681).

1599 3813 1736 3864 516⁴.
1757 3805 2000 3864 κεφαλὴν]
2021 3805 2204 3861 κέφαλον,
2240 3802 2311 3846 sed
2334 3805 2358 3857 S
2382 3804 2458 3844 166
2488 3798 2565 3842 &nb
2587 3799 2654 3851 τῆς

1545 3873 1632 3925 λῆς,
1676 3871 1822 3913 codex.
1854 3871 2015 3911 Nomen
2051 3867 2203 3909 Ἰωνίαν
2240 3865 2482 3920 corruptum
2518 3874 2606 3903 ense
2664 3881 2695 3890 =-

1547 3937 1720 3985 Gailius,
1747 3934 1809 3976 ἐπὶ
1831 3932 1900 3985 τὴν
1931 3931 2110 3988 γωνίαν(
2142 3948 2158 3968 ι
2192 3928 2251 3970 ad
2279 3926 2489 3979 angulum,
2511 3921 2586 3981 qm‘
2671 3925 2709 3970 J
2735 3921 2760 3985 ,J

1541 3998 1667 4056 phnlc
1690 3997 1888 4047 meatur)
1908 3991 2174 4037 scribendum
2195 3988 2432 4046 conjiciens.
2457 3983 2571 4030 Nihil
2584 3993 2675 4044 «ιο,
2692 3978 2750 4030 Ϊ.ι’
