2782 4348
144 198 204 239 40
515 218 563 264 0

147 292 381 355 μεσογείας.
450 291 547 339 Εἰσὶ
564 291 607 337 δὲ
633 291 768 335 αὐτῶν
790 288 929 340 πόλεις
951 288 992 332 ἐν
1016 284 1212 346 μεσογείᾳ
1235 287 1279 331 αἱ
1301 302 1377 345 με-

143 363 270 421 γάλαι
292 361 396 408 αἵδε.
463 359 618 421 Τέγεα,
645 357 890 416 Μαντίνεια,
911 355 1084 416 Ἡραία,
1109 354 1379 417 Ὀρχομινὸς,

146 430 413 495 Στύμφαλος.
484 430 581 476 Elei
600 427 643 473 δὲ
664 426 735 472 καὶ
760 426 884 471 ἄλλαι
901 424 1056 476 πόλεις.
1125 423 1381 486 Παράπλους

146 500 190 548 δὲ
211 504 284 557 τῆς
300 502 551 560 Λεπρεατῶν
574 495 714 558 χώρας
735 493 883 540 στάδια
905 492 960 556 ρ’.

206 585 266 616 ⁴⁸.
292 570 548 615 ΜΕΣΣΙΙΝΗ.
577 562 700 611 Μετὰ
718 562 754 608 δ’
778 560 998 623 Ἀρκαδίαν
1016 561 1127 620 ζστὶν
1143 561 1251 615 ἔθνος
1270 564 1381 611 Μεσ·

143 637 248 694 σήν-η
262 672 276 694 ,
300 636 370 682 καὶ
393 635 530 685 πόλεις
554 635 594 678 ἐν
619 634 724 692 αὐτῇ
753 628 868 677 αἵδε·
890 629 1066 695 (πρώτη
1089 631 1290 689 Μεσσήνη
1310 633 1382 679 καὶ

143 705 312 765 λιμήν)
334 702 597 764 Κυπάρισσος
628 699 845 763 ἀπέχουσα
875 700 961 747 ἀπὸ
995 700 1201 758 Θαλάττης
1231 702 1381 748 στάδια

144 775 195 828 ζ’,
220 772 370 831 Ἰθώμη
390 775 432 818 ἐν
452 770 648 833 μεσογείᾳ
667 770 882 833 ἀπέχουσα
906 770 990 817 ἀπὸ
1008 772 1214 827 θαλάττης
1234 771 1382 817 στάδια

145 842 205 888 π’.
229 842 483 903 Παράπλους
499 839 542 885 δὲ
561 842 636 896 τῆς
650 839 893 895 Μεσσηνίας
907 838 1048 903 χώρας
1069 839 1218 886 στάδια
1236 839 1287 884 τ’.

202 926 258 957 16.
295 915 639 958 Animantium.
654 910 703 935 *⁴
728 909 1007 970 Λακεδαίμων
1046 909 1179 966 ἔθνος,
1204 906 1277 955 καὶ
1300 907 1383 955 πό-

140 984 221 1033 λεις
239 983 280 1025 ἐν
297 982 400 1039 αὐτῇ
421 980 523 1025 εἰσὶν
541 977 629 1024 αἵδε
642 998 652 1007 ·
675 978 831 1035 Ἀσίνη,
850 978 1045 1036 Μοθώνη,
1069 978 1295 1040 Ἀχίλλειος
1311 978 1381 1022 λι-

137 1114 189 1155 ad
205 1117 292 1156 Att.
305 1115 382 1164 vl,
401 1127 443 1164 2,
455 1113 534 1155 ubi
551 1112 787 1155 Dicoearclii
806 1114 823 1166 (
842 1110 895 1153 fr.
914 1112 966 1167 73
983 1114 1000 1166 )
1020 1110 1181 1153 dictum
1196 1110 1383 1161 affertur,

138 1175 450 1233 Peloponnesias
482 1174 679 1217 civitates
701 1188 836 1216 onmes
870 1173 1108 1216 maritimas
1131 1188 1240 1223 esse,·
1272 1172 1387 1229 quod

137 1238 411 1281 demirantem
423 1239 668 1281 Ciceronem
689 1238 912 1293 Dionysius
923 1235 1045 1278 docet
1064 1249 1074 1278 :
1096 1235 1292 1278 Amadiae
1305 1251 1389 1278 esse

138 1304 315 1357 Lepreon
330 1298 537 1357 quoddam
555 1298 827 1340 maritimum.
851 1301 1072 1354 Lepreum,
1084 1298 1308 1354 Triphylia:
1322 1313 1388 1339 ca-

138 1371 231 1419 put,
251 1362 351 1404 olim
367 1370 513 1404 contra
528 1360 709 1404 Arcades
723 1361 878 1402 auxilio
897 1360 1092 1402 Eleorum
1110 1375 1198 1411 usa,
1216 1360 1388 1402 tributa-

137 1426 198 1467 ria
219 1424 328 1467 Eleis
344 1425 487 1466 evasit.
515 1422 703 1477 Deinde(
717 1423 785 1465 Ol.
808 1427 878 1479 89,
897 1437 922 1464 2
942 1426 959 1478 )
979 1422 1031 1465 ad
1049 1421 1387 1465 Lacedaemonios

117 1488 286 1530 defecit
301 1486 521 1544 (Thucyd.
538 1488 595 1538 V,
610 1487 698 1541 31).
712 1485 793 1528 Sed
807 1486 873 1528 Ol.
891 1500 961 1541 91,
989 1499 1015 1527 α
1037 1487 1155 1541 (quo
1168 1499 1279 1527 anno
1295 1486 1388 1527 Ari-

138 1551 332 1608 stophan.
350 1553 457 1601 Aves
477 1549 615 1592 sabula
637 1549 887 1603 commissa)
904 1547 991 1604 jam
1010 1546 1188 1590 redierat
1210 1549 1252 1589 in
1269 1548 1387 1590 Eleo-

138 1629 234 1656 rum
247 1622 508 1672 potestatem,
524 1613 584 1655 uti
599 1612 727 1668 liquet
737 1627 788 1654 ex
801 1611 1066 1668 Aristophan.
1079 1614 1157 1654 Av.
1180 1615 1274 1666 149.
1290 1612 1384 1653 Non

119 1677 194 1718 'ita
213 1676 345 1718 multo
370 1684 465 1732 post
483 1675 578 1730 (Ol.
602 1676 672 1730 95,
703 1689 719 1716 1
744 1674 915 1728 >denuo
937 1674 1036 1715 urbs
1059 1674 1100 1715 in
1126 1673 1386 1715 Lacedaemo-

138 1739 305 1779 niorum
324 1751 472 1780 manus
492 1736 662 1778 devenit
684 1736 911 1791 (Xenopb.
937 1738 1012 1777 ΙΙΙ.
1050 1749 1091 1786 2,
1123 1735 1192 1786 30,
1219 1734 1289 1776 ubi
1308 1749 1385 1791 pro

137 1802 342 1856 Λεπρίνους
359 1800 437 1855 leg.
469 1799 651 1855 Λεπρίους
664 1802 695 1852 ),
721 1799 832 1854 apud
850 1812 1002 1854 eosque
1018 1798 1244 1853 permansit
1256 1811 1385 1852 usque

138 1864 190 1906 ad
207 1879 388 1921 pugnam
412 1865 671 1907 Leuctricam
693 1865 708 1916 (
725 1862 792 1905 Ol.
822 1864 913 1913 103,
933 1866 955 1912 4
976 1866 1007 1915 ).
1027 1863 1148 1903 Tunc
1163 1862 1275 1902 enim
1292 1862 1385 1902 Tri-

142 1926 271 1983 phylii
307 1941 404 1968 cum
440 1925 529 1967 aliis
575 1925 715 1967 multis
754 1940 797 1967 se
834 1923 1065 1967 Arcadibus
1104 1923 1384 1979 adjunxerunt

139 1993 154 2041 <
179 1989 372 2046 Xenoph.
394 1989 492 2039 vn,
522 2002 559 2039 1,
578 1992 631 2029 26
649 2001 661 2030 :
683 1986 854 2043 Ἀρκάδες
874 1986 1017 2043 ἔφασαν
1034 1984 1136 2028 εἶναι
1152 1987 1185 2043 ),
1208 1985 1384 2042 ideoque

138 2050 245 2092 ditio
255 2064 400 2093 eorum
419 2065 445 2092 a
461 2049 613 2106 Peripli
633 2048 756 2105 hujus
769 2058 940 2091 auctore
959 2048 1148 2091 Arcadiae
1164 2049 1378 2091 tribuitur.

143 2114 276 2155 Docet
293 2113 381 2155 haec
401 2112 656 2155 Niebubrius
679 2112 749 2154 KI.
770 2112 936 2167 Schseen
951 2126 994 2168 p.
1008 2125 1034 2153 a
1047 2125 1111 2167 ¹7·
1129 2111 1287 2154 Plinius
1302 2114 1379 2164 IV,

138 2180 164 2216 6
183 2178 389 2232 Lepreum
408 2176 515 2217 inter
534 2174 680 2224 Elidis,
701 2183 743 2215 et
766 2190 803 2215 c.
830 2188 880 2216 10
902 2175 1055 2216 iterum
1072 2175 1179 2216 inter
1195 2173 1382 2216 Arcadia:

141 2237 296 2294 oppida
315 2232 515 2280 recenset.
542 2241 558 2292 ΙΙ
578 2261 635 2269 —
654 2236 698 2279 ἐν
729 2237 992 2293 μεσογείᾳ]
1014 2252 1099 2278 0111.
1132 2236 1226 2278 cod.
1248 2237 1374 2279 Palat.

146 2321 162 2334 ·
180 2302 338 2343 Mirum
358 2309 421 2342 est
445 2301 554 2342 inter
566 2298 788 2342 Arcadicas
805 2299 928 2342 urbes
946 2313 1032 2341 non
1052 2300 1273 2341 memorari
1294 2302 1383 2341 Me-

141 2362 376 2419 galopolim.
397 2361 478 2405 Sed
496 2361 612 2404 facile
628 2363 785 2404 mentio
799 2361 888 2418 ejus
906 2361 1081 2413 excidit,
1102 2376 1233 2418 quum
1245 2363 1382 2418 paullo

138 2434 235 2467 ante
246 2425 334 2481 ejus
346 2425 483 2467 locum
498 2424 657 2466 dictum
672 2426 726 2467 sit
739 2425 870 2474 πόλεις
882 2425 920 2466 αἱ
931 2425 1113 2482 μεγάλαι.
1133 2445 1150 2461 ι
1167 2426 1378 2467 emesan.

192 2492 215 2541 §
238 2489 310 2537 45.
343 2488 548 2529 Messenia
576 2486 674 2528 inde
703 2502 727 2529 a
747 2487 863 2529 bellis
887 2488 1151 2530 Messeniaeis
1175 2501 1306 2543 usqne
1327 2487 1381 2529 ad

138 2549 470 2606 Epaminondam
494 2549 606 2591 nulla
627 2558 737 2600 erat,
758 2551 954 2606 regioque
981 2551 1172 2592 Laconiae
1192 2564 1381 2591 accense-

138 2612 285 2663 batur3
303 2613 402 2653 urbs
415 2614 603 2654 Messene
625 2612 677 2653 ab
700 2611 990 2667 Epaminonda
1005 2613 1172 2654 condita
1188 2612 1255 2654 Ol.
1285 2626 1378 2666 102,

139 2679 181 2726 4,
209 2676 268 2716 uti
292 2683 464 2716 constat.
490 2676 545 2715 V.
564 2675 767 2715 Niebuhr.
801 2674 829 2716 l.
858 2674 886 2716 l.
915 2689 957 2730 p.
995 2678 1086 2718 118.
1105 2677 1201 2730 Η-
1221 2678 1379 2731 πρώτη

139 2737 375 2789 Μεσσήνη
409 2737 491 2778 καὶ
519 2737 544 2777 λ
559 2735 670 2792 ιμὴν
690 2738 704 2792 ]
731 2738 848 2778 uncis
863 2737 1031 2788 inclusi,
1054 2746 1101 2779 ut
1125 2747 1320 2793 corrupta
1341 2748 1382 2780 et

138 2814 224 2842 non
238 2814 315 2841 suo
330 2801 462 2855 posita
477 2800 582 2841 loco.
598 2802 702 2852 Quze
719 2800 796 2840 viri
812 2798 924 2841 docti
938 2799 1217 2855 protulerunt,
1232 2814 1379 2856 parum

138 2862 314 2919 placent.
341 2861 566 2904 Palmerius
594 2861 670 2915 leg.
699 2863 860 2903 censuit
882 2875 891 2903 :
918 2863 1049 2917 πρώτη
1073 2862 1279 2915 Μεσσήνης
1302 2864 1379 2904 Πύ-

137 2924 216 2974 λος
235 2925 300 2966 καὶ
321 2924 457 2980 λιμήν.
479 2927 536 2966 At
569 2939 654 2966 non
677 2924 822 2980 Pylus,
847 2923 919 2965 sed
951 2925 1181 2980 Cyparissia
1210 2939 1233 2966 a
1256 2924 1380 2968 borea

138 2987 418 3045 proficiscenti
442 2987 576 3042 prima
602 2986 800 3027 occurrit.
833 2987 1116 3028 Sainte·Croix
1139 2987 1152 3042 (
1178 2987 1219 3027 in
1251 2990 1376 3029 Me'm.

137 3049 188 3092 ele
209 3048 360 3092 facud.
385 3058 486 3090 tom.
510 3052 591 3099 42,
615 3062 657 3105 p.
683 3049 762 3103 573
787 3049 801 3105 )
829 3048 926 3103 legit
953 3062 962 3090 ε
988 3050 1119 3105 πρώτη
1147 3049 1380 3105 Κυπάρισςος

138 3113 204 3155 καὶ
220 3112 342 3169 λιμήν
354 3128 363 3137 ·
382 3112 511 3161 Πύλος
533 3111 717 3165 Μεσσήνη
744 3110 759 3167 (
782 3111 841 3153 sie
855 3110 936 3153 dici
954 3126 1072 3168 posse
1090 3114 1285 3168 opinatur
1303 3129 1379 3170 pro

138 3175 162 3228 ἦ
185 3174 438 3229 Μεσσηνιακή
457 3175 490 3232 ),
515 3173 714 3230 ἀπέχουσα
736 3173 823 3215 κτλ.
849 3177 906 3217 At
922 3174 1046 3230 Pylas
1065 3189 1157 3230 quae
1176 3185 1263 3218 erat
1282 3179 1378 3233 scy-

138 3238 235 3280 laeis
253 3246 463 3294 tempore,
491 3236 545 3279 ad
567 3238 702 3294 ipsum
729 3251 842 3279 mare
866 3238 945 3279 sita
970 3245 1073 3279 erat.
1098 3239 1257 3280 Gailius
1283 3240 1378 3282 inde

140 3316 162 3342 ’.1
183 3301 327 3357 priscis
350 3299 606 3357 temporibus
634 3299 780 3342 urbem
812 3299 990 3356 aliquam
1014 3301 1229 3343 Messenen
1256 3305 1376 3344 exsti·

141 3364 235 3404 tisse
257 3372 409 3413 censet,
440 3377 614 3419 eamque
629 3377 699 3405 an.
729 3363 811 3405 500
826 3377 864 3405 a.
888 3363 938 3405 C.
958 3363 1044 3405 sive
1067 3363 1243 3420 Scylacis
1262 3373 1378 3407 oetate

142 3425 328 3467 nondum
341 3425 515 3467 deletam
531 3425 668 3467 fuisse.
688 3428 953 3481 Quamquam
969 3426 1092 3468 etiam
1103 3434 1191 3468 tum
1206 3429 1379 3470 omnino

141 3487 253 3529 nulla
268 3490 487 3538 Messenia,
507 3487 578 3529 sed
600 3488 1009 3530 Lacedaemoniorum
1028 3497 1115 3531 erat
1134 3490 1262 3545 regio.
1288 3492 1379 3548 lpsa

135 3548 322 3605 denique
348 3551 496 3606 Peripli
522 3550 643 3592 verba
666 3551 825 3593 Gailius
846 3550 1064 3593 artificiose
1088 3550 1378 3607 distinguenda

141 3619 260 3668 putat
282 3624 292 3652 :
326 3613 457 3666 πρώτη
490 3612 673 3665 Μεσσήνη
701 3614 798 3669 (καὶ
825 3611 946 3668 λιμὴν
981 3613 1264 3672 Κυπάρισσος,)
1288 3613 1380 3659 dne-

143 3688 271 3730 χουσα
302 3673 389 3715 κτλ.
417 3675 696 3716 'raseline-kias
736 3675 820 3731 (ad
845 3677 995 3718 Melam
1020 3679 1081 3726 ll,
1107 3678 1147 3727 3,
1180 3680 1204 3727 l,
1231 3678 1252 3735 )
1276 3676 1380 3721 duas

143 3736 351 3778 Mosen„
386 3749 453 3792 ap.
487 3745 585 3777 vett.
621 3735 817 3791 distingui
855 3740 1101 3793 suspicatur,
1144 3740 1184 3780 in
1208 3755 1381 3797 euinque

145 3799 388 3840 sententiam
409 3799 539 3840 utitur
560 3798 779 3840 ptoloma-o
805 3800 817 3854 (
847 3801 923 3849 ΙΙΙ,
956 3805 1019 3849 16,
1039 3803 1062 3842 8
1087 3804 1116 3853 )‚
1146 3803 1215 3856 qui
1240 3817 1381 3846 errore

149 3859 363 3902 manifesto
376 3861 589 3902 Messenen
615 3861 721 3902 inter
740 3861 965 3902 maritimas
981 3872 1162 3904 recenset
1186 3864 1307 3907 urbes
1325 3866 1379 3907 si-

146 3936 226 3965 nus
245 3923 501 3964 Messeniaci.
525 3924 655 3964 Error
678 3922 944 3979 probabiliter
969 3924 1064 3966 inde
1095 3926 1233 3976 fluxit,
1265 3927 1379 3983 quod

146 3983 199 4026 ad
224 3986 436 4027 introitum
463 3984 587 4041 hujus
616 3986 730 4027 sinus
756 3986 798 4027 in
826 4000 900 4028 ora
923 3987 1113 4029 Laconiae
1133 3997 1220 4030 erat
1246 3989 1380 4032 Μέσᾶα

149 4047 249 4089 urbs
259 4063 353 4090 eum
369 4057 508 4104 portu.
525 4049 765 4091 Clausenius
775 4049 971 4106 opinatur
980 4050 1311 4106 Epaminondam
1327 4051 1379 4095 ad

1020 183 1304 233 SCYLACIS
1335 182 1797 232 CARYANDENSlS

2521 185 2593 247 (ιο.
2606 188 2678 250 u.)
2694 188 2756 265 ’μὴ

1450 294 1672 350 Iaepreum.
1691 292 2003 336 Mediterranea
2029 308 2126 335 vero
2139 293 2347 336 Arcadum
2370 293 2493 335 urbes
2511 294 2685 352 maium

1450 362 1515 404 lie
1539 370 1639 404 suut
1667 375 1678 404 :
1704 363 1861 417 Tegea,
1897 363 2132 415 Mantinea,
2168 365 2339 415 Heraea,
2368 363 2683 421 Orchomenus,
2704 378 2706 382 ⁴
2731 359 2732 362 ¹

1450 429 1727 487 Stymphalus.
1748 432 1901 473 Praeter
1917 430 1992 473 bas
2015 431 2140 474 etiam
2166 431 2256 474 aliae
2285 433 2328 474 in
2346 446 2395 474 ea
2419 441 2518 474 sunt
2545 431 2684 478 urbe.

1450 499 1737 541 Praeterveetio
1752 500 2048 555 Lepreatarum
2062 500 2240 555 regionis
2255 499 2485 542 stadiorum
2504 509 2565 543 est
2590 514 2684 546 100.

1507 566 1578 616 45.
1600 567 1832 609 stmu.
1859 569 1958 609 Post
1973 566 2192 609 Arcadiam
2213 576 2274 610 αἱ
2286 570 2473 610 Messene
2492 569 2619 623 regio,
2646 578 2690 613 et

1452 634 1577 677 urbes
1598 635 1641 677 in
1666 649 1714 677 ea
1733 634 1797 676 boe
1816 643 1915 676 suut
1940 648 1950 676 :
1975 635 2231 691 Cyparissus,
2261 635 2419 678 distans
2435 651 2458 679 a
2478 639 2580 679 mari
2609 646 2688 681 sta·

1453 702 1525 745 dia
1539 718 1592 759 73
1633 705 1789 757 [Prote
1811 701 1949 744 insula
1976 707 2069 745 ‘eum
2083 712 2211 761 poe-eu
2226 722 2241 753 ,·
2260 707 2275 758 ]
2293 704 2455 746 Ithome
2484 706 2526 747 in
2553 705 2685 748 medi-

1453 778 1644 812 terraneo
1668 778 1801 812 tmctu
1825 784 1850 812 a
1868 770 1973 812 mari
1988 770 2131 813 dissita
2144 770 2286 813 stadiis
2301 774 2369 814 80.
2399 774 2685 815 Praetervectio

1452 830 1666 881 Messenia
1682 847 1743 880 est
1766 837 1995 881 stadiorum
2012 840 2108 883 300.
2758 887 2761 891 ⁴

1509 910 1580 958 46.
1597 909 1893 950 Limnaion.
1912 911 2033 962 [Post
2046 910 2292 953 Messeniam
2311 916 2389 967 ese]
2412 912 2684 956 Lacedaemon
2757 928 2763 933 ·

1452 976 1581 1030 regio,
1602 983 1645 1016 et
1659 975 1783 1017 urbes
1802 976 1845 1017 in
1867 990 1916 1017 ea
1929 984 2028 1017 sunt
2048 976 2111 1028 hae
2129 990 2139 1018 ε
2159 978 2372 1031 Methone,
2394 982 2533 1033 Asine,
2553 981 2688 1023 Achil·
2760 989 2782 1079 ’1

1449 1115 1608 1158 Nedam
1624 1130 1805 1166 amnem,
1830 1117 1902 1172 qui
1931 1117 2176 1159 Messeniam
2199 1132 2222 1159 a
2245 1120 2454 1174 chreatis
2471 1120 2687 1164 disterml·
2774 1125 2782 1151 ἱ

1451 1186 1537 1229 nat,
1554 1186 1723 1234 portum
1738 1179 1986 1220 exstruxisse
2002 1179 2044 1220 in
2057 1193 2179 1221 usum
2190 1181 2397 1222 Messenes
2413 1181 2543 1223 urbis.
2562 1183 2688 1236 Quod
2771 1202 2782 1227 ’.1

1452 1242 1628 1296 quisque
1644 1248 1823 1297 respuet,
1841 1241 1913 1296 qui
1929 1241 2054 1282 situm
2069 1240 2255 1283 locorum
2271 1241 2553 1298 perpenderit.
2570 1244 2690 1287 Man-
2774 1221 2782 1295 l

1451 1312 1593 1345 nertus
1615 1305 1632 1358 (
1651 1306 1796 1356 Gcogr.
1820 1304 1940 1354 VIII,
1961 1317 2004 1359 p.
2032 1303 2113 1346 550
2131 1306 2148 1359 )
2164 1303 2289 1346 verba
2300 1303 2353 1346 de
2367 1305 2519 1360 quibus
2538 1306 2687 1361 agitur,
2725 1331 2731 1336 ·
2774 1299 2782 1304 ’

1450 1367 1684 1422 glossatoris
1705 1381 1793 1408 oese
1821 1374 1973 1408 censet.
1998 1365 2131 1423 quue
2155 1368 2300 1411 ceteris
2326 1370 2571 1410 commentis
2591 1383 2689 1425 pro·
2759 1405 2763 1410 .

1451 1429 1627 1472 habilius
1656 1437 1731 1471 est.
1773 1431 1980 1471 Messenes
2010 1430 2166 1471 mentio
2195 1444 2245 1471 ex
2286 1445 2399 1487 seqq.
2437 1430 2519 1473 huc
2553 1432 2690 1488 inepte
2771 1481 2775 1484 .

1451 1492 1663 1535 transferri
1682 1500 1858 1549 poterat,
1884 1493 1968 1534 sire
1990 1492 2102 1549 quod
2130 1502 2277 1534 auctor
2295 1494 2512 1550 scripserat
2543 1493 2688 1551 Ἰθώμη

1450 1555 1516 1598 καὶ
1536 1554 1722 1608 Μεσσήνη
1738 1587 1750 1605 ,
1770 1556 1856 1596 sive
1874 1554 1987 1611 qnod
2020 1555 2071 1596 ad
2097 1570 2238 1597 vocem
2273 1554 2418 1612 Ἰθώμη
2444 1557 2486 1598 in
2507 1558 2691 1613 margine
2779 1560 2782 1590 ἓ

1450 1618 1705 1675 adscriptum
1726 1627 1814 1661 erat
1833 1619 2034 1671 Μεσσήνη.
2054 1618 2132 1661 Sed
2149 1618 2272 1660 datur
2285 1619 2407 1661 etiam
2426 1620 2551 1662 altera
2566 1622 2686 1663 ratio.
2770 1615 2778 1634 ³

1450 1683 1594 1726 Paullo
1610 1682 1718 1724 infra
1732 1683 1995 1739 Cyparissum
2011 1697 2094 1723 orae
2111 1681 2268 1737 adjacet
2288 1680 2426 1737 Πρωτὴ
2445 1683 2573 1725 insula
2593 1698 2689 1726 eum
2779 1721 2782 1731 ,

1450 1745 1605 1802 oppido
1629 1746 1877 1800 cognomine
1902 1745 2070 1801 (Tliuc.
2095 1746 2172 1793 IV,
2203 1746 2267 1795 13,
2303 1746 2350 1795 3;
2387 1745 2535 1787 Strabo
2566 1747 2688 1799 VIII,

1449 1821 1493 1863 p.
1508 1806 1784 1859 3245Plinius
1797 1808 1874 1858 IV,
1895 1820 1959 1856 12,
1979 1820 2048 1861 193
2070 1805 2243 1849 Ptolem.
2264 1808 2342 1858 111,
2365 1810 2430 1858 16,
2449 1807 2525 1859 233
2545 1807 2688 1865 steph.

1449 1883 1483 1911 s.
1514 1883 1574 1921 v.;
1595 1868 1808 1911 Cedrenus
1832 1883 1876 1925 p.
1910 1871 2007 1924 687,
2045 1872 2104 1918 A;
2131 1871 2217 1911 Leo
2255 1870 2430 1910 Diacon.
2463 1883 2506 1925 p.
2541 1885 2611 1925 99,
2639 1874 2687 1922 63

1447 1935 1570 1975 Joan.
1592 1934 1749 1989 Curop.
1773 1947 1817 1989 p.
1841 1935 1919 1983 844
1944 1935 1975 1987 ).
2001 1932 2196 1974 Proclivis
2221 1933 2345 1986 igitur
2373 1931 2611 1987 conjectura
2629 1942 2690 1976 est

1450 1994 1573 2037 fuisse
1586 2009 1664 2051 pro
1682 1996 1814 2052 πρώτη
1838 1994 2024 2047 Μεσσήνη
2045 2007 2054 2035 :
2081 1992 2220 2050 Πρω-τὴ
2244 1997 2330 2047 νῆσ.
2357 1993 2396 2036 ἐν
2420 1984 2443 2051 ᾗ
2463 1994 2528 2035 καὶ
2547 1994 2687 2052 λιμήν,

1448 2072 1578 2114 eaque
1596 2066 1712 2100 extra
1733 2056 1923 2100 ordinem
1953 2057 2271 2113 geograpliicum
2305 2057 2536 2113 irrepsisse,
2559 2071 2690 2113 quum

1450 2135 1535 2163 non
1548 2129 1642 2163 ante
1651 2119 1724 2163 sed
1737 2128 1831 2177 post
1843 2120 2049 2177 Cyparissi
2066 2120 2318 2161 mentionem
2331 2117 2525 2175 ponenda
2535 2129 2685 2163 asem.
2772 2159 2782 2192 ἑ

1465 2186 1558 2236 11-
1573 2183 1899 2240 Κυπάρισσος]
1918 2182 2118 2224 Sicetiam
2131 2181 2239 2224 Mela
2254 2183 2310 2232 11,
2323 2182 2364 2233 3,
2383 2184 2431 2233 4;
2451 2181 2688 2239 Κυπαρισσία
2772 2193 2782 2231 ,ξ

1448 2259 1515 2300 ap.
1530 2245 1722 2287 Strabon.
1737 2246 1911 2300 vm,p.
1929 2243 2025 2294 345.
2042 2244 2139 2295 348,
2153 2251 2252 2294 etc.;
2266 2245 2441 2286 Pausan.
2457 2245 2617 2296 IV,36,
2637 2246 2687 2298 5;
2772 2234 2782 2282 Ξ

1449 2308 1632 2350 Plinium
1669 2309 1746 2360 IV,
1783 2322 1835 2363 73
1869 2307 2035 2350 Livium
2067 2307 2248 2356 XXXII,
2281 2319 2331 2348 21
2349 2322 2361 2358 ;
2393 2306 2629 2364 Κυπάρισσαι
2650 2317 2692 2351 et
2744 2285 2782 2350 ’l

1450 2371 1684 2427 Κυπάρισσοι
1718 2369 1843 2413 codd.
1880 2369 2088 2412 Ptolemaei
2124 2370 2202 2420 111,
2239 2372 2304 2420 16,
2330 2383 2370 2424 7.
2394 2370 2510 2412 Jaeet
2535 2369 2693 2414 loema

1448 2433 1622 2476 meridie
1654 2433 1860 2491 Cyparissi
1895 2433 2035 2483 ssuvii;
2064 2445 2177 2473 nune
2205 2432 2337 2473 ruiuae
2362 2430 2606 2475 Arx-hadioe.
2629 2434 2687 2476 V.
2764 2455 2766 2457 >

1449 2494 1607 2546 Iaeake,
1646 2494 1816 2538 Travels
1839 2494 1882 2536 in
1922 2495 1988 2536 the
2010 2496 2153 2536 Moe-ea
2182 2496 2218 2545 Ι,
2250 2508 2293 2550 p.
2328 2496 2397 2537 68.
2435 2494 2692 2552 Expedition

1446 2556 1701 2614 scientifique
1720 2555 1770 2598 dc
1788 2558 1925 2599 Mor-e‘e
1945 2558 1981 2607 1,
2014 2570 2058 2612 p.
2092 2558 2160 2606 84.
2182 2558 2200 2609 ΙΙ
2216 2580 2274 2587 -
2291 2554 2569 2612 ἀπέχουσα]
2598 2566 2691 2613 post
2770 2573 2782 2633 1

1450 2619 1489 2661 ἐν
1519 2620 1704 2675 μεσογείᾳ
1737 2634 1822 2661 0111.
1855 2617 1950 2660 eod.
1981 2618 2109 2660 Palat.
2150 2620 2242 2669 ΙΙ-
2263 2617 2331 2670 π’]
2350 2618 2568 2660 Consensit
2585 2620 2690 2662 Pau·
2763 2634 2782 2669 ,η

1451 2683 1600 2723 sanias.
1622 2681 1658 2723 τ’
1681 2685 1693 2734 ]
1713 2682 1844 2735 Igitur
1872 2694 2002 2735 usque
2022 2678 2072 2720 ad
2094 2680 2239 2735 Pylum
2258 2681 2459 2722 Messenia
2474 2688 2575 2723 tunc
2594 2695 2687 2739 per·
2777 2675 2782 2677 ’

1449 2745 1620 2785 tinuisse
1644 2743 1824 2784 videtur.
2774 2785 2782 2791 ,

1503 2809 1527 2859 S
1549 2810 1618 2855 46.
1650 2803 1978 2859 Λακεδαίμων
2006 2805 2022 2856 ]
2052 2822 2068 2838 ι
2092 2804 2246 2845 Forsan
2270 2802 2489 2857 legendum
2528 2805 2623 2861 μετὰ
2648 2808 2688 2850 δὲ

1448 2868 1657 2920 Μεσσήνην
1680 2866 1932 2922 Λακεδαίμων
1949 2897 1961 2917 ,
1985 2863 2100 2921 quod
2137 2865 2280 2906 suadet
2310 2867 2457 2908 usitata
2478 2868 2602 2909 series
2623 2884 2686 2911 re·
2767 2889 2782 2919 ,ε

1447 2946 1557 2973 rum.
1599 2951 1615 2966 ι-
1651 2930 1889 2982 0111141-
1922 2927 2110 2980 Ἀσίνη,
2151 2928 2376 2981 Μοθώνη,
2410 2931 2423 2982 ]
2453 2930 2685 2974 Dicendum

1448 3002 1559 3035 erat:
1583 2993 1770 3044 Μοθώνη,
1802 2990 1942 3044 Ἀσίνη.
1966 2991 2158 3032 Ceterum
2174 3002 2303 3045 quum
2329 2990 2454 3031 Asine
2470 2998 2510 3032 et
2524 2992 2686 3035 Metho·
2766 2995 2767 2998 ’

1449 3071 1501 3097 ne
1515 3062 1809 3097 accenseantur
1828 3054 2058 3103 Laconicae,
2079 3060 2188 3094 recte
2204 3052 2300 3093 binc
2316 3051 2567 3095 Niebuhr-ius
2582 3057 2600 3108 (
2615 3056 2684 3098 KI.
2755 3071 2758 3083 ³

1447 3112 1632 3172 Schstm,
1654 3131 1698 3173 p.
1730 3118 1805 3158 118
1833 3116 1847 3173 )
1872 3115 2025 3169 colligit
2052 3116 2277 3156 Messenios
2298 3123 2392 3171 post
2421 3115 2686 3161 instauratam
2739 3152 2744 3161 .

1446 3181 1620 3236 patriam
1639 3181 1654 3232 (
1676 3177 1743 3219 Ol.
1772 3190 1865 3228 102,
1886 3179 1943 3231 4)
1963 3191 2046 3218 11011
2070 3178 2205 3218 statim
2228 3191 2274 3219 ea
2293 3177 2432 3218 omnia
2460 3177 2687 3223 obtinuisse

1448 3257 1541 3296 quac
1577 3249 1718 3297 postea
1749 3240 1961 3283 Messenia:
1998 3240 2167 3280 nomine
2210 3238 2683 3295 comprehendebantur.
2749 3257 2755 3270 ²

1447 3304 1608 3347 Scilicet
1630 3310 1722 3358 post
1741 3316 1922 3358 pugnam
1940 3300 1991 3343 ad
2008 3302 2259 3343 Mantineam
2286 3299 2418 3342 ladius
2433 3300 2630 3356 solutum,
2646 3310 2687 3347 et
2746 3294 2756 3355 ³,

1445 3366 1583 3423 paullo
1604 3372 1697 3421 post
1719 3367 1734 3418 (
1756 3364 1823 3406 Ol.
1854 3368 1946 3415 106,
1966 3367 1988 3413 4
2011 3364 2025 3420 )
2062 3365 2170 3405 aucti
2194 3378 2337 3405 rursus
2362 3364 2545 3419 potentia
2564 3365 2688 3408 Lnoe-
2751 3359 2757 3365 ⁹

1446 3428 1640 3470 daemonii
1662 3435 1761 3469 sunt
1780 3426 1907 3478 adeo,
1927 3434 1972 3468 ut
1994 3427 2036 3467 in
2050 3425 2340 3482 Megalopolim
2364 3425 2509 3468 urbem
2523 3425 2688 3470 invade-
2752 3435 2775 3483 ξ,

1448 3498 1556 3541 rent,
1582 3488 1893 3544 verendumque
1912 3497 2031 3537 esset,
2054 3502 2104 3529 ne
2124 3489 2252 3544 ipsam
2286 3501 2453 3543 quoque
2472 3488 2684 3531 Mensem
2750 3480 2782 3514 *⁵

1446 3550 1806 3608 aggrederentur(
1834 3565 1872 3592 v.
1901 3550 2116 3593 Demosth.
2152 3553 2234 3593 Pro
2265 3548 2510 3606 Megalopol.
2532 3563 2574 3606 p.
2604 3561 2685 3593 σοι

1448 3629 1540 3671 sqq.
1559 3617 1591 3669 ).
1610 3612 1689 3656 Sed
1715 3612 1846 3667 Agide
1860 3613 1911 3655 ad
1931 3614 2184 3656 Mantineam
2201 3612 2380 3664 devicto,
2399 3612 2618 3668 fractisque
2636 3622 2684 3654 eu

1447 3677 1563 3721 clade
1580 3677 1734 3718 viribus
1759 3675 2166 3718 Lacedaemoniorum
2188 3678 2204 3730 (
2224 3675 2317 3718 Ol.1
2330 3689 2395 3726 12,
2417 3676 2488 3730 3),
2506 3682 2594 3717 tum
2610 3670 2683 3715 ‹lo-

1451 3754 1564 3783 mum
1580 3740 1771 3782 Messenii
1789 3739 1973 3795 periculo
1985 3740 2138 3781 exemti
2156 3754 2204 3781 ea
2218 3738 2391 3789 ditione,
2406 3749 2528 3794 quam
2545 3740 2682 3792 pontu

1449 3802 1659 3851 tenebant,
1681 3803 1798 3858 potiti
1813 3811 1924 3843 sunt.
1940 3801 2104 3855 Quibus
2119 3800 2230 3843 addo
2242 3802 2443 3843 Asinenet
2458 3795 2678 3842 Mothonen
2716 3819 2745 3835 t

1450 3874 1566 3908 tanto
1595 3865 1750 3906 facilius
1775 3864 2109 3908 Lacedaemonios
2135 3865 2254 3906 initio
2277 3862 2513 3913 retinuisse,
2549 3867 2677 3915 quum
2745 3857 2768 3863 ”

1451 3929 1525 3985 ipsi
1551 3942 1692 3969 earum
1725 3927 1890 3969 urbium
1928 3926 2071 3969 incolae
2094 3941 2176 3968 non
2207 3925 2399 3968 Messenii
2428 3927 2575 3971 essent,
2606 3915 2676 3960 scd

1450 3990 1589 4046 Argivi
1624 3998 1663 4031 et
1686 3991 1918 4045 Naupactii,
1950 3990 2020 4045 qui
2046 3988 2452 4032 Lacedaemoniorum
2481 3978 2679 4024 beneficio

1449 4053 1523 4095 lias
1541 4052 1658 4095 sedes
1673 4061 1857 4109 acceptas
1879 4052 2098 4095 habebant.
2121 4055 2138 4108 u
2156 4050 2212 4084 -'-
2227 4049 2269 4093 ’A
2282 4046 2512 4107 χίλλειος
2530 4039 2676 4099 λιμὴν
