2756 4354
0 251 16 304 ε,
63 203 120 262 (7)
955 275 957 277 Ι

62 305 240 361 Ὂλσοὶ,
272 307 482 360 Πεδῆται,
507 301 709 360 Ἥμίονοι.
779 294 905 346 Οὗτοι
924 302 1296 360 γυναικοκρατοῧν-

63 392 138 419 ’ται
156 374 226 419 καὶ
250 374 347 419 εἰσὶν
369 374 410 418 αἱ
429 371 617 432 γυναῖκες
635 369 791 429 ἀνδρῶν
814 368 1056 430 ἐλευθέρων·
1082 367 1298 427 μίσγονται

73 443 115 488 δὲ
133 445 215 495 τοῖς
233 444 386 501 ἑαυτῶν
411 438 567 489 δούλοις
589 437 660 482 καὶ
680 439 763 487 τοῖς
782 436 1085 499 πλησιοχώροις
1109 434 1295 498 ἀνδράσι.

72 511 196 559 Κατὰ
215 509 367 565 ταύτην
380 507 454 563 τὴν
467 507 608 568 χώραν
623 505 711 552 αἵδε
727 505 843 562 νῆσοί
855 507 970 563 εἰσιν,
984 499 1040 550 ὧν
1063 505 1148 567 ἔχω
1168 506 1295 549 εἰπεῖν

67 576 120 619 τὰ
143 573 325 633 ὀνόματα
355 571 368 630 (
397 569 476 615 εἶσὶ
510 569 551 613 δὲ
580 569 650 614 καὶ
685 568 810 613 ἄλλαι
849 567 1055 628 ἀνώνυμοι
1091 566 1243 613 πολλαί
1261 566 1295 627 )·

59 641 218 703 Ἴστρις
262 644 383 695 ν’ἧσος
419 639 596 684 σταδίων
633 637 701 694 τι’,
743 636 897 689 πλάτος
930 636 972 682 δὲ
1016 637 1100 699 ρκ’·
1135 636 1289 682 Ἠλεκ·

60 711 209 773 τρίδες,
235 708 496 771 Μεντορίδες.
566 701 700 754 Αῧται
721 705 763 752 δὲ
795 709 836 751 αἱ
855 706 973 762 νῆσοί
996 708 1074 751 εἶσι
1100 705 1292 766 μεγάλαι.

58 925 180 952 oram
212 908 486 965 proficiscenti
515 908 696 948 occurrit
717 906 832 956 urbs,
858 920 983 960 quam
1012 902 1300 946 Artemidorus

69 972 150 1029 (ap.
169 973 227 1013 St.
242 974 289 1012 B.
301 986 340 1011 v.
367 970 555 1025 Φλάνων)
578 978 697 1009 vocat
715 967 784 1020 τὴν
803 967 953 1009 ’Άλωον
975 966 1159 1023 (Λῐυοηα
1171 966 1298 1016 Ρ1111.,

66 1035 230 1076 Albona
258 1033 384 1074 hodie
403 1032 446 1089 );
481 1032 631 1073 deinde
665 1032 836 1072 Φλάνων
876 1030 1025 1087 (nunc
1057 1029 1247 1070 Fianona
1265 1027 1298 1084 ).

16 1142 29 1152 „
65 1098 137 1138 Illa
150 1096 318 1138 fortasse
335 1096 433 1136 latet
447 1097 490 1135 in
512 1110 610 1136 voce
625 1094 714 1142 Λιὰς
732 1094 746 1151 (
762 1095 821 1135 510
836 1093 967 1135 codex
990 1109 1000 1144 ;
1019 1091 1136 1133 editt.
1155 1092 1245 1139 Λίας
1261 1091 1299 1148 );

65 1175 118 1200 an
143 1159 292 1207 Ἄλωςέ>
329 1161 591 1212 Quamquam
619 1158 698 1198 hoc
729 1165 845 1198 tanto
878 1156 1074 1196 incertius
1108 1153 1300 1204 dixerim,

64 1236 195 1276 quum
210 1236 276 1276 ap.
294 1221 547 1276 Stephanum
570 1235 647 1275 pro
664 1219 813 1260 ’Άλωον
836 1218 1102 1259 scribendum
1117 1216 1220 1256 mihi
1244 1216 1303 1255 vi-

39 1330 40 1333 *
59 1283 212 1325 deatur
229 1283 385 1324 ’Άλ6ον.
423 1283 633 1335 Quaeritur
651 1283 775 1322 etiam
797 1296 850 1322 an
878 1281 961 1321 huc
981 1279 1185 1334 pertineat
1215 1278 1303 1318 Ste-

63 1346 257 1400 phanus:
288 1345 378 1395 Ἰὰς,
406 1343 595 1399 Ἰλλυρίας
624 1344 746 1399 μέρος·
781 1343 818 1383 οἱ
839 1342 1030 1388 οἰκοῦντες
1066 1339 1200 1380 Ἰἆται.
1233 1340 1303 1380 Sin

66 1408 225 1448 nullum
249 1407 387 1447 subest
409 1406 584 1447 civitatis
616 1420 785 1456 nomen,
811 1420 908 1446 cum
930 1404 1065 1446 Gailio
1091 1416 1168 1457 pro
1191 1400 1304 1441 ΛΙΑΣ

64 1470 149 1524 lege
164 1470 290 1520 AIAE,
309 1469 438 1516 πόλεις
457 1467 529 1509 εἶσὶ
540 1468 641 1523 παρὰ
662 1468 852 1509 θάλατταν
874 1467 973 1508 αἵδε.
994 1464 1155 1506 Deinde
1170 1465 1212 1504 in
1232 1478 1304 1504 ora

60 1541 294 1587 sequuntur
321 1531 445 1572 urbes
471 1544 480 1571 :
502 1531 720 1586 Ταρσατίκα
744 1530 876 1587 (Ptol.
900 1532 957 1580 ΙΙ,
997 1543 1062 1583 17,
1094 1542 1137 1582 p.
1167 1526 1242 1567 165
1264 1535 1305 1567 et

65 1596 188 1645 Plin.;
208 1609 320 1635 nunc
348 1593 519 1650 Tersat)
557 1603 597 1635 et
625 1594 739 1635 Σένια
776 1593 919 1649 (1111110
941 1596 1070 1644 Segna
1086 1590 1118 1646 ).
1144 1590 1303 1630 Harum

65 1659 309 1698 memoriam
327 1671 378 1698 ex
396 1656 546 1712 Peripli
570 1657 704 1697 verbis
728 1655 888 1696 >Ἰδοισσοι
912 1654 1137 1704 Ἀττιενίτης
1155 1653 1305 1693 excitat

60 1721 316 1771 Gronovius,
350 1719 662 1760 rescribendum
694 1727 845 1774 putans
874 1718 1106 1766 Δασσάτικα,
1129 1715 1301 1767 Σενίτης.

64 1783 203 1831 Recte,
224 1790 271 1822 ut
291 1790 408 1837 puto.
431 1781 682 1832 Holstenius,
708 1781 779 1835 qui
798 1795 875 1835 pro
896 1779 1057 1819 ’Ἰδασσα
1078 1779 1155 1832 legi
1175 1777 1305 1818 voluit

70 1840 233 1897 Ἰάδερα,
259 1843 411 1883 erravit
421 1841 653 1893 manifesto,
675 1857 805 1897 quum
828 1841 977 1897 Ἰάδερα
998 1840 1141 1897 (1111110
1156 1838 1300 1894 Zara)

63 1906 109 1945 in
125 1905 283 1959 Hyllica
297 1907 348 1946 sit
358 1906 588 1961 peninsula,
607 1905 659 1946 de
674 1920 754 1960 qua
767 1908 789 1958 S
802 1918 855 1945 22
863 1919 998 1945 sermo
1011 1905 1207 1944 erit.Post
1218 1902 1305 1942 haec

64 1969 109 2008 in
141 1967 341 2009 Liburnia
359 1957 590 2023 seduuntur
623 1968 777 2024 oppida
801 1967 977 2022 Λοψίκα
996 1966 1009 2022 (
1028 1966 1134 2008 Ptol.
1156 1973 1196 2005 et
1226 1965 1305 2006 Pli-

64 2031 179 2081 nius,
204 2032 275 2085 qui
308 2031 460 2072 incolas
479 2035 634 2087 Lopsos
655 2030 802 2086 dicit),
834 2030 1036 2086 Ortopala
1073 2028 1085 2083 (
1102 2029 1160 2068 sic
1178 2028 1302 2077 Plin.;

67 2092 270 2148 ’Όρτοπλα
293 2095 418 2145 Ptol.;
445 2095 595 2150 Ospela
622 2095 665 2134 in
685 2096 838 2148 Geogr.
861 2096 982 2142 Rav.;
1008 2107 1120 2132 nunc
1157 2092 1306 2146 Ortpla

64 2157 195 2196 ruinae
215 2156 267 2196 ad
279 2157 500 2209 Stat-igrad
510 2156 522 2212 )
541 2165 582 2197 ct
597 2159 641 2197 V
637 2156 727 2208 egia
743 2158 826 2196 sive
846 2156 1019 2207 Vegium
1033 2154 1162 2209 (Ptin.
1178 2153 1303 2202 Ptol.;

64 2232 177 2259 nunc
202 2222 246 2259 V
243 2234 335 2259 ezzo
354 2219 385 2275 >
410 2222 458 2258 111
474 2219 632 2274 periplo
651 2228 790 2259 autem
809 2220 993 2273 primum
1015 2217 1216 2256 habemus
1236 2230 1305 2255 ur-

64 2280 159 2320 bem
181 2280 359 2335 Δυύρτα
371 2313 382 2331 ,
416 2281 466 2321 de
502 2295 584 2335 qua
617 2280 782 2321 aliunde
813 2295 898 2320 non
934 2287 1113 2328 constat3
1156 2275 1306 2317 deinde

71 2341 295 2398 Ἀλουψοί
330 2343 342 2399 (
363 2345 420 2383 sic
454 2345 566 2383 enim
602 2343 696 2383 cod.
732 2345 846 2392 Par.;
878 2343 920 2382 in
955 2341 1052 2381 edd.
1100 2339 1303 2394 Ἁλουψοί)

65 2406 214 2458 gentile
242 2405 465 2460 respondet
482 2406 596 2446 urbis
614 2406 775 2446 nomini
797 2405 964 2459 Λοψίκα;
988 2412 1076 2443 tum
1093 2417 1171 2457 pro
1206 2401 1307 2442 Ὂλ-

63 2467 138 2507 σοὶ
174 2467 209 2507 Π
223 2468 268 2507 εδ
281 2469 334 2518 ῆτ
347 2482 392 2506 αι
439 2466 562 2506 fuisse
598 2475 700 2521 puto
739 2465 1020 2520 Ὀρτοπελῆται
1050 2465 1113 2504 vel
1152 2463 1308 2504 Ὀλσο-

66 2547 93 2571 π
106 2531 214 2582 ελῆτ
226 2545 249 2569 α
268 2546 278 2569 ι
301 2531 317 2583 (
334 2528 678 2586 ὈλσοπολῖταιΡ),
698 2529 842 2569 incolae
873 2528 1096 2583 Ortopaloe.
1122 2527 1135 2583 (
1152 2527 1308 2568 Gailius

66 2593 166 2633 illud
192 2592 328 2633 Ὀλσοί
350 2592 401 2632 de
431 2593 679 2632 Volscorum
711 2592 951 2632 Italicorum
983 2591 1119 2645 aliqua
1148 2591 1309 2632 colonia

64 2654 373 2709 intelligendum
386 2669 471 2695 esse
486 2656 732 2709 suspicatur,
750 2654 1001 2708 alteramque
1015 2652 1218 2707 ejusmodi
1236 2646 1307 2693 ’00-

64 2719 218 2759 loniam
238 2719 362 2758 latere
382 2726 500 2772 putat
533 2718 576 2757 in
606 2733 645 2758 v.
683 2718 874 2769 Πεδῆται,
900 2717 1020 2757 allato
1057 2717 1267 2771 Stephano
1295 2730 1304 2757 :

65 2781 183 2831 Πέδα,
201 2781 311 2828 πόλις
325 2779 528 2831 Αὖσονική·
549 2780 593 2820 τὸ
610 2780 759 2821 ἒΟνικὸν
777 2780 960 2827 Πεδανός.
972 2811 981 2819 .
1005 2782 1109 2832 Quae
1123 2779 1307 2833 longissi-

68 2858 133 2884 me
150 2853 245 2884 sunt
260 2844 492 2897 arcessita.)
507 2845 735 2898 Supersunt
751 2845 795 2884 in
814 2842 977 2898 Periplo
993 2841 1041 2882 ‘H
1047 2842 1187 2897 μίονοι.
1205 2842 1307 2883 Muli

68 2907 134 2946 isti
157 2906 308 2947 fuerint
326 2907 532 2961 sequentis
550 2906 666 2947 urbis
692 2906 814 2959 Vegii
834 2905 991 2956 incolae,
1020 2903 1192 2960 Ἥγῖνοι.
1225 2907 1307 2946 Pu-

69 2970 146 3009 tari
167 2971 289 3010 etiam
311 2970 442 3024 possit
457 2968 742 3023 intelligendos
768 2983 854 3009 esse
868 2983 977 3023 quos
999 2971 1210 3022 Hymanos
1228 2968 1308 3009 Pli-

68 3032 161 3071 nius
182 3031 297 3082 dicit,
320 3034 397 3083 ΠΙ,
433 3033 483 3072 25
509 3045 518 3071 :
543 3035 649 3072 Pars
675 3034 762 3086 ejas
795 3031 956 3087 (gentis
990 3031 1304 3087 Liburnorum)

66 3091 179 3143 ficere
201 3095 417 3142 Mentores,
436 3093 634 3148 Hymani,
661 3094 871 3135 Enchelece
893 3093 1029 3150 (Scyl.
1051 3096 1074 3147 5
1095 3094 1146 3134 25
1164 3093 1177 3149 )
1202 3095 1309 3136 Rani

74 3151 87 3207 (
103 3154 237 3194 Bulini
259 3155 364 3209 Scyl.
392 3158 414 3208 §
438 3155 539 3211 22),
579 3165 618 3195 et
647 3170 747 3211 qaos
785 3155 1059 3196 Callimachus
1092 3156 1308 3197 Peucetias

69 3215 268 3270 appellat.
287 3219 341 3257 At
356 3232 484 3272 quum
501 3217 612 3272 apud
626 3220 824 3259 Nostrum
842 3218 1066 3259 Encheleas
1076 3219 1309 3274 praecedant

72 3277 226 3328 Manii,
245 3279 320 3319 hos
334 3282 472 3334 potius
495 3283 704 3335 Hymanos
723 3296 747 3322 a
775 3282 909 3323 Plinio
942 3281 1024 3322 dici
1043 3291 1161 3337 put0.
1184 3283 1308 3337 Apud

72 3341 294 3393 Scymnum
316 3344 392 3389 401
418 3341 438 3360 ”
451 3343 500 3382 Ισ
508 3358 591 3398 μεν
604 3359 651 3383 οι
673 3343 738 3384 καὶ
753 3344 944 3398 Μέντορες
965 3344 1074 3384 inter
1086 3345 1251 3398 Istriana
1268 3354 1309 3385 et

73 3401 315 3442 Liburniam
330 3403 530 3445 habitasse
547 3404 751 3446 seruntur.
773 3408 858 3460 ⁴11—-
880 3418 964 3458 γυν
976 3406 1307 3458 αικοκρατοῦν-

75 3467 244 3515 tacete]
260 3464 383 3518 Apud
400 3466 607 3507 Liburnos
626 3483 774 3509 uxores
792 3483 1034 3510 communes
1053 3468 1192 3519 fuisse,
1214 3469 1309 3510 alia-

70 3540 152 3580 que
163 3525 245 3565 huc
259 3527 505 3580 pertinentia
517 3529 644 3570 tradit
656 3530 848 3571 Nicolaus
860 3534 1139 3572 Damascenus
1155 3531 1206 3573 fr.
1231 3546 1249 3572 1
1260 3547 1276 3572 1
1288 3547 1305 3573 1

74 3588 88 3642 (
107 3589 211 3627 Hist.
239 3586 383 3640 fragm.
409 3596 511 3629 tom.
530 3592 610 3640 ΙΙΙ,
629 3605 672 3646 p.
699 3591 779 3640 458
795 3590 829 3648 ).
852 3596 955 3646 Quae
974 3593 1027 3634 de
1042 3594 1106 3634 his
1122 3594 1305 3650 disputat

72 3649 321 3691 Welckerus
343 3650 387 3689 in
409 3651 549 3691 AEsclt.
576 3652 727 3704 Trilog.
752 3668 795 3708 p.
823 3654 901 3708 587
928 3655 1116 3695 nondum
1135 3670 1304 3710 persua-

71 3713 124 3752 sit
143 3712 262 3752 mihi.
287 3713 480 3752 Ceterum
497 3721 590 3767 post
620 3715 824 3769 μίσγονται
845 3717 966 3756 inseri
992 3717 1114 3757 velim
1142 3732 1183 3757 v.
1208 3718 1303 3758 καὶ,

78 3776 92 3826 j}
116 3790 195 3813 -κ
208 3774 258 3813 αὶ
287 3773 470 3814 ἄλλαι..
495 3774 708 3828 πολλαί]
725 3777 870 3817 Strabo
883 3779 982 3827 VII,
998 3792 1041 3833 p.
1062 3778 1140 3818 315
1157 3792 1166 3819 z
1183 3779 1222 3819 αἱ
1239 3781 1305 3819 Λι-

74 3836 241 3890 ὅυρνίδες
282 3835 298 3891 (
323 3835 462 3892 νῆσοι)
485 3836 571 3891 περὶ
597 3838 877 3891 τετταράκοντα
908 3839 975 3879 τὀν
1013 3838 1189 3895 ἀριθμόν.
1213 3842 1228 3894 {l
1250 3865 1308 3872 -

75 3896 239 3953 Ἴστρις]
262 3896 402 3953 εῗστρις
416 3897 540 3939 codd.
559 3899 659 3939 Eam
683 3899 858 3953 intellige
872 3900 1063 3951 insulam,
1077 3916 1168 3956 quae
1182 3893 1308 3943 hodie

72 3970 134 4000 est
155 3960 310 4008 Chorus-o,
334 3959 445 4015 apud
465 3968 617 4000 veteres
632 3960 824 4015 appellari
839 3960 939 4001 solet
958 3961 1124 4017 ’Άψωρος
1145 3963 1158 4018 (
1176 3963 1308 4019 ''Adop-

74 4037 150 4077 ρος,
174 4023 358 4064 Absarus
374 4038 458 4064 var.
481 4022 660 4079 script.),
677 4023 787 4078 quod
805 4037 955 4064 nomen
966 4024 1114 4066 deinde
1129 4040 1222 4067 cum
1234 4029 1313 4068 Ar-

1198 179 1507 246 pssmpms.
1588 224 1591 227 -
2550 220 2604 258 27

1376 307 1611 356 Tarsatica,
1638 307 1805 356 Seniles,
1832 311 2006 362 Dyyrta,
2035 308 2182 363 Lupsi,
2221 313 2486 366 Ortopc.'el(c,
2526 320 2607 358 Hc-

1367 362 1496 412 ,ςίηιᾜρ
1529 363 1560 417 ).
1594 365 1647 403 Η1
1677 371 1878 416 reguntur
1914 377 1937 402 a
1972 363 2230 413 mulieribus,
2259 377 2350 418 quae
2374 377 2469 407 sunt
2499 372 2608 411 viro-

1369 431 1464 457 rum
1494 419 1770 470 ingcnuorum
1798 431 1965 467 uxores,
1997 425 2148 457 coeunt
2174 431 2270 458 vero
2303 419 2475 476 (etiam)
2514 439 2607 466 cum

1371 473 1497 512 servis
1520 474 1603 512 suis
1633 473 1813 527 virisque
1851 473 2030 526 regionis
2066 473 2225 513 vicinae.
2286 476 2393 514 Ante
2416 475 2522 517 hanc
2547 495 2610 518 rc·

1368 528 1533 581 gionem
1568 528 1631 567 hae
1663 536 1759 568 sunt
1804 528 1962 578 insulae,
2012 541 2189 582 quarum
2222 527 2390 582 quidem
2443 535 2609 574 nomina

1369 583 1507 632 dicere
1538 582 1671 623 habeo
1698 581 1711 638 (
1734 597 1832 622 nam
1853 591 1951 623 sunt
1979 584 2102 623 etiam
2123 583 2209 623 aliae
2240 583 2392 634 multae,
2429 598 2519 638 quae
2547 603 2610 628 ca-

1370 645 1465 679 rent
1490 636 1688 691 nomine)
1729 651 1738 678 :
1773 639 1890 678 Istris
1923 638 2055 678 insula
2090 638 2347 691 longitudine
2383 640 2609 683 stadiorum

1374 695 1482 744 310,
1524 692 1740 734 latitudine
1776 692 1881 733 stad.
1929 707 2022 744 120,
2059 693 2306 744 Electrides,
2340 696 2606 738 Mentorides.

1371 909 1644 956 gonautarum
1659 914 1733 955 per
1746 901 1901 939 Istrum
1917 899 1959 939 in
1977 897 2235 940 Adriaticum
2258 900 2393 940 sinum
2410 901 2610 956 profecto-

1371 963 1645 1004 rumhistoria
1660 961 1944 1015 conjunctum,
1963 961 2063 1001 abiit
2078 962 2121 1000 in
2137 960 2314 1016 ’Άψυρτος
2332 960 2607 1017 (Artemidor.

1372 1039 1439 1080 ap.
1464 1027 1523 1066 St.
1547 1027 1595 1066 B.
1623 1024 1654 1080 >,
1681 1023 1879 1078 Absyrtis
1906 1022 2090 1079 (Mela),
2123 1023 2367 1077 Absyrtium
2389 1024 2546 1083 (Plin.)
2572 1036 2612 1068 (t

1374 1086 1583 1143 Ἀψυρτίῧες
1607 1087 1666 1144 (i.
1691 1102 1728 1128 e.
1751 1087 1939 1142 Apsyrtis
1955 1094 1995 1126 ct
2015 1095 2142 1141 ponte
2151 1085 2299 1141 juncta
2313 1087 2350 1126 ei
2371 1087 2499 1129 insula
2525 1092 2610 1130 exi-

1369 1164 1463 1204 gua,
1482 1166 1573 1206 quae
1590 1165 1701 1190 nunc
1719 1152 1867 1190 Ozora.
1887 1149 2033 1190 Strabo
2047 1151 2125 1199 ΙΙΙ,
2149 1163 2192 1204 p.
2215 1152 2292 1197 124
2306 1148 2338 1204 ).
2356 1149 2462 1190 Illud
2483 1150 2609 1206 Ἄψυρ-

1367 1212 1423 1259 τίς
1445 1227 1597 1253 nomen
1622 1228 1664 1252 n.
1690 1212 1718 1253 l.
1743 1227 1821 1267 pro
1844 1209 1999 1266 Εῗστρις
2032 1210 2323 1266 reponendum
2345 1226 2429 1252 esse
2455 1216 2612 1255 censuit

1368 1274 1604 1315 Holstenius
1628 1289 1637 1315 :
1659 1289 1756 1314 nam
1774 1275 1896 1314 vertit
1919 1287 1928 1314 ι
1951 1278 2054 1314 Sunt
2075 1274 2180 1314 enim
2199 1273 2398 1329 Apsyrtis
2421 1274 2604 1317 insula...

1368 1337 1610 1385 Electrides,
1643 1336 1793 1384 Istria,
1825 1336 2092 1377 Mentorides.
2128 1336 2255 1389 Quod
2287 1336 2504 1378 violentius
2533 1348 2606 1379 cst.

1367 1402 1461 1440 Huc
1479 1399 1636 1441 aceedit
1652 1399 1766 1454 quod
1780 1400 1868 1439 haee
1886 1398 2020 1439 insula
2039 1398 2189 1454 Ἴστρος
2205 1407 2375 1439 vocatur
2394 1400 2436 1438 in
2456 1400 2610 1443 Chron.

1367 1464 1551 1504 Paschali
1572 1478 1615 1518 p.
1641 1463 1716 1511 541
1735 1461 1801 1502 ed.
1826 1463 1982 1511 Bonn.,
2002 1462 2074 1502 ubi
2092 1462 2232 1503 Gallus
2254 1477 2277 1503 a
2293 1463 2533 1504 Constantio
2552 1465 2615 1504 in-

1368 1526 1560 1567 terfectus
1591 1541 1677 1567 esse
1699 1534 1892 1568 narratur
1923 1525 1961 1567 ἐν
1984 1524 2125 1581 ’Ίστρῳ
2144 1524 2158 1582 (
2179 1523 2251 1582 ἴσῳ
2280 1526 2374 1567 00(1.
2393 1526 2470 1584 P.)
2492 1528 2611 1584 νήσῳ.

1369 1589 1533 1642 Quibus
1549 1590 1684 1630 verbis
1703 1597 1887 1629 nostram
1907 1588 2083 1629 insulam
2103 1588 2324 1642 significari
2347 1590 2550 1644 colligitur
2566 1607 2614 1632 cx

1369 1653 1617 1707 comparatis
1637 1654 1804 1693 Socrate
1822 1654 1880 1702 II,
1904 1653 1974 1702 34,
1992 1659 2032 1692 et
2046 1653 2292 1703 Sozomcno,
2310 1654 2381 1707 qui
2401 1653 2444 1693 id
2462 1652 2612 1694 sactum

1369 1729 1454 1754 esse
1476 1714 1592 1769 ajunt
1617 1716 1660 1755 in
1680 1715 1867 1756 Flanona
1889 1715 2043 1765 insula;
2063 1715 2123 1755 sie
2139 1715 2251 1755 enim
2275 1716 2317 1755 h.
2344 1716 2372 1756 l.
2395 1716 2525 1756 insula
2545 1732 2614 1757 vo-

1369 1785 1501 1827 catur,
1519 1777 1633 1832 quod
1648 1778 1841 1819 Flanonae
1855 1778 1950 1818 urbi
1966 1778 2157 1832 proxime
2169 1776 2339 1832 adjacet.
2366 1781 2611 1833 Quanquam

1367 1840 1503 1892 putari
1542 1841 1666 1880 etiam
1698 1841 1827 1895 possit
1858 1849 1899 1880 et
1941 1840 2093 1895 Peripli
2126 1849 2336 1881 auctorem
2378 1850 2417 1882 et
2453 1843 2610 1883 Clu-on.

1369 1902 1514 1942 Pasch.
1536 1911 1746 1943 auctorem
1762 1903 1939 1953 Istriam,
1961 1912 2078 1944 aeten
2099 1904 2142 1943 in
2157 1918 2270 1944 mare
2283 1914 2611 1959 procurrentem,

1367 1963 1543 2006 insulam
1552 1965 1718 2007 dixisse.
1729 1968 1784 2007 V.
1798 1966 1988 2007 Meineke
2000 1966 2052 2007 ad
2062 1968 2198 2022 Scym.
2213 1981 2255 2022 p.
2276 1968 2368 2009 133.
2385 1969 2400 2021 11
2412 1985 2494 2009 -ν
2505 1973 2527 2021 ῆ
2540 1988 2589 2013 σο
2600 1990 2615 2021 ς

1370 2028 1581 2073 σταδίων
1605 2028 1694 2082 τι’]
1723 2031 1821 2070 Post
1844 2032 1958 2080 νῆσος
1980 2029 2181 2070 excidisse
2200 2044 2240 2070 v.
2269 2033 2389 2085 μῆκος
2412 2035 2610 2088 suspicor.

1370 2090 1608 2144 Longitudo
1639 2101 1749 2132 recte
1783 2092 2002 2141 definitum
2045 2091 2221 2132 latitudo
2258 2093 2384 2134 nimia
2393 2103 2467 2135 est.
2507 2098 2520 2150 U
2559 2122 2615 2128 —

1375 2150 1424 2191 ’H
1434 2153 1459 2192 λ
1471 2169 1516 2193 εκ
1529 2169 1551 2194 τ
1561 2170 1580 2208 ρ
1594 2155 1633 2194 ίδ
1647 2171 1661 2195 ε
1674 2157 1713 2207 ς]
1731 2155 1904 2208 Κλείτρει
1925 2154 2052 2208 λιτρία
2073 2153 2218 2195 codex.
2234 2157 2386 2196 Praeter
2395 2159 2488 2198 Istri
2494 2174 2517 2199 n
2532 2162 2614 2200 sive

1372 2217 1635 2271 Apsyrtidem
1658 2227 1739 2258 tres
1758 2226 1854 2258 sunt
1874 2217 1926 2257 ad
1947 2231 2062 2257 oram
2079 2217 2347 2258 Liburnicam
2370 2220 2511 2261 insulae
2527 2237 2610 2262 ma-

1366 2274 1478 2329 jores
1502 2293 1511 2319 :
1541 2279 1704 2320 Curicta
1723 2280 1736 2335 (
1753 2281 1858 2321 Plin.
1878 2289 1919 2320 et
1947 2279 2053 2320 Ptol.
2070 2278 2083 2334 )
2102 2280 2186 2319 sive
2206 2280 2420 2334 Κυρακτική
2439 2283 2451 2338 (
2467 2285 2612 2325 Strabo

1371 2355 1413 2395 p.
1437 2345 1529 2390 124.
1549 2342 1627 2382 325
1647 2342 1679 2398 ),
1698 2357 1811 2383 nunc
1830 2342 1977 2394 Veglia
1999 2342 2083 2381 sive
2097 2342 2230 2381 Karek
2244 2360 2258 2389 ,·
2280 2344 2400 2383 Arba
2424 2344 2558 2400 (Plin.
2576 2349 2608 2403 ),

1371 2417 1484 2443 nunc
1519 2403 1655 2453 Arbe‚·
1683 2403 1889 2444 Pamoclas
1916 2402 2044 2459 (Tab.
2070 2404 2258 2456 Peuting.
2277 2403 2310 2459 ),
2334 2419 2447 2445 nunc
2478 2411 2606 2460 Pago,

1372 2481 1495 2520 quam
1511 2467 1667 2507 Plinius
1695 2466 1969 2506 Port'unatam
1986 2464 2122 2505 dicere
2140 2464 2316 2506 videtur.
2338 2467 2482 2522 Scylax
2510 2485 2610 2511 num

1373 2527 1474 2569 duas
1492 2543 1544 2569 an
1566 2537 1648 2569 tres
1670 2528 1820 2569 insulas
1839 2527 2129 2577 nominaverit,
2142 2526 2331 2568 dubitare
2349 2528 2456 2579 licet,
2485 2533 2611 2586 siqui-

1373 2589 1469 2631 dem
1486 2591 1575 2631 fieri
1593 2599 1742 2645 potest,
1762 2599 1810 2630 ut
1843 2590 1911 2630 illa
1941 2590 2105 2644 κλείτρει
2134 2597 2174 2629 et
2194 2589 2322 2645 λιτρία
2340 2605 2391 2630 ex
2413 2591 2610 2647 dittogra-

1372 2654 1470 2708 phia
1487 2653 1671 2708 ejusdem
1686 2653 1866 2693 nominis
1887 2661 1979 2693 orta
1996 2653 2093 2702 sint,
2118 2660 2312 2693 monente
2330 2654 2479 2697 Gailio.
2514 2658 2611 2697 Hol-

1376 2716 1533 2756 stenius
1562 2715 1686 2756 scribi
1701 2714 1824 2770 jussit
1854 2728 1864 2755 :
1895 2714 2152 2770 Ἠλεκτρίδες,
2184 2712 2340 2769 Ἰστρία.
2365 2717 2524 2768 Quodsi
2560 2720 2613 2759 ita

1372 2779 1572 2833 scriptum
1589 2778 1633 2818 in
1652 2777 1794 2818 codice
1816 2786 1918 2827 erat,
1947 2786 2085 2818 tamen
2111 2775 2255 2831 Ἰστρία
2273 2777 2377 2817 nihil
2399 2777 2506 2818 foret
2534 2781 2610 2820 nisi

1374 2840 1512 2895 ’Ἰστρις
1523 2855 1677 2881 nomen
1691 2840 1796 2881 male
1811 2840 2031 2895 repetitum
2045 2855 2057 2889 ;
2075 2838 2299 2880 Electridas
2315 2853 2412 2880 vero
2425 2855 2448 2880 a
2461 2842 2612 2882 Nostro

1371 2911 1617 2943 memoratas
1637 2917 1724 2943 esse
1746 2902 1910 2956 colligas
1930 2917 1952 2942 e
1971 2901 2118 2942 collato
2133 2902 2312 2956 Scymno
2329 2902 2408 2956 372
2428 2916 2437 2943 :
2456 2902 2522 2950 τὰς
2545 2904 2610 2958 μὲν

1372 2965 1585 3021 λεγομένας
1622 2964 1836 3020 Ἀψυρτίδας
1874 2963 2124 3018 Ἠλεκτρίόας
2145 2977 2201 3011 τε,
2226 2961 2293 3010 τὰς
2316 2963 2357 3004 δὲ
2384 2964 2449 3004 καὶ
2479 2966 2612 3020 Λιὸυρ-

1374 3029 1489 3076 νίδας.
1510 3028 1574 3070 Cf.
1594 3028 1753 3070 Plinius
1774 3029 1853 3077 III,
1878 3027 1931 3068 3ο
1950 3040 1959 3067 ;
1979 3029 2112 3066 Juxta
2124 3026 2194 3065 'eas
2221 3028 2260 3065 E
2263 3025 2462 3075 leonides,
2493 3029 2612 3068 vani-

1374 3091 1478 3132 tatis
1501 3094 1652 3132 Gra’ca’
1673 3089 1948 3130 certissimum
1978 3088 2260 3128 documentum
2273 3104 2289 3136 ,·
2307 3087 2407 3127 adeo
2439 3098 2486 3128 ut
2508 3105 2611 3144 quas

1372 3168 1511 3194 earam
1527 3153 1738 3205 designent
1755 3151 1869 3192 haud
1887 3165 2064 3205 {mquam
2090 3148 2336 3190 constiterit.
2361 3150 2461 3190 Vid.
2488 3152 2608 3191 etiam

1373 3215 1519 3256 Strabo
1540 3216 1596 3264 V,
1614 3229 1657 3269 p.
1685 3215 1763 3254 215
1782 3229 1792 3262 ;
1819 3213 1990 3254 Aristot.
2019 3212 2117 3251 Mir.
2152 3212 2220 3251 82.
2242 3211 2366 3250 Initio
2387 3211 2609 3252 Electridas

1373 3277 1426 3318 ad
1445 3276 1617 3318 Eridani
1642 3278 1747 3317 ostia
1769 3275 1935 3316 finxisse
1960 3273 2174 3322 videntur;
2203 3272 2353 3313 deinde
2381 3276 2609 3315 accuratius

1374 3339 1426 3380 de
1440 3341 1504 3380 his
1522 3339 1759 3394 regionibus
1777 3337 1913 3378 edocti
1933 3335 2229 3376 transtulerunt
2246 3334 2300 3375 ad
2323 3350 2439 3376 oram
2462 3337 2608 3377 Libur-

1373 3403 1524 3443 nicam.
1552 3399 1820 3454 Intcffigenda
1839 3408 1910 3440 aut
1928 3399 2143 3453 Cyraetice'
2156 3406 2226 3437 aut
2245 3397 2356 3439 Arbe
2371 3398 2492 3439 Plinii
2513 3414 2608 3440 cum

1373 3465 1552 3520 parvulis
1571 3463 1713 3503 insulis
1732 3476 1823 3517 quae
1850 3462 1914 3502 his
1946 3460 2147 3515 adspersae
2172 3459 2327 3515 jacent.
2357 3462 2610 3502 Mentorides

1374 3541 1472 3567 vero
1484 3540 1569 3567 esse
1585 3525 1737 3565 debent
1755 3527 1869 3575 Pago
1886 3521 2091 3563 hodierna
2109 3537 2204 3563 cum
2219 3524 2407 3577 proxime
2422 3523 2608 3578 adjacen-

1375 3589 1499 3629 tibus.
1524 3589 1608 3628 Has
1625 3594 1774 3642 praeter
1805 3584 2009 3640 Scylacem
2035 3599 2156 3625 nemo
2182 3594 2409 3636 memorat3
2431 3595 2471 3627 at
2493 3589 2608 3626 Men-

1375 3661 1484 3692 tores
1503 3650 1703 3706 populum
1732 3649 1923 3689 novimus
1945 3663 1992 3688 ex
2027 3649 2217 3689 Hecataeo
2235 3663 2302 3704 ap.
2330 3650 2470 3703 Steph.
2494 3664 2525 3689 5.
2552 3664 2606 3698 v.,

1376 3714 1524 3763 Plinio,
1539 3713 1710 3754 Aristot.
1721 3712 1819 3752 Mir.
1835 3724 1928 3760 111,
1942 3710 2012 3750 ubi
2027 3710 2226 3766 Delphius
2238 3725 2356 3751 mons
2365 3726 2449 3751 esse
2460 3711 2610 3750 dicitur

1379 3775 1517 3831 μεταξὺ
1535 3777 1602 3826 τῆς
1630 3775 1868 3828 Μεντορικῆς
1889 3773 1954 3813 καὶ
1980 3775 2048 3824 τῆς
2072 3772 2296 3828 Ἰστριανῆς,
2321 3782 2361 3813 ct
2392 3772 2608 3826 Apollonio

1377 3837 1515 3879 Rhod.
1538 3838 1616 3887 IV,
1637 3835 1732 3886 551,
1751 3836 1822 3890 qui
1837 3849 1967 3889 quum
1986 3835 2150 3890 Hyllum
2169 3849 2308 3888 greges
2322 3833 2608 3873 defendentem

1378 3917 1401 3941 a
1421 3900 1679 3941 Mentoribus
1701 3900 1884 3939 occisum
1903 3897 2026 3947 dicat,
2059 3898 2200 3952 Scylax
2234 3911 2329 3936 vero
2357 3894 2609 3935 Mentorides

1383 3965 1460 4003 ins.
1479 3963 1570 4003 loco
1587 3970 1797 4017 postremo
1814 3969 1942 4016 ponat
1961 3959 2078 4013 :jure
2093 3960 2190 3999 hinc
2205 3959 2349 4011 colligo
2369 3957 2540 3997 insulam
2556 3957 2610 3998 ad

1385 4025 1563 4066 confinia
1579 4024 1789 4065 Liburniae
1805 4031 1844 4063 et
1856 4022 2097 4063 Chersonesi
2114 4021 2279 4075 Hyllicae
2294 4021 2409 4060 sitam
2427 4019 2560 4059 fuisse.
2588 4022 2603 4074 Η
