2782 4348
146 220 206 259 58
517 223 566 265 Ο

126 311 189 374 τῷ
208 309 354 374 κόλπῳ
372 309 505 374 τούτῳ
527 310 650 368 νῆσός
674 311 780 371 ἐστι,
803 311 926 364 νῆσος
945 307 988 354 Sl
1012 309 1167 371 ἰρήμη,
1184 302 1360 372 ᾗόνομα

128 378 294 437 Λευκὴ,
317 378 409 443 lup&
427 383 501 427 τοῦ
524 377 761 442 Ἀχιλλέως.
831 375 931 424 Ἀπὸ
953 374 998 423 δὶ
1020 378 1153 441 Κριοῦ
1167 379 1362 438 μετώπου

126 449 257 503 πλοῦς
290 449 347 502 εἰς
381 448 693 496 Παντικάπαιον
718 445 878 510 ἡμέρας
908 445 982 491 καὶ
1013 446 1178 502 νυκτός·
1209 448 1292 496 άπὸ
1317 449 1360 497 δι

128 518 448 566 Παντικαπαίου
485 517 554 563 ἐπὶ
588 516 636 562 τὸ
665 514 803 575 στόμα
834 517 909 571 τῆς
941 514 1179 572 Μαιώτιδος
1209 517 1363 579 λίμνης

126 586 216 632 ἐστὶ
238 588 386 633 στάδια
408 587 466 634 κ’.
534 585 589 632 Ἥ
610 583 653 630 δὲ
673 586 864 636 Μαιῶτις
885 583 1015 645 λίμνη
1045 584 1212 647 λέγεται
1228 587 1360 648 ἥμισυ

128 647 232 701 εἶναι
254 659 325 700 τοῦ
358 653 536 701 Πόντου.
605 652 678 700 Ἐν
702 651 745 698 δὲ
769 655 822 716 τῇ
855 654 1069 702 Μαιώτιδι
1094 655 1220 718 λίμνῃ
1245 658 1363 712 εὐθυς

126 722 354 771 εἷο-πλέοντί
374 724 476 768 εἰσιν
496 724 563 768 ἐπ’
586 723 805 807 ἀριστερΞς
823 721 1006 771 Σκυθαι·
1034 725 1262 782 καθήκουσι
1277 727 1360 792 γὰρ

125 794 172 838 ἐκ
193 795 324 905 τλῆς,
283 809 324 845 ες
328 809 362 837 ω
378 791 590 849 θαλάσσης
611 789 714 855 ὑπὲρ
731 794 805 849 τῆς
814 793 1028 855 Ταυρικῆς
1042 796 1100 847 εἰς
1116 794 1192 851 τὴν
1210 797 1359 843 Μαιῶ·
1370 862 1374 866 .

123 879 184 906 τιν
233 878 371 921 ιμνην.
413 884 417 889 ·

187 931 456 978 ΣΥΡΜΑΤΑῙ.
489 929 645 995 [Μετὰ
686 931 728 978 δὲ
765 932 931 986 Σκύθας
956 931 1212 995 Συρμάται]
1251 933 1361 986 ἔθνος

122 996 193 1043 καὶ
213 997 400 1059 ποταμὸς
421 999 594 1058 Τάναϊς,
620 1000 698 1063 [ὃς]
723 1001 847 1064 ὁρίζει
869 1000 1009 1048 Ἀσίαν
1028 1002 1100 1048 καὶ
1132 1002 1357 1067 Εὐρώπην.

184 1082 238 1113 89.
271 1069 569 1117 ΠΑΡΑΠΛΟΥΣ
595 1079 788 1118 ΑΠΑΣΗΣ
809 1080 907 1119 ΤΗΣ
933 1079 1181 1119 ΕΥΡΩΠΗΣ.
1250 1071 1352 1120 Atto

122 1130 381 1198 Ἡρακλείων
411 1140 576 1197 στηλῶν
612 1142 692 1186 τῶν
721 1142 763 1187 ἐν
795 1144 847 1204 τῇ
880 1141 1060 1205 Εὐρώπῃ
1096 1141 1360 1206 περιπλέοντι

123 1204 215 1259 τους
236 1206 414 1262 κόλπους
445 1209 561 1273 παρὰ
582 1228 675 1271 γην,
707 1210 1005 1274 λογιζομένῳ
983 1210 1026 1257 οὲ
1056 1210 1151 1258 ὅσαι
1170 1229 1362 1275 γεγραμ-

121 1274 244 1332 με’ναι
266 1277 362 1337 εἶσὶ,
387 1278 529 1333 νύκτες
546 1279 639 1326 ἀντὶ
654 1279 811 1326 τούτων
799 1280 1008 1367 ἡμέρας,
1025 1279 1119 1338 καὶ,
1139 1280 1242 1327 ὅπου
1261 1282 1360 1328 στά-

121 1345 190 1391 διά
219 1347 299 1393 εἶσι
328 1349 621 1412 γεγραμμένα,
644 1350 735 1396 ἀντὶ
769 1353 851 1396 τῶν
888 1350 928 1414 φ’
949 1351 1131 1396 σταδιων
1163 1354 1360 1414 ἡμεραῖον

120 1414 190 1460 τὸν
225 1418 376 1504 πλοῦν,
409 1419 568 1480 γίνεται
604 1422 678 1476 τῆς
710 1419 917 1483 Εὐρώπης
942 1422 964 1465 δ
989 1420 1254 1484 παράπλους,
1290 1426 1360 1467 τοῦ

119 1482 291 1543 ἡμίσεος
322 1486 470 1550 μέρους
493 1492 566 1535 τοῦ
598 1489 759 1536 Πόντου
779 1488 891 1542 ὄντος
919 1488 1009 1535 ἴσου
1033 1492 1105 1546 τῆς
1127 1490 1363 1543 Μαιώτιδος

120 1551 292 1616 λίμνης,
318 1560 486 1619 ἡμερῶν
505 1557 566 1619 ρν’
584 1560 725 1620 τριῶν.

194 1625 393 1686 Μέγιστοι
415 1625 459 1671 δὲ
477 1627 659 1685 ποταμοί
678 1627 779 1672 εἰσιν
798 1628 840 1672 ἐν
858 1630 911 1689 τῇ
931 1627 1115 1691 Εὐρώπῃ
1133 1631 1155 1675 ὁ
1172 1628 1332 1682 Τάναϊς
1346 1665 1360 1690 ,

121 1700 144 1743 ὁ
163 1694 351 1758 Ἴστρος,
377 1698 399 1741 ὁ
419 1694 633 1748 Ῥοδανός.

121 1923 174 1964 sit
187 1921 416 1964 stadiorum
432 1935 558 1965 2200.
580 1923 597 1975 ΙΙ
608 1946 665 1954 -
683 1924 714 1963 Λ
727 1938 804 1964 ευκ
816 1920 839 1973 ὴ
853 1924 868 1976 ]
881 1924 1003 1965 Nunc
1010 1923 1185 1973 Adassi,
1204 1924 1361 1966 Phido-

122 1985 209 2027 nisi
230 1986 292 2028 vel
307 1989 542 2043 Serpentum
560 1985 712 2027 insula.
738 1987 792 2027 V.
811 1986 984 2028 Koehler
998 1990 1122 2029 Mem.
1143 1986 1192 2028 dc
1210 1987 1360 2030 l'acad.

121 2047 172 2089 de
187 2049 461 2092 Se.·1’eeersb.
481 2057 511 2090 t.
530 2049 586 2100 X,
607 2062 649 2105 p.
671 2049 752 2103 599
770 2063 862 2105 sqq.
882 2049 1029 2091 Ukert.
1052 2052 1130 2102 ΙΙΙ,
1149 2064 1244 2106 2,p.
1264 2054 1360 2101 [042.

126 2109 453 2167 21—2']‚Stadia
472 2110 556 2153 sere
574 2119 672 2153 sunt
688 2110 763 2167 ρκ’,
787 2125 879 2154 120.
903 2114 997 2167 11-
1013 2112 1101 2168 λὲγ
1114 2128 1224 2154 εται
1252 2113 1277 2165 ἤ
1290 2129 1365 2169 μι-

123 2189 175 2215 συ
210 2172 343 2216 εἶναι
364 2174 451 2216 κτλ.
476 2175 489 2231 ]
518 2177 582 2217 Ex
619 2174 766 2216 eodem
803 2188 899 2216 cum
929 2176 1083 2216 Nostro
1110 2174 1225 2217 fonte
1254 2179 1368 2218 Ano³

121 2251 271 2293 nymus
285 2237 436 2294 Peripl.
453 2240 477 2292 S
495 2241 548 2288 44
570 2251 580 2279 z
597 2236 622 2290 ᾗ
638 2237 679 2279 δὲ
694 2238 865 2286 Μαιῶτις
878 2237 999 2293 λίμνη
1016 2237 1171 2293 λέγεται
1187 2237 1238 2287 εἰς
1249 2238 1367 2294 ἥμισυ

122 2300 225 2342 εἶναι
240 2304 308 2344 τοῦ
323 2301 490 2343 Πόντου.
514 2302 624 2343 Hinc
641 2300 692 2350 εἷς
711 2302 753 2342 in
770 2301 979 2357 Scylacem
998 2302 1207 2343 transtulit
1222 2302 1367 2344 Fabri·

119 2364 224 2406 cius.
245 2363 483 2406 Maeotidem
510 2365 645 2406 Ponto
661 2378 747 2405 non
765 2363 900 2405 multo
919 2365 1124 2407 minorem
1143 2378 1231 2406 esse
1246 2364 1369 2407 duxit

124 2425 458 2479 Herodotus-IV,
484 2429 553 2469 86.
580 2440 652 2469 101
675 2442 686 2477 ;
708 2428 869 2482 πάρισον
892 2431 949 2484 τῷ
976 2427 1116 2484 Πόντῳ
1138 2442 1225 2469 esse
1243 2429 1368 2469 etiam

125 2489 329 2531 Patrocles
344 2490 504 2531 censuit
518 2504 584 2546 ap.
602 2489 794 2532 Strabon.
808 2491 885 2541 XI,
901 2504 945 2549 p.
967 2490 1061 2532 508.
1078 2490 1274 2546 Polybius
1288 2492 1366 2542 IV,

125 2555 179 2599 40
203 2552 405 2593 ambitum
438 2551 527 2608 ejus
554 2567 642 2594 esse
667 2552 769 2593 dicit
787 2552 894 2594 stad.
921 2555 1053 2604 8000;
1074 2553 1222 2595 eodem
1242 2553 1369 2595 modo

123 2613 271 2654 Strabo
289 2615 386 2664 VII,
406 2628 463 2669 ;p.
486 2615 589 2665 31o;
631 2629 743 2669 9000
771 2614 877 2657 stad.
915 2623 956 2655 et
978 2614 1101 2666 ultra,
1128 2615 1276 2657 Strabo
1310 2618 1366 2658 ΙΙ.

124 2689 167 2731 p.
199 2676 292 2725 125,
323 2678 486 2718 Arrian.
521 2678 672 2733 Peripl.
704 2680 820 2732 529,
854 2677 1116 2731 Agathemer.
1148 2680 1185 2729 I,
1221 2678 1261 2720 3.
1302 2681 1366 2730 11,

131 2739 206 2787 14,
237 2739 340 2778 1125
362 2738 423 2779 vel
464 2741 569 2788 1406
590 2739 691 2780 mill.
727 2754 833 2795 pass.
873 2739 1030 2781 Plinius
1065 2740 1142 2790 IV,
1177 2743 1247 2789 24.
1281 2741 1297 2793 ΙΙ
1314 2765 1371 2773 —

126 2801 368 2857 Συρμάται
406 2802 509 2844 κτλ.
535 2806 549 2857 ]
576 2805 642 2845 Sic
676 2804 814 2845 locum
858 2805 1074 2845 constituit
1116 2803 1371 2846 Niebuhrius

127 2864 155 2907 1.
180 2864 229 2915 1.,
251 2878 489 2920 quanquam
504 2867 763 2921 acquiescere
786 2868 910 2907 etiam
932 2866 1028 2908 licet
1047 2867 1088 2907 in
1105 2866 1239 2909 hiulca
1255 2867 1368 2909 codi-

127 2927 187 2969 cis
210 2926 426 2978 brevitate,
455 2929 526 2983 qui
551 2928 607 2969 ita
626 2928 750 2970 habet
771 2943 818 2970 ε..
846 2928 896 2977 εἰς
915 2927 985 2980 τὴν
1011 2929 1186 2971 Μαιῶτιν
1206 2930 1367 2986 λίμνην.

128 2989 325 3046 Συρμάται
349 2989 469 3038 ἔθνος·
507 2989 574 3031 καὶ
603 2990 775 3046 ποταμὸς
809 2991 966 3038 Τάναϊς·
1006 2990 1124 3046 ὁρίζει
1152 2990 1276 3032 Ἀσίαν
1309 2994 1373 3033 καὶ

121 3050 333 3109 Εὓρὼπην.
360 3052 473 3095 Olim
497 3050 729 3108 Jungebant
753 3067 762 3095 :
790 3053 1000 3106 καθήκουσι
1030 3053 1107 3109 γὰρ
1143 3053 1194 3103 εἰς
1216 3054 1286 3106 τὴν
1312 3056 1365 3096 Μ.

129 3116 274 3173 λίμνην
306 3114 519 3172 Συρμάται,
545 3115 659 3172 quod
692 3117 865 3158 retinuit
898 3115 1100 3167 Ulterius,
1131 3132 1370 3174 quanquam

131 3188 221 3222 tum
242 3177 343 3222 illud
371 3178 652 3231 καθήκουσι
680 3178 777 3236 γὰρ
813 3179 916 3221 nihil
936 3178 1075 3231 habet,
1107 3194 1193 3237 quo
1224 3182 1375 3224 resera·

133 3251 216 3284 tur.
239 3240 365 3284 ·1dem
386 3241 542 3298 absque
559 3255 680 3284 causa
707 3240 856 3285 idonea
874 3242 1000 3285 verba
1022 3241 1113 3299 ὓπέρ
1143 3246 1211 3297 τῆς
1239 3244 1376 3300 Ταυρι-

134 3307 201 3356 κῆς
214 3305 466 3361 transposuit
479 3312 573 3361 post
589 3303 647 3347 ἐπ’
664 3304 862 3361 ἀριστερᾶς
875 3305 1031 3348 Σκύθαι.
1053 3307 1243 3363 Denique
1261 3306 1285 3360 ἢ
1307 3307 1379 3356 ἔξω

135 3367 310 3408 θάλασσα
335 3381 420 3410 non
449 3375 511 3409 est
538 3368 745 3419 Oceanus,
769 3367 842 3410 sed
857 3367 972 3424 quod
994 3377 1055 3410 est
1072 3376 1188 3412 extra
1215 3371 1378 3412 Maeoti-

135 3428 230 3470 dem
263 3444 375 3471 mare
410 3431 647 3482 Ponticum,
670 3430 724 3473 ad
747 3430 861 3487 quod
898 3431 1059 3488 Scytha!
1079 3431 1267 3475 habitare
1292 3432 1378 3489 jam

71 3539 81 3549 ι
135 3490 295 3532 dixerat
327 3500 487 3534 auctor.
528 3492 656 3546 Quod
691 3493 744 3534 Συ
746 3494 888 3550 ρμάται
931 3509 1084 3536 nomen
1126 3495 1288 3546 attinet,
1321 3501 1375 3538 ci.

137 3553 466 3609 steph.13yz.:
503 3555 557 3595 Συ
538 3556 659 3611 ρμάτ
662 3571 715 3606 αι,
762 3556 801 3598 οἷ
839 3557 1102 3613 Σαυρομάται,
1137 3557 1189 3607 ὡς
1219 3556 1383 3607 Εὔδοξος

136 3613 343 3671 πρώτῳ.
355 3599 543 3670 'notati-bv
562 3621 631 3658 τοῦ
650 3619 842 3668 Τανάὶοος
873 3619 1073 3676 Συρμάτας
1099 3635 1309 3663 κατοικειν.
1332 3622 1381 3663 ln

139 3690 226 3734 seq.
244 3678 269 3731 ς
291 3690 345 3732 70
367 3676 421 3719 ab
440 3677 569 3719 altero
589 3680 786 3722 Tanaidis
820 3680 946 3723 latere
966 3682 1228 3738 ponuntur*
1201 3698 1384 3739 ..anpo-

141 3739 258 3795 μάται
271 3741 689 3797 γυναικοκρατούμενοι
711 3745 728 3796 (
747 3746 887 3796 Quare
907 3744 1120 3786 Fabricius
1134 3747 1258 3787 etiam
1279 3745 1321 3787 in.
1351 3745 1379 3789 Ι.

139 3801 385 3859 ..αυρομάται
407 3803 570 3859 scripsit
589 3806 620 3858 ).
647 3807 752 3857 Quae
785 3807 1002 3847 nominum
1021 3808 1192 3849 varietas
1214 3822 1383 3865 compa·

141 3864 270 3909 randa
280 3874 342 3908 est
355 3880 451 3909 cum
461 3866 542 3918 illa,
558 3881 641 3923 qua
650 3867 817 3920 Μηλιεις
826 3877 867 3910 et
878 3869 1043 3918 Μαλιεῖς
1028 3884 1175 3926 supra
1192 3874 1279 3924 §62
1298 3870 1382 3914 dis·

142 3929 272 3984 tingui
287 3927 484 3972 vidimus.
502 3929 626 3972 Unde
642 3938 733 3972 orta
752 3932 819 3982 sit,
836 3930 1023 3973 divinare
1041 3932 1135 3974 licet
1143 3934 1291 3976 collato
1306 3936 1381 3977 Pe-

143 3991 249 4046 riplo
263 3993 490 4049 Anonymi,
506 3993 578 4049 qui
595 4006 646 4035 ex
665 3992 868 4035 similibus
883 3993 1066 4036 fontibus
1081 3994 1275 4037 hauriens
1287 4005 1380 4053 post

145 4053 271 4094 modo
297 4057 483 4111 opposita
501 4056 634 4113 pergit
657 4069 668 4098 z
692 4055 770 4099 Τον
789 4055 830 4099 ai
847 4057 1002 4114 ,Τάναϊν
1022 4059 1215 4116 ποταμὸν,
1237 4061 1278 4109 ὅς
1298 4060 1378 4103 ἔστι

1018 205 1305 255 SCYLACIS
1338 209 1800 261 cAnYANnENsls

2584 221 2671 286 (a.)

1430 320 1547 363 sinus
1563 319 1623 363 ibi
1639 329 1717 364 est.
1775 324 1825 364 In
1847 336 1932 379 quo
1949 324 2044 366 sinu
2067 323 2198 366 insula
2217 332 2294 376 eet,
2313 324 2474 368 deserta
2496 326 2564 371 illa
2579 331 2674 386 qui-

1429 386 1544 439 dem,
1572 390 1642 431 cui
1664 390 1813 433 Leueoe
1836 405 2004 442 nomen,
2027 391 2174 435 Achilli
2194 405 2323 435 sacra.
2350 397 2385 436 A
2405 393 2722 454 Criumetopo

1430 456 1735 514 Pantieapoeum
1754 459 1963 514 navigatio
1978 459 2062 502 diei
2083 461 2327 517 noctisque,
2362 476 2387 503 a
2416 464 2676 521 Panticapaeo

1429 522 1484 565 ad
1502 525 1655 568 ostium
1681 525 1844 583 paludis
1863 526 2069 571 Maeotidis
2086 527 2217 571 stadia
2238 537 2334 571 sunt
2351 543 2419 572 20.
2481 532 2676 575 Ceterum

1428 593 1590 635 Maeotis
1605 593 1725 651 palus
1747 594 1903 637 dicitur
1930 595 2090 638 ambitu
2104 611 2181 639 suo
2202 596 2420 640 dimidiam
2440 601 2560 642 Ponti
2581 614 2676 656 par·

1429 668 1515 704 tem
1538 660 1879 720 exaequare.1n
1901 665 2098 708 Maeotide
2130 676 2270 711 autem
2293 668 2467 726 palude,
2500 671 2535 711 si
2563 679 2675 714 recta

1431 730 1448 788 (
1464 731 1640 774 Tanaim
1684 732 1857 789 versus)
1898 734 2214 794 innavigaveris,
2249 737 2302 779 ad
2334 738 2541 780 sinistram
2577 747 2676 782 sunt

1427 799 1619 856 Scytha.
1639 803 1794 844 etenim
1808 802 1862 844 ab
1883 812 2027 846 extero
2049 807 2154 847 mari
2184 821 2312 863 super
2330 806 2550 850 Tauricam
2576 823 2674 866 por-

1428 870 1530 911 recti
1559 884 1691 926 usque
1721 871 1774 913 ad
1794 872 2031 915 Moeotidem
2066 874 2258 931 paludem
2289 879 2543 935 pertingunt.

1485 939 1718 981 Suum.
1743 940 1760 995 [
1776 942 1879 982 Post
1906 941 2077 997 Scythas
2091 946 2402 1003 Symasamm]
2418 955 2574 1004 gens‘et
2592 948 2674 989 'ra-

1429 1007 1519 1049 nais
1542 1008 1708 1058 fluvius,
1729 1010 1802 1065 qui
1821 1011 1962 1052 Asiam
1977 1018 2018 1053 et
2039 1013 2251 1069 Europam
2273 1013 2546 1060 dista-minat.

1487 1080 1556 1131 69.
1588 1078 2006 1120 Pam-annuento
2028 1094 2252 1123 umvaasz
2274 1082 2480 1126 Euam-2.
2500 1084 2605 1127 Inde
2622 1085 2675 1127 ab

1429 1144 1644 1186 Herculeis
1665 1147 1845 1202 Europae
1858 1146 2063 1188 columnis
2078 1148 2112 1189 si
2129 1146 2250 1203 juxta
2270 1157 2425 1192 terram
2445 1154 2679 1208 navigando

1429 1216 1545 1256 sinus
1557 1217 1756 1271 sequaris,
1775 1225 1898 1272 atque
1917 1218 1974 1259 ita
1984 1219 2303 1274 computaveris,
2317 1228 2366 1262 ut
2383 1221 2554 1276 singulis
2571 1236 2673 1278 quas

1430 1285 1666 1325 notavimus
1694 1285 1886 1327 noctibus
1916 1284 2005 1327 dioe
2033 1286 2353 1340 substituantur,
2377 1297 2420 1331 et
2439 1289 2511 1331 ubi
2546 1289 2679 1333 stadia

1431 1353 1586 1408 scripta
1607 1362 1727 1404 sunt,
1761 1355 1969 1410 quingena
1986 1354 2119 1397 stadia
2146 1370 2225 1412 pro
2240 1357 2366 1399 unius
2400 1356 2483 1399 diei
2512 1359 2677 1413 naviga·

1431 1423 1545 1464 tione
1565 1432 1853 1475 numerentur,
1875 1424 1923 1466 fit
1943 1426 2122 1481 Europae
2147 1428 2504 1482 praeternavigatio
2529 1427 2678 1483 (Ponti

1431 1499 1548 1547 parte
1570 1490 1743 1533 dimidia
1757 1492 1994 1534 Maeotidem
2011 1493 2203 1550 paludem
2219 1496 2490 1552 exaequante)
2513 1495 2677 1538 dierum

1431 1568 1598 1601 centum
1614 1562 1912 1617 quinquaginta
1930 1564 2072 1605 trium.

1487 1629 1656 1674 Maximi
1674 1640 1812 1674 autem
1840 1633 1882 1674 in
1916 1634 2082 1690 Europa
2107 1634 2222 1676 fluvii
2245 1643 2343 1677 sunt
2358 1635 2527 1687 Tanais,
2554 1638 2677 1687 Ister,

1433 1698 1678 1741 Rhodanus.

1433 1927 1501 1978 τῆς
1518 1924 1641 1975 Ἄσίας
1663 1927 1800 1982 ὅρος,..
1822 1931 1967 1982 πρῶτοι
1988 1929 2168 1983 νέμονται
2191 1929 2221 1969 Σ
2234 1945 2257 1970 α
2269 1944 2289 1984 ρ
2305 1945 2333 1985 μ
2345 1930 2368 1969 ά
2380 1944 2402 1971 τ
2414 1944 2463 1970 αι
2486 1929 2500 1985 (
2523 1929 2676 1985 Συρμά-

1433 2004 1497 2031 ται
1518 1989 1624 2032 Gail.
1647 1991 1678 2044 ).
1705 1988 1806 2031 Εἶτα
1827 1990 1925 2046 μετὰ
1940 1991 2027 2039 τοὺς
2044 1991 2248 2048 Σαρμάταις
2263 1993 2456 2034 Μαιωτῶν
2470 1993 2581 2048 γένος
2602 1992 2678 2034 Ἰα-

1434 2054 1617 2108 ζαματῶν
1632 2052 1865 2109 λεγόμενον,
1879 2053 1931 2102 ὡς
1944 2054 2161 2111 Δημήτριος
2176 2054 2357 2111 εἴρηκε,..
2374 2055 2426 2104 ὡς
2438 2054 2480 2097 δὲ
2496 2054 2676 2111 Ἔφορος,

1435 2115 1467 2156 Σ
1480 2130 1504 2157 α
1516 2131 1538 2157 υ
1551 2131 1572 2172 ρ
1584 2131 1606 2157 ο
1622 2131 1650 2171 μ
1661 2131 1686 2157 α
1697 2120 1763 2158 τῶ
1775 2131 1794 2158 ν
1831 2116 1988 2173 λέγεται
2010 2118 2134 2173 γένος.
2169 2119 2276 2160 Cum
2310 2119 2465 2160 Nostro
2496 2119 2679 2161 concinit

1434 2179 1558 2220 etiam
1579 2179 1738 2221 Plinius
1750 2180 1828 2231 VI,
1851 2194 1875 2235 7
1899 2193 1909 2221 x
1942 2181 2119 2223 Tanaim
2138 2195 2331 2223 amnem..
2352 2181 2493 2223 colant
2509 2185 2679 2223 Sarma-

1437 2251 1523 2283 τω..
1565 2250 1606 2283 et
1630 2241 1716 2298 ipsi
1755 2241 1798 2283 in
1823 2242 1956 2283 multa
1986 2258 2135 2297 genem
2165 2242 2314 2286 divisi.
2355 2242 2497 2286 Primo
2528 2247 2677 2286 Saum·

1436 2313 1560 2346 matae
1579 2305 1985 2358 gymecocmtumeni.
2007 2306 2072 2348 Cf.
2094 2305 2206 2348 idem
2239 2307 2317 2357 vl,
2345 2307 2368 2348 5
2388 2318 2399 2348 ε
2435 2306 2676 2364 Epagtritoe

1434 2370 1720 2412 Sarmatarum
1731 2367 1915 2424 populus
1931 2367 1974 2409 in
1999 2368 2173 2410 Caucasi
2184 2367 2318 2423 jugis,
2331 2376 2433 2426 post
2445 2383 2562 2426 quem
2578 2372 2681 2410 Sau-

1437 2439 1621 2472 romatoe.
1646 2430 1661 2483 ΙΙ
1697 2454 1755 2463 -
1786 2430 2109 2488 λογιζομένῳ
2145 2430 2196 2473 δὲ
2238 2432 2348 2473 ὅσαι
2372 2431 2678 2487 ]λογιζομένοις

1437 2508 1560 2533 σωσαι
1597 2492 1711 2544 cod.;
1749 2508 1831 2535 em.
1868 2495 2055 2536 Gronov.
2101 2495 2116 2547 ΙΙ
2152 2518 2210 2526 -
2229 2497 2314 2536 τοῦ
2352 2493 2558 2550 ἡμίσεος
2593 2495 2679 2535 τοῦ

1437 2555 1628 2596 Πόντου
1664 2555 1754 2597 κτλ
1771 2590 1779 2597 .
1810 2558 1824 2609 ]
1843 2560 1911 2598 τοῦ
1946 2556 2098 2598 Πόντου
2130 2558 2242 2606 ὄντος
2263 2556 2354 2598 ἴσου
2378 2558 2500 2611 (sic)
2522 2555 2677 2598 καὶτοῦ

1437 2616 1596 2673 ἡμίσεος
1619 2619 1753 2674 μέρους
1775 2621 1843 2671 τῆς
1860 2619 2080 2668 Μαιώτιδος
2100 2619 2241 2675 λίμνης
2276 2618 2390 2667 cod.;
2421 2632 2503 2660 em.
2535 2616 2678 2660 Fabri-

1438 2680 1540 2720 cius.
1565 2681 1580 2732 11
1598 2703 1655 2711 -
1671 2694 1754 2735 ρνγ
1769 2678 1807 2736 ’]
1829 2681 2092 2734 singularum
2116 2682 2334 2735 regionum
2359 2679 2545 2738 paraplos
2566 2679 2678 2721 colli·

1439 2756 1534 2796 gere
1555 2742 1689 2784 liceat.
1713 2744 1820 2784 Ecce
1841 2742 2083 2785 laterculum
2106 2757 2115 2784 ε

1715 2963 2245 2977 οοοοοοοοοοοοοοοοοοοοοοοοο

1503 2991 1535 3023 s.
1563 2988 1730 3030 Ligurum
1741 2991 1779 3024 et
1793 2988 1951 3024 Iberum.

1508 3038 1538 3072 4.
1566 3038 1750 3078 Ligurum.
1771 3059 2247 3072 .......................

1506 3088 1539 3120 5.
1563 3086 1828 3127 Tyrrhenorum
1836 3108 2144 3124 ...............

1509 3136 1542 3169 ⁸.
1570 3135 1774 3169 latinorum
1777 3156 2247 3169 .......................

1509 3184 1543 3216 9.
1574 3182 1799 3216 volscorum.

1493 3231 1543 3264 io.
1569 3233 1831 3274 cantianorum
1840 3254 2248 3266 ....................

1492 3279 1544 3314 Η.
1570 3280 1769 3314 samnitum
1777 3302 2251 3315 .......................

1492 3329 1543 3362 12.
1569 3329 1792 3363 Lucanorum
1800 3351 2251 3363 ......................

1493 3377 1545 3411 u.
1571 3378 1745 3419 ”pssum
1774 3400 1867 3411 .....
1885 3402 1890 3406 .
1902 3397 2146 3412 ............
2159 3400 2187 3409 ..

1493 3427 1545 3460 til.
1570 3427 1767 3460 samnitum
1775 3447 2252 3461 .......................

1494 3474 1547 3509 ie.
1572 3473 1789 3508 Umbrorum
1797 3495 2251 3509 ......................

1494 3525 1545 3558 19.
1571 3524 1789 3557 venetorum
1796 3544 2252 3558 ......................

1492 3574 1547 3607 20.
1571 3572 1759 3605 istrorum.
1778 3595 2252 3607 .......................

1491 3621 1545 3657 20.
1572 3619 1825 3655 Liburnorum.
1843 3643 2254 3656 ....................

1492 3671 1547 3705 22.
1572 3672 1585 3708 (
1600 3668 1789 3711 iiyiiomm
1804 3671 1862 3710 et)
1882 3668 2091 3704 Buiinorum
2098 3691 2253 3703 ........

1493 3719 1548 3754 23.
1574 3720 1794 3753 aesimon-um
1802 3739 2253 3753 ......................

1494 3768 1548 3802 2⁴.
1573 3767 1770 3800 »tainorum
1782 3774 1801 3799 a
1815 3768 1953 3800 Narone
1967 3764 2011 3800 ad
2029 3766 2255 3802 Arionem...

1572 3814 1625 3849 Ab
1649 3816 1778 3849 Arione
1793 3814 1835 3848 ad
1856 3814 2070 3850 nhituntem
2087 3813 2109 3849 Ι“Ι
2117 3838 2255 3850 .......

1579 3864 1671 3898 ilinc
1689 3862 1731 3897 ad
1750 3863 1922 3898 nuihoam
1928 3885 2255 3900 ................

1496 3913 1550 3947 28.
1577 3915 1605 3946 Α
1622 3912 1758 3946 nothoa
1780 3911 1825 3946 ad
1840 3913 2075 3956 Epidamnum
2080 3932 2256 3947 .........

1494 3962 1548 3996 m.
1573 3961 1627 3996 Ab
1653 3960 1852 4005 Epidamno
1873 3961 1917 3996 ad
1932 3959 2158 4006 Apolloniam
2180 3961 2253 3996 iter

1608 4009 1755 4053 pedem
1754 4021 1895 4045 .......
1910 4035 1914 4040 .
1927 4031 2257 4045 ................

1819 3204 2614 3219 οοοοοοοοοοοοοοοοοοοοοοοοοοοοοο
