2808 4342
0 0 29 63 ²*ss

0 331 10 340 ⁸
11 268 14 272 ⁴
15 211 18 214 ·
0 69 27 200 ‘effla-:225⁶

945 149 1328 208 STADIASMUS
1363 151 1552 197 MARlS
1587 144 1803 198 MAGNI.

99 255 252 317 ἔχουσα
277 253 402 316 ὅρμον
423 251 463 306 ἐξ
482 251 685 312 ἑκατέρων
720 253 801 296 τῶν
828 254 976 313 μερῶν·
1003 251 1088 314 ἔχει
1112 251 1235 313 ὕδωρ·
1259 270 1333 297 κα-

97 326 228 382 λεῖται
253 321 576 388 [Αἰ]νεο’σπορα·
603 320 688 366 ἔστι
708 319 788 382 γὰρ
812 319 932 380 ὁμοία
954 319 1080 383 νήσῳ.

161 409 218 439 96.
244 390 343 437 Ἀπὸ
362 393 442 436 τῶν
456 389 662 452 Γαφάρων
683 388 749 435 ἐπὶ
765 389 833 434 τὸν
852 389 889 435 Ἀ
899 389 1079 451 μαραίαν
1098 389 1256 435 στάδιοι
1276 389 1334 449 μ’·

98 461 250 522 πύργος
286 458 374 504 ἐστὶ
415 458 608 521 ὕφορμος·
629 457 738 520 ὕδωρ
782 456 866 519 ἔχει
899 457 1117 517 ποτάμιον·
1163 457 1248 503 ἔστι
1294 456 1335 502 δὲ

100 529 293 591 γεώργιον
325 527 498 584 πλησίον
529 533 598 574 τοῦ
630 531 835 585 ποταμοῦ.
905 526 1139 572 Οἷνολάδων
1160 529 1180 571 ὃ
1202 545 1335 572 ποτα-

99 598 172 657 μὸς
194 598 395 643 καλεῖται.

159 674 213 714 97.
249 666 350 712 Ἀπὸ
365 671 437 712 τοῦ
459 664 665 727 Ἀμαραίοι
682 663 749 708 ἐπὶ
771 663 978 725 Μεγέρθιν
999 663 1156 709 στάδιοι
1177 665 1235 723 μ’·
1259 665 1336 710 πό-

96 738 156 788 λις
179 735 263 780 ἐστὶ
283 734 354 780 καὶ
375 733 520 791 λιμένα
541 733 626 794 ἔχει
649 731 719 776 καὶ
736 730 861 793 ὕδωρ.
913 790 917 793 ¹

159 820 215 850 98.
252 801 350 848 Ἀπὸ
383 800 625 862 Μεγέρθεως
648 802 704 851 εἷς
730 799 982 862 Μακαραίοιν
1003 801 1159 845 στάδιοι
1184 801 1236 849 υ’.

2553 170 2640 208 463

1406 254 1662 295 montorium
1677 261 1736 294 est
1747 253 1799 294 ab
1815 261 1987 308 utraque
2002 255 2064 294 sui
2077 263 2191 309 parte
2203 257 2419 298 stationem
2431 261 2639 313 praebens3

1406 322 1555 362 aquam
1587 309 1732 359 habet;
1754 316 1924 349 vocatur
1957 308 2080 350 etiam
2113 310 2390 366 AEneospom,
2422 328 2554 368 quum
2591 319 2642 358 si·

1406 363 1501 404 mile
1520 365 1572 404 sit
1587 364 1743 405 insulae.

1465 423 1533 471 96.
1565 421 1602 460 A
1618 420 1820 474 Gapharis
1842 419 1895 460 ad
1920 422 2151 462 Amaraeam
2177 421 2308 464 stadia
2330 426 2405 474 40;
2424 427 2550 467 turris
2580 436 2640 468 est

1407 473 1485 513 sub
1499 488 1627 528 eaque
1638 475 1758 515 statio
1773 491 1783 524 ;
1799 489 1822 516 a
1852 489 1947 516 uam
1955 475 2079 517 habet
2086 476 2291 518 fiuvialem
2303 493 2315 529 ;
2326 493 2456 535 prope
2465 481 2639 524 fluv-ium

1407 542 1503 569 arva
1518 538 1642 580 sunt;
1664 530 1825 571 OEnola
1858 545 1909 571 on
1928 531 2078 572 fluvius
2100 540 2283 574 vocatur.

1464 599 1533 637 97.
1566 585 1631 626 Ab
1654 587 1840 626 Amaraea
1854 585 1906 626 ad
1927 587 2160 640 Megerthin
2178 588 2306 629 stadia
2331 592 2385 638 40
2403 589 2417 645 (
2432 590 2528 633 fort.
2562 597 2638 641 140

1409 640 1533 700 (ρμ’);
1556 640 1572 692 (
1587 640 1686 702 urbs
1698 649 1758 681 est
1775 650 1815 681 et
1828 651 1995 696 portum
2012 642 2132 684 habet
2147 652 2188 684 et
2207 658 2370 698 aquam.
2430 649 2532 687 Hoec
2542 663 2638 703 per-

1410 703 1535 734 tmere
1553 695 1749 735 videntur
1764 696 1822 736 ad
1840 699 1862 749 §
1882 700 1933 750 98
1951 699 1982 750 ).
2187 727 2189 730 .
2624 739 2627 742 ,

1464 751 1533 802 98.
1564 752 1600 790 A
1627 752 1828 804 Megerthi
1851 752 1902 792 ad
1927 754 2166 794 Macaraeam
2189 756 2531 811 (Macar-OEam)
2555 766 2636 799 sta·

1406 803 1473 844 dia
1494 807 1575 853 400
1601 805 1615 861 <
1634 805 1730 849 fort.
1755 806 1835 848 250
1853 806 1912 847 σν“
1930 810 1963 861 ).

24 959 34 974 „2
93 935 253 976 nullum
284 934 341 975 ibi
376 934 711 989 promontorium
734 934 1017 990 peninsulare3
1043 935 1157 989 quod
1189 944 1236 975 ut
1261 936 1331 976 de-

29 1020 34 1022 *
91 995 421 1054 prehendamus‚
465 995 774 1037 subsistendum
812 1005 872 1037 est
908 997 951 1036 in
989 1000 1073 1038 Ras
1114 998 1331 1054 Espharra

94 1060 286 1115 (Γάφαρα)
302 1059 354 1100 ab
376 1060 566 1099 Hermaeo
590 1058 669 1100 150
688 1058 819 1100 stadia
840 1058 1028 1099 dissitum
1041 1091 1052 1110 ‚
1066 1074 1196 1115 prope
1218 1060 1330 1114 quod

90 1121 324 1178 Buphurris
344 1122 494 1162 fluvius
509 1122 608 1162 exit.
640 1122 656 1173 ll
681 1146 737 1152 —
752 1122 773 1161 ὅ
787 1137 806 1177 ρ
822 1137 848 1177 μ
860 1135 908 1162 ον
929 1123 944 1177 ]
968 1122 1098 1176 ὅρμων
1115 1122 1227 1173 cod.;
1246 1137 1327 1174 em.

91 1185 198 1226 Gail.
222 1185 237 1238 Η
262 1208 319 1216 —
349 1183 582 1225 καλεῖται
607 1182 689 1238 [Αἰ
708 1185 756 1238 ]ν
771 1184 1010 1238 εόσπορα]
1037 1184 1213 1224 καλεῖται
1231 1184 1330 1225 Νεό-

91 1262 212 1301 σπορα
231 1246 379 1288 codex.
410 1248 473 1286 Ex
491 1245 819 1301 praecedentibus
838 1246 983 1286 attraxi
1001 1245 1135 1286 literas
1157 1245 1209 1286 αἰ.
1228 1247 1330 1287 Nul-

88 1308 151 1350 lus
166 1310 276 1349 enim
288 1309 436 1349 dubito
452 1309 554 1363 quin
572 1323 651 1350 vox
666 1308 725 1358 ai,
745 1309 774 1350 i.
791 1323 829 1349 e.
847 1307 997 1357 insula,
1015 1308 1098 1349 huc
1109 1310 1326 1364 pertineat.

88 1370 151 1412 Cf.
177 1371 324 1411 similia
345 1371 550 1424 nomina§
571 1384 623 1411 22
650 1379 689 1412 et
709 1373 761 1413 28
780 1369 1018 1426 Αἰνεόσερυρα
1034 1371 1111 1420 vel,
1133 1379 1179 1412 ut
1201 1371 1243 1410 in
1262 1386 1330 1411 co-

88 1433 179 1474 dice
197 1441 272 1484 est,
308 1432 544 1488 Ἐννεόφορα
567 1434 680 1489 ἄκρα.
702 1433 769 1476 Ad
792 1435 932 1475 ruinas
955 1435 999 1474 in
1019 1437 1103 1475 Rus
1123 1434 1329 1489 Esfarralz

87 1496 150 1536 vel
171 1509 301 1550 prope
330 1498 414 1536 Ras
439 1495 486 1535 al
519 1496 708 1536 Hamralz
743 1505 947 1537 exstantes
971 1496 1146 1551 Lapieus
1178 1496 1328 1551 proba-

86 1557 222 1598 biliter
242 1556 368 1598 refert
390 1556 695 1609 Quintilianum
713 1557 888 1610 (villam
906 1557 919 1613 )
936 1557 1104 1598 Tabulae
1118 1559 1325 1612 Peuting„

28 1620 35 1623 ’
87 1619 215 1672 Quod
240 1620 385 1660 attinet
405 1620 512 1660 ratio
541 1619 815 1667 inconcinna,
838 1633 920 1673 qua
953 1619 1127 1660 alterum
1147 1620 1227 1659 hoc
1249 1617 1327 1659 loci

85 1695 240 1722 nomen
259 1690 514 1723 memoratur
527 1696 568 1722 V.
586 1689 675 1722 not.
696 1679 749 1722 ad
768 1683 790 1734 S
807 1680 876 1733 93.

143 1746 165 1796 g
207 1748 277 1786 96.
323 1743 407 1784 τὸν
453 1742 627 1799 Ἀμαρα
643 1743 714 1783 ίαν
737 1743 754 1797 ]
786 1742 1076 1782 Nominativus
1112 1755 1164 1782 an
1204 1741 1328 1784 suerit

86 1804 108 1844 ὁ
129 1803 329 1861 Ἀμαραίας
341 1813 534 1859 recteque
553 1804 700 1844 habeat
715 1804 759 1843 in
779 1806 801 1855 5
828 1818 881 1857 97
903 1802 1005 1843 illud
1029 1802 1105 1844 ἀπὸ
1122 1806 1190 1844 τοῦ
1219 1802 1328 1860 Ἀμα-

86 1868 187 1922 ραία,
220 1882 273 1908 an
301 1867 439 1923 potius
454 1866 706 1921 negligenter
726 1866 878 1907 Noster
893 1865 959 1906 τὸν
991 1864 1196 1921 Ἀμαραίαν
1214 1866 1328 1907 dixe-

85 1931 140 1971 rit
154 1946 231 1987 pro
250 1931 316 1972 τὸν
333 1934 400 1983 τῆς
424 1929 627 1985 Ἄμαραίας
645 1930 808 1984 πύργον,
826 1944 982 1984 quaero.
1003 1931 1196 1977 Ceterum
1214 1928 1327 1969 hunc

85 1993 223 2035 locum
239 1994 296 2052 ad
308 1993 435 2036 Wadi
445 1992 577 2042 Mstd,
601 2007 692 2047 quae
707 1991 820 2032 vallis
839 1992 1058 2036 fluviolum
1072 1991 1196 2032 habet
1210 2006 1327 2046 aquae

85 2056 279 2111 perbonae
301 2057 346 2096 in
364 2063 499 2096 tractu
523 2069 723 2104 arenoso,
749 2053 876 2094 refert
903 2055 1044 2094 Barth.
1069 2068 1112 2109 p.
1145 2054 1243 2095 300.
1272 2054 1327 2095 A't

85 2119 119 2159 si
152 2118 204 2159 de
232 2118 523 2174 promontorio
551 2118 844 2173 Gapharorum
876 2126 987 2158 recte
1022 2117 1259 2166 statuimus,
1286 2125 1326 2156 et

18 2222 21 2225 ,
85 2179 277 2223 distantia
295 2180 525 2222 stadiorum
544 2182 598 2228 40
623 2180 866 2233 incorrupta
891 2187 967 2229 est,
999 2178 1161 2218 admitti
1188 2178 1231 2217 id
1254 2193 1325 2218 ne-

84 2245 188 2298 quit.
199 2244 404 2284 Ducimur
413 2243 551 2297 potius
566 2241 619 2282 ad
627 2241 965 2296 promontorium
973 2243 1107 2281 Amra
1119 2255 1190 2280 seu
1200 2243 1327 2281 Ham-

85 2307 175 2357 ralz,
192 2306 244 2347 ad
262 2305 380 2360 cujus
394 2305 500 2346 latus
517 2304 768 2345 occidentale
787 2304 886 2344 ltem
901 2304 1051 2344 fluvius
1064 2304 1147 2343 exit
1162 2318 1184 2343 0
1201 2304 1327 2344 Wadi

84 2372 208 2411 Muta
247 2370 359 2422 regio
394 2368 452 2408 ibi
484 2366 626 2407 fertilis
666 2374 726 2406 est
736 2397 749 2415 ‚
786 2381 965 2420 arvaque
998 2366 1042 2406 in
1081 2367 1326 2421 propinquis

85 2432 251 2472 exhibet
276 2445 425 2486 mappa
457 2429 711 2484 Smythiana.
738 2428 941 2469 Fluminis
969 2443 1121 2469 nornen
1146 2429 1327 2470 OEnola-

84 2495 168 2536 don
181 2510 359 2549 graecum
378 2508 464 2534 esse
483 2492 647 2533 videtur
660 2509 671 2543 3
690 2501 801 2532 certe
817 2491 959 2533 Ladon
974 2500 1014 2532 et
1029 2492 1188 2532 Lathon
1202 2493 1324 2533 ctiam

84 2557 179 2598 alibi
199 2557 346 2598 fluvios
362 2557 499 2596 vocari
514 2556 686 2605 scimus;
706 2553 799 2595 Οἰνο
811 2563 949 2595 autem
966 2554 1028 2595 vel
1046 2554 1097 2594 ab
1116 2553 1326 2607 adjacente

66 2618 270 2675 ὀἶνοπέδῳ
292 2618 476 2668 derivat,
502 2617 565 2657 vel
593 2631 709 2671 aquae
731 2617 928 2657 virtutem
961 2614 1117 2655 indicat
1141 2616 1326 2657 similiter

23 2724 26 2727 Δ
83 2690 205 2737 atque
235 2695 347 2721 nunc
372 2694 487 2734 aquae
507 2679 676 2732 egregiae
702 2678 835 2719 fontes
858 2681 895 2718 Z
899 2677 1046 2718 ukkari
1079 2678 1324 2732 (sacchari)

83 2751 156 2799 ap.‘
172 2743 326 2786 Arabes
346 2743 497 2798 passim
513 2749 727 2782 vocantur.
748 2741 764 2795 ΙΙ
779 2765 835 2772 —-
851 2740 910 2782 πλ
922 2756 944 2792 η
955 2755 978 2779 σ
990 2740 1057 2780 lov
1073 2741 1088 2795 ]
1107 2741 1174 2781 Sic
1189 2740 1324 2794 legen-

84 2805 186 2846 dum
210 2821 295 2846 esse
317 2806 530 2860 scripturae
549 2803 843 2859 compendium
862 2802 959 2855 πλ”,
977 2802 1091 2857 quod
1114 2802 1242 2843 codex
1259 2804 1325 2844 ha-

7 2905 11 2909 .
82 2866 153 2907 bet
163 2898 174 2916 ‚
185 2875 296 2907 recte
309 2874 450 2906 monet
463 2866 666 2916 Millerus;
688 2865 814 2906 πλατὺ
830 2866 968 2919 inepte
983 2863 1152 2904 dederat
1162 2864 1321 2904 Iriarte.

0 3926 19 3984 i

0 3989 12 4014 5

141 2932 162 2983 ἓ
191 2933 260 2971 97.
289 2929 390 2983 Μεγ
402 2929 476 2983 έρθ
490 2943 527 2968 ιν
551 2930 566 2983 ]
581 2931 603 2980 S
619 2931 670 2981 98
686 2927 817 2969 codex
833 2927 908 2968 ἀπὸ
921 2928 1172 2982 Μεγηρθέων.
1187 2926 1321 2977 Idem,

83 3002 130 3034 ut
158 3001 275 3048 puto,
304 2991 418 3032 locus
447 2993 495 3031 in·
510 2992 655 3032 Itiner.
688 3006 731 3047 p.
760 2995 812 3032 62
831 2999 893 3031 est
922 2989 1114 3042 Megradi
1135 2989 1148 3044 (
1165 2990 1321 3041 Megdi,

84 3055 256 3108 Megdil,
279 3053 449 3107 Megdal
468 3069 554 3095 var.
585 3054 696 3105 lect.;
726 3054 892 3095 Getullu
910 3053 1008 3094 Itin.
1031 3054 1064 3106 ),
1086 3051 1191 3092 villa
1214 3051 1323 3092 Ani-

84 3118 252 3167 ciorum,
278 3132 302 3159 a
319 3118 439 3173 Lepti
465 3117 620 3158 distans
645 3116 695 3171 57
718 3117 839 3167 mill.‚
863 3117 944 3165 456
973 3114 1118 3165 stadia,
1143 3115 1194 3155 ab
1213 3116 1322 3156 Ocea

83 3181 166 3221 sive
178 3181 269 3222 OEa
280 3179 331 3221 25
345 3195 401 3221 m.
419 3181 502 3220 sive
519 3194 600 3221 200
615 3179 759 3220 stadia.
779 3178 906 3232 Quod
921 3179 1075 3219 sirecte
1087 3178 1320 3228 statuimus,

83 3258 160 3298 pro
180 3246 233 3291 4ο
247 3242 402 3293 stadiis,
424 3251 567 3283 nostro
596 3242 688 3283 loco
720 3240 979 3283 numeranda
1000 3249 1097 3281 sunt
1125 3243 1217 3288 140.
1250 3242 1320 3281 Sin

82 3305 187 3345 nihil
205 3304 388 3345 curanda
405 3314 523 3359 putes
543 3306 751 3345 Itinerarii
776 3304 989 3345 distantias
1002 3336 1012 3354 ,
1030 3303 1254 3357 Megerthis
1269 3303 1322 3344 ad

86 3371 169 3422 Rus
191 3367 356 3408 Sciurra
371 3366 586 3407 reserenda
608 3366 728 3407 foret.
746 3366 907 3419 Quodsi
930 3367 1029 3407 urbs
1052 3367 1110 3407 ibi
1126 3366 1223 3417 fuit,
1246 3368 1321 3406 mi-

85 3445 181 3471 rum
196 3430 418 3471 estnullam
430 3428 518 3483 ejus
532 3431 785 3469 mentionem
800 3429 889 3469 fieri
905 3429 1016 3483 apud
1029 3429 1293 3470 Ptolemaeum
1307 3445 1318 3480 3

86 3501 229 3533 contra
247 3493 288 3532 in
319 3492 546 3533 Stadiasmo
572 3492 734 3531 miraris
753 3491 907 3530 nullam
926 3491 1042 3531 urbis
1068 3492 1319 3531 mentionem

85 3555 172 3596 fieri
186 3559 207 3607 S
221 3558 289 3609 98,
305 3569 434 3609 quum
445 3556 650 3595 Macaroea
664 3553 772 3592 inter
786 3553 994 3607 praecipua
1007 3552 1131 3607 hujus
1143 3568 1225 3594 orae
1240 3569 1323 3594 em-

23 3664 26 3666 *
84 3619 202 3673 poria
219 3618 420 3658 floruerit.
438 3616 561 3657 Unde
577 3616 755 3670 suspicio
768 3615 949 3655 nascitur
966 3615 1091 3655 verba
1106 3615 1216 3662 πόλις
1241 3615 1321 3657 ἐστὶ

86 3680 150 3720 καὶ
177 3681 315 3735 λιμένα
350 3679 432 3734 ἔχει
468 3679 532 3720 καὶ
570 3679 669 3733 ὕδωρ
703 3677 755 3718 ad
784 3685 1023 3732 sequentem
1061 3677 1198 3718 locum
1235 3692 1321 3719 esse

86 3741 382 3782 transferenda.
398 3741 525 3781 Urbis
543 3742 674 3781 ruinae
690 3739 742 3779 ad
759 3743 842 3780 Ras
857 3736 1023 3779 Sciarra
1036 3748 1106 3779 aut
1121 3738 1174 3779 ad
1193 3739 1319 3780 Wadi

85 3806 244 3854 Ramil,
265 3813 467 3859 quantum
482 3804 574 3844 scio
589 3834 600 3853 ‚
635 3817 719 3842 non
749 3811 908 3842 exstant
924 3819 933 3852 ;
951 3802 1039 3842 haec
1053 3811 1188 3842 tamen
1216 3804 1317 3843 Bee-

86 3867 237 3921 cheyus
254 3882 295 3921 p.
316 3869 367 3915 44
387 3865 551 3920 prodit:
576 3882 592 3902 (t
611 3866 699 3906 We
717 3865 849 3904 learnt
863 3864 971 3904 srom
983 3865 1154 3918 Captain
1174 3865 1319 3919 Smyth

85 3928 174 3968 that
193 3929 234 3967 in
254 3928 323 3968 the
341 3926 684 3980 neighbourhood
704 3925 753 3966 os
765 3925 909 3983 Wady
931 3925 1063 3966 Mseid
1092 3926 1208 3966 there
1233 3926 1266 3965 is
1297 3941 1320 3966 a

86 3990 199 4031 small
222 3989 318 4030 boat
344 4003 443 4030 cove
476 3988 741 4042 ressembling
763 4003 815 4029 an
841 3988 1003 4028 ancient
1031 3987 1206 4038 cothon3
1238 3986 1319 4027 and

1402 952 1498 978 near
1523 939 1554 978 it
1583 939 1652 979 the
1681 940 1797 980 ruins
1821 940 1870 980 of
1885 942 2037 982 several
2064 942 2182 983 baths
2206 945 2306 985 with
2333 945 2542 986 tesselated
2563 961 2634 1002 pa-

1399 1009 1598 1042 vements.
1622 1018 1638 1038 »

1454 1065 1475 1114 S
1498 1067 1566 1104 98.
1591 1063 1632 1103 M
1645 1078 1731 1104 ακα
1744 1079 1763 1118 ρ
1777 1064 1824 1104 αί
1835 1065 1914 1119 αν]
1936 1066 2173 1119 Legendum
2193 1068 2357 1110 videtur
2379 1070 2631 1125 Μακαροίαν;

1397 1125 1459 1164 vel
1491 1134 1600 1166 certe
1632 1125 1839 1180 Μακαραία
1867 1141 2019 1167 nornen
2057 1138 2193 1170 ortum
2219 1140 2280 1171 est
2316 1145 2366 1171 ex
2400 1132 2634 1188 Μακαρ-Οἴα

1397 1185 1510 1239 quod
1533 1188 1685 1242 ipsum,
1704 1188 1737 1227 si
1757 1187 1810 1227 ad
1820 1187 2056 1242 indigenam
2073 1193 2252 1232 nominis
2272 1192 2446 1234 sormam
2465 1209 2632 1237 revoca-

1395 1248 1516 1296 veris,
1550 1247 1814 1289 scribendum
1842 1247 1948 1290 foret
1965 1251 2273 1294 Makar-OEat.
2296 1255 2462 1295 Etenim
2493 1256 2535 1295 in
2555 1271 2630 1298 nu-

1395 1309 1472 1348 mis
1496 1309 1712 1363 phoeniciis
1738 1310 1886 1374 legitur
1911 1323 2017 1364 :mm
2054 1324 2181 1375 ἾῙἋῙΕ
2206 1306 2330 1384 Ῑὸνη,
2363 1317 2392 1356 i.
2425 1332 2460 1357 e.
2483 1321 2635 1360 Noster

1395 1371 1468 1411 Bel
1487 1372 1806 1423 Makar-OEat,
1840 1372 1904 1412 vel
1939 1371 2060 1412 etiam
2084 1383 2211 1429 *42:912
2234 1365 2333 1445 ζὸτι
2358 1389 2464 1430 rum
2482 1409 2493 1428 ‚
2518 1382 2634 1420 OEat

1394 1437 1545 1475 Noster
1565 1435 1638 1475 Bel
1661 1435 1840 1484 Makar;
1872 1436 1915 1475 in
1938 1434 2146 1475 nonnullis
2175 1442 2311 1474 autem
2342 1440 2479 1480 numis
2506 1444 2633 1483 aetatis

1394 1498 1613 1550 Augusteae
1648 1498 1814 1538 nonnisi
1848 1510 1971 1552 myri,
1998 1499 2137 1545 OEat,
2174 1504 2304 1536 exstat
2337 1499 2428 1551 (V.
2465 1504 2631 1545 Movers

1393 1572 1435 1612 p.
1460 1562 1539 1612 489
1561 1562 1594 1613 ),
1621 1568 1744 1614 atque
1766 1559 1951 1600 breviato
1975 1559 2054 1599 hoc
2078 1558 2247 1599 nomine
2282 1559 2382 1600 urbs
2411 1568 2632 1607 memorari

1394 1621 1493 1660 solet
1506 1621 1617 1676 apud
1629 1624 1837 1662 Romanos
1850 1622 2084 1675 scriptores,
2102 1621 2182 1661 nisi
2195 1621 2308 1675 quod
2331 1625 2458 1665 varias
2477 1642 2630 1669 nomen

1379 1682 1530 1723 -induit
1568 1683 1736 1724 formas.
1766 1682 1891 1738 Apud
1916 1683 2097 1723 Plinium
2128 1684 2185 1732 V,
2208 1685 2233 1731 4
2254 1686 2283 1736 54
2308 1697 2360 1738 27
2393 1696 2453 1727 est
2476 1688 2632 1730 civitas

1398 1743 1575 1784 OEensis
1612 1746 1628 1796 (
1647 1744 1832 1793 Oeensis,
1877 1744 2042 1794 Oensis,
2081 1743 2285 1795 Occensis,
2320 1748 2502 1789 Cocensis
2541 1764 2627 1792 var.

1393 1805 1522 1859 lect.)
1559 1815 1599 1846 et
1634 1808 1690 1857 V,
1720 1806 1781 1859 55
1806 1807 1856 1847 38
1888 1820 1896 1846 ;
1933 1821 2024 1847 cum
2060 1806 2292 1847 OEensibus
2317 1806 2570 1862 (Oeensibus
2592 1823 2632 1855 et

1400 1868 1586 1908 OEsibus
1603 1882 1691 1908 var.
1721 1868 1814 1908 lect.
1832 1870 1872 1921 );
1895 1883 1960 1923 ap.
1991 1868 2140 1908 Melam
2162 1870 2198 1917 Ι,
2221 1883 2244 1921 7
2268 1881 2277 1907 ε
2307 1871 2392 1909 Oza
2408 1871 2605 1926 oppidum
2616 1892 2631 1922 ,-

1394 1930 1569 1971 Ptolem.
1599 1929 1724 1981 Ἑώα;
1745 1930 1873 1971 Solin.
1893 1945 1930 1971 c.
1953 1931 2006 1972 30
2028 1933 2152 1980 OEae3
2174 1929 2295 1971 Silius
2310 1932 2388 1981 III,
2410 1933 2489 1973 256
2511 1937 2631 1983 OEa,-

1392 1993 1628 2034 Tab.Peut.
1649 1996 1761 2042 Osa‚·
1777 1994 2045 2046 Geogr.Rav.
2062 1993 2118 2042 V,
2140 1991 2161 2031 5
2179 2004 2188 2032 ε
2211 1994 2351 2042 OEea3
2370 1994 2466 2034 Itin.
2484 2009 2527 2050 p.
2550 2001 2600 2036 62
2619 2011 2627 2037 ;

1399 2059 1503 2096 Ocea
1537 2057 1677 2109 (Ocea
1715 2057 1736 2096 3
1765 2055 1890 2096 codd.
1917 2057 1932 2109 )
1953 2054 2127 2095 colonia.
2150 2053 2214 2095 Cf.
2236 2055 2354 2094 numi
2390 2070 2456 2110 ap.
2477 2058 2631 2099 Eckhel

1393 2120 1470 2168 IV,
1498 2120 1590 2168 131,
1612 2118 1769 2159 Rasche
1785 2119 1887 2158 Lex.
1912 2132 2016 2172 num
2034 2119 2111 2167 III,
2135 2130 2176 2167 2,
2195 2131 2239 2171 p.
2263 2116 2330 2158 58.
2351 2118 2475 2173 Apud
2496 2121 2628 2162 Tacit.
2651 2158 2659 2166 ,

1393 2180 1499 2219 Hist.
1521 2181 1597 2229 IV,
1622 2179 1674 2220 50
1685 2178 1828 2219 incolae
1848 2180 1890 2218 in
1907 2177 2031 2219 codd.
2057 2178 2208 2218 nostris
2228 2179 2462 2232 corruptius
2484 2196 2631 2223 vocan-

1393 2250 1460 2281 tur
1499 2242 1716 2296 Ophenses.
1738 2240 1897 2280 Urbem
1925 2241 2084 2293 origine
2110 2239 2306 2294 Libycam
2329 2248 2369 2279 et
2383 2250 2523 2294 postea
2547 2246 2629 2299 Ty-

1392 2305 1463 2343 riis
1486 2304 1656 2344 coloniis
1676 2303 1978 2357 frequentatam
2000 2316 2086 2342 esse
2109 2316 2159 2341 ex
2175 2302 2264 2356 ipso
2279 2302 2447 2343 nomine
2464 2305 2628 2347 Mover-

1393 2367 1476 2406 sius
1496 2367 1669 2418 colligit,
1690 2366 1845 2420 quippe
1860 2364 1974 2419 quod
1989 2364 2113 2404 altera
2128 2365 2189 2404 sui
2204 2373 2319 2419 parte
2341 2365 2496 2407 cultum
2514 2369 2629 2424 Tyrii

1393 2428 1460 2468 dei
1483 2429 1722 2470 Makarseu
1749 2427 1930 2468 Mela-art
1959 2425 2127 2481 prodat,
2149 2426 2316 2466 alteram
2343 2426 2490 2470 habeat
2515 2445 2537 2470 0
2561 2433 2628 2471 Li-

1392 2491 1494 2545 byca
1521 2491 1660 2543 lingua
1687 2491 1879 2544 petitam,
1907 2487 2244 2544 quandoquidem
2275 2498 2355 2528 oeat
2382 2492 2628 2546 respondeat

1392 2553 1483 2592 voci
1502 2552 1723 2592 berbericae
1745 2551 1824 2600 ait,
1844 2552 1872 2591 i.
1892 2566 1929 2591 e.
1950 2551 2097 2599 tribus,
2117 2552 2214 2591 etin
2241 2551 2520 2605 compluribus
2536 2570 2629 2608 gen-

1392 2615 1497 2655 tium
1532 2615 1801 2669 locorumque
1839 2614 2077 2654 nominibus
2108 2607 2252 2668 libycis
2277 2612 2623 2667 deprehendatur.

1392 2678 1455 2717 De
1495 2677 1830 2732 corruptionibus
1863 2676 2042 2724 nominis
2073 2675 2264 2715 Barthius
2298 2675 2476 2717 conferri
2510 2677 2628 2732 jubet

1392 2739 1509 2781 Slane
1525 2741 1568 2779 in
1583 2739 1758 2791 Journal
1770 2754 1954 2779 nouveau
1972 2737 2197 2793 Asiatique
2220 2739 2340 2787 1844,
2366 2740 2422 2787 ΙΙ,
2454 2754 2496 2794 p.
2530 2741 2624 2791 358,

1390 2817 1434 2842 n.
1453 2803 1481 2842 l.
1499 2803 1641 2857 Scylax
1653 2810 1692 2842 et
1708 2802 1855 2842 Strabo
1875 2800 2020 2841 urbem
2039 2815 2124 2840 non
2144 2808 2390 2850 memorant,
2408 2801 2476 2842 hic
2491 2811 2627 2844 tamen

1391 2865 1499 2904 inter
1518 2865 1779 2906 Abrotonum
1807 2872 1847 2903 et
1866 2864 2016 2917 Leptin
2041 2861 2137 2902 alias
2157 2861 2375 2902 nonnullas
2393 2861 2518 2901 urbes
2543 2876 2628 2902 esse

1391 2935 1547 2966 monet.
1583 2928 1775 2967 Ceterum
1805 2917 1895 2965 OEa
1929 2938 2024 2963 cum
2061 2924 2180 2978 Lepti
2211 2924 2361 2976 Magna
2394 2931 2434 2962 et
2462 2923 2627 2964 Sabrata

1391 2989 1564 3043 τρίπολιν
1596 2988 1810 3029 constituit
1841 2986 1892 3027 ad
1920 2987 2047 3027 instar
2077 2985 2298 3025 notissimae
2320 2985 2476 3038 tripolis
2506 2985 2626 3025 Phoe-

1390 3053 1508 3093 niciae
1542 3051 1732 3104 (Solinus
1774 3066 1809 3091 c.
1849 3051 1901 3091 30
1936 3049 2002 3089 ed.
2037 3049 2175 3102 Steph.
2216 3060 2226 3086 z
2255 3046 2401 3086 Achaei
2438 3045 2626 3100 Tripolin

1391 3114 1533 3167 lingua
1565 3129 1643 3155 sua
1663 3113 1832 3164 signant
1866 3111 1915 3151 de
1948 3110 2073 3150 trium
2105 3108 2266 3149 urbium
2292 3121 2467 3155 numero,
2504 3109 2620 3156 OEce,

1389 3177 1587 3226 Sabratce,
1620 3174 1761 3231 Leptis
1789 3172 1997 3227 Magnae).
2027 3172 2140 3211 Ditio
2172 3168 2427 3224 Tripolitana
2466 3169 2508 3208 in
2551 3184 2623 3211 ora

1389 3240 1595 3280 maritima
1619 3253 1641 3278 a
1678 3237 1795 3290 Lepti
1832 3248 1962 3288 usque
1987 3232 2039 3273 ad
2069 3233 2258 3285 Tacapen
2293 3229 2544 3284 pertinebat,
2580 3232 2622 3270 in
2662 3284 2667 3288 ἡ

1389 3300 1699 3342 mediterraneis
1733 3312 1807 3352 per
1837 3312 1884 3337 ea
1919 3296 2031 3344 loca,
2075 3307 2253 3347 quorum
2290 3293 2436 3331 seriem
2459 3291 2623 3333 exhibet

1388 3365 1577 3404 Itinerar.
1599 3375 1717 3416 prov.
1738 3375 1781 3414 p.
1802 3363 1869 3400 62.
1892 3360 1994 3410 Quae
2012 3355 2179 3410 quidem
2209 3354 2534 3407 circumscriptio
2549 3355 2622 3394 etsi

1390 3426 1553 3466 serioris
1578 3422 1775 3476 temporis
1795 3419 1934 3468 fuerit,
1954 3431 2085 3471 neque
2106 3415 2241 3456 Severi
2259 3415 2357 3469 imp.
2383 3422 2498 3455 aetate
2516 3416 2621 3455 anti-

1391 3490 1526 3543 quior,
1554 3488 1641 3541 ipsa
1666 3493 1804 3525 tamen
1837 3481 2011 3522 instituti
2044 3479 2158 3518 initia
2186 3492 2209 3518 a
2234 3477 2378 3532 priscis
2398 3478 2619 3532 Tyriorum

1391 3550 1561 3590 coloniis
1583 3544 1804 3602 repetenda
1840 3551 1951 3583 sunt.
1980 3544 2132 3583 Annua
2152 3539 2504 3593 Tripolitanorum
2524 3554 2621 3580 con·

1391 3613 1482 3653 cilia
1499 3611 1623 3652 habes
1657 3623 1723 3664 ap.
1750 3606 2018 3648 Ammianum
2050 3603 2250 3652 XXVIII,
2284 3606 2323 3651 6,
2347 3617 2386 3655 7.
2418 3603 2622 3656 Tempore

1390 3674 1484 3715 belli
1509 3672 1648 3727 punici
1668 3668 1837 3710 secundi
1858 3665 2227 3720 CarthaginienseS,
2257 3663 2318 3702 uti
2342 3664 2505 3716 Leptin,
2532 3662 2622 3715 Cly-

1388 3750 1523 3791 peam,
1546 3743 1640 3786 etc„
1661 3733 1718 3772 sic
1740 3732 1862 3771 etiam
1880 3731 2016 3770 OEam
2033 3727 2188 3774 Siculos
2198 3725 2370 3766 ‘colonos
2393 3723 2621 3764 traduxisse

1390 3797 1660 3849 intelligiture
1682 3794 1778 3834 Silio
1797 3793 1886 3833 Ital.
1904 3794 1980 3841 III,
1993 3793 2073 3831 256
2094 3803 2103 3830 ;
2123 3787 2326 3829 Sabratha
2347 3795 2432 3825 tam
2454 3784 2619 3837 Tyrium

1390 3859 1551 3911 vulgas,
1578 3862 1831 3910 Sarranaque
1860 3853 2017 3909 Leptis,
2053 3855 2223 3905 Oanue
2239 3846 2479 3889 Trinacrios
2497 3845 2621 3899 Afris

1385 3915 1596 3977 permixta
1611 3919 1784 3959 colonos.
1811 3917 2038 3957 OEensium
2062 3923 2100 3954 et
2131 3912 2445 3966 Leptitanorum
2463 3907 2619 3949 discor-

1391 3984 1500 4033 dias,
1527 3981 1677 4036 quibus
1696 3980 1745 4020 ad
1771 3994 1883 4020 arma
1907 3986 2074 4018 ventum
2100 3983 2159 4016 est
2178 3975 2458 4026 OEensesque,
2484 3970 2620 4011 multi-
