2756 4354
142 260 298 320 m,
344 262 455 312 Ano:
496 208 685 320 genepiam
721 251 921 308 indu,
961 244 1194 300 novamen,
1235 243 1354 290 m·-

139 334 266 387 ωἷς.
284 330 465 392 'rupi-a,
494 324 728 379 Ἰππώνιον,
760 319 938 379 Uicus,
967 313 1136 375 Ῥήγιον
1165 308 1357 373 dap-mi-

143 416 230 459 μον
249 397 322 444 asi
339 396 472 447 πόλις.

1039 139 1321 195 chLACIS
1351 136 1813 188 unvammans
2417 174 2426 184 ,
2599 139 2651 201 ς.)
2728 167 2741 226 ‘.

1419 248 1579 290 riorum
1598 245 1775 297 colonia,
1796 243 2014 296 Pandosia,
2034 244 2261 287 Plateensoe
2281 242 2377 297 (leg.
2392 213 2650 304 c'lavnpeeia),

1418 316 1588 366 Terina,
1609 314 1883 372 Hipponium,
1902 314 2076 364 Mesma,
2094 312 2297 367 Rhegium
2319 315 2652 368 promontorium
2746 330 2750 335 ’

1420 391 1463 426 et
1483 382 1599 425 urbs.
2615 396 2619 404 ι
2639 403 2642 408 -
2695 384 2756 430 321..

142 484 2643 519 ΜΝ

140 569 310 623 &apim
327 566 390 607 ὴ,
414 563 589 610 masto,
608 573 699 615 qua»
716 557 917 611 scriptura
932 551 1146 595 conflatae
1158 564 1354 607 compen·

138 631 219 673 dib
238 629 377 671 Ἐλά
397 624 493 673 Δίς
524 636 605 664 em.
626 621 679 660 Ο.
706 616 854 659 matter
874 614 1046 658 Ber-ask.
1076 616 1121 666 1,
1143 628 1187 671 p.
1219 615 1295 669 ¹⁵9
1316 620 1357 655 et

139 692 333 741 Certiae.
353 686 439 728 Get.
461 688 568 726 Ans.
590 682 689 723 1832
700 693 742 720 n.
756 678 855 728 203,
872 685 1088 734 postquam
1108 674 1225 718 ‘ffla
1238 689 1357 732 repo-

140 760 272 794 mg
296 747 530 793 nuntius,
552 751 591 784 et
610 743 706 788 Aio<
730 741 772 781 in
797 739 904 781 Elec
921 738 1058 781 locum
1079 737 1268 781 sufficere
1285 751 1355 779 vo·

137 814 262 856 luem
280 810 448 852 Gailius.
468 804 626 848 Scilicet
652 802 748 844 Elea
764 800 843 843 l'uit
864 801 1172 844 Phoco-ensium
1193 799 1355 841 colonia

138 875 152 929 (
179 870 372 916 uemdot.
412 870 457 918 1,
496 870 598 920 1673
628 863 775 905 Strabo
805 864 888 913 vt,
916 876 959 919 p.
999 863 1110 912 2⁵23
1154 862 1355 918 scymnus

135 938 240 988 247;
262 931 405 974 Suidas
429 943 464 970 s.
490 941 529 968 v,
548 929 587 982 );
611 928 717 968 Laus
740 932 894 975 autem,
923 937 1175 980 quamquam
1197 937 1249 964 ne
1266 923 1354 979 ipsa

134 995 299 1052 quidem
339 991 591 1035 'Diui-iorum
634 987 817 1037 colonia,
862 986 934 1028 sed
971 1000 996 1027 a
1032 986 1231 1041 Sybaritis
1260 994 1354 1041 post

132 1058 318 1099 amissam
353 1053 525 1111 pau-iam
554 1050 719 1092 condita
749 1057 852 1091 esset
888 1047 1124 1105 (Herodot.
1164 1049 1241 1099 VI,
1272 1060 1350 1099 2⁰5

133 1117 277 1160 Strabo
297 1131 340 1174 p.
362 1118 467 1164 ²3²3
489 1114 642 1156 Plinius
664 1114 740 1162 111,
766 1125 841 1162 ιο,
867 1111 1008 1167 Steph.
1036 1112 1085 1152 B.
1110 1124 1144 1151 s.
1176 1123 1216 1151 v.
1238 1108 1272 1166 ),
1296 1109 1354 1151 sa·

133 1180 247 1222 cilius
278 1188 415 1222 tamen
437 1177 692 1219 Thuriorum
722 1174 882 1215 colonia
909 1172 991 1214 dici
1027 1180 1204 1229 poterat,
1238 1171 1351 1228 quod

133 1255 411 1300 aoepenumem
438 1238 633 1295 Sybaritae
673 1246 713 1278 et
757 1236 905 1278 Thurii
944 1234 1272 1285 confunduntur,
1306 1251 1353 1277 ac

132 1306 304 1347 omnino
321 1301 531 1360 'mh-bite
550 1308 609 1341 est
626 1300 807 1341 Thurios
824 1314 891 1340 eas
909 1298 1089 1340 colonias
1113 1312 1214 1354 quas
1228 1297 1352 1353 Syba-

134 1368 221 1408 rim
234 1366 286 1408 ad
308 1379 420 1407 mare
442 1363 703 1419 Tyn-benum
721 1362 1036 1410 constituerant,
1061 1359 1321 1402 Posidonium
1337 1392 1348 1410 ,

137 1429 281 1477 laum,
302 1425 507 1473 Seidrum,
523 1423 771 1466 hereditario
784 1422 963 1479 quodam
973 1422 1067 1477 jure
1082 1422 1221 1463 secisse
1241 1436 1347 1464 suas.

132 1491 401 1545 summopere
428 1487 610 1529 Thurios
632 1485 858 1527 elaborasse
888 1486 930 1525 in
963 1484 1135 1539 imperio
1155 1482 1207 1524 ad
1239 1498 1351 1525 mare

131 1551 393 1594 ‘l'wrhenum
420 1547 645 1599 dilatando,
677 1547 838 1601 colligas
859 1547 980 1587 etiam
1017 1560 1041 1586 e
1071 1544 1261 1600 Polyaeno
1291 1548 1347 1596 11,

140 1598 205 1663 no,
229 1627 265 1661 ι,
281 1614 352 1669 qui
370 1625 465 1653 cum
479 1612 675 1653 Terina-is
692 1625 762 1652 eos
779 1609 879 1650 bella
907 1609 1072 1662 gessisse
1086 1615 1269 1649 testatur.
1293 1610 1346 1650 V.

132 1677 213 1718 Th.
245 1675 406 1718 matht.
424 1674 451 1716 l.
471 1674 498 1715 Ι.
515 1688 558 1730 p.
579 1675 645 1716 30.
666 1675 854 1715 Ceterum
875 1685 1003 1727 quum
1024 1670 1171 1711 Thurii
1189 1670 1256 1711 Ol.
1277 1674 1346 1722 84,

137 1752 174 1780 ι,
198 1741 277 1788 444
304 1738 384 1778 sint
406 1735 579 1786 conditi,
592 1736 763 1785 Gailius,
780 1743 825 1776 ut
843 1747 1045 1774 summam
1064 1733 1348 1788 antiquitatem

133 1800 305 1843 snt-cis
322 1799 385 1841 sui
401 1806 598 1847 tueretur,
619 1798 731 1839 urbis
745 1796 865 1851 hujus
884 1796 1132 1837 mentionem
1155 1794 1218 1837 bis
1234 1810 1350 1853 repe-

134 1847 250 1905 tilam
263 1861 541 1918 interpolatori
554 1860 786 1902 vindicavit.
801 1858 923 1912 Quod
938 1859 1071 1914 inepte
1082 1859 1203 1899 statui
1214 1867 1349 1902 osten-

132 1924 195 1967 dit
233 1924 478 1967 [amonius
507 1923 534 1964 Ι.
570 1923 596 1964 l.
632 1922 766 1964 Eleum
797 1920 1027 1963 Herodotus
1057 1935 1132 1962 suo
1164 1929 1349 1978 tempore

139 1986 279 2039 Ὕίλην
292 1985 444 2028 dictam
459 1999 545 2027 esse
566 1993 724 2035 narrat,
746 1993 789 2025 ut
809 1984 904 2025 hinc
924 1997 1088 2039 quoque
1102 1984 1251 2025 Noster
1268 1986 1349 2027 He-

132 2048 282 2091 rodoto
307 2048 451 2103 junior
482 2062 567 2089 esse
588 2055 845 2101 coarguatur.
872 2048 932 2087 De
959 2047 1125 2087 nomine
1162 2046 1276 2089 urbis
1304 2062 1344 2090 v.

134 2110 324 2152 Dindorl'.
348 2111 462 2152 insi.
486 2109 607 2151 Thes.
634 2108 1008 2162 11-112260012]
1039 2110 1100 2149 De
1127 2109 1206 2150 situ
1226 2108 1349 2165 hujus

131 2172 246 2214 adsis
263 2174 507 2215 recentiores
526 2173 634 2213 varia
649 2171 872 2212 admodum
888 2172 1121 2226 opinantur.
1154 2173 1203 2212 In
1219 2172 1350 2215 medi·

130 2235 324 2276 terraneis
337 2235 454 2276 sitam
474 2234 596 2275 fuisse
606 2233 657 2274 ad
674 2233 944 2275 Acherontem
957 2233 1160 2288 quendam
1175 2234 1347 2278 ssuvium

130 2296 441 2347 veltonentem,
463 2297 534 2351 qui
550 2296 713 2352 pervadi
739 2295 852 2337 facile
873 2304 1044 2351 poterat,
1065 2295 1239 2339 dubium
1261 2312 1347 2341 non

127 2368 203 2401 est.
228 2358 368 2414 Scylax
390 2357 679 2400 occidentalem
719 2373 847 2413 oram,
866 2358 1001 2413 legens
1020 2360 1127 2401 inter
1150 2362 1282 2404 Laum
1306 2371 1347 2404 et

128 2421 391 2478 Oampetiam
410 2421 470 2463 rel
492 2430 599 2463 certe
616 2422 826 2472 Terinam,
842 2422 1042 2477 Scymnus
1065 2423 1144 2465 306
1170 2426 1347 2468 orienta-

128 2484 204 2526 lem
219 2499 333 2526 oram
348 2484 481 2538 legens
499 2485 604 2526 inter
620 2485 841 2526 Crotonem
863 2493 904 2526 et
921 2485 1101 2526 Thurios
1113 2500 1203 2528 eam
1223 2488 1347 2530 collo·

128 2555 205 2587 cat.
228 2547 461 2601 emptorem
490 2560 586 2587 vero
608 2546 728 2587 fuisse
750 2546 858 2587 litori
880 2546 1120 2589 occidentali
1149 2549 1245 2591 inde
1266 2551 1346 2592 col·

130 2608 225 2659 ligo.
246 2607 357 2662 quod
377 2622 457 2648 una
478 2622 573 2648 cum
596 2607 716 2662 hujus
730 2622 813 2648 orae
832 2608 1004 2649 urbibus
1020 2610 1165 2651 Strabo
1182 2627 1348 2669 quoque

133 2669 205 2717 Vl,
224 2683 266 2725 p.
291 2671 371 2710 256
390 2669 644 2717 Pandosiam.
661 2678 700 2710 et
724 2669 876 2712 Plinius
905 2672 982 2721 111,
1009 2685 1057 2715 ιο
1073 2673 1344 2718 Acherontem

131 2740 353 2772 metuent.
382 2732 604 2786 (Ceterum
634 2731 785 2773 Plinius
814 2733 924 2788 (111,
955 2735 1030 2789 15)
1053 2734 1106 2777 dc
1130 2737 1213 2791 ipsa
1242 2740 1346 2781 Pan·

130 2791 244 2834 dosia
279 2802 434 2834 certum
472 2795 570 2834 nihil
598 2796 755 2836 novisse
784 2795 962 2847 videtur,
989 2798 1064 2838 nisi
1100 2798 1221 2841 l‘uisse
1256 2816 1346 2844 eam

132 2855 389 2896 lucanorum
429 2856 571 2897 urbem
606 2856 965 2909 mediterraneam,
1001 2868 1172 2903 testante
1206 2865 1342 2906 Theo-

130 2929 295 2974 pompo.
313 2919 325 2968 )
346 2917 501 2959 Deinde
517 2920 558 2959 in
577 2920 726 2960 arctius
741 2921 981 2963 contrahere
1010 2922 1156 2965 limites
1175 2925 1267 2969 licet
1295 2943 1346 2970 ex

132 2979 248 3021 uno
265 2980 381 3028 vul.
400 2984 468 3029 24.
488 2981 525 3021 ls
542 2982 651 3022 enim
670 2980 722 3022 de
735 2982 967 3025 Alexandro
987 2985 1154 3040 Epirota
1177 2988 1227 3029 ad
1245 2992 1346 3032 Pan·

127 3039 285 3084 doeiam
303 3051 447 3084 necato
463 3056 671 3098 enponens
690 3044 742 3085 ita
767 3044 866 3086 dicit
889 3059 898 3086 :
926 3047 1055 3087 llum!
1075 3052 1223 3105 pmcn!
1239 3055 1345 3094 l’rm·

127 3100 261 3152 dosia,
296 3102 392 3146 urbe
417 3105 646 3146 imminente
674 3107 851 3149 terranis
890 3124 939 3149 uc
971 3112 1147 3157 Bruttiis
1165 3114 1340 3167 finibm,

129 3172 208 3205 trra
239 3163 414 3206 eun-ulos
438 3165 604 3208 insedit.
630 3169 677 3208 ln
709 3169 1042 3213 antecedentibus
1072 3188 1167 3215 vero
1186 3174 1344 3221 dixerat

127 3227 355 3269 (to-enum
378 3227 520 3269 urbem
542 3244 629 3270 esse
646 3231 922 3282 Lucanorum,
952 3234 1144 3277 Terinam
1166 3239 1344 3281 Bruttio-

129 3300 234 3328 rum.
256 3288 355 3330 inde
376 3291 497 3343 igitur
520 3294 785 3348 consequitur
807 3294 1047 3338 Pandosiam
1080 3300 1341 3344 Lucanorum

131 3349 270 3390 urbem
295 3351 307 3405 (
328 3352 380 3392 τί.
403 3353 658 3410 Theopomp.
685 3356 737 3397 fr.
773 3358 852 3399 233
875 3359 888 3414 )
917 3361 958 3403 in
990 3360 1140 3402 linibus
1163 3364 1344 3406 Bruttio-

130 3423 221 3451 rum
236 3414 351 3454 sitam
364 3445 375 3459 .
400 3416 440 3454 in
458 3431 507 3455 co
530 3417 760 3471 ponendam
776 3435 861 3461 esse
880 3430 1027 3474 tractu,
1047 3425 1117 3478 qui
1145 3425 1251 3467 inter
1265 3428 1344 3469 Co·

129 3473 299 3514 sentiam
326 3483 364 3515 et
385 3477 575 3518 Terinam
602 3479 758 3520 mulius
793 3482 1014 3538 interjacet.
1047 3487 1177 3527 Porro
1212 3502 1341 3543 quum

124 3532 271 3589 &ybs
284 3544 375 3576 ante
384 3538 573 3580 Terinam
585 3549 622 3580 et
636 3551 722 3595 post
743 3543 983 3587 Pandmiaun
998 3558 1195 3591 memoret
1210 3550 1343 3593 Clam·

127 3596 278 3652 m
296 3612 345 3639 u
380 3602 663 3644 verisimillima
682 3608 878 3648 Gmnovii
905 3610 1153 3663 conjectura,
1179 3628 1344 3657 accura-

127 3657 213 3702 tius
230 3659 354 3702 eliam
367 3660 448 3702 dici
466 3672 592 3716 potest
612 3666 850 3709 Panda-iam
873 3671 914 3710 in
938 3683 1107 3724 angusto
1128 3676 1195 3716 illo
1211 3684 1344 3719 tractu

130 3718 337 3779 ἡιίκεφὶ
361 3723 467 3764 inter
487 3725 716 3768 faminiam
736 3738 773 3769 ct
797 3731 1129 3786 Clampetia-nest
1155 3737 1344 3781 mediter·

127 3795 292 3825 nne-s.
316 3782 457 3839 anue
479 3798 573 3826 tum
610 3791 805 3831 sententia
831 3793 957 3846 probe
989 3799 1210 3840 roncinum
1229 3801 1343 3856 quod

129 3844 270 3887 Livius
289 3844 318 3887 Ι.
339 3844 367 3887 Ι.
398 3855 534 3888 mmt
560 3862 708 3904 comm
736 3851 951 3894 Alexandri
974 3858 1171 3900 cmc-ntia·
1189 3874 1341 3903 crema·

128 3914 216 3948 tuin
235 3919 338 3957 ese,
366 3915 405 3949 et
427 3908 540 3964 qood
559 3910 706 3952 Strabo
724 3913 798 3961 vt.
822 3927 864 3970 p.
885 3918 965 3956 256
986 3919 1224 3963 pandosiam
1254 3939 1341 3966 esse

127 3965 247 4010 refu-t
278 3969 412 4025 μικρὸν
438 3969 530 4026 intlp
563 3970 816 4026 limmvtlaz,
850 3985 888 4019 et
910 3992 1000 4033 φιτ
1033 3982 1140 4037 apud
1166 3985 1341 4028 Plinium

1419 547 1613 603 leguntur
1638 548 1718 597 111,
1743 559 1794 588 ιο
1817 558 1827 587 :
1860 544 2007 587 Terina
2027 543 2222 600 sinusque
2253 543 2392 596 ingens
2422 546 2656 599 Terinaeus,-

1417 608 1616 667 oppidum
1637 606 1851 650 Consentia
1874 605 1987 647 imus
2010 604 2053 646 in
2067 604 2292 662 peninsula
2305 622 2321 655 ,-
2337 606 2503 661 fluvius
2524 609 2658 653 Ache-

1417 685 1505 720 ron,
1526 685 1555 712 a
1578 684 1660 728 quo
1678 667 1883 727 oppidani
1905 666 2190 709 Acherontini.
2216 666 2408 719 Acheron
2428 684 2516 713 esse
2532 671 2655 716 debet
2696 696 2699 701 v
2729 684 2731 688 ·

1416 746 1525 775 unus
1545 746 1596 774 ex
1629 732 1788 781 fluviis,
1820 731 1893 785 qui
1917 730 1959 771 in
1989 728 2163 771 Crathin
2193 729 2428 773 Cosentiam
2450 734 2655 789 pratu-l..

1414 793 1582 836 bentem
1597 791 1803 835 incidunt.
1827 793 1926 834 Raee
1948 792 2074 845 igitur
2091 791 2233 833 omnia
2252 793 2435 835 itainter
2455 809 2499 837 se
2516 799 2654 841 conoi-
2736 798 2739 799 ⁷

1413 864 1535 906 nunt,
1568 863 1615 897 ut
1636 868 1776 905 nemo,
1798 862 1918 910 puto,
1946 867 2073 894 unam
2095 854 2262 909 Scymni
2282 869 2424 898 vocem
2444 856 2653 904 dissonam

1412 918 1551 973 potius
1569 914 1819 958 audiendam
1835 929 1923 956 asse
1957 914 2233 958 contenderit.
2252 917 2511 972 Mannertus,
2540 920 2652 966 haud
2740 961 2744 965 .

1412 979 1592 1022 excussis
1611 986 1709 1020 vett.
1728 978 1990 1028 testimoniis,
2010 977 2227 1021 arbitraria
2237 993 2407 1036 prorsus
2423 984 2583 1027 ratione
2595 985 2649 1029 ad

1411 1041 1584 1083 alterum
1597 1040 1721 1082 Italiae
1731 1039 1837 1081 latus
1847 1038 2093 1082 pandosiam
2101 1042 2240 1097 ponit;
2252 1043 2451 1087 nimirum
2463 1045 2647 1101 cerem,

1412 1103 1527 1145 urbis
1554 1102 1767 1144 hodiernae
1802 1115 1972 1154 nomen,
2000 1116 2149 1146 sonare
2175 1102 2312 1147 adhuc
2349 1106 2647 1154 Acherontinos

1412 1166 1531 1207 Plinii
1554 1174 1707 1208 censet.
1732 1166 1831 1207 Haec
1862 1166 2064 1207 sententia
2096 1166 2140 1207 in
2167 1180 2336 1223 mappas
2361 1169 2649 1227 Kiepertianas

1412 1230 1616 1284 migravit.
1638 1226 1895 1270 Reiehardus
1922 1226 2171 1270 Pandosiam
2194 1229 2374 1272 mediam
2396 1233 2517 1288 ponit
2544 1235 2653 1278 inter

1411 1291 1644 1333 Cosentiam
1664 1298 1706 1333 et
1732 1290 1941 1342 Thurin„
1974 1291 2152 1347 Lapieus
2177 1290 2352 1334 eandem
2378 1294 2517 1350 paullo
2545 1296 2652 1341 infra

1412 1356 1544 1396 Laum
1563 1362 1695 1396 notat.
1721 1352 1855 1395 Aliam
1878 1352 2125 1396 Pandosiam
2145 1367 2230 1395 non
2250 1354 2372 1411 longe
2388 1355 2440 1401 ab
2458 1358 2652 1403 Heraclea

1409 1425 1450 1458 et
1472 1418 1552 1459 Siri
1570 1417 1698 1459 fluvio
1718 1417 1840 1458 sitam
1858 1424 2062 1459 memorat
2078 1415 2323 1459 Plutarchus
2342 1420 2502 1475 Pyrrho
2521 1436 2559 1463 c.
2584 1427 2649 1475 16,

1409 1493 1534 1535 quem
1550 1493 1627 1521 cur
1640 1492 1796 1520 errasse
1810 1486 1852 1520 et
1869 1486 2055 1520 nostram
2076 1476 2323 1522 Pandosiam
2343 1481 2387 1522 in
2413 1481 2500 1524 illas
2519 1486 2651 1539 regio-
2695 1520 2701 1526 .
2749 1511 2756 1555 '3

1408 1557 1482 1584 nes
1497 1542 1598 1585 salso
1611 1540 1867 1584 transtulisse
1896 1555 1993 1583 cum
2015 1540 2241 1596 Forbigero
2263 1542 2276 1599 (
2297 1543 2339 1584 in
2362 1545 2532 1601 Pauly's
2551 1550 2651 1590 Rea.

1409 1606 1510 1649 lenc.
1545 1621 1580 1649 s.
1606 1620 1647 1648 v·
1685 1604 1899 1648 Pandosia
1922 1604 1938 1663 )
1973 1619 2234 1657 censeamus,
2278 1620 2401 1649 causa
2435 1608 2548 1651 nulla
2570 1619 2646 1653 est.

1408 1669 1595 1713 Eandem
1613 1670 1726 1712 enim
1743 1669 1890 1712 urbem
1909 1670 2031 1711 etiam
2052 1670 2290 1712 Aristoteles
2310 1672 2408 1714 Mir.
2434 1686 2472 1714 c.
2499 1688 2553 1729 97
2578 1675 2647 1718 ed.

1407 1734 1639 1776 Woeterm.
1652 1730 1789 1784 affert,
1806 1733 1880 1788 qui
1894 1733 2070 1788 Iapygiae
2084 1745 2172 1773 esse
2190 1740 2231 1773 et
2243 1746 2374 1789 prope
2384 1747 2475 1776 eam
2493 1736 2652 1781 Hereu-

1408 1795 1456 1837 lis
1467 1796 1635 1851 vestigia
1649 1795 1870 1837 monstrari
1882 1802 2037 1836 narrat.
2058 1797 2076 1848 11
2095 1793 2227 1834 —m
2236 1809 2291 1835 ατ
2301 1809 2318 1836 ε
2327 1809 2344 1836 ε
2354 1796 2395 1844 ἴς
2410 1797 2425 1850 ]
2439 1797 2506 1839 Sic
2518 1797 2651 1843 codex

1406 1859 1520 1909 Par„
1551 1871 1638 1900 non
1667 1857 1893 1908 Πλαταιεῖς,
1921 1857 1983 1898 uti
2008 1854 2127 1897 editt.
2153 1855 2353 1898 Cluverus
2371 1857 2495 1901 scribi
2522 1859 2651 1905 voluit

1407 1920 1606 1962 Πανδοσῑα
1630 1919 1874 1970 Πλαταιέων,
1910 1917 2117 1961 Pandosia
2151 1917 2438 1962 Plataeensium
2469 1921 2646 1967 colonia.

1406 1983 1645 2027 Mazochius
1662 1982 1822 2041 (Tabb.
1847 1980 2009 2023 Heracl.
2025 1994 2068 2037 p.
2089 1993 2162 2023 101
2184 1995 2247 2037 sq.
2265 1980 2280 2038 )
2301 1994 2310 2023 :
2335 2001 2352 2018 ι
2372 1983 2479 2025 Fieri
2497 1992 2647 2041 potest,

1407 2054 1455 2088 ut
1471 2047 1592 2088 sicuti
1609 2048 1653 2088 in
1672 2046 1809 2087 vicino
1830 2042 2076 2098 Pandosiae[
2095 2045 2157 2084 Dc
2171 2042 2250 2085 leuc
2262 2043 2423 2086 vicinia
2442 2044 2553 2089 nihil
2564 2055 2651 2090 em-

1406 2109 1569 2164 ditum]
1586 2109 1751 2152 Thebas
1771 2110 1958 2151 Lucanas
1978 2106 2256 2163 (aThebanis
2277 2108 2422 2164 utique
2436 2108 2648 2167 conditas)

1406 2172 1607 2214 exstitisse
1628 2172 1732 2213 Cato
1757 2169 1870 2226 apud
1898 2167 2114 2226 Plinium(
2135 2171 2213 2221 111,
2245 2170 2294 2211 15
2320 2169 2334 2227 )
2356 2180 2572 2225 memorat,
2589 2174 2648 2217 sic

1406 2235 1647 2277 Plataeenses
1667 2234 1798 2275 Boeoti
1815 2230 2078 2284 Pandosiam,
2103 2245 2196 2288 quae
2217 2230 2317 2273 olim
2341 2245 2486 2288 regum
2505 2234 2649 2278 OEno-

1406 2299 1495 2340 triae
1506 2298 1618 2353 regia
1636 2296 1770 2338 suerat
1785 2326 1798 2347 ‚
1815 2295 2109 2350 immigrarint.
2133 2293 2185 2336 Id
2199 2293 2287 2336 fieri
2305 2294 2476 2351 quidem
2493 2299 2644 2353 potuit.

1404 2363 1563 2404 Tamen
1584 2360 1689 2403 nihil
1715 2374 1881 2402 neeesse
1912 2366 1975 2401 est
2002 2359 2046 2401 in
2068 2366 2186 2401 textu
2217 2359 2369 2401 mutari
2401 2359 2644 2418 quidquam,

1406 2424 1530 2467 Haud
1551 2438 1648 2467 raro
1684 2438 1765 2466 vox
1781 2421 1941 2468 ,eadem
1964 2421 2082 2464 urbis
2105 2420 2229 2463 simul
2256 2435 2305 2463 ac
2338 2421 2481 2479 populi
2513 2422 2644 2468 suit...

1404 2490 1549 2543 Itaque
1570 2487 1674 2529 nihil
1701 2485 1896 2543 prohibet
1909 2516 1922 2536 ,
1956 2485 2182 2541 quominus
2205 2483 2428 2540 aliquando
2445 2486 2579 2529 Boeoti
2601 2487 2646 2531 in

1405 2551 1554 2592 vicinia
1571 2548 1788 2592 Pandosiae
1803 2556 1895 2590 tum
1907 2546 2072 2590 Thebas
2086 2555 2177 2589 tum
2196 2546 2426 2599 Πλαταιεῖς,
2443 2548 2643 2601 Placeas,

1404 2613 1684 2655 condiderint.
1697 2614 1753 2655 At
1767 2609 2056 2654 verisimileoet
2064 2618 2251 2652 neutram
2262 2608 2337 2652 diu
2346 2608 2606 2667 perdurasse.
2621 2631 2640 2650 ι.

1403 2675 1707 2720 Commendare
1731 2675 1820 2717 haec
1839 2673 1935 2716 licet
1955 2673 2006 2715 iis
2024 2686 2118 2729 quae
2145 2671 2199 2714 de
2226 2673 2380 2714 Boeotis
2408 2673 2452 2714 in
2479 2674 2644 2731 Iapygia

1407 2741 1421 2797 (
1448 2741 1595 2782 Strabo
1612 2741 1690 2791 IX,
1708 2753 1752 2796 p.
1771 2737 1851 2789 405
1876 2737 1910 2795 ),
1935 2734 1990 2779 de
2004 2735 2296 2780 Plataeensibus
2315 2736 2359 2777 in
2378 2733 2516 2779 Sicilia
2537 2736 2647 2795 (Po-

1405 2804 1525 2860 lyaen.
1545 2804 1603 2854 V,
1633 2803 1673 2854 5,
1702 2816 1719 2843 1
1743 2801 1777 2859 ),
1821 2800 1875 2843 de
1894 2803 2023 2851 Arne,
2043 2800 2175 2842 Boeoti
2208 2806 2251 2840 et
2267 2797 2373 2840 AEoli
2391 2805 2539 2851 matre,
2557 2799 2647 2843 Me-
2685 2826 2692 2837 ·
2752 2829 2756 2836 .

1405 2875 1622 2923 tapontum
1654 2864 1833 2907 abducta
1867 2862 2079 2921 (Diodor.
2111 2863 2189 2914 IV,
2226 2865 2294 2917 67.
2319 2860 2566 2905 Valckenar.
2590 2862 2644 2906 ad

1403 2929 1533 2971 schol.
1571 2928 1717 2984 Eurip.
1746 2926 1893 2969 Phoen.
1923 2926 2028 2967 1186
2049 2923 2063 2980 )
2087 2923 2249 2979 collegit
2278 2924 2333 2965 Ο.
2371 2922 2570 2966 Mfillerus
2601 2925 2645 2967 in

1409 2992 1519 3035 Min.
1561 3005 1605 3047 p.
1632 2994 1730 3040 401.
1765 2987 1846 3031 Sed
1878 2986 2033 3029 codicis
2060 2986 2235 3028 Parisini
2271 2985 2475 3042 scriptura
2506 2985 2645 3029 minus
2735 3022 2739 3027 .

1401 3053 1488 3110 jam
1513 3054 1620 3096 favet
1642 3052 1741 3094 huic
1759 3050 1963 3107 opinioni.
1981 3050 2142 3091 Verum
2171 3048 2351 3103 tetigerit
2372 3046 2611 3091 Gronovius
2630 3061 2642 3091 τ

1409 3138 1425 3153 ι
1452 3115 1586 3166 Ordo,
1607 3115 1756 3170 inquit,
1785 3127 1870 3168 quo
1899 3113 1942 3153 in
1962 3109 2248 3153 enumerando
2270 3110 2404 3152 utitur
2421 3109 2582 3166 Scylax,
2601 3119 2646 3153 et
2731 3118 2733 3123 '

1403 3179 1545 3229 literae,
1562 3184 1689 3233 prout
1702 3174 1834 3217 edidit
1846 3172 2117 3223 naschelius,
2130 3171 2310 3214 clamant
2319 3178 2533 3212 auctorem
2542 3172 2644 3213 seri·
2702 3179 2725 3203 ¹²

1402 3242 1556 3297 psisse:
1583 3237 1811 3286 Πανδοσία,ῑ
1828 3235 2078 3291 Κλαμπιτία,
2103 3254 2120 3270 ι
2141 3234 2220 3275 uisi
2240 3230 2356 3289 quod
2376 3231 2642 3276 scribendum

1401 3303 1539 3359 potius
1552 3299 1810 3355 Ιὶλαμπίτεια.
1830 3296 1941 3339 Urbs
1957 3295 2009 3338 ad
2025 3310 2139 3338 mare
2152 3294 2290 3352 paullo
2301 3307 2426 3351 supra
2443 3294 2641 3339 Terinam
2712 3298 2714 3301 ’

1401 3366 1478 3407 sita
1499 3363 1514 3421 (
1536 3362 1644 3405 Mela
1668 3363 1725 3411 11,
1750 3363 1801 3411 {03
1826 3359 1982 3402 Plinius
2007 3360 2086 3411 m,
2121 3370 2195 3410 ιο,
2230 3358 2373 3400 Livius
2391 3358 2552 3410 XXIX,
2570 3358 2640 3403 38.
2710 3369 2728 3385 ·‘

1402 3425 1542 3475 XXX,
1562 3436 1612 3478 ¹9
1636 3422 1670 3478 ),
1697 3420 1904 3478 Clampet'a
1927 3421 1969 3462 in
1984 3419 2091 3462 Tab.
2116 3420 2326 3475 Peuting„
2352 3420 2571 3476 Λαμπέτεια
2589 3433 2643 3463 ex

1401 3485 1574 3543 Polybio
1595 3498 1663 3541 ap.
1691 3483 1833 3540 Steph.
1867 3484 1963 3539 Byr..
1996 3482 2062 3524 Cf.
2094 3482 2343 3539 Lycophron
2373 3484 2478 3526 1068
2505 3495 2516 3524 z
2549 3480 2642 3525 tvo«
2727 3479 2731 3491 ⁵

1401 3548 1604 3606 Λαμπίτης
1639 3544 1845 3589 Ἱππωνίου
1879 3549 2055 3602 πρηῶνος
2090 3543 2141 3594 dg
2175 3545 2293 3598 τηθὶιν
2324 3545 2432 3601 κέρας
2471 3543 2641 3601 σκληρὸν

1403 3612 1591 3654 νίνωκιν.
1614 3612 1631 3664 n
1649 3632 1707 3641 —
1728 3609 1816 3664 Τιρ
1831 3609 1901 3649 (να
1924 3609 2023 3661 ]Sic
2040 3608 2164 3650 etiam
2185 3607 2356 3658 Strabo;
2383 3607 2521 3663 Τέρινα
2545 3606 2643 3663 Sey·
2723 3605 2729 3649 ⁵.

1402 3686 1526 3716 mnus
1548 3672 1646 3723 306,
1671 3670 1740 3713 ubi
1764 3685 1858 3712 cum
1890 3669 2089 3713 salmasio
2120 3669 2195 3724 leg.
2220 3670 2393 3726 Τέριινα,
2424 3670 2486 3711 uti
2517 3666 2643 3711 habet

1405 3734 1654 3792 Lycophron
1686 3737 1782 3788 72⁶·
1806 3735 1823 3786 ΙΙ
1842 3757 1897 3765 -
1915 3732 2121 3789 Minna]
2136 3733 2246 3775 Μέσα
2258 3731 2390 3775 codex
2399 3747 2411 3784 ς
2430 3730 2571 3787 mapa
2585 3731 2641 3774 A·
2679 3754 2685 3759 ·

1402 3796 1608 3854 pollodor.
1631 3808 1699 3851 ap.
1728 3796 1788 3837 St.
1811 3796 1907 3850 Byr..
1931 3808 1965 3836 s.
1997 3808 2037 3836 v.
2057 3802 2098 3836 et
2116 3794 2255 3850 Etym.
2278 3795 2340 3836 Μ.
2367 3807 2412 3850 p.
2434 3794 2531 3844 ⁵81,
2553 3790 2603 3834 15
2625 3803 2636 3833 z

1405 3859 1560 3916 Μέσμα,
1589 3858 1699 3907 πόλις
1722 3858 1918 3899 κτισθεῖσα
1938 3857 2012 3901 {aab
2031 3860 2203 3914 Λοκρῶν,
2224 3857 2430 3913 ὁμώνυμος
2446 3859 2503 3913 τῷ
2518 3867 2638 3898 ποτα·
2708 3875 2718 3898 ,-

1407 3924 1498 3980 ulfi(
1524 3921 1646 3978 κρήνῃ
1667 3920 1820 3978 μεγάλῃ
1838 3935 1919 3963 sec.
1941 3920 2133 3963 Strabon.
2159 3922 2235 3971 VI,
2261 3934 2305 3976 p.
2324 3921 2406 3962 256
2438 3918 2472 3976 ).
2508 3916 2639 3960 Hect-

1406 3994 1485 4029 toeo
1509 3997 1575 4042 ap.
1601 3985 1660 4027 St.
1684 3985 1778 4040 852-
1812 3992 1981 4026 vocatur
2002 3983 2158 4041 Μίδμη,
2178 3996 2303 4040 quam
2324 3981 2499 4024 somnam
2511 3981 2636 4023 etiam
