2756 4354
150 196 272 231 xxiv
494 191 535 233 Ο

147 286 238 333 lam
249 286 620 349 praeivissedicit.
634 287 700 332 Ad
708 286 928 348 Ophelam
940 288 1080 345 igitur
1088 287 1379 347 Cyrenaeum,

147 361 317 422 peripli
330 371 562 408 auctorem
589 361 837 422 (Marcian.
854 361 1030 406 lleracl.
1049 377 1094 421 p.
1116 362 1175 406 63
1196 361 1252 408 ii.
1270 362 1304 422 ),
1322 378 1380 410 ex

146 451 240 497 quo
271 451 354 483 sua
392 435 710 483 Eratosthenes
749 436 963 491 duxerat,
1004 436 1141 481 etiam
1187 452 1291 498 quae
1320 438 1379 484 de

141 512 384 559 Hannonis
406 513 569 559 itinere
594 512 815 557 Arrianus
833 510 997 568 habet,
1024 511 1263 559 reserenda
1278 529 1378 562 esse

143 588 280 635 duco.
314 589 511 651 Ophelas
544 597 690 633 autem
719 586 799 630 vix
818 585 1029 632 diversus
1047 596 1116 633 eat
1147 586 1206 634 ab
1232 588 1378 650 Olyn-

144 665 241 712 thio
265 667 345 711 illo
372 662 788 725 (Pseudo-Ariston
809 661 975 708 OEcon.
997 679 1045 717 a,
1074 662 1163 724 35)
1181 664 1263 725 qui
1290 664 1377 711 sub

141 739 389 785 Ptolemaeo
413 739 430 784 1
456 739 503 783 in
529 738 723 798 AEgypto
744 737 848 794 suit,
872 737 1039 784 deinde
1053 737 1234 799 Cyrene
1256 741 1377 801 poti·

143 827 212 861 tus
231 826 325 870 est,
374 831 455 859 nec
480 828 534 858 eo
559 828 702 871 regno
725 823 968 861 contentus
990 813 1262 874 πιριεὸάλιτο
1286 820 1376 867 ταῖς

139 890 275 936 ἐλπίσι
296 891 458 949 μείζονα
480 888 720 934 δυναστείαν
742 891 759 948 (
779 889 971 937 Diodor.
998 889 1098 947 XX,
1118 898 1195 946 40,
1224 906 1241 935 ι
1268 891 1297 949 ),
1331 900 1376 936 et

138 966 582 1025 Carthaginiensium
616 966 858 1026 imperium
884 976 1093 1012 evertere
1119 980 1222 1012 cum
1254 967 1374 1026 Aga·

139 1041 289 1088 thocle
304 1057 541 1100 aggressus
553 1052 634 1087 est.
646 1041 807 1087 Virum
824 1040 1051 1102 ejusmodi
1069 1043 1266 1088 consilia
1284 1043 1375 1102 agi·

140 1128 307 1163 tantem
343 1116 586 1178 probabile
608 1128 675 1163 est
707 1118 832 1163 vires
863 1116 1310 1176 Carthaginiensium
1330 1127 1375 1163 et

136 1192 360 1238 ditionem
394 1192 657 1253 explorasse
690 1202 734 1237 et
753 1208 845 1238 orae
864 1193 1106 1238 maritimae
1139 1193 1372 1254 periplum

137 1266 403 1327 collegisse,
434 1266 655 1311 adhibitis
677 1282 779 1327 quae
810 1282 836 1312 e
863 1277 1099 1313 nautarum
1120 1283 1371 1326 graecorum

134 1352 179 1387 et
203 1357 450 1403 poenorum
482 1340 826 1387 narrationibus
850 1352 894 1387 et
916 1341 1208 1401 Carthaginis
1241 1341 1372 1388 urbis

134 1418 446 1464 monumentis
469 1418 725 1478 comparari
755 1426 942 1478 possent
957 1415 1198 1463 subsidiis.

198 1494 275 1540 35.
288 1492 390 1539 Jam
401 1509 454 1539 eo
464 1493 736 1539 adducimur
749 1503 797 1539 ιιι
807 1509 1064 1554 quaeramus
1073 1494 1254 1539 cuinam
1266 1509 1369 1540 ver·

133 1568 205 1615 sio
220 1583 365 1629 graeca
389 1569 508 1614 tituli
535 1569 695 1630 punici
716 1568 994 1613 vindicanda
1014 1570 1088 1614 sit.
1114 1568 1213 1623 Qua
1233 1569 1290 1614 de
1320 1586 1370 1615 re

134 1644 341 1706 potiores
381 1645 591 1690 virorum
645 1644 883 1689 doctorum
905 1644 1168 1691 ,sententias
1209 1646 1368 1705 paucis

134 1719 480 1783 comprehendit
497 1720 821 1781 Bernhardyus
844 1721 891 1765 in
915 1721 1115 1766 Analect.
1142 1721 1189 1765 in
1202 1720 1367 1780 Geogr.

132 1795 247 1842 min.
272 1811 320 1857 p.
356 1811 412 1854 ¹9
441 1812 452 1839 t
477 1815 494 1833 u
534 1795 739 1840 Graecam
779 1796 1062 1850 orationem,
1098 1795 1267 1855 inquit,
1296 1805 1371 1840 tc·-

131 1886 256 1917 mere
294 1870 625 1934 Campomanes
661 1887 708 1933 p.
749 1870 801 1915 15
848 1886 947 1932 sqq.
980 1869 1038 1915 ab
1083 1870 1185 1932 ipso
1231 1870 1369 1916 totius

129 1946 438 2009 expeditionis
496 1948 612 1994 duce
659 1946 908 2009 repetebat.
967 1947 1139 2009 Nempe
1190 1946 1369 1994 nobiles

129 2023 530 2084 Carthaginienses
572 2023 731 2070 Graece
775 2023 1000 2079 sciebant,
1044 2026 1177 2086 pauci
1230 2026 1364 2070 etiam

127 2098 436 2162 probabiliter
459 2099 752 2156 scribebant;
789 2100 1077 2161 eundemque
1098 2100 1365 2146 Hannonem

127 2176 208 2222 ille
220 2192 306 2238 pro
328 2188 514 2222 auctore
531 2175 667 2222 habet
693 2176 1098 2222 senatus-consulti
1117 2177 1225 2221 satis
1249 2192 1366 2235 per-

123 2251 249 2311 plexi
271 2252 391 2313 apud
411 2251 644 2297 Justinum
665 2250 763 2305 ΧΧ,
789 2252 814 2295 5
829 2285 842 2307 ,
869 2266 927 2296 ne
949 2251 1055 2311 quis
1077 2261 1235 2311 postea
1258 2251 1368 2295 Car-

125 2325 422 2384 thaginiensis
456 2336 532 2370 aut
570 2325 716 2370 literis
753 2324 1019 2370 Graecorum
1057 2334 1135 2370 aut
1164 2325 1365 2370 sermoni

124 2400 335 2446 studeret.
378 2398 506 2444 llaud
540 2398 813 2460 prudentior
841 2398 927 2443 suit
963 2397 1121 2457 Klugii
1161 2399 1364 2459 suspicio

123 2492 168 2537 p.
190 2478 237 2530 6,
277 2474 543 2520 Hannonem
581 2473 756 2519 scilicet
783 2472 918 2519 bellis
942 2472 1140 2518 Persicis
1157 2474 1363 2533 superio-

125 2566 220 2596 rem
242 2549 449 2594 Graecam
469 2550 671 2607 linguam
691 2548 919 2603 calluisse,
938 2558 988 2593 ut
1011 2548 1091 2608 qui
1114 2547 1359 2607 Syracusa-

123 2642 226 2671 nam
239 2626 476 2670 mulierem
497 2625 700 2670 duxisset
711 2622 765 2687 (¹⁶)
781 2641 792 2679 ;
804 2623 862 2669 ab
872 2639 927 2668 eo
939 2624 1081 2682 igitur
1094 2638 1359 2668 monumen-

1172 182 1650 234 PROLEGOMENA.

1449 305 1552 337 nem
1583 306 1744 353 parum
1773 293 2043 355 explicatam
2074 305 2119 341 et
2155 296 2352 342 colorem
2388 291 2725 365 peregrinans&

1449 366 1498 412 in
1531 366 1647 413 dura
1676 369 1957 416 minutorum
1981 386 2197 418 sensuum
2234 374 2597 434 compositione,
2615 372 2732 436 sic-{⁶3-

1449 451 1500 487 ιιι
1521 442 1716 503 cogitata
1748 445 2128 492 summistantum
2162 446 2299 493 lineis
2330 447 2679 496 adumbrentur..
2691 443 2726 502 ’ᾳῖ

1448 514 1503 561 Ει
1524 515 1619 563 haec
1637 518 1822 578 quidem
1846 518 2109 568 observatio
2128 532 2252 567 certa
2273 532 2363 578 est;
2387 522 2464 568 sed
2499 522 2700 569 llanno-
2699 520 2728 543 ‘³

1448 606 1550 636 nem
1572 591 1732 638 ducem
1767 592 2241 654 Carthaginiensium,
2270 612 2387 657 quos
2406 608 2583 643 constat
2614 613 2685 644 ar-
2711 604 2727 655 ζ’

1447 680 1558 711 cana
1569 681 1663 712 suae
1682 668 1883 715 civitatis
1895 678 1939 714 et
1957 670 2164 716 notitiam
2186 686 2404 716 cursuum
2423 673 2684 719 maritimo·
2723 659 2731 668 ³

1445 731 1548 786 rum
1586 742 1747 802 procul
1786 758 1812 788 a
1851 745 2111 805 peregrinis
2159 745 2294 790 anxie
2349 746 2681 806 custodivisse,
2721 789 2724 795 .

1445 829 1549 874 quae
1572 830 1707 862 causa
1730 817 1802 862 vel
1823 833 2129 877 quorumnam
2163 835 2272 865 usus
2297 835 2587 867 commovere
2604 820 2691 867 de-
2720 830 2724 839 ·’

1444 885 1547 932 buit
1569 898 1620 933 ut
1638 893 2015 938 commentarium
2049 909 2182 939 suum
2213 894 2424 941 Graecum
2449 896 2611 941 faceret
2633 906 2680 942 et
2718 890 2730 942 ’ἶ

1444 961 1574 1022 quasi
1593 960 1881 1022 bilinguem?
1901 965 2059 1027 ltaque
2079 978 2200 1014 recte
2217 968 2393 1028 {lugius
2406 1004 2418 1027 ,
2437 970 2677 1030 theologus
2724 984 2726 986 ·

1442 1038 1553 1084 oiim
1594 1039 1963 1097 fluentissimas,
1999 1043 2081 1103 qui
2119 1044 2169 1089 in
2211 1044 2371 1091 iibeiio
2410 1039 2689 1093 academico*
2725 1032 2729 1099 ζ

1443 1113 1572 1159 Frib.
1600 1116 1716 1160 1808
1734 1114 1856 1160 hunc
1880 1115 2116 1178 Periplum
2133 1118 2403 1177 illustravit,
2421 1137 2524 1167 cum
2545 1133 2676 1168 antea

1442 1191 1789 1236 conversionem
1808 1191 2001 1238 aSiculo
2013 1193 2210 1254 quodam
2235 1193 2502 1241 fabricatam
2526 1211 2685 1259 sump-

1441 1266 1596 1321 sisset,
1623 1277 1778 1327 postea
1799 1283 1846 1325 p.
1877 1269 1928 1312 31
1958 1266 2124 1313 Punici
2143 1269 2317 1328 ingenii
2335 1270 2524 1331 stilique
2546 1272 2690 1318 vesti·

1441 1342 1530 1401 giis
1548 1341 1803 1388 observatis
1831 1358 1929 1388 eam
1955 1343 2011 1389 ad
2036 1344 2456 1404 Carthaginiensem
2480 1347 2550 1392 vel
2572 1346 2683 1394 Poe-

1440 1432 1549 1462 num
1575 1417 1806 1463 hominem
1841 1419 2041 1474 rettulit,
2071 1420 2151 1480 qui
2186 1435 2268 1481 per
2299 1422 2679 1468 commerciorum

1440 1492 1799 1538 necessitudines
1826 1493 1987 1539 Graece
2018 1493 2269 1540 didicisset.
2313 1494 2520 1551 Etenim,
2553 1496 2690 1557 quod*
2724 1513 2735 1559 3<

1438 1567 1673 1626 addimus,
1700 1568 1802 1629 ipsa
1841 1567 2080 1627 Carthagov
2109 1568 2395 1615 liberrimam
2437 1571 2678 1631 utriusque
2735 1587 2737 1591 ⁴

1439 1643 1638 1689 nationis
1675 1654 1719 1689 et
1758 1645 1984 1690 sermonis
2034 1644 2232 1706 praebuit
2269 1646 2682 1702 consuetudinem,
2728 1680 2738 1696 ,ι

1438 1717 1518 1763 ubi
1542 1720 1692 1764 coloni
1716 1719 1867 1764 Graeci
1887 1720 1984 1765 suis
2003 1719 2174 1781 opibus
2199 1721 2404 1780 insignes
2429 1720 2674 1783 popularia

1437 1809 1566 1839 sacra
1584 1793 1795 1840 colebant
1820 1794 1903 1855 (V.
1932 1794 2124 1840 Diodor.
2151 1794 2272 1851 xiv,
2313 1811 2370 1853 77
2391 1794 2408 1858 )
2427 1815 2470 1842 υ.
2503 1793 2673 1843 Verum

1439 1868 1573 1929 liugii
1596 1885 1781 1930 quoque
1797 1870 2021 1915 sententia
2037 1869 2179 1915 debili
2198 1870 2363 1916 nititur
2385 1880 2676 1930 argumenta—

1439 1946 1585 2001 tione,
1609 1946 1889 2004 minimeque
1912 1946 2055 2006 liquet
2076 1957 2184 1991 num
2209 1946 2380 1993 Poenus
2403 1962 2461 1992 an
2483 1945 2677 1995 Crocus

1437 2020 1575 2066 homo
1598 2021 1825 2067 versionis
1848 2031 2006 2066 auctor
2040 2021 2191 2067 fuerit.
2226 2021 2273 2066 Si
2298 2021 2410 2082 quid
2437 2021 2673 2083 peregrini

1437 2096 1572 2143 habet
1600 2097 1748 2143 oratio
1768 2098 1863 2160 Γ),
1891 2097 1938 2142 id
1975 2112 2000 2142 a
2022 2096 2183 2142 Graeco
2203 2107 2412 2155 auctore,
2451 2096 2677 2150 mediocri

1436 2174 1663 2219 sermonis
1686 2173 1863 2219 artifice
1884 2183 1928 2220 et
1950 2173 2005 2218 ad
2025 2173 2244 2234 punicum
2271 2173 2507 2235 exemplar
2526 2170 2674 2219 verba

1435 2249 1821 2304 accommodante,
1853 2264 1947 2293 non
1970 2249 2151 2293 minore
2175 2249 2273 2293 veri
2297 2248 2445 2310 specie
2463 2257 2672 2309 repetere

1436 2324 1685 2383 licetquam
1695 2323 1876 2368 aPoeno
1890 2323 2060 2381 linguae
2072 2337 2231 2381 graecae
2242 2338 2403 2385 parum
2418 2323 2584 2384 perito.
2606 2321 2673 2368 Ac

1433 2396 1645 2443 Graecum
1662 2397 1801 2442 fuisse
1812 2398 2041 2442 versionis
2050 2407 2280 2442 auctorem
2295 2411 2437 2458 perse
2451 2395 2673 2459 probabie-

1433 2472 1522 2518 lius
1540 2482 1621 2518 est.
1639 2470 1850 2517 Ceterum
1865 2471 2047 2516 titulum
2076 2481 2284 2517 nostrum
2304 2482 2518 2533 tanquam
2532 2486 2671 2534 pecu·

1434 2547 1546 2591 liare
1556 2546 1829 2605 opusculum
1841 2561 1924 2607 per
1941 2546 2084 2591 multa
2092 2546 2244 2591 secula
2258 2556 2560 2608 propagatum
2573 2541 2674 2595 esse

1433 2637 1525 2667 non
1550 2620 1712 2676 credo,
1756 2619 1835 2666 sed
1869 2620 2253 2680 quemadmodum
2295 2621 2507 2682 soederis,
2542 2622 2670 2682 quod
2695 2624 2709 2634 '‘

124 2714 218 2748 tum
231 2701 453 2746 Punicum
473 2701 747 2760 Carthagine
765 2700 1059 2745 constitutum
1082 2699 1130 2744 in
1145 2698 1355 2743 Graecum
1429 2695 1627 2741 Romani
1656 2710 1760 2740 cum
1784 2694 1942 2739 Poenis
1969 2694 2195 2751 inierant,
2221 2696 2481 2743 versionem
2505 2709 2674 2742 serva-

122 2791 376 2824 sermonem
398 2791 495 2821 esse
523 2776 817 2831 translatum3
843 2774 932 2820 huc
954 2772 1168 2819 accedere
1191 2773 1357 2819 oratio·
1430 2771 1498 2816 vit
1532 2768 1778 2830 Polybius,
1818 2779 1862 2814 et
1901 2779 2243 2815 monumentum
2281 2770 2580 2818 Adulitanum
2618 2770 2669 2838 in

169 2926 203 2974 (·
206 2925 220 2973 )
241 2925 397 2971 Klugius
418 2936 454 2974 p.
475 2928 496 2963 4
519 2925 568 2963 ita
585 2925 729 2964 liabet:
755 2928 963 2965 Uxorem
982 2925 1145 2964 duxerat
1162 2926 1295 2964 nanno
1314 2921 1571 2971 syracusiam,
1599 2930 1646 2958 ex
1666 2930 1743 2969 qua
1773 2919 1963 2958 Hamilcar
1979 2921 2092 2958 natus
2112 2922 2183 2959 est.
2211 2922 2342 2970 ltaque
2358 2922 2404 2969 (Ρ)
2429 2921 2530 2962 tilius
2551 2926 2669 2976 sm.

120 2981 220 3020 cinis
238 2990 285 3019 eo
309 2983 478 3028 tempore
499 2983 822 3026 commorabatur.
842 2992 920 3029 quo
945 2981 982 3019 in
999 2980 1071 3019 liae
1096 2982 1219 3020 insula
1240 2980 1393 3030 quietus
1422 2979 1505 3017 erat
1529 2986 1656 3016 rerum
1680 2978 1803 3015 status
1830 2979 1868 3015 et
1890 2977 2216 3025 caitliaginienses
2239 2978 2492 3018 matrimoniis
2509 2980 2668 3033 aliisque

62 3059 63 3063 =
118 3035 310 3077 societatis
336 3036 495 3074 iinculis
516 3047 603 3074 suas
625 3038 874 3085 possessiones
903 3038 1063 3075 tutiores
1092 3036 1248 3075 reddere
1270 3038 1310 3075 et
1341 3036 1564 3073 mercatum
1587 3043 1804 3083 progressus
1836 3032 2019 3081 adiurare
2051 3035 2237 3082 poterant.
2264 3036 2396 3079 Quum
2430 3046 2523 3075 vero
2541 3037 2666 3080 Grati

119 3100 270 3141 quoque
297 3089 512 3139 trequentes
533 3091 640 3129 sedes
656 3091 704 3129 ibi
723 3092 992 3139 collocassent,
1017 3094 1270 3157 motuumque
1302 3093 1400 3130 inter
1422 3089 1491 3128 lios
1518 3091 1558 3128 et
1582 3089 1907 3137 carthaginienses
1933 3089 2182 3129 intercederet
2207 3090 2499 3136 commercium.
2522 3091 2666 3134 nemid
2693 3111 2699 3117 ·

120 3146 259 3185 mirum
275 3143 479 3193 videbitur,
496 3147 860 3194 Carthaginiensium
882 3150 1130 3192 mercatores.
1151 3147 1339 3197 principes
1349 3149 1387 3185 et
1410 3145 1542 3190 duces,
1562 3146 1708 3183 Graecoe
1728 3145 1866 3192 lingum
1882 3145 2085 3191 studuisse,
2100 3145 2207 3193 cuius
2227 3146 2280 3184 rei
2300 3146 2473 3185 sustines
2491 3147 2595 3195 (ΧΧ,
2620 3151 2665 3195 5)
2691 3192 2697 3200 ⁴
2734 3171 2736 3174 -

119 3203 333 3250 exemplum
356 3202 467 3241 alleri
485 3205 696 3241 memoratu
716 3203 988 3251 dignissimum.
1009 3206 1106 3248 Quoe
1124 3214 1242 3252 quum
1259 3204 1310 3242 ita
1325 3202 1400 3241 sint
1421 3199 1554 3240 eodem
1575 3199 1662 3247 jure
1688 3212 1766 3250 quo
1786 3202 1900 3239 ceteri
1923 3203 2242 3240 commentatores
2256 3204 2444 3250 statuunt,
2466 3203 2666 3252 flannnnb

120 3256 303 3305 periplum
328 3256 479 3295 Punicis
501 3256 618 3295 literis
635 3258 913 3306 consignatum,
934 3261 1061 3305 postea
1075 3268 1097 3295 a
1113 3258 1241 3296 Siculo
1260 3257 1384 3298 nescio
1401 3266 1478 3306 quo
1492 3256 1719 3305 Carthagine
1734 3259 2001 3305 transcriptum
2025 3257 2112 3295 etin
2130 3259 2303 3296 Groecam
2323 3258 2489 3307 linguam
2503 3268 2662 3299 conver·

118 3322 203 3350 sum
221 3310 347 3355 luisse.
378 3310 414 3349 id
438 3311 487 3349 ab
506 3313 690 3351 llannone
709 3312 804 3361 ipso,
835 3311 947 3361 graeci
977 3313 1161 3351 sermonis
1181 3323 1313 3362 gnaro,
1337 3314 1479 3353 factum
1498 3312 1700 3351 contendo.
1730 3312 1927 3351 Probabile
1953 3313 2053 3350 enim
2073 3314 2143 3357 est,
2180 3314 2402 3351 llannonem
2423 3310 2470 3350 ad
2503 3311 2663 3361 gloriam

118 3376 228 3406 suam
250 3367 288 3404 in
315 3366 457 3413 Sicilia,
478 3367 543 3405 ubi
558 3369 808 3415 cognatorum
824 3371 863 3407 et
878 3377 1078 3416 procerum
1098 3369 1371 3409 consuetudine
1393 3368 1583 3414 utebatur,
1608 3366 1912 3417 propagandum·
1940 3366 2163 3415 lllsserhque
2186 3369 2265 3405 ¹⁸¹⁰
2293 3366 2381 3405 ΝΜ
2398 3368 2437 3405 0²
2459 3366 2656 3419 ¹⁰¹¹ngqu

119 3422 259 3461 ramam
282 3420 565 3469 divulgandam,
587 3426 879 3461 monumentum
898 3424 1037 3461 Punice
1058 3425 1240 3473 scriptum
1263 3431 1301 3465 et
1325 3423 1550 3471 carthagine
1572 3422 1608 3461 in
1633 3424 1772 3472 templo
1798 3422 1950 3461 Saturni
1974 3422 2222 3461 constitutum
2239 3421 2276 3460 ιιι
2293 3424 2467 3461 Grmcam
2488 3422 2662 3473 lingnam

118 3475 364 3515 transtulisse.
387 3477 480 3513 Nam
507 3488 528 3514 e
550 3487 670 3523 graeca
690 3476 854 3514 dictione
880 3476 1129 3516 demonstrari
1150 3482 1287 3528 potest,
1308 3479 1493 3529 periplum
1526 3487 1601 3516 non
1625 3489 1647 3517 a
1668 3482 1802 3517 Gra=co
1827 3477 1992 3526 quodam
2020 3477 2157 3524 lingua-
2178 3487 2257 3516 suoe
2278 3478 2414 3526 perito,
2439 3476 2505 3516 sed
2527 3487 2550 3516 a
2566 3479 2661 3518 car·

113 3529 340 3580 maginiensi
368 3530 608 3569 mediocriter
625 3542 748 3579 graeoe
762 3531 876 3569 docto
900 3541 982 3570 esse
996 3543 1235 3581 coni·,ersum
1266 3534 1331 3582 qui
1352 3543 1486 3572 cavere
1515 3542 1590 3571 non
1614 3536 1752 3583 posset,
1773 3544 1821 3573 ne
1844 3533 2059 3571 vernaculoe
2074 3532 2210 3580 lingum
2233 3532 2399 3571 ‘'⁰¹⁰¹'0m
2422 3534 2461 3571 el
2479 3535 2663 3582 [mnu-²¹¹¹*

104 3585 361 3626 eminendi
392 3585 548 3623 modum
582 3586 620 3623 in
640 3589 818 3625 Graecum
850 3596 1064 3625 sermonem
1092 3590 1323 3627 transferret.
1344 3590 1434 3627 ila-c
1454 3592 1583 3630 autem
1620 3590 1817 3628 conversio
1846 3588 1978 3628 Punici
1998 3589 2234 3627 monumenti
2262 3599 2308 3627 eo
2333 3587 2658 3638 verisimiliorem,

104 3650 239 3715 *quum
261 3639 591 3689 carthaginienses
616 3641 881 3679 excellentium
904 3643 1071 3681 virorum
1097 3653 1195 3691 pra-1
1199 3643 1279 3682 lara
1298 3645 1394 3683 facta
1414 3647 1671 3686 monumentis
1690 3646 1883 3684 memoria·
1902 3644 2052 3683 tradere
2069 3645 2288 3684 solerent.

164 3696 237 3746 θ’)
253 3698 317 3737 sle
337 3696 519 3735 Punicum
538 3696 719 3746 quiddam
743 3696 910 3735 redolere
923 3698 1081 3746 Klugius
1093 3701 1220 3738 censet
1243 3699 1357 3739 verba
1377 3700 1562 3742 indiculi.
1587 3702 1781 3751 περίπλους
1800 3705 1874 3739 τῶν
1896 3700 1987 3749 ὑπιρ
2006 3700 2069 3744 τὰς
2084 3700 2307 3748 Ἡρακλέους
2333 3700 2470 3747 στήλας
2484 3698 2656 3740 Λιβυκῶν

114 3754 181 3800 τῆς
201 3755 267 3803 γῆς
281 3756 414 3802 paoem
434 3754 480 3791 at
499 3751 582 3791 hac
604 3752 653 3791 ab
670 3750 800 3790 iisdem
819 3754 992 3800 graeculis
1010 3753 1177 3802 prolecta
1194 3757 1296 3801 sunt,
1322 3755 1387 3804 qui
1410 3757 1546 3796 ceteris
1559 3756 1856 3820 geographorum
1875 3754 2064 3804 opusculis
2085 3755 2297 3803 argumenti
2318 3754 2460 3794 indices
2480 3752 2654 3802 prefixe-

117 3810 207 3848 rnnt
222 3808 357 3849 eodem
377 3807 526 3847 dicendi
550 3818 686 3857 genere
705 3810 866 3847 utenteii.
890 3811 935 3848 v.
956 3820 991 3858 g.
1026 3810 1063 3847 in
1084 3810 1206 3849 indice
1236 3811 1415 3849 Marciani
1436 3812 1551 3851 libri.
1570 3816 1643 3850 τῶν
1666 3813 1761 3849 κατὰ
1777 3812 1841 3856 τήν
1856 3811 1993 3856 Λιδῦην
2019 3815 2139 3861 papam
2165 3813 2245 3859 (sc.
2265 3814 2329 3857 τῆς
2347 3810 2453 3859 γῆς),
2466 3811 2542 3847 τῶν
2556 3810 2656 3858 παρὰ

115 3864 179 3902 τὸν
193 3862 341 3903 &unuh
358 3863 423 3902 itai
442 3862 691 3913 μισημδρινὸν
716 3862 881 3901 ὠκεανὸν
900 3865 1006 3914 μέχρι
1036 3867 1099 3909 τῆς
1122 3866 1310 3910 Αἰθιοπίας
1328 3868 1538 3915 πιριιύους.
1565 3868 1734 3910 Alterum
1763 3867 1914 3905 i‘iinicae
1940 3870 2142 3906 structuroe
2168 3865 2386 3914 exemplum
2410 3863 2522 3913 affert
2540 3862 2655 3903 Verba

116 3918 141 3968 ς
169 3925 209 3959 15
228 3931 264 3968 p.
295 3925 338 3959 η
358 3934 369 3959 ι
388 3931 466 3970 παρ
485 3919 686 3970 priamo«
705 3920 831 3969 χώραν
848 3920 1023 3970 διάπυρον
1042 3922 1294 3971 munitm.
1325 3926 1372 3962 Αι
1388 3923 1493 3963 locus
1523 3924 1585 3962 ille
1609 3926 1739 3972 aperte
1768 3923 1867 3960 lacer
1889 3925 1959 3968 est,
1984 3926 2022 3961 et
2041 3922 2226 3973 punicam.
2243 3920 2371 3966 istam,
2390 3928 2506 3966 quam
2530 3921 2653 3967 putat,

118 3974 320 4013 verborum
334 3974 567 4022 junctionem
585 3974 633 4013 de
649 3985 720 4014 sno
741 3985 839 4024 penu
857 3975 1016 4022 Klualns
1036 3977 1175 4015 intulit.
1203 3978 1363 4016 Unicum
1388 3979 1604 4028 exemplum
1620 3979 1719 4028 quod
1743 3978 2016 4028 probabilitatis
2037 3979 2161 4027 aliqua
2182 3974 2305 4025 specie
2326 3974 2364 4013 ln
2383 3973 2550 4013 medium
2570 3984 2653 4023 pro·

117 4031 252 4079 Iertur,
278 4031 314 4070 in
332 4031 404 4070 iilis
430 4028 581 4081 liabesS
596 4034 640 4071 ia
663 4041 700 4082 p.
718 4034 762 4071 10
780 4046 790 4070 =
807 4031 981 4081 γινόμιθι
995 4033 1033 4071 ἂν
1045 4032 1225 4078 θαλάττης
1250 4034 1417 4084 χάσματι
1433 4035 1626 4085 ἂμετρὴτῳ
1651 4033 1694 4081 ἦε
1717 4035 1775 4072 ἐπὶ
1796 4034 1927 4084 linirem
1945 4035 2034 4083 πρὸς
2054 4037 2099 4082 τῇ
2116 4036 2165 4081 γῇ
2185 4030 2308 4070 πεδίον
2334 4028 2394 4077 ἦν.

2308 4127 2345 4159 0
