2808 4342
0 866 61 897 γ10

23 1206 61 1236 15

23 1553 64 1582 20

1075 135 1365 192 HISTORIA
1397 138 1599 186 INDICA
1609 175 1619 185 .

88 257 223 298 ματα,
260 237 445 300 κατάπερ
478 238 514 282 οἱ
551 234 660 287 ἐντὸς
681 238 752 279 τοῦ
782 235 912 280 Ἰνδοῦ
942 235 1188 298 ᾠκισμένοι,
1222 236 1312 282 οὔτε

86 306 230 367 ἀγαθοὶ
245 305 440 356 ὡσαύτως
454 303 520 348 τὸν
538 302 679 361 θυμὸν,
700 302 790 347 οὐδὲ
809 302 982 361 μέλανες
995 303 1191 356 ὡσαύτως
1208 311 1314 350 τοῖσι

86 376 296 421 πολλοῖσιν
312 373 513 419 Ἰνδοῖσιν.
585 373 632 432 (3)
655 365 781 417 Οῧτοι
798 371 929 416 πάλαι
953 371 1028 431 μὲν
1045 372 1315 436 Ἀσσυρίοισιν

86 443 257 499 ὑπήκοοι
279 435 398 496 ἦσαν·
429 440 496 485 ἐπὶ
528 439 570 485 δὲ
607 440 787 496 Μήδοισι
823 440 1017 502 Περσέων
1043 441 1220 503 ἤκουον,
1243 442 1315 488 καὶ

85 510 230 574 φόρους
261 509 462 571 ἀπέφερον
503 508 628 570 Κύρῳ
665 510 724 570 τῷ
759 507 1000 566 Καμὸύσεω
1036 512 1081 555 ἐκ
1119 514 1195 566 τῆς
1239 514 1316 572 γῆς

85 580 215 641 σφῶν,
239 575 306 629 οὒς
326 576 442 630 ἔταξε
467 579 616 638 Κῦρος.
688 577 738 640 (4)
768 580 944 624 Νυσαῖοι
968 577 1009 622 δὲ
1043 579 1118 624 οὐκ
1147 578 1314 626 Ἰνδικὸν

82 647 194 707 γένος
216 645 350 705 ἐστὶν,
375 645 482 692 ἀλλὰ
506 649 585 692 τῶν
611 645 701 706 ἅμα
725 645 910 708 Διονύσῳ
942 647 1138 692 ἐλθόντων
1169 649 1208 699 ἐς
1239 647 1314 709 τὴν

82 717 158 778 γῆν
177 714 249 770 τὴν
270 715 423 763 Ἰνδῶν·
446 714 569 778 τυχὸν
590 713 663 774 μὲν
683 714 753 760 καὶ
776 715 1016 777 Ἑλλήνων,
1033 715 1120 762 ὅσοι
1147 717 1316 777 ἀπόμα-

82 802 150 847 χοι
174 786 306 830 αὖτῶν
330 785 511 846 ἐγένοντο
539 786 580 830 ἐν
600 785 706 844 τρῒσι
729 783 971 843 πολέμοισιν
1003 785 1193 838 οὕστινας
1214 787 1316 848 πρὸς

85 853 235 906 Ἰνδοὺς
257 853 450 906 Διόνυσος
469 853 716 914 ἐπολέμησε·
744 855 796 916 (5)
818 855 941 916 τυχὸν
966 854 1008 900 δὲ
1034 854 1103 900 καὶ
1122 858 1202 900 τῶν
1224 857 1314 903 ἐπι-

84 923 246 986 χωρίων
268 922 360 975 τοὺς
378 923 586 976 ἐθέλοντας
605 925 731 969 τοῖσιν
750 923 933 979 (Έλλησι
953 923 1150 988 συνῴκισε
1173 924 1248 980 τήν
1271 944 1315 972 τε

82 992 223 1055 χώρην
248 992 435 1048 Νυσαίην
464 992 677 1052 ὠνόμασεν
703 993 785 1038 ἀπὸ
817 997 889 1039 τοῦ
920 992 1030 1056 ὄρεος
1062 997 1135 1050 τῆς
1169 993 1313 1051 Νύσης

83 1062 301 1118 Διόνυσος,
337 1061 407 1107 καὶ
442 1061 516 1118 τὴν
541 1062 658 1107 πόλιν
694 1061 821 1118 αὐτὴν
848 1065 1009 1111 Νῦσαν.
1080 1065 1128 1125 (6)
1153 1063 1238 1110 Καὶ
1266 1065 1311 1110 τὸ

84 1130 172 1193 ὄρος
189 1130 235 1176 τὸ
253 1131 352 1193 πρὸς
370 1135 421 1194 τῇ
439 1128 556 1188 πόλι,
574 1131 667 1178 ὅτου
685 1134 726 1177 ἐν
742 1136 860 1195 τῇσιν
880 1132 1127 1195 ὑπωρείῃσιν
1143 1133 1315 1195 ᾤκισται

85 1202 264 1259 ἡΝὗσοι,
285 1199 427 1263 Μηρὸς
449 1199 660 1257 κληΐζεται
681 1200 749 1247 ἐπὶ
770 1204 821 1262 τῇ
842 1206 1031 1264 συμφορῇ
1048 1195 1076 1263 ἦ
1096 1201 1313 1264 τινιέχρή·

85 1288 185 1315 σατο
208 1269 321 1321 εὐθὺς
346 1269 576 1330 γενόμενος.
648 1271 699 1331 (7)
723 1273 871 1317 Ταῦτα
898 1271 972 1331 μὲν
999 1273 1036 1316 οἱ
1057 1271 1225 1326 ποιηταὶ
1249 1271 1315 1316 ἐπὶ

85 1339 270 1402 Διονύσῳ
304 1339 515 1395 ἐποίησαν·
548 1339 619 1384 καὶ
656 1338 898 1400 ἐξηγείσθων
935 1339 1039 1385 αὐτὰ
1071 1338 1158 1385 ὅσοι
1186 1339 1316 1401 λόγιοι

83 1407 297 1463 Ἑλλήνων
314 1404 341 1462 ἢ
361 1407 597 1469 βαρὸάρων.
669 1407 718 1472 (8)
738 1408 809 1455 Ἐν
828 1409 1111 1465 Ἀσσακηνοῖσι
1132 1408 1173 1454 δὲ
1193 1409 1314 1455 Μοίσ-

84 1493 213 1532 σακα,
236 1474 352 1526 πόλις
382 1475 565 1536 μεγάλη,
599 1474 746 1540 ἵναπερ
784 1477 921 1523 καὶτὸ
957 1477 1105 1540 κράτος
1140 1481 1212 1533 τ’ῆς
1243 1480 1317 1538 γ’ῆς

84 1547 170 1591 ἐστι
188 1547 259 1601 τῆς
282 1544 512 1600 Ἀσσακίης·
532 1544 602 1589 καὶ
626 1545 733 1601 ἄλλη
762 1546 878 1597 πόλις
901 1549 1210 1603 Πευκελαῆτις,
1239 1565 1318 1606 με-

83 1705 178 1746 ὅπου
207 1704 376 1759 Μασόγα
404 1703 530 1754 πόλις,
565 1703 610 1753 το
639 1704 832 1758 βασίλειον
860 1707 928 1756 τῆς
962 1706 1105 1759 χώρας.
1139 1704 1241 1756 Ἤδη
1277 1705 1317 1746 δὲ

82 1766 173 1822 πρὸς
192 1771 247 1822 τῷ
270 1765 380 1822 Ἰνδῷ
398 1766 514 1807 πάλιν
536 1766 637 1818 ἄλλη
655 1767 765 1814 πόλις
779 1767 1047 1815 Πευκολαῒτις,
1066 1769 1317 1822 Droysenius

84 1829 226 1871 Gesclz.
251 1828 478 1869 Alexandr.
504 1842 548 1884 p.
575 1830 654 1883 374
676 1844 726 1870 ex
752 1844 801 1870 eo
817 1828 931 1884 quod
946 1832 1071 1870 Λείας
1083 1830 1320 1871 Peucelaiti-

82 1890 145 1930 dis
159 1889 338 1943 regionis
352 1888 569 1945 praefectus
581 1890 691 1946 apud
707 1891 875 1932 Arrian.
896 1893 1003 1945 Exp.
1025 1890 1092 1931 Al.
1109 1893 1185 1941 IV,
1205 1905 1273 1942 22,
1295 1895 1318 1933 8

83 1960 352 2002 memoratur,
404 1954 635 1994 Astacenen
683 1952 765 1994 dici
807 1952 1123 1994 Peucelaitidem
1167 1963 1317 2005 censet,

81 2013 208 2069 idque
229 2014 378 2069 probat
397 2015 615 2055 Lassenius
633 2014 731 2056 Ind.
752 2015 935 2055 Altertlz.
961 2018 996 2066 I,
1014 2030 1057 2070 p.
1076 2016 1172 2066 423,
1191 2030 1320 2070 quum

81 2077 274 2133 pleraque
311 2077 515 2119 Indorum
556 2093 700 2132 regum
746 2079 1036 2134 principumve
1078 2080 1247 2120 nomina
1278 2081 1321 2119 in

82 2140 305 2183 Alexandri
327 2155 467 2182 rerum
486 2141 758 2196 scriptoribus
781 2141 916 2192 obvia,
942 2156 1026 2181 non
1047 2155 1319 2195 personarum

82 2204 165 2244 sint
186 2204 356 2244 nomina
373 2204 563 2257 propria,
583 2202 654 2244 sed
676 2218 701 2243 a
717 2202 952 2255 regionibus
967 2203 1192 2242 urbibusve
1210 2203 1318 2242 indi-

82 2273 138 2306 ta.
157 2266 329 2307 Obstare
341 2264 510 2319 quidem
522 2264 718 2304 videntur
734 2264 857 2304 verba
874 2264 1085 2304 Strabonis
1098 2264 1224 2304 modo
1238 2264 1321 2304 lau-

84 2325 199 2377 data;
217 2335 258 2367 at
278 2342 364 2367 non
382 2341 573 2380 magnam
585 2326 672 2380 ejus
693 2326 846 2366 dixeris
862 2328 1146 2367 auctoritatem
1158 2358 1169 2376 ,
1189 2341 1319 2381 quum

84 2387 295 2428 Strabonis
308 2387 398 2428 loco
410 2388 534 2428 etiam
544 2387 645 2427 alius
657 2401 775 2427 error
790 2387 953 2427 subesse
968 2396 1201 2438 censeatur3
1222 2403 1319 2429 nam

85 2463 188 2504 quos
200 2450 265 2490 ille
279 2449 379 2490 dicit
387 2449 607 2496 Μασιανοὶις
616 2449 883 2504 probabiliter
893 2458 1041 2504 putant
1056 2465 1141 2491 non
1153 2450 1319 2491 differre

85 2512 136 2552 ab
156 2512 299 2553 incolis
317 2514 483 2566 Masoga
504 2526 537 2552 s.
563 2513 749 2565 Massaga
773 2511 903 2562 urbis,
926 2511 1029 2553 adeo
1053 2521 1100 2552 ut
1125 2513 1319 2554 Μασιανοὶ

85 2574 275 2615 dicantur
292 2589 369 2629 pro
385 2574 642 2629 Μασσαγηνοὶ
662 2575 848 2626 (Lassen.
863 2574 890 2614 l.
913 2574 978 2628 l.).
998 2575 1153 2616 Plinius
1168 2577 1243 2625 VI,
1266 2577 1317 2616 23

83 2639 106 2689 S
127 2651 177 2690 79
195 2636 315 2690 juxta
331 2638 497 2691 Nysaeos
521 2645 724 2693 memorat
745 2639 1007 2693 Aspaganos,
1032 2638 1146 2693 quod
1165 2652 1317 2679 nomen

84 2697 258 2749 Silligius
281 2713 331 2739 ex
353 2698 535 2739 Salmasii
553 2698 820 2752 conjectura(
837 2701 1008 2740 Exercc.
1033 2714 1075 2754 p.
1103 2704 1182 2754 706
1203 2701 1245 2741 b.
1268 2703 1318 2755 F)

84 2762 257 2800 mutavit
275 2761 319 2800 in
337 2762 587 2811 Astacanos,
614 2761 805 2815 ambigua
837 2761 1146 2813 emendatione,
1174 2777 1318 2816 quam-

85 2837 206 2877 quam
235 2824 299 2864 vel
333 2826 558 2866 Assacenos
590 2833 753 2865 nostros
786 2825 851 2865 vel
887 2827 1110 2866 Astacenos
1146 2825 1318 2866 indicari

85 2883 260 2926 dubium
275 2900 361 2927 non
379 2887 443 2927 sit.
466 2886 646 2941 Benfeyo
665 2887 708 2926 in
724 2887 872 2927 Ersch.
896 2902 936 2927 u.
956 2887 1133 2928 Grubers
1147 2889 1315 2942 Encycl.

86 2961 126 2988 v,
150 2947 296 2989 Indien
321 2961 362 3003 p.
386 2951 438 2997 46
464 2950 634 2989 nomina
659 2947 897 3000 Ἀστακηνοὶ,
925 2947 1164 3001 Ἀσσακηνοὶ,
1192 2948 1320 2990 Ἀσπά-

89 3021 178 3059 σιοι,
196 3010 431 3066 Aspagani,
450 3010 634 3065 ejusdem
658 3011 837 3051 nominis
856 3010 999 3051 formae
1014 3019 1124 3062 sunt,
1142 3011 1255 3066 quod
1274 3013 1317 3052 in

87 3070 173 3111 aliis
191 3073 422 3114 civitatibus
436 3074 552 3114 aliter
563 3073 855 3114 enuntiabatur
874 3073 935 3113 vel
947 3074 1152 3114 enuntiari
1165 3075 1318 3115 Graecis

88 3130 316 3174 videbatur.
344 3135 517 3177 Subesse
536 3143 677 3176 monet
695 3149 838 3176 vocem
866 3136 1106 3175 sanseritam
1132 3151 1313 3190 agvaga,

89 3193 297 3235 zendicam
313 3211 486 3253 aspaga,
511 3200 540 3238 i.
564 3213 602 3238 e.
626 3213 742 3253 eques
770 3197 783 3253 (
803 3197 915 3238 unde
938 3197 1128 3239 Ἱππάσιοι
1151 3199 1317 3240 Strabo-

90 3254 201 3309 nis)
225 3256 533 3311 Elphinstonius
556 3260 683 3301 Cabul
698 3274 741 3314 p.
768 3260 848 3313 396
868 3268 908 3300 et
929 3260 1106 3303 Wilken
1130 3262 1173 3300 in
1204 3262 1315 3303 Abh.

90 3316 133 3356 cl.
158 3317 308 3358 Berlin.
343 3321 481 3361 Akad.
510 3324 703 3375 1818-19.
728 3336 772 3377 p.
797 3326 874 3363 261
911 3331 952 3363 et
987 3324 1168 3364 Ritterus
1189 3325 1314 3376 VIII,

89 3392 132 3433 p.
162 3382 242 3420 206
275 3382 498 3424 Assaeanos
524 3384 593 3423 vix
611 3392 720 3423 recte
750 3392 918 3425 censent
939 3398 1025 3424 esse
1044 3384 1218 3439 majores
1241 3386 1317 3427 ho-

90 3440 331 3483 diernorum
338 3445 380 3483 A
370 3443 543 3497 fglzans,
558 3446 710 3502 quippe
721 3459 899 3500 quorum
908 3447 1060 3501 priscas
1071 3447 1186 3488 sedes
1195 3447 1319 3489 fuisse

90 3503 135 3543 in
165 3507 253 3544 Gur
273 3505 356 3545 sive
378 3506 578 3555 Gur-istan
610 3508 846 3562 Paropanisi
868 3509 1034 3561 regione
1051 3509 1230 3550 historiis
1249 3525 1319 3552 eo-

91 3579 184 3605 rum
197 3565 382 3607 tradatur
390 3583 403 3618 3
421 3569 589 3623 propius
597 3568 650 3609 ad
664 3583 805 3609 recens
817 3583 968 3610 nomen
983 3569 1175 3611 accedere
1184 3574 1321 3627 Aspa-

89 3642 218 3679 ganos
243 3628 379 3679 Plinii,
415 3644 549 3684 neque
584 3630 736 3670 alienos
770 3631 821 3671 ab
853 3630 998 3672 iisdem
1016 3631 1146 3672 videri
1175 3634 1246 3687 qui
1276 3635 1320 3675 in

93 3689 277 3745 inscript.
304 3690 514 3731 literarum
533 3691 851 3732 cuneiformium
877 3701 1077 3734 vocantur
1106 3696 1321 3748 Uscanglza

94 3752 229 3803 (Ritt.
253 3754 370 3803 VIII,
390 3767 433 3808 p.
465 3768 517 3807 97
541 3752 573 3808 ).
597 3754 613 3807 Ι)
640 3777 695 3784 -
719 3767 757 3795 1.
781 3755 948 3809 καθάπερ
973 3755 1016 3795 h.
1040 3755 1068 3796 l.
1103 3764 1142 3796 et
1173 3759 1319 3812 saepius

93 3814 275 3866 codiees;
299 3815 465 3856 refinxit
481 3815 669 3865 Dfibner,
686 3823 734 3855 ut
749 3815 826 3856 alia
840 3815 926 3870 ejus
945 3818 1103 3869 generis
1123 3818 1316 3873 plurima,

93 3890 184 3931 quae
203 3878 370 3932 singulis
385 3878 483 3919 locis
506 3892 717 3919 recensere
734 3879 997 3934 supersedeo.
1022 3881 1037 3934 Ι)
1071 3906 1127 3912 -
1142 3895 1181 3922 2.
1209 3898 1229 3923 0
1241 3882 1263 3923 ὕ
1273 3899 1320 3925 τε

96 3937 120 3976 ἀ
132 3954 156 3993 γ
167 3940 219 3979 αθ
233 3939 281 3979 οὶ
301 3939 480 3988 ὡσαύτως
499 3940 549 3982 τ“ο
560 3955 578 3980 ν
610 3941 658 3981 θυ
670 3939 782 3996 μὸν]
803 3958 819 3980 <z
840 3942 1204 3986 Confirmaturhoc
1218 3945 1323 3987 bello

2520 164 2603 202 307

1381 259 1481 287 vero
1495 246 1539 287 hi
1553 245 1672 287 Indis
1696 245 1803 288 i'ntra
1817 247 1971 289 Indum
1990 263 2150 290 amnem
2167 251 2445 299 habitantibus
2461 269 2501 300 et
2518 277 2607 303 cor·

1381 324 1533 365 porum
1561 313 1847 367 magnitudine
1867 323 1908 355 et
1932 315 2166 356 animorum
2185 323 2415 372 praestantia
2442 325 2608 369 inferio-

1382 392 1446 418 res
1460 409 1472 428 ,
1489 393 1623 434 neque
1635 388 1718 420 tam
1733 381 1839 434 nigri
1860 395 1984 436 quam
1995 381 2179 436 plerique
2194 384 2302 424 Indi.
2364 389 2425 442 (3)
2445 391 2497 431 Hi
2514 392 2610 434 olim

1383 445 1559 499 Assyriis
1577 446 1801 500 parebant3
1822 445 1973 487 deinde
1988 446 2122 487 Medis
2140 448 2311 503 subjecti
2334 452 2377 492 in
2396 455 2609 499 Persarum

1382 519 1627 566 potestatem
1653 521 1856 554 venerunt
1878 521 1918 553 et
1945 513 2100 554 tributa
2118 515 2252 570 Cyro,
2274 517 2484 574 Cambysis
2505 523 2609 574 filio,

1383 593 1434 619 ex
1453 579 1537 618 suis
1553 579 1790 631 regionibus
1811 578 2112 634 pependerunt,
2127 596 2217 636 quae
2231 583 2362 638 Cyrus
2385 585 2612 642 imperavit.

1388 646 1448 702 (4)
1468 646 1601 701 Nysaei
1621 660 1719 687 vero
1736 645 1940 687 Indorum
1959 661 2056 701 gens
2072 662 2155 688 non
2174 657 2291 700 sunt,
2308 650 2381 692 sed
2399 667 2450 694 ex
2467 656 2516 695 iis
2534 659 2614 698 ori-

1384 714 1523 767 ginem
1545 712 1720 764 ducunt,
1747 714 1819 768 qui
1841 714 1940 754 olim
1966 729 2061 754 cum
2085 716 2235 757 Libero
2256 726 2371 772 patre
2389 720 2431 760 in
2453 722 2614 766 Indiam

1385 789 1605 831 venerant,
1631 795 1653 821 e
1672 781 1826 822 Graecis
1841 780 2033 831 fortasse,
2057 783 2127 835 qui
2151 783 2193 823 in
2211 784 2344 836 bellis,
2371 801 2460 842 quae
2491 790 2615 832 Liber

1384 862 1479 888 cum
1500 847 1615 888 Indis
1641 849 1776 902 gessit,
1806 849 1970 889 inutiles
1997 849 2104 905 bello
2124 849 2217 890 facti
2240 851 2423 906 fuerant3
2447 858 2509 911 (5)
2530 857 2614 899 sor-

1384 916 1498 955 tassis
1522 923 1660 955 autem
1691 916 1815 956 etiam
1849 915 2062 970 indigenas
2090 917 2340 960 voluntarios
2369 922 2411 962 in
2443 923 2614 966 eandem

1385 997 1481 1023 cum
1503 983 1657 1024 Graecis
1679 982 1883 1023 coloniam
1909 982 2096 1034 deduxit,
2119 986 2410 1042 regionemque
2430 991 2614 1045 Nysaeam

1384 1064 1408 1090 a
1425 1058 1567 1090 monte
1589 1051 1699 1104 Nysa
1716 1050 1877 1090 vocavit
1897 1050 2036 1100 Liber,
2058 1050 2286 1107 urbemque
2303 1055 2432 1109 ipsam
2446 1057 2613 1112 Nysam.

1388 1116 1447 1173 (6)
1468 1118 1592 1158 Mons
1614 1131 1712 1157 vero
1730 1116 1826 1157 urbi
1859 1117 2038 1168 vicinus,
2064 1117 2115 1158 ad
2143 1117 2258 1173 cujus
2275 1121 2431 1163 radices
2459 1124 2535 1164 sita
2556 1134 2617 1166 est

1383 1181 1492 1234 Nysa
1506 1211 1517 1230 ,
1534 1181 1675 1220 Merus
1697 1178 1711 1236 (
1727 1180 1757 1220 i.
1778 1194 1814 1220 e.
1835 1179 1972 1230 femur
1988 1182 2004 1234 )
2026 1189 2191 1222 vocatus
2210 1191 2270 1223 est
2284 1193 2459 1240 'propter
2476 1201 2615 1228 casum

1385 1242 1499 1283 illum
1513 1273 1524 1292 ,
1543 1257 1626 1296 quo
1641 1257 1739 1282 usus
1755 1241 1834 1282 suit
1847 1243 2032 1283 Bacchus
2047 1244 2229 1285 simulac
2246 1254 2365 1286 natus
2383 1256 2484 1289 erat.
2545 1251 2617 1290 At-

1384 1319 1464 1359 que
1497 1304 1585 1345 haec
1611 1304 1780 1359 quidem
1799 1313 1930 1360 poetae
1952 1305 2003 1346 de
2026 1306 2177 1346 Libero
2205 1306 2415 1349 finxerunt
2449 1322 2458 1349 :
2490 1324 2618 1365 eaque

1387 1375 1591 1421 quotquot
1606 1368 1668 1408 vel
1687 1367 1798 1423 apud
1814 1369 1978 1409 Graecos
1997 1368 2060 1408 vel
2077 1368 2189 1423 apud
2206 1369 2403 1411 barbaros
2419 1370 2619 1414 fabulosa-

1386 1444 1481 1469 rum
1498 1430 1764 1471 historiarum
1782 1432 2002 1485 scriptores
2018 1439 2128 1481 sunt,
2144 1431 2360 1487 explicent.
2416 1431 2475 1489 (8)
2496 1435 2619 1489 Apud

1388 1496 1613 1533 Assacenos
1631 1500 1692 1532 est
1703 1495 1885 1533 Massaca
1897 1523 1909 1543 ,
1928 1507 2075 1546 magna
2088 1494 2209 1545 urbs,
2227 1494 2300 1535 ubi
2316 1502 2356 1535 et
2374 1509 2534 1536 summa
2547 1510 2620 1551 po-

1391 1563 1513 1594 testas
1532 1562 1592 1594 est
1610 1555 1789 1607 regionis
1813 1555 1987 1595 Assaciae
2001 1572 2013 1606 ;
2043 1563 2083 1594 et
2114 1555 2190 1595 alia
2217 1555 2317 1596 urbs
2345 1557 2616 1609 Peucelaetis‚

1388 1714 1530 1746 eontra
1554 1705 1851 1746 Alexandrum.
1877 1707 2076 1758 Quamvis
2097 1708 2207 1746 enim
2236 1721 2360 1762 supra
2380 1708 2487 1750 3000
2503 1709 2619 1764 pedi-

1387 1776 1492 1817 tum,
1511 1781 1620 1809 2000
1638 1768 1823 1822 equitum
1839 1776 1879 1807 et
1903 1768 1955 1808 30
1985 1768 2221 1822 elephantos
2238 1769 2450 1820 haberent,
2475 1771 2619 1825 proelio

1387 1838 1526 1871 tamen
1545 1844 1642 1871 cum
1661 1829 1897 1870 Alexandro
1916 1829 2124 1870 decertare
2143 1831 2311 1871 noluere
2322 1847 2333 1882 ;
2357 1833 2620 1888 Massagaque

1387 1907 1474 1933 non
1506 1892 1558 1933 ab
1590 1893 1710 1947 ipsis,
1739 1891 1811 1932 sed
1847 1891 1899 1932 ab
1930 1892 2016 1932 aliis
2038 1891 2154 1932 Indis
2189 1892 2377 1934 mercede
2409 1894 2620 1936 conductis

1388 1954 1550 1995 fortiter
1569 1954 1750 2004 defensa,
1770 1962 1863 2009 post
1876 1954 2027 1994 horum
2039 1953 2260 1994 discessum
2280 1954 2395 1996 facile
2414 1964 2530 2011 capta
2544 1965 2615 1997 est.

1389 2018 1520 2069 (Arr.
1551 2019 1658 2072 Exp.
1683 2018 1761 2068 IV,
1787 2020 1838 2057 26
1861 2030 1923 2071 sq.
1946 2015 1959 2072 )
1998 2036 2015 2052 ι»
2051 2017 2316 2058 ΞΟΗΜΙΕΒΕΒ.
2346 2018 2362 2071 ΙΙ
2388 2042 2445 2049 -
2477 2032 2517 2059 2.
2542 2021 2622 2067 τοῖς

1387 2078 1585 2127 πολλοῖς..
1595 2110 1605 2119 .
1630 2077 1832 2132 Ἀσσυρίοις
1846 2077 1969 2118 codd.
1978 2093 1990 2128 3
2004 2092 2085 2118 em.
2095 2078 2257 2129 Dfibn„
2273 2080 2343 2134 qui
2356 2080 2453 2120 item
2468 2080 2623 2135 reliqua

1388 2141 1492 2191 loca,
1514 2141 1664 2195 quibus
1679 2139 1912 2181 dativorum
1925 2138 2068 2180 formae
2079 2140 2222 2181 ionicae
2234 2155 2258 2181 a
2275 2141 2417 2182 scribis
2433 2142 2622 2196 neglectae

1387 2211 1499 2253 sunt,
1524 2203 1723 2253 correxit3
1752 2201 1866 2257 quod
1888 2201 2012 2242 semel
2044 2203 2251 2243 monuisse
2284 2204 2379 2243 satis
2412 2212 2484 2244 est.
2508 2206 2539 2257 Ἠ
2565 2228 2621 2235 -

1388 2267 1429 2312 4.
1454 2264 1561 2319 ἐπὶ]
1585 2265 1644 2305 sic
1661 2267 1720 2314 A;
1747 2262 1828 2305 ἐπεὶ
1849 2271 1943 2303 cett.
1972 2263 1987 2317 Η
2014 2287 2070 2294 -
2091 2263 2129 2303 5.
2160 2264 2364 2319 Καμδύσου
2397 2264 2537 2314 codd.;
2558 2266 2619 2306 io-

1386 2326 1481 2366 nica
1512 2326 1557 2366 h.
1582 2325 1610 2365 l.
1647 2333 1688 2364 et
1713 2324 1809 2364 alibi
1839 2326 2016 2365 restituit
2043 2326 2232 2366 Dubner.
2264 2327 2279 2380 ΙΙ
2309 2331 2348 2367 6.
2381 2326 2619 2382 Νυσαῖοι]

1386 2389 1450 2429 De
1482 2387 1691 2428 tritissima
1715 2385 1848 2426 fabula
1882 2401 1920 2426 v.
1945 2387 2110 2427 Arrian.
2145 2389 2252 2441 Exp.
2276 2389 2332 2437 V,
2374 2401 2418 2437 1;
2453 2389 2619 2428 Curtius

1385 2450 1443 2500 X,
1482 2451 1521 2499 8,
1559 2464 1606 2503 73
1640 2448 1786 2503 Strabo
1813 2463 1856 2503 p.
1893 2450 1995 2501 698;
2035 2448 2209 2488 Diodor.
2240 2451 2274 2498 I,
2314 2463 2386 2502 19;
2408 2449 2615 2491 Plutarch.

1386 2512 1505 2552 Alex.
1540 2526 1577 2552 c.
1621 2510 1697 2560 583
1740 2510 1974 2550 Philostrat.
2019 2511 2108 2551 Vit.
2146 2510 2282 2565 Apoll.
2320 2513 2376 2561 H,
2409 2526 2460 2564 93
2483 2511 2621 2560 'Mela‚'

1384 2576 1463 2624 III,
1489 2588 1529 2628 7,
1554 2576 1578 2622 4
1591 2589 1602 2623 ;
1624 2572 1779 2613 Plinius
1799 2574 1875 2621 VI,
1902 2573 1952 2612 23
1977 2575 1999 2624 S
2021 2587 2072 2626 79
2093 2571 2161 2612 ed.
2183 2572 2308 2626 Sillig.
2328 2573 2480 2626 Nysam
2502 2573 2619 2613 istam

1386 2635 1677 2692 Dionysopolis
1695 2635 1864 2675 nomine
1893 2633 2048 2674 indicat
2075 2634 2318 2675 Ptolemaeus
2333 2635 2431 2684 VII,
2457 2647 2494 2684 1,
2520 2637 2542 2686 S
2568 2636 2619 2684 43

1386 2699 1452 2738 ed.
1486 2698 1647 2748 Nobbe,
1678 2697 1751 2738 ubi
1773 2705 1867 2752 post
1884 2695 2037 2750 Γωρύαν
2066 2697 2236 2750 ponitur
2267 2696 2466 2750 εΝάγαρα
2504 2695 2527 2746 ἣ
2559 2697 2623 2736 καὶ

1385 2759 1679 2811 Διονυσόπολις,
1708 2759 1822 2814 quod
1846 2758 2049 2799 hodierno
2074 2758 2166 2798 loco
2193 2761 2341 2810 Nagar
2375 2757 2622 2813 respondere

1386 2823 1498 2878 apud
1525 2823 1796 2877 Forbigerum
1834 2821 1940 2875 lego,
1964 2823 2021 2871 ΙΙ,
2055 2835 2099 2875 p.
2136 2820 2229 2862 510.
2266 2821 2428 2860 Nomen
2459 2820 2622 2876 Νάγαρα

1386 2886 1523 2927 indice
1543 2886 1648 2926 nihil
1669 2886 1748 2925 nisi
1767 2884 1914 2924 urbem
1934 2883 2150 2937 significat.
2170 2882 2415 2923 Fabulosam
2433 2897 2518 2923 esse
2536 2884 2618 2938 Ny-

1386 2964 1474 2989 sam
1509 2949 1658 2989 urbem
1695 2954 1833 2988 censet
1861 2960 1956 2986 cum
1989 2945 2076 2986 aliis
2106 2945 2246 2986 multis
2277 2945 2493 2986 Lassenius
2529 2944 2557 2985 l.
2592 2945 2618 2986 l.

1387 3013 1581 3052 Ceterum
1617 3010 1669 3051 de
1698 3009 1844 3050 sabulae
1865 3009 2024 3049 ratione
2045 3015 2193 3063 praeter
2228 3007 2327 3047 alios
2349 3006 2550 3061 plurimos
2577 3021 2615 3047 v.

1386 3075 1531 3114 Ritter.
1552 3074 1609 3123 V,
1631 3071 1713 3121 450
1725 3071 1864 3126 ibique
1878 3070 2078 3111 laudatos.
2099 3072 2162 3110 De
2183 3068 2335 3110 Caboul
2346 3068 2523 3121 regionis
2543 3067 2619 3108 fer-

1386 3135 1529 3176 tilitate
1554 3135 1787 3175 beatissima
1806 3133 1912 3173 bene
1934 3140 2107 3172 constat.
2131 3131 2220 3186 11-
2235 3133 2275 3172 8.
2303 3127 2388 3180 τὴν
2420 3128 2461 3169 ’1
2474 3130 2619 3183 νδῶν]

1386 3200 1443 3239 sic
1475 3199 1616 3253 scripsi
1637 3213 1659 3238 e
1680 3199 1734 3247 B;
1764 3194 1833 3247 τὴν
1862 3193 2026 3245 Ἰνδικὴν
2050 3195 2103 3242 C;
2132 3198 2207 3233 τῶν
2233 3192 2362 3232 Ἰνδῶν
2397 3199 2492 3232 cett.
2527 3192 2541 3244 Ι)
2564 3215 2619 3223 -

1390 3275 1455 3301 12.
1473 3262 1604 3316 χώραν
1623 3260 1796 3311 Νησαίην
1821 3261 1875 3298 D.
1904 3259 1919 3311 ΙΙ
1944 3281 2001 3288 -
2030 3257 2095 3296 13.
2122 3255 2244 3295 αὔτῶν
2271 3254 2399 3295 Νύσαν
2421 3255 2476 3303 Β;
2495 3253 2617 3294 αὐτῶν

1385 3321 1455 3373 τὴν
1484 3323 1612 3363 Νύσαν
1634 3323 1681 3362 C.
1710 3322 1799 3374 1)-
1831 3322 1897 3368 14.
1923 3319 2034 3360 πόλει
2057 3317 2200 3367 codd.;
2224 3331 2305 3358 em.
2343 3315 2487 3356 Dfibn.
2517 3316 2531 3369 ΙΙ
2562 3339 2618 3347 -

1390 3389 1454 3425 16.
1474 3385 1675 3439 γινόμενος
1690 3383 1734 3422 Β.
1762 3383 1776 3436 Η
1800 3406 1856 3413 -
1879 3383 1944 3422 18.
1966 3381 2239 3435 Μάσσακα]
2262 3379 2423 3434 βασακαι
2439 3376 2531 3433 (sic)
2556 3379 2616 3427 D;

1386 3447 1581 3501 Μάσσαγα
1603 3447 1710 3500 Exp.
1727 3445 1803 3493 IV,
1822 3443 1890 3493 25,
1906 3442 2074 3497 Μασόγα
2093 3441 2238 3482 Strabo
2249 3455 2292 3496 p.
2309 3442 2414 3494 6983
2431 3442 2619 3492 Mazagae

1386 3510 1553 3550 Curtius
1571 3509 1689 3556 VIII,
1718 3520 1782 3556 10,
1808 3520 1859 3559 73
1881 3505 2065 3557 Guraeo(
2087 3500 2188 3544 hod.
2213 3501 2440 3558 Pendjcora
2458 3503 2474 3555 )
2493 3502 2618 3542 fluvio

1386 3572 1519 3612 vicina
1540 3578 1640 3611 erat.
1675 3569 1691 3622 Ι)
1725 3591 1781 3598 -—-
1812 3580 1880 3608 20.
1902 3566 2023 3607 Πευκ
2037 3565 2087 3607 ελ
2100 3568 2235 3617 αῆτις
2256 3566 2271 3620 ]
2297 3563 2468 3604 Πευκὲλα
2490 3562 2618 3603 codex

1388 3633 1647 3675 Florentinus
1670 3638 1710 3670 et
1724 3630 1822 3670 hinc
1844 3627 2156 3678 Schmiederus3
2173 3626 2374 3668 Πευκέλλα
2388 3634 2427 3666 et
2445 3625 2617 3665 Πευκέλα

1390 3696 1445 3737 ἐ’τι
1464 3703 1577 3745 cett.;
1609 3707 1700 3748 quae
1721 3691 1933 3746 corruptio
1965 3691 2061 3731 satis
2089 3690 2253 3746 probat,
2284 3690 2327 3729 in
2354 3687 2495 3728 codiee
2528 3687 2617 3726 Flo-

1388 3759 1550 3800 rentino
1583 3755 1769 3797 voculam
1802 3753 1884 3805 ἔτι,
1920 3762 2064 3809 utpote
2085 3753 2226 3804 nihili,
2246 3767 2270 3793 a
2303 3751 2426 3792 docto
2450 3749 2616 3789 librario

1391 3821 1558 3876 ejectam
1578 3833 1677 3868 esse,
1700 3825 1894 3858 monente
1906 3814 2120 3858 Dfibnero.
2143 3816 2181 3857 ἐν
2199 3812 2487 3863 Πευκελαιήτιδι
2505 3810 2518 3865 (
2534 3812 2616 3864 χώ-

1393 3899 1440 3939 ρᾳ
1472 3898 1527 3923 sc.
1553 3879 1701 3935 >infra
1734 3895 1771 3920 c.
1811 3882 1852 3929 4,
1881 3894 1926 3920 11
1960 3878 2089 3920 codex
2128 3878 2326 3926 Florem„
2351 3871 2616 3915 Πευκελαΐτιδι

1394 3954 1506 3994 cett.,
1539 3951 1583 3984 ut
1606 3941 1789 3992 videtur;
1811 3942 2074 3982 Πευκελαῶτιν
2096 3941 2227 3994 χώραν
2243 3940 2348 3991 Exp.
2380 3937 2456 3985 IV,
2478 3947 2546 3984 22,
2572 3948 2612 3987 9.

2392 4015 2445 4045 20.
