2782 4348
38 299 150 337 Phot.

36 975 129 1015 Diod
137 1003 146 1013 .

165 186 232 244 (w,
248 190 322 246 bs.)

225 302 281 332 ss).
304 284 404 332 “Ott
423 284 527 344 μετὰ
547 283 613 328 τὸν
637 281 888 341 καλούμενον
908 282 1135 337 Λαιανίτην
1151 282 1321 339 κόλπον,
1348 283 1390 327 ὃν

162 353 335 416 Ἄραὸες
357 356 641 414 περιοικοῦσιν,
670 353 696 405 ἡ
721 350 997 408 Βυθημανέων
1027 349 1112 395 ἐστὶ
1143 353 1220 411 γῆ,
1257 351 1390 406 πολλή

164 441 207 467 τε
228 421 297 467 καὶ
315 419 472 478 πεδιὰς,
493 417 562 463 καὶ
583 425 699 462 πᾶσα
718 417 968 478 κατάρρυτος
983 417 1054 462 καὶ
1076 419 1237 478 βαθεῖα,
1260 417 1393 479 ἀγρώ-

166 509 250 536 στει
276 489 317 534 δὲ
352 487 471 548 μόνον
491 486 562 531 καὶ
591 485 745 547 μηδίκῃ
766 486 835 531 καὶ
855 487 974 549 λωτῷ
997 486 1117 548 βάθος
1142 486 1394 547 ἀνδρόμηκες

123 579 141 605 5
166 559 297 620 ἔχοντι
336 562 417 608 πᾶς
449 559 470 600 ὁ
493 555 648 616 καρπὸς
687 557 789 616 αὐτῇ
826 555 1145 618 περιγράφεται,
1180 554 1314 617 ἕτερον
1348 555 1390 600 δὲ

162 623 332 689 γεωργεῖ
353 624 484 671 οὐδέν.
554 625 627 671 Διὸ
650 625 802 671 πολλαὶ
818 625 892 685 μὲν
913 627 956 670 ἐν
973 627 1076 687 αὐτῇ
1096 626 1235 688 ἄγριαι
1252 626 1389 686 κάμη·

162 697 247 752 λοι,
272 693 423 739 πολλαὶ
464 693 506 739 δὲ
530 693 690 756 ἐλάφων
713 693 783 739 καὶ
808 693 1014 755 δορκάδων
1043 694 1210 754 ἀγέλαι,
1243 695 1390 757 συχναὶ

161 762 202 808 δὲ
227 769 400 824 ποῖμναι
435 763 673 826 προὸάτων,
700 763 770 808 καὶ
799 763 1004 823 ἀμύθητος
1023 762 1190 826 ἀριθμὸς
1208 765 1390 825 ἡμιόνων

161 832 232 877 καὶ
264 835 386 895 βοῶν.
455 832 628 884 Τούτοις
651 832 693 878 δὲ
719 840 801 885 τοῖς
825 833 1135 896 εὖκληρήμασιν
1156 833 1390 894 ἀντικείμε-

224 980 279 1011 89.
316 964 436 1011 Μετὰ
461 965 500 1009 δὲ
522 965 683 1017 τούτους
701 964 792 1017 τοὺς
811 966 957 1018 τόπους
976 966 1153 1029 ὑπάρχει
1177 967 1295 1030 χώρα
1316 987 1389 1013 πε-

157 1033 244 1089 διὰς
265 1035 541 1097 κατάρρυτος,
565 1035 816 1098 ἐκτρέφουσα
843 1036 908 1081 διὰ
928 1036 1000 1089 τὰς
1017 1037 1152 1098 πάντῃ
1182 1037 1390 1099 διαρρεού-

157 1123 230 1156 σας
247 1104 383 1165 πηγὰς
407 1104 610 1167 ἄγρωστιν
631 1105 701 1150 καὶ
726 1105 920 1165 μηδίκην,
944 1106 1003 1151 ἔτι
1031 1105 1072 1151 δὲ
1096 1106 1225 1151 λωτὸν
1248 1109 1388 1170 ἀνδρο-

158 1173 291 1232 μήκη.
360 1174 440 1220 Διὰ
470 1173 511 1219 δὲ
533 1174 579 1219 τὸ
604 1177 755 1230 πλῆθος
778 1175 850 1220 καὶ
883 1175 955 1231 τὴν
980 1174 1129 1237 ἀρετὴν
1166 1179 1238 1231 τῆς
1261 1181 1388 1235 νομῆς

156 1245 200 1288 οὗ
225 1243 346 1303 μόνον
371 1246 529 1300 κτηνῶν
550 1246 823 1290 παντοδαπῶν
845 1244 1054 1305 ἀμύθητον
1082 1245 1265 1308 ἐκτρέφει
1286 1246 1387 1301 πλῆ·

95 1331 132 1359 15
156 1318 243 1370 θος,
276 1313 385 1359 ἀλλὰ
423 1314 493 1359 καὶ
521 1314 732 1373 καμήλους
765 1315 930 1377 ἀγρίας,
968 1314 1028 1359 ἔτι
1058 1314 1091 1358 δ’
1118 1314 1287 1377 ἐλάφους
1317 1314 1387 1359 καὶ

160 1383 375 1445 δορκάδας.
448 1382 558 1444 Πρὸς
580 1382 622 1426 δὲ
646 1382 691 1427 τὸ
709 1385 862 1438 πλῆθος
880 1385 960 1428 τῶν
990 1382 1248 1445 τρεφομένων
1274 1383 1385 1436 ζώων

153 1454 340 1512 φοιτῶσιν
362 1453 407 1496 ἐκ
428 1455 499 1506 τῆς
522 1450 675 1512 ἐρήμου
698 1451 871 1497 λεόντων
892 1452 961 1497 καὶ
980 1451 1116 1497 λύκων
1136 1451 1207 1498 καὶ
1230 1452 1386 1513 παρδά-

153 1522 254 1564 λεων
280 1521 438 1580 ἀγέλαι,
461 1521 560 1582 πρὸς
580 1520 627 1572 ἃς
644 1523 680 1565 οἱ
701 1527 1065 1585 κτηνοτροφοῦντες
1086 1522 1383 1583 ἀναγκάζονται

150 1589 220 1634 καὶ
254 1591 343 1649 μεθ’
368 1589 525 1651 ἡμέραν
562 1590 633 1635 καὶ
659 1590 820 1653 νύκτωρ
857 1594 1129 1654 θηριομαχεῖν
1170 1590 1269 1654 ὑπὲρ
1303 1595 1382 1636 τῶν

149 1657 414 1720 θρεμμάτων·
439 1658 544 1704 οὕτω
564 1659 610 1704 τὸ
634 1663 706 1714 τῆς
733 1659 873 1722 χώρας
895 1660 1111 1723 εὐτύχημα
1139 1664 1221 1712 τοῖς
1243 1679 1381 1706 κατοι·

204 1820 330 1870 589,
363 1816 391 1857 l.
427 1831 468 1857 2.
506 1816 529 1869 ἣ
570 1817 948 1875 Βυθημανέων]
979 1819 1190 1860 Diodorus
1227 1829 1268 1861 et
1302 1823 1382 1861 Ar-

147 1878 373 1919 temidorus
402 1887 565 1932 gentem
601 1894 688 1921 non
718 1890 966 1922 memorant.
994 1881 1151 1922 Plinius
1177 1883 1260 1932 VI,
1288 1883 1338 1922 33
1371 1895 1380 1921 ι

146 1941 363 1983 Nabataeis
384 1941 624 1983 Thimaneos
633 1943 865 1998 junxerunt
878 1953 1045 1995 veteres,
1068 1959 1173 1985 nunc
1188 1954 1286 1985 sunt
1307 1948 1386 1986 Ta-

145 2004 263 2055 veni,
286 2013 383 2055 etc.,
414 2005 457 2044 in
480 2005 630 2060 quibus
659 2005 900 2048 Thimaneos
928 2022 1013 2048 non
1037 2007 1220 2048 diversos
1251 2023 1338 2048 esse
1364 2023 1387 2048 a

145 2067 539 2121 Bythemanensibus
569 2069 758 2109 nonnulli
781 2077 1002 2124 putarunt3
1034 2078 1075 2110 at
1104 2070 1260 2111 Plinius
1281 2070 1382 2109 Thi-

146 2143 311 2170 maneos
342 2130 387 2170 in
416 2129 722 2171 mediterraneis
754 2131 1046 2172 Nabataeorum
1078 2133 1234 2173 vicinos
1265 2132 1382 2182 facit,

147 2206 281 2246 neque
304 2192 348 2233 id
377 2192 499 2243 falso,
522 2193 861 2248 quandoquidem
888 2193 1015 2234 iidem
1037 2203 1134 2235 sunt
1160 2208 1255 2234 cum
1287 2195 1386 2235 lee-

148 2255 319 2295 manitis
341 2255 544 2295 librorum
576 2270 803 2296 sacrorum.
825 2257 1039 2297 Pertinent
1061 2257 1114 2297 ad
1136 2271 1212 2297 nos
1247 2257 1384 2311 potius

146 2317 344 2371 Bcctlzyni,
385 2332 487 2372 quos
518 2326 611 2372 post
646 2319 948 2373 Epimaranitas
984 2327 1023 2359 et
1054 2319 1385 2374 Ichthyophagos

146 2379 301 2419 Plinius
322 2380 366 2420 in
399 2395 482 2420 orae
514 2380 791 2435 descriptione
823 2389 1020 2421 recenset.
1050 2381 1185 2422 Hodie
1214 2381 1310 2422 inde
1332 2382 1384 2422 ab

149 2442 312 2482 intumo
346 2443 442 2482 sinu
473 2456 605 2497 usque
636 2442 689 2482 ad
720 2442 902 2483 Ain-une
938 2443 1114 2498 (Ὄννην
1145 2444 1380 2500 Ptolemaei)

144 2517 261 2544 oram
294 2503 527 2558 insulasque
558 2512 701 2544 tenent
739 2504 880 2545 Telzmi
902 2506 965 2546 vel
996 2506 1195 2547 Hatelzmi
1228 2507 1384 2548 Arabes

143 2567 365 2620 piscatores
379 2598 390 2616 ‚
412 2566 483 2620 qui
514 2567 637 2607 etiam
658 2568 702 2607 in
738 2568 940 2622 superiori
965 2569 1096 2610 litoris
1119 2578 1253 2610 tractu
1275 2568 1289 2624 (
1307 2569 1384 2610 sub

144 2630 220 2669 20⁰
238 2627 400 2668 latitud.
422 2626 435 2683 )
454 2637 682 2669 occurrunt
704 2629 776 2682 (v,
799 2630 942 2671 Ritter.
963 2632 1060 2682 XII,
1082 2646 1125 2687 p.
1151 2635 1244 2686 176.
1262 2633 1380 2682 XIII,

142 2703 185 2744 p.
229 2691 308 2744 307
326 2690 367 2745 );
406 2690 663 2746 eandemque
693 2692 1306 2748 Ichthyophagorum'stirpem
1339 2695 1382 2734 in

142 2753 237 2792 sinu
267 2753 431 2793 Persico
468 2751 604 2807 Θεμῶν
639 2752 827 2809 (Θαιμῶν
848 2769 935 2795 var.
970 2756 1099 2810 lect.)
1130 2757 1299 2797 nomine
1328 2757 1382 2796 si-

143 2828 265 2868 gnare
286 2813 451 2855 videtur
483 2815 726 2857 Ptolemaeus
748 2818 810 2858 VI
825 2849 835 2867 ‚
862 2831 927 2871 17,
948 2832 992 2873 p.
1018 2818 1115 2867 405.
1140 2820 1274 2859 Hosce
1292 2822 1383 2860 Hu-

143 2877 267 2918 tehmi
292 2877 344 2918 ab
370 2878 673 2932 Agatharchide
700 2880 940 2935 ΒυΟημανεΐς
971 2881 1164 2937 appellari
1197 2882 1382 2923 credide-

142 2940 235 2980 rim.
257 2942 349 2992 11-
371 2941 410 2981 3.
429 2943 523 2996 γῆ..
546 2941 739 2990 πεδιὰς..
763 2944 890 2984 πᾶσα
913 2945 1232 3000 κατάρρυτος]
1255 2948 1381 3000 Regio

142 3017 227 3043 non
263 3003 589 3058 humoquidem
612 3004 812 3056 fecunda,
837 3014 1015 3047 attamen
1051 3009 1302 3063 perennibus
1325 3011 1380 3050 ri-

144 3065 202 3104 vis
226 3065 379 3119 irrigua
406 3067 650 3121 pascuisque
671 3067 847 3117 idonea,
872 3084 896 3110 a
921 3069 1094 3110 meridie
1120 3073 1279 3123 Magna
1300 3071 1377 3113 loci

145 3141 271 3182 usque
305 3127 357 3168 ad
383 3128 546 3169 Moilalz
580 3130 727 3171 urbem
762 3131 955 3186 pertinet.
990 3133 1208 3172 Exstantes
1243 3132 1380 3176 adhuc

142 3191 292 3243 passim
314 3191 445 3231 ruinae
470 3189 543 3247 (in
569 3192 635 3232 via
656 3207 748 3247 quae
773 3207 797 3233 a
823 3195 958 3235 Leuce
978 3209 1096 3235 come
1115 3196 1279 3235 Petram
1301 3195 1379 3237 du-

142 3251 320 3308 cebatP)
353 3254 531 3308 priscam
554 3264 732 3309 arguunt
753 3255 956 3297 culturam
989 3256 1055 3313 (v.
1080 3258 1226 3298 Ritter.
1248 3260 1376 3311 XIII,

143 3327 186 3366 p.
210 3315 306 3367 293.
327 3315 422 3356 326.
449 3318 530 3365 284
555 3331 646 3371 sqq.
665 3316 697 3374 ).
718 3319 768 3358 In
790 3317 929 3359 medio
952 3318 1034 3360 hoc
1064 3327 1200 3361 tractu
1221 3322 1299 3363 sita
1319 3332 1380 3364 est

144 3372 350 3423 Ain-une,
385 3391 515 3433 prope
554 3392 678 3433 quam
714 3381 827 3420 sinus
861 3389 922 3422 est
963 3381 1223 3437 profundus,
1262 3384 1378 3440 cujus

145 3435 167 3486 S
187 3448 239 3487 90
256 3435 303 3476 fit
322 3440 491 3480 mentio.
514 3441 859 3495 Bythemanenses
881 3444 1007 3497 igitur
1023 3446 1191 3486 nonnisi
1210 3461 1257 3488 ea
1286 3462 1378 3502 quae

146 3498 336 3550 proxima
357 3500 543 3554 adjacent
568 3504 673 3543 ostio
689 3505 802 3544 sinus
826 3505 1046 3557 AElanitici,
1069 3507 1326 3551 obtinebant.
1356 3512 1371 3565 Η

143 3583 199 3589 —
231 3575 271 3612 9.
307 3560 700 3620 εὖκληρήμασιν]
738 3566 976 3622 ἐγκλήμασιν
1009 3577 1050 3608 et
1078 3569 1229 3611 deinde
1258 3587 1377 3627 παρα·

143 3621 321 3661 πλέκεται
347 3625 431 3663 ΑΒ.
465 3626 482 3675 ΙΙ
509 3649 565 3656 -—
584 3628 635 3666 In
664 3629 929 3683 sequentibus
962 3631 1251 3673 Artemidorus
1282 3644 1376 3689 post

145 3693 414 3726 memoratam
447 3685 676 3730 belluarum
696 3692 858 3744 copiam
878 3690 996 3732 addit
1027 3692 1116 3734 haec
1139 3706 1148 3734 :
1187 3695 1375 3751 Παράκει-

142 3759 204 3784 ται
239 3745 279 3786 δὲ
301 3748 415 3797 νῆσος
443 3747 661 3803 καλουμένη
690 3750 801 3802 Δία,
839 3766 930 3806 quae
951 3754 1118 3795 nonnisi
1155 3755 1207 3797 de
1227 3772 1377 3813 magna

142 3807 273 3847 insula
300 3807 427 3849 Tiran
449 3810 533 3850 sive
559 3814 693 3864 Tyr-an
723 3813 892 3867 intelligi
910 3824 1097 3869 possunt.
1118 3819 1291 3860 Portum
1309 3821 1376 3862 illa

141 3869 268 3919 habet
298 3884 463 3912 accessu
493 3870 702 3913 difficilem
742 3874 814 3915 sed
845 3876 1121 3929 tutissimum;
1155 3874 1295 3922 rui'nas
1331 3883 1374 3922 in

141 3931 273 3972 insula
297 3946 382 3973 esse
411 3934 567 3989 accepit
583 3934 776 3990 Moresby
802 3934 969 3992 ejusque
991 3940 1091 3980 socii
1117 3939 1188 3996 (ν.
1209 3945 1375 3984 Procee-

138 3992 264 4046 dings
287 3995 341 4048 os
368 3995 432 4035 tlze
466 3996 645 4050 Bombay
663 4011 797 4050 geogr.
829 4012 913 4040 soc.
957 4001 1077 4056 1837.
1115 4004 1208 4044 Jan.
1232 4018 1275 4059 p.
1303 4006 1371 4060 37.

1088 184 1165 228 DE
1200 183 1357 228 MARI
1391 185 1593 231 ERYTH
1603 188 1760 233 RAEO.

1433 1144 1674 1199 elotumque
1702 1146 1780 1185 viri
1811 1145 2070 1200 longitudine
2106 1148 2269 1202 copiose
2301 1149 2508 1203 producit.

2603 210 2688 249 179

1523 288 1591 339 89.
1613 289 1711 327 Post
1730 288 1951 329 Laeanitcm
1984 287 2058 343 (ut
2080 299 2226 330 vocant
2246 291 2258 345 )
2292 294 2443 343 sinum,
2477 310 2598 349 quem
2617 302 2692 340 cir-

1463 348 1747 389 cumhabitant
1784 348 1797 404 (
1828 349 2056 403 Nabataei)
2098 351 2267 400 Arabes,
2305 356 2690 408 Bythemanensium

1464 416 1570 450 terra
1600 411 1779 460 exsistit,
1818 411 1996 465 spatiosa
2016 419 2057 451 et
2091 411 2237 466 plana,
2281 422 2446 468 totaque
2474 417 2625 472 irrigua
2653 431 2693 462 et

1463 469 1686 523 profunda.
1746 473 1946 514 Gramine
1963 480 2125 513 tantum
2143 482 2183 513 et
2201 474 2360 516 medica
2377 485 2498 531 atque
2518 479 2617 530 loto,
2644 483 2695 523 ad

1465 532 1542 571 viri
1578 541 1776 574 staturam
1799 543 2050 589 assurgente,
2079 536 2214 576 omnis
2240 538 2276 576 ci
2299 536 2456 579 fructus
2484 539 2691 595 definitur,

1464 607 1541 633 nec
1568 603 1766 648 praeterea
1783 597 2007 651 quicquam
2040 597 2299 650 agricolatur.
2358 599 2540 656 Ideoque
2561 604 2696 646 multae

1462 655 1506 694 in
1527 669 1574 696 ea
1597 657 1740 697 cameli
1774 666 1964 711 agrestes,
2000 658 2138 699 multae
2169 675 2384 702 cervorum
2407 671 2448 703 et
2469 662 2697 706 dorcadum

1463 726 1649 769 catervae,
1675 719 1795 760 multi
1826 721 1949 760 etiam
1971 721 2111 760 ovium
2145 736 2298 776 greges,
2323 733 2363 764 et
2385 725 2544 767 infinita
2566 728 2697 768 mulo-

1463 794 1560 820 rum
1590 789 1713 836 atque
1737 781 1867 822 boum
1896 791 2096 824 armenta.
2156 786 2229 824 His
2264 795 2399 827 autem
2422 790 2543 828 sortis
2569 789 2696 829 beatae

1462 843 1693 885 commodis
1715 844 1991 885 infortunium
2018 846 2098 886 hoc
2118 861 2326 889 annexum
2348 858 2408 891 cst
2422 881 2433 901 ,
2464 859 2511 891 ut
2531 851 2697 892 leonum

1520 971 1588 1024 89.
1625 973 1723 1012 Post
1760 971 1847 1011 haec
1873 971 2028 1025 irrigua
2058 971 2245 1026 quaedam
2279 974 2465 1028 planities
2494 977 2695 1030 sequitur,

1461 1069 1552 1110 quae
1579 1064 1751 1111 propter
1773 1056 1952 1098 fontium
1972 1057 2202 1098 ubertatem
2234 1061 2411 1112 agrostin
2434 1068 2475 1101 et
2497 1060 2697 1102 medicam

2585 1152 2695 1192 Tum

1458 1224 1513 1264 ob
1527 1239 1776 1279 pascuorum
1805 1226 2079 1281 frequentiam
2111 1241 2158 1267 ac
2178 1227 2404 1270 bonitatem
2426 1245 2511 1271 non
2536 1239 2697 1272 tantum

1458 1312 1620 1353 infinita
1651 1327 1850 1367 pecorum
1883 1314 2018 1354 omnis
2050 1315 2208 1368 generis
2241 1317 2403 1369 agmina
2431 1317 2526 1368 alit,
2553 1332 2697 1359 verum

1458 1399 1633 1441 camelos
1652 1412 1818 1453 quoque
1836 1407 2013 1453 agrestes
2029 1414 2253 1456 cervosque
2275 1409 2315 1441 et
2333 1401 2546 1443 dorcadas.
2581 1406 2696 1456 Quo-

1457 1500 1552 1526 rum
1586 1484 1838 1530 abundantia
1863 1501 1914 1526 ex
1948 1485 2119 1527 desertis
2152 1487 2298 1528 invitat
2318 1488 2476 1540 leones,
2513 1489 2630 1543 lupos
2659 1497 2699 1528 et

1455 1572 1662 1628 pardales,
1685 1586 1781 1613 cum
1798 1572 1949 1627 quibus
1967 1587 2045 1628 pro
2067 1573 2193 1614 tutela
2214 1583 2497 1615 armentorum
2515 1583 2698 1630 pastores

1456 1659 1543 1699 dies
1568 1673 1615 1699 ac
1648 1666 1789 1698 noctes
1819 1657 2028 1697 decertare
2051 1666 2270 1711 coguntur.
2337 1661 2402 1700 Sic
2438 1661 2615 1714 regionis
2642 1659 2699 1698 se-

1454 1819 1601 1858 Ritter.
1633 1819 1758 1866 XIII,
1781 1830 1824 1870 p.
1861 1817 1939 1855 223
1959 1815 1991 1871 ).
2016 1817 2171 1856 Montis
2202 1816 2259 1857 ibi
2282 1825 2422 1858 vertex
2445 1820 2549 1861 1500
2571 1819 2696 1873 pedes

1455 1881 1575 1930 altus,
1601 1894 1651 1920 ex
1678 1894 1761 1933 quo
1785 1880 1827 1918 in
1851 1879 2046 1918 intimum
2079 1879 2217 1919 sinum
2247 1879 2510 1920 AElaniticum
2534 1882 2695 1935 prospi—

1456 1958 1548 1984 cere
1570 1943 1722 1983 licebit.
1759 1942 1825 1983 Ab
1855 1941 2007 1982 Akaba
2038 1956 2071 1981 s.
2107 1942 2250 1982 AElana
2281 1942 2384 1982 urbe
2418 1942 2549 1983 insula
2575 1942 2697 1984 distat

1454 2004 1584 2047 'stadia
1619 2005 1745 2045 mille.
1770 2004 1893 2045 Unde
1926 2004 2055 2059 liquet
2083 2003 2258 2045 eandem
2291 2003 2374 2045 dici
2412 2003 2645 2057 Ἰωτάὸην
2673 2021 2696 2047 a

1456 2068 1661 2122 Procopio
1688 2067 1788 2108 Bell.
1810 2069 1923 2108 Pers.
1945 2069 1982 2117 I,
2009 2080 2056 2120 19
2080 2080 2123 2121 p.
2150 2082 2202 2120 99
2234 2065 2301 2107 ed.
2325 2068 2459 2107 Bonn.
2490 2079 2500 2106 ;
2523 2066 2596 2106 Καὶ
2625 2069 2693 2108 πό-

1454 2129 1514 2178 λις
1539 2130 1657 2178 Λίλὰς
1687 2130 1904 2185 καλουμένη
1938 2129 2031 2184 πρὸς
2067 2133 2115 2185 τῇ
2147 2129 2283 2181 ταύτης
2324 2127 2411 2184 ᾐόνι
2444 2128 2561 2180 ἐστὶν,
2603 2129 2692 2170 ἔνθα

1453 2191 1690 2243 ἣθάλασσα,
1713 2195 1839 2247 ὥσπερ
1873 2207 1939 2247 μοι
1968 2190 2131 2246 εἴρηται,
2156 2191 2407 2246 ἀπολήγουσα
2441 2193 2610 2247 πορθμός
2640 2208 2694 2240 τις

1456 2247 1491 2302 ἔς
1530 2255 1628 2311 ἄγαν
1654 2256 1783 2303 στενὸς
1815 2255 1984 2311 γίνεται,
2006 2256 2072 2295 καὶ
2101 2253 2215 2295 αὐτὸν
2253 2253 2400 2295 ἐνθένδε
2432 2254 2629 2296 ἐσπλέοντι
2654 2256 2692 2296 ἐν

1454 2316 1558 2372 δεξιᾷ
1580 2318 1646 2373 μὲν
1671 2319 1739 2374 ὅρη
1771 2318 1819 2359 τὰ
1847 2317 2064 2373 Αἰγυπτίων
2098 2317 2190 2372 πρὸς
2213 2318 2324 2358 νότον
2354 2317 2495 2371 ἄνεμον
2530 2332 2693 2372 τετραμ·

1456 2380 1550 2433 μένα
1583 2380 1700 2431 ἐστὶν,
1738 2380 1800 2421 ἐπὶ
1834 2381 1972 2435 θάτερα
2006 2379 2046 2420 δὲ
2067 2381 2179 2434 χώρα
2213 2379 2354 2434 ἔρημος
2388 2378 2596 2434 ἀνθρώπων
2632 2380 2694 2421 ἐπὶ

1454 2441 1638 2482 πλεῖστον
1674 2442 1796 2494 διήκει
1818 2442 1910 2497 πρὸς
1948 2443 2087 2497 βορρᾶν
2126 2441 2285 2496 ἄνεμον,
2311 2441 2336 2492 ἥ
2359 2456 2400 2481 τε
2436 2444 2487 2497 γῆ
2521 2442 2614 2494 αὕτη
2637 2447 2693 2499 τῷ

1455 2502 1654 2545 ἐσπλέοντι
1675 2504 1905 2559 ἑκατέρωθεν
1933 2502 2050 2559 ὁρατὴ
2070 2504 2233 2558 γίνεται,
2258 2504 2369 2558 μέχρι
2390 2502 2425 2550 ἐς
2443 2502 2513 2555 τὴν
2539 2503 2692 2545 Ἰωτά-

1454 2565 1508 2618 ὃη
1522 2582 1541 2606 ν
1563 2566 1804 2622 καλουμένην
1829 2569 1964 2618 νῆσον,
1986 2564 2087 2606 Αἰλᾶ
2108 2565 2257 2613 πόλεως
2278 2565 2452 2613 σταδίους
2474 2565 2548 2620 οὐχ
2570 2561 2690 2617 ἧσσον

1453 2628 1475 2679 ἢ
1505 2628 1656 2682 χιλίους
1691 2630 1911 2684 διέχουσαν.
1951 2628 2077 2668 ’Ένθα
2102 2626 2279 2683 Ἕὸραῖοι
2315 2626 2523 2683 αὐτόνομοι
2549 2627 2615 2682 μὲν
2650 2627 2692 2670 ἐκ

1453 2691 1619 2732 παλαιοῦ
1642 2692 1818 2748 ᾤκηντο,
1845 2691 1907 2733 ἐπὶ
1928 2691 2064 2732 τούτου
2091 2690 2132 2731 δὲ
2164 2689 2438 2731 Ἰουστινιανοῖό
2470 2691 2693 2745 βασιλεύον-

1454 2769 1518 2801 τος
1550 2754 1733 2806 κατήκοοι
1768 2752 1973 2810 Ῥωμαίων
1999 2754 2243 2809 γεγένηνται.
2282 2752 2459 2808 Πέλαγος
2495 2752 2536 2793 δὲ
2562 2753 2606 2794 τὸ
2631 2754 2690 2795 ἐν-

1454 2817 1560 2858 θένθε
1587 2819 1686 2873 μέγα
1709 2816 1918 2872 ἐκδέχεται·
1940 2815 2006 2864 καὶ
2027 2818 2103 2871 γῆν
2130 2815 2195 2871 μὲν
2219 2814 2288 2867 τὴν
2313 2815 2352 2857 ἐν
2372 2814 2476 2871 δεξιᾷ
2501 2816 2538 2856 οἱ
2571 2817 2688 2873 ταύτῃ

1452 2878 1676 2928 ἐσπλέοντες
1695 2879 1819 2920 οὐκέτι
1841 2879 1996 2934 ὁρῶσιν,
2025 2877 2060 2926 ἐς
2085 2879 2216 2932 μέντοι
2238 2876 2307 2929 τὴν
2340 2877 2534 2934 εὖώνυμον
2560 2879 2691 2926 νυκτὸς

1451 2940 1510 2982 ἀεὶ
1531 2940 1796 2997 ἐπιγινομένης
1815 2941 2055 2996 ὁρμίζονται.
2082 2939 2149 2980 Ἐν
2172 2940 2298 2996 σκότῳ
2317 2939 2391 2995 γὰρ
2421 2940 2690 2981 ναυτίλλεσθαι

1451 3002 1490 3044 ἐν
1514 3004 1632 3061 ταύτῃ
1657 3002 1702 3055 δὴ
1724 3007 1772 3060 τῇ
1797 3004 1970 3061 θαλάσσῃ
1991 3002 2158 3044 ἀδύνατά
2182 3003 2299 3053 ἐστιν,
2327 3002 2407 3044 ἐπεὶ
2432 3003 2598 3058 βράχους
2620 3003 2686 3043 αὔ-

1449 3065 1519 3118 τὴν
1542 3067 1721 3123 ἔμπλεων
1744 3066 1805 3108 ἐπὶ
1826 3067 2010 3108 πλεῖστον
2034 3065 2229 3122 ξυμὸαίνει
2253 3064 2376 3106 εἶναι·
2401 3064 2514 3120 ὅρμοι
2533 3066 2572 3105 δέ
2595 3064 2687 3105 εἰσιν

1450 3128 1613 3171 ἐνταῦθα
1637 3129 1780 3172 πολλοὶ
1813 3129 1856 3169 οὔ
1879 3129 2012 3184 χερσὶν
2034 3127 2261 3183 ἀνθρώπων,
2286 3126 2389 3166 ἀλλὰ
2411 3129 2460 3182 τῇ
2480 3127 2586 3182 φύσει
2606 3131 2682 3167 τῶν

1448 3193 1603 3248 χωρίων
1627 3193 1878 3247 πεποιημένοι
1893 3223 1903 3241 ,
1926 3190 1991 3231 καὶ
2009 3189 2073 3231 ἀπ’
2094 3189 2210 3230 αὐτοῦ
2230 3191 2311 3236 τοῖς
2345 3188 2522 3230 πλέουσιν
2544 3187 2586 3227 οὔ
2611 3204 2639 3242 χ
2642 3204 2685 3228 α·

1447 3254 1566 3297 λεπόν
1598 3254 1699 3296 ἐστιν
1733 3255 1806 3306 ὅπη
1841 3253 2057 3309 παρατύχοι
2093 3252 2329 3307 ὁρμίζεσθαι.
2362 3251 2436 3292 His
2467 3249 2573 3291 adde
2595 3265 2686 3304 quae

1446 3319 1635 3360 Malchus
1659 3317 1758 3374 (Fr.
1781 3317 1887 3358 Hist.
1914 3324 1945 3374 t.
1967 3317 2044 3365 IV,
2066 3330 2108 3370 p.
2134 3315 2210 3356 113
2229 3316 2245 3368 >
2269 3315 2312 3354 in
2335 3314 2486 3355 Leonis
2509 3314 2683 3367 impera-

1446 3382 1548 3422 toris
1569 3380 1740 3421 historia
1759 3380 1776 3433 (
1792 3378 1844 3419 ad
1866 3393 1933 3419 an.
1970 3378 2048 3431 473
2068 3379 2083 3432 )
2108 3385 2247 3417 narrat
2266 3389 2276 3417 z
2318 3374 2384 3416 Ἐν
2409 3375 2450 3416 δὲ
2475 3377 2557 3422 τοῖς
2587 3375 2684 3430 Πέρ-

1448 3459 1530 3491 σαις
1548 3439 1594 3495 ἦν
1614 3443 1635 3483 ὁ
1659 3441 1882 3498 Ἀμόρκεσος
1902 3443 1971 3481 τοῦ
1994 3439 2190 3480 Νοκαλίου
2209 3440 2354 3494 γένους·
2378 3438 2444 3480 καὶ
2477 3437 2553 3478 εἴτε
2572 3442 2684 3492 τιμῆς

1447 3505 1490 3546 οὖ
1512 3506 1718 3561 τυγχάνων
1741 3503 1778 3544 ἐν
1794 3507 1842 3560 τῇ
1856 3503 2011 3557 Περσίδι
2027 3502 2117 3558 γῇῆ
2135 3501 2266 3550 ’ἄλλως
2288 3500 2357 3552 τὴν
2382 3500 2584 3556 Ῥωμαίων
2604 3503 2685 3554 χώ-

1447 3582 1514 3623 ραν
1552 3568 1692 3623 βελτίω
1726 3566 1950 3620 νενομικὼς,
1994 3563 2161 3606 ἐκλιπὼν
2205 3562 2276 3615 τὴν
2317 3564 2484 3619 Περσίδα
2525 3563 2574 3611 εἰς
2613 3562 2682 3614 τὴν

1445 3631 1601 3686 γείτονα
1624 3630 1784 3683 Πέρσαις
1814 3627 1987 3683 Ἀραὸίαν
2010 3626 2178 3668 ἐλαύνει.
2212 3626 2424 3668 Κάντεῦθεν
2460 3627 2682 3682 ὁρμώμενος

1445 3691 1639 3747 προνομὰς
1676 3689 1843 3732 ἐποιεῖτο
1880 3690 1947 3731 καὶ
1975 3689 2166 3745 πολέμους
2194 3687 2398 3745 Ῥωμαίων
2426 3689 2491 3745 μὲν
2532 3688 2678 3736 οὐδενὶ,

1444 3756 1526 3802 τοῖς
1561 3753 1601 3794 δὲ
1638 3751 1699 3793 ἀεὶ
1726 3753 1764 3794 έν
1799 3752 1910 3794 ποσὶν
1936 3751 2216 3808 εὑρισκομένοις
2245 3752 2496 3807 Σαρακηνοῖς.
2532 3747 2679 3803 Ἀφ’ὦν

1445 3817 1510 3858 καὶ
1531 3815 1600 3867 τὴν
1629 3815 1789 3871 δύναμιν
1815 3815 1935 3863 αὔξων
1955 3816 2091 3872 προῄει
2109 3814 2207 3856 κατὰ
2236 3815 2383 3870 μικρόν.
2409 3813 2512 3853 Μίαν
2543 3811 2582 3851 δὲ
2603 3815 2679 3850 τῶν

1451 3878 1654 3934 Ῥωμαίων
1679 3880 1948 3934 παρεσπάσατο
1969 3881 2087 3930 νῆσον
2119 3876 2305 3929 Ἶωτάὸην
2327 3876 2450 3929 ὄνομα
2467 3889 2475 3897 ·
2503 3872 2576 3912 Καὶ
2592 3873 2678 3919 τους

1446 3941 1731 3996 δεκατηλόγους
1754 3941 1929 3982 ἐκδαλὼν
1953 3945 2029 3982 τῶν
2055 3938 2257 3995 Ῥωμαίων
2282 3937 2391 3983 αὐτὸς
2410 3935 2501 3990 ἔσχε
2522 3933 2592 3985 τὴν
2617 3938 2680 3987 νῆ-

1444 4019 1527 4055 σον,
1551 4003 1616 4044 καὶ
1643 4003 1691 4045 τὰ
1720 4003 1811 4056 τέλη
1836 4003 1973 4055 ταύτης
1993 4001 2205 4058 λαμὸάνων
2229 3999 2439 4055 χρημάτων
2472 3995 2686 4052 εὐπόρησεν

2476 4077 2528 4107 12·
