2808 4342
916 144 1299 212 STADIASMUS
1334 145 1525 192 MARIS
1559 146 1732 193 MAGN
1743 148 1778 193 t.

124 243 206 290 Ἐκ
225 242 371 289 Ῥόδου
392 244 446 293 εἷς
463 240 613 302 Ἄγνην
633 242 791 289 στάδιοι
808 245 884 291 τν’.

128 311 205 358 Ἐκ
227 310 372 358 Ῥόδου
400 312 453 361 εἷς
475 310 622 357 Κνίδον
645 311 802 358 στάδιοι
821 312 903 375 ψν’.

126 379 204 425 Ἐκ
227 378 372 424 Ῥόδου
397 380 450 430 εἷς
471 378 646 442 Νίσυρον
669 381 825 426 στάδιοι
843 382 932 428 ωκ’.

123 446 203 493 Ἐκ
226 445 373 493 Ῥόδου
400 450 454 500 εἷς
473 450 610 504 Τῆλον
635 450 794 496 στάδιοι
817 451 896 512 φν’.

125 514 224 561 Ἀπὸ
247 516 526 562 Λεπατοιλέων
558 517 624 562 ἐπὶ
659 517 706 563 τὸ
732 518 944 563 Ποσείδιον
982 519 1028 563 τὸ
1073 519 1295 580 Καρπάθου

58 583 219 629 στάδιοι
242 584 322 631 υκ’.
715 603 717 605 ’

121 653 202 699 Ἐκ
223 652 369 700 Ῥόδου
394 657 449 706 εἷς
472 654 642 710 τὴν-Κῶ
660 654 816 700 στάδιοι
840 655 925 702 (ον’.

121 722 201 768 Ἐκ
224 721 371 769 Ῥόδου
392 725 446 779 εἷς
470 723 545 778 τὴν
563 722 665 769 Χίον
683 723 838 768 στάδιοι
865 742 915 785 [γ.

120 791 200 838 Ἐκ
224 790 368 837 Ῥόδου
389 794 444 842 εἷς
462 791 630 838 Μύνδον
657 792 813 837 στάδιοι
834 812 871 854 ,οι

123 859 202 906 Ἐκ
226 858 371 905 Ῥόδου
397 861 451 910 εἷς
471 859 614 919 Σάμον
631 860 787 906 στάδιοι
808 863 913 923 lotos.

119 928 199 974 Ἐκ
223 927 365 974 Ῥόδου
389 930 444 979 εἷς
466 928 638 974 Τένεδον
662 929 819 974 στάδιοι
846 932 940 992 Ιγψᾝ

0 1048 3 1056 y
117 1013 192 1044 273.
229 996 386 1057 [”Εστι
422 996 463 1042 δὲ
488 998 567 1042 ἀπὸ
602 998 746 1044 Ῥόδου
783 1002 840 1050 εἷς
873 1001 918 1045 τὸ
957 1000 1186 1046 Σκύλλαιον
1221 1006 1294 1056 τῆς

0 1060 3 1090 j
54 1066 285 1128 Ἀργολίδος
309 1066 447 1111 πλέειν
472 1067 540 1111 ἐπὶ
573 1069 646 1122 τὴν
672 1067 786 1112 δύσιν
821 1073 889 1114 τοῦ
921 1068 1040 1123 ἡλίου
1063 1069 1291 1131 οὐριώτατα

55 1135 271 1196 ἀπηλιώτῃ
295 1135 472 1185 σταδίοις
488 1136 765 1196 ἱ*”·1··1ι·λεύσεις
788 1136 830 1182 δὲ
850 1137 955 1198 ἔχων
979 1140 1024 1182 ἐκ
1043 1140 1122 1182 τῶν
1143 1140 1289 1183 εὐωνύ-

0 1216 32 1265 15
54 1223 142 1264 μων
165 1205 312 1261 νήσους
339 1203 479 1266 [τὴν]
506 1205 686 1266 Νίσυρον
706 1206 775 1251 καὶ
802 1206 875 1261 τὴν
897 1206 1193 1252 Ἀστυπάλειαν
1210 1244 1223 1268 ,
1246 1210 1290 1252 ἐκ

2 1303 3 1306 =
55 1273 96 1318 δὲ
117 1277 198 1319 τῶν
219 1274 358 1327 δεξιῶν
373 1272 446 1328 τὴν
470 1276 544 1319 Κῶ
560 1274 630 1319 καὶ
646 1273 719 1329 τὴν
741 1273 871 1336 Λέρον
895 1275 993 1330 [καὶ
1013 1274 1085 1329 τὴν
1110 1274 1289 1337 Κίναραν

51 1341 123 1386 καὶ
140 1341 214 1396 τὴν
238 1341 433 1403 Ἀμοργὸν
447 1377 459 1401 ,
482 1341 552 1386 καὶ
574 1342 762 1394 πλεύσεις
782 1343 848 1388 ἐπὶ
872 1343 945 1398 τὴν
963 1342 1170 1389 Δόνουσαν
1194 1362 1289 1389 στοι-

0 1404 2 1422 ³
53 1409 159 1461 δίους
176 1428 196 1454 ν
212 1411 234 1434 *
252 1411 284 1471 ]·
309 1411 355 1455 τὸ
373 1409 513 1454 λοιπὸν
535 1410 615 1455 ἀπὸ
631 1415 701 1466 τ’ῆς
717 1410 920 1466 Δονούσης
937 1411 1040 1456 λαὸὲ
1066 1411 1292 1468 εὐωνύμους

3 1527 11 1533 ,1
52 1479 122 1533 καὶ
144 1479 226 1525 Ἰὸν
251 1479 321 1524 καὶ
349 1481 513 1524 Σίκινον
535 1480 605 1524 καὶ
626 1480 699 1534 τὴν
721 1480 871 1543 Σίφνον
890 1482 901 1542 (
921 1480 991 1525 καὶ
1018 1479 1091 1536 τὴν
1112 1480 1286 1542 Θήραν)

0 1551 32 1599 [1⁰
52 1547 122 1594 καὶ
143 1547 218 1604 τὴν
242 1548 415 1610 Σέριφον
435 1547 505 1592 καὶ
530 1548 602 1604 τὴν
625 1548 803 1605 Κύθνον,
825 1549 911 1594 ὅθεν
933 1552 1076 1610 δρᾶται
1097 1549 1140 1594 τὸ
1154 1549 1290 1594 Σκύλ-

0 1634 10 1646 ”
51 1619 183 1664 λαιον.

21 531 42 560 ὅ

0 875 35 915 10

47 1776 179 1818 stadia
198 1777 302 1826 230,
324 1776 376 1816 ad
398 1778 605 1830 Physcum
621 1780 716 1818 280.
746 1778 760 1828 Η
782 1800 838 1805 -
855 1776 894 1815 Ἄ
910 1792 935 1828 γ
949 1791 1000 1827 νη
1013 1792 1031 1815 ν
1049 1778 1063 1830 ]
1090 1779 1150 1816 De
1171 1779 1290 1829 Agne

0 1840 20 1884 ξε
47 1838 296 1881 continentis
333 1837 424 1877 loco
458 1839 564 1877 inter
584 1837 792 1890 Physcum
824 1845 864 1876 et
890 1837 1071 1876 Cnidum
1099 1838 1176 1877 sito
1206 1853 1291 1878 non

46 1908 223 1940 wconstat
242 1899 514 1940 Probabiliter
527 1898 806 1939 Hoffmannus
820 1900 996 1939 statuitE
968 1900 1098 1955 ύμην
1115 1889 1289 1940 10501301

0 1966 8 2015 ζ
51 1961 242 2011 indicari,
261 1962 345 2001 sive
371 1962 478 2002 hoc
467 1974 605 2016 ipsum
624 1975 777 2002 nomen
792 1959 1079 2015 reponendum
1104 1970 1179 2012 est,
1210 1963 1302 2002 sive

51 2024 316 2064 selibendum
343 2022 511 2078 Δι’γλην.
538 2024 771 2073 Nimirum,
800 2024 1007 2078 Stephano
1029 2033 1146 2073 teste,
1171 2026 1223 2078 S3
1229 2040 1265 2064 0
1271 2040 1293 2064 e

0 2075 30 2172 ξ’
48 2087 383 2140 1115013πρότερον
413 2085 479 2141 μὲν
505 2086 721 2127 ἓκαλεῖτοΙ
714 2086 773 2126 Με
759 2101 921 2126 εταποντ
928 2102 970 2135 ις,
1002 2102 1035 2126 ει
1042 2102 1087 2126 τα
1109 2084 1233 2140 Αιγλ
1243 2103 1287 2137 η.

7 2147 116 2190 Ad
139 2162 227 2188 eam
244 2148 420 2189 insulam
441 2162 584 2202 reapse
604 2156 701 2187 sunt
723 2147 852 2188 stadia
880 2162 975 2189 200.
1009 2150 1023 2201 Η
1045 2173 1101 2178 ——
1120 2148 1188 2202 ψν’
1203 2150 1216 2203 ]
1240 2149 1292 2188 ad

7 2210 230 2262 ζ,(.’01(11101
249 2219 345 2251 sunt
371 2209 779 2259 4508011110οἀοω
813 2210 876 2249 vel
899 2225 941 2249 υν
950 2209 1037 2249 ’νο1
1059 2211 1196 2264 potius
1215 2210 1274 2250 u7.'

6 2274 186 2316 .Ν301’
176 2289 218 2313 10
250 2288 340 2327 sqq.
379 2288 402 2313 a
427 2272 563 2313 Cnido
602 2272 653 2311 ad
677 2271 882 2326 M3ndum
917 2281 1191 2312 numerantm
1216 2282 1293 2313 sta-

3 2336 24 2362 Τ
45 2335 117 2375 dia
141 2335 221 2377 580
248 2335 259 2388 (
283 2338 360 2381 180
380 2336 692 2386 -1-180-1-220),
719 2348 742 2373 3
767 2333 917 2374 Rhodo
943 2343 1078 2374 autem
1098 2334 1150 2374 ad
1171 2337 1292 2389 Myn-

49 2395 152 2437 dum
188 2397 318 2437 stadia
353 2395 458 2438 1000
486 2409 494 2436 :
536 2397 662 2449 igitur
695 2410 718 2435 a
741 2395 891 2436 Rhodo
918 2395 970 2436 ad
993 2396 1172 2436 Cnidum
1196 2407 1294 2439 sunt

20 2459 153 2505 ’.5ῑ3ἀ.
185 2463 281 2508 420.
315 2459 666 2514 ΙΙ-Νίσυρον]
693 2458 871 2514 Νήσυρον
890 2458 1003 2508 cod.;
1032 2474 1112 2499 em.
1136 2460 1240 2502 Gail.
1272 2462 1286 2514 ΙΙ

50 2522 231 2577 -ωκ’]
256 2521 350 2563 deb.
407 2535 474 2562 20.
505 2522 599 2574 11-
630 2522 821 2576 Τῆλον]
845 2520 962 2560 Τίλον
983 2520 1095 2570 cod.;
1126 2535 1206 2562 em.
1235 2523 1287 2564 G.

7 2632 13 2636 J
66 2584 81 2638 ΙΙ
104 2608 157 2614 —-
175 2582 247 2638 φν’
266 2586 280 2635 ]
309 2582 404 2623 deb.
438 2586 534 2631 400.
559 2582 696 2636 Major
714 2584 837 2623 etiam
866 2596 983 2622 error
1005 2582 1290 2635 Agathemeri,

58 2648 131 2700 qui
154 2661 176 2686 a
207 2647 414 2687 Thoantio
451 2645 589 2686 Rhodi
625 2660 762 2700 prom.
789 2647 921 2700 (Cap.
955 2649 994 2685 S.
1033 2648 1210 2698 Georgo)
1241 2647 1294 2687 ad

29 2737 34 2742 -
59 2709 205 2750 Telum
225 2724 310 2749 esse
332 2710 390 2749 ait
413 2708 542 2749 stadia
566 2708 669 2758 560,
692 2723 820 2762 quum
854 2710 934 2747 sint
962 2708 1123 2747 circiter
1145 2709 1238 2749 330.
1273 2710 1287 2761 ΙΙ

54 2794 110 2802 —
129 2770 221 2812 ἀπὸ
251 2771 571 2812 Λεπαταλέων
594 2771 611 2825 ]
636 2773 797 2810 Nomen
825 2770 987 2810 aliunde
1012 2784 1094 2809 non
1129 2779 1289 2811 notum.

15 2833 166 2873 ‘²‹F·01t.
206 2834 282 2886 leg.
326 2833 499 2873 Λεπτοιλε
484 2848 569 2875 εων
612 2833 799 2885 Intelligo
830 2841 994 2872 tenuem
1020 2832 1057 2871 δι’)
1056 2847 1136 2871 ,οαν
1163 2834 1288 2887 (Cap.

7 2895 319 2959 3‘.Prasoni5i),
361 2909 452 2949 quae
474 2896 531 2934 10
566 2894 827 2935 meridionali
862 2894 998 2934 Rhodi
1036 2895 1292 2934 exuemitate

12 2955 34 2984 ὗ
26 2971 191 3003 versus
214 2959 294 2998 Cal
297 2954 468 3012 pathum
495 2958 672 2998 insulam
696 2957 984 3012 porrigitt11.ll
1005 2980 1055 2986 ——
1069 2956 1121 2994 -K
1136 2971 1230 3010 αρ-
1219 2958 1291 2997 ,ά-

15 3000 134 3071 ,1ξοου
158 3021 172 3073 ]
198 3019 399 3073 Κάρπασον
432 3019 544 3066 00(1.;
576 3033 658 3060 em.
689 3021 741 3060 G.
767 3018 980 3059 Posidium
1000 2996 1195 3072 Calpatlii
1218 3033 1290 3072 op-

8 3078 194 3135 Jesspidum
219 3091 422 3122 memorat
444 3082 688 3122 Ptolemaeus
712 3083 766 3130 V,
805 3095 844 3131 2,
870 3095 913 3135 p.
937 3081 1030 3129 324.
1062 3081 1077 3134 ΙΙ
1104 3105 1160 3110 —
1188 3081 1287 3136 ων’]

1 3143 154 3184 Sunt
177 3143 260 3184 fere
298 3147 393 3185 600.
432 3143 626 3184 Similiter
663 3158 755 3197 quae
777 3142 829 3183 ad
864 3143 1039 3192 Chium,
1067 3141 1288 3197 Myndum,

28 3199 234 3256 Samum,
255 3205 471 3246 Tenedum
487 3207 696 3260 pertinent
714 3206 877 3246 numeri
894 3206 1016 3245 nimis
1035 3206 1187 3258 magni,
1206 3221 1290 3246 non

22 3266 187 3327 {ttamen
205 3268 389 3321 corrupti
405 3275 516 3306 sunt.
539 3267 631 3317 11-
653 3283 669 3307 ε
684 3266 719 3313 ἰς
745 3267 837 3306 Μύ
829 3268 911 3307 νδο
925 3268 974 3321 ν]
997 3269 1067 3321 WI3
1058 3266 1141 3306 ndi
1160 3269 1291 3308 ruinte.

20 3308 103 3374 Ξειά
120 3325 220 3365 hod.
248 3326 516 3366 Goumiclzlou
537 3327 680 3376 limate,
704 3342 794 3381 (10ῑο
813 3343 835 3367 3
851 3329 910 3368 Co
928 3328 1031 3368 01130
1050 3328 1202 3369 distant
1217 3338 1293 3370 sta-

28 3385 119 3426 ,(113
143 3401 245 3437 1003
263 3389 412 3429 Noster
424 3397 594 3442 exputat
617 3361 746 3429 stadia
766 3389 859 3438 150,
883 3389 1084 3443 siquidem
1104 3405 1128 3430 a
1142 3391 1290 3432 Rhodo

28 3447 105 3492 ,fr-ad
129 3450 215 3490 Con
238 3450 369 3491 stadia
392 3450 496 3501 850,
515 3450 567 3490 ad
589 3450 793 3505 Myndum
811 3450 914 3492 stad.
939 3465 1044 3492 1000
1060 3452 1197 3495 habet.

33 3516 41 3530 ”
100 3507 205 3554 273.
229 3513 424 3567 Sequitur
448 3513 630 3559 διάπλους
654 3512 715 3552 vel
745 3513 966 3567 διάφραγμα
990 3527 1012 3552 3
1035 3513 1184 3555 Rhodo
1208 3517 1285 3556 ins.

16 3572 105 3629 ‘aad
126 3574 339 3629 Scyllaeum
370 3575 384 3632 (
406 3579 514 3630 Kryo
550 3574 682 3628 Neri)
709 3574 914 3627 Argolidis
940 3579 1286 3628 promontorium.

35 3677 38 3680 Α
55 3636 254 3677 Lacerum
275 3653 361 3678 esse
379 3647 504 3696 patet.
525 3639 663 3679 Prima
681 3637 804 3677 verba
824 3638 939 3676 uncis
960 3638 1113 3678 inclusa
1135 3640 1289 3693 praefixi

41 3696 108 3737 ad
129 3699 440 3740 similitudinem
464 3715 607 3740 eorum
627 3713 716 3753 quae
736 3698 927 3751 leguntur
945 3701 967 3750 ξ
986 3702 1081 3740 280.
1107 3701 1121 3753 Η
1144 3724 1198 3730 —-
1215 3702 1291 3741 καὶ

57 3755 143 3808 τὴν
168 3758 391 3815 Ἀμοργὸν
414 3761 502 3802 κτλ.
521 3762 535 3815 ]
561 3760 701 3801 Codex
721 3760 799 3799 ita:
824 3759 888 3799 καὶ
906 3757 975 3809 τὴν
999 3759 1206 3815 Ἄμουργδν
1227 3763 1291 3802 καὶ

14 3843 39 3856 μ
63 3816 138 3860 Ἰὸν
159 3821 223 3861 καὶ
237 3822 388 3863 Σίκινον
409 3823 474 3863 καὶ
496 3822 565 3873 τὴν
582 3822 732 3875 Δάφνην
747 3821 810 3861 καὶ
827 3819 895 3871 τὴν
913 3821 1038 3875 Δήράν
1059 3822 1122 3861 καὶ
1136 3821 1204 3874 τὴν
1221 3824 1288 3864 Σέ-

23 3886 163 3940 ,ᾗριφον
187 3884 252 3924 καὶ
281 3883 349 3936 τὴν
379 3886 543 3926 Κύδνον·
571 3885 615 3925 τὸ
642 3883 778 3924 λοιπὸν
810 3883 870 3924 ἐπὶ
892 3886 958 3934 τῆς
984 3884 1174 3936 Δονούσης
1195 3886 1289 3926 λοιδὲ

20 3941 269 4076 ἰρὖνυμον,
281 3947 367 3987 ὅθεν
377 3947 511 4003 ὁρᾶται
520 3947 562 3988 τὸ
573 3945 803 3986 Σκύλλαιον.
821 3946 917 3986 Haec
930 3946 987 3986 sic
999 3960 1120 3987 sensu
1132 3957 1284 3990 carent.

226 4028 359 4058 cnocu.
385 4028 412 4056 1.

1320 2699 1331 2721 Ι

2516 161 2607 199 497

1427 257 1461 297 Α
1483 254 1632 296 Rhodo
1653 255 1706 296 ad
1723 258 1869 310 Agnen
1889 256 2115 312 (AEglen:³)
2137 258 2267 299 stadia
2291 258 2387 302 350.

1423 324 1456 363 A
1482 322 1631 363 Rhodo
1650 322 1702 364 ad
1721 323 1900 364 Cnidum
1921 324 2051 365 stadia
2081 324 2175 378 750.

1423 391 1460 430 A
1486 388 1635 430 Rhodo
1656 389 1707 430 ad
1730 391 1924 445 Nisyrum
1945 391 2075 432 stadia
2098 397 2202 440 820,-

1423 459 1461 498 Α
1479 457 1629 498 Rhodo
1647 458 1700 499 ad
1721 459 1867 499 Telum
1890 459 2018 500 stadia
2044 460 2139 502 550.
2172 491 2175 494 -

1422 526 1460 564 Α
1489 525 1713 579 Lepataleis
1747 526 1880 566 Rhodi
1912 526 1964 567 ad
1993 527 2206 568 Posidium
2243 528 2436 584 Carpathi
2465 529 2607 570 insulae

1366 590 1495 631 stadia
1514 594 1610 639 420.

1421 662 1458 700 A
1480 659 1628 700 Rhodo
1650 659 1703 700 ad
1723 660 1812 702 Con
1835 662 1964 703 stadia
1989 663 2084 704 850.

1421 730 1458 768 A
1482 727 1632 768 Rhodo
1656 728 1707 768 ad
1724 730 1875 770 Chium
1891 731 2020 772 stadIa
2040 719 2160 774 3000.

1421 798 1458 836 A
1484 795 1633 836 Rhodo
1655 796 1707 836 ad
1728 797 1932 852 Myndum
1960 798 2090 839 stadia
2111 813 2228 841 1000.

1421 866 1458 904 A
1481 863 1630 904 Rhodo
1649 864 1701 904 ad
1723 866 1891 905 Samum
1915 866 2044 906 stadia
2063 869 2183 908 1800.

1420 935 1454 973 A
1479 932 1628 973 Rhodo
1648 932 1699 973 ad
1714 933 1928 974 Tenedum
1947 934 2075 975 stadia
2096 936 2219 989 3700.

1420 1000 1515 1053 273.
1553 1001 1623 1054 [A
1651 1000 1790 1041 Rhodo
1821 1001 2047 1052 navigatur
2072 1002 2129 1042 ad
2159 1002 2368 1056 Scyllaeum
2386 1003 2603 1055 Argolidas

1359 1078 1689 1133 promontorium
1734 1094 1877 1120 versus
1913 1095 2100 1121 occasum
2140 1081 2242 1122 solis
2279 1083 2449 1138 zephyro
2481 1092 2602 1123 vento

1349 1157 1620 1210 faustissime
1641 1158 1795 1199 stadiis
1809 1161 1842 1199 ’ἢ
1861 1161 1876 1213 ]
1900 1160 2117 1213 Navigabis
2136 1169 2270 1200 autem
2291 1175 2314 1201 a
2343 1161 2506 1202 sinistra
2527 1162 2600 1202 ha-

1360 1237 1461 1276 bens
1485 1238 1634 1277 insulas
1656 1239 1851 1292 Nisyrum
1886 1247 1927 1278 et
1959 1239 2248 1293 Astypalaeam,
2286 1255 2309 1280 a
2345 1239 2489 1281 dextra
2510 1241 2600 1282 Con

1361 1325 1402 1356 et
1424 1319 1575 1357 Lerum
1602 1320 1669 1369 [et
1694 1317 1884 1357 Cinaram
1915 1327 1955 1357 ct
1988 1321 2212 1369 Amorgum
2237 1328 2358 1373 atque
2379 1320 2600 1371 navigabis

1362 1392 1421 1431 acl
1439 1396 1650 1432 Donusam
1671 1392 1841 1433 stadia*
1863 1394 1904 1448 ];
1942 1401 2035 1447 post
2069 1394 2156 1434 haec
2187 1408 2210 1433 a
2247 1396 2416 1434 Donusa
2437 1395 2493 1434 ita
2524 1409 2598 1435 na-

1364 1470 1455 1522 viga
1486 1477 1532 1508 ut
1568 1468 1620 1509 ad
1649 1470 1853 1509 sinistram
1878 1469 2027 1509 habeas
2056 1471 2151 1509 Ium
2175 1478 2215 1510 et
2246 1471 2430 1510 Sicinum
2466 1479 2507 1511 et
2537 1472 2599 1511 Si-

1361 1545 1522 1597 phnum
1548 1553 1588 1584 et
1620 1545 1838 1599 Seriphum
1873 1553 1914 1584 et
1935 1545 2170 1598 Cythnum,
2202 1545 2314 1585 unde
2346 1547 2599 1600 conspicitur

1364 1620 1590 1674 Scyllaeum.

1364 1778 1430 1817 Ad
1446 1778 1809 1831 redintegrandum
1832 1779 1967 1818 locum
1993 1779 2227 1819 adhibenda
2251 1783 2379 1833 quae§
2401 1783 2481 1821 280
2506 1791 2599 1835 post

1365 1839 1488 1880 verba
1504 1841 1568 1879 καὶ
1583 1838 1652 1890 τὴν
1671 1840 1828 1893 Πάτμον
1847 1841 1983 1894 inepte
2000 1841 2239 1894 legebantur
2253 1841 2387 1881 haecce
2410 1855 2419 1881 t
2445 1842 2509 1881 καὶ
2527 1842 2597 1895 τὴν

1366 1900 1529 1955 Κίναραν
1548 1901 1613 1941 καὶ
1630 1899 1698 1951 τὴν
1725 1900 1931 1955 Ἀμουργόν
1945 1917 1953 1924 ’
1974 1901 2038 1941 καὶ
2053 1901 2226 1949 πλεύσεις
2249 1902 2310 1943 ἐπὶ
2328 1905 2394 1954 τῆς
2409 1903 2600 1956 Δονούσης

1364 1963 1473 2003 σταδ.
1486 1963 1518 2002 ν’
1538 1962 1752 2017 εὖωνύμως.
1772 1964 1881 2002 Η100
1895 1964 2079 2017 supplevi
2096 1964 2255 2003 uncinis
2273 1964 2462 2006 distincta
2476 1982 2487 2016 3
2505 1967 2599 2006 reli·

1364 2038 1445 2078 qua
1457 2025 1654 2065 adornavi
1669 2034 1714 2065 ut
1728 2025 1891 2065 διάπλου
1903 2026 2008 2065 ratio
2021 2026 2214 2080 postulat.
2231 2028 2425 2067 Formam
2440 2027 2596 2083 Ἄμουρ-

1363 2088 1434 2141 γόν
1455 2087 1692 2136 emendavi,
1719 2102 1968 2141 quamquam
1989 2087 2161 2128 eandem
2184 2088 2309 2128 habes
2339 2090 2462 2129 etiam
2486 2091 2599 2145 apud

1365 2150 1596 2189 Hieroclem
1609 2164 1650 2203 p.
1670 2149 1766 2201 657,
1782 2150 1902 2190 sicuti
1921 2150 2100 2203 Μουργός
2116 2158 2176 2188 est
2193 2151 2234 2188 in
2249 2150 2372 2191 codd.
2390 2152 2598 2192 Ptolemaei

1362 2213 1418 2261 V,
1445 2225 1485 2261 2,
1504 2226 1546 2265 p.
1571 2212 1664 2250 323.
1685 2213 1766 2251 Pro
1781 2211 1932 2264 Δάφνην
1945 2210 2041 2250 dedi
2058 2211 2213 2264 Σίφνον,
2229 2210 2421 2251 dubitans
2438 2220 2595 2263 tamen3

1362 2287 1458 2313 nam
1483 2288 1611 2327 quum
1627 2273 1784 2322 Thera,
1812 2273 1864 2312 ab
1880 2272 1960 2312 hoc
1982 2272 2117 2326 diaplo
2133 2286 2300 2326 prorsus
2316 2272 2464 2323 aliena,
2486 2289 2598 2315 com·
2640 2278 2644 2284 '

1363 2344 1632 2386 memoretur,
1667 2335 1859 2390 proclivis
1890 2333 2124 2387 conjectura
2152 2335 2272 2374 estin
2299 2334 2450 2389 Δάφνην
2472 2335 2597 2377 latere

1369 2397 1544 2452 Ἀνάφην,
1564 2411 1655 2452 quae
1678 2398 1912 2452 propinqua
1935 2404 1994 2435 est
2018 2396 2163 2436 Therae
2185 2395 2325 2435 insulae
2339 2427 2350 2445 ,
2371 2396 2474 2437 adeo
2499 2406 2546 2438 ut
2563 2399 2596 2438 is

1363 2462 1431 2514 qui
1452 2461 1598 2500 Therae
1613 2459 1866 2500 mentionem
1883 2458 2113 2507 intruserit,
2130 2456 2238 2496 idem
2254 2458 2376 2497 etiam
2394 2458 2597 2512 Anaphen

1363 2522 1570 2576 adjecerit.
1596 2520 1789 2561 Δόνουσαν
1819 2522 1835 2573 (
1852 2519 1991 2560 malim
2011 2518 2229 2558 Δονοῦσσαν
2246 2520 2262 2571 )
2279 2518 2452 2559 insulam
2474 2521 2595 2573 pauci

1364 2592 1607 2625 memorant.
1632 2584 1759 2623 Sitam
1772 2581 1893 2621 fuisse
1904 2580 2016 2621 haud
2029 2582 2084 2621 ita
2094 2581 2213 2633 longe
2229 2580 2280 2620 ab
2295 2582 2342 2620 Io
2362 2595 2500 2620 versus
2519 2581 2591 2621 bo-

1363 2660 1471 2685 ream
1486 2677 1496 2694 ,
1515 2660 1536 2685 0
1555 2653 1696 2685 nostro
1711 2644 1887 2697 colligas.
1906 2645 2036 2683 Porro
2056 2656 2186 2695 quum
2200 2641 2326 2682 schol.
2352 2641 2404 2681 ad
2420 2643 2590 2697 Dionys.

1362 2710 1453 2749 Per.
1475 2708 1554 2748 530
1570 2707 1680 2762 dicat
1700 2720 1709 2747 ε
1731 2706 1903 2746 Δόνουσα
1917 2703 2043 2752 Νάξου
2063 2703 2175 2759 ἐγγύς
2194 2705 2406 2758 :sequitur
2420 2705 2594 2758 positam

1363 2784 1448 2809 esse
1470 2771 1576 2809 inter
1603 2771 1627 2809 J
1631 2783 1701 2808 um
1720 2776 1760 2808 et
1783 2768 1966 2816 Naxum,
1986 2766 2059 2805 ubi
2076 2780 2187 2806 nunc
2213 2773 2274 2805 est
2298 2765 2495 2805 Heraclia
2514 2767 2590 2808 ins.

1362 2833 1459 2871 Haec
1474 2846 1496 2871 3
1515 2831 1618 2871 Delo
1637 2831 1743 2870 linea
1764 2838 1876 2869 recta
1894 2828 2016 2868 distat
2035 2827 2175 2867 stadiis
2197 2828 2296 2877 320,
2315 2842 2362 2867 30
2379 2827 2552 2867 totidem
2572 2843 2595 2869 a

1362 2894 1465 2934 Delo
1477 2893 1528 2934 ad
1542 2896 1752 2933 Donusam
1763 2891 2044 2942 Stadiasmusg
2057 2893 2137 2938 284
2148 2898 2372 2943 computat.
2384 2889 2533 2930 Rhodii
2551 2891 2593 2929 in

1361 2957 1562 2996 Graeciam
1585 2955 1830 3009 trajicientes
1842 2953 1898 2993 ibi
1911 2953 2112 3007 appulisse
2123 2960 2163 2991 et
2178 2953 2392 2992 stationem
2405 2951 2593 2991 habuisse

1362 3018 1568 3068 videntur,
1593 3018 1636 3057 in
1669 3030 1846 3070 eumque
1876 3029 2039 3055 sensum
2071 3012 2399 3068 interpretandus
2424 3013 2590 3066 Stepha-

1360 3095 1438 3120 nus
1465 3094 1474 3120 :
1500 3079 1686 3120 Δονουσία
1708 3078 1721 3134 (
1744 3095 1759 3115 «
1783 3092 1833 3117 ex
1859 3077 2045 3125 Δόνουσα,
2072 3076 2268 3115 Δονοῦσσα
2289 3082 2544 3127 corruptum.
2568 3094 2584 3109 a

1362 3142 1541 3183 Meinele
1563 3144 1594 3196 ),
1624 3157 1641 3181 ν
1656 3144 1678 3192 ῆ
1694 3155 1773 3187 σος
1794 3154 1878 3194 μιν.
1891 3138 1943 3192 ρὰ
1982 3136 2089 3178 Ῥό
2070 3151 2176 3187 οου,
2200 3136 2250 3184 εἰς
2266 3137 2312 3187 ἣν
2331 3134 2589 3185 Διόνυσοςτὴν

1365 3203 1556 3260 Ἀριάδνην
1581 3219 1625 3259 με
1611 3219 1667 3243 τε
1671 3203 1830 3256 κόμισε,
1855 3216 1949 3241 του
1939 3215 2077 3253 πάτρος
2098 3199 2208 3238 Μίνω
2223 3198 2427 3243 διώκοντος
2449 3196 2584 3248 αὐτήν·

1362 3266 1461 3308 ἔοικε
1466 3282 1484 3307 ν
1518 3272 1585 3306 οὐν
1604 3263 1782 3304 Διονυσία
1805 3261 1930 3312 εἶναι,
1964 3277 2028 3302 και
2054 3260 2151 3300 κατὰ
2180 3258 2432 3314 καταφθορὰν
2454 3259 2590 3299 Δονου-

1361 3329 1437 3371 σία.
1463 3329 1537 3369 Η15
1557 3327 1659 3367 male
1682 3325 1893 3365 intellectis
1919 3338 2016 3363 usus
2035 3322 2273 3363 Eustathius
2300 3321 2351 3361 ad
2368 3322 2492 3361 Dion.
2510 3321 2588 3363 530

1361 3391 1550 3446 scripsit.
1595 3386 1743 3442 Σπορὰς
1767 3386 1808 3427 δὲ
1830 3402 1895 3426 και
1926 3385 1950 3436 ἣ
1988 3401 2103 3439 προς
2135 3386 2194 3439 τῇ
2226 3381 2378 3438 Ῥόδῳ
2403 3383 2589 3423 Δονουσία

1364 3460 1416 3509 (l
1405 3453 1550 3494 Νουσία
1571 3451 1756 3506 plerique
1786 3447 1927 3497 codd;
1952 3447 2136 3487 similiter
2158 3445 2269 3487 Stad.
2290 3448 2311 3497 §
2339 3448 2419 3494 284
2445 3445 2591 3486 Noemo-

1362 3531 1429 3555 σάν
1450 3530 1525 3569 pro
1547 3514 1738 3553 Δόνουσαν
1762 3509 1795 3566 ).
1817 3512 1968 3550 P1ae1e1
1971 3523 2017 3548 ea
2040 3511 2210 3548 Donusa
2241 3516 2494 3547 memor·atu1
2519 3522 2585 3562 ap.

1360 3578 1506 3630 Virgil.
1527 3577 1618 3617 AEn.
1639 3575 1722 3623 III,
1744 3571 1836 3613 125.
1856 3573 1938 3612 Cir.
1959 3574 2062 3623 4763
2078 3570 2229 3610 Melam
2240 3571 2296 3619 II,
2316 3583 2339 3623 7
2353 3570 2370 3622 (
2384 3572 2585 3622 Donyssa,

1364 3643 1547 3693 Donysa,
1587 3636 1768 3689 Donysia
1800 3633 1922 3675 codd.
1946 3633 1977 3688 ),
2009 3633 2114 3674 Plin.
2142 3633 2219 3682 IV,
2244 3633 2296 3672 23
2319 3635 2341 3684 S
2369 3635 2436 3684 69,
2455 3632 2584 3673 Tacit.

1361 3704 1441 3742 An.
1471 3701 1546 3747 IV,
1582 3699 1632 3739 30
1665 3705 1705 3737 et
1738 3698 1791 3738 G.
1817 3698 1918 3736 Rav
1950 3697 2006 3743 V,
2035 3708 2083 3734 21
2111 3693 2219 3747 (ubi
2255 3693 2459 3746 Dionyssa
2482 3694 2512 3744 ).
2533 3716 2589 3723 —

1361 3762 1550 3801 Ceterum
1572 3760 1708 3799 005010
1727 3773 1777 3798 an
1809 3766 1902 3797 ante
1926 3754 1994 3806 τὴν
2014 3756 2154 3810 Σίφνον
2176 3752 2374 3796 exciderit
2397 3752 2550 3799 δεξιὰς
2531 3754 2584 3796 οὲ.

1417 3826 1438 3875 S
1471 3828 1568 3864 274-
1571 3826 1667 3864 279.
1698 3824 1731 3862 Α
1757 3819 1893 3860 Cnido
1930 3821 1996 3872 (10
2030 3833 2164 3873 prom.
2200 3815 2328 3870 (¹150)
2364 3814 2416 3855 ad
2443 3815 2589 3855 urbem

1360 3886 1446 3925 Con
1475 3885 1579 3924 linea
1606 3891 1717 3924 recta
1750 3882 1880 3923 stadia
1918 3895 2009 3922 100.
2040 3879 2143 3920 Inde
2175 3878 2228 3918 ad
2259 3877 2589 3917 Halicarnassum

1361 3949 1377 4000 (
1399 3945 1614 3987 Boudroun
1637 3944 1651 4001 )
1673 3943 1803 3985 stadia
1830 3958 1922 3986 100.
1946 3942 2049 3983 Inde
2070 3940 2120 3982 ad
2141 3939 2287 3996 Myndi
2309 3940 2448 3980 ruinas
2473 3939 2591 3979 circi-

2382 4012 2424 4042 32
