2782 4348
71 196 73 198 >
111 160 186 219 (⁶12
200 160 271 217 52·)

111 263 235 316 ν’ἥσοι
259 263 380 304 αὗται
403 256 503 319 πρὸς
532 258 583 317 τῇ
607 251 805 315 Εὐρώπῃ·
836 250 988 296 τούτων
1023 253 1049 304 ἡ
1085 249 1205 311 ἑτέρα
1231 249 1349 294 πόλιν

122 328 222 390 ἔχει·
243 327 315 374 καὶ
336 325 573 388 Ἡράκλειοι
604 322 754 376 στῆλαι
775 318 884 365 κατὰ
906 317 1070 375 ταύτας,
1093 322 1119 373 ἡ
1147 317 1219 378 μὲν
1245 320 1284 362 ἐν
1300 322 1350 380 τῇ

123 396 259 458 Λιὸύῃ
281 391 476 448 ταπεινὴ,
511 394 538 446 ἡ
563 388 605 435 δὲ
637 392 678 435 ἐν
700 392 752 450 τῇ
776 387 960 450 Εὐρώπῃ
993 385 1149 450 ὑψηλή.
1215 379 1352 433 Αὕται

125 465 169 511 δέ
187 467 286 511 εἰσιν
312 463 434 523 ἄκραι
461 457 708 521 καταντικρυ
727 456 942 512 ἀλλήλων·
970 455 1149 518 διεχουσι
1162 454 1205 500 οὲ
1229 459 1352 501 αὗται

124 537 183 579 ἀπ
185 531 402 586 ’ἀλλήλων
418 530 546 574 πλουν
556 527 728 590 ἡμερας
751 526 1007 588 Παράπλους
1024 523 1183 580 Λιὸύης
1197 526 1268 569 ἀπ’
1285 526 1350 570 Αἷ-

110 602 272 664 γύπτου
295 618 364 645 του
397 601 647 644 Κανωπικοῦ
689 595 891 655 στόματος
931 612 1055 656 μεχρι
1085 592 1348 655 εΗρακλείων

121 671 296 727 στηλῶν,
323 666 531 727 τιθεμένου
554 671 626 712 τοῦ
649 668 846 725 λογισμου
865 663 975 710 κατὰ
1009 661 1158 722 ταύτὰ,
1181 661 1287 725 ἅπερ
1309 663 1350 707 ἐν

112 730 233 794 Ἀσία
252 749 322 777 και
344 729 527 792 Εὐρώπῃ
549 728 799 790 γέγραπται,
822 726 930 772 κατὰ
957 745 1048 777 τους
1078 724 1253 776 κόλπους
1271 723 1349 769 κύ-

110 802 205 862 κλῳ
227 798 538 863 περιπλέοντιὴ
513 800 677 861 ημερῶν
699 797 772 842 οδ’.
837 794 954 842 <Ὀσα
978 793 1024 855 γε’
1027 812 1209 856 γραπται
1229 794 1347 838 πολί-

102 846 263 931 ’σματα
287 868 355 926 ἢ’
338 869 517 932 εμπόρια
541 870 581 913 ἐν
603 871 653 929 τῇ
675 866 813 929 Αιὸύῃ
829 901 842 926 ,
864 865 946 911 ἀπο
970 868 1042 920 τ’ῆς
1063 863 1258 926 Σύρτιδος
1280 883 1352 919 της

111 939 216 1001 παρ’
241 938 489 1001 Ἑσπερίδας
513 936 636 999 μέχρι
659 934 917 999 “Ηρακλείων
942 935 1142 990 στηλῶν’
1125 951 1165 979 εν
1192 931 1346 994 med-55,

119 1009 256 1055 πάντα
283 1007 370 1054 ἐστὶ
390 1006 705 1089 Καρχηδονίων.

181 1087 256 1119 112.
308 1070 433 1118 Μετὰ
482 1070 524 1115 δὲ
562 1067 832 1131 Ἡρακλείους
884 1067 1038 1122 στήλας
1083 1067 1137 1117 εἷς
1182 1065 1228 1110 τὸ
1271 1064 1350 1118 ἔξω

114 1141 314 1200 πλέοντι,
343 1139 478 1202 ἔχοντι
500 1138 573 1194 τὴν
596 1136 754 1194 Λιὸύην
787 1139 826 1182 ἐν
849 1138 1071 1198 ἀριστερᾷ,
1093 1135 1243 1186 κόλπος
1267 1132 1353 1179 ἐστὶ

114 1208 248 1270 μέγας
270 1209 394 1271 μέχρι
417 1207 622 1271 Ἑρμαίοις
638 1207 783 1269 ἄκροις.
851 1204 977 1252 Ἔστι
991 1203 1070 1266 γὰρ
1087 1202 1158 1248 καὶ
1178 1204 1352 1247 ἐνταῦθα

119 1277 305 1339 Ἑρμαία
341 1277 463 1340 ἄκρα.
533 1275 656 1322 Κατὰ
692 1273 733 1319 δὲ
768 1273 891 1334 μέσον
923 1272 990 1318 τὸν
1025 1272 1177 1317 κόλπον
1217 1273 1353 1316 κεῖται

118 1345 303 1392 Ποντίων
323 1345 444 1397 τόπος
465 1344 535 1390 καὶ
561 1345 693 1396 πόλις.
763 1342 869 1405 Περὶ
890 1342 933 1388 δὲ
967 1343 1041 1397 τὴν
1078 1341 1197 1386 πόλιν
1219 1339 1348 1400 λίμνη

111 1422 248 1460 κεῖται
279 1415 469 1476 μεγάλη,
504 1415 544 1459 ἐν
582 1412 623 1458 δὲ
644 1416 694 1474 τῇ
726 1414 852 1473 λίμνη
878 1411 1008 1497 *teuit-s,
1046 1414 1202 1456 κεῖνται
1232 1413 1350 1466 νῆσοι

116 1483 282 1528 πολλαί.
355 1482 459 1545 Περὶ
491 1481 533 1527 δὲ
576 1480 649 1536 τὴν
685 1481 835 1541 λίμνην
871 1479 1026 1542 πέφυκε
1058 1481 1248 1538 κάλαμος
1277 1477 1348 1523 καὶ

111 1550 305 1610 ,κύπειρος
335 1549 407 1596 καὶ
441 1548 570 1613 φλέως
588 1548 659 1595 καὶ
678 1549 809 1610 θρυόν.
878 1550 934 1595 Αἱ
955 1547 997 1593 δὲ
1020 1548 1171 1610 ὄρνιθες
1193 1549 1234 1592 αἱ
1259 1550 1349 1594 Με-

115 1684 192 1724 lius
206 1699 217 1734 ;
241 1697 337 1724 sane
353 1683 417 1724 vel
429 1683 519 1723 haec
531 1682 594 1723 vel
610 1696 692 1723 vox
704 1682 823 1739 ταυτῃ
839 1681 1071 1738 abundant.
1089 1682 1209 1722 Cetei
1212 1695 1282 1721 um
1296 1681 1349 1722 cf.

111 1748 138 1797 S
157 1743 721 1799 1,ubieadem.ll—ta1'›t?z
741 1744 859 1799 ἅπερ
879 1743 928 1785 ἐν
947 1742 1006 1784 Ἀ.
1025 1744 1171 1799 ]ταῦ’τα
1189 1741 1226 1783 ἐν
1241 1758 1354 1798 περα-

116 1808 180 1860 σίᾳ
188 1807 339 1858 codex3
353 1822 434 1848 em.
448 1807 638 1849 Clausen.
657 1807 673 1862 H
685 1822 764 1847 —0
774 1806 832 1862 δ’]
843 1805 1071 1861 oeB'apogr.
1086 1806 1351 1846 Vaticanum.

171 1872 192 1922 §
227 1881 319 1925 312.
343 1872 393 1910 In
425 1870 506 1910 hoc
528 1869 783 1925 capite-duos
811 1869 944 1910 fontes
967 1877 1111 1910 auctor
1136 1876 1276 1908 noster
1294 1876 1354 1909 te-

114 1946 226 1972 mere
243 1933 454 1973 miscuisse
481 1932 659 1974 videtur.
695 1934 838 1988 Usque
861 1931 915 1973 ad
936 1931 1080 1974 Anatis
1103 1931 1217 1971 fluvii
1238 1945 1353 1970 men-

114 1995 271 2034 tionem
315 1995 520 2035 enarratio
558 1994 664 2035 bene
703 1994 848 2044 habet3
891 2008 982 2048 quae
1019 2007 1117 2032 vero
1160 1991 1353 2046 deinceps

117 2064 397 2096 memorantur
409 2057 537 2097 Lixus
555 2056 656 2096 urbs
674 2056 921 2110 fluviusque,
937 2054 1080 2096 Crabis
1096 2062 1136 2094 et
1155 2054 1352 2108 Thymia-

114 2119 280 2169 terium,
301 2133 348 2159 ea
365 2117 417 2158 ad
437 2119 566 2174 ipsam
588 2119 699 2158 illam
718 2133 834 2158 oram
851 2118 1060 2172 pertinent
1083 2130 1206 2170 quam
1226 2115 1352 2156 modo

109 2188 257 2220 auctor
275 2179 544 2234 descripserat
557 2210 568 2229 ,
590 2178 767 2234 ideoque
781 2187 853 2219 aut
870 2177 1098 2219 omittenda
1121 2185 1191 2217 aut
1218 2177 1261 2216 in
1280 2191 1352 2216 an-

114 2248 217 2282 tecc.
239 2256 313 2282 suo
334 2241 426 2281 loco
448 2240 666 2281 inserenda
685 2240 871 2281 fuissent.
902 2239 1063 2280 Deinde
1098 2239 1140 2278 in
1163 2238 1353 2278 ordinem

115 2302 278 2343 rediens
296 2303 531 2343 Soloentem
559 2311 763 2343 memorat
784 2311 825 2343 et
846 2303 1027 2343 Xionem
1046 2301 1219 2340 fluvium
1235 2331 1246 2349 ,
1281 2301 1352 2354 qui

116 2365 244 2405 Lixus
262 2373 323 2406 est
341 2364 555 2404 Hannonis
574 2365 590 2417 (
607 2364 740 2404 Drah.
759 2366 792 2418 >.
819 2365 835 2418 Η
854 2388 912 2394 —-
927 2362 1031 2403 ἔστι
1062 2378 1086 2417 γ
1099 2361 1151 2416 ὰρ
1178 2362 1259 2401 καὶ
1286 2361 1352 2402 ἐν-

116 2427 269 2466 ταῦθα
308 2425 522 2481 Ἓρμαία
555 2425 703 2480 ἄκρα]
730 2428 792 2466 De
827 2425 953 2465 altero
987 2425 1178 2465 Herma‘o
1213 2437 1350 2479 prom.

115 2503 155 2529 v·
182 2491 204 2541 S
224 2503 296 2529 111
315 2506 326 2539 ;
344 2490 471 2529 hocce
486 2503 535 2529 eo
558 2497 618 2529 est
636 2488 842 2539 locofubi
862 2489 905 2529 in
924 2489 1022 2530 ltin.
1041 2490 1140 2529 Ant.
1162 2502 1204 2543 p.
1225 2491 1247 2536 4
1268 2496 1308 2528 et
1328 2493 1352 2530 6

111 2550 338 2591 collocatur
369 2550 619 2606 Exploratio
653 2565 743 2606 quae
774 2550 974 2592 Mercurii
998 2549 1171 2590 dicitur.
1202 2551 1239 2590 A
1265 2550 1354 2591 Sala

115 2613 217 2653 urbe
233 2613 440 2667 fluvioque
450 2627 579 2667 usque
590 2612 648 2653 ad
660 2612 913 2654 Mercurium
928 2621 1024 2652 sunt
1040 2616 1088 2652 16
1107 2611 1208 2652 mill.
1225 2626 1331 2666 pass.
1338 2644 1350 2663 ,

115 2676 200 2715 sive
227 2677 303 2716 128
327 2674 473 2715 stadia.
497 2674 621 2715 Unde
640 2683 752 2729 patet
771 2676 1008 2715 Hermaeum
1026 2673 1128 2714 illud
1147 2688 1233 2714 esse
1254 2688 1352 2728 pro-

101 2738 370 2778 ·montorium
400 2737 453 2778 ad
485 2737 598 2792 quod
632 2738 787 2778 Jetkem
815 2737 965 2777 fluvius
1001 2735 1225 2790 egreditur.
1256 2737 1271 2790 {l
1298 2761 1355 2768 —

115 2798 364 2855 Ποντίων]
392 2801 450 2840 sic
472 2799 630 2850 codex;
667 2801 823 2841 ποντίον
856 2799 975 2840 editt.
996 2800 1158 2839 Nomen
1189 2798 1354 2840 aliunde

115 2875 200 2902 non
221 2870 369 2902 notum
391 2870 432 2902 et
449 2861 558 2902 haud
583 2860 710 2902 dubie
729 2869 990 2916 corruptum.
1017 2859 1176 2912 Quodsi
1200 2862 1353 2914 premis

117 2924 240 2965 verba
259 2925 356 2966 κατὰ
380 2926 493 2980 μέσον
515 2925 581 2965 τὸν
606 2925 770 2975 κόλπον,
792 2925 906 2965 locus
927 2923 1147 2979 ponendus
1171 2922 1277 2963 foret
1302 2924 1353 2964 ab

116 2987 319 3029 borealem
341 2989 640 3030 extremitatem
664 2986 927 3043 Cephesiadis
950 2987 1034 3027 sive
1049 2985 1218 3027 Merdsa
1238 2987 1354 3041 palu-

114 3049 196 3092 dis.
221 3052 418 3093 Proclivis
439 3060 577 3092 tamen
605 3052 783 3107 suspicio
808 3051 945 3090 sinum
960 3081 971 3100 ,
1006 3050 1050 3089 in
1077 3047 1193 3103 cujus
1215 3049 1354 3090 medio

118 3113 294 3154 Pontion
316 3113 554 3164 collocatur,
573 3128 659 3154 non
683 3128 768 3154 esse
791 3121 926 3153 totum
949 3111 1065 3152 illum
1086 3120 1264 3152 tractum
1283 3113 1353 3166 qui

116 3188 143 3213 a
160 3175 363 3216 Gaditano
382 3175 486 3217 freto
502 3175 555 3217 ad
573 3177 811 3217 Hermaeum
828 3174 1163 3230 promontorium
1178 3182 1262 3225 est,
1283 3175 1354 3215 sed

118 3250 211 3276 eam
242 3236 328 3291 ejus
357 3247 538 3294 partem,
574 3253 699 3294 quam
727 3239 998 3294 Emporicum
1027 3238 1166 3277 sinum
1199 3246 1354 3279 veteres

120 3296 279 3338 dicunt.
304 3300 394 3340 Hoc
417 3301 451 3341 si
469 3302 731 3350 concesseris,
756 3300 952 3340 Pontium
972 3298 1025 3339 ad
1044 3298 1354 3341 meridionalem

52 3357 58 3364 ”
121 3358 279 3411 paludis
297 3363 595 3403 extremitatem
624 3362 748 3403 fuisse
766 3357 885 3417 putes
908 3361 1055 3402 eodem
1082 3362 1173 3402 loco
1195 3362 1267 3403 ubi
1294 3371 1354 3403 est

121 3420 446 3474 Thymiaterium
476 3425 692 3465 Hannonis
716 3424 875 3480 (quam
906 3424 1053 3465 urbem
1081 3439 1130 3465 eo
1162 3425 1251 3479 ipso
1278 3439 1352 3465 no-

122 3482 233 3522 mine
254 3492 394 3537 postea
414 3499 463 3525 ex
491 3486 570 3526 alio
593 3486 705 3527 fonte
726 3487 870 3541 Scylax
891 3486 1143 3544 memorat).
1168 3487 1353 3528 Eandem

122 3543 269 3583 urbem
301 3545 485 3585 Mnaseas
518 3547 734 3601 Sicyonem
770 3548 920 3589 dixisse
956 3549 1133 3590 videtur.
1174 3551 1230 3590 V.
1263 3558 1351 3590 not.

123 3603 174 3643 ad
209 3605 404 3646 Hannon.
429 3621 471 3661 p.
506 3620 546 3648 2.
578 3610 752 3649 Mannei
754 3618 819 3650 tus
849 3611 915 3660 X,
941 3622 966 3650 2
1002 3625 1045 3677 p.
1072 3614 1154 3665 470
1177 3603 1353 3652 Ποντίων

122 3667 352 3721 suspicatur
379 3668 633 3722 phoenicium
664 3685 818 3711 nomen
855 3686 942 3711 csse
977 3670 1064 3725 ejus
1094 3673 1208 3713 urbis
1230 3689 1353 3728 quam

121 3726 379 3783 Θυμιατήριον
417 3730 550 3770 Graeci
583 3733 783 3773 vocarint.
811 3733 827 3786 Η
860 3757 918 3764 -—
937 3733 1086 3789 λίμνη
1120 3751 1217 3793 μεγ
1220 3737 1315 3789 άλη
1335 3739 1352 3792 ]

122 3789 245 3829 hodie
264 3790 427 3845 Mcrclja
449 3791 512 3832 vel
525 3793 578 3832 M
576 3793 711 3846 urJalz
726 3793 827 3834 Vid.
848 3797 872 3835 J
874 3794 1016 3846 akson,
1035 3798 1104 3837 An
1123 3809 1294 3839 account
1310 3798 1365 3858 of

122 3852 374 3907 Mamm-,op
394 3852 799 3910 353M0vers.11‚p.
820 3855 898 3897 538
915 3857 1054 3912 ibique
1070 3858 1239 3901 laudati.
1263 3861 1278 3915 Η
1298 3886 1356 3893 —-

123 3916 266 3964 νῆσοι
295 3914 505 3970 πολλαι]
527 3916 696 3956 Unam
686 3931 729 3956 m
755 3919 915 3972 mappis
933 3920 1068 3960 notari
1091 3917 1227 3962 video.
1254 3923 1268 3976 ΙΙ
1298 3947 1357 3953 ——

122 3992 145 4016 7.
156 3976 199 4017 6.
188 3992 216 4005 -·
228 3992 243 4017 ε
228 3992 293 4032 ειρ
306 3993 326 4017 0
339 3994 354 4025 ς
387 3994 409 4017 7.
422 3977 493 4018 τλ.
510 3979 524 4032 ]
554 3977 712 4019 codex:
738 3979 876 4034 κύπρος
892 3980 956 4020 καὶ
972 3980 1121 4035 φλοιόν·
1142 3983 1206 4023 και
1223 3983 1350 4039 δρύοψ

1241 149 1559 196 PEmPLUS.
2588 172 2639 209 9,

1414 256 1561 306 habet3
1580 271 1602 297 e
1618 257 1788 310 regione
1818 257 1867 296 iis
1882 257 1969 296 sitae
1984 265 2080 297 sunt
2102 258 2314 299 Columnae
2337 263 2559 315 Herculeae,
2585 270 2647 309 illa

1415 328 1585 383 quidem
1597 330 1640 369 in
1657 329 1786 383 Libya
1799 328 1984 378 humilis,
1995 328 2120 370 altera
2132 344 2229 370 vero
2240 331 2281 370 in
2294 334 2461 388 Europa
2477 338 2644 379 excelsa.

1415 399 1606 454 Oppositi
1619 400 1726 440 sibi’
1716 401 1892 440 invicem
1911 408 2008 440 sunt
2018 399 2062 440 hi
2079 400 2250 440 vertices
2266 401 2527 458 ,distantque
2547 408 2650 449 inter

1415 483 1460 514 se
1485 469 1567 510 diei
1598 472 1875 524 navigatione.
1924 472 2212 512 Praetervectio
2232 472 2373 527 Libyae
2400 474 2451 514 ab
2481 476 2652 531 AEgypto

1416 539 1515 581 inde
1531 540 1583 580 ab
1602 542 1708 581 ostio
1721 543 1930 597 Canopico
1945 555 2076 596 usque
2103 541 2156 582 ad
2178 543 2398 584 Herculeas
2415 546 2649 600 Columnas,

1416 614 1451 655 si
1471 622 1690 668 computus
1708 615 1947 656 instituatur
1958 614 2106 656 eodem
2124 616 2251 656 modo
2271 632 2353 672 quo
2367 634 2490 675 supra
2501 621 2545 662 in
2560 625 2653 664 Asia

1417 696 1459 729 et
1473 690 1643 744 Europa
1663 690 1864 744 scriptum
1880 699 1956 740 est,
1978 691 2093 731 sinus
2113 693 2478 749 circumnaviganti
2492 705 2552 737 est
2572 697 2655 738 die·

1416 780 1514 806 rum
1536 767 1797 821 septuaginta
1828 775 2040 820 quattuor.
2120 769 2270 810 Omnia
2295 785 2392 812 vero
2422 773 2573 828 oppida
2592 775 2656 815 vel

1416 841 1604 895 emporia
1624 855 1716 896 quae
1734 841 1778 881 in
1806 841 1936 896 Libya
1953 845 2366 886 commemoravimus
2385 846 2481 888 inde
2503 862 2526 888 a
2546 849 2652 903 Syrti

1417 930 1511 971 quae
1530 916 1582 957 ad
1604 916 1867 972 Hesperides,
1890 931 2021 971 usque
2040 917 2092 957 ad
2113 918 2251 973 Libyae
2280 921 2523 963 Columnam
2552 925 2655 964 Her-

1417 992 1592 1043 cuteam,
1615 992 2015 1045 Carthaginiensium
2039 1001 2149 1033 sunt.

1480 1083 1497 1109 1
1509 1082 1573 1109 12.
1599 1071 1698 1109 Post
1715 1068 1936 1109 Herculeas
1954 1068 2177 1110 Columnas
2194 1072 2235 1111 in
2251 1086 2363 1113 mare
2382 1083 2565 1116 exterum
2581 1090 2653 1117 na-

1418 1137 1652 1191 vigantibus
1664 1168 1676 1186 ,
1692 1136 1948 1191 Libyamque
1964 1137 2007 1176 in
2023 1138 2187 1178 sinistra
2200 1139 2458 1193 habentibus,
2477 1145 2656 1184 occurrit

1417 1206 1533 1247 sinus
1547 1218 1719 1257 magnus
1734 1205 1806 1258 qui
1821 1204 2000 1259 pertinet
2013 1219 2144 1260 usque
2154 1205 2206 1246 ad
2213 1211 2542 1261 promontorium
2551 1213 2653 1252 Her-

1417 1287 1593 1322 maeum3
1615 1286 1712 1312 nam
1727 1272 1784 1312 ibi
1796 1286 1963 1326 quoque
1977 1280 2038 1313 est
2052 1276 2386 1328 promontorium
2400 1278 2649 1320 Hermaeum.

1417 1339 1562 1382 Medio
1577 1341 1621 1380 in
1640 1340 1735 1380 sinu
1750 1348 1811 1380 est
1831 1341 2010 1381 Pontion
2029 1340 2143 1382 locus
2161 1351 2201 1383 et
2223 1343 2337 1384 urbs.
2397 1345 2502 1386 Urbi
2522 1356 2658 1388 autem

1421 1407 1581 1462 adjacet
1594 1408 1705 1449 lacus
1722 1422 1909 1462 magum,
1928 1409 2152 1464 insulaeque
2167 1411 2209 1451 in
2226 1425 2275 1451 eo
2296 1421 2392 1453 sunt
2410 1414 2653 1469 complures.

1423 1477 1544 1518 Circa
1581 1477 1718 1518 lacum
1748 1479 1931 1519 nascitur
1973 1478 2136 1520 arundo
2151 1510 2162 1530 ,
2212 1495 2401 1536 cyperuS,
2455 1484 2582 1524 stoebe
2619 1493 2659 1525 et

1416 1547 1585 1601 juncus.
1659 1547 1926 1602 Meleagrides
1958 1563 2052 1589 aves
2082 1549 2139 1589 ibi
2173 1559 2293 1602 sunt,
2321 1541 2411 1606 qu'ae
2434 1552 2549 1604 alibi,
2582 1555 2656 1594 nisi

1426 1681 1467 1721 αι
1486 1680 1526 1721 δὲ
1545 1681 1689 1735 ὄρνιθες
1705 1680 2039 1736 λιμελελιερίδες...
2067 1682 2189 1723 ἄλλον
2206 1682 2246 1724 δὲ
2261 1683 2480 1739 οὖδαμοῦ...
2499 1685 2660 1741 ἐξαχέω-

1425 1758 1509 1793 σιν;
1537 1743 1701 1784 emend.
1721 1744 1954 1785 Salmasius.
1981 1747 2043 1785 De
2066 1746 2308 1799 Cephisiade
2325 1746 2473 1801 palude
2505 1748 2558 1789 cf.
2579 1749 2659 1790 Pli-

1425 1806 1521 1846 nius
1543 1807 1764 1857 XXXVII,
1793 1820 1839 1846 11
1862 1820 1872 1848 2
1905 1807 2031 1848 Vivit
2052 1807 2186 1848 adhuc
2208 1809 2449 1858 Asarubas,
2483 1811 2555 1865 qui
2578 1820 2661 1851 tra·

1423 1867 1541 1909 didit
1554 1869 1686 1923 juxta
1713 1868 1976 1910 Atlanticum
1996 1870 2105 1910 mare
2124 1884 2206 1911 esse
2236 1871 2369 1911 lacum
2391 1873 2657 1928 Cephisiada,

1424 1946 1544 1987 quem
1579 1931 1725 1973 Mauri
1758 1941 1908 1972 vocant
1933 1933 2159 1974 Electrum.
2200 1936 2322 1974 Hunc
2345 1935 2426 1974 sole
2461 1936 2662 1988 excalefa-

1423 2002 1537 2035 ctum
1560 2008 1579 2033 e
1612 1993 1708 2033 limo
1730 1993 1829 2033 clare
1855 1993 2043 2034 electrum
2059 1994 2254 2048 fluitans.
2278 1998 2471 2037 Mnaseas
2503 1997 2661 2049 Africae

1426 2055 1557 2098 Iocum
1579 2056 1783 2109 Sicyonem
1802 2055 2001 2111 appellat,
2032 2066 2071 2096 et
2092 2057 2274 2107 Crathin,
2296 2073 2452 2098 amnem
2474 2058 2514 2098 in
2537 2062 2659 2100 Ocea-

1424 2132 1523 2156 num
1541 2117 1768 2170 effluentem
1793 2132 1813 2156 c
1832 2117 1939 2165 lacu,
1967 2117 2008 2157 in
2030 2133 2108 2172 quo
2130 2133 2227 2159 aves
2257 2134 2360 2174 quas
2387 2120 2660 2171 Meleagridas

1424 2188 1465 2218 et
1487 2179 1710 2234 Penelopas
1728 2188 1851 2219 vocat
1867 2195 1881 2219 .·
1905 2188 1944 2218 et
1966 2194 2056 2219 vere
2077 2179 2136 2220 ibi
2157 2180 2274 2220 nasci
2300 2179 2384 2236 (sc.
2414 2181 2656 2237 electrum),

1424 2240 1584 2280 ratione
1602 2240 1738 2279 eadem
1757 2255 1839 2295 qua
1856 2255 1984 2296 supra
2007 2240 2166 2281 dictum
2179 2250 2245 2281 est
2262 2241 2310 2281 de
2326 2245 2364 2282 E
2367 2242 2531 2282 lectricle
2550 2243 2655 2284 lacu.

1422 2303 1587 2343 Nomen
1609 2302 1718 2343 lacus
1745 2304 1931 2344 Mnaseas
1954 2317 2039 2343 non
2070 2302 2234 2343 videtur
2251 2305 2510 2359 apposuisse;
2533 2319 2658 2358 quare
2682 2315 2685 2318 ’

1423 2365 1581 2405 Plinius
1599 2380 1693 2406 eum
1712 2365 1920 2405 diversum
1934 2373 2051 2420 putat
2068 2364 2120 2405 ab
2137 2379 2208 2415 eo,
2226 2364 2342 2419 cujus
2357 2365 2560 2406 Asarubas
2576 2373 2660 2407 me‘·

1425 2428 1571 2478 minit;
1594 2427 1773 2468 eundem
1795 2442 1892 2467 vero
1908 2441 1994 2467 esse
2009 2426 2295 2481 Cephisiadem
2310 2435 2352 2467 et
2364 2426 2659 2480 Meleagridum

1423 2489 1618 2543 paludem
1640 2504 1662 2529 e
1685 2497 1827 2530 nostro
1851 2488 2014 2542 Periplo
2044 2487 2261 2541 colligitur.
2284 2487 2547 2542 Meleagridcs
2567 2503 2658 2531 aves

1423 2565 1522 2592 cum
1551 2552 1700 2591 electro
1733 2550 1890 2591 ibidem
1913 2558 2103 2590 nascente
2127 2549 2395 2604 probabiliter
2427 2550 2570 2591 eadem
2602 2552 2658 2593 sa-

1425 2613 1522 2654 bula
1548 2613 1845 2669 componebat,
1870 2626 1952 2667 qua
1980 2612 2200 2667 Sophocles
2223 2613 2321 2667 (ap.
2339 2612 2519 2653 Plinium
2547 2612 2575 2653 l.
2597 2613 2657 2669 l.)

1423 2675 1545 2716 finxit
1564 2676 1607 2716 in
1635 2675 1757 2716 India
1779 2675 1976 2716 electrum
2005 2674 2094 2714 fieri
2113 2689 2135 2714 e
2160 2673 2349 2729 lacrymis
2365 2673 2660 2727 Meleagridum

1423 2740 1565 2779 avium
1596 2738 1850 2792 Meleagrum
1878 2737 2136 2778 deflentium.
2173 2736 2334 2777 Crathis
2366 2737 2515 2777 fluvius
2551 2737 2660 2778 idem

1424 2809 1486 2841 est
1505 2815 1629 2856 quem
1656 2800 1809 2855 Peripli
1838 2808 1982 2841 auctor
2003 2799 2177 2854 appellat
2203 2798 2352 2839 Crabin
2370 2806 2411 2839 et
2439 2813 2534 2838 cum
2549 2800 2660 2854 Thy-

1424 2863 1603 2904 miaterii
1635 2864 1845 2904 mentione
1871 2861 2098 2916 conjungit.
2134 2860 2370 2902 Secundum
2399 2862 2608 2902 Mnaseam
2638 2877 2661 2902 e

1423 2924 1518 2966 lacu
1535 2926 1721 2981 proflui-t,
1744 2925 1816 2966 sed
1839 2939 1971 2980 quum
1990 2939 2040 2965 ex
2064 2923 2268 2964 hodierno
2292 2923 2383 2963 lacu
2402 2923 2550 2963 fluvius
2572 2924 2661 2964 nul·

1424 2986 1489 3027 lus
1511 2989 1553 3028 in
1575 3003 1689 3029 mare
1709 2988 1903 3043 profluat,
1928 2987 1993 3027 ille
2009 2987 2148 3042 potius
2181 2993 2242 3025 est
2272 2984 2570 3038 intelligendus,
2590 2986 2660 3039 qui

1424 3051 1563 3105 paullo
1579 3051 1686 3092 infra
1702 3052 1838 3092 lacum
1858 3051 1901 3091 in
1916 3064 2028 3090 mare
2046 3050 2144 3089 exit.
2162 3048 2324 3088 Nomen
2343 3045 2430 3100 ejus
2462 3047 2660 3100 punicum

1424 3113 1561 3154 Subur
1583 3114 1599 3167 (
1615 3125 1737 3163 quw
1760 3113 1788 3153 i.
1813 3127 1851 3152 e.
1877 3111 2111 3163 fluentum)
2131 3117 2191 3150 est
2204 3125 2215 3159 ;
2240 3109 2350 3149 idem
2370 3122 2521 3148 nomen
2543 3109 2659 3162 phoe-

1425 3176 1583 3215 nicium
1614 3175 1843 3215 Moversius
1879 3173 2061 3227 agnoscit
2097 3173 2140 3212 in
2174 3171 2318 3225 Sybari
2349 3170 2475 3211 Italiae
2505 3170 2656 3221 ssuvi0;

1425 3238 1639 3279 Phoenices
1675 3237 1787 3276 enim
1823 3250 1909 3275 non
1945 3236 1989 3274 in
2022 3234 2156 3275 Sicilia
2184 3233 2310 3273 modo
2347 3231 2419 3273 sed
2459 3233 2501 3272 in
2534 3232 2660 3273 Italiae

1425 3314 1593 3354 quoque
1608 3299 1706 3348 oris,
1724 3312 1824 3352 quas
1839 3305 1979 3352 postca
1997 3297 2128 3337 Graeci
2148 3295 2317 3335 coloniis
2330 3294 2656 3349 frequentarunt,

1427 3362 1657 3403 consedisse
1690 3375 1739 3401 ex
1772 3360 1934 3400 indiciis
1964 3358 2171 3399 nonnullis
2199 3357 2312 3398 haud
2348 3356 2659 3398 contemnendis

1426 3425 1591 3479 colligit.
1613 3423 1776 3479 Sybaris
1800 3422 1980 3462 fluvius
1970 3437 2013 3461 ln
2047 3420 2214 3461 ΟαῖῘιίη
2237 3420 2396 3460 influit·
2386 3418 2531 3474 q,uod
2563 3420 2660 3459 item

1424 3502 1579 3529 nomen
1609 3485 1810 3541 punicum
1832 3498 1918 3524 esse
1947 3483 2123 3538 probare
2155 3483 2385 3524 Moversius
2412 3484 2478 3532 Π,
2511 3496 2554 3536 p.
2581 3482 2624 3521 31
2608 3484 2659 3530 44

1425 3549 1576 3590 studet.
1597 3550 1702 3589 Nam
1740 3547 1911 3587 fluvium
1942 3545 2024 3586 dici
2057 3553 2249 3586 vocatum
2270 3559 2356 3585 esse
2387 3543 2439 3585 de
2467 3545 2521 3585 C1
2523 3543 2659 3583 ‘lthlde

1426 3612 1610 3667 caprario
1625 3642 1635 3661 ‚
1667 3610 1737 3664 qui
1762 3610 1778 3662 (
1798 3624 1878 3650 sec.
1910 3608 2094 3649 Probum
2117 3607 2170 3648 ad.
2202 3608 2322 3661 Virg.
2344 3608 2495 3659 Georg.
2517 3608 2537 3645 I
2551 3637 2561 3655 ‚
2590 3619 2656 3646 20.

1427 3675 1575 3716 AElian.
1611 3674 1664 3713 N.
1687 3675 1768 3713 An.
1792 3673 1879 3721 VI,
1906 3674 1959 3720 42
1979 3672 1994 3725 )
2018 3669 2129 3710 idem
2151 3670 2203 3710 sit
2232 3684 2328 3710 cum
2355 3670 2497 3723 Satyro
2520 3682 2657 3721 capra-

1427 3751 1521 3777 rum
1546 3736 1640 3776 deo.
1659 3734 1709 3774 Id
1731 3748 1827 3774 vero
1857 3733 2055 3788 Libycam
2077 3731 2210 3772 cultus
2236 3731 2435 3784 originem
2456 3727 2629 3783 prodere
2644 3758 2654 3777 ,

1424 3807 1464 3839 et
1482 3797 1650 3839 Crathin
1665 3812 1715 3837 ex
1729 3796 1864 3851 libyco
1888 3794 2025 3843 ikerri,
2045 3795 2072 3834 i.
2099 3809 2135 3834 e.
2157 3808 2326 3850 caprum
2340 3824 2350 3840 ‚
2370 3788 2657 3830 deducendum

1425 3875 1525 3901 esse.
1551 3858 1678 3912 Quod
1706 3858 1875 3898 fortasse
1898 3856 2034 3912 paullo
2056 3856 2216 3909 longius
2238 3854 2411 3909 petitum
2443 3860 2517 3891 est.
2552 3852 2656 3890 Nam

1425 3923 1601 3963 recurrit
1612 3920 1817 3962 Crathidis
1837 3920 1950 3959 fluvii
1966 3932 2119 3958 nomen
2137 3918 2180 3957 in
2200 3915 2367 3963 Achaia,
2380 3922 2419 3953 et
2437 3913 2487 3953 ab
2499 3912 2658 3952 Achaeis

1427 3985 1581 4026 colonis
1605 3983 1715 4024 idem
1735 3997 1886 4022 nomen
1903 3981 2028 4021 Italiae
2047 3980 2194 4019 ssuvius
2215 3977 2351 4018 tulisse
2372 3974 2524 4024 fertur,
2544 3982 2584 4014 et
2607 3973 2658 4014 ab
