2808 4342
42 180 189 240 (δῦσα)

38 300 167 340 μενος.
237 283 372 327 Τοῦτο
393 276 497 323 δὲτὸ
516 277 665 339 χωρίον
687 277 904 341 ἀφετήριόν
928 280 1015 324 ἐστι
1031 282 1109 324 τῶν
1132 279 1186 331 εἷς
1200 280 1268 326 τὸν

37 350 195 396 Πόντον
218 347 440 394 πλεόντων.
510 346 814 393 Εἶσπλεύσαντι
854 346 896 392 δὲ
927 350 983 399 εἷς
1004 346 1070 392 τὸν
1096 348 1269 405 Πόντον,

43 418 175 472 δεξιὰν
195 417 268 471 τὴν
289 416 426 462 Ἀσίαν
444 415 577 478 ἔχοντι
596 415 666 460 καὶ
686 414 945 477 περιπλέοντι
966 416 1012 461 τὸ
1031 416 1269 476 λειπόμενον

38 489 159 551 μέρος
182 490 252 531 τοῦ
277 489 457 532 Βιθυνῶν
485 485 644 542 ἔθνους,
664 484 709 529 τὸ
733 485 831 546 πρὸς
852 487 911 547 τῷ
947 484 1092 547 Πόντῳ
1126 485 1270 543 κείμε-

0 570 16 599 ⁵
38 574 131 616 νον,
151 559 172 601 ὃ
193 555 413 618 περίπλους
433 553 559 606 οὕτως
580 553 685 615 ἔχει.

371 698 601 734 ΒΙΘΥΝΙΑΣ
623 695 938 732 ’ΠΕΡΙΠΛΟΥΣ

99 834 137 864 8.
174 815 274 863 Ἀπὸ
292 815 424 876 Ἱεροῦ
450 812 543 865 Διὸς
563 812 717 874 Ο-ὗρίου
741 815 795 865 εἷς
818 812 978 868 Ῥήὸαν
995 812 1179 873 ποταμὸν
1197 811 1274 857 εἶσὶ

38 885 194 929 στάδιοι
212 884 263 943 4'.
333 881 431 928 Ἀπὸ
463 881 505 927 δὲ
528 881 664 936 Ῥήὸα
688 881 754 927 ἐπὶ
777 882 993 928 Μέλαιναν
1017 882 1146 943 ἄκραν
1169 882 1269 926 στά-

37 954 114 998 διοι
138 952 212 1014 ρν’.
239 951 368 1013 [Ἀπὸ
391 951 601 1006 Μελαίνης
626 951 753 1013 ἄκρας
781 953 835 1003 εἷς
865 950 1060 1013 Ἀρτάνην
1089 950 1273 1009 ποταμὸν

0 1035 16 1065 t)
37 1021 108 1067 καὶ
125 1021 275 1083 χωρίον
299 1020 445 1066 στάδια
465 1020 521 1082 ρν’
540 1022 574 1082 ]·
595 1019 680 1081 ἔχει
698 1019 739 1064 δὲ
759 1020 830 1064 καὶ
849 1019 1029 1079 λιμένιον
1052 1020 1279 1080 πορθμίοις,

37 1092 285 1152 παράκειται
305 1090 431 1135 δὲκαὶ
446 1089 583 1145 νησίον
603 1089 625 1134 ὃ
648 1089 842 1141 σκεπάζει
857 1089 924 1134 τὸν
941 1088 1105 1148 λιμένα.
1174 1088 1271 1134 Ἀπὸ

38 1158 228 1221 Ἀρτάνου
267 1164 456 1217 ποταμοῦ
491 1161 546 1210 εἷς
578 1158 760 1206 Ψίλλιον
797 1158 983 1218 ποταμὸν
1018 1158 1088 1203 καὶ
1124 1157 1274 1219 χωρίον

39 1228 197 1273 στάδιοι
224 1228 307 1290 ρμ’.
333 1227 464 1289 [Ἀπὸ
501 1227 686 1274 Ψιλλίου
707 1231 894 1286 ποταμοῦ
932 1229 985 1278 εἰς
1011 1226 1191 1272 Κάλπαν
1214 1227 1275 1270 λι·

39 1295 142 1355 μένα
165 1297 235 1341 καὶ
258 1295 443 1355 ποταμὸν
469 1296 626 1341 στάδιοι
650 1296 702 1340 σι’
718 1314 727 1324 ·
750 1294 766 1358 ]
792 1299 910 1340 τοῦτο
938 1295 979 1340 δὲ
1003 1294 1049 1339 τὸ
1080 1294 1273 1356 ἐμπόριόν

0 1376 17 1405 ⁵
39 1366 148 1411 ἔστιν
173 1365 477 1427 Ἡρακλεωτῶν
493 1399 506 1421 ,
532 1365 602 1410 καὶ
626 1365 810 1424 ποταμὸν
837 1363 922 1425 ἔχει
942 1364 1012 1408 καὶ
1035 1362 1181 1423 λιμένα
1202 1381 1276 1407 κα·

38 1435 126 1482 λόν.
195 1434 294 1479 Ἀπὸ
317 1435 475 1480 Κάλπα
498 1438 686 1494 ποταμοῦ
708 1436 763 1485 εἷς
793 1434 979 1479 Θυνιάδα
1015 1435 1137 1487 νῆσον
1174 1432 1276 1476 στά-

40 1503 116 1548 διοι
136 1501 184 1555 ξ’.
250 1501 352 1548 Ἀπὸ
371 1502 574 1554 Θυνιάδος
604 1502 728 1557 νήσου
750 1503 804 1552 εἷς
823 1500 1057 1562 Σαγγάριόν
1091 1498 1275 1558 ποταμὸν

39 1572 202 1618 πλωτὸν
225 1571 382 1617 στάδιοι
399 1571 449 1616 σ’.
471 1571 568 1617 Ἀπὸ
589 1570 826 1630 Σαγγαρίου
842 1574 1030 1630 ποταμοῦ
1051 1571 1105 1621 εἷς
1123 1567 1275 1615 εΎπιον

29 1633 229 1700 ’ποταμὸν
250 1642 411 1687 στάδιοι
436 1641 517 1702 ρπ’.
585 1640 683 1686 Ἀπὸ
703 1639 851 1686 Ὑπίου
881 1643 1070 1697 ποταμοῦ
1101 1640 1155 1689 εἷς
1173 1637 1275 1683 Δίαν

0 1725 18 1753 0
40 1711 158 1757 πόλιν
181 1711 339 1760 στάδιοι
362 1709 411 1762 ξ’·
433 1709 519 1771 ἔχει
539 1709 581 1754 δὲ
605 1708 674 1754 καὶ
694 1707 890 1770 ὕφορμον.
960 1707 1059 1752 Ἀπὸ
1081 1707 1180 1757 Δίας
1197 1706 1277 1751 πόα-

40 1781 143 1831 λεως
174 1782 229 1830 εἷς
263 1776 436 1824 Ἔλαιον
469 1776 654 1836 ποταμὸν
696 1777 768 1821 καὶ
801 1776 996 1837 ἐμπόριον
1033 1775 1189 1820 στάδιοι
1224 1775 1272 1834 ζ’.

41 1848 139 1895 Ἀπὸ
162 1846 332 1894 Ἐλαίου
366 1850 555 1904 ποταμοῦ
591 1845 658 1889 ἐπὶ
679 1845 749 1888 τὸν
789 1845 965 1899 Κάλητα
988 1842 1175 1902 ποταμὸν
1207 1842 1278 1887 καὶ

40 1916 236 1977 ἐμπόριον
261 1915 419 1960 στάδιοι
441 1915 518 1976 ρκ’.
586 1912 688 1958 Ἀπὸ
707 1916 777 1957 τοῦ
805 1914 996 1967 Κάλητος
1016 1916 1205 1971 ποταμοῦ
1224 1914 1279 1962 εἷς

43 1985 296 2031 Ἡλάκλειαν
320 1983 438 2028 πόλιν
473 1980 669 2041 μεγίστην
694 1979 849 2025 στάδιοι
875 1979 936 2028 π’.
1005 1979 1117 2026 Ἀπὸ,
1141 1979 1183 2024 δὲ
1207 1983 1279 2034 τῆς

1 2069 19 2097 5
42 2053 290 2116 εΗρακλείας
311 2055 365 2104 εἷς
386 2051 505 2097 πόλιν
529 2049 807 2096 Ἀπολλωνίαν
821 2084 835 2107 ‚
860 2047 932 2104 τὴν
955 2051 995 2094 ἐν
1017 2053 1067 2111 τῇ
1095 2047 1276 2110 Εὐρώπῃ

41 2127 82 2170 ἐν
105 2125 163 2186 τῷ
187 2125 367 2184 Θρᾳκῶν
399 2121 502 2167 ἔθνει
534 2118 782 2180 καταντικρὺ
803 2118 1010 2177 κειμένην,
1042 2118 1198 2163 στάδιοι
1219 2136 1275 2180 Ια.

44 2195 99 2241 Οἱ
121 2191 269 2243 πάντες
286 2190 366 2235 ἀπὸ
384 2190 512 2251 Ἱεροῦ
533 2188 626 2239 Διὸς
648 2187 800 2249 Οὐρίου
815 2189 869 2237 εἷς
891 2186 1008 2230 πόλιν
1027 2185 1278 2246 ζΗράκλειαν

45 2261 123 2308 εἶσὶ
158 2259 385 2321 [στάδιοι]
440 2257 566 2320 Ιαφλ’·
606 2258 671 2301 ἐπ’
706 2254 871 2306 εὐθείας.
910 2253 952 2299 δὲ
999 2253 1164 2298 πλέοντι
1199 2252 1280 2296 ἀπὸ

45 2333 114 2374 τοῦ
140 2327 268 2390 Ἱεροῦ
303 2329 358 2378 εἷς
382 2326 635 2388 Ἡράκλειαν
672 2323 789 2369 πόλιν
825 2323 981 2368 στάδιοι
1011 2322 1111 2383 Ιασ’.
1180 2321 1279 2366 Ἀπὸ

44 2511 87 2542 et
101 2501 361 2556 sequentium
377 2500 606 2553 segminum
626 2498 914 2551 inscriptiones
930 2497 973 2536 in
986 2510 1061 2536 sua
1079 2495 1286 2536 transtulit

47 2566 292 2618 Anonymus
303 2593 314 2612 ,
330 2575 454 2616 quem
473 2561 582 2601 vide.
613 2563 628 2615 ΙΙ
641 2563 763 2608 -40
774 2573 866 2613 sqq.
889 2559 979 2599 Hoc
994 2572 1159 2611 segmen
1177 2566 1286 2597 tran-

49 2626 212 2680 scripsit
247 2627 491 2678 Anonymus
521 2626 543 2676 S
568 2637 605 2665 1.
644 2626 736 2679 u—
768 2635 804 2662 1.
837 2620 905 2668 εἰς
940 2620 1026 2661 τὸν
1063 2620 1284 2674 Πόντον]

51 2688 110 2727 5ἰο
134 2685 247 2736 cod.;
279 2679 373 2725 ante
394 2684 602 2726 Millerum
631 2684 832 2726 editiones
864 2696 873 2723 :
910 2681 960 2729 εἰς
996 2682 1161 2722 Πόντον.
1192 2682 1207 2736 ΙΙ
1233 2706 1289 2712 -

53 2749 93 2789 3.
118 2748 170 2788 λε
182 2763 192 2787 ι
204 2748 263 2790 πό
277 2747 445 2802 μενον]
462 2746 678 2803 λεγόμενον
695 2744 828 2787 codex
849 2745 1058 2799 Anonymi
1077 2751 1283 2798 corrupte.

51 2811 331 2863 Distinguitur
349 2809 553 2864 Bithyniae
575 2824 648 2850 ora
668 2809 761 2849 ostii
783 2807 944 2847 Pontici
968 2806 1154 2846 saucibus
1176 2805 1287 2860 adja-

51 2887 147 2913 cens
171 2873 223 2913 ab
243 2887 289 2912 ea
316 2886 407 2925 quae
436 2886 617 2926 expanso
636 2872 810 2912 obversa
824 2878 883 2910 est
903 2869 1021 2909 mari.

109 2938 192 2987 58,
214 2934 242 2974 l.
267 2947 306 2987 7,
340 2931 482 2985 Ῥηόὰν
506 2943 546 2974 et
568 2949 667 2975 mox
695 2931 816 2984 Ῥηὸὰ
846 2931 940 2972 cod.
974 2933 1072 2972 Post
1094 2945 1132 2971 v.
1169 2929 1290 2982 Ῥήὸα

53 3001 297 3051 Anonymus
330 2994 445 3035 addit
466 2995 622 3037 πλέοντι
645 2996 682 3037 ἐν
706 2999 754 3051 τῇ
780 2993 906 3049 δεξιᾷ,
930 3008 980 3034 ex
1001 2993 1188 3034 Arriano.
1209 2994 1290 3034 Pro

54 3057 203 3096 στάδιοι
225 3065 265 3097 et
305 3057 348 3097 h.
374 3057 400 3097 l.
427 3066 467 3098 et
499 3059 541 3098 in
576 3073 666 3114 sqq.
695 3058 939 3113 plerumque
970 3054 1106 3096 editur
1138 3056 1288 3097 στάδια.

53 3121 103 3158 In
121 3133 197 3159 ms.
228 3119 357 3159 Paris.
382 3127 429 3159 ut
451 3120 679 3175 plurimum
708 3127 900 3160 exaratur
919 3119 1045 3169 σταδ.;
1070 3126 1112 3158 at
1132 3117 1201 3158 ubi
1230 3118 1292 3158 in-

55 3181 177 3232 tegris
201 3179 326 3220 literis
356 3195 497 3221 vocem
517 3181 649 3222 codex
673 3181 818 3230 habet,
854 3194 1015 3236 semper
1035 3188 1095 3221 est
1117 3180 1288 3230 στάδιοι,

55 3255 297 3295 semperque
319 3241 472 3282 dicitur
514 3244 552 3284 οἱ
583 3245 720 3291 πάντες
751 3242 825 3284 εἶσὶ
854 3244 963 3284 σταδ.
993 3243 1009 3298 ΙΙ
1043 3267 1098 3274 -
1117 3258 1159 3296 9.
1198 3242 1291 3284 ἀπὸ

56 3303 96 3342 Μ
110 3317 126 3342 ε
138 3302 195 3342 λα
207 3304 217 3342 ί
229 3318 279 3354 νη
294 3319 310 3350 ς
328 3303 415 3343 κτλ.
434 3305 449 3358 ]
468 3305 630 3346 Inclusa
647 3306 832 3361 supplevi
860 3320 910 3346 ex
932 3308 1169 3360 Anonymo.
1187 3305 1291 3346 Vul-

57 3371 150 3416 gata
167 3364 210 3403 in
240 3377 423 3404 errorem
442 3365 606 3406 induxit
624 3368 888 3406 Mannertum
909 3369 984 3414 VI,
1021 3381 1062 3416 2,
1083 3381 1126 3420 p.
1153 3367 1248 3408 605.
1273 3369 1288 3422 ss

57 3449 113 3455 —
142 3438 208 3466 10.
232 3425 522 3482 πορθμίοις]
549 3428 736 3482 πορθμοῖς
760 3427 872 3478 cod.;
892 3443 972 3468 em.
994 3428 1184 3469 Hudson.
1214 3432 1293 3470 Ar-

57 3489 160 3527 rian.
188 3496 229 3529 et
250 3491 495 3543 Anonymus
518 3502 528 3529 :
562 3489 725 3530 ἐνταῦθα
758 3490 875 3544 ὅρμος
901 3489 1011 3529 ναυσὶ
1039 3493 1188 3544 μικραῖς
1203 3491 1294 3545 πρὸς

56 3550 149 3604 ἷερῷ
171 3549 398 3605 Ἀφροδίτης.
426 3552 440 3603 ΙΙ
467 3575 523 3581 -
541 3565 606 3592 12.
631 3550 665 3591 ’A
678 3566 732 3605 ρτ
745 3552 797 3591 άν
810 3553 890 3606 ου]
918 3550 1115 3606 Ἀρτάννου
1144 3553 1237 3594 cod.
1255 3562 1295 3594 et

59 3611 176 3650 editt.
209 3612 224 3664 ΙΙ
247 3635 303 3642 -
318 3611 565 3667 Ψίλλιον]
589 3613 737 3653 Ψίλλιν
755 3614 939 3663 Arrian.,
961 3614 1138 3659 Ψίλλιδα
1153 3617 1291 3656 Anon.

60 3674 115 3712 V.
133 3680 222 3712 not.
244 3672 296 3711 ad
314 3674 479 3714 A‘rrian.
502 3677 608 3728 §17.
632 3675 648 3729 ΙΙ
670 3699 726 3706 -—-
746 3676 810 3715 13.
834 3677 1034 3717 στάδιοι
1060 3691 1079 3729 ρ
1095 3674 1159 3730 μ’]
1179 3678 1288 3718 σταδ.

62 3737 121 3788 ⁶'·i'
140 3734 256 3789 (²90)
275 3733 421 3776 codex.
443 3737 536 3776 Non
548 3737 731 3791 sphalma
746 3737 899 3778 librarii
921 3739 1096 3787 correxi,
1115 3738 1186 3779 sed
1204 3740 1290 3780 ine-

61 3797 189 3851 ptiam
221 3795 307 3849 ejus
329 3798 399 3851 qui
435 3798 597 3839 turbata
629 3800 670 3839 in
703 3799 891 3840 ordinem
925 3799 1109 3853 redigere
1144 3801 1288 3843 voluit.

62 3857 220 3898 Scilicet
239 3858 369 3899 stadia
402 3859 494 3909 150,
526 3875 618 3915 quae
647 3860 912 3911 exciderunt,
947 3862 1113 3916 quidam
1133 3863 1292 3904 addidit

60 3934 236 3960 numero
245 3922 449 3974 proximo,
462 3930 504 3962 ut
516 3937 717 3963 summam
731 3923 933 3964 obtineret
948 3924 1188 3976 stadiorum,
1203 3940 1293 3980 quzt·

63 3994 193 4036 usque
221 3981 272 4022 ad
303 3983 537 4024 Heracleam
562 3984 808 4037 colliguntur
838 3985 956 4026 1530.
981 3987 1124 4040 Itaque
1141 3988 1293 4041 reposi-

854 177 1124 223 EPITOME
1161 178 1398 226 PERIPLl
1433 179 1741 227 MENIPPEI.

2481 178 2572 237 569⁵

1345 287 1507 329 solvunt
1529 289 1573 329 in
1600 290 1777 330 Pontum
1808 291 2056 345 navigantes,
2116 295 2166 334 In
2187 295 2365 336 Pontum
2386 310 2481 336 vero
2502 312 2573 338 na-

1346 378 1521 430 viganti,
1543 378 1681 419 Asiam
1703 378 1889 420 dextram
1911 379 2093 430 habenti,
2126 389 2166 422 et
2187 390 2345 437 partem
2374 384 2574 440 reliquam

1345 464 1617 518 Bithynorum
1648 466 1869 520 provinciae
1901 467 2289 522 circumnaviganti‚
2321 484 2411 524 quae
2442 474 2574 514 Ponto

1342 534 1515 603 adjacet,
1533 550 1713 605 per-ipius
1733 552 1775 591 in
1793 551 1903 592 hunc
1920 552 2093 594 modum
2115 567 2158 594 se
2183 554 2319 596 habet.

1693 705 1839 736 BI'rnY
1847 706 1874 737 N
1882 706 1897 737 1
1905 707 1945 737 AE
1984 707 2226 740 PERIPLUS.

1383 821 1444 881 Ν8.
1478 822 1514 862 A
1536 820 1686 875 templo
1715 822 1827 862 Jovis
1850 823 1939 863 Uiii
1962 822 2014 863 ad
2037 823 2220 865 Rhebam
2244 825 2416 867 fluvium
2446 826 2575 869 stadia

1349 896 1444 927 sunt
1463 901 1529 941 90.
1591 891 1627 929 A
1647 889 1787 929 Rheba
1805 889 1856 930 ad
1870 890 2081 931 Melaenam
2100 895 2432 946 promontorium
2447 894 2576 937 stadia

1354 957 1444 998 150.
1481 958 1496 1011 [
1513 960 1553 997 A
1579 957 1751 998 Meloena
1763 959 2043 1013 promontorio
2065 960 2123 999 ad
2145 963 2516 1016 Artanenfluvium
2537 973 2577 1005 et

1349 1026 1559 1066 castellam
1568 1026 1710 1066 stadia
1727 1028 1826 1082 150]
1842 1044 1852 1077 ;
1867 1028 1989 1068 habet
1999 1037 2135 1069 autem
2151 1030 2214 1070 his
2228 1031 2340 1072 locus
2356 1041 2396 1072 et
2406 1042 2575 1087 portum

1350 1094 1570 1144 naviculis3
1597 1093 1753 1147 adjacet
1775 1095 1894 1134 etiam
1923 1095 2054 1135 insula
2082 1110 2172 1150 quoe
2195 1100 2368 1152 protegit
2388 1108 2574 1153 portum.

1350 1164 1415 1205 Ab
1444 1169 1598 1206 Artane
1627 1167 1753 1206 fluvio
1785 1166 1837 1206 ad
1874 1167 2055 1207 Psillium
2087 1169 2259 1209 fluvium
2294 1178 2335 1210 et
2370 1172 2578 1213 castellum

1350 1236 1480 1277 stadia
1515 1240 1606 1286 140.
1669 1240 1704 1278 A
1738 1238 1874 1279 Psillio
1898 1240 2023 1279 fluvio
2057 1239 2108 1280 ad
2142 1241 2307 1296 Calpam
2339 1251 2508 1296 portum
2538 1254 2580 1286 et

1350 1309 1524 1350 fluvium
1552 1309 1682 1350 stadia
1705 1323 1810 1359 210;
1850 1311 1929 1351 hoc
1964 1313 2194 1366 emporium
2230 1322 2290 1354 cst
2320 1316 2578 1357 Heracleota-

1349 1396 1460 1431 rum,
1479 1389 1518 1422 et
1537 1382 1709 1422 fluvium
1723 1382 1846 1423 habet
1864 1391 1904 1422 et
1922 1391 2088 1437 portum
2105 1385 2339 1438 pulchrum.
2401 1391 2436 1428 A
2458 1390 2581 1443 Calpa

1350 1455 1475 1494 fluvio
1492 1454 1545 1494 ad
1562 1453 1818 1509 Thyniadem
1842 1443 2014 1496 insulam
2033 1456 2162 1497 stadia
2183 1461 2251 1498 60.
2310 1462 2343 1499 Α
2369 1460 2583 1514 Thyniade

1350 1525 1483 1565 insula
1502 1524 1554 1565 ad
1576 1526 1818 1579 Sangarium
1843 1526 2015 1567 fluvium
2036 1527 2303 1580 navigabilem
2325 1529 2453 1570 stadia
2483 1545 2577 1574 200.

1351 1600 1387 1638 A
1419 1599 1614 1652 Sangario
1650 1599 1777 1639 fluvio
1814 1599 1866 1639 ad
1899 1601 2082 1654 Hypium
2114 1601 2287 1642 fluvium
2323 1603 2452 1644 stadia
2488 1608 2579 1648 180.

1350 1671 1416 1711 Ab
1435 1672 1571 1727 Hypio
1603 1673 1729 1712 fluvio
1751 1672 1803 1713 ad
1826 1674 1946 1714 Diam
1970 1675 2174 1715 civitatem
2201 1675 2331 1716 stadia
2354 1681 2432 1727 60;
2460 1678 2584 1722 habet

1351 1754 1487 1785 autem
1502 1753 1542 1786 et
1558 1746 1773 1785 stationem
1789 1746 1976 1787 navibus.
2036 1750 2073 1788 A
2093 1749 2169 1788 Dia
2181 1749 2343 1789 civitate
2362 1749 2413 1790 ad
2425 1751 2582 1793 Elaeum

1353 1817 1524 1856 fluvium
1547 1826 1586 1858 et
1604 1819 1837 1872 emporium
1866 1820 1996 1860 stadia
2019 1835 2087 1873 90.
2147 1821 2212 1862 Ab
2234 1822 2343 1863 Elaeo
2376 1824 2502 1865 fluvio
2530 1825 2583 1866 ad

1352 1888 1529 1928 Caletem
1561 1889 1732 1930 fluvium
1754 1899 1794 1930 et
1822 1893 2054 1946 emporium
2084 1893 2213 1935 stadia
2239 1909 2332 1937 120.
2392 1899 2428 1938 A
2448 1898 2584 1938 Calete

1352 1961 1477 2000 fluvio
1502 1960 1555 2001 ad
1572 1962 1809 2002 Heracleam
1835 1963 1978 2004 urbem
2000 1948 2221 2006 maximam
2239 1967 2368 2008 stadia
2389 1970 2456 2010 80.
2517 1969 2584 2009 Ab

1352 2033 1548 2074 Heraclea
1569 2034 1621 2074 ad
1640 2035 1900 2088 Apolloniam
1919 2036 2064 2076 urbem
2083 2039 2261 2093 Europae
2274 2070 2286 2089 ,
2312 2041 2353 2080 in
2374 2041 2583 2082 Thracum

1355 2107 1566 2159 provincia
1580 2121 1602 2146 e
1617 2108 1783 2159 regione
1797 2109 1987 2161 positam,
2005 2109 2136 2150 stadia
2160 2125 2261 2152 1000
2281 2113 2297 2164 (
2313 2112 2402 2154 deb.
2425 2127 2533 2156 2000
2549 2117 2582 2167 ).

1356 2179 1504 2217 Omnia
1535 2192 1558 2218 a
1581 2178 1679 2218 sano
1710 2179 1823 2218 Jovis
1846 2179 1938 2218 Urii
1960 2179 2012 2219 ad
2036 2180 2182 2220 urbem
2214 2183 2450 2224 Heracleam
2474 2186 2583 2237 [sta-

1351 2249 1447 2304 dia]
1469 2258 1567 2289 sunt
1587 2250 1708 2291 1530.

1352 2321 1403 2361 ad
1423 2321 1662 2361 Heracleam
1679 2320 1808 2361 stadia
1827 2329 1923 2361 sunt
1949 2335 2068 2363 1200.

1770 2252 1819 2289 In
1838 2249 2041 2291 directum
2065 2266 2161 2292 vero
2183 2254 2392 2307 naviganti
2420 2270 2443 2295 a
2470 2258 2583 2297 Fano

2128 2323 2193 2364 Ab
2217 2325 2411 2366 Heraclea
2432 2326 2483 2366 ad
2506 2329 2583 2368 Po-

1351 2497 1403 2536 tis
1427 2494 1567 2535 stadiis
1592 2495 1678 2534 istis
1702 2493 1792 2543 150,
1814 2508 1890 2548 pro
1913 2509 1993 2548 290
2013 2496 2155 2550 scripsi
2189 2500 2280 2545 140.
2305 2500 2503 2541 Arrianus
2532 2516 2583 2542 ex

1351 2570 1483 2610 eoque
1519 2558 1762 2610 Anonymus
1791 2556 1842 2595 ab
1883 2560 2035 2596 Artane
2064 2556 2115 2596 ad
2153 2558 2305 2599 Psillim
2343 2570 2583 2616 computant

1352 2618 1458 2658 stad.
1484 2618 1577 2658 150.
1607 2618 1623 2671 Η
1659 2641 1715 2648 -
1748 2618 1813 2657 13.
1850 2617 1939 2658 ἀπὸ
1962 2618 2319 2676 Ψιλλίουκτλ.]
2346 2622 2508 2664 Inclusa
2531 2638 2582 2665 ex

1351 2673 1576 2735 'Anonymo
1602 2681 1766 2719 inserta.
1793 2679 1976 2720 Millerus
1997 2695 2082 2721 non
2104 2695 2179 2721 suo
2205 2681 2295 2723 loco
2317 2683 2583 2727 collocaverat

1352 2751 1447 2798 post
1465 2757 1505 2783 ν.
1533 2742 1597 2783 καὶ
1626 2741 1708 2796 ἔχει
1722 2741 1860 2796 λιμένα
1884 2742 2018 2783 καλόν.
2047 2744 2062 2797 ΙΙ
2087 2767 2144 2774 -
2162 2757 2226 2795 19.
2250 2744 2343 2786 ἀπὸ
2372 2746 2541 2802 Κάλπηα
2562 2749 2578 2803 ]

1356 2805 1430 2847 ἀπὸ
1450 2805 1605 2852 Κάλπας
1620 2804 1732 2855 cod.;
1749 2819 1789 2845 v.
1811 2813 1899 2845 not.
1917 2805 1969 2845 ad
1984 2806 2147 2847 Arrian.
2174 2810 2196 2859 §
2215 2809 2280 2849 18.
2301 2809 2316 2862 ΙΙ
2339 2832 2395 2839 -
2409 2808 2500 2849 θυν
2515 2825 2525 2848 ι
2538 2811 2580 2849 ά·

1354 2869 1407 2908 δα
1423 2869 1438 2923 ]
1462 2867 1650 2907 Βουνίαδα
1667 2874 1707 2907 et
1722 2880 1817 2906 mox
1835 2865 2019 2914 Οὖνίαδος
2038 2867 2151 2918 cod.;
2169 2883 2251 2910 em.
2275 2869 2464 2911 Hudson.
2493 2872 2510 2925 ll
2527 2895 2583 2902 —

1359 2945 1423 2984 17.
1438 2931 1675 2985 Σαγγάρειον
1685 2929 1797 2979 cod„
1809 2944 1889 2970 em.
1903 2930 2053 2971 Miller.
2075 2930 2219 2984 11-18,
2234 2933 2366 2972 σταδ.
2391 2931 2428 2972 σ’
2441 2933 2456 2987 ]
2470 2935 2579 2974 σταδ.

1355 2992 1397 3047 γ’
1408 2992 1502 3032 cod.
1516 2994 1578 3032 Ex
1590 2991 1748 3031 Arriani
1761 2999 1958 3045 computo
1970 3005 2051 3031 em.
2066 2991 2172 3032 Gaii.
2183 2992 2234 3031 ad
2247 2994 2411 3033 Arrian.
2426 3008 2468 3048 p.
2489 2997 2580 3036 108.

1361 3055 1376 3108 Η
1398 3078 1455 3084 -
1475 3068 1539 3108 19.
1561 3053 1677 3093 Δίαν
1703 3052 1881 3106 πόλιν]
1904 3052 1989 3100 Διὸς
2008 3052 2121 3094 πόλιν
2140 3067 2163 3092 e
2184 3053 2402 3094 Ptolemaeo
2417 3054 2493 3107 legi
2512 3069 2582 3095 vo·

1356 3116 1431 3156 luit
1445 3115 1633 3156 Hudson.
1648 3116 1701 3154 V.
1720 3122 1808 3154 not.
1836 3114 1885 3154 ad
1907 3116 2126 3166 Arr.§18.
2158 3115 2173 3168 ΙΙ
2199 3138 2254 3145 --
2273 3127 2341 3156 21.
2360 3117 2491 3157 στάδ.
2512 3119 2579 3172 [ι’]

1356 3177 1460 3219 stad.
1487 3192 1563 3218 100
1578 3191 1657 3217 sec.
1676 3178 1883 3230 Anonym.
1900 3176 2005 3216 Dein
2023 3175 2096 3216 ἀπὸ
2112 3175 2152 3216 δὲ
2169 3175 2325 3216 Ἐλαίου
2347 3177 2463 3218 editt.
2488 3187 2582 3219 ante

1356 3241 1575 3289 Millerum,
1591 3238 1870 3280 eontrafidem
1887 3238 2009 3278 codd.
2041 3239 2168 3279 Paris.
2195 3247 2235 3279 et
2248 3241 2345 3280 Vat.
2365 3240 2382 3294 Η
2412 3253 2480 3281 22.
2510 3242 2583 3282 Κά-

1356 3303 1461 3354 ληπα
1481 3311 1521 3342 et
1545 3301 1639 3342 dein
1662 3300 1841 3352 Κάληπος
1863 3299 1975 3350 cod.;
2007 3315 2058 3341 ex
2087 3301 2264 3341 Arriano
2293 3302 2581 3355 corrigendum

1357 3379 1442 3404 esse
1459 3365 1619 3403 monuit
1630 3362 1819 3403 Hudson.
1843 3364 1858 3415 Η
1874 3386 1928 3392 -
1944 3365 2011 3410 24.
2034 3378 2085 3402 στ
2097 3363 2120 3401 ά
2133 3363 2169 3402 δ.
2191 3362 2231 3403 π’
2251 3364 2264 3418 ]
2282 3363 2417 3414 Stadia
2430 3366 2483 3405 80
2498 3380 2578 3406 sec.

1357 3428 1580 3468 Arrianum
1601 3434 1641 3466 et
1664 3429 1928 3480 Anonymum
1956 3426 2117 3464 nonnisi
2138 3424 2188 3465 ad
2218 3427 2373 3478 Lycum
2394 3426 2435 3465 ss.
2457 3428 2582 3480 perti·

1358 3497 1469 3537 nent,
1492 3503 1515 3528 a
1533 3502 1615 3542 quo
1633 3487 1710 3527 alia
1731 3496 1826 3527 sunt
1848 3486 1976 3527 stadia
2002 3500 2054 3527 2ο
2070 3500 2197 3540 usque
2215 3486 2267 3526 ad
2286 3486 2538 3528 Heracleam.
2561 3489 2577 3542 ΙΙ

1357 3554 1479 3590 -26.
1501 3565 1523 3589 σ
1534 3565 1555 3589 τ
1567 3550 1635 3588 άδ.
1652 3549 1719 3605 Λα]
1739 3548 1921 3588 Debebat
1934 3548 2042 3587 σταδ.
2061 3548 2117 3603 Ιβ.
2136 3548 2347 3601 Corrigere
2362 3563 2444 3588 non
2460 3563 2583 3589 ausus

1359 3604 1464 3661 suin,
1490 3625 1619 3665 quum
1642 3610 1751 3650 idem
1768 3611 1911 3650 vitium
1934 3609 2018 3663 jam
2041 3610 2237 3664 repererit
2256 3612 2512 3664 Anonymus,
2538 3618 2583 3651 ut

1361 3689 1410 3714 ex
1448 3672 1605 3727 adjecto
1655 3672 1938 3712 milliariorum
1981 3685 2153 3711 numero
2202 3671 2419 3723 colligitur.
2472 3673 2487 3724 Η
2527 3694 2584 3703 -

1361 3738 1429 3777 28.
1474 3736 1619 3775 στάδιοι
1650 3749 1770 3789 supp.
1810 3734 2006 3774 Millerus.
2033 3734 2048 3786 ΙΙ
2073 3729 2314 3788 -ἸαφλἼ
2354 3733 2582 3773 Numerum

1362 3797 1605 3837 confirmant
1624 3810 1713 3850 quae
1725 3795 1828 3836 infra
1846 3796 2034 3849 leguntur
2052 3794 2103 3834 de
2118 3796 2280 3847 Sinope,
2299 3807 2421 3847 quam
2440 3801 2583 3835 auctor

1362 3860 1412 3900 ab
1435 3860 1562 3899 Hiero
1589 3859 1710 3912 3570,
1731 3858 1782 3898 ab
1814 3857 2007 3898 Heraclea
2038 3859 2146 3904 2040
2175 3855 2314 3894 stadiis
2344 3855 2493 3896 distare
2527 3857 2584 3897 ait

1365 3924 1379 3974 (
1401 3920 1875 3975 3570—2040zl53o).
1895 3923 2134 3973 Anonymus
2146 3931 2230 3956 esse
2245 3917 2439 3957 aitstadia
2460 3918 2579 3968 1550.

1364 3993 1463 4039 quot
1500 3985 1619 4024 ctiam
1653 3998 1676 4023 e
1708 3981 1875 4035 singulis
1912 3981 2072 4022 Arriani
2114 3981 2292 4020 numeris
2321 3979 2581 4033 colliguntur.
