2756 4354
662 48 703 91 ο

153 193 310 237 usu
477 188 523 232 Ο

233 334 337 381 ιο5.
354 330 615 379 Grandiora
625 343 766 390 opera
780 341 921 388 quum
935 325 984 370 in
997 320 1231 368 communi
1243 320 1397 367 litera·

158 415 261 456 rum
289 405 530 466 nauh-agio
550 413 724 450 tantum
743 416 835 447 non
851 397 1005 444 omnia
1026 395 1168 441 moles
1190 410 1274 441 sua
1288 410 1397 457 per-

158 484 351 541 diderit,
372 482 463 529 laeti
487 495 573 526 nos
605 477 882 524 levissimam
916 469 1171 532 quamlibet
1203 470 1395 518 navicu·

158 562 248 607 lam
263 556 520 618 excipimus
532 588 546 611 ,
567 552 642 597 cui
659 550 793 595 salvae
808 549 904 593 sive
925 546 1045 592 laesae
1061 545 1119 591 ad
1137 545 1394 592 citeriorem

161 644 335 680 oetatem
357 637 637 675 transnatare
655 621 916 680 contigerit.
936 620 1107 667 Eorum
1127 635 1184 666 ex
1201 635 1394 667 numero

158 705 482 768 opusculorum
507 709 661 745 nostra
673 697 769 742 haec
791 695 1043 758 periegesis
1063 706 1149 755 est,
1166 711 1270 757 quae
1283 712 1396 758 pue·

157 795 313 827 rorum
334 773 611 823 institutioni
628 771 854 818 destinata
872 771 1173 834 perexiguum
1194 771 1244 818 in
1263 770 1397 818 docta

156 854 422 915 antiquitate
460 850 659 912 pretium
707 846 932 905 habebat,
966 864 1090 895 nunc
1125 862 1240 894 vcro
1273 847 1396 894 haud

157 930 364 977 infimum
380 926 530 971 locum
547 922 740 970 obtinet.
754 922 1041 984 Compendia
1058 921 1199 982 hujus
1216 923 1397 981 generis

156 1002 461 1066 geographica
479 1003 527 1046 in
545 999 716 1045 scholis
738 997 1081 1060 usurpabantur
1095 998 1263 1060 partim
1289 1014 1395 1060 pro-

155 1081 292 1135 saica,
310 1078 475 1141 partim
489 1077 684 1138 poetica.
705 1073 878 1119 Exillis
896 1073 986 1119 alia
1006 1073 1175 1119 fuerint
1187 1074 1398 1120 vetustis-

154 1156 378 1201 simorum
394 1149 764 1212 geographorum
778 1182 791 1205 ,
810 1158 860 1194 ut
883 1147 1076 1193 Hecataei
1090 1181 1102 1204 ,
1121 1150 1197 1209 γῆς
1213 1146 1394 1211 περίοδοι

154 1231 253 1276 sive
280 1227 499 1291 περίπλοι,
517 1227 601 1288 qui
625 1227 685 1271 ob
719 1224 938 1270 dictionis
957 1224 1296 1286 simplicitatem
1323 1240 1396 1271 re-

153 1318 347 1366 rumque
358 1304 536 1365 copiam
555 1300 779 1348 modicam
793 1299 1053 1360 juventutis
1067 1298 1228 1345 usibus
1239 1315 1396 1361 perac-

154 1379 430 1428 oommodati
464 1388 594 1425 erant
609 1396 623 1435 3
656 1376 748 1422 alia
773 1375 1000 1436 majorum
1025 1390 1217 1437 operum
1242 1376 1391 1437 epito-

155 1472 255 1503 mas
292 1454 592 1515 esbibebant,
630 1450 891 1513 cujusmodi
925 1449 1135 1496 libellum
1173 1449 1393 1497 habemus

155 1531 386 1595 periplum
401 1528 808 1590 Pseudo-Scylacis
824 1545 837 1584 ;
857 1526 944 1572 alia
957 1525 1158 1587 denique
1173 1542 1230 1572 ex
1249 1527 1393 1574 variis

154 1606 422 1654 auctoribus
436 1606 626 1651 collecta
638 1605 823 1651 suerint.
844 1603 936 1658 Qui
951 1618 1063 1648 vero
1076 1604 1274 1649 vinctam
1290 1619 1392 1649 ora·

157 1684 328 1729 tionem
352 1681 511 1728 solutae
523 1679 873 1736 substituerunt,
893 1679 1185 1725 utmemoriae
1210 1695 1394 1726 succur-

155 1766 325 1813 rerent,
354 1757 427 1802 vel
460 1755 668 1802 iambicis
700 1755 936 1810 trimetris,
961 1753 1261 1801 liberioribus
1282 1755 1393 1816 illis,

155 1831 228 1877 vel
242 1832 378 1877 etiam
394 1846 530 1877 versu
542 1830 732 1877 heroico
749 1830 821 1876 usi
838 1839 961 1875 sunt.
978 1829 1164 1875 Primus
1178 1829 1299 1891 inter
1312 1830 1395 1876 hos

154 1906 385 1954 exstitisse
416 1906 602 1953 videtur
637 1905 948 1967 Apollodorus
972 1904 1281 1961 Atheniensis,
1314 1906 1394 1967 qui

157 1993 302 2028 metro
326 1981 525 2027 iambico
544 1990 589 2027 et
617 1980 834 2027 chronica
860 1990 905 2026 et
924 1979 1055 2026 orbis
1075 1990 1298 2025 terrarum
1322 1980 1396 2026 de-

158 2058 457 2119 scriptionem
489 2055 713 2103 condidit.
740 2054 884 2116 Cujus
914 2054 1175 2116 exemplum
1215 2065 1395 2101 secutus

154 2131 320 2178 Noster
338 2147 465 2178 suam
489 2131 676 2192 scripsit
695 2130 951 2192 periegesin
964 2165 976 2186 ,
995 2140 1040 2175 et
1058 2130 1272 2191 sequiore
1294 2146 1394 2175 aevo

160 2208 313 2255 simile
327 2223 444 2270 opus
475 2206 639 2253 iambis
662 2208 927 2268 composuit
948 2206 1199 2267 Dionysius
1220 2206 1384 2266 Aglao-

153 2282 341 2345 phontis
358 2301 372 2340 ;
391 2282 670 2329 hexametris
690 2298 804 2328 vero
825 2281 983 2327 orbem
1010 2292 1234 2327 terrarum
1256 2282 1396 2327 Sullae

155 2358 442 2420 temporibus
463 2359 711 2420 descripsit
737 2358 995 2403 Alexander
1007 2358 1394 2419 Ephesius,quem

151 2450 178 2480 e
204 2434 435 2495 Stephano
465 2434 683 2495 Byzatino
710 2435 949 2489 novimus,
976 2449 1027 2478 ac
1047 2443 1202 2493 postea
1221 2434 1398 2495 Diony-

152 2510 250 2555 sius
269 2508 525 2568 Periegetes
536 2544 547 2565 ,
564 2525 617 2554 cu
617 2524 636 2569 J
644 2524 696 2554 us
715 2524 832 2569 opus
845 2517 991 2554 exstat
1006 2510 1233 2567 integrum
1249 2543 1262 2565 ,
1278 2509 1386 2555 dum

156 2588 440 2648 reliquorum
456 2588 640 2633 nonnisi
656 2588 832 2633 minuta
857 2587 1082 2646 fragmina
1102 2588 1173 2632 vel
1200 2587 1398 2648 majores

155 2661 390 2722 particulae
409 2673 671 2722 supersunt.

225 2738 326 2786 106.
349 2737 402 2783 Et
423 2748 589 2784 nostrae
604 2738 789 2799 quidem
817 2739 1103 2800 periegcseos
1128 2737 1209 2799 qui
1230 2740 1396 2784 tactum

155 2815 216 2859 sit
249 2824 299 2859 ut
323 2830 430 2875 pars
458 2814 592 2873 longe
615 2814 763 2875 major
789 2815 1002 2875 perierit,
1038 2830 1176 2875 supra
1199 2816 1274 2876 (p.
1297 2818 1394 2876 x1v)

157 2889 333 2934 monui.
376 2889 589 2934 Servatos
630 2889 676 2933 in
716 2888 873 2934 codice
920 2889 1132 2934 Parisino
1176 2889 1397 2936 habemus

156 2963 339 3024 priores
366 2979 525 3009 versus
542 2970 630 3020 742
647 2997 659 3019 ,
681 2962 852 3023 quibus
874 2963 1125 3024 descriptio
1144 2980 1235 3009 orae
1256 2964 1397 3010 liuro-

154 3053 267 3099 paeae
293 3037 352 3083 ab
379 3038 587 3083 Herculis
607 3037 834 3083 columnis
858 3053 1001 3098 usque
1021 3038 1076 3083 ad
1103 3038 1395 3099 Apolloniam

152 3114 389 3161 Ponticam
415 3125 460 3161 et
494 3115 651 3177 paullo
685 3115 878 3160 ulterius
913 3114 1181 3171 ‹leducitur;
1211 3116 1397 3176 reliqnae

154 3188 354 3251 Europae
370 3206 422 3236 ac
441 3191 579 3236 totius
595 3192 714 3236 Asiae
731 3188 980 3251 Libyaeque
997 3190 1203 3251 periplus
1219 3190 1395 3236 deside-

153 3276 298 3323 ratur,
316 3267 407 3313 nisi
421 3266 545 3327 quod
565 3266 622 3311 de
635 3266 840 3312 Ponticis
856 3265 1127 3325 regionibus
1146 3266 1396 3325 fragmenta

152 3342 328 3403 aliquot
349 3342 470 3405 apud
493 3357 772 3404 anonymum
796 3342 1109 3404 geographum
1134 3342 1397 3404 deprehen-

159 3417 347 3473 duntur,
371 3419 450 3477 qui
475 3418 616 3463 variis
632 3433 658 3463 e
677 3416 983 3479 scriptoribus
1004 3417 1232 3479 periplum
1261 3417 1395 3463 Ponti

157 3490 326 3539 Euxini
345 3493 612 3556 collegitf).
632 3492 742 3539 Nam
769 3509 871 3554 quae
890 3493 970 3539 ille
994 3509 1049 3539 ex
1069 3494 1192 3539 sonte
1213 3493 1395 3555 poetico

153 3567 396 3627 assumsit,
418 3567 553 3613 modo
601 3566 877 3614 verbotenus
929 3570 1225 3630 transscripta
1259 3568 1396 3613 modo

157 3640 414 3704 paullulum
439 3652 627 3697 mutata,
649 3658 701 3687 ea
725 3658 781 3687 ex
799 3653 956 3688 nostro
979 3659 1117 3704 opere
1134 3644 1274 3704 petita
1296 3658 1394 3688 csse

152 3715 263 3763 inde
294 3716 586 3776 intelligitur,
621 3716 743 3777 quod
795 3717 990 3777 primam
1024 3733 1183 3762 eorum
1220 3727 1392 3778 partem

152 3790 374 3839 babemus
389 3793 438 3838 in
461 3792 621 3838 codice
639 3792 849 3838 Parisino
871 3795 1175 3854 superstitem.

225 3883 326 3926 107.
339 3867 515 3913 Nomen
535 3868 755 3924 auctoris,
771 3868 896 3928 quod
913 3883 1003 3913 una
1020 3884 1121 3914 cum
1140 3868 1273 3913 titulo
1286 3867 1393 3913 libri

206 4008 255 4056 (*)
283 3985 548 4047 Praeterbuac
562 4004 661 4046 duos
674 4007 798 4047 Nostri
816 4016 946 4046 versus
968 4017 1043 4046 non
1060 4007 1212 4046 laudato
1226 4008 1381 4047 auctore
1403 4006 1516 4048 atteri
1540 4009 1752 4058 Stephanus
1776 4009 1863 4055 Byr..
1893 4018 1928 4047 v.
1951 4006 2222 4051 Διονυσόπολις,

710 180 1051 232 ANONYMUS
1085 177 1284 227 pot-:TA
1320 176 1558 240 (vomo
1590 177 1880 227 SCYMNus
1911 178 2146 243 CHlUS).

1465 322 1514 368 in
1534 322 1717 383 integro
1736 323 1895 371 codice
1912 325 1994 372 fini
2014 325 2172 387 operis
2189 323 2501 387 subscriptum
2518 325 2534 372 l
2549 348 2583 380 a:
2605 360 2613 366 -
2634 351 2640 365 ·
2660 334 2662 336 ’

1462 408 1554 455 tur,
1587 414 1710 446 nunc
1747 415 1832 447 nos
1861 401 1983 447 latet.
2019 400 2114 448 Nec
2142 411 2293 448 tamen
2331 402 2381 448 in
2417 401 2663 449 editio-U

1462 483 1622 520 auctor
1644 475 1835 522 nomine
1861 490 2019 523 carere
2047 475 2223 523 solebat
2237 494 2252 535 3
2277 479 2540 523 Mat-citantes
2562 479 2633 523 Π
2663 507 2667 513 1

1459 551 1601 594 clema
1616 560 1713 596 erat
1732 549 2011 607 Hoeschelio,
2029 550 2242 607 Morello,
2259 550 2514 611 vindingo;
2534 551 2659 600 dein·

1458 625 1648 682 Sqrmno
1677 626 1790 672 Chio
1817 641 1935 688 opus
1955 626 2249 672 vindicarunt
2269 625 2414 673 Lucas
2438 627 2662 675 liolsteni·

1461 698 1476 759 (
1494 700 1542 744 in
1553 697 1813 747 Observatt.
1828 700 1885 747 ad
1900 699 2130 763 Porphyr.
2146 699 2238 748 vit.
2254 700 2504 761 Pythagor.
2522 718 2571 764 p.
2589 718 2608 748 ι
2621 718 2683 761 ¹7·

1460 789 1532 822 an.
1554 776 1667 822 1631
1678 786 1747 834 ,et
1759 775 1917 824 inNot.
1929 777 1986 824 ad
1996 777 2144 825 schol.
2159 777 2311 840 Apoll.
2337 777 2573 836 Rhod.1v,
2586 779 2686 834 28⁴v

1460 864 1535 895 an.
1558 851 1676 910 1639
1694 851 1709 911 )
1727 861 1772 897 et
1789 851 1973 899 isaacus
1988 850 2180 899 Vossius
2201 854 2217 914 (
2239 853 2287 899 in
2305 852 2481 914 prael'at.
2503 852 2560 899 ad
2577 853 2667 900 An·

1461 925 1587 983 nymi
1629 927 1796 987 peripl.
1824 927 1962 974 Ponti
1999 927 2136 986 Eux.,
2170 944 2246 978 an.
2285 921 2465 991 ⁸:639„
2503 945 2700 991 quorun

1461 1000 1775 1060 conjecturam
1798 1017 1940 1062 quum
1972 1001 2236 1050 Dodwellus
2261 1003 2585 1066 approbasset,
2613 1002 2703 1052 sub

1459 1074 1648 1135 Scymni
1676 1076 1863 1123 nomine
1892 1076 2102 1123 libellum
2137 1077 2284 1125 edidit
2323 1079 2592 1138 lludsonus,
2625 1081 2700 1127 cui

1459 1149 1586 1196 bona
1607 1150 1696 1197 fide
1718 1166 1766 1198 se
1785 1151 2063 1198 addixerunt
2081 1163 2323 1214 sequentes
2349 1154 2564 1211 editores,
2584 1154 2699 1202 Gai·

1462 1224 1572 1282 lius,
1599 1225 1874 1282 Letronnus,
1894 1225 2150 1284 Fabricius,
2173 1227 2429 1289 usquedum
2447 1227 2614 1276 Meine
2632 1229 2644 1241 “
2687 1265 2693 1270 -

1462 1316 1599 1362 quam
1620 1302 1865 1348 imbecillis
1886 1313 1932 1348 et
1953 1303 2106 1349 inanis
2136 1314 2254 1349 esset
2278 1304 2504 1351 Holstenii
2524 1303 2678 1353 Vossii

1462 1390 1553 1436 que
1574 1378 1927 1437 argumentatio,
1954 1377 2135 1438 liquido
2157 1378 2431 1425 ostenderet.

1535 1468 1550 1495 1
1561 1451 1639 1499 08.
1654 1451 1787 1507 Quod
1801 1454 2015 1514 princeps
2029 1453 2178 1499 editor
2191 1453 2450 1515 periegesin
2467 1453 2691 1501 Marcion

1467 1525 1746 1572 Heracleotae
1782 1526 2042 1589 inscripsit,
2078 1527 2126 1573 id
2154 1528 2259 1574 fecit
2286 1529 2555 1575 auctoritate
2589 1543 2702 1591 apo-

1459 1602 1622 1664 graphi
1634 1602 1838 1650 Vaticani
1852 1621 1865 1661 ;
1876 1603 1956 1665 huj
1964 1620 2016 1650 us
2033 1619 2144 1650 vero
2156 1604 2308 1652 scriba
2317 1615 2550 1652 auctorem
2562 1606 2701 1652 istum

1460 1693 1545 1724 suo
1566 1678 1774 1740 periculo
1796 1680 1961 1725 eruite
1993 1678 2152 1726 codice
2185 1679 2424 1736 Parisino,
2461 1682 2542 1741 qui
2566 1680 2705 1728 initio

1459 1752 1562 1813 ejus
1594 1754 1799 1816 paginae,
1834 1755 1882 1800 in
1916 1770 2008 1815 qua
2045 1755 2295 1816 periegesis
2332 1755 2529 1816 incipit,
2566 1753 2704 1802 babet

1460 1828 1605 1875 verba
1626 1829 1699 1876 vel
1724 1845 1884 1876 manca
1916 1830 1989 1876 vel
2022 1841 2237 1893 corrupta
2260 1848 2270 1876 :
2294 1832 2477 1893 εὐτυχῶς
2498 1831 2703 1895 Μαρκια-

1460 1905 1518 1967 νῷ
1538 1904 1642 1965 (cf.
1662 1922 1711 1967 p.
1737 1904 1881 1965 xlv).
1906 1905 1973 1950 Ex
1994 1905 2068 1951 his
2096 1905 2319 1951 librarius
2341 1906 2516 1953 codicis
2531 1904 2721 1954 Vnica·-

1463 1979 1511 2024 ni
1526 2012 1539 2036 ,
1561 1981 1642 2041 qui
1661 1980 1710 2026 in
1733 1991 1906 2026 antece.
1936 1980 2158 2026 Marciani
2182 1980 2461 2028 Heracleotae
2482 1981 2730 2044 opuscuh=

1462 2056 1834 2119 transcripserat,
1869 2056 2016 2102 eidem
2055 2057 2317 2119 geographo
2356 2057 2493 2103 etiam
2539 2051 2730 2120 poema

1462 2142 1669 2179 nostrum
1687 2131 1980 2178 tribuendum
1999 2147 2098 2178 esse
2113 2131 2380 2193 conjecerit.
2396 2132 2499 2188 Qua
2514 2124 2731 2195 ([ιιίἀαιιιίΙ

1462 2208 1683 2270 opinione
1706 2210 1901 2271 turpiter
1919 2210 2075 2271 lapsus
2090 2219 2175 2255 est.
2199 2208 2255 2254 Et
2277 2218 2426 2255 tamen
2444 2209 2577 2255 facile
2601 2208 2662 2255 fi

1462 2294 1628 2345 potest,
1654 2295 1705 2330 ut
1729 2284 1910 2331 nescius
1945 2299 2104 2330 verum
2130 2284 2331 2330 auctoris
2354 2299 2521 2331 nomen
2553 2299 2634 2344 ap·
2656 2307 2664 2323 ο

1462 2363 1622 2407 suerit.
1647 2359 1760 2406 Nam
1780 2359 1927 2406 verba
1944 2362 2125 2422 εὐτυχῶς
2148 2361 2397 2423 Μαρκιανῷ-
2413 2358 2470 2406 ad
2493 2369 2707 2407 nostrum

1463 2452 1597 2498 opus,
1619 2436 1743 2497 quod
1767 2434 2031 2495 Nicomedi,
2056 2433 2284 2494 Bithyniae
2304 2434 2420 2495 regi,
2443 2433 2683 2482 dedicatur
2699 2468 2729 2487 ,ψ

1463 2513 1619 2573 aliquo
1640 2512 1777 2557 modo
1801 2511 2034 2573 pertinere
2061 2511 2267 2557 omnium
2303 2521 2372 2557 est
2395 2511 2495 2558 veri
2518 2509 2706 2560 simillia·

1463 2598 1607 2644 mum,
1633 2588 1887 2650 praesertim
1911 2603 2052 2648 quum
2078 2603 2173 2632 vox
2191 2588 2370 2649 εὐτυχῶς
2397 2586 2679 2635 dedicationi
2708 2609 2726 2637 μ

1464 2662 1705 2709 formulam
1743 2661 2036 2708 subindicare
2071 2661 2299 2721 videatur,
2338 2661 2522 2723 qualem
2563 2661 2645 2709 ha·
2666 2685 2683 2701 a
2711 2696 2724 2719 ἶ,

1462 2741 1598 2786 etiam
1619 2739 1879 2786 Marcianeo
1899 2738 2218 2785 marisinterni
2231 2738 2417 2801 periplo
2436 2733 2672 2801 praelixam
2688 2725 2722 2786 ·,’

1465 2814 1705 2879 Μαρκιανὸς
1719 2817 1779 2878 τῷ
1796 2814 1944 2877 ἑταίρῳ
1957 2813 2214 2878 Ἀμφιθαλίῳ
2233 2807 2278 2860 εὗ
2293 2813 2507 2877 πράττειν.
2525 2813 2680 2871 Quidn
2696 2815 2723 2848 Ρ

1474 2891 1616 2951 igitur
1635 2902 1792 2938 nostro
1816 2891 1917 2951 loco
1940 2906 2039 2937 esse
2060 2901 2267 2953 poterat:
2293 2884 2524 2956 Νικομήδει
2541 2892 2640 2953 βασι
2705 2928 2706 2931 ,

1462 2965 1654 3028 πράττειν
1668 2967 1847 3028 εὐτυχῶς
1860 2966 1948 3028 (vel
1959 2965 2162 3029 εὐτυχεῖν)
2179 2963 2629 3027 Mapmvdetsmipsi
2654 2995 2656 2998 ·
2688 2998 2694 3002 -

1463 3042 1676 3089 Nostrum
1703 3044 1749 3088 in
1772 3042 1988 3104 Bithynia
2006 3058 2063 3087 ex
2088 3058 2143 3088 eo
2174 3042 2299 3103 quod
2332 3040 2551 3088 Heraclea
2567 3039 2670 3088 Pon

1463 3119 1551 3163 tica
1575 3121 1660 3164 sita
1677 3135 1774 3165 esse
1798 3113 1968 3165 dicitur
1989 3118 2137 3170 ἐντὸς
2169 3120 2250 3163 τῶν
2287 3117 2483 3165 Κυανέων
2504 3114 2581 3179 (v.
2610 3117 2701 3181 82.
2748 3180 2749 3183 Ἴ

1462 3203 1505 3237 et
1548 3195 1692 3253 973),
1725 3193 1842 3239 bene
1879 3195 2058 3238 monuit
2091 3192 2364 3239 Meinekius.
2403 3190 2536 3237 Adde
2577 3205 2627 3252 q·
2652 3218 2660 3230 ·
2682 3205 2708 3227 ·⁴
2738 3239 2746 3258 Ι.

1463 3283 1505 3312 v.
1531 3284 1621 3326 920
1648 3269 1830 3313 Amisus
1864 3267 2012 3312 tribus
2036 3269 2166 3312 annis
2207 3276 2311 3311 ante
2344 3265 2604 3311 Heracleam
2627 3265 2675 3314 J·
2738 3259 2740 3267 '

1463 3342 1564 3387 nica
1578 3342 1755 3387 colonia
1774 3342 2057 3403 frequentata
2073 3356 2167 3386 esse
2183 3350 2414 3386 narratur.
2429 3339 2541 3395 Quae
2558 3354 2654 3401 quu
2667 3361 2688 3380 ι·
2705 3376 2707 3379 ,

1463 3427 1640 3478 tempus
1677 3415 1883 3462 deductae
1910 3416 2102 3462 coloniae
2125 3431 2218 3461 non
2242 3414 2456 3472 doceant,
2483 3414 2574 3461 nisi
2598 3412 2670 3475 J‘a

1461 3494 1645 3538 noveris
1658 3491 1884 3538 lleracleae
1900 3491 2139 3537 historiam
2154 3525 2166 3547 ,
2186 3490 2243 3536 de
2252 3506 2340 3551 qua
2351 3498 2508 3552 postea
2516 3487 2651 3535 demu
2666 3506 2707 3538 w,

1461 3582 1518 3612 ex
1553 3566 1716 3613 ordine
1761 3566 2047 3628 periegcseos
2098 3576 2256 3611 auctor
2307 3573 2485 3621 monet,
2520 3562 2652 3611 facile
2682 3583 2704 3601 ιε

1460 3642 1812 3703 explicationem
1837 3641 2005 3687 habent
2022 3676 2036 3701 ,
2073 3628 2122 3687 si'
2139 3651 2296 3686 auctor
2322 3639 2587 3686 Heracleota
2617 3637 2681 3684 sui
2706 3699 2713 3704 .‚

1460 3727 1504 3762 et
1528 3733 1623 3776 prae
1647 3716 1811 3761 ceteris
1842 3716 2024 3775 scripsit
2043 3715 2226 3762 civibus
2250 3715 2357 3761 suis.
2392 3714 2603 3773 Denique
2625 3725 2680 3757 vs

1463 3793 1522 3837 56
1541 3808 1589 3838 se
1611 3792 1896 3837 consuluisse
1909 3791 2018 3837 dicit
2040 3791 2265 3853 Didymaei
2288 3788 2521 3852 Apollinis
2538 3800 2677 3859 oracp
2694 3779 2705 3825 s
2731 3793 2739 3858 l

1460 3866 1557 3912 lum
1578 3866 1830 3923 Milesium3
1863 3866 1986 3927 quod
2017 3866 2201 3927 quidem
2236 3874 2340 3912 ante
2363 3874 2511 3910 cetera
2533 3859 2677 3908 adieri

2740 3443 2745 3514 Ι
