2808 4342
55 155 258 216 (ευ-ιιι.)

137 256 190 304 Ὁ
211 253 480 319 Κορίνθιοςδὲ
496 251 643 303 κόλπος
666 250 774 296 ἐστὶν
791 249 984 311 ἐχόμενος

136 324 160 370 ὃ
173 344 215 370 τε
239 322 530 386 Κεγχρεάτης,
551 318 591 384 οἳ
605 319 672 364 τὸν
693 317 837 378 ἰσθμὸν
859 319 915 368 εἷς
935 317 1076 362 στενὸν

51 410 114 440 510
139 393 378 454 συνάγουσιν
397 387 644 450 ἑκατέρωθεν
665 385 977 449 ἠπειρούμενον.

137 458 227 509 Εἶτ’
245 461 330 506 ἔστι
349 456 661 513 Πελοπόννησος
680 455 770 511 ἑξῆς
788 454 957 514 κειμένη
975 490 987 511 ,

139 531 310 580 κόλπους
331 530 467 590 βαθεῖς
485 526 640 588 ἔχουσα
659 524 730 571 καὶ
750 523 906 577 πολλὰς
922 523 1070 586 ἄκρας,

128 597 307 646 Μαλέαν
325 596 522 658 μεγίστην
543 593 751 657 Ταίναρόν
772 612 818 639 τε
831 593 1072 654 λεγομένην·

133 667 239 730 ἱερὸν
262 667 516 717 Ποσειδῶνος
535 664 577 710 δὲ
590 661 936 726 θεοπρεπέστατον

51 753 113 783 515
138 736 214 781 ὑπὸ
235 738 315 782 τῶν
333 733 543 781 Λακώνων
568 734 700 779 ἐνθάδ’
717 732 799 778 ἔσθ’
816 731 1047 795 ἱδρυμένον.

134 806 202 853 Τὰ
223 804 296 865 μὲν
318 799 385 850 οὖν
407 803 546 866 βόρεια
571 807 642 859 τ’ῆς
662 802 978 858 Πελοποννήσου
999 801 1105 863 μέρη

137 874 354 921 Σικυώνιοι
373 873 641 935 κατέχουσιν,
658 871 700 918 οἵ
714 891 758 917 τε
776 872 871 935 πρίν
893 891 989 918 ποτε

136 943 332 1005 Κόρινθον
352 942 578 993 οἰκίσαντες
596 943 772 1004 ἐπιφανῆ
793 942 935 998 πόλιν,

138 1013 254 1058 ἄλλοι
275 1015 311 1058 τ’
333 1011 505 1073 Ἀχαιοί·
525 1010 617 1063 τοὺς
635 1011 735 1073 πρὸς
753 1010 929 1073 ἑσπέραν
950 1010 983 1055 δ’
1004 1010 1117 1073 ὅρους

47 1098 112 1129 520
135 1082 204 1128 καὶ
224 1082 392 1144 ζέφυρον
409 1082 565 1127 Ἠλεῖοί
585 1100 629 1127 τε
646 1080 717 1126 καὶ
742 1079 988 1135 Μεσσήνιοι·

130 1152 175 1197 τὸ
195 1151 293 1215 πρὸς
317 1150 579 1213 μεσημὸρίαν
596 1149 724 1196 δὲκαὶ
743 1149 855 1196 νότον
872 1149 1001 1210 κλίμα

136 1221 331 1273 Λάκωνες
353 1221 529 1283 Ἀργεῖοί
549 1239 605 1266 τε·
625 1219 724 1282 πρὸς
741 1219 904 1264 ἀνιόντα
926 1220 970 1263 δέ

131 1290 246 1346 ἥλιον
265 1290 358 1335 ὅσαι
377 1289 479 1336 κατέ
480 1308 600 1352 χουσι
616 1289 690 1345 τὴν
709 1287 852 1344 Ἀκτὴν
868 1288 1019 1340 πόλεις·

133 1362 173 1405 ἐν
194 1363 244 1420 τῇ
267 1359 467 1423 μεσογείῳ
489 1361 524 1404 δ’
545 1359 654 1404 ἔστιν
677 1363 702 1414 ἡ
722 1357 936 1416 Φλιασία,

46 1446 111 1476 525
135 1428 182 1474 τό
197 1431 233 1473 τ’
252 1427 459 1490 Ἀρκάδων
486 1426 674 1487 μέγιστον
693 1430 733 1473 ἐν
750 1429 906 1480 τούτοις
925 1427 1048 1489 ἔθνος.

130 1498 237 1550 Τοὺς
260 1498 460 1560 Ἀρκάδας
477 1497 549 1556 μὲν
571 1491 640 1542 οὖν
658 1497 820 1559 λέγουσ’
839 1498 1109 1560 αὐτόχθονας,

129 1569 294 1630 ὕστερον
312 1566 486 1622 Ἀλήτην
507 1567 541 1611 δ’
558 1566 710 1612 οἰκίσαι
732 1567 988 1628 Κορινθίους,

130 1638 308 1691 Φάλκην
327 1636 370 1682 δὲ
387 1635 453 1682 τὸν
475 1639 664 1683 Σικυῶνα
677 1671 689 1692 ,
707 1634 780 1692 τὴν
802 1637 840 1680 δ’
860 1633 1029 1698 Ἀχαΐαν

129 1704 362 1766 Τισαμενὸν
375 1742 387 1761 ,
411 1704 581 1757 Ἤλιδος
600 1705 634 1750 δ’
651 1705 850 1768 ὑπάρχειν
872 1704 1053 1758 Ὄξυλον

42 1793 109 1822 530
133 1775 316 1836 ἡγεμόνα
330 1810 343 1834 ,
364 1774 631 1836 Κρεσφόντην
652 1773 694 1819 δὲ
713 1778 786 1831 τῆς
811 1774 1050 1831 Μεσσηνίας
1065 1811 1077 1834 ,

129 1844 385 1906 Εὖρυσθένην
408 1843 450 1888 δὲ
472 1843 542 1889 καὶ
560 1844 754 1905 Προκλῆν
764 1843 1105 1902 Λακεδαίμονος,

126 1912 297 1974 Ἄργους
317 1912 357 1958 δὲ
378 1914 528 1960 Κεῖσον
548 1913 617 1957 καὶ
640 1916 730 1970 μετ’
750 1914 873 1958 αὐτοῦ
896 1912 1085 1972 Τήμενον
1101 1948 1113 1972 ,

129 1986 209 2027 τῶν
230 1983 271 2027 δὲ
290 1982 383 2044 περὶ
403 1982 475 2037 τὴν
496 1981 646 2038 Ἀκτὴν
671 1981 886 2042 Ἀγέλαον,
910 1985 963 2033 ὡς
982 1980 1122 2042 λόγος,

129 2051 197 2096 καὶ
217 2052 450 2114 Δηϊφόντην
463 2087 475 2110 ,
493 2051 679 2113 γαμὸρὸν
699 2052 796 2097 ὄντα
819 2051 1027 2110 Τημένου.

42 2138 106 2168 >5:35
133 2120 279 2184 Κρήτη
296 2123 338 2166 δὲ
355 2125 473 2177 νῆσος
488 2125 562 2176 τῆς
582 2121 898 2176 Πελοποννήσου
922 2121 1052 2182 πέραν

130 2198 286 2247 κεῖται,
311 2190 470 2251 μεγάλη
489 2189 535 2235 τὸ
554 2189 720 2250 μέγεθος
740 2190 943 2248 εὐδαίμων
963 2190 997 2233 τ’
1018 2188 1143 2249 ἄγαν,

131 2260 211 2304 ἀπὸ
229 2263 300 2314 τ’ἧς
316 2259 502 2310 Μαλείας
523 2262 594 2312 τῆς
613 2261 857 2314 Λακωνικῆς
879 2258 1004 2319 ἄκρας

131 2328 237 2373 κατὰ
259 2332 387 2387 μῆκος
405 2330 459 2379 εἷς
474 2328 518 2372 τὸ
539 2327 714 2387 πέλαγος
736 2327 832 2387 ἄχρι
848 2331 920 2383 τῆς
937 2326 1115 2387 Δωρίδος

132 2397 276 2443 Ῥόδου
294 2396 615 2458 παρεκτείνουσα
635 2396 706 2440 καὶ
725 2396 931 2447 πλείστοις
948 2395 1090 2456 σχεδόν

41 2485 105 2514 510
130 2467 263 2528 ὄχλοις
279 2468 352 2511 ἀπ’
377 2469 505 2528 ἀρχῆς
520 2465 589 2511 καὶ
609 2465 775 2510 πόλεσιν
796 2464 1025 2524 οἰκουμένη.

131 2535 443 2598 Ἀρχαιοτάτους
462 2534 548 2597 ἔχει
573 2535 613 2579 δὲ
637 2534 729 2586 τοὺς
751 2534 965 2596 οἰκήτορας

129 2604 219 2655 τοὺς
236 2604 284 2660 δὴ
309 2604 407 2666 παρ’
430 2606 564 2654 αὐτοῖς
586 2603 859 2664 Ἐτεόκρητας
879 2602 1136 2664 λεγομένους.

131 2665 325 2735 Πρώτους
341 2673 383 2718 δὲ
400 2672 568 2734 Κρῆτάς
589 2691 690 2735 φασι
706 2676 777 2727 τ’ῆς
800 2671 1046 2727 Ἑλληνικῆς

130 2743 248 2805 ἄρξαι
269 2744 473 2798 θαλάττης
492 2742 564 2794 τάς
579 2760 622 2786 τε
638 2742 881 2798 νησιώτιδας

70 517 97 535 9

43 2942 100 2948 —
112 2917 204 2958 508.
221 2916 415 2972 ἐχομένως
424 2914 545 2970 cod.ll
557 2914 717 2955 —513.
736 2914 915 2970 μέγιστον
929 2913 1041 2963 cod.;
1056 2927 1137 2954 em.
1153 2913 1278 2963 Gail.;

42 2979 98 3019 cf.
125 2993 164 3019 v.
195 2979 290 3033 537.
316 2979 510 3019 Ceterum
542 2978 666 3018 etiam
695 2976 923 3017 masculino
958 2990 1105 3030 genere
1127 2989 1278 3015 nomen

47 3041 230 3082 adhiberi
258 3049 433 3082 constat.
458 3042 514 3081 V.
546 3040 741 3095 Stephan.
768 3040 893 3081 Thes.
919 3054 959 3080 v.
985 3039 1155 3079 Μάλεια.
1183 3039 1197 3093 ΙΙ
1224 3063 1281 3069 --

50 3103 143 3145 515.
167 3104 287 3158 vulgo
306 3103 530 3158 ίδρύμενον;
553 3110 594 3143 at
623 3101 754 3142 codex
775 3102 899 3143 habet
929 3102 1144 3157 ἱδρυμένον,
1167 3100 1280 3156 quod

42 3180 70 3204 -e
85 3165 192 3219 conj.
205 3167 389 3221 reposuit
407 3165 654 3206 Meinekius.
675 3165 690 3219 Η
709 3189 767 3196 -
780 3166 875 3206 518.
892 3162 1114 3214 οἰκήσαντες
1126 3162 1277 3213 codex;

49 3241 129 3267 em.
151 3228 320 3268 Gailius.
347 3228 363 3282 u
381 3252 438 3259 —
456 3227 552 3281 519.
578 3226 695 3267 ἅλλοί
711 3226 869 3282 τάχαιοὶ
890 3225 1019 3267 codex
1037 3227 1052 3279 (
1076 3240 1160 3266 non
1184 3240 1281 3266 vero

51 3288 139 3327 ἄλλ’
167 3289 207 3328 οἵ
245 3290 278 3329 τ’
316 3289 397 3344 Ἇχ.
438 3291 500 3331 uti
533 3298 626 3330 ante
646 3289 902 3331 Meinekium
924 3288 1173 3342 edebatur),
1196 3303 1280 3328 non

50 3365 124 3390 suo
146 3351 236 3391 loco
258 3353 391 3406 posito
410 3353 527 3406 signo
550 3345 811 3407 apostrophi,
832 3360 880 3392 ut
897 3352 1047 3407 passim
1072 3351 1113 3391 in
1141 3352 1283 3391 codice

48 3422 192 3453 nostro
207 3429 218 3463 ;
239 3413 387 3455 deinde
405 3413 499 3455 cod.
528 3415 680 3469 δόρους;
709 3429 790 3454 em.
813 3415 961 3464 Mein.;
990 3414 1023 3454 θ’
1054 3414 1163 3468 ὅρους
1186 3415 1284 3454 scri-

50 3482 188 3528 pserat
210 3476 473 3516 Letronnius.
497 3475 514 3529 ll
536 3500 592 3506 ——
612 3475 707 3516 521.
730 3490 771 3515 τε
798 3474 863 3516 καὶ
881 3474 1010 3515 codex
1023 3491 1034 3525 ;
1052 3490 1133 3516 em.
1149 3477 1278 3516 Mein.

54 3538 71 3589 Η
93 3561 148 3566 -
162 3535 256 3584 524.
283 3538 464 3592 μεσογείᾳ
479 3537 591 3588 cod.;
609 3551 691 3578 em.
713 3537 940 3586 Fabricius,
959 3537 1091 3577 collat.
1119 3551 1158 3577 v.
1182 3538 1277 3586 451.

51 3602 148 3651 467.
175 3601 270 3647 624.
299 3599 402 3638 Dein
426 3599 603 3653 φλειασία
633 3599 728 3640 cod.
754 3600 770 3653 Η
797 3598 892 3640 525.
914 3599 952 3640 ἐν
982 3598 1154 3649 τούτοις,
1180 3600 1277 3640 libe-

10 3666 16 3672 ·
43 3660 135 3699 :rius
158 3658 340 3709 dictum,
371 3660 449 3699 nisi
479 3660 584 3701 sorte
616 3660 908 3714 corrigendum
931 3675 1016 3701 esse
1042 3669 1158 3715 putes
1186 3677 1280 3702 cum

44 3721 258 3762 'Meinekio
280 3721 342 3761 vel
360 3720 421 3761 ἐπὶ
437 3721 582 3769 τούτοις
603 3722 667 3762 vel
698 3722 736 3762 ἐν
758 3722 877 3778 ταύτῃ
903 3721 974 3762 ’στ’
996 3721 1115 3770 ἔθνος.
1145 3724 1160 3777 ΙΙ
1184 3723 1276 3765 526.

50 3783 228 3838 λέγουσιν
254 3782 348 3823 cod.
372 3783 564 3837 11-527.
589 3783 744 3838 ὕστερον
761 3785 795 3823 δ’
816 3783 976 3836 Ἀλήτην
995 3783 1146 3836 οἰκῆσαι
1164 3786 1286 3836 cod.;·

50 3859 132 3885 em.
168 3847 431 3886 Lctronnius.
473 3847 665 3886 Ceterum
705 3845 756 3886 de
797 3847 919 3887 rebus
951 3846 1092 3887 confer
1123 3848 1279 3902 Ephori

50 3906 103 3948 sr.
141 3912 189 3948 16
220 3922 327 3962 sqq„
361 3907 600 3962 Ephorique
633 3917 850 3950 sectatores
886 3908 1120 3950 Diodorum
1150 3910 1232 3964 (fr.
1252 3915 1276 3960 4

41 3970 151 4012 Exc.
192 3972 253 4010 De
283 3971 345 4010 ins
380 3969 394 4026 )
424 3979 464 4010 et
505 3970 719 4011 Nicolaum
751 3972 1052 4012 Damascenum
1085 3972 1102 4025 (
1128 3971 1178 4014 sr.
1207 3974 1275 4015 38.

1043 151 1216 198 ORBIS
1232 196 1235 199 Α
1251 153 1625 204 DESCRIPTIO.

1302 284 1318 296 ι
1355 261 1595 303 Corinthius
1610 271 1747 305 autem
1771 265 1886 306 sinus
1902 274 1962 307 est
1983 266 2183 311 finitimus

2496 185 2583 224 217

1356 336 1397 369 et
1419 330 1689 378 Cenchreates
1704 363 1716 383 ,
1746 333 1818 388 qui
1839 333 2037 375 isthmum
2059 337 2103 376 in
2122 348 2339 392 angustum

1354 405 1508 450 cogunt
1529 398 1725 454 utrinque
1748 401 2028 442 continentem
2044 402 2275 447 facientem.

1355 463 1517 505 Deinde
1531 466 1837 522 Peloponnesus
1854 477 1915 510 est
1932 470 2121 524 proxime
2143 473 2218 513 sita
2232 504 2244 523 ,

1354 532 1467 572 sinus
1488 532 1718 587 profundos
1735 535 1892 577 habens
1912 536 2122 592 multaque
2149 546 2451 595 promontoria,

1353 600 1533 642 Maleum
1548 603 1777 644 maximum
1793 604 2095 661 Taenarumque
2114 606 2295 660 dictum;

1356 673 1498 714 fanum
1515 675 1699 729 Neptuni
1718 677 1890 717 numine
1913 676 2201 732 dignissimum

1355 756 1379 781 a
1405 741 1640 783 Laconibus
1654 742 1713 783 ibi
1732 752 2018 785 consecratum
2042 755 2118 787 est.

1355 809 1544 850 Boreales
1562 818 1699 851 autem
1722 810 1993 866 Peloponnesi
2015 822 2148 868 partes

1355 884 1535 939 Sicyonii
1559 893 1714 936 tenent,
1739 885 1893 940 quique
1907 887 2022 941 prius
2052 887 2151 928 olim

1356 952 1605 994 Corinthum
1622 952 1914 1004 condiderunt,
1935 954 2134 997 illustrem
2149 957 2310 1010 urbem,

1355 1021 1505 1076 aliique
1523 1021 1685 1072 Achaei3
1703 1021 1805 1062 fines
1820 1036 1918 1063 vero
1937 1022 1990 1064 ad
2005 1024 2260 1066 occidentem

1355 1090 1664 1145 zephyrumque
1681 1089 1770 1131 Elei
1789 1098 1830 1131 et
1852 1091 2070 1143 Messenii;
2097 1141 2100 1144 Α

1356 1157 1470 1212 quod
1488 1166 1626 1199 autem
1648 1157 1700 1199 ad
1717 1158 1935 1200 meridiem
1953 1169 2218 1217 austrumque
2234 1165 2351 1205 clima
2373 1173 2432 1206 est

1356 1227 1540 1267 Lacones
1555 1234 1596 1267 et
1615 1226 1757 1280 Argivi
1774 1243 1785 1278 ;
1803 1226 1856 1268 ad
1875 1228 2078 1269 orientem
2097 1244 2195 1271 vero

1354 1293 1481 1334 solem
1501 1308 1770 1350 quaecumque
1789 1297 1920 1336 Acten
1942 1296 2066 1338 urbes
2088 1297 2290 1340 obtinent.

1353 1356 1403 1403 In
1426 1361 1728 1404 mediterraneo
1749 1371 1810 1404 est
1824 1363 1999 1405 Phliasia

1354 1434 1646 1491 Arcadumque
1665 1436 1844 1477 maxima
1858 1436 1916 1477 ibi
1935 1451 2048 1491 gens.

1354 1504 1535 1546 Arcades
1558 1505 1728 1560 quidem
1748 1506 1960 1560 indigenas
1976 1522 2061 1548 esse
2077 1510 2214 1559 aiunt;

1353 1583 1495 1629 postea
1506 1583 1645 1621 autem
1659 1575 1819 1618 Aletem
1834 1577 2091 1618 constituisse
2107 1578 2342 1619 Corinthios
2353 1609 2364 1629 ,

1354 1643 1545 1684 Phalcem
1567 1658 1666 1685 vero
1688 1644 1926 1700 Sicyonem,
1946 1645 2144 1686 Achaiam

1352 1711 1641 1763 Tisamenum3
1660 1711 1787 1753 Elidis
1803 1712 1927 1754 fuisse
1941 1713 2119 1768 Oxylum

1353 1778 1502 1820 ducem
1517 1811 1527 1830 ,
1553 1781 1851 1836 Cresphontem
1868 1781 2081 1822 Messeniae
2095 1812 2106 1831 ‚

1352 1849 1656 1904 Eurysthenem
1675 1858 1715 1891 et
1731 1850 1918 1891 Proclem
1941 1850 2247 1891 Lacedaemonis
2262 1881 2273 1900 ,

1352 1917 1452 1970 Argi
1468 1917 1609 1958 Cisum
1631 1932 1726 1958 curn
1748 1932 1879 1973 eoque
1896 1919 2140 1968 Temenum,

1351 1985 1538 2027 locorum
1558 1987 1602 2027 in
1623 1990 1725 2029 Acte
1742 1988 1915 2028 sitorum
1939 1987 2135 2042 Agelaum
2151 2019 2162 2038 ,
2180 1995 2227 2027 ut
2249 1986 2391 2037 fertur,

1350 2063 1391 2095 et
1420 2055 1698 2110 Deiphontem
1720 2069 1916 2109 generum
1930 2057 2116 2097 Temeni.

1352 2124 1473 2164 Creta
1491 2132 1629 2165 autem
1647 2125 1781 2165 insula
1802 2125 1909 2166 ultra
1927 2125 2255 2181 Peloponnesum

1350 2192 1427 2231 sita
1448 2200 1524 2242 est,
1543 2206 1690 2246 magna
1711 2192 1995 2246 magnitudine
2014 2193 2191 2247 felixque
2211 2192 2341 2242 valde,

2435 1197 2446 1216 2

1350 2278 1374 2304 a
1390 2264 1536 2314 Malea,
1556 2267 1761 2306 Laconico
1779 2267 2082 2320 promontorio,

1350 2333 1392 2371 in
1408 2332 1707 2386 longitudinem
1726 2347 1799 2388 per
1812 2334 1940 2374 altum
1959 2334 2011 2374 ad
2027 2334 2230 2374 Doricamv

1350 2413 1480 2454 usque
1498 2400 1693 2441 Rhodum
1708 2409 1886 2449 extensa,
1910 2409 1950 2441 et
1967 2401 2155 2455 plurimis
2177 2416 2272 2441 sane

1350 2468 1537 2520 gentibus
1560 2467 1813 2522 urbibusque
1836 2467 1888 2508 ab
1912 2468 2030 2507 initio
2052 2467 2246 2508 habitata.

1347 2536 1656 2578 Vetustissimos
1668 2535 1792 2577 habet
1813 2535 1965 2576 incolas

1349 2605 1480 2645 dictos
1494 2603 1546 2644 ab
1568 2603 1646 2644 illis
1661 2605 1909 2644 Eteocretas.

1349 2672 1510 2714 Primos
1527 2679 1664 2712 autem
1680 2672 1892 2712 Cretenses
1914 2671 2030 2711 aiunt
2045 2670 2189 2711 Graeco

1350 2742 1569 2795 imperasse
1583 2739 1704 2788 mari,
1723 2738 2000 2792 insularesque

1348 2921 1450 2954 tom.
1471 2915 1547 2962 ΙΙΙ,
1566 2927 1611 2967 p.
1632 2914 1711 2966 376
1732 2911 1764 2967 ).
1795 2913 1809 2965 Η
1830 2936 1886 2941 --
1907 2912 2002 2964 529.
2024 2911 2293 2964 τειχισάμενον
2316 2923 2393 2963 pro
2416 2909 2581 2964 Τισαμε-

1347 2975 1413 3015 νὸν
1444 2974 1664 3024 cod.;vem.
1695 2973 1961 3027 Vindingius.
1994 2973 2010 3027 ΙΙ
2043 2997 2100 3003 —
2130 2971 2225 3012 531.
2262 2971 2441 3026 Πρόκλην
2470 2971 2580 3021 cod.;

1347 3037 1504 3092 Προκλῆ
1528 3037 1756 3078 FabriciuS.
1783 3037 1799 3091 ΙΙ
1825 3060 1882 3067 -
1902 3036 1997 3077 532.
2013 3035 2162 3090 Κρίσων
2179 3033 2330 3083 codex,
2356 3033 2428 3073 ubi
2447 3041 2581 3073 tamen

1348 3115 1367 3154 ρ
1391 3100 1506 3141 litera
1538 3101 1594 3140 ita
1616 3099 1788 3154 scripta,
1816 3107 1863 3138 ut
1897 3113 1913 3138 ε
1941 3097 2067 3138 literae
2095 3095 2300 3136 simillima
2331 3095 2414 3143 sit.;
2441 3094 2580 3135 Κίσσον

1347 3162 1464 3204 editt.
1487 3161 1584 3202 inde
1607 3177 1628 3202 a
1646 3161 1891 3214 Vindingio.
1915 3162 1978 3200 De
2000 3158 2121 3199 variis
2147 3155 2270 3212 hujus
2299 3157 2477 3196 nominis
2498 3155 2580 3196 sor·

1348 3226 1425 3265 mis
1447 3226 1490 3265 in
1525 3223 1648 3266 codd.
1685 3223 1816 3263 obviis
1838 3221 1924 3261 dixi
1957 3222 2000 3260 in
2036 3222 2198 3273 Fragm.
2239 3219 2345 3258 Hist.
2386 3226 2487 3257 tom.
2519 3219 2576 3266 ΙΙ,

1347 3287 1462 3342 praef.
1480 3302 1523 3342 p.
1544 3301 1643 3327 vnr.
1667 3286 1754 3339 11-
1771 3284 1865 3326 583.
1893 3282 2070 3337 Ἀγέλαον
2080 3296 2130 3322 ex
2145 3279 2397 3335 Apollodoro
2411 3281 2467 3328 H,
2492 3281 2532 3328 8,
2556 3278 2577 3319 5

1347 3350 1531 3404 reposuit
1547 3347 1759 3397 Meineke;
1785 3345 1915 3387 codex
1942 3343 2124 3399 Ἀγανὸν;
2150 3343 2369 3383 Pausanias
2383 3342 2439 3390 II,
2465 3342 2534 3390 28,
2554 3342 2576 3381 3

1353 3411 1528 3467 Ἀγραῖον
1550 3410 1663 3450 dicit.
1678 3407 1802 3463 Apud
1817 3406 2031 3448 Nicolaum
2049 3406 2076 3446 1.
2094 3405 2122 3445 l.
2140 3412 2180 3444 et
2198 3403 2440 3444 Strabonem
2459 3403 2576 3452 VIII,

1347 3487 1389 3527 p.
1417 3474 1495 3525 389
1526 3470 1687 3511 codices
1709 3469 1862 3510 habent
1896 3467 2067 3522 Ἀγαῖον.
2090 3466 2106 3520 ll
2132 3490 2189 3496 —
2217 3463 2311 3513 534.
2333 3463 2474 3517 υἱὸν]
2509 3477 2577 3503 co-

1347 3535 1427 3576 dex
1462 3548 1471 3575 :
1496 3534 1709 3588 Δηιφόντην
1750 3532 1864 3581 ὅντα,
1903 3529 2178 3585 suprascripta
2213 3540 2313 3566 voce
2351 3525 2449 3574 υἱον,
2489 3537 2579 3578 quae

1346 3607 1486 3653 postea
1504 3597 1671 3636 demum
1695 3593 1834 3634 addita
1856 3591 2032 3633 videtur.
2067 3592 2187 3632 Certe
2221 3587 2475 3642 Deiphontes
2493 3599 2577 3625 non

1346 3661 1451 3701 filius
1471 3658 1541 3699 sed
1561 3671 1684 3711 gener
1706 3656 1878 3696 Temeni
1900 3664 2001 3704 erat,
2029 3667 2166 3707 neque
2187 3666 2236 3692 eo
2259 3664 2381 3690 sensu
2402 3648 2480 3694 υἱὸς
2499 3661 2576 3686 vox

1345 3725 1425 3764 hoc
1448 3723 1536 3762 loco
1551 3719 1740 3760 adhiberi
1762 3718 1913 3772 potuit.
1939 3717 1956 3771 Η
1975 3741 2032 3747 -
2049 3715 2144 3764 544.
2166 3713 2356 3759 θάλαττάς
2381 3727 2420 3751 τε
2438 3709 2576 3761 νησιώ-

1346 3787 1460 3838 τηὲας
1494 3782 1606 3832 cod.;
1642 3796 1723 3822 em.
1753 3779 1968 3827 Meineke;
1997 3778 2187 3829 θαλάττης
2212 3776 2253 3822 ἅς
2291 3790 2331 3814 τε
2364 3773 2577 3835 εονίρεὲιᾞῑ

1346 3848 1516 3890 Gailius.
1547 3844 1611 3886 Cf.
1638 3842 1829 3898 Thucyd.
1862 3844 1904 3891 I,
1941 3845 1962 3890 4
1990 3854 1999 3881 :
2043 3840 2116 3880 Καὶ
2146 3844 2219 3879 τῶν
2256 3835 2461 3876 Κυκλάδων
2490 3829 2575 3884 ῆρξε

1352 3910 1520 3965 (Minos
1546 3909 1562 3960 )
1603 3906 1668 3947 καὶ
1701 3903 1868 3955 οἰκιστὴς
1895 3908 2041 3958 πρῶτος
2068 3906 2143 3942 τῶν
2185 3898 2373 3940 πλείστων
2407 3893 2571 3948 ἐγένετο.

1349 3970 1589 4020 Diodor.V‚
1602 3970 1670 4019 84,
1691 3982 1706 4009 1
1725 3982 1733 4008 ε
1750 3966 2128 4020 Ἐθαλαττοκράτει..
2144 3966 2219 4002 τῶν
2232 3959 2271 3999 δὲ
2288 3956 2493 3998 Κυκλάδων
2507 3953 2574 4006 νή-
