2808 4342
1 175 4 178 ’
54 161 150 222 (¹⁰⁶)

55 282 193 310 κοντα·
213 263 283 312 καὶ
307 260 388 307 ἀπὸ
409 264 479 306 τοῦ
498 257 722 318 Χαρίεντος
742 258 780 309 ἐς
798 257 949 304 Χῶὸον
970 258 1156 317 ποταμὸν
1180 259 1286 303 εἷσε·

56 333 312 388 πλεύσαμεν,
337 329 484 378 ἄλλους
512 325 775 383 ἐνενήκοντα,
807 325 956 388 ἵναπερ
978 326 1050 371 καὶ
1071 327 1286 388 ὡρμίσθη-

57 421 148 461 μεν.
165 434 173 444 .
215 392 294 445 Ὧν
318 395 359 442 δὲ
383 396 502 441 ἕνεκα
524 396 595 440 καὶ
620 395 696 440 ὅσα
720 398 893 442 ἐνταῦθα
917 395 1176 458 ἐπράξαμεν,
1201 396 1286 451 δη-

55 471 180 520 λώσει
198 485 261 514 σοι
292 466 344 511 τὰ
367 463 591 523 Ῥωμαϊκὰ
613 465 857 526 γράμματα.
926 465 1025 511 Ἀπὸ
1055 465 1098 510 δὲ
1131 464 1284 510 Χώὸου

14 557 35 587 s
57 535 246 598 Σιγοίμην
297 534 484 590 ποταμὸν
508 534 834 596 παρημείψαμεν
867 535 1125 594 ναυσίπορον·
1159 532 1286 594 διέχει

54 606 96 652 δὲ
120 610 190 651 τοῦ
222 603 371 651 Χώὸου
401 602 590 653 σταδίους
625 604 664 653 ἐς
698 601 796 647 δεκοι
832 601 903 647 καὶ
932 602 1161 653 διακοσίους
1204 601 1285 662 μοί-

10 654 189 720 λιστα.
257 670 314 719 F
297 690 437 735 χεται
460 671 502 716 δὲ
525 675 595 716 τοῦ
633 670 848 732 Σιγγάμου
883 670 1128 733 Ταρσούρας
1156 689 1285 715 ποτα-

53 743 141 803 μός·
167 742 323 788 στάδιοι
342 740 467 786 εἴκοσι
491 740 562 785 καὶ
589 740 735 786 ἑκατὸν
756 738 908 800 μεταξὺ
932 743 1099 804 ἀμφοῖν.
1170 739 1222 786 Ὁ
1243 739 1284 785 δὲ

50 809 202 862 Ἵππος
226 808 408 868 ποταμὸς
438 812 509 854 τοῦ
535 807 777 871 Ταρσούρου
799 807 1055 864 πεντήκοντα
1093 808 1284 860 σταδίους

73 998 77 1082 l
171 1058 371 1085 AnnxANth.
505 1058 587 1085 ΤΑΒ.
614 1058 783 1086 PEUTING.
867 1059 974 1086 Gssoc.
1001 1059 1086 1086 RAV.

850 1209 864 1237 1
889 1204 1026 1237 Phasis.

848 1264 867 1294 4
890 1259 1113 1294 Charientos.

72 1218 76 1271 i
104 1201 236 1241 Φᾶσις.
490 1203 630 1237 Phasis.
1145 1200 1278 1242 Φᾶσις.

68 1278 77 1370 γ
103 1255 264 1303 Χαρίεις.
315 1261 404 1296 stad.
424 1266 464 1296 90
488 1259 653 1293 Cariente
676 1231 751 1292 mil.
783 1263 802 1293 3

104 1366 246 1409 Χῶὸος.

424 1376 464 1407 90
488 1369 649 1405 Chobus.
766 1374 802 1404 16
848 1375 866 1405 5
890 1370 1026 1405 Chobz.
1060 1402 1067 1408 ,

1146 1419 1336 1464 Νεάπολις.

847 1543 866 1571 2
890 1538 1073 1579 Siganion.

847 1596 866 1625 3
889 1593 1061 1625 Colarsis.

847 1652 866 1682 7
891 1648 1063 1689 Cyanees.

847 1708 865 1737 6
888 1702 1074 1737 Tasbirus.

1144 1753 1288 1795 “Ἰππος.

846 1819 866 1848 8
890 1815 1092 1856 Stelippon.

847 1875 866 1903 9
889 1871 1086 1912 Nicopolis.

830 1930 867 1960 10
884 1925 1121 1967 Lamiupolis.

399 1542 462 1571 210
487 1535 684 1570 Sicanabis.
766 1541 801 1569 19

71 1564 77 1706 γ
104 1530 279 1596 Σιγὴάμης.

487 1647 639 1688 Cyanes.
781 1649 799 1678 4

103 1698 327 1748 Ταρσούρας.
404 1708 463 1738 120
487 1703 667 1737 Tassirus.
766 1706 801 1734 12

102 1753 248 1796 Ἵππος.
404 1764 463 1793 150

103 1807 323 1857 Ἀστέλεφος.
422 1818 463 1847 30
486 1814 665 1856 Stempeo.
782 1817 799 1846 4

1043 2086 1050 2093 ·
1073 2110 1106 2141 ⁸.
1148 2079 1400 2127 Διοσκουριάς.
1423 2087 1545 2127 46⁰‚45¹
1571 2059 1805 2130 Aaoozouptgf
1824 2086 2080 2130 Sebastopolis.

52 2312 102 2350 In
115 2310 362 2363 Geographo
377 2311 480 2350 Rav.
495 2310 641 2348 seriem
651 2309 884 2358 nominum,
898 2311 1093 2363 appositis
1110 2311 1291 2350 numeris

35 2387 76 2412 ·a
91 2372 210 2412 nobis
226 2370 463 2421 indicatam,
488 2369 541 2410 ad
563 2368 752 2410 ordinem
766 2400 777 2419 ‚
793 2384 915 2423 quem
931 2371 1078 2424 reliqui
1090 2379 1208 2411 testes
1223 2386 1292 2411 ex-

53 2435 214 2483 hibent,
247 2431 668 2474 accommodavimus.
701 2434 796 2483 Qua
835 2433 878 2471 in
911 2447 955 2472 re
985 2427 1153 2472 fortasse
1186 2433 1292 2474 ultra

53 2493 407 2550 pifflognediendum
429 2507 473 2533 ei
475 2501 538 2542 at
570 2493 658 2533 fieri
678 2494 790 2533 enim
822 2502 956 2547 potest
976 2503 1022 2534 ut
1038 2495 1291 2549 Lamiupolis

53 2565 94 2596 et
113 2555 321 2609 Nicopolis
341 2554 494 2595 eaedem
517 2554 599 2594 sint
613 2568 709 2594 cum
730 2555 887 2609 AEapoli
918 2564 958 2595 et
986 2557 1155 2610 Neapoli
1179 2557 1291 2611 apud

53 2618 337 2659 Ptolemaeum.
378 2619 549 2658 Summa
570 2631 594 2656 a
625 2616 799 2657 Phaside
824 2616 877 2656 ad
908 2617 1189 2672 Sebastopolin
1222 2633 1288 2672 ap.

54 2679 398 2733 Arr.colligitu1
431 2677 661 2719 stadioium
706 2680 808 2727 810,
845 2680 1124 2720 consentiente
1160 2680 1291 2725 Plinio

53 2744 131 2794 VI,
150 2745 173 2790 4
199 2745 221 2794 §
242 2745 306 2791 14,
322 2742 394 2796 qui
418 2755 494 2782 100
510 2755 567 2781 m.
590 2755 633 2795 p.
651 2749 834 2795 exputat.
856 2742 1002 2782 Strabo
1021 2757 1062 2796 p.
1086 2746 1138 2795 94
1159 2746 1290 2796 et497

57 2806 223 2846 nonnisi
243 2809 323 2846 600
341 2803 470 2844 stadia
493 2805 626 2858 ponit.
660 2803 737 2844 Vel
758 2804 838 2845 hoc
866 2805 1040 2845 nimium
1065 2814 1139 2855 est,
1162 2820 1290 2860 quum

56 2881 151 2909 vera
169 2882 251 2908 01·ae
269 2866 484 2920 longitudo
505 2881 528 2906 a
550 2866 675 2906 Rione
700 2880 830 2920 usque
853 2867 904 2907 ad
927 2882 1063 2922 prom.
1096 2868 1292 2909 Iskurialz

56 2944 141 2970 uon
161 2929 335 2969 multum
356 2928 525 2969 excedat
541 2928 671 2968 stadia
693 2928 771 2969 500
786 2945 797 2980 ;
816 2929 929 2983 quod
945 2930 1049 2970 bene
1067 2930 1290 2970 tenendum

57 3000 118 3032 est
136 2992 178 3031 in
196 2990 434 3031 definiendo
457 2991 539 3030 situ
559 2990 761 3030 locorum.
779 2993 827 3030 In
850 2992 953 3042 Tab.
975 2993 1162 3045 Peuting.
1181 3007 1292 3033 sum-

58 3067 126 3094 ma
139 3053 316 3093 efficitur
335 3053 437 3093 mill.
462 3057 513 3093 62
531 3053 615 3093 sive
639 3056 719 3106 496
743 3053 971 3094 stadiorum
986 3086 997 3103 ,
1012 3054 1135 3108 ¹quod
1154 3070 1178 3095 a
1196 3071 1292 3095 vero

58 3109 140 3154 scre
180 3130 263 3155 non
297 3114 474 3164 recedit,
514 3129 765 3169 quamquam
802 3116 1058 3169 singulorum
1092 3117 1293 3158 distantiae

58 3175 242 3216 locorum
264 3190 411 3229 parum
434 3185 544 3217 recte
562 3176 713 3216 habere
730 3177 935 3218 videntur.
954 3179 1196 3218 Recentiora
1218 3180 1292 3218 flu-

59 3237 220 3276 minum
237 3238 405 3277 nomina
420 3252 514 3276 cum
541 3239 685 3291 priscis
708 3240 920 3292 composui
941 3247 986 3278 ut
1007 3239 1292 3280 distantiarum

57 3298 235 3337 rationes
249 3306 288 3337 et
304 3312 385 3337 orae
399 3298 616 3339 delineatio
631 3300 673 3339 in
691 3302 847 3355 mappis
858 3303 1098 3355 Manganari
1114 3310 1154 3343 et
1164 3304 1293 3343 Gaut-

58 3360 150 3400 tieri
182 3360 385 3413 postulare
407 3360 665 3403 videbantur.
702 3364 717 3416 {l
738 3363 923 3417 -Χαρί
934 3365 1031 3418 εις]
1062 3367 1110 3404 In
1148 3379 1294 3419 mappa

59 3422 261 3462 Gauttieri
278 3422 489 3475 proximus
505 3437 528 3462 a
544 3423 663 3462 Phasi
682 3431 773 3476 post
791 3426 842 3464 80
861 3423 1088 3464 stadiorum
1104 3426 1293 3466 interval-

61 3483 147 3522 lum
179 3491 344 3522 notatur
367 3482 463 3537 Copi
480 3483 644 3523 fluvius.
667 3487 806 3535 Quare
836 3484 888 3524 ad
917 3485 1030 3525 hunc
1066 3487 1294 3527 retulerunt

61 3545 324 3585 Charientem
353 3546 516 3584 Arriani
555 3546 731 3599 Lapieus
751 3546 928 3600 aliique.
965 3550 1156 3588 Attamen
1197 3549 1294 3604 Copi

61 3616 199 3661 aperte
222 3615 338 3646 sonat
364 3607 497 3646 Χῶῧον
529 3609 710 3648 Arriani.
736 3610 834 3648 Haec
857 3610 1036 3649 nominis
1069 3610 1294 3651 similitudo

61 3667 228 3722 majoris
258 3667 442 3708 facienda
479 3683 603 3722 quam
637 3669 922 3710 distantiarum
956 3671 1133 3711 rationes
1147 3703 1158 3720 ,
1195 3687 1295 3726 quas

63 3730 292 3770 falsissimas
321 3730 362 3769 in
387 3730 466 3769 hoc
488 3738 620 3770 tractu
646 3733 777 3771 notari
797 3732 886 3772 luce
908 3733 1055 3772 clarius
1083 3742 1157 3774 cst.
1181 3737 1288 3775 Prae-

62 3801 170 3832 terea
191 3792 295 3831 inter
322 3791 472 3831 Phasin
491 3800 531 3831 et
556 3791 652 3847 Copi
669 3792 770 3832 alius
790 3793 938 3832 fluvius
961 3802 1126 3834 notatur
1146 3796 1186 3835 in
1214 3810 1288 3836 no-

63 3855 226 3893 vissima
242 3868 387 3907 mappa
402 3854 720 3906 Manganariana
738 3853 751 3909 (
771 3855 979 3909 Petropol.
1001 3856 1103 3904 1845
1124 3856 1155 3911 )‚
1177 3859 1245 3911 qui
1266 3873 1289 3898 a

61 3916 180 3956 Phasi
207 3916 259 3955 30
288 3915 370 3954 sere
392 3914 534 3954 stadiis
565 3914 704 3956 distat.
739 3917 779 3956 Is
804 3917 927 3970 igitur
946 3917 1068 3959 suerit
1089 3919 1286 3970 Charieis,

60 3979 133 4032 qui
159 3976 386 4017 secundum
411 3977 515 4018 Tab.
547 3979 734 4032 Peuting.
777 3994 800 4020 a
828 3979 947 4021 Phasi
982 3980 1102 4022 distat
1127 3982 1289 4023 milibus

971 155 1110 201 PERI
1118 155 1265 202 1²1.th
1299 155 1481 202 PONTI
1515 157 1744 203 EUXINI.

1224 1059 1462 1087 PTOLEMAEUS.

1145 1254 1384 1302 Χαρίουστος.
1420 1261 1542 1300 450,15'
1566 1252 1728 1301 ”Apto;*.

1147 1309 1332 1352 Αἰάπολις.

1146 1532 1327 1580 Σιγάνεον.

1146 1642 1329 1685 Κυάνεος.-

2499 175 2581 214 577

1357 270 1582 317 utrumque
1598 263 1822 316 nonaginta
1840 276 1850 304 t
1872 271 1912 304 et
1929 278 1953 304 a
1966 263 2184 306 Chariente
2198 266 2252 306 ad
2270 268 2461 311 Chobum
2479 276 2590 314 navi-

1357 337 1564 390 gavimus,
1609 339 1832 392 nonaginta
1867 340 2022 393 pariter
2059 339 2199 380 stadiis
2234 341 2449 385 distantem
2464 377 2475 396 ,
2518 348 2596 388 ubi

1357 413 1480 453 etiam
1500 413 1734 468 appulimus
1761 426 1771 454 ε
1797 427 1879 467 qua
1901 422 2039 454 autem
2061 413 2113 455 de
2134 429 2256 457 causa
2270 448 2281 466 ‚
2307 419 2488 474 quidque
2510 422 2587 466 illie

2282 495 2319 534 A
2338 494 2482 537 Chobo
2503 499 2587 539 Sin-

1356 583 1504 622 gamen
1535 569 1708 610 fluvium
1731 569 1999 627 navigabilem
2018 573 2272 625 praetervecti
2295 587 2461 625 sumus,
2481 579 2551 631 qui
2569 592 2591 617 a

2501 657 2591 696 Sin-

1357 731 1464 784 gami
1487 730 1645 770 vicinus
1663 737 1724 770 est.
1745 731 1943 771 Tan-suras
1962 731 2112 773 fluvius
2131 746 2140 774 :
2159 733 2288 776 stadia
2304 735 2411 777 inter
2431 745 2592 779 utrum-

1354 489 1580 542 egerimus,
1600 504 1651 530 ex
1669 489 1826 530 Latinis
1844 489 1971 530 literis
1987 504 2221 544 cognosces.

1356 648 1502 690 Chobo
1518 648 1705 690 ducentis
1735 631 1899 690 circiter
1931 658 1971 690 et
1989 644 2131 691 decem
2154 652 2293 694 stadiis
2314 654 2441 696 abest.

1356 823 1437 865 que
1472 817 1641 851 centum
1677 818 1718 851 et
1758 810 1917 864 viginti.
1976 812 2136 868 Hippus
2170 814 2319 856 fluvius
2354 830 2379 857 a
2411 818 2589 859 Tarsura

1609 1059 1759 1086 SCYLAX.
1887 1060 2042 1087 rumus-

1426 1209 1484 1239 45ο
1566 1196 1700 1241 Φᾶσις·
1823 1206 1958 1240 Phasis.

1823 1262 1991 1296 Charien.

2133 1206 2239 1241 Bion.

1416 1318 1542 1357 45⁰,30'

1568 1363 1707 1412 Χὸρσος
1719 1365 1751 1401 *.

1417 1430 1542 1470 45⁰‚40'

1568 1475 1751 1523 Χερὸὅιος.

1417 1541 1542 1578 45⁰,45¹

1821 1372 1982 1407 Chobus.
2134 1373 2221 1416 Copi
2235 1374 2372 1407 aPhasi
2383 1373 2472 1408 stad.
2498 1380 2540 1410 80

1822 1482 1955 1516 Rhoas.

1820 1538 1991 1579 Sigames.

2130 1482 2299 1518 Eniouri.

2134 1540 2290 1581 Gaqida.
2482 1544 2541 1574 120

2132 1650 2158 1682 G
2165 1650 2290 1683 uclasa.

2131 1706 2162 1739 T
2159 1705 2315 1739 sore'cha.
2498 1710 2540 1740 80

2131 1761 2311 1801 Οείησίνί.
2497 1762 2539 1794 80

2133 1815 2315 1849 ramiche.
2497 1818 2540 1849 40

1418 1653 1540 1691 46⁰‚10'
1569 1647 1713 1692 Γυηνός.

1819 1704 2005 1736 Tarsuras.

1416 1744 1542 1799 46⁰]30'
1571 1760 1577 1765 '

1823 1811 2050 1854 Astelephus.

2131 1988 2361 2022 Salamacho.

2131 2045 2290 2119 Ῑῗεῖιῖῗέ).
2304 2042 2423 2127 ἓῗοῖἕῖ

1823 1989 2107 2033 Chrysorrhoas.
2438 1993 2450 2118 γ
2484 2039 2541 2069 100

2456 2137 2561 2145 ..—

2479 2163 2542 2192 500

1357 2319 1564 2364 quattuor.
1591 2335 1646 2341 —-
1665 2311 1789 2365 Apud
1817 2312 2082 2357 Ptolemaeum
2105 2311 2253 2350 fluvius
2282 2309 2403 2362 vulgo
2435 2317 2494 2348 est
2514 2309 2590 2349 Χα-

1357 2373 1508 2426 ρίστος;
1536 2372 1606 2412 sed
1629 2372 1791 2413 codices
1818 2374 2027 2426 Wilbergi
2048 2387 2190 2412 omnes
2219 2371 2414 2411 exhibent
2432 2371 2590 2425 Χαρίου-

1357 2450 1456 2481 στος.
1474 2436 1727 2488 Corruptum
1739 2449 1890 2475 nomen
1898 2435 2008 2489 apud
2017 2435 2235 2489 Scylacem.
2254 2434 2268 2487 ΙΙ
2285 2457 2340 2465 —-
2354 2446 2369 2472 1
2381 2464 2389 2472 .
2403 2432 2433 2472 X
2445 2433 2506 2472 ῶδ
2517 2435 2587 2488 ος]

1356 2511 1375 2535 e
1403 2500 1579 2536 Caucaso
1593 2511 1672 2551 per·
1690 2500 1845 2536 Suanos
1858 2498 1994 2550 fluens
2009 2529 2019 2544 ,
2050 2511 2130 2536 sec.
2153 2496 2258 2536 Plin.
2276 2495 2303 2534 l.
2329 2494 2355 2534 l.
2387 2496 2590 2546 Quaerunt

1356 2572 1408 2597 an
1425 2557 1601 2598 eundem
1615 2558 1780 2598 Tacitus
1805 2557 1995 2598 Coleibum
2011 2557 2161 2598 dixerit
2177 2557 2218 2596 in
2234 2557 2391 2596 Histor.
2411 2557 2488 2606 111,
2508 2559 2559 2604 48
2576 2570 2586 2597 ;

1357 2620 1606 2675 Assequitur
1626 2621 1642 2672 (
1668 2622 1711 2660 V
1711 2619 1861 2660 iridius
1884 2619 2077 2660 Geminus
2100 2622 2116 2673 )
2152 2618 2371 2659 Anizetum
2407 2617 2447 2657 in
2484 2619 2589 2658 ostio

1356 2683 1501 2729 flumin
1509 2682 1543 2722 is
1558 2682 1711 2731 Coleibi,
1729 2692 1863 2723 tutum
1877 2683 1953 2722 sub
1970 2682 2276 2722 Sedochezorum
2294 2679 2399 2732 regis
2410 2680 2587 2721 auxilio.

1357 2744 1610 2784 Sedochezos
1628 2744 1736 2784 Mela
1753 2747 1789 2794 Ι,
1816 2758 1864 2798 19
1886 2745 1992 2784 inter
2009 2745 2179 2784 Toretas
2198 2751 2238 2782 et
2263 2743 2444 2782 Coraxos
2467 2741 2590 2781 collo-

1357 2816 1435 2847 cat.
1473 2808 1672 2848 Arrianus
1706 2807 1807 2861 quid
1837 2806 1947 2861 apud
1981 2806 2172 2847 Chobum
2203 2806 2246 2844 ss.
2281 2804 2408 2857 egerit
2436 2805 2588 2844 nescio.

1358 2870 1544 2909 Fortasse
1566 2869 1617 2909 de
1635 2883 1743 2908 nova
1765 2869 1869 2908 urbe
1891 2877 2045 2908 structa
2070 2868 2126 2908 ibi
2154 2867 2216 2906 vel
2237 2864 2431 2906 struenda
2449 2865 2592 2918 ageba-

1357 2939 1439 2981 tur,
1465 2930 1567 2970 adeo
1592 2939 1637 2970 ut
1654 2930 1844 2985 Neapolis
1862 2945 1884 2970 a
1906 2930 2125 2970 Ptolemaeo
2145 2935 2370 2968 memorata
2388 2928 2590 2981 pertinere

1355 2993 1438 3033 huc
1452 3001 1602 3047 posset.
1626 2993 1642 3048 ll
1661 3017 1717 3022 —
1734 2992 1772 3032 5.
1801 2992 1831 3031 Σ
1844 3007 1854 3031 ι
1869 3007 1894 3046 γ
1909 2993 2004 3046 άμη
2020 2992 2069 3046 ν]
2102 2991 2305 3045 Σιγγάμην
2323 2989 2365 3028 h.
2383 2988 2409 3028 l.
2436 2987 2585 3036 codex;

1358 3054 1505 3107 infra§
1534 3059 1581 3094 16
1606 3054 1668 3094 bis
1692 3053 1816 3093 habes
1846 3053 2034 3107 Σιγάμου.
2061 3051 2218 3092 Eodem
2250 3049 2406 3089 ducunt
2430 3049 2588 3094 Sicana-

1356 3117 1434 3165 bis,
1456 3117 1681 3169 Siganium‚
1706 3115 1891 3169 Σιγάνεον
1913 3116 1954 3154 in
1970 3114 2073 3154 Tab.
2095 3116 2231 3161 Peut.,
2254 3112 2404 3163 Geogr.
2427 3112 2526 3149 Rav.
2548 3117 2589 3149 et

1356 3171 1464 3219 Ptol.
1477 3181 1524 3219 In
1541 3178 1674 3218 Plinio
1693 3179 1768 3225 VI,
1794 3180 1815 3224 4
1835 3179 1856 3228 S
1880 3179 1927 3223 14
1945 3175 2081 3215 editur
2099 3174 2319 3224 Singames,
2338 3186 2359 3211 e
2377 3169 2469 3210 cod.
2491 3173 2590 3210 Bar-

1357 3240 1461 3289 bari,
1485 3248 1683 3293 quantum
1700 3238 1876 3290 eSilligii
1893 3236 1991 3276 edit
2011 3234 2339 3289 conjicerelicet3
2356 3231 2500 3284 reliqui
2521 3246 2588 3272 co·-

1357 3303 1467 3343 dices
1493 3315 1501 3341 :
1531 3301 1727 3351 8ί.;(ιιηὶ(ι,
1754 3304 1938 3353 Snumu,
1965 3297 2176 3349 chncwiu,
2203 3295 2292 3346 SinD
2278 3293 2424 3340 nanim
2456 3307 2478 3332 e
2498 3295 2590 3347 qui-

1357 3365 1434 3404 bus
1453 3365 1548 3404 item
1567 3363 1746 3414 Sigames
1764 3328 2028 3401 eliciendum&
2038 3359 2138 3399 mihi
2163 3357 2338 3397 videtur.
2358 3379 2415 3387 --·
2438 3354 2503 3396 Ad
2526 3357 2586 3396 Si·

1358 3441 1501 3479 gamen
1539 3426 1581 3465 ss.
1617 3424 1738 3464 suisse
1760 3424 1896 3463 locum
1929 3422 2216 3475 cognominem
2248 3434 2270 3459 e
2299 3419 2518 3459 Ptolemaeo
2547 3427 2588 3458 et

1358 3491 1510 3541 Geogr.
1529 3490 1628 3527 Rav.
1648 3486 1863 3538 colligitur.
1890 3485 2023 3524 Distat
2047 3484 2195 3522 ssuvius
2214 3497 2237 3523 a
2259 3480 2356 3536 copi
2371 3495 2451 3520 sec.
2477 3480 2582 3520 Tab.

1358 3552 1475 3590 Peut.
1490 3548 1616 3588 stadia
1637 3561 1651 3586 1
1662 3547 1727 3595 52,
1748 3546 1870 3600 idque
1883 3544 1992 3585 haud
2007 3543 2132 3584 dubie
2147 3543 2297 3583 rectius
2313 3541 2456 3590 habet3
2478 3549 2587 3581 certe

1358 3611 1521 3652 Arriani
1556 3609 1790 3648 distantiam
1818 3609 1851 3646 si
1878 3606 2113 3655 admiseris,
2152 3604 2363 3658 sequentia
2394 3602 2589 3643 adornari

1359 3673 1484 3713 modo
1519 3670 1720 3725 piobabili
1752 3677 1976 3723 nequeunt.
2009 3669 2161 3722 [1-9.
2188 3666 2361 3712 Ἵππος
2387 3666 2400 3718 ]
2438 3667 2586 3705 Pr-oco

1358 3737 1450 3789 pius
1474 3736 1534 3772 De
1551 3732 1643 3771 bell.
1678 3732 1806 3772 Goth.
1831 3733 1906 3780 IV,
1933 3745 1949 3770 1
1973 3745 2015 3785 p.
2046 3733 2163 3778 461:
2186 3726 2409 3783 ἆφίκοντο’
2395 3742 2430 3772 ες
2454 3727 2586 3779 χώραν

1359 3799 1425 3847 τῆς
1444 3796 1620 3844 Λαζικῆς,
1652 3794 1674 3844 ἢ
1691 3793 1868 3834 ἐπικαλε
1830 3808 1927 3833 ιται
1948 3793 2083 3847 Μουγε
2090 3792 2206 3846 ίρησις
2228 3792 2244 3844 (
2264 3787 2458 3842 Μοχήρισι
2463 3803 2478 3833 ς
2498 3801 2585 3828 vai.

1359 3858 1460 3912 1.)..
1490 3854 1575 3895 ‘Pet'
1589 3855 1628 3895 δέ
1646 3870 1696 3906 πη
1719 3855 1880 3895 ἐνταυθα
1902 3870 2073 3909 ποταμος
2091 3854 2216 3899 Ἵππις
2235 3852 2249 3907 (
2265 3851 2414 3901 Ἵππης,
2441 3849 2586 3895 ’Ίασπις

1360 3933 1398 3958 v.
1425 3918 1451 3957 l.
1474 3919 1505 3970 )‚
1527 3916 1570 3955 οὗ
1597 3917 1712 3971 μέγας
1743 3917 1828 3957 οὐδὲ
1849 3917 2094 3971 ναυσίπορος,
2126 3913 2228 3953 ἀλλὰ
2258 3929 2321 3953 και
2342 3912 2492 3952 ἱππεῦσι
2521 3925 2584 3950 και

1361 3980 1517 4035 ἀνδράσι
1529 3981 1656 4027 πεζοῖς
1678 3978 1850 4028 ἔσὸατος.
1868 3982 1916 4019 In
1934 3979 1996 4019 his
2012 3986 2198 4018 nostrum
2214 3975 2396 4030 Hippum
2414 3972 2582 4013 fluvium
