2808 4342
82 175 151 234 (11,
157 191 210 221 12.

78 299 232 341 γονται,
254 279 421 342 ἔχουσαι
437 276 536 355 πρὸς
556 276 628 327 τὰς
651 276 823 329 ἐκὸολὰς
845 278 969 322 αὐτοῦ
992 277 1062 322 καὶ
1085 277 1202 322 πόλιν
1226 277 1311 324 Θε-

78 344 282 405 μίσκυραν
313 338 550 399 λεγομένην·
582 340 738 402 διαρρεῖ
757 339 799 384 δὲ
835 339 1072 402 Θερμώδων
1109 338 1308 399 ποταμός.

77 411 210 474 [Ἀπὸ
244 409 285 454 δὲ
315 407 609 470 Θερμώδοντος
638 408 861 467 ποταμοῦ]
882 411 938 460 εἰς
971 411 1099 471 Βηριν
1126 407 1310 467 ποταμὸν

77 479 224 526 στάδια
249 476 296 533 ξ’,
321 476 438 561 μίλια
454 476 509 532 η’.
576 476 675 523 Ἀπὸ
693 477 734 522 δὲ
752 476 918 539 Βήρεως
936 481 1124 537 ποταμοῦ
1146 478 1181 522 εἷ
1196 476 1309 523 Θοά·

35 565 55 593 ⁶
78 565 160 611 ριον
180 546 364 604 ποταμὸν
394 546 540 591 στάδια
565 546 616 606 ζ’,
638 546 754 604 μίλια
773 544 844 591 ι6’.

139 627 193 655 30.
228 608 327 655 Ἀπὸ
345 607 386 653 δὲ
405 608 586 670 Θοαρίου
609 611 798 667 ποταμοῦ
821 609 875 658 εἷς
894 609 1032 653 Οἴνιον
1048 606 1248 667 ποταμὸν,
1271 608 1311 650 ἐν

74 672 108 741 ᾧ
132 677 203 723 καὶ
223 677 397 742 ἔφορμός
419 679 504 722 ἐστι
518 684 673 736 ναυσὶ,
699 676 846 721 στάδια
869 674 920 731 λ’,
943 694 988 735 μι
978 676 1060 720 ’λια
1092 675 1145 722 δ’.
1213 675 1312 722 Ἀπὸ

75 747 119 792 δὲ
150 747 292 794 Οἷνίου
314 749 506 805 ποταμοῦ
540 747 596 796 εἷς
635 747 919 806 Φυγαμοῦντα
953 744 1139 806 ποταμὸν
1164 745 1312 791 στάδια

74 816 137 875 μ’,
158 814 273 876 μίλια
295 814 340 871 ε’,
355 813 403 858 ι’
419 813 478 865 ς’.
547 813 647 860 Ἀπὸ
668 814 710 858 δὲ
728 816 1024 876 Φυγαμοῦντος
1047 820 1236 875 ποταμοῦ
1260 817 1314 866 εἷς

13 903 51 932 10
73 883 304 946 Ἀμηλητὸν
327 882 449 930 τόπον
472 882 620 929 στάδια
646 884 702 939 κ’,
731 884 848 944 μίλια
875 887 910 946 β’
934 884 988 945 ,ι’
1017 883 1073 936 ς’.
1142 884 1240 930 Ἀπὸ
1271 884 1313 929 δὲ

76 955 308 1014 Ἀμηλητοῦ
325 953 450 999 τόπου
474 954 528 1004 εἷς
549 953 796 1009 Φαδισάνην
814 953 905 1010 ἤτοι
922 953 1142 1000 Φάδισσαν
1166 954 1312 999 στάδια

73 1025 149 1086 ρλ’,
181 1023 298 1083 μίλια
333 1023 396 1079 ιζ’,
416 1023 463 1067 .'.'
494 1022 554 1075 ς’·
590 1025 762 1068 ἐνταῦθα
793 1023 932 1083 λιμὴν,
961 1024 1031 1069 καὶ
1058 1025 1172 1075 πόλις
1202 1026 1312 1080 πλη-

72 1094 184 1149 σίον,
210 1093 476 1153 Πολεμώνιον
501 1092 626 1153 λέγω.
699 1093 796 1138 Ἀπὸ
818 1094 859 1138 δὲ
884 1092 1124 1150 Φαδισάνης
1146 1095 1201 1145 εἷς
1227 1096 1311 1140 Πο-

75 1162 275 1222 λεμώνιον
295 1161 414 1208 πόλιν
434 1163 583 1208 στάδια
598 1161 653 1218 ν’,
680 1163 797 1222 μίλια
817 1161 869 1216 ς’.

15 1248 53 1277 15
138 1249 196 1279 31.
234 1231 334 1277 Ἀπὸ
371 1230 413 1277 δὲ
439 1231 711 1293 Πολεμωνίου
738 1231 812 1283 ἕως
835 1232 1010 1288 πλησίον
1033 1236 1102 1278 τοῦ
1133 1231 1313 1295 Θερμώ-

74 1303 212 1353 δοντος
234 1305 423 1361 ποταμοῦ
443 1305 604 1362 πρῶτον
628 1301 824 1353 Χάλυὸες
843 1301 954 1353 ἔθνος
977 1299 1123 1362 ᾤκουν.

137 1387 191 1416 32.
227 1370 325 1415 Ἀπὸ
357 1369 400 1414 δὲ
422 1375 491 1414 τοῦ
516 1372 784 1430 Πολεμωνίου
815 1373 869 1422 εἷς
895 1371 1148 1434 ἀκρωτήριον
1171 1371 1310 1417 Ἰασό-

72 1457 152 1483 νιον
173 1438 422 1497 καλούμενον
449 1438 594 1482 στάδια
622 1438 700 1500 ρλ’,
724 1439 840 1498 μίλια
866 1438 928 1496 ιζ’,
953 1439 997 1483 .'.'
1024 1440 1082 1491 ς’.
1152 1440 1250 1486 Ἀπὸ
1271 1440 1313 1485 δὲ

73 1506 272 1552 Ἰασονίου
310 1509 366 1557 εἷς
414 1507 597 1553 Κιλίκων
635 1511 758 1561 νῆσον
810 1509 958 1553 στάδια
997 1509 1064 1566 ιε’,
1101 1509 1217 1569 μίλια
1255 1510 1309 1571 β’.

9 1591 49 1622 20
72 1574 171 1622 Ἀπὸ
191 1574 233 1621 δὲ
257 1573 440 1622 Κιλίκων
459 1575 583 1630 νήσου
609 1574 677 1620 ἐπὶ
701 1574 766 1621 Ιτὸν
790 1575 966 1633 Γένητον
988 1577 1175 1636 ποταμὸν
1212 1577 1312 1622 στά-

73 1648 139 1690 δια
162 1646 243 1704 νε’,
284 1644 402 1706 μίλια
429 1644 476 1703 ζ’,
500 1644 542 1689 ,ι’
564 1643 619 1700 ς’.
686 1644 787 1690 Ἀπὸ
811 1645 854 1690 δὲ
877 1650 946 1691 τοῦ
975 1648 1010 1693 Γ
1013 1646 1154 1702 ενήτου
1183 1666 1314 1692 ποτα-

77 1720 153 1775 μοῦ
178 1717 232 1767 εἷς
268 1717 438 1772 Βοῶνα,
477 1714 730 1778 ἀκρωτήριον
767 1713 838 1759 καὶ
874 1714 1042 1777 χωρίον,
1068 1715 1214 1760 στάδια
1244 1716 1283 1759 κ’
1302 1751 1313 1771 ,

73 1784 190 1843 μίλια
213 1783 265 1846 β’,
282 1782 332 1828 .'.'
348 1783 407 1838 ς’.
473 1784 679 1829 Ἐνταῦθα
703 1782 830 1843 λιμὴν
849 1784 1015 1828 πάντων
1037 1784 1216 1843 ἀνέμων,
1244 1784 1314 1828 καὶ

72 1853 195 1914 ὅρμος
218 1853 375 1898 ναυσίν.
445 1852 544 1899 Ἀπὸ
580 1851 621 1897 δὲ
656 1855 815 1904 Βοῶνος
835 1855 891 1904 εἷς
915 1851 1134 1914 Κοτύωρον
1164 1851 1312 1898 στάδια

13 1942 52 1970 25
73 1921 134 1982 4',
171 1922 288 1981 μίλια
334 1921 404 1984 ιβ’.
490 1920 661 1977 Ταυτης
696 1941 771 1978 της
811 1921 1030 1985 Κοτυωρου
1070 1925 1122 1974 ὡς
1157 1922 1313 1975 πόλεως

74 1994 266 2054 Ξενοφῶν
302 1990 602 2078 ἐμνημόνευσε,
629 1990 701 2036 καὶ
733 1990 844 2052 λέγει
876 1990 1103 2038 Σινωπέων
1142 1989 1311 2035 ἄποικον

72 2064 188 2105 εἰναι·
212 2066 281 2105 νῦν
303 2060 345 2106 δὲ
370 2060 492 2120 κώμη
518 2060 629 2117 ἐστὶ,
653 2079 724 2105 και
749 2060 841 2106 οὐδὲ
861 2061 967 2117 αὐτὴ
991 2060 1170 2121 μεγάλη

134 2145 190 2177 33.
226 2129 326 2176 Ἀπὸ
367 2130 409 2175 δὲ
448 2130 673 2192 Κοτυώρου
713 2149 789 2183 εως
830 2131 1004 2187 πλησίον
1044 2129 1311 2189 Πολεμωνίου

70 2203 230 2261 πρῶτον
250 2198 523 2261 ''ltssotpnvot'
496 2218 626 2244 ωκουν
655 2198 763 2250 ἔθνος
779 2198 1042 2285 Μὸμοχώριοι,
1059 2198 1167 2243 πάνυ
1187 2199 1310 2258 γελᾶν

11 2289 53 2314 :w
73 2269 313 2320 σπεύδοντες
333 2272 379 2314 ἐκ
392 2269 544 2319 παντὸς
567 2268 742 2331 τρόπου,
754 2269 1016 2328 ευδαιμονίαν
1035 2272 1138 2312 εἶναι
1153 2268 1308 2322 ταύτην

73 2336 322 2397 κεκρικότες.

134 2419 188 2450 34.
224 2404 323 2450 Ἀπὸ
338 2404 380 2449 δὲ
403 2403 621 2466 Κοτυώρου
635 2406 789 2457 κόλπος
807 2406 1035 2467 ἐκδέχεται.
1106 2403 1309 2455 Εἷςπλεύ-

74 2490 191 2518 σαντι
215 2471 256 2517 δὲ
292 2472 412 2518 αὐτὸν
440 2475 496 2525 εἷς
518 2474 751 2520 Μελάνθιον
782 2475 968 2534 ποταμὸν
994 2473 1141 2519 στάδια
1163 2473 1214 2528 ξ’,
1242 2474 1309 2532 μί-

72 2543 141 2586 λια
164 2541 222 2597 η’.
293 2542 392 2588 Ἀπὸ
418 2542 459 2587 δὲ
484 2543 704 2606 Κοτυώρου
730 2544 787 2604 μὴ
808 2543 1090 2606 παραπλέοντι
1108 2542 1176 2588 τὸν
1202 2542 1308 2587 κόλ-

9 2624 48 2653 35
73 2629 171 2666 πον,
194 2611 283 2656 ἀλλ’
302 2614 368 2656 ἐπ’
391 2611 544 2662 εὐθείας
569 2613 804 2658 διαπλέοντι
825 2613 871 2657 τὸ
890 2611 1024 2672 στόμα
1044 2616 1113 2657 τοῦ
1134 2611 1306 2670 κόλπου,

72 2681 126 2731 εἷς
150 2678 477 2743 Ἑρμώνασσαν,
511 2681 664 2743 χωρίον
700 2682 1034 2744 Τραπεζουσίων,
1060 2681 1207 2725 στάδια
1248 2679 1307 2739 τ’,

72 2747 189 2808 μίλια
212 2748 270 2807 μ’.
338 2749 437 2795 Ἀπὸ
462 2748 502 2794 δὲ
537 2751 771 2796 Μελανθίου
797 2754 989 2811 ποταμοῦ
1015 2751 1071 2801 εἷς
1095 2753 1306 2811 Φαρμαν·

75 2926 116 2968 3.
136 2927 299 2968 Inclusa
321 2928 524 2983 supplevit
546 2929 726 2979 Gauius,
760 2930 832 2984 qui
859 2931 902 2970 in
928 2938 1085 2971 antece.
1108 2928 1204 2969 fort.
1234 2927 1311 2981 leg.

75 2989 304 3044 suspicatur
320 2988 555 3046 λεγομένην,
582 2991 629 3043 ἣν
650 2990 859 3046 διαρρεῖΘ.
877 3007 918 3033 π.
951 2992 968 3046 ss
994 3015 1052 3022 -—-
1070 2991 1110 3031 3.
1131 2991 1311 3045 Βῆριν..

73 3050 258 3105 Βήρεως
279 3053 294 3107 ]
319 3051 471 3107 Βίρην..
497 3053 611 3108 Βίρης
633 3053 728 3094 cod.
756 3054 854 3108 11-
877 3056 918 3103 4.
941 3054 1073 3094 σταδ.
1104 3051 1168 3108 ξ’]
1198 3050 1316 3103 στ.4’

74 3113 257 3163 Arrian.;
280 3115 366 3154 vice
395 3129 511 3156 versa
533 3129 708 3170 sequens
736 3115 964 3157 stadiorum
987 3129 1185 3156 numerus
1204 3119 1314 3170 apud

74 3174 270 3215 Nostrum
288 3184 349 3216 cst
371 3177 407 3230 ζ’
435 3192 501 3233 ap.
523 3178 749 3220 Arrianum
767 3177 812 3226 ξ’.
840 3179 856 3234 Η
888 3203 944 3210 -
959 3181 1001 3228 4.
1017 3178 1192 3234 Θόαριν..
1213 3176 1314 3218 Θοά-

78 3249 155 3289 ριος
176 3237 389 3279 Arrianus.

134 3300 156 3349 S
179 3299 296 3347 301.
322 3304 363 3340 6.
389 3299 457 3348 εἰς
484 3300 655 3343 Οἴνιον
675 3303 924 3359 ποταμόν]
947 3303 998 3352 εἰς
1015 3303 1157 3356 Οἰνόην
1177 3304 1316 3345 Arria-

79 3360 609 3419 005523.11-8.Φυγ.
637 3365 1080 3421 ]ΦιγΑ1·1130.Π-
1105 3380 1170 3408 10.
1191 3368 1315 3407 Ame-

81 3420 209 3461 letum
222 3421 356 3462 locum
366 3437 450 3464 om.
469 3426 687 3466 Amanus
707 3427 785 3481 11—
801 3441 866 3468 11.
883 3428 1149 3481 Φαδισσάνην,
1164 3436 1206 3469 at
1218 3443 1316 3468 mox

84 3482 306 3535 Φαδισάνης
323 3483 469 3526 codex.
488 3485 671 3527 Verba*
646 3502 734 3538 ητοι
750 3486 951 3530 Φάδισσαν
971 3505 1057 3531 non
1080 3498 1247 3531 manant
1266 3504 1314 3530 ex

81 3544 275 3584 Arriano.
304 3545 320 3600 {l
345 3570 402 3576 —
420 3560 485 3587 12.
509 3545 725 3589 ἐνταῦθα...
745 3550 854 3592 στάδ.
870 3551 906 3592 ν’
910 3583 919 3592 .
938 3554 1020 3593 Pro
1035 3553 1099 3593 his
1117 3552 1316 3593 Arrianus

81 3606 185 3646 nihil
212 3607 290 3661 nisi
317 3621 327 3648 ι
356 3607 502 3649 ἐνθένδε
529 3609 579 3657 εἰς
599 3610 854 3666 Πολεμώνιον
884 3614 997 3655 πόλιν
1025 3615 1172 3655 στάδιοι
1208 3615 1314 3655 δέκα.

80 3670 131 3708 10
158 3682 207 3710 10
222 3668 353 3710 stadia
368 3669 474 3712 hene
503 3671 612 3713 cadit
631 3687 713 3713 vox
734 3673 915 3728 πλησίον,
933 3677 1071 3717 minus
1092 3690 1190 3717 vero
1211 3676 1254 3716 in
1271 3691 1317 3717 ea

84 3744 174 3784 quae
189 3731 338 3771 Noster
352 3733 470 3787 ponit
484 3732 615 3775 stadia
638 3734 706 3776 50.

138 3795 161 3845 S
189 3797 258 3836 31.
284 3794 371 3842 ἕως
407 3794 659 3852 πλησίον]
683 3798 755 3846 ἕως·
787 3798 963 3856 πλαγίων
996 3800 1142 3852 codex,
1166 3800 1319 3856 absque

84 3869 218 3896 sensu.
260 3856 386 3909 Quod
425 3859 568 3914 scripsi
605 3861 751 3915 saepius
788 3861 897 3904 redit
934 3863 1005 3905 ubi
1047 3864 1316 3905 barbarorum

84 3917 333 3972 populorum
361 3919 509 3962 limites
540 3937 564 3963 a
596 3924 748 3964 Nosno
777 3932 988 3966 notantur.
1027 3926 1094 3967 Sic
1123 3926 1316 3967 Tibareni

85 3979 270 4021 habitant
290 3981 361 4030 ἕως
382 3981 546 4035 πλησίον
566 3984 836 4041 Πολεμωνίου,
857 3989 1148 4044 Mossynoeci‘'
1127 4005 1198 4036 εως
1217 3988 1316 4039 πλη-

87 4041 167 4083 σίον
189 4042 406 4099 Κοτυώρου.
422 4045 519 4086 Haec
536 4054 576 4087 et
589 4046 664 4088 alia
677 4047 801 4103 huJus
822 4063 945 4104 gener
948 4051 980 4091 is
997 4052 1151 4107 accepit
1172 4052 1320 4093 Noster

961 171 1259 218 PERIPLUS
1293 171 1475 217 PONTI
1510 171 1737 218 EUXINI.

2524 190 2614 227 409

1379 282 1538 337 pellata,
1563 282 1616 323 ad
1631 282 1734 323 ostia
1752 279 1839 337 ejus
1858 282 1948 322 sita.
2008 283 2179 324 Perssuit
2198 293 2334 326 autem
2350 288 2615 334 Thermodon

1380 350 1487 391 hanc
1522 351 1744 392 civitatem.
1803 353 1838 391 A
1869 350 2182 392 Thermodonte
2217 352 2270 393 ad
2295 356 2417 396 Berin
2446 358 2615 401 fluvium

1381 417 1511 459 stadia
1529 423 1596 469 60,
1616 418 1730 459 milia
1742 419 1781 459 8.
1843 419 1879 459 A
1897 418 1990 458 Beri
2006 418 2132 459 fluvio
2144 419 2196 460 ad
2210 421 2436 464 Thoarium
2455 426 2470 478 (
2490 428 2617 468 Thoa-

1380 485 1508 539 rinP)
1547 486 1720 526 fluvium
1750 484 1881 526 stadia
1915 500 1983 540 90,
2017 487 2127 528 milia
2151 501 2199 528 12
2241 488 2342 545 (Ex
2372 493 2554 535 Arriano
2576 506 2614 536 et

1380 553 1580 609 Menippo
1599 558 1630 605 ).

1440 619 1508 659 30.
1542 621 1576 659 Α
1593 619 1778 660 Thoario
1793 627 1931 660 autem
1947 620 2073 662 fluvio
2085 621 2137 662 ad
2154 624 2339 665 OEnium
2356 625 2372 679 (
2391 629 2558 668 OEnoen
2571 632 2616 683 9)

1380 687 1580 739 fluvium,
1609 689 1652 729 in
1674 703 1759 744 quo
1796 691 1917 730 statio
1949 691 2143 742 navibus,
2176 693 2306 736 stadia
2335 696 2404 746 30,
2440 698 2550 739 milia
2575 702 2615 748 4.

1380 755 1448 798 Ab
1467 757 1604 797 OEnio
1627 757 1754 798 fluvio
1773 756 1826 797 ad
1856 758 2171 812 Phigamuntem
2195 762 2366 805 ssuvium
2386 764 2516 806 stadia
2538 769 2614 816 40,

1381 824 1495 865 milia
1518 824 1539 865 5
1558 829 1595 880 ξ.
1656 828 1693 866 Α
1715 825 1988 880 Phigamunte
2007 827 2135 869 fluvio
2154 828 2205 869 ad
2228 830 2459 873 Ameletum
2480 833 2617 876 locum

1383 892 1514 934 stadia
1538 906 1606 944 20,
1634 894 1746 934 milia
1769 907 1794 934 2
1816 898 1852 948 -ζ,
1912 895 1978 936 Ab
2009 896 2195 937 Ameleto
2218 897 2308 939 loco
2340 899 2391 940 ad
2421 901 2617 944 Phadisa-

1381 976 1464 1002 nen
1484 963 1569 1003 sivo
1589 961 1830 1003 Phadissam
1853 963 1981 1004 stadia
2015 965 2091 1005 130
2105 996 2116 1015 ,
2154 965 2264 1007 milia
2288 981 2335 1021 17
2354 976 2371 1023 {-
2390 984 2401 1019 ;
2422 969 2502 1011 illic
2523 985 2618 1026 por-

1382 1038 1448 1070 tus
1478 1039 1518 1071 et
1549 1031 1649 1071 urbs
1677 1045 1763 1072 non
1783 1031 1928 1085 procul
1950 1031 2001 1072 ab
2035 1047 2101 1082 eo,
2127 1033 2412 1077 Polemonium
2449 1039 2614 1080 scilicet.

1382 1098 1660 1140 APhadisane
1680 1098 1732 1140 ad
1762 1099 2049 1143 Polemonium
2069 1101 2215 1144 urbem
2234 1103 2362 1147 stadia
2381 1105 2446 1158 50,
2466 1107 2576 1150 milia
2594 1113 2618 1151 6

1383 1166 1399 1220 (
1415 1169 1485 1207 Ex
1502 1167 1686 1208 Arriano
1701 1177 1739 1207 et
1754 1169 1953 1225 Alfenippo
1969 1173 2001 1223 ).

1438 1235 1507 1276 31.
1539 1238 1575 1276 A
1608 1235 1851 1277 Polemonio
1885 1252 2012 1292 usque
2048 1238 2100 1279 ad
2134 1241 2266 1282 vicina
2297 1242 2618 1287 Thermodontis

1382 1302 1496 1343 fluvii
1523 1304 1638 1359 prius
1657 1304 1857 1346 habitavit
1872 1319 1969 1359 gens
1993 1306 2237 1362 Chalybum.

1439 1374 1508 1414 32.
1538 1376 1574 1414 A
1596 1374 1838 1416 Polemonio
1868 1376 1920 1417 ad
1945 1379 2279 1431 promontorium
2307 1382 2519 1422 Jasonium
2550 1398 2619 1438 ap-

1382 1439 1575 1495 pellatum
1605 1442 1735 1484 stadia
1770 1445 1872 1494 130,
1899 1445 2010 1486 milia
2036 1459 2084 1499 17
2108 1449 2142 1496 3³.
2204 1451 2240 1491 A
2273 1450 2441 1490 Jasonio
2469 1450 2520 1490 ad
2553 1453 2618 1492 Ci-

1382 1509 1507 1550 licum
1524 1511 1700 1552 insulam
1720 1513 1850 1554 stadia
1870 1514 1917 1554 15
1930 1545 1941 1564 ,
1959 1514 2070 1556 milia
2086 1529 2126 1556 2.
2186 1519 2223 1558 A
2237 1518 2409 1558 Cilicum
2426 1520 2557 1561 insula
2568 1522 2618 1562 ad

1383 1580 1591 1621 Genetum
1623 1581 1797 1622 fluvium
1830 1582 1960 1624 stadia
1986 1583 2059 1634 55,
2092 1585 2202 1626 milia
2229 1601 2253 1640 7
2293 1591 2325 1636 ἓ.
2387 1591 2423 1631 Α
2458 1591 2618 1631 Geneto

1381 1647 1509 1688 fluvio
1533 1649 1586 1689 ad
1620 1652 1805 1692 Boonem
1835 1654 2169 1706 promontorium
2189 1663 2230 1695 et
2248 1657 2455 1698 castellum
2490 1660 2639 1700 stadia-

1383 1728 1451 1766 20,
1478 1717 1591 1758 milia
1611 1731 1635 1758 2
1662 1722 1682 1768 ξ
1699 1735 1711 1770 ;
1734 1719 1814 1760 illic
1835 1729 1979 1775 portus
1997 1722 2048 1762 ab
2065 1724 2179 1764 omni
2199 1734 2321 1765 vento
2345 1734 2456 1767 tutus
2480 1736 2519 1768 et
2538 1737 2618 1769 sta-

1382 1783 1441 1823 tio
1481 1786 1668 1827 navium.
1746 1789 1783 1828 A
1815 1789 1956 1829 Boone
1995 1789 2047 1830 ad
2095 1792 2322 1846 Cotyorum
2362 1794 2491 1835 stadia
2537 1811 2614 1848 90,

1381 1852 1497 1895 milia
1519 1869 1583 1895 12.
1645 1853 1778 1910 Hujus
1801 1858 1969 1913 Cotyori
1986 1866 2182 1914 tanquam
2206 1860 2320 1902 urbis
2337 1864 2525 1906 meminit
2539 1865 2622 1906 Xe-

1382 1923 1576 1978 nophon,
1603 1932 1642 1963 et
1675 1925 1963 1981 Sinopensium
1999 1928 2201 1970 coloniam
2238 1945 2323 1970 esse
2355 1930 2453 1972 dicit
2464 1948 2475 1981 3
2498 1932 2621 1974 hodic

1381 2006 1481 2033 vero
1516 2007 1645 2047 pagus
1669 2002 1751 2044 est,
1792 2004 1831 2035 et
1861 2010 1912 2035 ne
1952 1997 1985 2036 is
2014 1997 2181 2051 quidem
2209 2013 2381 2054 magnus
2412 2002 2620 2054 (Arrian.

1381 2068 1420 2100 et
1438 2063 1553 2102 Men.
1574 2064 1590 2114 )
2319 2118 2325 2122 Ι

1438 2129 1508 2168 33.
1543 2132 1579 2169 Α
1602 2130 1782 2184 Cotyoro
1804 2145 1934 2186 usque
1958 2132 2010 2172 ad
2034 2134 2223 2175 viciniam
2252 2136 2479 2179 Polemonii
2507 2140 2622 2194 prius

1380 2195 1621 2237 habitarunt
1638 2198 1832 2237 Tibareni
1848 2229 1859 2248 ‚
1885 2213 1982 2251 gens
2002 2199 2184 2254 ejusdem
2205 2203 2406 2256 regionis,
2429 2208 2500 2260 qui
2519 2208 2620 2248 risui

1380 2264 1517 2307 modis
1539 2266 1733 2315 omnibus
1755 2267 1988 2319 studebant,
2014 2270 2056 2309 in
2072 2284 2121 2310 eo
2141 2272 2363 2314 maximam
2387 2273 2618 2317 felicitatem

1380 2347 1466 2372 esse
1480 2329 1713 2385 judicantes
1738 2334 1924 2388 (Perieg.
1950 2337 2076 2378 lamb.
2102 2339 2181 2391 915
2211 2354 2274 2395 sq.
2294 2343 2327 2394 ).

1437 2403 1507 2451 34.
1530 2404 1756 2459 Cotyorum
1781 2404 1895 2445 sinus
1916 2406 2069 2461 excipit
2081 2423 2093 2458 ;
2112 2422 2237 2462 quem
2254 2410 2287 2450 si
2303 2411 2618 2466 innavigave'ris‚

1380 2471 1432 2512 ad
1453 2471 1727 2513 Melanthium
1749 2473 1923 2515 fluvium
1935 2483 2032 2516 sunt
2050 2475 2180 2518 stadia
2204 2481 2271 2528 60,
2293 2479 2404 2521 milia
2425 2496 2465 2535 7.
2485 2485 2521 2523 A
2538 2486 2622 2526 Co-

1380 2549 1501 2596 tyoro
1515 2572 1527 2591 ‚
1563 2541 1677 2582 sinus
1695 2541 1901 2582 anfractus
1927 2557 2013 2583 non
2042 2546 2398 2600 praeternaviganti
2413 2580 2424 2599 ,
2454 2551 2524 2590 sed
2552 2568 2622 2592 os·-

1379 2609 1486 2649 tium
1518 2607 1605 2662 ejus
1632 2617 1743 2650 recta
1765 2611 2018 2661 transeunti,
2055 2611 2107 2652 ad
2140 2613 2459 2656 Hermonassam
2475 2649 2485 2667 ‚
2523 2620 2625 2660 Tra-

1378 2678 1619 2734 pezuntium
1636 2678 1790 2729 locum,
1813 2679 1943 2720 stadia
1959 2681 2055 2731 300,
2076 2681 2190 2723 milia
2208 2685 2276 2732 40.
2337 2688 2374 2726 A
2392 2686 2628 2729 Melanthio

1381 2748 1509 2789 fluvio
1539 2747 1591 2790 ad
1625 2749 1922 2791 Pharmantum
1944 2750 2116 2791 fluvium
2137 2751 2266 2793 stadia
2303 2753 2396 2805 150,
2421 2756 2533 2797 milia
2549 2771 2622 2799 20.

1388 2941 1411 2966 e
1435 2926 1632 2981 periegesi
1660 2927 1724 2967 vel
1749 2929 1930 2983 periplo,
1956 2931 1997 2970 in
2028 2944 2112 2986 quo
2135 2939 2280 2972 auctor
2313 2933 2365 2974 ab
2401 2949 2546 2975 occasu
2569 2935 2621 2976 ad

1384 2989 1583 3028 orientem
1606 2989 1964 3044 progrediebatur.

1440 3052 1462 3102 §
1483 3054 1552 3100 32,
1576 3049 1605 3091 1.
1625 3064 1694 3093 20.
1711 3051 1915 3104 Γένηπον..
1933 3054 1993 3095 Γε
1984 3053 2104 3106 μήπου
2118 3054 2213 3095 cod.
2228 3056 2428 3097 Arr1anus
2447 3058 2618 3110 fluvium

1385 3112 1556 3153 omittit.
1582 3113 1686 3153 Aliis
1705 3122 1764 3154 est
1784 3115 1961 3168 Γενήτης.
1986 3118 2042 3157 V.
2064 3125 2151 3157 not.
2179 3116 2232 3157 ad
2254 3117 2360 3173 Scyl.
2385 3121 2492 3171 §88-
2524 3120 2539 3173 ΙΙ
2564 3144 2620 3165 -,

1385 3186 1454 3214 22.
1477 3173 1621 3229 ἀκρωτ.
1647 3184 1688 3216 01
1701 3176 1847 3231 χωρίον
1863 3192 1947 3217 1100
1960 3177 2083 3218 habet
2094 3179 2310 3219 Arrianus.
2333 3180 2351 3233 1}
2369 3203 2425 3211 —
2440 3181 2508 3220 23.
2530 3180 2618 3236 λιμ.

1385 3236 1499 3277 πάντ.
1512 3236 1592 3287 ἀν.,
1609 3252 1695 3277 1100
1708 3238 1829 3278 habet
1844 3241 1940 3279 Arr.
1961 3240 2121 3292 11—24.
2140 3238 2191 3286 εἰς
2205 3239 2385 3295 Κοτύωρα
2401 3243 2623 3284 Arrianus.

1441 3301 1464 3352 S
1485 3304 1552 3350 33,
1573 3300 1600 3340 1.
1627 3302 1696 3342 28.
1716 3301 1787 3349 ἕως
1802 3304 1869 3341 τοῦ
1881 3301 2045 3353 πλησίον
2065 3316 2087 3342 0
2103 3300 2212 3356 conj.
2235 3302 2435 3344 Holstenii
2458 3305 2620 3360 scripsit

1386 3362 1543 3402 Gailius
1578 3362 1622 3403 h.
1651 3363 1679 3403 l.
1704 3372 1743 3404 et
1774 3363 1881 3404 infra
1906 3364 2070 3404 iterum.
2101 3364 2116 3417 ΙΙ
2139 3388 2196 3394 -
2217 3376 2287 3418 29.
2306 3364 2616 3422 ὁμογώριοι]

1387 3425 1484 3464 Haec
1503 3439 1583 3465 vox
1608 3433 1652 3465 ut
1671 3425 1780 3480 apud
1792 3427 1989 3466 Nostrum
2012 3427 2150 3481 inepta
2169 3434 2243 3476 est,
2259 3426 2376 3468 sicin
2396 3427 2509 3472 fonte
2520 3443 2620 3509 poe-

1385 3486 1467 3526 tico
1486 3485 1591 3526 bene
1613 3486 1764 3527 habene
1786 3489 1935 3542 potuit.

1443 3551 1464 3601 §
1485 3552 1553 3598 34,
1578 3564 1601 3602 9
1621 3563 1711 3603 sqq.
1733 3552 1836 3602 Quae
1854 3549 2046 3604 leguntui
2061 3564 2190 3606 usque
2211 3550 2264 3592 ad
2277 3551 2388 3608 μίλια
2402 3551 2458 3602 ις’
2474 3568 2497 3594 0
2510 3555 2620 3595 Mar-

1386 3611 1506 3650 ciano
1523 3611 1730 3651 fluxerint.
1749 3613 1948 3653 Arrianus
1966 3612 2068 3654 nihil
2088 3614 2166 3655 nisi
2179 3613 2267 3656 haec
2282 3627 2292 3656 Ξ
2312 3613 2402 3657 Ἀπὸ
2417 3616 2620 3671 Κοτυώρου

1387 3671 1437 3720 εἰς
1456 3672 1675 3713 Μελάνθιον
1695 3690 1734 3715 π.
1763 3675 1909 3715 στάδιοι
1930 3675 2098 3731 μάλιστα
2115 3674 2162 3724 ξ’.
2186 3674 2364 3719 Ἐνθένδε
2387 3677 2438 3727 εἷς
2456 3679 2618 3734 Φαρμα-

1387 3734 1521 3786 τηνὸν,
1546 3734 1666 3776 ἄλλον
1696 3737 1886 3793 ποταμὸν,
1912 3753 1971 3779 στ.
1998 3738 2068 3794 ρν’·
2093 3738 2159 3783 καὶ
2178 3738 2285 3781 ἔνθεν
2306 3739 2358 3788 εἰς
2376 3741 2617 3795 Φαρνάκειαν

1389 3795 1460 3851 ρκ’.
1485 3799 1589 3849 Quae
1604 3807 1835 3853 sequuntur
1853 3815 1983 3856 usque
2003 3800 2056 3842 ad
2068 3814 2108 3843 v.
2129 3801 2299 3852 ἄποικος,
2315 3803 2481 3844 Arriani
2497 3813 2593 3843 sunt
2604 3819 2616 3853 ;

1386 3867 1593 3913 postrema
1619 3859 1797 3918 denique
1821 3873 1950 3919 poetae
1985 3873 2194 3906 centones.
2234 3866 2250 3919 ΙΙ
2282 3889 2339 3896 —-
2363 3865 2433 3914 34.
2464 3879 2617 3919 παρα-

1388 3921 1505 3963 πλέο
1519 3939 1537 3964 ν
1551 3939 1618 3965 τι.
1639 3959 1648 3966 .
1693 3926 1841 3968 διαπλ
1854 3928 1899 3968 έο
1913 3942 1984 3968 ντι
2017 3929 2032 3983 ]
2077 3928 2329 3969 διαπλέοντι..
2360 3927 2621 3983 παραπλέοντι

1387 3983 1540 4036 codex3
1563 4002 1645 4028 em.
1662 3989 1912 4031 Holstenius.
1933 3992 1948 4044 ΙΙ
1968 4015 2023 4022 -
2043 3991 2111 4032 36.
2128 3991 2335 4046 χωρίον]
2354 3991 2486 4046 χώραν
2502 3989 2616 4041 cod.;

1390 4061 1470 4088 em.
1498 4050 1604 4090 Gaii.
1632 4052 1722 4105 11-
1748 4053 2026 4107 Τραπεζοῦσιον
2050 4053 2127 4107 leg.
2159 4053 2265 4095 Gail.
2298 4053 2452 4108 absque
2479 4066 2614 4094 eausa.
