2808 4342
544 0 594 52 Ο
858 50 861 51 ⁷

758 85 803 130 Ο

236 181 328 223 206

573 227 619 269 Ο

233 297 298 330 no
322 283 563 347 ὑποχθόνιον
585 289 800 345 μαντεῖον·
820 285 950 332 ἰλθεῖν
971 301 1072 347 φασι
1093 283 1139 329 δι’
1164 347 1169 349 ‚

317 352 438 416 δεῦρο
455 353 572 417 παρὰ
598 354 757 417 Κίρκης
779 352 1024 412 ἕπανᾶγοντ*
1048 351 1274 402 Ὀδυσσέα.

315 420 396 470 Ἕκ
418 425 491 477 τῆς
513 422 556 468 δὲ
581 422 729 483 Κύμης
748 425 822 477 τῆς
839 421 942 483 πρὸς
960 420 1111 485 Ἀόρνῳ
1127 421 1316 482 κειμένης

313 490 449 536 κτίσιν
467 491 574 536 κατὰ
597 490 788 552 χρησμὸν
807 487 956 535 ἔλαὸεν
978 492 1006 545 ἡ
1028 489 1252 544 Neda-ohe.
1273 491 1292 554 ]

312 559 485 611 Τούτοις
506 558 547 604 δὲ
572 561 772 605 Σαυνῖται
788 558 1032 622 παροικοῧσ’
1054 558 1244 623 ἐχόμενοι

228 643 292 675 aas
313 630 395 674 τῶν
415 628 630 678 Αὗσόνων·
654 630 746 688 μεθ’
765 627 832 680 οὓς
858 628 1064 690 μεσόγειοι
1086 630 1268 692 κείμενοι

309 697 464 742 οἰκοῦσι
484 696 688 743 Λευκανοί
705 715 750 742 τε
775 698 1004 755 Καμπανοί
1026 698 1062 747 θ’
1083 699 1192 760 ἅμα.

312 765 540 826 Προσεχεῖς
563 763 605 809 δὲ
630 764 788 817 τούτοις
805 765 884 812 εἰσὶ
903 767 1028 814 πάλιν
1053 768 1275 833 Οἰνώτριοι

307 830 431 893 μέχρι
452 835 523 888 τῆς
549 834 875 887 Ποσειδωνιᾶδος
894 837 1220 898 ὠνομασμένης,

305 900 356 955 ἥν
377 919 475 964 φασι
496 902 732 966 Συὸαρίτας
754 903 975 952 ἀποικίσαι
996 911 1178 970 προτοῦ,

219 984 283 1016 αοο
303 970 374 1015 καὶ
400 973 721 1019 Μασσαλιωτῶν
742 974 957 1021 Φωκαέων
977 976 1014 1021 τ’
1036 976 1165 1024 Ἐλέα
1186 975 1304 1031 πόλις
1317 1014 1331 1040 ,

306 1046 358 1103 ἣν
378 1046 544 1094 ἔκτισαν
568 1048 763 1113 φυγόντες
779 1050 859 1097 ὑπὸ
876 1051 930 1098 τὰ
953 1052 1145 1117 Περσικά

308 1117 345 1162 οἱ
367 1118 582 1171 Φωκαεῖς·
607 1118 819 1181 [μάλιστα
842 1120 877 1167 δ’
897 1122 1198 1186 εὖανδρουμένη

303 1186 413 1232 κατὰ
435 1185 510 1244 τὴν
535 1188 676 1236 Ἀσίαν
694 1189 879 1238 Φωκαία
901 1191 1073 1253 κειμένη
1100 1192 1269 1256 πόλις.]

301 1254 379 1304 Ἐν
401 1260 460 1321 τῷ
479 1258 596 1323 πόρῳ
618 1265 774 1306 κεῖνται
793 1259 836 1306 δὲ
859 1263 918 1325 τῷ
940 1264 1189 1326 Τυρρηνικῷ

217 1338 280 1372 2⁸⁶
302 1327 464 1383 νησῖδες
484 1327 591 1374 ἑπτὰ
610 1332 685 1386 τῆς
705 1329 901 1383 Σικελίας
919 1332 966 1378 οὗ
987 1331 1154 1396 πρόσω,

301 1393 351 1448 ἃς
367 1394 418 1452 δὴ
440 1398 794 1462 προσαγορεύουσι
813 1398 960 1457 νήσους
983 1401 1157 1459 Αἰόλου,

297 1457 356 1513 ὃν
379 1465 491 1513 ἔστιν
512 1466 626 1532 Ἱερὰ
643 1469 846 1532 λεγομένη
871 1489 931 1524 τις
950 1470 1126 1533 εὐλόγως
1140 1490 1150 1500 ·

299 1537 505 1598 καιόμενα
525 1538 714 1601 φαίνεται
737 1537 816 1602 γὰρ
836 1538 878 1593 ἐξ
897 1541 1023 1598 αὐτῆς
1043 1540 1156 1604 πυρά

298 1604 382 1652 ἀπὸ
405 1605 584 1653 σταδίων
604 1605 758 1664 εὔδηλα
776 1614 882 1655 πᾶσι
899 1608 1114 1667 πλειόνων,

212 1690 276 1722 200
295 1674 369 1722 καὶ
386 1674 597 1741 διαπύρων
618 1678 674 1730 εἰς
691 1675 791 1741 ὕψος
809 1677 1011 1726 ἀναθολαὶ
1031 1679 1215 1743 μύδρων,

296 1745 400 1809 ἔργα
417 1764 463 1793 τε
483 1746 687 1810 σιδήρειός
708 1766 752 1793 τε
776 1749 1012 1814 ῥαιστήρων
1030 1749 1197 1803 κτύπος.

211 1919 282 1947 au.
315 1905 489 1948 Abram.
516 1909 598 1960 966
630 1907 649 1959 (
675 1909 781 1961 1049
802 1922 841 1948 a.
863 1908 912 1949 C.
945 1909 985 1962 );
1015 1922 1101 1964 quo
1133 1906 1335 1959 admisso,
1360 1907 1450 1950 fieri

208 1967 279 2009 vix
296 1968 447 2025 potuit,
469 1976 518 2010 ut
543 1966 612 2009 illo
635 1966 725 2023 jam
748 1977 934 2025 tempore
962 1984 1013 2011 ex
1036 1970 1214 2013 Asiatica
1232 1970 1365 2011 Cuma
1382 1984 1451 2011 co-

206 2027 294 2071 loni
326 2028 582 2072 advenirent.
619 2032 888 2087 Quamquam
917 2030 1043 2073 fidem
1065 2032 1290 2074 testimonii
1319 2032 1449 2073 Euse-

205 2090 321 2134 biani
347 2091 522 2134 omnino
542 2090 701 2134 nullam
718 2106 807 2134 oese
828 2093 967 2135 nescio
986 2108 1041 2135 an
1060 2102 1172 2136 recte
1188 2092 1450 2135 contenderit

204 2153 464 2197 Niebuhrius
480 2155 536 2196 Η.
559 2155 612 2195 R.
634 2155 671 2206 1,
692 2167 736 2211 p.
765 2159 859 2210 ¹74·
891 2156 998 2197 Nam
1027 2155 1104 2197 ista
1125 2156 1357 2198 Cumarum
1374 2170 1448 2197 an·

205 2218 374 2274 tiquitas
394 2230 492 2259 cum
508 2216 680 2272 reliquis
700 2229 795 2273 quae
815 2215 869 2258 de
883 2218 1127 2259 Graecorum
1149 2218 1194 2259 in
1211 2217 1328 2259 Italia
1346 2218 1447 2260 Sici-

203 2278 342 2336 liaque
368 2279 542 2322 coloniis
563 2277 716 2321 tradita
739 2286 861 2331 sunt,
883 2278 1062 2337 quadrat
1095 2281 1283 2322 minime.
1311 2281 1446 2323 Dubi-

202 2342 401 2383 tationem
427 2355 527 2383 vero
557 2341 602 2382 in
621 2338 756 2396 majus
773 2341 898 2383 etiam
916 2342 1106 2384 auxerim
1127 2343 1290 2384 ratione
1306 2343 1445 2386 habita

200 2418 479 2446 numerorum
517 2402 925 2459 chronologicorum.
959 2405 1126 2447 Etenim
1157 2413 1304 2448 auctor
1338 2407 1447 2449 Vitae

200 2466 375 2508 Homeri
397 2480 436 2507 c.
459 2466 512 2509 38
549 2465 726 2508 Cumam
754 2467 977 2508 Asiaticam
997 2466 1211 2510 conditam
1235 2483 1323 2511 esse
1344 2467 1446 2512 dicit

199 2529 320 2570 annis
347 2531 424 2571 168
441 2527 517 2571 ἀπὸ
536 2530 605 2581 τῆς
624 2526 675 2577 εἰς
698 2528 822 2570 Ἴλιον
848 2530 1077 2586 στρατείας(
1095 2545 1223 2587 quam
1238 2545 1308 2573 an.
1338 2544 1445 2588 1270

167 2617 176 2632 .
199 2592 392 2647 assignat.
407 2590 704 2633 Vid.Clinton.
721 2592 770 2634 F.
785 2591 891 2634 Hell.
914 2601 1018 2635 tom.
1039 2595 1075 2645 1,
1089 2608 1132 2650 p.
1157 2594 1252 2636 133.
1277 2594 1446 2637 Fischer

198 2653 307 2696 Ta'b.
333 2654 491 2695 Chron.
519 2668 563 2710 p.
606 2666 656 2696 ιο
685 2656 718 2709 ).
753 2656 847 2696 Jam
876 2669 976 2696 vero
1015 2656 1050 2697 si
1082 2670 1214 2697 annos
1244 2655 1335 2698 illos
1365 2659 1442 2700 168

199 2713 409 2756 addideris
426 2729 537 2756 anno
562 2718 667 2770 1049
697 2730 736 2757 a.
761 2717 828 2766 C.,
853 2730 939 2772 quo
956 2718 1133 2759 Cumam
1153 2717 1335 2761 Italicam
1358 2720 1444 2761 Eu-

199 2776 338 2818 sebius
359 2776 570 2819 conditam
586 2777 703 2829 dicit,
720 2778 885 2820 eruitur
910 2793 1047 2822 annus
1079 2793 1185 2836 1217
1206 2795 1246 2823 a.
1270 2781 1338 2834 C.,
1368 2783 1441 2838 qui

197 2839 438 2881 notissimus
469 2848 531 2881 est
562 2854 698 2881 annus
727 2840 1003 2896 expeditionis
1023 2841 1237 2899 Trojanae,
1261 2842 1367 2886 adeo
1396 2853 1444 2887 ut

196 2898 346 2942 eodem
363 2899 462 2942 inde
479 2914 503 2942 a
521 2901 684 2942 Troicis
704 2916 816 2943 anno
831 2911 1008 2959 utraque
1024 2903 1125 2946 urbs
1135 2913 1240 2947 esset
1256 2905 1438 2948 condita.

195 2962 347 3006 Nonne
376 2963 473 3005 satis
499 2961 600 3005 hinc
630 2963 873 3019 intelligitur
907 2964 1070 3007 diversa
1109 2966 1340 3008 Eusebium
1376 2968 1438 3009 vel

194 3033 411 3069 auctorem
430 3024 520 3082 ejus
533 3023 770 3068 confudisse
785 3027 847 3069 vel
867 3041 1085 3084 perperam
1109 3028 1440 3084 conglutinasse?

200 3088 218 3142 ΙΙ
234 3111 292 3120 -
310 3086 571 3144 Κερόέριόν
591 3102 636 3130 τι
660 3087 936 3146 κτλ.]1·“ιιεε
951 3088 1004 3131 de
1017 3090 1082 3132 his
1104 3090 1276 3146 exponit
1293 3091 1439 3134 Strabo

194 3150 252 3201 V,
286 3162 331 3207 p.
362 3149 444 3201 243
485 3164 548 3207 sq.
583 3151 721 3193 Pauca
754 3150 843 3194 baec
871 3151 1106 3195 adscribere
1133 3151 1287 3195 liceat:
1316 3152 1436 3209 Ἐμύ·

195 3212 307 3255 θευον
331 3212 368 3254 δ’
386 3211 426 3254 οἱ
449 3211 524 3270 πρὸ
547 3211 660 3270 ἡμῶν
679 3213 720 3257 ἓν
748 3218 807 3271 τῷ
842 3213 983 3273 Ἀόρνῳ
1010 3215 1059 3258 τὰ
1086 3215 1173 3272 περὶ
1189 3213 1260 3268 τὴν
1284 3231 1437 3259 νεκυιαν

192 3273 264 3328 τὴν
294 3273 525 3333 Ὁμηρικήν·
547 3275 614 3319 καὶ
626 3273 674 3330 δὴ
692 3275 759 3319 καὶ
773 3280 1071 3336 νεκυομαντεῖον
1092 3278 1288 3324 ἱστοροῦσι
1302 3278 1436 3322 ίνταῦ-

195 3338 246 3380 θα
282 3338 483 3396 γενέσθαι,
517 3338 585 3381 καὶ
623 3337 812 3384 Ὀδυσσέα
841 3339 893 3391 εἰς
929 3344 1044 3385 τοῦτο
1079 3339 1328 3399 ἀφικέσθαι...
1370 3344 1437 3385 καὶ

193 3404 311 3444 τοῦτο
332 3402 481 3459 χωρίον
500 3401 753 3446 Πλουτώνιόν
775 3419 814 3447 τι
836 3403 1127 3462 ὒπιλάμὸανον,
1148 3403 1214 3448 καὶ
1237 3404 1325 3455 τους
1339 3405 1436 3463 Κιμ-

196 3464 347 3520 μερίους
369 3464 533 3507 ἐνταῦθα
559 3465 756 3523 λέγεσθαι.
789 3467 1036 3511 Cimmerios
1066 3469 1166 3511 istos
1193 3468 1438 3512 noma-icus

193 3527 214 3580 (
231 3525 316 3569 Od.
335 3526 378 3579 λ,
406 3530 455 3578 ι4
484 3530 501 3582 )
520 3529 711 3571 nonnulli
737 3530 959 3588 Κερὸερίους
972 3530 1170 3575 dixerunt
1188 3531 1207 3587 (
1224 3545 1266 3574 v.
1289 3532 1431 3589 steph.

191 3587 323 3631 Thes.
343 3602 386 3630 v.
403 3588 598 3646 Κερὸέριοι
616 3593 648 3646 ).
671 3591 736 3634 Cf.
757 3593 877 3649 Vir-g.
902 3594 998 3636 AEn.
1017 3595 1144 3646 6,236
1159 3607 1270 3651 sqq„
1290 3593 1433 3651 ibique

191 3649 299 3693 Exc.
332 3649 508 3706 Heynii5
536 3652 744 3709 Lycophr.
772 3657 851 3698 688
889 3670 998 3713 sqq„
1030 3656 1114 3700 alii.
1138 3656 1366 3700 Cerberum
1389 3657 1431 3699 in

190 3711 335 3755 munis
351 3711 550 3755 Cumanis
563 3727 602 3756 v-
623 3729 690 3771 ap.
706 3717 918 3773 Millingen
934 3719 1093 3775 Sylloge
1107 3733 1150 3776 p.
1177 3732 1243 3763 10.
1256 3720 1323 3763 An
1337 3719 1433 3762 Cet*-

191 3772 343 3817 berum
373 3772 434 3817 ibi
460 3775 505 3817 in
531 3774 668 3818 lucem
696 3787 952 3834 protractum
980 3781 1033 3823 ab
1052 3781 1234 3834 ,Hercule
1258 3779 1430 3839 quidam

193 3834 392 3890 dixerint,
409 3846 458 3880 ut
475 3837 635 3881 Gailius
654 3848 695 3881 et
714 3841 963 3885 Letronnius
981 3845 1260 3900 suspicantur,
1274 3844 1428 3887 nescio.

197 3900 215 3953 l!
232 3924 289 3932 —
303 3900 403 3951 243.
426 3899 537 3943 ἔλαδ*
554 3899 580 3955 ἢ
595 3901 789 3953 Nea-‚om
810 3918 860 3946 cx
871 3906 1112 3949 Boissonadi
1131 3907 1243 3964 conj.
1261 3909 1433 3951 Letron·

191 3962 288 4013 nius
298 3960 430 4015 dedit,
445 3972 595 4016 metro,
611 3973 658 4007 ut
674 3966 861 4022 putabat,
882 3967 1102 4024 flagitante.
1120 3972 1183 4012 De
1194 3985 1240 4012 re
1250 3969 1305 4013 cs.
1317 3970 1428 4014 Stra-

194 4023 318 4076 bov,
344 4029 440 4077 246.
459 4027 577 4080 XIV,
595 4040 639 4085 p.
665 4029 768 4081 6545
791 4030 934 4072 Livius
950 4032 1070 4083 VIII,
1091 4045 1167 4081 22:
1189 4033 1356 4076 Tzetzes
1375 4031 1429 4075 ad

1017 177 1303 224 ANONYMI
1338 178 1530 239 (vomo
1562 181 1794 234 sevum
1829 186 1991 249 cun)

2605 201 2764 260 (ιω.)

1536 295 1852 341 subternnemn
1869 298 2100 343 oraculum.
2119 302 2293 345 Venisse
2310 313 2447 347 autem
2465 307 2578 348 aiunt

1537 365 1621 408 huc
1637 380 1661 408 a
1682 366 1802 409 Circe
1818 367 2060 411 redeuntem
2078 369 2280 427 Ulyssem.

1536 435 1601 476 Ex
1618 435 1749 478 Cuma
1767 444 1904 479 autem
1926 436 1980 479 ad
1998 440 2212 481 Avernum
2234 441 2310 483 sita
2787 455 2791 486 j

1536 502 1773 545 conditores
1790 504 2019 547 secundum
2039 507 2253 549 oraculum
2275 510 2431 566 accepit
2450 510 2659 569 Neapolis.
2677 511 2693 567 J
2777 487 2808 565 b<2·

1535 572 1624 614 Hos
1638 571 1758 628 juxta
1774 573 1962 617 habitant
1981 576 2183 618 Samnites
2197 608 2208 627 ,
2229 577 2394 620 finitimi

1536 643 1778 694 Ausonum
1801 652 1895 700 post
1912 658 2018 700 quos
2039 645 2082 686 in
2105 644 2415 688 mediterraneis

1535 708 1722 752 habitant
1740 712 1898 753 Lucani
1917 720 2041 768 atque
2058 713 2256 770 Campani
2274 714 2412 757 simul.

1535 779 1720 822 Finitimi
1740 794 1838 823 vero
1855 779 1920 823 his
1938 790 2035 823 sunt
2051 795 2194 824 rursus
2211 784 2405 826 OEnotrii

1533 859 1665 902 usque
1685 846 1738 888 ad
1760 847 2024 890 Posidoniam
2068 863 2192 905 quam
2214 861 2360 893 vocant

1532 923 1574 956 et
1595 914 1803 972 Sybaritas
1823 915 1969 958 dicunt
1985 916 2219 960 condidisse
2237 920 2359 973 olim,

1532 992 1655 1041 atque
1670 985 1986 1028 Massiliensium
2004 986 2397 1045 Pbocoeensiumque
2414 992 2513 1034 urbs
2531 994 2626 1035 Elea
2642 1026 2652 1044 ,

1531 1067 1658 1109 quam
1675 1052 1953 1096 condiderunt
1974 1053 2175 1110 fugientes
2192 1055 2271 1098 sub
2290 1065 2476 1115 tempora
2495 1062 2655 1104 Persica

1530 1122 1818 1174 Phocaeenses5
1847 1122 2124 1180 [magnopere
2144 1124 2257 1166 enim
2273 1125 2460 1168 virorum
2478 1131 2597 1185 copia

1530 1190 1708 1246 pollebat
1724 1192 1769 1232 in
1789 1191 1886 1233 Asia
1903 1192 1979 1234 sita
1996 1191 2170 1235 Phocaea
2186 1191 2288 1234 urbs
2301 1193 2336 1249 ].

1529 1261 1578 1300 In
1598 1258 1703 1301 freto
1720 1268 1858 1301 autem
1876 1261 1963 1302 sitae
1981 1268 2078 1303 sunt
2092 1260 2351 1318 Tyn-benico

1527 1341 1664 1383 parvae
1685 1327 1827 1370 insulae
1846 1337 2003 1385 septem
2026 1343 2051 1371 a
2067 1329 2203 1371 Sicilia
2220 1343 2306 1372 non
2326 1330 2470 1387 procul
2486 1362 2497 1382 ,

1527 1410 1628 1452 quas
1645 1396 1849 1454 appellant
1866 1396 2018 1439 insulas
2033 1397 2140 1441 AEoli
2152 1429 2166 1451 ,

1526 1479 1704 1522 quarum
1724 1474 1785 1509 est
1800 1467 1926 1509 Hiera
1939 1466 2051 1509 dicta
2068 1466 2257 1523 quaedam
2274 1481 2456 1523 congrue
2466 1485 2477 1518 ;

1526 1535 1717 1580 ardentes
1734 1537 1846 1579 enim
1862 1551 1913 1579 ex
1932 1537 1999 1579 illa
2015 1546 2190 1593 surgunt
2211 1538 2325 1592 ignes

1525 1619 1599 1661 per
1617 1605 1746 1648 multa
1761 1605 1890 1647 stadia
1910 1606 2104 1648 omnibus
2121 1606 2355 1662 conspicui,

1524 1682 1565 1716 et
1583 1673 1804 1716 candentes
1826 1675 1870 1716 in
1892 1673 2022 1716 altum
2037 1673 2138 1730 jacti
2159 1674 2269 1728 globi
2293 1674 2424 1729 ignei,

1524 1756 1731 1800 operaque
1752 1742 1992 1799 ferreusque
2017 1742 2258 1784 malleorum
2281 1743 2454 1784 sonitus.

1522 1909 1623 1964 Lyc.
1642 1908 1751 1963 7323
1774 1906 1883 1949 Plin.
1906 1908 1985 1956 111,
2014 1921 2063 1961 9;
2085 1906 2197 1948 Solin
2218 1921 2256 1948 c.
2278 1908 2320 1949 8.
2342 1908 2406 1948 De
2424 1907 2593 1949 oraculo
2615 1917 2764 1964 praeter

1519 1969 1748 2025 Scymnum
1775 1982 1899 2010 nemo
1926 1967 2158 2024 quidquam
2191 1969 2368 2010 monuit.
2396 1970 2459 2010 De
2482 1977 2669 2026 tempore
2690 1970 2763 2013 de·

1520 2029 1655 2074 ductae
1681 2029 1853 2073 coloniae
1884 2044 1972 2072 non
2012 2038 2186 2072 constat.
2218 2030 2234 2085 ΙΙ
2258 2055 2316 2063 -
2341 2031 2439 2081 248.
2476 2030 2761 2083 Ποσιδωνιάδος

1519 2092 1615 2136 cod.
1647 2095 1665 2149 ΙΙ
1695 2117 1754 2126 -
1785 2093 1881 2136 250.
1906 2091 2135 2141 τελεάπολις
2166 2091 2325 2144 codex;
2351 2106 2434 2135 em.
2458 2093 2688 2136 Grotesend
2720 2105 2761 2138 et

1520 2156 1800 2207 Letronnius;
1828 2155 1928 2197 olim
1960 2154 2171 2204 Νεάπολις.
2197 2155 2464 2197 Phocoeenses
2481 2164 2574 2212 post
2599 2165 2760 2214 captam

1518 2217 1571 2259 ab
1584 2217 1766 2275 Harpalo
1783 2218 1959 2274 patriam
1975 2218 2042 2271 (c.
2058 2231 2127 2259 an.
2144 2217 2255 2272 542)
2272 2217 2458 2273 primum
2472 2218 2516 2260 in
2530 2218 2757 2273 Corsicam,

1518 2278 1670 2323 deinde
1684 2279 1924 2330 Massiliam,
1940 2279 2150 2335 sexaginta
2167 2277 2253 2321 {ere
2267 2279 2400 2321 ‘annis
2418 2286 2515 2323 ante
2531 2280 2757 2335 conditam,

1516 2342 1731 2394 abierunt;
1748 2343 1847 2384 hinc
1861 2356 1960 2384 vero
1975 2340 2001 2383 ἃ
2014 2357 2070 2385 πο
2082 2357 2134 2399 κρ
2145 2341 2258 2384 ουσθ
2271 2341 2290 2384 k
2301 2356 2403 2391 ντες
2419 2340 2491 2395 τὴν
2507 2341 2646 2386 Ἐλέαν
2660 2358 2763 2388 con·

1516 2404 1732 2448 diderunt.
1759 2406 1826 2448 Sic
1853 2404 2086 2448 Antiochus
2117 2403 2230 2462 apud
2255 2404 2448 2447 Strabon.
2472 2406 2550 2458 vl,
2579 2419 2624 2464 p.
2658 2406 2756 2451 253.

1516 2467 1613 2510 Add
1619 2468 1823 2511 ubitatum
1837 2476 1975 2510 tamen
1989 2476 2050 2510 est
2065 2467 2354 2520 Massilienses,
2375 2467 2529 2525 quibus
2542 2476 2634 2511 tum
2658 2481 2761 2513 con-

1515 2538 1579 2572 tra
1610 2530 1809 2572 barbaros
1841 2530 1999 2571 vicinos
2029 2529 2211 2572 multum
2237 2530 2391 2585 negotii
2423 2538 2531 2582 erat,
2561 2530 2760 2587 repulisse

1515 2608 1646 2636 novos
1675 2595 1845 2637 colonos
1882 2594 2074 2650 civesque
2107 2593 2261 2636 exules.
2283 2595 2372 2649 Ego
2409 2593 2512 2636 nihil
2534 2593 2657 2637 video
2680 2609 2759 2638 cur
2805 2596 2808 2639 j

1513 2656 1710 2698 Antiochi
1731 2656 1855 2698 fidem
1879 2664 2111 2712 suspectam
2142 2655 2392 2707 habeamus;
2416 2669 2513 2697 nam
2536 2654 2637 2697 illud
2665 2654 2759 2699 ἀπο·
2802 2651 2808 2683 J

1514 2720 1757 2773 κρουσθέντες
1771 2719 1927 2760 nonita
1946 2716 2256 2772 intelligendum
2278 2732 2380 2767 esse,
2397 2716 2514 2772 quasi
2530 2717 2757 2762 Massilien·
2806 2759 2808 2762 .

1512 2793 1576 2820 ses
1592 2794 1722 2821 novos
1735 2779 1913 2821 advenas
1929 2780 2101 2820 omnino
2121 2793 2205 2820 non
2225 2778 2498 2830 admisissent,
2512 2793 2561 2821 ex
2575 2795 2625 2821 eo
2642 2790 2754 2837 patet

1511 2841 1628 2898 quod
1654 2843 1858 2899 Scymnus
1881 2844 1896 2896 (
1916 2842 1988 2898 qui
2011 2842 2098 2883 haec
2124 2842 2244 2883 sicuti
2272 2841 2350 2883 alia
2374 2841 2574 2884 nonnulla
2594 2856 2644 2885 ex
2661 2844 2754 2901 ipso
2803 2833 2808 2847 ‘

1511 2905 1722 2947 Antiocho
1760 2905 1913 2948 habere
1952 2903 2118 2946 videtur
2141 2904 2155 2961 )
2179 2905 2319 2947 Elcam
2355 2902 2566 2947 conditam
2600 2905 2703 2950 dicit
2726 2922 2751 2951 a

1512 2967 1849 3010 Massiliensibus
1886 2975 1926 3008 et
1951 2966 2284 3010 Phocaeensibus.
2316 2955 2451 3022 Ig’itur
2481 2968 2749 3014 statuendum
2794 2951 2808 3000 'i

1510 3029 1689 3081 videtur,
1711 3038 1895 3087 receptos
1918 3030 1961 3071 in
1981 3030 2204 3072 Massiliam
2224 3028 2393 3071 colonos
2411 3043 2510 3071 mox
2529 3029 2586 3072 ob
2599 3030 2750 3076 subor-

1509 3100 1569 3134 tas
1594 3092 1736 3134 turbas
1755 3091 1965 3134 intestinas
1987 3091 2090 3133 urbe
2110 3090 2249 3148 pulsos
2267 3104 2350 3133 una
2372 3104 2468 3132 cum
2496 3099 2613 3147 parte
2641 3093 2749 3136 Mas·
2791 3112 2794 3116 ’

1508 3153 1737 3198 siliensium
1770 3154 1911 3196 Eleam
1941 3152 2189 3195 condidisse.
2226 3153 2420 3196 Ceterum
2458 3153 2664 3206 nonnulli,
2702 3165 2749 3198 ut

1506 3216 1700 3273 Thucyd.
1737 3218 1774 3268 1,
1806 3217 1881 3268 13,
1910 3218 2087 3259 Pausan.
2116 3218 2234 3267 vm,
2264 3219 2305 3267 4,
2341 3229 2388 3267 1,
2420 3214 2578 3258 Gellius
2609 3217 2664 3259 N.
2690 3220 2754 3261 A.

1507 3280 1563 3331 X,
1598 3283 1670 3330 16,
1693 3280 1904 3322 Ammian.
1932 3278 2115 3321 Marcell.
2142 3280 2240 3331 XV,
2262 3293 2304 3334 9,
2331 3277 2496 3320 nonnisi
2524 3290 2655 3321 novos
2669 3278 2747 3323 hos

1506 3341 1694 3385 Massiliae
1729 3341 1898 3393 colonos
1926 3349 2172 3394 memorant,
2209 3341 2271 3383 vel
2314 3355 2411 3383 cum
2440 3341 2587 3397 primis
2629 3341 2746 3386 urbis

1506 3403 1794 3448 conditoribus
1813 3419 1882 3446 eos
1905 3402 2184 3446 confundunt.
2215 3405 2271 3445 V.
2294 3403 2477 3446 Clinton.
2501 3411 2605 3447 tom.
2629 3404 2665 3456 1,
2686 3401 2742 3448 ad

1507 3481 1576 3510 an.
1602 3470 1699 3521 600,
1722 3467 1906 3510 Fischer.
1926 3467 2033 3510 Tab.
2072 3467 2232 3510 Chron.
2255 3465 2310 3510 ad
2325 3481 2395 3510 an.
2422 3470 2505 3510 600
2526 3475 2569 3510 et
2595 3467 2668 3524 qui
2689 3462 2744 3510 ἁ
2771 3463 2801 3519 {s'

1502 3530 1688 3587 professo
1710 3531 1899 3574 Massiliae
1926 3530 2141 3573 historiam
2160 3531 2479 3573 concinnarunt.
2501 3528 2748 3573 Herodotus

1503 3594 1631 3636 Veliae
1654 3595 1739 3637 sive
1761 3594 1908 3651 Hyele·
1934 3593 2004 3651 (in
2026 3594 2247 3647 OEnotria,
2272 3596 2309 3646 1,
2340 3592 2447 3651 167)
2470 3590 2649 3635 conditae
2678 3589 2741 3635 ht·

1501 3658 1669 3699 storiam
1686 3657 1814 3700 verbo
1830 3658 2006 3712 tetigisse
2019 3658 2113 3699 satis
2124 3656 2247 3699 habet
2259 3658 2316 3707 11,
2339 3660 2432 3711 167.
2455 3655 2472 3710 ΙΙ
2490 3653 2654 3697 -252,
2667 3651 2755 3711 ph·
2806 3656 2808 3658 ’

1502 3718 1615 3761 >uo-:4
1638 3721 1672 3761 τ’
1690 3719 1784 3762 cod.
1810 3722 1825 3775 Η
1845 3744 1902 3752 -
1930 3721 2027 3763 253.
2057 3719 2166 3776 Κύμη
2185 3734 2263 3775 pro
2281 3718 2446 3760 ψωκαία
2463 3715 2611 3759 codex.
2628 3709 2742 3757 Μ

1501 3796 1626 3838 supra
1642 3781 1710 3824 ad.
1738 3797 1776 3825 v.
1796 3784 1894 3838 239.
1925 3784 2127 3826 Praeterea
2145 3796 2224 3839 pro
2241 3781 2340 3824 κατὰ
2367 3778 2438 3834 τὴν
2470 3778 2596 3823 Ἀσίαν
2616 3773 2741 3839 md}

1501 3858 1624 3886 causa
1642 3845 1780 3887 malim
1802 3844 1826 3898 ἡ
1850 3845 1934 3887 κατ’
1955 3843 2097 3888 Ἀσίαν.
2128 3847 2144 3902 ΙΙ
2163 3869 2220 3877 -
2238 3845 2336 3887 255.
2368 3842 2518 3900 iata]
2538 3834 2761 3898 &W

1501 3906 1551 3959 λη
1565 3939 1575 3957 ,
1595 3907 1814 3965 Εὐώνυμοςι
1847 3906 1961 3964 Ἱερά,
1989 3908 2155 3964 Λιπάρα,
2172 3906 2335 3963 Διδύμη,
2362 3904 2587 3963 Ἐρικώδης,
2602 3899 2733 3942 0⁰⁸*

1502 3970 1652 4022 κώδης,
1676 3985 1725 4011 ex
1754 3971 1994 4012 recensione
2015 3969 2146 4012 schol.
2176 3968 2312 4026 Apoll.
2343 3967 2532 4023 maun,
2560 3967 2629 4014 4¹·
2660 3955 2726 4002 α·

1499 4031 1645 4075 Strabo
1667 4034 1744 4085 vl,
1764 4047 1807 4090 p.
1830 4033 1927 4089 275.
1950 4034 2044 4089 11-
2061 4031 2159 4088 259.
2185 4030 2471 4085 πλειόνων]
2494 4020 2731 4075 πεντήκοντα
