2782 4348
502 0 553 37 U
818 34 821 37 ⁴

717 69 762 115 Ο

162 169 224 207 50
532 210 581 256 ⁶

162 261 363 311 Μαλιέων
395 261 516 327 χώρα
536 262 766 310 ἔποικοῧσιν
787 260 943 307 ἄνωθεν
967 258 1051 306 ἀπὸ
1076 258 1293 320 μεσογείας
1311 262 1395 309 Λί-

162 337 322 392 νιᾶνες,
344 331 417 379 καὶ
435 331 488 378 δι’
509 333 642 378 αὐτῶν
663 333 724 395 ῥεῖ
741 333 764 376 ὁ
782 327 1011 391 Σπερχειὸς
1031 327 1237 389 ποταμός.

226 417 284 449 ω.
323 403 521 449 Axium.
545 397 659 453 Ἔξω
682 397 725 444 δὶ
761 401 831 443 τοῦ
862 395 1078 462 Μαλιαίου
1109 396 1266 445 κόλπου
1294 397 1398 446 εἰσὶν

164 469 325 533 Ἀχαιοὶ
349 472 542 518 Φθιῶται
563 468 686 519 ἔθνος·
710 464 790 512 εἶσὶ
807 463 850 511 δὲ
873 464 944 511 καὶ
962 467 1005 512 ἐν
1026 468 1089 529 τῷ
1108 467 1399 532 Παγασητιχῷ

162 540 307 601 κόλπῳ
334 539 397 585 ἐπ’
422 540 617 599 ἀριστερᾷ
638 533 871 580 εἰσπλέοντι
887 569 903 593 ,
929 536 985 587 ὥς
1006 534 1077 581 ἰπὶ
1097 533 1147 582 τὸ
1171 534 1305 595 ἥμισυ
1326 541 1398 584 τοῦ

162 609 336 656 κόλπου.
406 608 582 669 Ἀχαιῶν
604 604 744 655 πόλεις
774 601 887 650 αἵδε·
909 602 1154 666 Ἀντρῦνες,
1177 605 1399 670 Λάρισσα,

164 678 391 736 Μελιταῖα,
414 674 670 736 Δημήτριον,
692 672 853 731 ezem-
870 672 952 720 εἰσὶ
970 673 1014 720 δὲ
1028 673 1101 721 καὶ
1119 674 1246 723 ἄλλαι
1260 675 1400 730 πόλεις

162 747 340 809 Ἀχαιοῖς
361 748 401 791 ἐν
428 742 640 805 μεσογείᾳ.

222 831 280 862 οι.
315 817 592 863 ΘΕΤΤΑΔΙΑ.
618 809 745 860 Μετὰ
763 811 807 859 δὲ
825 811 1015 876 Ἀχαιοὺς
1033 813 1247 864 Θετταλία
1268 814 1399 870 καθή-

162 903 224 931 κει
257 884 323 931 ἐπὶ
357 883 566 930 θάλατταν
605 883 653 928 ἐκ
688 881 906 944 μεσογείας
929 882 1039 930 κατὰ
1071 884 1211 930 στενὸν
1245 884 1303 935 εἷς
1329 884 1400 949 τὸν

163 951 463 1013 Παγασητικὸν
477 952 632 998 κόλπον
650 951 809 998 στάδιοι
826 951 885 998 λ’.
954 952 1042 1012 Καί
1063 954 1144 998 εἰσι
1163 950 1399 1005 Θετταλίας

161 1023 300 1075 πολεις
323 1020 412 1068 αἵδε
431 1021 501 1067 ἐπὶ
524 1020 727 1083 θαλάττῃ’
747 1021 1023 1084 Ἀμφαναῖον,
1044 1021 1268 1083 Παγασαί·
1289 1023 1330 1068 ἐν
1355 1021 1397 1068 δὲ

160 1091 356 1155 μεσογείᾳ
382 1090 549 1155 Φεραὶ,
573 1090 789 1154 Λάρισσα,
820 1091 1047 1154 Φάρσαλος
1063 1126 1076 1149 ,
1112 1091 1286 1153 Κίερον,
1310 1093 1397 1139 Πε·

157 1260 301 1316 Steph.
327 1273 368 1300 v·
388 1258 477 1314 Ἶρα
495 1266 537 1299 et
550 1258 680 1313 Ἶροςς
707 1259 895 1314 Lycoph.
919 1259 1000 1312 903
1021 1272 1032 1299 ;
1054 1258 1092 1299 οἱ
1111 1259 1146 1299 δ’
1172 1257 1321 1313 Ἐχῗν
1336 1273 1403 1309 ον,

158 1323 196 1364 οἱ
214 1323 255 1364 δὲ
277 1322 459 1378 Τίταρον,
486 1321 594 1376 Ἶρόν
616 1336 657 1362 τε
677 1321 743 1361 καὶ
762 1321 942 1376 Τρηχῖνα
960 1324 993 1375 ),
1034 1336 1118 1362 non
1149 1322 1280 1375 magis
1309 1335 1406 1362 con·

157 1395 236 1428 stat
252 1386 379 1442 quain
400 1384 453 1425 de
475 1383 667 1439 Λίγωνείᾳ
688 1384 950 1425 Maliensium
979 1383 1082 1425 urbe
1103 1384 1116 1440 (
1137 1384 1403 1439 Lycophron.

157 1449 187 1491 1.
205 1449 252 1499 1.,
267 1449 435 1490 Tzctzae
454 1447 576 1498 ibid„
594 1448 822 1499 Hecataeus,
840 1447 1027 1489 Rhianus
1048 1461 1116 1503 ap.
1133 1449 1192 1489 St.
1214 1449 1262 1489 B.
1286 1462 1320 1488 s.
1343 1447 1403 1504 v.)

158 1519 200 1553 et
226 1509 279 1551 de
300 1510 519 1565 Κολακεία,
544 1524 670 1565 quam
702 1509 886 1551 Thessali
910 1509 1178 1551 Maliensibus
1207 1510 1406 1565 eripuisse

159 1573 358 1615 dicuntur
379 1572 674 1629 (Theopomp.
698 1571 727 1613 Γ.
758 1574 834 1614 188
852 1571 885 1628 ).
912 1574 974 1613 De
1005 1572 1069 1613 his
1092 1572 1211 1628 plura
1243 1571 1406 1614 dederit

159 1636 332 1690 Kriegh.
354 1637 419 1677 De
444 1634 713 1677 Maliensibus
744 1634 844 1676 diss.
874 1635 1065 1676 Francos.
1097 1634 1150 1676 ad
1174 1637 1235 1676 M.
1275 1635 1403 1686 1833,

159 1713 244 1754 quo
262 1698 369 1740 libro
391 1699 452 1740 uti
472 1712 557 1740 non
578 1697 740 1739 licebat.
761 1700 854 1739 Jam
875 1706 922 1739 ut
941 1697 994 1739 ad
1028 1698 1239 1754 Periplum
1267 1712 1405 1739 rever-

160 1771 238 1813 tar,
259 1762 418 1804 Gailius
439 1769 480 1803 et
503 1761 715 1803 Fabricius
740 1776 814 1817 per
836 1769 970 1803 totum
1002 1761 1083 1803 hoc
1118 1776 1285 1816 segmen
1314 1761 1406 1802 uhi·

160 1839 242 1880 que
260 1826 514 1880 scripserunt
527 1824 592 1865 ille
611 1823 791 1874 Μαλιεῖς,
810 1824 878 1865 hic
895 1824 1074 1877 Μηλιεῖς.
1094 1824 1255 1866 Scilicet
1268 1831 1406 1865 censet

159 1887 319 1929 Gailius
344 1888 484 1929 omnia
511 1901 603 1943 quae
621 1900 752 1942 usque
786 1886 838 1928 ad
860 1886 1105 1943 Sperchium
1139 1887 1240 1928 ssuv.
1270 1888 1405 1928 nomi-

160 1958 329 2002 nantur,
348 1950 556 2007 pertinere
574 1948 627 1991 ad
646 1949 997 2001 Limodorienses,
1022 1958 1064 1991 et
1096 1949 1195 1991 hinc
1226 1949 1407 2005 denique

160 2013 342 2070 incipere
368 2011 688 2069 descriptionem
710 2012 989 2054 Maliensium.
1017 2014 1157 2066 Quare
1192 2012 1406 2054 Fabricius

158 2076 284 2117 etiam
306 2076 350 2118 h.
368 2075 397 2117 l.
421 2076 582 2131 scripsit
603 2089 612 2117 :
632 2074 743 2117 Μετὰ
761 2075 802 2117 δὲ
825 2075 1025 2131 [τούτους,
1043 2090 1100 2116 sc.
1119 2076 1208 2124 τοὺς
1228 2076 1405 2131 Λιμοδω-

159 2139 283 2195 ριεῗς]
305 2138 472 2191 Μηλιεῖς
491 2138 612 2187 ἔθνος.
638 2142 693 2180 At
708 2140 810 2179 mira
830 2137 1080 2180 emendandi
1097 2140 1203 2180 ratio
1219 2147 1296 2189 est,
1314 2153 1406 2194 quae

161 2209 208 2243 ut
226 2215 396 2258 pravam
426 2202 667 2258 opinionem
685 2200 875 2256 expellat,
893 2215 978 2242 non
1001 2199 1129 2242 modo
1152 2210 1285 2243 mutat
1306 2203 1407 2243 scri·

159 2273 324 2321 pturam
358 2263 514 2307 codicis
527 2295 539 2315 ‚
573 2263 646 2306 sed
679 2263 806 2306 multa
840 2263 1038 2320 majorem
1068 2265 1191 2306 etiam
1221 2279 1405 2307 errorem

159 2327 395 2385 geographo
425 2336 568 2369 nostro
595 2326 768 2381 affingit.
805 2329 995 2369 Severior
1020 2328 1162 2369 critica
1192 2328 1406 2383 pioesracte

156 2391 289 2447 jubet,
310 2399 357 2433 ut
371 2398 583 2432 auctorem
602 2390 752 2446 Peripli
770 2391 878 2431 inter
894 2390 1111 2432 Melienses
1126 2399 1167 2432 et
1188 2391 1406 2434 Maliensae

160 2452 398 2494 distinxisse
419 2460 673 2503 statuamus,
700 2453 820 2494 sicuti
848 2452 1039 2495 distinxit
1062 2454 1171 2495 inter
1199 2455 1407 2510 Syrmatas

159 2525 199 2557 ct
229 2517 504 2557 Sauromatas.
530 2515 772 2570 hprobare
807 2516 910 2567 hoc,
946 2525 988 2558 at
1010 2531 1095 2558 non
1127 2517 1269 2558 tollere
1295 2517 1404 2559 licet.

177 2583 196 2630 11
229 2603 286 2609 -
299 2580 329 2619 Α
344 2578 355 2618 ἰ
368 2580 447 2618 νιᾶ
460 2579 561 2633 νες]
588 2579 650 2618 De
664 2577 831 2619 sedibus
845 2593 991 2620 eorum
1007 2594 1048 2620 ν.
1067 2579 1214 2621 Strabo
1232 2594 1276 2635 p.
1296 2583 1371 2629 441
1393 2596 1404 2630 ;

160 2640 325 2681 Mi‘iller.
353 2644 452 2681 Dor.
485 2641 520 2690 1,
538 2654 581 2695 p.
608 2643 659 2690 44
678 2648 718 2681 et
748 2644 841 2681 Zm-
856 2645 985 2684 Karte
1002 2641 1046 2683 d.
1075 2657 1115 2683 n.
1143 2646 1216 2683 Gr.
1238 2656 1282 2698 p.
1309 2647 1374 2684 16.

220 2706 258 2756 §.
284 2705 352 2743 63.
392 2702 513 2750 Ἔξω
543 2702 647 2743 κτλ.
665 2705 680 2755 ]
698 2702 839 2744 Codex
864 2704 918 2745 ita
937 2703 1062 2745 habet
1087 2717 1134 2745 ε..
1156 2704 1179 2745 ὁ
1199 2704 1407 2759 Σπερχειὸς

161 2765 333 2821 ποταμὸς
367 2766 437 2814 ἔξω
478 2769 546 2806 τοῦ
580 2765 776 2806 Μαλιαίου
809 2765 971 2807 κόλπου.
1011 2764 1172 2821 Ἀχαιο
1186 2767 1210 2807 ί.
1248 2766 1336 2807 Εἰσὶ
1367 2767 1407 2809 δὲ

166 2826 328 2883 Ἀχαιοὶ,
348 2828 433 2870 κτλ.
455 2829 939 2883 Quaemutavipraeeunte
949 2830 1405 2872 Gronovio.Namillud

162 2890 235 2940 ἔξω
258 2892 365 2942 κτλ,,
390 2899 528 2948 aptam
557 2891 870 2947 explicationem
901 2907 985 2934 non
1008 2892 1205 2934 admittit.
1242 2893 1406 2935 Clause-

161 2954 330 3010 niusjta
353 2968 363 2996 ε
385 2974 401 2990 ι
426 2955 579 2996 Lamiae
597 2953 800 2997 ditionem
816 2954 939 2995 fuisse
956 2970 1038 2995 non
1059 2955 1179 3011 plane
1198 2956 1404 3009 exiguam,

161 3017 233 3058 sed
256 3018 501 3074 pertinuisse
519 3030 650 3072 usque
666 3016 718 3058 ad
735 3017 871 3058 sinum
886 3032 938 3057 eo
957 3017 1173 3073 probatur,
1194 3018 1306 3073 quod
1329 3020 1405 3060 La·

162 3080 344 3122 miacum
366 3080 515 3136 saepius
529 3094 625 3121 eum
641 3080 779 3123 sinum
791 3080 967 3136 appellat
986 3081 1205 3122 Pausanias
1220 3083 1283 3134 (1,
1302 3084 1343 3130 4,
1363 3083 1403 3122 3.

162 3143 260 3193 vn,
283 3142 349 3194 15,
367 3155 409 3184 2.
433 3143 491 3194 X,
520 3156 558 3193 1,
582 3155 610 3184 2
626 3144 659 3198 ),
676 3156 806 3199 quum
829 3150 966 3184 tamen
984 3144 1024 3183 in
1046 3142 1180 3185 media
1206 3151 1312 3185 terra
1330 3145 1406 3186 sita

162 3206 213 3246 sit
236 3206 381 3247 Lamia
395 3206 696 3262 quinquaginta
712 3204 840 3247 ferme
855 3205 986 3247 stadia
1001 3205 1054 3247 ab
1069 3220 1119 3247 eo
1137 3205 1308 3247 distans.
1326 3208 1405 3248 Sed

162 3267 277 3323 quod
295 3267 405 3322 ditio
428 3268 710 3310 Lamiensium
733 3269 871 3309 sinum
905 3268 1111 3322 tangebat,
1143 3267 1407 3311 vindicabant

162 3329 205 3370 hi
225 3329 399 3372 Meliaco
414 3344 646 3386 cognomen
666 3339 756 3372 tum
771 3330 933 3372 Maliaci
952 3339 1040 3372 tum
1066 3331 1245 3373 Lamiaci
1259 3361 1271 3382 ,
1292 3331 1405 3387 quod

163 3393 368 3435 simillime
386 3394 575 3446 sonabat,
599 3395 768 3451 proprie
787 3394 959 3436 sortasse
981 3395 1037 3435 ita
1053 3393 1302 3451 appellantes
1316 3408 1408 3451 par-

164 3461 247 3495 tem
263 3454 351 3510 ejus
359 3454 582 3507 borealem,
597 3457 640 3498 in
660 3456 779 3512 cujus
787 3470 857 3498 ora
874 3456 1094 3498 Phalaraet
1105 3456 1288 3498 Echinus
1296 3455 1407 3513 jace·

163 3515 262 3557 bant
282 3530 292 3558 ε
317 3532 367 3558 ex
390 3532 471 3573 qua
489 3533 534 3560 re
552 3518 595 3560 id
614 3520 878 3575 interpretor,
900 3518 1013 3575 quod
1032 3527 1147 3561 extra
1164 3521 1301 3561 sinum
1318 3521 1407 3562 Ma-

163 3577 354 3635 liensium
376 3581 545 3622 el'lluere
563 3583 806 3638 Sperchium
827 3581 929 3624 dicit
951 3582 1110 3639 Scylax,
1139 3597 1262 3639 quem
1290 3584 1332 3625 in
1355 3584 1408 3625 si·

164 3655 266 3684 num
280 3641 497 3683 Meliacum
513 3643 681 3685 effluere
695 3659 819 3685 nemo
834 3645 961 3699 possit
979 3659 1142 3699 negare.
1164 3665 1180 3680 ··
1200 3644 1408 3687 Infelicius

126 3702 132 3706 ’
164 3705 287 3746 etiam
312 3702 470 3746 Gailius
490 3706 649 3759 putavit
662 3706 927 3746 scribendum
948 3721 1034 3748 esse
1053 3720 1062 3747 :
1083 3722 1098 3747 ε
1114 3705 1203 3747 ἴσω
1222 3709 1290 3748 τοῦ
1315 3706 1408 3748 κόλ-

163 3780 238 3809 που
256 3759 332 3818 Μ.,
353 3765 467 3822 quod
486 3767 715 3821 significare
733 3782 852 3823 posse
872 3768 990 3808 linxit
1012 3782 1021 3809 :
1043 3769 1131 3809 exi!
1153 3769 1194 3810 in
1218 3769 1407 3811 intimam

159 3838 324 3886 'mrtem
341 3828 608 3872 Mula'emium
620 3829 753 3870 simis.
780 3834 795 3884 ΙΙ
816 3853 871 3861 -
887 3830 925 3870 Μ
941 3830 1001 3869 αλ
1016 3845 1058 3870 ια
1071 3831 1082 3870 ί
1090 3846 1138 3870 ου
1159 3832 1283 3884 ]11τι·ο
1298 3830 1407 3887 adje-

164 3892 259 3933 ctivi
292 3890 424 3933 forma
446 3890 564 3941 alibi,
586 3899 787 3946 quantum
813 3891 915 3941 scio,
938 3906 1020 3933 non
1050 3895 1244 3934 occurrit.
1270 3893 1407 3948 Vulgo

165 3953 382 4006 Μαλιακ6ς,
406 3954 650 3996 uticonstat.
670 3953 852 3995 Μαλιέων
872 3954 1045 4005 Gallius,
1066 3955 1158 4007 Μηλ
1217 3955 1403 3997 mFabri-

162 4018 267 4058 eins.
291 4018 307 4070 [¹
330 4041 385 4050 —
413 4017 499 4059 καὶ
524 4016 573 4059 ἐν
596 4020 662 4075 τῷ
681 4020 697 4072 ]
734 4032 798 4059 και
834 4018 988 4059 omittit
1029 4032 1171 4075 apogr.
1164 3972 1399 4061 Ἧνοιίυιιη.

1037 156 1321 206 SCYLAClS
1352 117 1812 212 maidunensis

2509 175 2708 238 (ιιι)

1466 269 1690 316 ditari-ami
1707 276 2062 332 tractuspartibus
2078 278 2288 331 AEnianes,
2313 294 2388 337 per
2409 294 2564 337 eosqm
2581 283 2703 341 Sper-

1466 340 1586 385 chius
1609 345 1744 387 amnis
1771 344 1937 388 labitur.

1524 411 1594 454 63.
1610 414 1774 455 Aonas.
1798 415 1927 457 Extra
1940 416 2078 459 sinum
2099 431 2198 459 vero
2217 418 2436 461 Maliacum
2451 427 2548 461 sunt
2567 417 2744 466 Anba·

1467 478 1698 533 Phthiota,
1733 495 1826 538 quae
1852 496 1952 537 gens
1982 485 2105 527 etiam
2137 487 2358 540 Pagasetici
2400 489 2513 529 sinus
2546 497 2705 544 partem

1471 549 1645 592 intranti
1682 551 1890 595 sinistram
1924 567 2055 610 usque
2082 554 2135 597 ad
2158 555 2342 599 medium
2370 558 2507 599 sinum
2529 558 2704 601 obtinet.

1468 616 1605 660 Urbes
1625 619 1874 663 Achoorum
1893 620 1957 663 hae
1977 631 2075 665 sunt
2095 635 2106 664 x
2131 626 2361 676 Antrones,
2385 628 2566 677 Larissa,
2587 626 2707 669 Meli·

1469 693 1570 739 tna,
1593 687 1756 729 Generis
1785 680 1927 732 sanum
1941 720 1953 741 ,
1981 689 2152 733 Thebc.
2178 693 2331 735 Praeter
2345 693 2418 735 has
2440 694 2528 736 alite
2548 694 2708 738 Achaeis

1468 755 1593 798 urbes
1610 764 1709 798 sunt
1726 758 1770 799 in
1789 757 2116 802 mediterraneis.

2725 426 2782 788 ἰ

1525 826 1597 874 64·
1619 826 1867 868 Tanau-u.
1926 829 2025 869 Post
2057 828 2229 871 Achms
2259 831 2466 874 Thoesalin
2495 842 2554 874 est
2569 864 2581 883 ,
2615 847 2708 888 quae
2762 821 2782 863 f

1469 906 1493 934 e
1503 892 1815 935 mediterraneis
1823 893 1876 935 ad
1888 908 2001 936 mare
2014 896 2233 952 sinumque
2244 900 2522 954 Pagaseticum
2538 900 2707 942 doeoen-

1470 959 1534 1001 dit
1562 968 1738 1015 angusto
1773 969 1908 1003 tractu
1946 962 2176 1005 stadiorum
2210 965 2279 1008 30.
2338 968 2531 1011 Civitates
2568 977 2706 1011 autem
2775 968 2782 980 ⁴

1468 1028 1687 1071 Thessalia:
1704 1029 1758 1071 ad
1787 1045 1901 1072 mare
1929 1039 2026 1073 sunt
2046 1031 2110 1074 hae
2132 1046 2142 1074 ε
2178 1035 2494 1091 Amphanoeum,
2519 1041 2706 1094 Pagasae;

1470 1097 1779 1140 mediterraneae
1795 1113 1892 1140 vero
1907 1099 2064 1151 Pherae,
2084 1101 2260 1152 Larissa,
2278 1102 2510 1157 Pharsalus,
2522 1107 2707 1159 ciarum,

1473 1259 1580 1300 Dein
1609 1259 1859 1316 Παγασιτικῷ
1880 1259 2022 1300 codex.
2045 1266 2135 1309 fl--
2153 1261 2215 1310 ὡς
2238 1261 2316 1304 ἐπὶ
2341 1262 2395 1304 τὸ
2431 1263 2498 1320 ἥμ
2513 1279 2580 1306 tou
2596 1268 2627 1319 J,
2650 1262 2708 1310 sc.

1473 1335 1605 1377 usque
1619 1322 1671 1363 ad
1695 1322 1900 1378 Pyrrhum
1916 1325 2249 1378 promontorium
2267 1325 2404 1380 paullo
2415 1339 2539 1382 supra
2552 1327 2715 1372 Thebas

1473 1385 1615 1435 situm,
1638 1385 1700 1426 uti
1723 1385 1870 1426 Strabo
1895 1386 1972 1436 IX,
2003 1399 2046 1441 p.
2074 1386 2154 1435 435
2189 1386 2325 1429 docet.
2347 1389 2402 1430 V.
2436 1388 2600 1431 Manena
2625 1393 2720 1432 Zur

1474 1449 1603 1488 Kar-te
1624 1446 1668 1488 d.
1700 1462 1743 1489 n.
1769 1450 1843 1489 Gr.
1868 1462 1911 1503 p.
1951 1461 2015 1490 10.
2042 1450 2058 1502 ΙΙ
2079 1472 2138 1480 -
2172 1447 2459 1505 Ἀντρῶνες]
2502 1449 2718 1508 Ἀλίτροπες

1472 1508 1603 1551 codex
1620 1526 1631 1560 ;
1655 1524 1737 1551 em.
1773 1510 1999 1552 Palmerius
2030 1511 2201 1566 optime.
2236 1513 2375 1567 Vulgo
2410 1512 2510 1554 urbs
2552 1512 2713 1571 Ἀντρὼν

1474 1572 1491 1625 (
1510 1573 1588 1613 nisi
1610 1571 1724 1628 quod
1742 1572 1951 1614 Ammaia
1965 1587 2033 1629 ap.
2053 1573 2203 1615 Melam
2218 1576 2275 1626 11,
2298 1576 2339 1626 3,
2358 1578 2382 1625 4
2403 1577 2443 1630 ),
2460 1574 2531 1617 sed
2547 1577 2715 1632 plurali·

1474 1643 1537 1677 ter
1555 1637 1677 1678 etiam
1707 1636 1789 1677 dici
1812 1635 1935 1677 docet
1958 1635 2106 1678 Strabo
2126 1638 2203 1689 IX,
2233 1652 2276 1694 p.
2312 1638 2394 1688 432
2426 1651 2436 1679 ε
2461 1638 2611 1689 πόλεως
2634 1639 2715 1683 Ἀν-

1473 1702 1636 1754 τρῶνος,
1659 1700 1683 1752 ἢ
1708 1702 1775 1740 νῦν
1800 1698 2065 1751 πληθυντικῶς
2089 1698 2260 1755 λέγεται.
2280 1701 2454 1742 Vossius
2484 1700 2716 1757 conjecerat

1480 1760 1621 1815 Ἆλόπη
1638 1778 1649 1814 ;
1669 1762 1827 1805 Gailius
1855 1762 2123 1818 παλιντροπὲς,
2149 1772 2256 1804 retro
2278 1763 2428 1813 eundo,
2453 1764 2640 1820 ineptum
2670 1767 2714 1808 in

1473 1825 1637 1881 Scylace
1653 1824 1898 1867 vocabulum
1910 1855 1922 1876 ,
1943 1824 2057 1880 quod
2077 1826 2256 1882 ineptius
2270 1827 2393 1867 etiam
2413 1825 2627 1881 conjector
2647 1842 2722 1870 ex-

1474 1886 1621 1942 plicat3
1644 1887 1858 1930 Fabricius
1871 1887 1968 1942 legit
1992 1885 2288 1944 Ἃλίτροπες,
2307 1887 2511 1944 ejusmodi
2535 1891 2717 1933 nominis

1474 1948 1611 1991 locum
1630 1949 1809 2006 aliquem
1838 1950 2040 1992 exstitisse
2057 1959 2222 2007 putans.
2250 1953 2265 2005 ΙΙ
2282 1975 2340 1983 —-
2352 1951 2444 2007 Λάρ
2459 1955 2600 2007 ισσα]
2619 1954 2717 1995 Haec

1475 2014 1638 2055 Larissa
1660 2014 1886 2065 Cremaste,
1917 2013 2019 2055 urbs
2040 2014 2357 2066 mediterranea,
2381 2022 2476 2055 ante
2508 2017 2717 2058 Antrones

1474 2076 1744 2119 memoranda
1757 2084 1845 2118 crat
1855 2092 1867 2127 ;
1878 2077 2026 2133 saepius
2040 2077 2099 2118 sic
2109 2076 2300 2118 ordinem
2315 2077 2633 2134 geographicum
2646 2093 2721 2120 ne·

1473 2138 1567 2194 gligi
1588 2139 1727 2181 multis
1745 2138 1946 2181 docemur
1959 2139 2172 2196 exemplis.
2195 2141 2273 2193 11-
2289 2139 2329 2181 Μ
2344 2138 2395 2181 ελ
2408 2154 2419 2180 ι
2430 2154 2453 2181 τ
2464 2154 2489 2181 α
2504 2140 2548 2181 ία
2564 2142 2578 2194 ]
2595 2140 2716 2182 Μελι·

1473 2201 1598 2249 τιάδες
1617 2200 1773 2252 codex;
1794 2214 1877 2242 em.
1895 2200 2073 2243 Palmer.
2097 2202 2153 2242 V.
2175 2200 2367 2257 Thucyd.
2385 2202 2446 2243 IV
2450 2232 2463 2254 ,
2480 2204 2552 2258 785
2570 2202 2719 2245 Strabo

1473 2264 1551 2314 IX,
1573 2278 1616 2319 p.
1651 2264 1748 2314 432.
1780 2263 1886 2314 434;
1910 2262 2068 2305 Plinius
2085 2264 2164 2315 IV,
2190 2267 2262 2314 163
2294 2263 2538 2307 Ptolemaeus
2566 2266 2623 2315 11,
2650 2278 2716 2318 ια,

1473 2340 1516 2382 p.
1545 2330 1642 2378 226,
1678 2339 1753 2377 12;
1776 2325 1971 2382 Polybius
1989 2327 2045 2377 V,
2078 2340 2150 2381 97,
2177 2326 2227 2378 5;
2251 2325 2428 2369 Diodor.
2462 2328 2621 2379 xvm,
2651 2328 2716 2370 15.

1474 2390 1538 2431 De
1558 2388 1703 2430 formis
1726 2388 1919 2430 Μελιταία
1942 2396 1984 2430 et
2004 2388 2193 2430 Μελίτεια
2221 2388 2276 2431 cs.
2304 2390 2363 2432 St.
2386 2389 2589 2432 Thesaur.
2613 2404 2648 2432 s.
2674 2405 2715 2432 v.

1479 2454 1493 2503 ΙΙ
1510 2476 1568 2484 -
1585 2452 1615 2493 Δ
1627 2468 1650 2505 η
1667 2451 1728 2508 μή
1740 2467 1790 2508 τρ
1802 2467 1873 2493 ιον
1888 2453 1904 2505 ]
1919 2451 2068 2494 Strabo
2085 2453 2163 2503 IX,
2178 2466 2221 2508 p.
2241 2452 2321 2503 435
2341 2466 2351 2494 :
2369 2452 2425 2494 Tb
2440 2451 2482 2495 δὲ
2496 2452 2717 2510 Δημήτριον

1473 2513 1744 2570 Δήμητρος
1782 2513 1909 2570 εἴρηκε
1939 2515 2476 2570 τέμενοςζ(Ηοιιιει·ιιεῙΙ.
2501 2527 2543 2566 2,
2579 2515 2659 2570 695
2679 2517 2713 2571 ),
2779 2568 2782 2570 q

1474 2575 1539 2615 καὶ
1555 2575 1714 2617 ἐκάλεσε
1737 2576 1928 2631 Πύρασον·
1949 2572 1996 2628 ἦν
2014 2576 2054 2618 δὲ
2075 2576 2186 2625 πόλις
2206 2576 2404 2633 εὐλίμενος
2430 2576 2455 2629 ἥ
2482 2576 2655 2633 Πύρασος
2678 2577 2717 2619 ἔν

1474 2638 1559 2679 δυσὶ
1582 2640 1750 2687 σταδίοις
1766 2638 1912 2694 ἔχουσα
1936 2639 2138 2695 Δήμητρος
2161 2639 2279 2687 ἄλσος
2298 2639 2363 2680 καὶ
2381 2639 2484 2695 ἱερὸν
2500 2639 2629 2694 ἅγιον,
2647 2640 2719 2682 διέ-

1473 2717 1600 2756 χουσα
1629 2702 1770 2754 θηὸῶν
1795 2702 1971 2749 σταδίους
1997 2700 2135 2743 εἴκοσι.
2178 2700 2439 2756 Ὓπέρκεινται
2468 2699 2510 2743 B}
2540 2702 2716 2758 Πυράσου

1473 2763 1612 2816 Θῆδαι.
1629 2764 1694 2806 Cl'.
1722 2763 1856 2806 Leuke
1874 2767 1931 2806 Ν.
1955 2767 2029 2806 Gr.
2048 2766 2125 2815 IV,
2143 2778 2185 2820 p.
2205 2765 2285 2806 358
2302 2778 2394 2820 sqq.
2417 2764 2434 2817 ΙΙ
2454 2787 2510 2796 —
2529 2764 2592 2817 Θῆ
2607 2765 2715 2820 6αι]

1475 2826 1588 2881 θῆραι
1606 2825 1753 2867 codex.

1529 2892 1552 2943 S
1572 2892 1640 2939 64.
1673 2887 2062 2945 Ἄμφαναῗον]8ἰσ
2079 2888 2233 2940 codex,
2262 2886 2296 2929 ’A
2310 2905 2369 2945 μφ
2384 2889 2551 2931 ίναιον
2570 2904 2717 2946 apogr.

1472 2952 1721 2993 Vaticanum
1744 2953 1799 2993 V.
1824 2950 1964 3006 Steph.
1984 2952 2080 3006 Byr..
2100 2964 2109 2992 ι
2131 2949 2167 2992 Ἀ
2182 2965 2308 3006 μφαν
2322 2951 2391 3002 αἱ,
2419 2951 2530 3001 πόλις
2544 2953 2710 3009 Δωρική·
2768 2960 2782 2989 s‘·

1480 3011 1684 3063 Ἑκαταῖος
1717 3013 1756 3056 ἐν
1792 3014 1829 3055 α’
1851 3013 2130 3069 Γενεαλογιῶν.
2157 3014 2387 3070 Θεόπομπος
2413 3013 2448 3057 ’Λ
2464 3030 2521 3071 μφ
2534 3017 2650 3058 αναί
2659 3032 2716 3060 αν
2778 3027 2782 3030 “

1474 3075 1591 3129 αὐτὴν
1611 3076 1730 3118 καλεῖ
1745 3076 1783 3119 ἐν
1808 3076 1840 3118 ε’
1861 3075 2123 3117 (Ῑῑιλιππικῶν.
2163 3075 2276 3118 Ἐστι
2306 3077 2371 3118 καὶ
2393 3078 2540 3134 χωρίον
2568 3079 2718 3122 Θεσσα-

1472 3138 1557 3187 λίας
1571 3139 1763 3187 ὡσαύτως.
1786 3138 1986 3181 Meum-us
2008 3141 2109 3180 Dor.
2131 3140 2166 3189 1,
2192 3154 2234 3194 p.
2262 3139 2330 3190 38,
2349 3154 2529 3197 eumque
2552 3151 2719 3185 secutus
2752 3155 2753 3158 ’

1471 3201 1703 3243 Meinekius
1734 3201 1785 3243 ad
1818 3203 1876 3243 St.
1910 3203 2006 3256 Byz.
2040 3202 2317 3243 Thessalicam
2340 3202 2486 3244 urbem
2518 3217 2542 3244 a
2563 3204 2718 3248 Dorica
2743 3211 2782 3257 ⁵5²}

1473 3279 1557 3306 non
1576 3279 1661 3305 esse
1680 3263 1884 3305 diversam
1913 3272 2094 3304 censent.
2118 3265 2326 3305 Nimirum
2348 3265 2579 3321 suspicatur
2605 3262 2721 3308 Mat>
2780 3260 2782 3262 ¹

1471 3327 1580 3369 lerus
1603 3327 1887 3383 Amphina-am
1920 3327 1961 3367 in
1985 3341 2031 3367 ea
2063 3326 2307 3383 teimpoleos
2340 3328 2502 3369 Dorica}
2523 3335 2640 3383 parte
2659 3327 2721 3370 si·
2771 3342 2782 3381 j

1473 3398 1555 3431 tam
1577 3389 1700 3431 fuisse
1714 3420 1725 3441 ,
1747 3402 1838 3445 qum
1854 3403 1966 3430 mare
1985 3402 2124 3430 versus
2145 3387 2353 3442 tendebat,
2374 3388 2479 3431 adeo
2500 3397 2548 3431 ut
2563 3403 2588 3432 a
2609 3391 2715 3433 noni·
2732 3382 2771 3448 ‘534

1472 3452 1594 3494 nullis
1623 3451 1722 3493 urbs
1753 3453 1876 3493 etiam
1910 3451 2128 3493 Thessalia:
2158 3452 2335 3495 adscribi
2372 3453 2586 3509 potuisset.
2615 3451 2716 3496 Hae
2759 3458 2762 3459 ⁷

1473 3514 1570 3558 salsa
1580 3530 1667 3556 csse
1683 3523 1825 3556 nostro
1840 3513 2041 3556 docemur
2055 3515 2162 3567 loco,
2185 3529 2280 3558 cum
2296 3529 2382 3572 quo
2397 3515 2576 3558 conferri
2590 3512 2711 3558 velfi-

1473 3577 1714 3634 Euripidem
1746 3579 1787 3619 in
1820 3579 1943 3619 Here.
1975 3578 2055 3620 sur.
2083 3579 2165 3634 392
2187 3593 2230 3635 p.
2265 3579 2346 3629 542
2367 3578 2436 3621 ed.
2469 3577 2612 3630 Didot,
2636 3573 2709 3619 ulfi
2780 3632 2782 3636 ι

1472 3641 1675 3697 Cycnum,
1696 3655 1819 3744 q’uem
1844 3641 2040 3682 Hercules
2062 3641 2290 3693 interfecit,
2312 3649 2433 3698 poeta
2449 3639 2551 3682 dicit
2573 3636 2710 3695 Ἆμφῠ·

1474 3704 1579 3751 ναίεις
1596 3702 1706 3755 οἰκήτ
1734 3719 1793 3758 5⁴²·
1828 3706 1919 3746 Jam
1945 3719 2043 3746 ι’·οιο
2065 3719 2195 3761 quum
2222 3706 2387 3761 Cycnus
2406 3702 2459 3747 ad
2478 3705 2642 3746 lionam
2662 3698 2706 3741 ln

1470 3766 1677 3808 Thessalia
1713 3767 1945 3809 Phthiotica
1984 3768 2224 3810 intellectus
2257 3769 2310 3809 sit
2337 3763 2608 3824 (Apollodor.
2647 3762 2706 3813 Π

1473 3843 1514 3883 7,
1538 3833 1608 3883 7),
1635 3831 1700 3870 xix
1725 3829 1899 3872 dubium
1926 3839 1987 3872 est
2015 3831 2117 3886 quin
2139 3830 2392 3887 Amphanaea
2413 3829 2480 3872 illa
2499 3821 2739 3881 Euripidis

1472 3893 1515 3933 in
1533 3892 1675 3933 eadem
1698 3895 1864 3948 regione
1883 3893 2121 3936 collocanda
2138 3894 2205 3935 sit.
2232 3890 2412 3935 Aliunde
2430 3890 2484 3933 de
2510 3887 2588 3931 hoe
2603 3884 2707 3927 urbe

1473 3969 1555 3996 non
1585 3965 1758 3997 mnstat.
1788 3965 1881 4007 11-
1905 3957 2080 4013 Κίερον
2101 3959 2116 4011 ]
2138 3956 2170 3997 la
2174 3971 2241 4012 ρον
2273 3954 2427 4005 codex,
2449 3946 2658 3995 emendavi
2681 3962 2708 3989 e

1469 4018 1670 4061 Strabone
1692 4021 1768 4070 IX,
1805 4034 1846 4076 p.
1884 4020 1992 4072 435,
2015 4019 2084 4062 ubi
2118 4019 2262 4075 Κίερος,
2292 4021 2500 4074 praeeunte
2527 4009 2705 4054 ΜῦΙῙθῐὈ
