2756 4354
624 63 667 107 Ο

156 150 275 194 xm
468 146 470 149 ·
1027 200 1030 203 Δ

160 248 341 296 Rhodia
365 206 546 292 dica-tur
559 242 732 306 ἀρχαία,
754 257 812 288 eo
841 242 946 303 ipso
965 237 1212 284 recentiori
1233 236 1400 284 insulae

157 322 268 371 urbi
290 321 350 367 ab
371 329 559 367 auctore
574 319 750 380 opponi
769 315 967 362 videtur.
985 339 1047 347 -
1074 311 1279 357 Alterum
1300 326 1400 358 sen-

160 398 315 446 tentiae
336 412 430 443 suae
454 403 770 456 argumentum
795 389 1072 436 Letronnius
1093 386 1273 449 profert
1289 386 1398 434 hoe·

161 487 213 519 ce
241 489 291 535 p.
325 488 410 517 221
437 488 448 516 ε
476 491 495 509 ι
515 469 653 514 Selon
677 467 719 512 le
749 464 928 527 periple
949 462 1006 526 (S
1027 462 1088 523 98
1109 477 1158 525 p.
1185 462 1290 523 79),
1314 462 1395 520 ait,

159 549 205 595 le
222 564 336 610 pays
353 545 599 593 d'Atarnee
613 558 669 587 en
689 540 836 601 Mysie
853 538 1142 601 appartenait
1153 553 1244 585 aux
1264 538 1399 586 habi·
1430 595 1434 599 q

162 633 281 669 tants
303 622 359 667 de
375 621 515 666 Chios
535 635 545 662 τ
572 618 681 662 c'est
705 613 936 660 Herodoto
973 613 1041 676 (l,
1066 612 1167 676 160)
1182 614 1263 676 qui
1281 630 1398 661 nous

161 696 366 759 apprend
390 693 528 755 qu’ils
551 690 789 736 obtinrent
820 689 878 735 de
897 688 1051 750 Cyrus
1071 689 1116 735 la
1133 690 1398 752 possession

161 774 218 818 de
235 788 286 817 ce
302 784 416 832 pays
436 781 556 829 pour
571 765 680 828 prix
696 764 836 812 d'une
854 764 1063 811 trahison
1082 779 1094 812 ε
1116 765 1173 811 ils
1188 765 1232 811 le
1246 765 1400 827 posse·

158 848 312 894 daient
345 858 511 890 encore
543 842 644 887 lors
683 840 742 887 de
783 839 1083 903 l’expediticu
1124 839 1182 885 de
1224 838 1399 885 Xerxes

160 923 302 984 (Her.
328 919 431 965 Vlll
447 953 460 976 ,
492 918 575 963 106
597 915 639 978 );
666 914 782 962 mais
798 919 837 961 tt
849 920 1007 977 paralt
1024 914 1139 976 qu'il
1159 915 1400 961 etaitren-

162 1001 228 1046 tre
255 1013 364 1045 sous
383 998 427 1043 la
449 995 739 1042 domination
767 1008 990 1056 persane,
1017 993 1205 1053 lorsque
1236 991 1304 1037 les
1323 1005 1400 1038 re·

162 1076 307 1135 fugies
344 1073 401 1118 de
435 1071 553 1118 Chio
589 1069 914 1132 s‘emparerent
946 1068 1190 1115 d’Atarnee
1222 1083 1280 1115 en
1312 1075 1402 1128 409

158 1149 308 1212 (Χὲιι.
334 1148 450 1196 Hell.
473 1147 558 1205 111,
588 1160 636 1204 α,
661 1164 733 1192 ιι.
755 1146 948 1193 Diodor.
970 1145 1079 1191 Xlll
1096 1180 1108 1202 ,
1141 1146 1247 1204 65).
1273 1145 1399 1211 Cette

154 1225 266 1271 ville
288 1224 576 1287 appartenait
612 1238 703 1270 aux
732 1221 896 1268 Perses
935 1221 1089 1282 quand
1132 1220 1339 1268 Eubulus
1370 1238 1399 1281 y

156 1316 330 1363 usurpa
359 1300 589 1346 l'autorite
617 1314 724 1345 vers
761 1298 850 1343 356
868 1331 882 1354 ,
913 1307 959 1343 et
994 1298 1083 1343 elle
1116 1308 1271 1343 rentra
1292 1313 1399 1344 sous

155 1377 258 1423 leur
293 1376 582 1422 domination
606 1380 631 1421 a
661 1375 707 1420 la
741 1378 862 1420 niort
890 1374 1149 1421 d'ssermias
1170 1377 1183 1431 (
1203 1375 1399 1423 Diodor.

156 1450 275 1509 xvl,
295 1452 369 1499 52.
387 1450 552 1498 Strabo
569 1468 615 1513 p.
634 1450 824 1510 610).11
845 1465 918 1496 me
934 1449 1108 1496 semble
1122 1449 1243 1496 donc
1257 1451 1399 1512 qu’on

158 1536 269 1588 peut
285 1526 554 1573 considerer
563 1536 678 1572 cette
691 1526 940 1571 indication
951 1540 1129 1571 comme
1141 1525 1401 1571 anterieure

158 1602 285 1648 al'an
306 1608 395 1662 409
410 1618 450 1648 a.
469 1602 512 1649 J.
531 1603 582 1650 C.
606 1624 647 1648 υ.
666 1602 800 1649 Vides
813 1603 910 1649 haec
926 1618 1051 1649 mera
1071 1604 1158 1649 niti
1177 1605 1402 1661 conjectu·

157 1692 209 1724 ra
226 1688 271 1724 et
292 1693 351 1724 ne
386 1678 621 1741 probabili
652 1680 856 1741 quidem.
884 1678 996 1725 Nam
1019 1678 1124 1724 Chii
1144 1679 1224 1739 qui
1249 1694 1306 1724 ex
1328 1679 1398 1724 in-

156 1753 258 1799 sula
273 1752 331 1799 ab
347 1753 539 1800 adversa
562 1754 758 1801 factione
780 1755 916 1815 ejecti
939 1756 1187 1800 Atarneum
1206 1769 1255 1800 se
1281 1769 1401 1800 rece·

157 1838 326 1891 petunt
340 1843 534 1891 eamque
549 1828 711 1876 urbem
739 1845 888 1876 arcem
913 1829 1027 1876 belli
1044 1831 1397 1886 constituerunt,

159 1903 282 1949 unde
319 1903 516 1950 reditum
553 1903 644 1951 sibi
677 1915 916 1967 pararent,
938 1921 1033 1967 quo
1056 1905 1237 1951 tandem
1264 1916 1397 1967 pacto

158 1989 309 2026 tantos
337 1980 532 2042 spiritus
556 1982 828 2038 sumserint,
866 1990 916 2028 ut
943 1982 1041 2041 regi
1064 1981 1305 2028 Persarum
1324 1999 1399 2028 ur-

157 2053 262 2100 bem
300 2055 533 2117 eriperent
582 2068 878 2120 ereptamque
924 2074 1017 2104 non
1063 2059 1200 2105 modo
1240 2070 1402 2104 contra

156 2127 322 2176 Persas
334 2130 649 2189 defenderent,
660 2132 738 2179 sed
751 2133 881 2179 Chiis
893 2149 1079 2195 quoque
1093 2133 1266 2180 bellum
1281 2151 1337 2180 ex
1349 2150 1402 2180 ea

157 2202 580 2254 inferrent?Nonne
594 2223 665 2254 res
674 2207 867 2254 suadere
876 2209 1032 2270 potius
1041 2208 1227 2255 videtur
1238 2208 1398 2256 urbem

156 2286 264 2325 tunc
286 2295 313 2326 a
328 2278 549 2327 Chiorum
572 2281 749 2329 ditione
772 2283 975 2329 nondum
1004 2283 1147 2330 fuisse
1176 2284 1401 2330 alienam?

153 2377 216 2388 —-
234 2353 443 2400 Tertium
470 2355 751 2403 Letronnius
770 2367 1090 2416 argumentum
1115 2358 1226 2404 inde
1251 2362 1397 2420 petit,

153 2424 279 2485 quod
294 2424 476 2472 Ciliciae
492 2437 538 2472 et
551 2428 697 2488 Syriae
715 2429 939 2476 terminus
967 2431 1090 2491 apud
1116 2431 1397 2479 Herodotum

152 2509 197 2546 et
219 2499 451 2561 Scylacem
475 2502 536 2548 sit
561 2502 759 2549 Orontes
778 2504 879 2550 sive
898 2504 1166 2566 Thapsacus
1196 2508 1261 2564 fl.,
1290 2509 1398 2554 dum

155 2576 277 2638 apud
299 2574 682 2640 Xenophontem(
701 2580 787 2627 An.
811 2579 851 2637 1,
881 2587 925 2635 4,
951 2587 998 2636 4,
1016 2587 1039 2633 4
1062 2582 1076 2642 )
1098 2582 1223 2642 pylis
1250 2583 1399 2643 Syriis

153 2649 368 2714 Cilicia-a
388 2651 523 2711 Syria
562 2653 836 2701 dirimatur:
873 2654 987 2700 adeo
1020 2664 1071 2699 ut
1100 2655 1196 2701 haec
1228 2660 1397 2719 peripli

154 2739 265 2787 pars
282 2735 512 2772 auctorem
538 2727 704 2788 prodat
719 2729 801 2789 qui
817 2738 947 2774 aetate
971 2730 1092 2775 inter
1110 2729 1393 2778 Herodotum

154 2810 200 2845 et
216 2798 566 2863 Xenophontem
592 2802 771 2849 medius
785 2804 861 2849 sit.
889 2805 948 2849 At
973 2804 1206 2852 lierodoto
1234 2806 1399 2854 Cilicia

154 2889 247 2923 non
273 2887 342 2924 est
371 2892 424 2923 ea
442 2878 572 2937 regio
599 2894 701 2940 quae
727 2879 866 2940 vulgo
894 2882 962 2926 sic
985 2893 1191 2940 vocatur,
1213 2884 1291 2929 sed
1308 2900 1397 2930 una

154 2965 214 2998 ex
227 2951 396 3011 viginti
420 2953 638 3015 satrapiis
655 2955 783 3015 regni
802 2954 995 3011 Persici,
1017 2973 1118 3018 quae
1134 2961 1398 3020 septentrio-

154 3040 237 3073 nes
267 3043 430 3074 versus
465 3043 610 3090 usque
649 3029 706 3075 ad
745 3031 1009 3077 Armeniam
1041 3033 1094 3093 (1,
1117 3040 1209 3090 72),
1235 3051 1396 3082 versus

154 3112 308 3150 ortum
326 3104 382 3150 ad
408 3103 703 3166 Euphratem,
725 3122 887 3153 versus
908 3109 1144 3154 meridiem
1172 3110 1226 3155 ad
1246 3112 1394 3157 Oron-

155 3187 245 3223 tem
269 3177 545 3240 pertinebat.
572 3179 638 3227 Eo
658 3180 803 3241 igitur
827 3197 964 3229 sensu
985 3183 1151 3230 Cilicia
1172 3201 1316 3246 usque
1338 3188 1394 3233 ad

154 3253 375 3299 Orontem
392 3254 670 3317 pertinuerit
687 3271 771 3318 per
790 3272 926 3304 omne
950 3269 1127 3321 tempus
1156 3276 1250 3320 quo
1273 3263 1395 3308 stetit

154 3342 345 3387 regnum
363 3328 633 3389 Persarum,
654 3330 764 3378 dum
797 3333 927 3393 regio
950 3333 1114 3380 Cilicia
1131 3337 1395 3395 angustiore

152 3405 279 3449 vocis
298 3420 434 3451 sensu
462 3407 598 3452 etiam
637 3407 860 3455 Herodoti
894 3421 1023 3457 aetate
1056 3411 1215 3458 eodem
1256 3413 1392 3460 modo

153 3490 247 3537 quo
270 3478 391 3539 apud
410 3480 764 3541 Xenophontem
791 3483 1086 3531 determinari
1113 3488 1277 3548 potuit.
1310 3487 1395 3534 lta·

152 3564 244 3613 que
262 3551 302 3597 si
325 3551 382 3597 de
408 3553 584 3600 Ciliciae
606 3558 820 3614 termine,
846 3559 965 3606 sicut
982 3560 1039 3606 ‹le
1066 3562 1170 3608 aliis
1198 3565 1391 3610 nonnul·

151 3622 231 3683 lis,
255 3641 358 3673 cum
376 3626 609 3676 Herodoto
624 3630 788 3678 Noster
807 3635 1051 3690 consentit,
1073 3636 1187 3682 nihil
1211 3636 1317 3684 hinc
1334 3638 1391 3685 de

151 3709 281 3750 m
298 3703 558 3765 scriptoris,
578 3707 659 3767 qui
678 3707 776 3754 haec
797 3710 1179 3773 suppeditaverit,
1198 3715 1395 3760 conclu-

151 3773 398 3837 timibet,
419 3789 465 3826 et
486 3781 866 3843 acquiescendum
888 3785 1024 3832 nobis
1045 3797 1113 3834 est
1133 3789 1179 3834 in
1198 3790 1394 3837 certiore

199 3918 434 3969 mscautius
468 3923 635 3974 loquitur
659 3927 697 3966 in
723 3927 918 3969 strabonis
940 3940 1037 3970 vers.
1061 3931 1084 3970 Ι.
1111 3932 1136 3971 Ι.
1168 3949 1176 3972 2
1200 3950 1218 3967 σι
1244 3933 1273 3973 11
1291 3934 1437 3983 parate
1455 3945 1531 3984 qne
1551 3937 1692 3977 Thonis
1709 3939 1765 3978 sut
1788 3939 1952 3981 deti-uite
1968 3941 2108 3983 d'assez
2127 3943 2251 3985 bonne
2269 3944 2385 3986 heure
2398 3947 2438 3986 et
2452 3957 2528 3997 que
2539 3948 2695 3992 Canobe

152 3971 205 4013 lul
225 3975 398 4018 81100661.
418 3990 442 4013 ο

1207 132 1540 183 PnoLEGou
1547 133 1683 182 ENA.

1468 238 1690 301 temporis
1705 236 1900 294 indicio,
1918 237 2042 300 quod
2058 253 2115 284 ex
2130 253 2251 285 anno
2273 238 2560 287 conditarum

1469 329 1623 360 carum
1646 313 1847 362 elicitur.
2632 342 2662 377 χ.

1533 391 1610 438 66.
1631 389 1707 436 ‘ln
1744 399 1962 451 sequente
1990 405 2073 436 ora
2098 393 2264 450 Syn‘oe,
2298 393 2504 444 Arabe‘oe,
2530 395 2625 446 Αἵ.

1473 481 1616 527 quum
1641 480 1733 511 non
1750 464 1950 526 amplius
1970 464 2136 511 diebus
2167 466 2493 525 navigationis,
2520 467 2600 513 sed
2633 457 2651 507 ,Γ

1470 540 1669 588 cundum
1686 540 1831 587 stadia
1849 539 2077 587 distantiae
2088 540 2384 596 definiantur,
2399 541 2538 587 alium
2553 557 2637 588 auc

1473 617 1640 663 sontem
1661 616 1963 678 exscripsisse
1985 615 2185 673 videtur,
2204 631 2340 678 quem
2361 631 2453 663 non
2466 617 2579 663 adeo
2598 633 2657 664 an

1469 707 1611 753 quum
1631 691 1769 738 fuisse
1789 706 1848 737 ex
1862 691 2113 737 stadiorum
2134 706 2219 736 usu
2238 690 2425 750 colligo,
2441 693 2616 754 quippe
2637 716 2646 734 ·
2673 725 2674 729 ,

1471 765 1779 811 recentiorum
1822 767 1978 827 potius
1996 781 2134 827 quam
2162 766 2476 827 antiquiorum
2515 781 2620 826 geo

1471 838 1668 901 phorum
1685 854 1784 887 esse
1806 841 1936 887 solet.
1949 841 2132 888 Certius
2146 842 2291 888 aetatis
2307 842 2528 888 indicium
2545 842 2661 891 frus

1470 913 1795 976 circumspexi.
1834 914 2113 962 Letronnius
2147 917 2179 964 Ι.
2218 917 2250 962 1.
2280 933 2325 978 p.
2362 924 2450 970 224
2488 917 2684 981 AEgypti

1472 1005 1565 1035 orae
1583 989 1941 1052 descriptionem
1958 1007 1983 1037 e
2003 993 2188 1055 periplo
2218 994 2407 1041 fluxisse
2429 1006 2600 1052 censet,
2627 1012 2678 1057 q

1474 1065 1733 1112 Herodotea
1765 1076 1895 1112 aetate
1916 1081 2009 1112 non
2038 1066 2231 1129 junior,
2263 1069 2572 1140 probabiliter
2595 1086 2679 1119 ver

1471 1142 1709 1202 antiquior
1746 1143 1806 1188 sit
1833 1159 1845 1187 ε
1874 1163 1892 1182 α
1919 1141 2009 1188 J’ai
2033 1141 2230 1189 observe
2264 1145 2346 1204 (in
2359 1146 2600 1195 Strabonis
2615 1163 2692 1195 ve

1470 1216 1600 1262 sione
1626 1218 1789 1276 gallica
1812 1227 1921 1263 tom.
1950 1217 2005 1274 V,
2046 1234 2092 1279 p.
2121 1219 2240 1280 359)
2268 1235 2358 1280 que
2391 1220 2579 1268 Canobe
2600 1223 2665 1270 vit

1469 1302 1537 1338 est
1569 1294 1807 1354 presentee
1847 1294 2015 1352 (5106,
2040 1309 2087 1355 p.
2115 1295 2190 1354 81)
2215 1310 2392 1342 comme
2423 1299 2485 1342 {lc
2526 1312 2588 1344 ou

1469 1366 1723 1429 presqu’ile
1750 1370 1763 1427 (
1779 1367 1829 1428 je
1849 1367 1921 1413 dis
1947 1383 2037 1414 une
2065 1367 2339 1430 presqu’sse,
2366 1387 2502 1433 parce
2529 1388 2619 1433 que
2638 1393 2660 1419 ν

1470 1460 1537 1495 σος
1563 1458 1590 1489 a
1612 1444 1903 1506 quelquefois
1945 1460 1996 1489 ce
2028 1459 2133 1491 sens
2154 1445 2269 1492 dans
2303 1447 2369 1493 les
2401 1450 2589 1497 anciens
2627 1466 2684 1498 au

1470 1511 1615 1581 teurs)
1633 1520 1884 1577 inliabitee,
1906 1521 2057 1567 tandis
2077 1538 2168 1583 que
2182 1522 2361 1571 Thonis
2384 1525 2530 1572 situee
2544 1529 2687 1590 aupre

1469 1597 1527 1643 de
1545 1596 1760 1655 Canobe,
1787 1598 1936 1659 et‘qui
1963 1598 2029 1644 sut
2066 1599 2226 1646 ruinee
2245 1599 2300 1663 (⁴)
2330 1603 2466 1663 apres
2492 1603 2537 1649 la
2555 1602 2692 1652 funda

1473 1673 1574 1719 tion
1596 1672 1654 1719 de
1676 1683 1791 1719 cette
1813 1673 2053 1734 dei-niem,
2078 1690 2109 1734 y
2128 1685 2196 1720 est
2221 1675 2400 1723 donnee
2421 1693 2600 1726 comme
2632 1701 2638 1719 ·
2665 1704 2704 1720 w-

1468 1748 1579 1794 ville
1600 1763 1768 1794 encore
1793 1748 2033 1795 existante.
2059 1749 2125 1795 Or
2154 1750 2198 1795 la
2228 1753 2339 1796 ville
2367 1754 2426 1798 de
2448 1754 2621 1802 Canobe
2653 1778 2708 1795 s·-

1468 1825 1695 1888 de'jacitee
1712 1841 1798 1885 par
1814 1824 2007 1887 Eschyle
2023 1826 2190 1872 dansle
2204 1826 2477 1876 Promethee
2490 1829 2554 1877 lie
2568 1829 2583 1894 (
2599 1831 2694 1887 846
2710 1832 2717 1883 ς

1468 1900 1597 1947 Adde
1614 1900 1774 1962 Suppl.
1798 1901 1886 1960 309
1907 1905 1941 1961 )‚
1968 1902 2083 1948 ecrit
2102 1917 2208 1948 vers
2231 1902 2323 1957 450
2339 1918 2412 1952 av.
2435 1902 2559 1952 J.-C.
2587 1904 2627 1952 11
2653 1914 2711 1946 aa?

1469 1975 1583 2022 clair
1601 1990 1692 2037 que
1704 1986 1819 2022 cette
1839 1977 1986 2037 partie
2010 1978 2070 2022 du
2093 1978 2274 2039 pe'riple
2298 1988 2368 2025 est
2400 1994 2459 2026 au
2481 1980 2634 2028 moins
2663 2005 2669 2021 ·
2695 2016 2700 2021 ι
2727 2029 2729 2040 ,

1469 2050 1681 2113 l’epoque
1714 2050 1995 2097 d’llerodote
2030 2062 2076 2097 et
2111 2052 2596 2103 vraisemblablement

1469 2136 1538 2172 est
1560 2126 1665 2188 plus
1684 2128 1907 2174 ancienne
1922 2143 2105 2175 encore.
2126 2127 2182 2173 Je
2198 2131 2293 2175 suis
2313 2130 2497 2193 dispose.
2516 2135 2542 2178 a
2556 2133 2655 2181 croi
2693 2121 2707 2173 ‚⁴

1469 2186 1560 2262 que
1593 2202 1786 2247 l'auteur
1818 2217 1845 2247 a
1880 2217 1938 2248 eu
1973 2218 2082 2249 sous
2114 2203 2180 2249 les
2202 2218 2324 2264 yeux
2358 2220 2451 2252 une
2486 2208 2710 2256 ancienn

1456 2275 1753 2338 *description
1783 2276 1840 2322 de
1861 2276 1905 2323 la
1924 2280 2024 2323 cote
2045 2267 2268 2341 d'Egypte
2282 2280 2468 2327 dressee
2485 2298 2570 2345 par
2583 2298 2675 2345 que

1470 2366 1687 2412 ques-uns
1701 2350 1782 2397 des
1801 2351 1970 2414 pilotes
1998 2353 2180 2399 ioniens
2195 2354 2294 2414 qui,
2319 2354 2484 2417 depuis
2505 2357 2550 2405 le
2567 2359 2702 2420 regn

1469 2425 1525 2471 de
1543 2426 1921 2484 Psammetichus,
1947 2428 2112 2474 durent
2148 2429 2349 2490 prendre
2387 2447 2478 2480 une
2498 2446 2621 2482 con*
2659 2461 2674 2477 ›-

1468 2516 1604 2548 sance
1622 2518 1747 2549 assez
1770 2504 1949 2564 precise
1970 2504 2027 2550 de
2049 2516 2163 2552 cette
2182 2508 2299 2555 cote.
2325 2528 2345 2549 n
2373 2509 2432 2555 At
2460 2510 2600 2559 nimis
2624 2535 2631 2553 ι
2668 2507 2711 2559 -ss

1468 2589 1575 2623 sunt
1596 2578 1878 2639 opinabilia,
1911 2593 2047 2639 quam
2083 2589 2133 2623 ut
2168 2579 2346 2626 firmius
2386 2596 2605 2642 argumen
2671 2606 2692 2624 ιι

1467 2652 1771 2714 suppeditent.
1795 2654 1907 2699 Nam
1923 2654 2121 2715 primum
2140 2654 2338 2701 sumitur
2357 2657 2684 2713 νῆσονάἰοὶοοιι

1467 2728 1655 2774 tinentis
1684 2738 1860 2790 partem
1897 2729 1945 2775 in
1979 2745 2070 2791 qua
2109 2730 2325 2779 Canobus
2348 2731 2462 2781 urbs
2493 2734 2703 2783 condita’

1465 2813 1543 2849 aut
1559 2803 1739 2849 taeniam
1759 2804 1892 2850 istam
1914 2804 2026 2850 olim
2045 2805 2242 2852 insulam
2269 2807 2433 2867 fuisse,
2458 2809 2568 2857 dum
2584 2810 2634 2858 in
2665 2844 2674 2851 -

1465 2877 1624 2924 urbem
1635 2878 1875 2926 Canobum
1886 2889 1929 2927 et
1939 2881 2134 2927 insulam
2146 2881 2436 2943 distinguunt
2444 2883 2647 2940 Eustathi
2696 2946 2699 2947 7

1465 2953 1521 2999 ad
1549 2955 1682 3001 Dion.
1725 2957 1777 3000 13
1811 2966 1855 3001 et
1887 2955 2144 3017 Stephanus
2174 2957 2284 3019 Byz.
2316 2974 2361 3006 v.
2401 2954 2624 3020 Κύκλωπος,
2644 2987 2651 2996 ·
2671 2976 2710 3011 -ζ

1465 3030 1683 3077 Canobus
1699 3031 1818 3077 inter
1836 3032 2009 3086 insulas
2030 3034 2168 3080 maris
2190 3034 2511 3083 Mediterranei
2522 3051 2660 3086 enum
2672 3071 2682 3076 -
2694 3042 2707 3079 ,j

1465 3117 1591 3151 ratur
1630 3107 1752 3168 apud
1784 3108 1946 3153 Melam
1989 3109 2046 3165 ll,
2074 3127 2119 3166 7,
2150 3111 2177 3155 6
2197 3110 2379 3172 (Parva
2404 3123 2451 3158 et
2481 3115 2695 3175 Canopos,

1464 3185 1508 3227 Ν
1511 3187 1562 3227 ili
1583 3189 1691 3229 ostio
1719 3188 1841 3244 quod
1869 3186 2132 3230 Canobe’cum
2167 3198 2357 3243 vocant,
2385 3186 2513 3234 obvia
2549 3173 2675 3251 est).
2699 3206 2710 3246 «ᾖ

1463 3258 1663 3306 Plinium
1699 3260 1753 3316 V,
1794 3263 1867 3317 34,
1907 3263 1933 3321 S
1972 3264 2056 3307 128
2090 3259 2368 3325 (Insulamm
2409 3276 2515 3312 ame
2549 3271 2647 3314 Ast·
2703 3287 2710 3311 τ

1451 3340 1607 3395 prima
1632 3342 1760 3380 estin
1799 3338 2019 3397 Canopico
2033 3344 2141 3384 ostio
2155 3342 2259 3392 Nm.
2290 3357 2321 3386 a
2337 3343 2521 3404 Canopo
2547 3347 2656 3392 Men

1462 3415 1527 3457 lai
1541 3415 1846 3471 gubernatore,
1870 3416 2091 3471 mserum,
2116 3419 2256 3477 dicta)
2275 3429 2320 3465 et
2338 3419 2547 3469 Solinum
2565 3440 2605 3474 c.
2624 3426 2679 3472 31
2695 3402 2712 3474 Δι

1461 3489 1636 3535 Deinde
1668 3493 1888 3551 quaeritur
1908 3507 1964 3537 an
1990 3508 2081 3538 non
2102 3495 2236 3540 etiam
2263 3495 2310 3541 in
2339 3498 2603 3548 continente
2620 3494 2707 3547 ter-⁷
2755 3520 2756 3536 t

1462 3567 1559 3611 bem
1587 3566 1826 3629 Canopum
1864 3567 1998 3629 juxta
2031 3569 2216 3618 'l'lionin
2244 3575 2450 3637 periplus
2475 3582 2699 3639 memora}

1460 3642 1606 3699 verit3
1640 3658 1743 3688 nam
1771 3643 1817 3689 in
1842 3654 2034 3702 antece„
2066 3646 2144 3693 ubi
2175 3648 2348 3712 oppida
2378 3652 2575 3713 singulis
2603 3654 2706 3704 Nili.
2751 3643 2753 3652 ¹

1460 3717 1593 3763 ostiis
1615 3719 1827 3780 apposita
1862 3722 2235 3782 recensebantur,
2268 3742 2321 3772 ea
2357 3743 2460 3790 quae
2480 3730 2537 3775 ad
2557 3729 2723 3794 septi·
2755 3791 2756 3800 ἵ

1459 3806 1583 3837 mum
1603 3794 1769 3838 ostium
1793 3796 2099 3856 pertinebant,
2118 3799 2368 3848 dilacerato
2386 3802 2560 3852 codicis
2584 3803 2715 3855 solio'
