2808 4342
162 235 252 276 sae
464 260 466 262 -
523 258 565 300 0

164 331 369 380 καὶτοῦτο
385 331 573 395 ἐκτρέφει
586 333 645 393 τῷ
658 330 835 391 γάλακτι
855 329 895 379 ἐς
906 326 995 380 ἔτος
1005 326 1165 388 ὄγδοον.
1216 329 1268 391 (ο)
1286 331 1401 377 Ζῶσι

163 401 206 448 δὲ
230 400 463 465 ἐλεφάντων
485 402 523 447 οἱ
541 400 716 445 πλεῖστα
737 396 829 442 ἔτεα
849 397 997 449 ζῶντες
1015 396 1057 448 ἐς
1075 394 1281 452 διηκόσια·
1304 398 1403 444 πολ·

164 470 228 516 λοί
246 469 290 516 δὲ
312 468 447 532 νούσῳ
468 467 791 531 προτελευτῶσιν
816 465 967 510 αὐτῶν·
998 464 1127 528 γήραϊ
1148 465 1191 512 δὲ
1219 467 1260 520 ἔς
1277 466 1400 514 τόσον

163 537 371 601 ἔρχονται.
443 538 495 597 (ο)
524 534 610 582 Καὶ
632 532 742 579 ἔστιν
769 534 930 580 αὐτοῖσι
952 535 1034 580 τῶν
1065 533 1141 595 μὲν
1172 537 1400 598 ὀφθαλμῶν

100 619 122 651 ⁸
163 607 271 668 ἴημα
295 606 342 653 τὸ
364 605 495 668 βόειον
516 602 627 663 γάλα
660 602 934 665 ἐγχεόμενον,
957 602 1060 666 πρὸς
1089 603 1133 651 δὲ
1165 604 1241 659 τὰς
1273 605 1402 660 ἄλλας

163 675 328 727 νούσους
346 677 367 720 ὁ
389 672 520 733 μέλας
536 663 640 724 οἶνος
669 671 910 732 πινόμενος,
931 672 1000 719 ἐπὶ
1024 673 1067 720 δὲ
1101 680 1230 722 τοῖσιν
1264 674 1402 723 ἕλκεσι

160 743 214 790 τὰ
237 743 326 788 ὕεια
345 740 445 801 κρέα
468 739 692 802 ὀπτώμενα
714 739 785 787 καὶ
810 740 1185 802 καταπασσόμενα.
1251 745 1401 791 Ταῦτα

160 812 259 872 παρ’
283 809 473 857 Ἰνδοῖσίν
493 811 603 856 ἐστιν
622 810 805 856 αὖτοῖσιν
830 809 1008 871 ἰήματα.

225 881 331 927 XV.
367 880 458 926 Τοῦ
481 877 523 924 δὲ
549 877 768 942 ἐλέφαντος
790 877 858 925 τὸν
880 878 1011 942 τίγριν
1030 878 1184 926 πολλόν
1205 899 1246 927 τι
1270 881 1401 927 ἀλκι-

99 962 137 993 ιο
161 948 344 1012 μώτερον
378 947 502 995 Ἰνδοὶ
541 947 701 1009 ἄγουσι.
767 947 935 1012 Τίγριος
969 948 1012 995 δὲ
1039 949 1162 1010 δορὴν
1193 949 1269 1010 μὲν
1299 951 1400 997 ἰδεῖν

162 1018 272 1079 λέγει
294 1017 511 1081 Νέαρχος,
540 1017 664 1064 αὐτὸν
688 1017 731 1064 δὲ
758 1017 892 1081 τίγριν
922 1019 997 1064 οὐκ
1035 1019 1149 1064 ἰδεῖν·
1180 1017 1288 1065 ἀλλὰ
1310 1018 1403 1071 τοὺς

136 1087 311 1141 ,Ἰνδοὺς
338 1086 418 1151 γὰρ
448 1087 705 1149 ἀπηγέεσθαι
733 1086 864 1150 τίγριν
883 1079 987 1133 εἶναι
1016 1087 1184 1150 μέγεθος
1209 1088 1284 1149 μὲν
1307 1089 1401 1145 ἡλί-

160 1176 231 1204 κον
261 1156 330 1203 τὸν
366 1156 559 1219 μέγιστον
576 1155 731 1214 ἵππον,
764 1157 840 1214 τὴν
877 1156 919 1204 δὲ
943 1157 1140 1214 ὠκύτητα
1170 1157 1242 1204 καὶ
1271 1156 1402 1215 ἀλκὴν

158 1226 249 1283 οἵην
272 1225 407 1272 οὐδενὶ
441 1225 558 1289 ἄλλῳ
582 1225 763 1272 εἰκάσαι·
788 1227 839 1288 (2)
868 1226 1000 1291 τίγριν
1022 1226 1119 1290 γὰρ,
1150 1227 1274 1273 ἐπεὰν
1298 1230 1402 1288 ὁμοῦ

97 1304 135 1334 ¹⁵
160 1295 260 1360 ἔλθῃ
280 1295 493 1360 ἐλέφαντι,
518 1297 725 1353 ἐπιπηδᾶν
746 1315 789 1342 τε
814 1296 881 1342 ἐπὶ
908 1296 984 1353 τὴν
1007 1295 1191 1361 κεφαλὴν
1214 1301 1284 1344 τοῦ
1310 1296 1401 1344 ἐλέ-

160 1384 310 1429 φαντος
331 1365 402 1412 καὶ
421 1365 566 1428 ἄγχειν
588 1365 808 1419 εὐπετέως.
881 1366 931 1430 (3)
956 1369 996 1414 Τ
1000 1365 1130 1419 αύτας
1153 1367 1196 1413 δὲ
1231 1365 1401 1420 ἅστινας

160 1434 232 1482 καὶ
265 1438 385 1496 ἡμεῖς
406 1434 576 1498 ὁρέομεν
608 1434 680 1482 καὶ
709 1434 870 1498 τίγριας
902 1435 1132 1493 καλέομεν,
1157 1438 1265 1489 θῶας
1295 1428 1399 1482 εἶναι

158 1505 320 1558 αἰόλους
331 1504 403 1551 καὶ
422 1504 593 1565 μέζονας
611 1504 720 1567 ἤπερ
739 1505 830 1557 τοὺς
846 1505 994 1557 ἄλλους
1012 1507 1134 1558 θῶας.
1205 1504 1258 1567 (4)
1279 1505 1403 1553 Ἐπεὶ

156 1573 230 1620 καὶ
255 1569 364 1637 ὖπὲρ
382 1575 464 1619 τῶν
489 1572 722 1636 μυρμήκων
744 1573 855 1636 λέγει
879 1573 1070 1637 Νέαρχος
1098 1572 1299 1638 μύρμηκα
1325 1573 1400 1636 μὲν

92 1651 135 1682 2⁰
157 1642 276 1695 αὐτὸς
291 1644 366 1688 οὐκ
382 1642 500 1688 ἰδέειν
513 1678 526 1700 ,
544 1646 683 1689 ὁποῖον
708 1642 758 1699 δή
778 1661 870 1689 τινα
903 1643 1158 1708 μετεξότεροι
1178 1643 1402 1709 διέγραψαν

156 1709 340 1772 γίνεσθαι
362 1712 405 1758 ἐν
428 1714 479 1773 τῇ
513 1710 655 1758 Ἰνδῶν
678 1713 756 1774 γῇ,
791 1711 913 1775 δορὰς
940 1712 982 1758 δὲ
1010 1712 1081 1759 καὶ
1114 1711 1270 1759 τούτων
1302 1714 1401 1759 ἰδεῖν

158 1779 315 1832 πολλὰς
339 1782 379 1833 ἐς
400 1780 448 1826 τὸ
475 1781 753 1844 στρατόπεδον
776 1782 1154 1842 κατακομισθείσας
1172 1782 1221 1828 τὸ
1250 1785 1402 1830 Μακε-

158 1849 335 1897 δονικόν.
408 1850 458 1910 (ε)
483 1850 753 1911 Μεγασθένης
786 1850 829 1896 δὲ
860 1851 931 1897 καὶ
955 1851 1130 1915 ἀτρεκέα
1164 1844 1269 1898 εἶναι
1301 1852 1402 1915 ὑπὲρ

157 1920 241 1965 τῶν
272 1917 503 1983 μυρμήκων
526 1919 596 1965 τὸν
620 1919 743 1982 λόγον
766 1920 966 1984 ἱστορέει,
994 1920 1160 1973 τούτους
1183 1914 1289 1967 εἶναι
1311 1922 1402 1975 τοὺς

95 1999 136 2031 25
158 1988 229 2037 τὸν
246 1989 401 2054 χρυσὸν
423 1989 698 2054 ὀρύσσοντας,
717 1993 794 2038 οὐκ
823 1993 950 2039 αὐτοῦ
973 1997 1047 2039 τοῦ
1070 1997 1228 2055 χρυσοῦ
1260 1993 1402 2053 ἕνεκα,

159 2057 267 2106 ἀλλὰ
285 2058 383 2123 φύσι
400 2058 482 2123 γὰρ
500 2059 610 2106 κατὰ
625 2063 697 2117 τῆς
711 2064 787 2123 γῆς
802 2061 1043 2124 ὀρύσσουσιν
1055 2097 1067 2120 ,
1085 2060 1154 2108 ἵνα
1167 2062 1402 2125 φωλεύοιεν,

158 2128 348 2190 κατάπερ
371 2131 409 2184 οἱ
437 2128 633 2192 ἡμέτεροι
659 2131 698 2175 οἱ
728 2129 898 2193 σμικροὶ
923 2129 1140 2193 μύρμηκες
1161 2131 1298 2193 ὀλίγον
1330 2134 1404 2188 τῆς

158 2200 234 2260 γῆς
264 2196 523 2262 ὀρύσσουσιν·
558 2199 615 2261 (ο)
648 2197 825 2250 ἐκείνους
849 2198 914 2256 δὲ,
942 2191 1046 2244 εἶναι
1071 2198 1153 2262 γὰρ
1176 2200 1403 2247 ἀλωπέκων

118 2296 122 2300 ·
160 2266 354 2328 μέζονας,
378 2267 480 2330 πρὸς
508 2266 631 2330 λόγον
661 2271 733 2315 τοῦ
765 2269 956 2329 μεγέθεος
979 2270 1093 2332 σφῶν
1131 2268 1203 2315 καὶ
1227 2268 1303 2326 τὴν
1325 2273 1403 2332 γῆν

95 2347 137 2379 ³0
160 2334 360 2400 ὀρύσσειν·
379 2336 455 2393 τὴν
471 2335 513 2382 δὲ
530 2339 609 2398 γῆν
624 2343 811 2400 χρυσῖτιν
832 2330 939 2383 εἶναι
950 2373 964 2398 ,
985 2338 1059 2384 καὶ
1076 2338 1160 2385 ἀπὸ
1177 2338 1329 2395 ταύτης
1347 2340 1404 2401 γί·

158 2409 296 2452 νισθαι
322 2405 490 2453 Ἰνδοῖσι
510 2404 579 2452 τὸν
597 2404 766 2470 χρυσόν.
838 2406 889 2469 (7)
912 2405 1040 2453 Ἀλλὰ
1061 2406 1338 2470 Μεγασθένης
1359 2426 1404 2454 τε

160 2474 288 2532 ἀκοὴν
306 2474 555 2534 ἀπηγέεται,
573 2475 645 2521 καὶ
669 2474 751 2538 ἐγὼ
771 2474 833 2521 ὅτι
848 2474 962 2522 οὐδὲν
985 2475 1132 2524 τούτου
1155 2476 1401 2541 ἀτρεκέστε-

162 2563 229 2608 ρον
262 2545 500 2609 ἀναγράψαι
531 2545 644 2609 ἔχω,
671 2545 827 2608 ἀπίημι
850 2545 955 2593 ἑκὼν
977 2546 1046 2593 τὸν
1070 2546 1171 2611 ὑπὲρ
1194 2550 1274 2594 τῶν
1298 2566 1402 2611 μυρ·

161 2614 306 2675 μήκων
339 2614 476 2676 λόγον.
546 2615 596 2680 (8)
631 2615 860 2670 Σιττακοὺς
883 2616 927 2662 δὲ
951 2617 1139 2679 Νέαρχος
1163 2617 1237 2677 μὲν
1268 2620 1323 2669 ὧς
1351 2616 1402 2673 δή

119 2694 139 2722 ⁶
160 2701 201 2728 τι
220 2686 339 2742 θῶμα
366 2684 591 2745 ἀπηγέεται
614 2685 676 2731 ὅτι
708 2685 889 2747 γίνονται
915 2688 956 2731 ἐν
980 2690 1031 2748 τῇ
1066 2686 1207 2733 Ἰνδῶν
1231 2689 1307 2746 γῇ,
1331 2686 1402 2732 καὶ

161 2753 292 2803 ὁκοῖος
316 2753 419 2815 ὄρνις
436 2753 545 2799 ἐστὶν
570 2757 591 2800 δ
614 2754 826 2811 σιττακὸς,
847 2754 918 2800 καὶ
942 2754 1050 2807 ὅπως
1074 2754 1209 2819 φωνὴν
1242 2755 1296 2800 ἵει
1320 2757 1403 2800 ἀν-

149 2819 383 2883 θρωπίνην.
456 2822 505 2882 (ο)
531 2821 644 2883 Ἐγὼ
667 2821 710 2868 δὲ
733 2822 795 2868 ὅτι
820 2822 940 2875 αὐτός
959 2842 1002 2869 τε
1029 2823 1202 2876 πολλοὺς
1228 2822 1401 2869 ὀπώπεα

161 2888 234 2935 καὶ
257 2889 404 2941 ἄλλους
438 2890 732 2950 ἐπισταμένους
759 2884 849 2936 οἶδα
883 2890 952 2937 τὸν
991 2892 1156 2954 ὄρνιθα,
1195 2890 1308 2937 οὐδὲν
1345 2894 1399 2943 ὡς

161 3062 359 3119 cujusque
384 3063 486 3104 anni
524 3062 685 3115 diebus,
713 3078 783 3105 nec
822 3063 1021 3120 atriplius.
1057 3080 1073 3101 n
1112 3066 1243 3105 Inest.
1289 3066 1305 3118 {l
1350 3088 1407 3095 —

166 3137 206 3167 1.
230 3125 449 3182 ὄγδοον]
479 3126 628 3168 Strabo
659 3134 702 3168 et
731 3126 889 3169 Plinius
910 3134 1072 3168 sextum
1104 3125 1265 3168 dicunt.
1295 3128 1406 3168 One-

163 3186 329 3228 sicritus
347 3201 414 3243 ap.
446 3187 691 3230 Strabonem
718 3187 860 3230 decem
886 3202 1018 3230 annos
1035 3202 1106 3230 eos
1129 3189 1171 3229 in
1195 3197 1314 3230 utero
1340 3203 1406 3243 ge-

163 3255 270 3290 stare
292 3248 413 3291 dixit.
434 3248 514 3291 Sed
543 3250 657 3306 quod
674 3249 779 3306 jam,
817 3248 1234 3306 AristoteleJuvantc,
1256 3250 1406 3293 refutat

163 3310 335 3354 Plinius.
367 3330 383 3351 ι»
410 3315 541 3355 lnam.
584 3316 601 3369 ΙΙ
637 3338 695 3347 -
724 3328 765 3355 2.
794 3314 1062 3371 διηκόσια]
1099 3331 1116 3353 ι
1149 3315 1406 3357 Onesicritus

164 3371 217 3414 ad
237 3375 571 3418 trecentesimum
599 3389 746 3431 usque,
774 3389 932 3432 paucos
961 3388 1059 3417 vero
1073 3375 1196 3417 etiam
1218 3375 1269 3418 ad
1285 3377 1406 3432 quin-

165 3437 453 3489 gentesimum.
474 3438 594 3480 Circa
622 3437 956 3480 ducentesimum
972 3451 1044 3480 eos
1070 3437 1403 3481 esserobustissi·

166 3509 272 3547 mos,
290 3512 440 3554 cosque
454 3499 627 3555 majores
635 3508 770 3542 oeseet
780 3500 996 3543 validiora
1008 3500 1189 3558 Libycis.
1201 3499 1404 3543 Ultimum

165 3556 249 3602 hoc
263 3560 383 3601 etiam
404 3562 559 3603 Plinius
571 3562 672 3605 dicit
688 3565 807 3614 vm,
826 3580 851 3619 9
867 3572 907 3605 et
926 3563 1096 3606 Curtius
1121 3564 1239 3613 vm,
1265 3578 1307 3617 9,
1336 3575 1402 3618 17,

165 3627 210 3662 et
237 3633 381 3662 vemm
411 3631 485 3663 est.
517 3642 532 3661 n
554 3626 684 3666 lnam.
726 3626 742 3680 11
773 3649 829 3657 -
852 3627 891 3667 3.
925 3624 1049 3668 αὐτῶν
1072 3639 1159 3668 om.
1194 3626 1283 3668 AL.
1306 3626 1323 3679 ΙΙ
1348 3647 1406 3657 --

166 3695 211 3738 7.
235 3683 325 3738 κρᾰη
350 3686 402 3734 Α,
427 3685 658 3740 iterumque
673 3702 711 3728 c.
743 3687 898 3741 17,lin.
925 3702 994 3731 22.

222 3744 322 3797 XV,
351 3757 417 3787 ια.
452 3745 819 3802 {mylen-omnen.
862 3752 923 3790 Dc
953 3765 998 3792 rc
1031 3749 1086 3791 cf.
1123 3746 1405 3804 Megasthenes

167 3807 240 3861 (fr.
269 3811 337 3864 ιο)
356 3823 421 3866 ap.
442 3809 686 3852 Strabonem
706 3826 748 3867 p.
771 3814 867 3866 703,
887 3813 958 3854 ubi
977 3815 1099 3867 tigres
1113 3810 1226 3869 apud
1244 3812 1405 3855 Prasios

165 3873 223 3913 zit
251 3872 426 3928 γίνεσθαι
444 3872 660 3929 μεγίστους,
686 3875 827 3929 σχεδὸν
855 3876 895 3916 δέ
914 3891 949 3916 τι
972 3876 1036 3917 καὶ
1054 3875 1277 3924 διπλασίους
1292 3874 1405 3917 λαόν·

165 3947 260 3976 των.
278 3937 439 3978 Revcra
452 3935 684 3991 Bengaliam
699 3944 820 3978 tantae
838 3938 1135 3991 magnitudinis
1147 3938 1270 3994 tigres
1281 3940 1404 3994 (Ryn-

166 3996 292 4048 glaeras
312 4012 467 4040 sanscr.
487 3999 731 4054 >exhibere,
748 4008 795 4041 ut
814 4002 1014 4042 Arrianus
1043 4017 1127 4042 non
1162 4001 1266 4043 adeo
1284 4015 1403 4056 exag-

169 4071 326 4110 gerasse
344 4075 430 4101 rem
455 4060 665 4116 putandus
687 4062 753 4113 sit,
778 4071 915 4104 censet
939 4065 1118 4105 Ritterus
1139 4066 1216 4115 VI,
1237 4079 1280 4120 p.
1299 4067 1399 4118 6913.

1301 225 1561 276 Annum

1469 346 1549 381 suo
1569 339 1614 382 in
1628 347 1823 383 octavum
1841 354 1975 399 usque
1990 357 2149 389 annum
2166 349 2313 392 nutrit.
2375 353 2439 405 (8)
2460 354 2622 397 Vtvunt
2634 354 2782 401 eless

1466 405 1636 462 Phuni»
1670 408 1743 463 qui
1779 407 2012 463 plurimum
2025 441 2038 463 ,
2076 425 2208 457 annos
2240 430 2316 470 οος
2342 419 2459 462 multi
2488 435 2585 463 vero
2617 407 2771 474 anths?>

1468 472 1550 516 hoc
1568 482 1732 531 tempus
1746 474 1897 518 morbo
1913 477 2136 523 intereunt.
2195 482 2413 529 Senectute
2428 502 2524 530 vrso
2538 488 2589 531 ad
2605 490 2713 532 hanc
2727 486 2750 530 ’.ζ

1468 549 1627 584 aetatem
1656 543 1915 599 pertingunt.
1975 547 2041 601 (9)
2061 546 2294 592 Oculorum
2313 555 2548 608 egritudini
2579 572 2711 599 reme·
2735 542 2752 610 ⁷,

1468 609 1587 652 dium
1618 611 1667 653 iis
1699 620 1761 654 est
1785 611 1847 655 lac
1875 613 2083 658 bubulum
2117 616 2329 672 infusum3
2354 621 2520 680 reliquis
2557 626 2714 669 morbis
2741 605 2772 646 '³⁴

1468 678 1614 721 vinum
1644 679 1812 735 nigrum
1830 690 2003 738 epotum
2024 683 2209 741 prodest,
2234 686 2442 732 ulceribus
2462 701 2599 735 autem
2620 708 2711 737 car-
2784 691 2787 693 ’

1467 760 1542 789 nes
1566 748 1695 791 suillae
1713 757 1830 793 tostae
1846 759 1970 808 atque
1989 753 2140 796 intritae
2165 754 2421 801 mlum-ibus.

1467 815 1596 859 Indos
1614 818 1773 861 morbis
1791 834 1939 863 eorum
1962 822 2145 865 remedia
2163 834 2277 867 sunt.
2760 867 2769 875 ,⁴

1524 884 1622 927 XV.
1647 882 1940 941 Tigrinuvero
1967 889 2062 931 Indi
2081 891 2298 948 elephanto
2333 895 2463 938 multo
2490 897 2705 941 fortiorem

1469 965 1556 994 oese
1573 962 1757 996 censent.
1818 955 1920 1011 Ejus
1936 955 2085 1012 pellem
2103 973 2147 1000 se
2165 959 2315 1003 vidisse
2325 963 2469 1006 scribit
2484 966 2712 1019 Nearchus,
2775 958 2779 1002 Ῐ

1470 1019 1599 1062 feram
1632 1021 1765 1078 ipsam
1792 1037 2055 1079 nequaquam
2077 1038 2087 1066 :
2108 1025 2238 1069 Indos
2269 1036 2408 1073 tamen
2438 1046 2608 1075 narrare
2627 1049 2714 1077 ma·
2778 1042 2781 1043 ⁷

1470 1088 1689 1144 gnitudine
1708 1105 1795 1132 esse
1815 1092 1986 1133 maximi
2019 1094 2141 1149 equi;
2170 1102 2283 1137 tanta
2315 1111 2414 1140 vero
2440 1100 2651 1143 velocitate
2672 1110 2714 1144 et
2769 1112 2772 1116 '

1471 1159 1624 1202 robore
1634 1191 1647 1212 ,
1666 1170 1714 1203 ut
1731 1162 1834 1203 nulli
1849 1162 1917 1204 alii
1934 1162 2031 1205 ferae
2041 1166 2272 1221 comparari
2289 1169 2432 1223 possit.
2493 1173 2557 1227 (a)
2572 1174 2717 1227 Quan·
2779 1183 2791 1214 .1

1470 1226 1527 1269 do
1537 1242 1646 1270 ‚cum
1667 1229 1886 1285 elephanto
1908 1230 2215 1286 congrediatur,
2237 1234 2280 1275 in
2296 1244 2420 1291 caput
2434 1235 2523 1293 ejus
2542 1239 2713 1292 insitioe,
2772 1243 2779 1262 ³

1472 1294 1673 1353 facileque
1694 1298 1967 1354 strangulare.
2031 1300 2094 1357 (3)
2120 1301 2315 1344 Ceterum
2338 1318 2405 1346 eas
2430 1319 2532 1362 quas
2561 1322 2638 1350 nos
2657 1308 2717 1351 vt·
2764 1352 2766 1354 ,

1469 1362 1619 1407 demus
1641 1374 1683 1408 et
1702 1368 1827 1422 tigres
1849 1382 2045 1410 vocamus
2059 1399 2071 1420 ,
2100 1368 2221 1412 thoes
2245 1385 2333 1414 esse
2350 1374 2601 1428 maculosas,
2633 1385 2719 1420 ma·
2764 1375 2788 1419 ⁷.

1464 1430 1579 1486 joroe
1628 1448 1756 1490 quam
1803 1435 1886 1477 sint
1923 1435 2094 1493 reliquae
2140 1437 2272 1480 thoes.
2334 1442 2397 1496 (4)
2429 1443 2491 1484 De
2537 1443 2718 1487 formicis
2781 1458 2789 1494 ':

1469 1501 1594 1542 etiam
1626 1502 1772 1544 scribit
1799 1504 2034 1556 Nearchus,
2070 1519 2113 1547 se
2145 1506 2314 1562 quidem
2337 1523 2404 1551 eas
2435 1524 2520 1552 non
2545 1511 2714 1566 vidisse,

1469 1567 1705 1624 cujusmodi
1736 1572 1924 1614 nonnulli
1956 1571 2123 1615 tradant
2143 1574 2186 1615 in
2204 1574 2325 1618 India
2353 1579 2489 1629 nasci;
2514 1579 2637 1635 pella
2656 1590 2719 1624 ta·

1470 1658 1566 1685 men
1585 1657 1731 1686 earum
1763 1659 1848 1686 non
1871 1659 2024 1701 paucas
2042 1646 2115 1688 abs
2135 1662 2179 1689 se
2209 1649 2314 1691 visas
2328 1681 2340 1701 ‚
2369 1651 2413 1692 in
2432 1661 2562 1695 castra
2580 1654 2718 1697 Mace·

1470 1715 1630 1758 donum
1658 1716 1812 1759 allatas.
1873 1718 1937 1773 (5)
1966 1720 2250 1775 Megasthenes
2282 1731 2392 1765 certa
2424 1739 2602 1782 veraque
2631 1741 2719 1770 esse
2786 1772 2789 1774 ,

1471 1802 1565 1845 quae
1597 1789 1651 1832 de
1669 1790 1853 1833 formicis
1890 1792 2131 1835 scribuntur
2152 1794 2254 1837 dicit
2279 1809 2288 1837 :
2318 1811 2385 1838 eas
2410 1799 2611 1843 nimirum
2631 1814 2720 1845 esse

2482 761 2580 804 Hoec
2599 762 2712 820 apud
2773 812 2780 818 .

1471 1876 1565 1918 quoe
1586 1877 1736 1906 aurum
1755 1878 1779 1906 e
1800 1872 1910 1908 terra
1929 1865 2146 1919 effodiant,
2170 1882 2255 1910 non
2287 1869 2458 1926 quidem
2476 1874 2568 1915 auri
2588 1874 2718 1931 ipsius

1470 1952 1613 1990 causa,
1642 1937 1714 1981 sed
1752 1947 1800 1982 ut
1828 1939 1905 1982 sibi
1946 1949 2065 1983 antra
2101 1943 2143 1984 in
2177 1943 2331 1998 quibus
2366 1944 2606 1990 delitescant
2643 1963 2717 2006 pa·-

1470 2019 1595 2053 rent:
1633 2011 1990 2068 quemadmodum
2020 2022 2171 2056 nostrae
2202 2017 2325 2058 etiam
2346 2016 2530 2061 sormicae
2561 2020 2717 2077 exigua:

1471 2098 1603 2141 quum
1639 2085 1737 2138 sint,
1776 2086 1966 2128 nonnihil
2003 2095 2123 2130 terrae
2156 2098 2330 2142 eruant;
2370 2092 2434 2148 (6)
2465 2093 2551 2136 illas
2589 2109 2715 2150 vero,

1471 2160 1627 2215 quippe
1646 2174 1739 2216 quae
1761 2161 1844 2202 sint
1860 2160 2052 2218 vulpibus
2067 2161 2244 2219 majores
2256 2197 2268 2216 ,
2294 2179 2373 2222 pro
2387 2169 2547 2212 ratione
2561 2174 2719 2227 magni,-

1472 2230 1630 2272 tudinis
1659 2239 1814 2274 terram
1840 2246 2010 2289 quoque
2042 2233 2209 2286 fodere,
2241 2250 2334 2292 quae
2366 2253 2517 2284 aurum
2546 2243 2716 2287 mistum

1472 2306 1635 2356 habeat,
1665 2315 1706 2348 et
1734 2321 1785 2348 ex
1815 2321 1862 2349 ea
1882 2306 2000 2349 Indis
2022 2323 2174 2350 aurum
2206 2309 2314 2354 fieri.
2375 2314 2439 2369 (7)
2471 2314 2552 2358 Sed
2579 2317 2718 2374 Mega·

1478 2378 1643 2420 sthenes
1660 2378 1851 2421 auditum
1872 2388 2028 2431 narrat,
2045 2395 2122 2436 ego
2141 2395 2240 2424 vero
2261 2397 2393 2439 quum
2412 2385 2517 2428 nihil
2541 2386 2717 2433 hubam

1472 2451 1624 2493 certius
1639 2450 1754 2507 quod
1776 2466 1823 2493 ea
1844 2450 1897 2493 de
1919 2466 1964 2494 re
1991 2452 2173 2495 scribere
2198 2455 2353 2510 possim
2368 2486 2381 2509 ,
2402 2455 2578 2501 libenter
2605 2459 2718 2506 hune

1472 2525 1525 2567 de
1548 2525 1732 2567 formicis
1750 2524 1984 2567 sermonem
2011 2527 2185 2569 missum
2205 2527 2369 2573 faciam.
2430 2532 2495 2587 (8)
2517 2534 2718 2579 Psittacus

1471 2606 1611 2640 autem
1638 2598 1851 2640 Nearchus
1881 2607 2036 2651 narrat,
2071 2608 2270 2657 tanquam
2292 2616 2381 2644 rem
2415 2605 2581 2658 miram,
2604 2606 2718 2664 apud

1471 2671 1599 2714 Indos
1614 2672 1725 2714 nasci
1749 2684 1759 2712 t
1785 2679 1826 2712 et
1844 2670 2076 2726 cujusmodi
2096 2674 2182 2714 uvis
2210 2674 2262 2716 sit
2287 2676 2484 2730 psittacus
2502 2676 2714 2732 describit,

1471 2759 1519 2787 ac
1537 2758 1678 2787 vocem
1695 2743 1920 2785 humanam
1945 2745 2176 2799 exprimere
2194 2747 2267 2787 ait.
2327 2748 2391 2801 (9)
2409 2749 2496 2802 Ego
2514 2753 2713 2807 quoniam

1475 2815 1623 2859 multas
1644 2817 1732 2872 ipse
1758 2814 1846 2870 ejus
1876 2817 2037 2870 generis
2058 2830 2153 2858 aves
2176 2817 2258 2858 vidi
2289 2827 2329 2859 et
2347 2818 2448 2861 alios
2480 2822 2567 2863 scio
2596 2837 2716 2866 nosse

1474 2891 1583 2933 hanc
1604 2903 1743 2940 avem,
1770 2889 1872 2931 nihil
1886 2888 1939 2931 de
1959 2903 2005 2931 ea
2026 2897 2221 2946 tanquam
2246 2892 2400 2934 mirum
2420 2895 2618 2947 narrabo,
2645 2911 2717 2939 ne·

1471 3064 1762 3107 Schmiederus
1777 3063 1900 3106 verba
1914 3064 1980 3105 τὸν
1994 3065 2176 3120 μέγιστον
2191 3065 2310 3108 ἵππον
2325 3066 2378 3109 de
2389 3069 2506 3124 equis
2515 3069 2715 3113 Tartariae

1470 3135 1512 3168 et
1548 3127 1677 3169 Indiae
1701 3126 2047 3184 septentrionalis,
2080 3128 2151 3182 qui
2178 3126 2391 3171 inferiores
2428 3129 2713 3187 magnitudine

1470 3197 1568 3231 sunt
1583 3191 1748 3240 nostris,
1771 3188 2081 3243 intelligendum
2102 3204 2188 3231 csse
2207 3200 2364 3234 monet.
2389 3193 2406 3247 ΙΙ
2422 3216 2478 3224 -
2505 3196 2571 3236 16.
2592 3198 2711 3237 ταῦτα

1470 3250 1511 3293 δὲ
1521 3251 1674 3300 ἅστινας
1690 3253 1850 3295 ABCD.
1866 3253 2058 3293 Ceterum
2076 3252 2299 3295 rectissime
2307 3253 2395 3297 haec
2406 3256 2711 3303 Ari-innuamu-

1470 3322 1556 3365 net,
1577 3326 1708 3369 quum
1745 3314 1840 3356 Asia
1869 3314 1977 3355 intra
1991 3312 2143 3356 Indum
2176 3316 2252 3357 sita
2281 3316 2419 3371 tigrim
2442 3331 2526 3360 non
2546 3317 2710 3363 habeat.

1469 3375 1710 3432 Bengalicus
1729 3375 1844 3430 tigris
1862 3390 1885 3417 a
1904 3389 1999 3431 rege
2021 3375 2222 3418 Indorum
2239 3377 2387 3418 missus
2401 3376 2572 3421 fueritis
2586 3393 2712 3436 quem

1468 3437 1685 3480 Seleucum
1701 3437 1926 3480 habuissee
1940 3437 2181 3481 Philemone
2197 3447 2336 3481 narrat
2351 3439 2572 3483 Athenaeus
2590 3443 2711 3497 ΧΠῘ,

1470 3513 1513 3556 p.
1533 3501 1615 3555 590
1628 3503 1678 3543 Λ.
1695 3500 1712 3555 ΙΙ
1725 3512 1862 3543 -αο,
1879 3499 2216 3558 μετεξέτεροι]
2240 3500 2494 3543 utHerodot.
2513 3504 2590 3555 m,
2615 3516 2710 3548 ιω.

1471 3564 1533 3604 De
1552 3562 1631 3605 hoc
1652 3562 1817 3604 animali
1839 3563 2018 3605 Arriano
2039 3564 2270 3606 accuratius
2292 3564 2375 3619 agit
2389 3563 2536 3607 Strabo
2551 3578 2594 3622 p.
2611 3567 2707 3621 706.
2792 3611 2800 3616 ,,

1469 3624 1579 3667 Vide
1615 3625 1889 3681 Megasthenis
1916 3625 1967 3667 fr.
1998 3626 2051 3681 39
2087 3628 2104 3680 (
2127 3634 2229 3668 tom.
2265 3627 2322 3677 11,
2353 3640 2396 3683 p.
2422 3627 2502 3677 435
2526 3629 2543 3683 )
2570 3626 2713 3685 ibique
2782 3651 2808 3685 ᾖ,

1471 3696 1609 3729 notata
1621 3697 1662 3730 et
1677 3687 1926 3743 Agatharch.
1942 3690 2005 3731 De
2021 3703 2079 3731 m.
2100 3688 2333 3745 Erythra-o.
2353 3690 2376 3742 S
2397 3691 2449 3732 68
2466 3702 2508 3746 p.
2531 3690 2607 3733 158
2616 3696 2706 3733 not.

1474 3751 1489 3803 ΙΙ
1514 3764 1648 3792 -αι,
1668 3751 1869 3806 γίγνεσθαι
1884 3753 1932 3794 C.
1966 3752 2063 3807 (1-
2083 3755 2153 3794 26.
2176 3751 2318 3807 φύσι]
2342 3750 2445 3807 aptot
2461 3750 2569 3794 codd
2593 3765 2705 3804 3em.

1469 3813 1606 3854 Geicr.
1653 3815 1670 3868 ΙΙ
1693 3816 1835 3866 -τῆς
1866 3828 1952 3855 om.
1986 3815 2039 3855 D.
2082 3814 2099 3869 Ι(
2118 3837 2174 3845 -
2202 3812 2436 3869 φωλεῦσοιεν
2468 3813 2602 3864 ACD;
2629 3827 2708 3869 φω-
2743 3831 2801 3864 ae'

1468 3874 1620 3917 λεύουσι
1636 3891 1732 3931 mgo
1746 3877 1795 3919 C.
1821 3878 1837 3932 11
1861 3901 1917 3908 -
1938 3877 2008 3919 28.
2038 3874 2202 3924 ἰκείνους
2226 3874 2267 3917 δὲ
2289 3872 2391 3917 εἶναι
2414 3873 2478 3916 ἀλ.
2514 3874 2703 3930 μείζονες,
2749 3879 2808 3922 ”““ἷ,

1468 3938 1533 3979 καὶ
1550 3939 1640 3994 προς
1665 3938 1787 3995 λόγον
1817 3941 1899 3982 BC.
1929 3941 1945 3994 ΙΙ
1970 3962 2026 3971 -
2054 3939 2123 3981 31.
2158 3938 2231 3994 τε]
2266 3940 2327 3989 Ας
2359 3951 2444 3979 om.
2482 3945 2579 3979 cett.
2607 3938 2625 3991 ΙΙ
2638 3934 2714 3996 .-’

1474 4001 1542 4042 33.
1562 4002 1852 4057 σιττακούς]
1882 4002 1946 4043 Ct.
1982 4002 2138 4043 Ctesias
2159 4014 2203 4057 p.
2228 4002 2304 4053 803
2332 3999 2502 4041 Curtius
2524 3998 2640 4049 vm,
2657 4003 2698 4050 9⁴.

1478 4065 1494 4117 ΙΙ
1514 4088 1569 4095 -
1589 4064 1656 4105 35.
1682 4064 1884 4119 γίγνεσθαι
1905 4063 1952 4106 C.
1977 4065 1992 4117 ΙΙ
2020 4087 2075 4095 —
2094 4064 2162 4106 38.
2182 4060 2564 4118 ἐπισταμένους]
2588 4071 2700 4101 mra-

2777 3570 2805 3621 21¹:ss
2775 3527 2800 3562 ''³⁴ss
2775 3501 2808 3514 2?
2771 3226 2808 3489 mma·
2806 3201 2808 3203 .
