2782 4348
138 167 207 214 90-
1013 159 1317 208 SCYLACIS-
1331 160 1796 212 manum-:mss

136 262 208 311 ml
237 265 355 319 νῆσοι
387 264 431 309 ἐν
457 217 690 325 τῇΟλίμνῃ,
717 262 789 308 καὶ
822 261 917 322 περὶ
947 260 1023 316 τὴν
1050 259 1200 320 λίμνην
1234 260 1375 315 πόλεις

138 334 209 394 (ἓν
226 338 316 385 ταῖς
336 330 505 392 νήσοις)
530 330 634 377 αἵδε·
657 328 809 389 Ψίγας
825 328 960 384 πόλις,
979 327 1052 375 καὶ
1074 328 1274 377 ἀπαντίον
1296 331 1374 376 αὖ·

135 404 211 459 τῆς
236 404 356 457 νῆσοι
386 399 564 455 Ναξικαὶ
594 397 748 445 πολλαί
756 399 768 427 ·’
812 398 1072 454 Πιθηκοῦσαι
1108 397 1182 444 καὶ
1210 398 1341 461 λιμήν
1358 418 1371 431 ·

136 471 231 517 κατ’
252 468 431 516 ἕναντίον
451 469 586 514 αὐτῶν
614 465 686 512 καὶ
708 468 829 521 νῆσος
864 465 939 512 καὶ
973 465 1093 520 πόλις
1111 468 1154 514 ἓν
1174 469 1226 531 τῇ
1258 466 1372 533 νήσῳ

136 537 318 587 Enema-
342 536 473 598 Θάψα
497 533 568 580 καὶ
590 533 709 587 πόλις
732 532 804 580 καὶ
827 533 971 593 λιμὴν,
1001 533 1219 590 Καύκακις
1250 535 1370 591 πόλις

135 607 206 654 καὶ
221 605 362 666 λιμὴν,
385 603 490 650 Σίδα
509 600 641 659 πόλις,
660 600 834 650 Ἰουλίου
855 601 982 667 ἄκρα,
1004 604 1122 659 πόλις
1138 604 1210 652 καὶ
1222 604 1370 668 λιμὴν,

134 675 343 735 Ἐὅδομος
365 673 481 725 πόλις
498 671 571 718 καὶ
596 671 743 733 λιμὴν,
767 671 902 720 Ἀκίον
922 677 1060 732 νῆσος,
1085 673 1203 728 πόλις
1220 674 1292 721 καὶ
1307 676 1370 722 λι·

136 744 217 803 μὴν
239 742 405 799 ἔπεστι,
444 741 661 802 Ψαμαθὸς
692 743 839 799 νῆσος,
871 742 992 797 πόλις
1021 743 1093 790 καὶ
1118 744 1276 805 λιμήν·
1298 744 1370 792 καὶ

134 811 301 863 κόλπος.
371 811 444 858 Ἐν
469 809 513 856 δὲ
539 812 600 875 τῷ
618 810 763 875 κόλπῳ
796 810 963 875 Baptae
984 815 1108 869 νῆσος
1127 813 1197 860 καὶ
1218 812 1368 874 λιμὴν,

133 883 282 931 Χάλκα
305 882 423 935 πόλις
445 883 488 928 ἐν
506 884 568 946 τῷ
586 883 764 945 ποταμῷ
777 916 790 938 ,
812 880 992 943 Ἀρύλων
1014 882 1155 940 πόλις,
1174 881 1273 940 Mi<
1293 883 1369 930 πό·

131 955 192 1005 λις
216 952 286 998 καὶ
309 950 451 1013 λιμὴν,
477 951 584 1012 Σίγη
605 951 722 1004 πόλις
741 953 782 997 ἐν
802 954 861 1014 τῷ
883 955 1080 1016 ποταμῷ,
1098 952 1171 998 καὶ
1194 952 1277 1016 πρὸ
1299 956 1371 999 τοῦ

131 1025 322 1081 ποταμοῦ
359 1023 480 1077 νῆσος
520 1018 680 1083 Ἄκρα,
710 1020 828 1073 πόλις
860 1020 1023 1081 μεγάλη
1057 1020 1191 1084 [καὶ]
1223 1020 1369 1082 λιμὴν,

132 1088 277 1153 Ἄκρος
304 1094 333 1147 ἡ
364 1090 482 1142 πόλις
524 1088 596 1135 καὶ
620 1092 642 1138 ὁ
678 1089 828 1142 κόλπος
855 1091 897 1136 ἐν
921 1091 1027 1153 αὐτῇ
1036 1095 1048 1147 ,’
1073 1089 1225 1154 ἔρημος
1247 1093 1370 1147 νῆσος

130 1159 347 1223 Δρίναυπα
359 1157 505 1218 ὄνομα,
528 1156 773 1221 Ἡράκλειος
785 1158 916 1215 στήλη
938 1159 1003 1223 [ἡ]
1024 1162 1066 1206 ἐν
1090 1159 1244 1221 Λιὸύῃ,
1259 1158 1368 1223 ἄκρα

133 1225 328 1283 Ἀὸιλυκὴ
353 1227 465 1291 [καὶ]
494 1227 613 1281 πόλις
635 1230 677 1274 ἐν
698 1232 876 1293 ποταμῷ
909 1228 980 1275 καὶ
1006 1229 1141 1275 ἀντίον
1173 1231 1299 1285 αὐτῆς
1317 1229 1368 1275 τὰ

132 1298 312 1361 Γάδειρα
343 1300 478 1354 νῆσοι.
547 1298 648 1344 Ἀπὸ
688 1299 956 1361 Καρχηδόνος
988 1298 1120 1362 ταύτῃ
1161 1297 1271 1345 ἐστὶν
1309 1297 1371 1362 ἐφ’

131 1366 401 1431 ’Ἡρακλείους
433 1366 591 1423 στήλας
625 1371 695 1413 τοῦ
734 1367 958 1413 καλλίστου
987 1369 1091 1413 πλοῦ
1126 1366 1368 1430 παράπλους

130 1439 295 1500 ἡμερῶν
318 1434 424 1482 ἑπτὰ
454 1436 525 1482 καὶ
547 1438 705 1482 νυκτῶν
732 1435 855 1483 ἑπτά.
960 1437 1234 1484 ΓΑΔΕΙΡΑ.
1272 1435 1367 1485 Εἰσὶ

127 1570 181 1612 de
203 1570 247 1612 in
269 1570 369 1611 Itin.
394 1572 495 1612 Ant.
519 1583 563 1626 p.
594 1582 643 1611 αι
670 1577 711 1610 et
739 1569 997 1611 Christianos
1018 1569 1240 1625 scriptores
1269 1568 1371 1611 abiit

126 1633 171 1674 in
189 1631 334 1689 Hippo
348 1631 524 1673 Zau-itus
542 1632 631 1685 (V.
648 1632 840 1673 Ruinart.
858 1632 1014 1673 Histor.
1035 1639 1241 1687 persecut.
1261 1633 1374 1673 Van·

126 1694 208 1736 dal.
223 1707 267 1750 p.
281 1706 362 1748 219
379 1707 471 1749 sqq.
490 1695 523 1749 ).
538 1694 732 1736 Ceterum
753 1694 1035 1750 Hippuacram
1047 1692 1137 1749 jam
1158 1694 1373 1735 Hecataeus

126 1771 374 1799 memorasse
383 1756 562 1807 videtur,
575 1756 781 1812 siquidem
796 1765 922 1808 recte,
940 1765 1113 1813 utputo,
1130 1756 1267 1798 locum
1283 1758 1372 1799 Ste-

124 1819 251 1875 phani
281 1818 447 1860 refinxit
480 1817 712 1860 Meinekius
738 1831 748 1859 z
778 1817 925 1866 Κῦὃος
964 1818 1017 1874 [ἢ
1052 1818 1224 1874 Κυὸώ],
1263 1817 1374 1867 πόλις

131 1880 275 1923 Ἰώνων
298 1879 336 1922 ἐν
367 1880 486 1938 Λιὸὗῃ
516 1880 728 1922 Φοινίκων.
759 1878 965 1929 Ἑκαταῖος
986 1881 1210 1937 περιηγήσει
1240 1880 1368 1933 αὐτῆς·

131 1961 148 1982 α
184 1943 251 1985 καὶ
280 1941 401 1999 λιμὴν
425 1942 565 1985 Ἵππου
601 1942 751 2000 (λιμήν
774 1958 848 1985 που
876 1944 1005 1998 vgo.)
1035 1942 1133 1999 ἄκρα
1154 1943 1220 1984 καὶ
1241 1942 1368 1985 Κυὸώ.

123 2004 366 2048 Notandum
394 2005 575 2061 denique
608 2005 778 2047 alteram
808 2006 1047 2062 Hipponem
1077 2006 1232 2061 regiam
1260 2005 1372 2062 apud

126 2066 362 2110 Diodorum
395 2069 494 2110 item
523 2069 660 2109 vocari
685 2067 824 2110 Ἵππου
858 2068 994 2124 ἄκραν,
1021 2083 1098 2110 nec
1126 2068 1247 2123 longe
1275 2067 1372 2110 inde

126 2131 464 2187 promontorium
486 2130 626 2173 Ἵππου
649 2131 768 2187 ἄκραν
804 2132 919 2185 (Bas
942 2131 1185 2181 el-Hamah,
1219 2134 1303 2191 Cap
1321 2131 1372 2173 de

122 2193 281 2249 garde)
302 2208 328 2236 a
348 2193 570 2236 Ptolemaeo
595 2192 805 2235 collocari.
841 2194 857 2247 ΙΙ
883 2217 941 2224 -
971 2191 1019 2234 ἔν
1043 2194 1148 2242 ταῖς
1170 2193 1368 2250 νήσοις]

124 2256 223 2297 Haec
240 2257 358 2298 uncis
377 2256 538 2307 inclusi,
558 2263 604 2297 ut
623 2256 778 2311 inepta.
794 2254 934 2310 Vulgo
951 2263 1144 2297 vertunt:
1159 2270 1239 2312 per
1245 2255 1372 2312 palu-

124 2316 213 2358 dem
230 2317 273 2358 ἱιι
290 2317 455 2360 insulis.
474 2319 637 2374 Mappae
660 2331 761 2359 meae
774 2332 858 2359 non
875 2318 954 2358 nisi
979 2331 1104 2359 unam
1121 2318 1163 2359 in
1186 2317 1275 2359 lacu
1293 2318 1371 2359 isto

124 2380 298 2422 insulam
317 2388 477 2423 notant.
502 2380 646 2437 Scylax
664 2379 804 2436 plures
825 2380 878 2422 ad
899 2380 1033 2422 lacum
1048 2380 1173 2422 urbes
1194 2395 1281 2423 oese
1305 2380 1371 2423 di-

123 2457 218 2485 cens
233 2444 399 2486 nonnisi
422 2458 547 2486 unam
564 2444 766 2486 nominat.
784 2445 800 2499 ΙΙ
819 2469 877 2476 -
890 2444 996 2500 Ψέγ
1007 2445 1085 2500 ας]
1101 2443 1268 2486 aliunde
1284 2459 1370 2486 non

122 2517 220 2551 nota
242 2518 318 2552 est.
339 2510 512 2552 Vossius
533 2509 712 2552 absurde
742 2509 919 2565 conjecit
941 2510 1101 2566 Κόλλοψ
1132 2511 1264 2566 μέγας,
1297 2512 1369 2567 qui

122 2572 235 2614 locus
253 2573 489 2627 longissime
504 2574 604 2615 hinc
619 2573 785 2614 dissitus
801 2576 817 2626 (
832 2575 887 2615 V.
903 2573 1009 2615 Ptol.
1026 2575 1103 2623 IV,
1123 2587 1164 2623 α,
1183 2588 1226 2628 p.
1241 2577 1316 2614 261
1335 2577 1368 2627 ).

129 2635 144 2687 Η
164 2658 220 2666 —·
239 2635 479 2690 Ναξικαὶ]
510 2637 583 2677 11ae
614 2637 646 2676 si
670 2651 693 2676 e
716 2637 884 2691 regione
918 2635 1108 2677 Psecadis
1144 2644 1283 2686 erant,
1327 2637 1367 2677 in

123 2696 213 2738 lacu
228 2697 498 2752 Ilipponitide
509 2697 758 2739 collocandae
770 2707 883 2739 sunt.
900 2698 1048 2739 Nescio
1065 2705 1200 2738 tamen
1214 2712 1266 2738 an
1283 2712 1367 2739 non

122 2759 261 2814 potius
281 2758 516 2801 indicentur
546 2759 703 2811 insulae,
724 2774 817 2815 quae
849 2775 871 2801 e
907 2760 1073 2814 regione
1095 2760 1301 2815 Hipponis
1326 2761 1366 2802 in

124 2820 227 2861 mari
261 2828 394 2871 erant,
429 2835 520 2876 quae
554 2821 655 2862 Cani
681 2835 794 2862 nune
823 2830 1039 2871 vocantur,
1074 2835 1251 2876 quarum
1286 2836 1368 2864 una

120 2882 352 2937 Δρακόντιος
387 2885 503 2935 νῆσος
534 2891 595 2924 est
629 2883 866 2925 Ptolemaeo.
902 2884 919 2938 ΙΙ
944 2907 1001 2915 -
1029 2882 1364 2939 Πιθηκοῦσαι]

121 2941 188 2986 Cf·
215 2944 412 3000 Stephon.
433 2958 444 2986 ε
472 2943 654 2996 Πιθήκων
684 2944 842 2995 κόλπος,
863 2943 983 3001 λιμὴν
1008 2943 1046 2985 ἐν
1071 2948 1120 3002 τῇ
1144 2946 1263 3002 Διὸύῃ
1284 2947 1368 3002 περὶ

74 3054 80 3060 ⁴
122 3003 370 3062 Καρχηδόνα.
392 3006 447 3048 Tb
471 3005 619 3048 ἔθνικὸν
644 3006 943 3060 Πιθηκολπίτης.
973 3008 1127 3048 Nostro
1161 3006 1253 3049 loco
1283 3023 1365 3050 non

121 3066 275 3111 insulas
303 3069 575 3121 Pithecussas,
599 3069 671 3111 sed
704 3069 843 3111 locum
874 3070 1124 3111 continentis
1158 3069 1219 3111 vel
1258 3071 1367 3111 vicos

121 3129 323 3186 quosdam
343 3131 520 3174 indicari
547 3140 589 3174 et
610 3131 842 3189 Stephanus
863 3130 1009 3174 suadet
1030 3140 1072 3174 et
1097 3131 1195 3174 inde
1212 3132 1366 3187 colligis

122 3193 236 3249 quod
255 3195 444 3251 sequitur
466 3209 476 3237 :
498 3195 583 3237 κατ’
609 3193 783 3237 ἐναντίον
803 3193 928 3237 αὖτῶν
950 3194 1015 3237 καὶ
1029 3197 1158 3248 νῆσος.
1185 3196 1283 3237 Haec
1304 3197 1366 3237 in-

122 3256 209 3298 sula
223 3271 308 3299 non
324 3257 403 3300 alia
417 3272 504 3299 esse
532 3265 667 3314 potest
684 3258 763 3300 nisi
780 3271 827 3300 ea
846 3272 939 3314 quae
956 3256 1068 3314 apud
1091 3257 1259 3300 Ptolem.
1288 3258 1365 3299 tu-

122 3318 222 3372 λάθη
240 3350 251 3370 ,
270 3321 312 3360 in
336 3321 435 3363 ltin.
459 3334 503 3377 p.
538 3320 617 3371 514
644 3321 814 3371 Galata,
836 3318 962 3363 hodie
994 3319 1147 3370 Galite,
1179 3327 1362 3362 vocatur.

122 3381 158 3421 E
179 3383 346 3435 regione
366 3382 454 3438 ejus
481 3384 568 3424 sitae
584 3383 781 3426 Tabracae
802 3385 819 3437 (
835 3381 937 3425 hod.
969 3382 1157 3426 roborea
1171 3384 1204 3437 ),
1237 3396 1367 3439 prope

124 3455 225 3496 quas
242 3443 351 3485 silvae
379 3443 593 3486 simiarum
609 3445 738 3501 plenae
758 3453 1043 3487 memorantur
1058 3459 1126 3501 ap.
1147 3443 1276 3486 schol.
1291 3446 1315 3486 J
1319 3458 1366 3486 u-

123 3502 256 3545 venat.
285 3518 348 3555 10,
375 3509 469 3559 ¹94·
490 3508 678 3548 Fortasse
695 3506 802 3549 hanc
820 3508 950 3564 ipsam
977 3506 1124 3549 urbem
1144 3507 1278 3549 Graeci
1298 3507 1365 3549 Pi·

123 3563 405 3608 thecussarum
426 3570 594 3610 nomine
608 3569 880 3625 appellabant.
903 3570 1005 3613 Aliae
1025 3570 1274 3612 Pithecussae
1297 3584 1366 3612 ur-

124 3626 196 3669 bes
218 3635 300 3670 tres
313 3629 355 3669 in
374 3629 503 3685 Libya
521 3631 733 3682 interiore,
751 3632 823 3674 ubi
844 3634 973 3674 simiae
987 3647 1064 3688 pro
1080 3632 1159 3674 diis
1174 3632 1365 3675 coleban-

123 3700 208 3739 tur,
229 3689 272 3731 in
290 3690 525 3745 Agathoclis
550 3692 719 3734 historia
743 3694 861 3736 all‘crt
878 3694 1088 3737 Diodorus
1111 3696 1208 3747 XX,
1241 3696 1308 3739 58.
1344 3695 1360 3751 ΙΙ

120 3774 181 3783 —-
196 3749 357 3810 fldspfa]
375 3751 443 3795 Ad
462 3754 586 3795 situm
608 3755 722 3796 urbis
742 3756 1076 3798 constituendum
1101 3758 1197 3799 facit
1217 3757 1366 3800 Vibius

122 3812 341 3870 §equester
352 3815 416 3857 De
433 3815 552 3867 llum,
566 3818 637 3872 qui
659 3817 865 3874 Thapsum
883 3819 1183 3875 fluviumjuxta
1197 3823 1367 3862 Rusica-

123 3874 200 3917 den
223 3885 451 3930 memorat;
479 3877 593 3934 quod
616 3893 786 3935 prorsus
811 3880 919 3922 cadit
945 3883 985 3922 in
1010 3884 1153 3923 seriem
1180 3883 1364 3924 locorum

125 3951 250 3993 quam
266 3939 453 3997 Periplus
467 3940 650 3984 exhibet.
673 3942 883 3984 ltusicmla
902 3946 919 3996 (
935 3944 1039 3985 Ptol.
1063 3959 1091 4000 p
1129 3950 1204 3986 261
1228 3962 1238 3995 ;
1260 3945 1366 3987 Mela

126 4002 159 4050 l,
185 4013 236 4055 73
260 4001 366 4044 Plin.
391 4003 447 4055 V,
473 4016 522 4055 ας
545 4004 644 4047 Itin.
665 4018 709 4061 p.
744 4005 783 4046 5.
812 4018 876 4059 19.
901 4005 1006 4048 Tal).
1043 4008 1160 4049 Pcut.
1182 4010 1198 4061 )
1222 4015 1366 4063 portus

2524 169 2678 235 ‹..0‚·..›

1441 284 1513 322 ea,
1537 279 1582 314 et
1607 272 1733 316 urbes
1754 274 1863 316 cirea
1884 274 2077 331 paludem
2109 284 2236 318 sunt:
2261 279 2407 332 Psegas
2425 277 2548 329 urbs,
2571 288 2614 322 et
2629 263 2712 351 ex,-
2730 233 2782 327 «3

1441 337 1616 382 adverso
1625 339 1715 396 ejus
1727 341 1866 384 multe
1878 343 2020 385 insulae
2034 344 2198 387 Naxica·
2211 361 2223 395 ;
2238 353 2328 387 tum
2343 345 2571 388 Pithecusa
2584 361 2680 391 cum
2697 331 2746 390 37²³
2774 335 2782 371 '-

1440 414 1568 462 portu
1576 422 1589 459 ς
1605 421 1656 450 ex
1670 407 1845 452 adverso
1858 424 2002 454 earum
2017 412 2094 454 sita
2106 421 2169 455 αι
2194 413 2326 455 insula
2344 422 2383 455 et
2409 415 2450 455 in
2470 428 2517 455 ea
2540 414 2682 459 civim

1440 480 1622 533 Euboea3
1653 483 1819 541 Thapsa
1842 485 1945 528 urbs
1971 494 2012 528 et
2030 496 2199 543 portus,
2225 488 2421 530 Caucacis
2448 489 2548 530 urbs
2581 502 2679 531 cum

1440 562 1587 609 portu,
1605 554 1703 598 Sida
1718 556 1820 599 urbs
1834 588 1846 609 ,
1871 558 1941 600 Io!
1950 562 2310 616 promontorium,
2336 561 2436 603 urbs
2458 570 2495 602 et
2513 570 2679 617 portus,
2730 570 2782 625 ῃ

1440 627 1684 672 Hebdomus
1699 631 1800 674 urbs
1814 646 1910 675 cum
1932 642 2073 690 portu,
2092 636 2240 678 Acium
2258 635 2390 677 insula
2402 667 2412 686 ,
2430 636 2472 678 in
2484 650 2566 692 qua
2582 636 2682 677 urbs
2768 625 2782 678 ἲ

1441 709 1484 745 et
1494 710 1655 759 portus,
1667 702 1915 748 Psamathus
1929 706 2076 759 insula,
2090 707 2190 749 urbs
2203 716 2244 749 et
2258 716 2426 765 portus3
2443 717 2533 750 tum
2549 710 2678 750 sinus,
2770 694 2782 711 η’

1441 777 1492 817 Iu
1508 774 1591 817 hoc
1608 776 1704 818 sinu
1721 778 1863 819 Bartas
1883 786 1947 820 αἱ
1965 778 2097 822 insula
2114 794 2210 822 cum
2233 789 2380 837 portu,
2406 781 2557 823 Chalea
2579 782 2680 824 urbs

1440 846 1494 890 ad
1512 847 1707 899 fluvium,
1736 848 1894 905 Arylon
1913 849 2037 901 urbs,
2060 852 2150 893 Mes
2171 852 2271 895 urbs
2288 867 2385 895 cum
2409 862 2534 910 portu
2551 885 2563 906 ,
2590 855 2683 910 Sige

1440 920 1542 963 urbs
1559 918 1613 962 ad
1631 920 1806 963 nuvium
1817 951 1829 972 ,
1847 922 1916 963 cui
1934 920 2096 977 objacet
2120 923 2254 967 insula
2268 928 2399 978 Aera,
2416 926 2517 969 urbs
2536 941 2683 982 magna

1440 1000 1482 1034 et
1495 1000 1642 1049 portus
1655 991 1808 1049 (Acrus
1822 992 1923 1034 urbs
1936 1001 2108 1035 vocatur
2123 1002 2165 1036 et
2184 995 2299 1038 sium
2308 995 2429 1052 juxta
2446 999 2574 1053 issam)
2587 1016 2598 1050 3
2613 999 2683 1041 de·

1440 1074 1548 1108 serta
1584 1065 1717 1108 insula
1744 1065 1946 1122 appellata
1972 1066 2203 1123 Drinaupa,
2235 1069 2437 1112 Herculea
2461 1071 2680 1124 Columna,

1441 1139 1582 1196 Libyae
1597 1139 1934 1197 promontorium
1957 1139 2128 1197 Abilyce
2146 1148 2188 1182 et
2201 1140 2302 1182 urbs
2322 1141 2375 1183 ad
2394 1142 2566 1187 nuvium
2581 1154 2622 1188 et
2632 1160 2684 1189 ex

1441 1213 1614 1255 adverso
1649 1213 1766 1255 urbis
1787 1212 1925 1256 Gadoe
1947 1213 2106 1256 insulae.
2145 1216 2183 1257 A
2205 1214 2451 1270 Carthagine
2470 1215 2685 1275 hucusque

1442 1286 1494 1329 ad
1518 1286 1741 1329 Columnas
1758 1286 1980 1328 Herculeas
2006 1286 2265 1341 navigatione
2283 1288 2565 1344 prosperrima
2579 1303 2685 1346 prae·
2767 1319 2782 1375 j

1441 1362 1714 1403 tervehuntur
1749 1360 1897 1402 diebus
1930 1368 1972 1402 et
2007 1359 2200 1403 noctibus
2225 1369 2398 1417 septem.
2485 1363 2682 1407 GADES.

1439 1434 1589 1477 Insulae
1626 1435 1690 1476 hae
1728 1436 1908 1491 Europae
1947 1432 2163 1490 adjacent;
2200 1448 2343 1476 earum
2380 1434 2506 1477 altera
2538 1435 2684 1479 urbem

1441 1577 1531 1612 erat
1550 1569 1674 1611 Cirtae
1696 1568 1827 1610 urbis.
1849 1568 1994 1609 Ruinae
2018 1566 2107 1624 ejus
2135 1582 2266 1624 prope
2284 1566 2387 1610 hod.
2404 1572 2539 1611 stom.
2569 1571 2686 1612 Hane

1441 1631 1567 1686 igitur
1587 1630 1735 1673 urbem
1757 1644 1782 1671 a
1813 1630 1941 1671 fluvio
1963 1630 2274 1686 praeterlabente
2296 1631 2313 1684 (
2332 1629 2450 1671 oaeaed
2469 1634 2594 1673 Rosos
2622 1633 2686 1675 vel

1441 1692 1627 1748 Zessas)
1658 1693 1874 1749 Thapsum
1907 1693 2068 1734 vocavit
2091 1692 2251 1748 Scylax.
2289 1693 2306 1746 11
2329 1716 2388 1725 —
2408 1692 2648 1743 Καύκακις
2667 1696 2683 1751 ]

1442 1756 1577 1797 Locus
1593 1756 1772 1810 ignotus.
1784 1756 2024 1810 Sequuntur
2034 1763 2128 1811 post
2138 1753 2384 1797 Rusicadam
2396 1754 2556 1812 Κόλλοψ
2569 1757 2687 1813 μέγας

1438 1817 1463 1870 ἢ
1496 1817 1690 1868 Κούλλου,
1732 1816 1885 1859 deinde
1914 1821 2050 1859 Tucca
2085 1816 2139 1859 ad
2173 1820 2424 1874 Ampsagam
2460 1818 2504 1860 ss.
2540 1819 2559 1872 (
2575 1818 2683 1863 Ptin.

1438 1880 1495 1931 V,
1523 1893 1540 1921 1
1558 1881 1591 1934 ).
1615 1878 1694 1920 Vel
1715 1878 1828 1920 hunc
1848 1878 1910 1920 vel
1926 1878 2039 1920 illum
2061 1880 2211 1920 Noster
2229 1879 2453 1931 intellexit3
2471 1879 2586 1922 hunc
2601 1895 2685 1924 ma-

1438 1940 1527 1984 lim.
1550 1942 1725 1983 Vossius
1757 1941 1868 1998 conj.
1893 1942 2017 1984 scrib.
2038 1943 2245 1991 Κάνουκκις
2264 1943 2282 1995 (
2296 1942 2490 1994 Ptolem.;
2516 1945 2686 1998 Gunugi

1438 2018 1506 2061 ap.
1526 2004 1633 2046 Plin.
1650 2006 1707 2055 V,
1727 2018 1752 2046 a
1768 2021 1779 2056 ;
1797 2008 1996 2058 Gunugas
2015 2006 2168 2046 inItin.
2187 2019 2230 2060 p.
2251 2006 2299 2046 18
2318 2006 2442 2059 ).1·1ic
2456 2020 2552 2047 vero
2568 2006 2684 2049 locus

1438 2080 1570 2122 quum
1592 2067 1645 2109 ab
1663 2067 1725 2109 Iol
1746 2068 1831 2109 sive
1848 2069 2031 2109 Caesarea
2054 2080 2103 2109 ια
2135 2067 2236 2109 mill.
2265 2067 2523 2109 occidentem
2544 2082 2684 2110 versus

1437 2130 1505 2182 sit,
1527 2130 1891 2189 intelligi-omnino
1923 2132 2082 2186 nequit.
2108 2130 2125 2185 ΙΙ
2151 2154 2209 2163 -
2231 2130 2379 2187 Σίδα]
2402 2130 2525 2173 Haud
2557 2131 2685 2174 dubie

1437 2200 1500 2234 est
1515 2192 1624 2248 §yda
1642 2192 1748 2235 Tab.
1774 2194 2101 2248 Peutingerianae
2115 2223 2126 2245 ,
2148 2192 2221 2235 ubi
2243 2192 2358 2235 locus
2372 2192 2442 2235 hic
2457 2193 2509 2236 65
2538 2194 2640 2237 mill.
2660 2209 2683 2237 a

1439 2254 1567 2296 Saleia
1586 2255 1651 2297 vel
1670 2255 1810 2297 Saldis
1827 2254 2088 2297 occidentem
2108 2269 2250 2297 versus
2278 2254 2418 2298 distat.
2444 2256 2462 2312 ΙΙ
2480 2280 2539 2289 —-
2566 2255 2684 2299 Ἰου-

1437 2316 1464 2358 λ
1482 2317 1495 2358 ί
1504 2333 1556 2359 ου
1593 2317 1713 2374 ἄκρα
1746 2320 1847 2373 Leg.
1878 2317 2043 2360 videtur
2067 2317 2161 2359 Ἷὼλ
2184 2318 2302 2374 ἄκρας
2327 2326 2437 2360 certe
2465 2318 2603 2361 locum
2629 2320 2683 2363 ad

1439 2381 1536 2435 Iol(
1552 2380 1654 2423 hod.
1682 2381 1898 2436 Cher-chel)
1917 2395 1991 2422 seu
2010 2384 2233 2423 Caesaoeam
2260 2382 2393 2422 situm'
2409 2379 2586 2424 indicari
2606 2381 2685 2425 du-

1436 2442 1554 2485 bium
1570 2458 1656 2485 non
1676 2451 1753 2486 aet.
1780 2445 1797 2499 ΙΙ
1817 2468 1874 2476 -
1888 2443 1972 2485 Ἕ6
1985 2445 2132 2500 δομος
2149 2445 2166 2501 ]
2185 2446 2321 2487 Locus
2339 2458 2424 2486 non
2442 2452 2588 2497 notus;
2607 2459 2684 2487 no-

1438 2520 1533 2547 men
1561 2515 1814 2562 suspectum.
1846 2506 2008 2560 Quodsi
2029 2506 2155 2548 Ἄκιον
2177 2515 2238 2548 est
2269 2506 2372 2548 hod.
2403 2506 2587 2557 Aschak,
2623 2508 2680 2550 uti

1436 2569 1780 2611 verisimillimum
1795 2577 1871 2621 est,
1886 2569 2085 2626 ἝΕδομος
2095 2569 2197 2611 urbs
2208 2584 2258 2611 eo
2269 2569 2361 2611 loco
2376 2567 2571 2625 ponenda
2584 2570 2679 2621 erit,

1435 2645 1520 2686 quo
1543 2630 1749 2680 Κούνουκις
1763 2631 1826 2673 vel
1849 2634 2048 2684 Gunugus
2068 2632 2131 2673 vel
2155 2631 2323 2683 Gunugi
2340 2646 2363 2672 a
2386 2630 2492 2673 Ptol.
2518 2632 2617 2674 Itin.
2639 2641 2681 2675 et

2775 2644 2782 2679 l

1435 2692 1569 2734 Plinio
1608 2693 1876 2744 collocantur,
1917 2706 1971 2735 αα
2009 2693 2094 2735 mill
2139 2701 2232 2749 post
2283 2693 2524 2735 Czrsaream.
2566 2694 2582 2748 ΙΙ
2625 2718 2682 2728 —-
2780 2685 2782 2692 ¹

1436 2752 1508 2795 Ἆκ
1522 2756 1633 2811 ιον]
1662 2755 1715 2796 ile
1739 2755 1946 2797 Asclmk?
1979 2755 2189 2810 Ψαμαθδς,
2213 2755 2265 2796 ile
2288 2754 2499 2797 Colonebi?
2516 2755 2678 2812 Βαρτάς,
2764 2787 2766 2790 -

1435 2814 1488 2857 ile
1502 2816 1664 2858 Plane?
1686 2818 1889 2859 Limus.
1918 2819 1934 2871 Η
1957 2841 2015 2849 —
2035 2817 2174 2859 Χάλκ
2188 2832 2212 2858 α
2230 2818 2244 2873 ]
2266 2817 2330 2858 Cf.
2351 2817 2494 2873 Steph.
2514 2820 2612 2875 Byz.
2637 2834 2677 2863 ν.

1433 2877 1582 2931 Χάλκη.
1607 2879 1718 2921 Situs
1747 2879 1943 2921 incertus.
1964 2878 2119 2922 Eadem
2150 2880 2404 2922 obscuritate
2432 2890 2680 2936 premuntur

1435 2941 1590 2997 Arylon
1625 2949 1667 2984 et
1693 2943 1798 2984 Mes.
1822 2942 1839 2997 ΙΙ
1863 2966 1920 2974 -
1941 2942 2092 2999 Σίγη]
2123 2943 2202 2998 σίγι
2232 2942 2378 2984 codex.
2406 2944 2462 2985 V.
2493 2943 2600 2987 Ptin.
2620 2946 2677 2998 V,

1438 3018 1485 3055 ις
1511 3004 1619 3047 Mela
1646 3018 1683 3057 ι,
1722 3005 1768 3056 5;
1793 3005 1940 3047 Strabo
1966 3007 2090 3048 XVII
2122 3021 2164 3062 p.
2195 3010 2301 3060 8293
2334 3006 2508 3049 Ptolem.
2543 3009 2620 3059 IV,
2653 3019 2678 3051 α

1433 3080 1475 3122 p.
1498 3066 1595 3109 253.
1616 3068 1699 3109 Sita
1731 3066 1830 3109 urbs
1848 3067 1902 3109 ad
1929 3068 2100 3110 iluvium
2123 3070 2429 3122 cognominem,
2451 3070 2521 3124 qui
2550 3069 2678 3112 hodie

1432 3138 1603 3172 vocatur
1628 3130 1817 3187 Taplma.
1834 3132 2063 3187 Supersunt
2083 3133 2227 3173 ruintr.
2255 3134 2270 3185 11
2291 3156 2347 3163 -
2369 3131 2408 3172 Ἄ
2423 3146 2508 3187 κρα
2529 3133 2541 3187 ]
2568 3131 2669 3175 hod.

1432 3193 1561 3235 insula
1595 3193 1813 3245 Rachgoem
1843 3194 1905 3235 vel
1936 3194 2185 3246 llarclagoun
2227 3196 2243 3248 ll
2273 3219 2328 3227 —-
2352 3194 2594 3251 μεγάλη]
2629 3210 2676 3251 gu

1431 3269 1575 3311 apogr.
1596 3255 1845 3298 Vaticanum
1861 3272 1872 3307 3
1891 3256 2185 3312 compendium
2207 3258 2319 3297 vovis
2342 3256 2494 3311 μεγάλη
2516 3258 2558 3298 in
2578 3257 2675 3302 cod.

1431 3318 1562 3360 Paris.
1580 3317 1714 3360 scriba
1743 3332 1828 3361 non
1860 3327 2068 3361 assecutus
2097 3327 2173 3361 est.
2209 3320 2401 3361 Ceterum
2437 3319 2519 3361 noli
2539 3322 2675 3376 putari

1431 3394 1620 3436 magnam
1655 3380 1773 3422 istam
1816 3380 1962 3423 urbem
1990 3382 2031 3423 in
2066 3382 2238 3423 minima
2270 3381 2344 3423 ista
2372 3381 2503 3424 insula
2536 3381 2674 3427 fuisse.

1431 3443 1577 3485 Sermo
1612 3450 1673 3484 est
1709 3441 1761 3484 de
1782 3442 1967 3485 Rusadir
1997 3442 2101 3485 urbe
2129 3456 2221 3499 quae
2252 3444 2441 3499 proxime
2472 3444 2674 3500 sequitur.

1432 3504 1523 3546 Hoc
1538 3518 1690 3547 nomen
1709 3506 1911 3561 punicum
1941 3520 2070 3560 graece
2098 3514 2159 3547 est
2178 3505 2291 3562 ἄκρα,
2313 3505 2440 3562 ἄκρος.
2464 3506 2480 3561 ΙΙ
2499 3529 2557 3538 -
2573 3506 2677 3562 Δρί·
2704 3508 2708 3510 ’

1431 3569 1629 3624 ναυπα]
1655 3569 1817 3610 Nomen
1840 3567 2006 3610 aliunde
2028 3583 2112 3611 non
2136 3576 2299 3611 notum.
2324 3568 2464 3611 Insula
2493 3577 2565 3611 aut
2594 3581 2674 3612 una
2714 3608 2720 3612 n
2752 3584 2754 3588 ‘

1430 3638 1492 3672 est
1513 3645 1562 3673 ex
1579 3631 1711 3673 tribus
1729 3632 1805 3673 illis
1839 3646 1932 3688 quae
1953 3646 2066 3674 nunc
2091 3630 2290 3674 dicuntur
2309 3630 2526 3688 Djasarin,
2562 3629 2673 3673 haud

1430 3691 1551 3747 longe
1568 3707 1590 3734 a
1607 3692 1751 3734 Malvae
1770 3694 1814 3735 ss.
1835 3694 1976 3746 ostiis;
1997 3703 2069 3737 aut
2087 3694 2219 3737 insula
2238 3694 2438 3744 Albomn,
2457 3706 2549 3749 quaa
2566 3706 2589 3735 e
2610 3706 2674 3735 ro-
2757 3697 2782 3749 ξιξ

1430 3754 1552 3809 gione
1573 3755 1756 3797 Rusadir
1773 3757 2047 3811 promontorii
2074 3757 2115 3799 in
2132 3756 2215 3799 alto
2227 3754 2351 3811 jacet.
2372 3756 2464 3798 Hoc
2481 3753 2672 3812 probabi·
2759 3768 2782 3811 γ

1432 3816 1526 3859 lius.
1552 3819 1649 3870 11-
1669 3816 1886 3873 Ἠράκλε
1905 3820 2004 3875 ιος]
2048 3816 2258 3875 Ἡρακλεία
2288 3816 2445 3868 codex;
2482 3815 2554 3859 sed
2574 3828 2670 3859 mox
2711 3831 2782 3871 ’ὦ

1441 3877 1688 3934 Ἡρακλείους
1699 3889 1787 3922 tum
1803 3882 1952 3923 iterum
1975 3879 2215 3938 Ἡράκλειαι.
2230 3878 2385 3923 Addidi
2399 3878 2422 3931 ᾗ
2438 3888 2479 3922 ct
2493 3891 2590 3922 mox
2605 3875 2670 3919 καὶ

1438 3943 1455 3996 ΙΙ
1475 3966 1531 3974 -
1555 3941 1629 3983 'Ae
1645 3943 1747 3984 ιλόκ
1761 3960 1782 3996 η
1801 3945 1814 3999 ]
1836 3944 2014 3997 ἅπινιλῦη
2035 3942 2149 3993 cod.;
2167 3957 2250 3985 em.
2270 3944 2457 3985 Gronov.
2485 3941 2501 3994 ΙΙ
2519 3940 2668 3990 -νῆ·

1433 4006 1532 4061 σοι]
1547 4008 1661 4058 νῆσος
1674 4005 1793 4061 co‹l.11
1812 4030 1867 4038 —
1882 4006 2022 4048 Verba
2044 4004 2100 4062 ἐφ’
2122 4004 2210 4061 Ἧρ.
2233 4004 2375 4057 στήλας
2390 4001 2554 4045 inclusit
2567 4000 2668 4043 Gni-
