2808 4342
92 219 289 279 (⁶⁵-⁶⁷·)

147 336 183 368 4.
223 319 334 381 Ἐγὼ
360 320 492 366 τοίνυν
515 322 681 370 πάντων
703 328 782 371 τῶν
821 330 1178 387 μνημονευθέντων
1213 351 1317 395 προο

86 387 226 450 κρίνας
257 387 549 451 Ἀρτεμίδωρον
582 391 649 437 τὸν
677 392 890 457 Ἐφέσιον,
921 398 1122 456 ἐπιτομὴν
1145 402 1223 445 τῶν
1247 400 1314 446 ἕν-

85 457 183 501 δεκα
205 455 374 516 βιὸλίων
394 461 463 502 τοῦ
482 462 824 519 μνημονευθέντος
836 466 1112 526 ἐποιησάμην,
1129 470 1316 530 προσθεὶς

84 524 155 569 καὶ
189 523 230 577 ἐξ
253 525 401 587 ἑτέρων
432 528 621 573 παλαιῶν
651 529 992 586 τὰ;ἐλλείποντα,
1020 535 1090 580 καὶ
1112 535 1185 591 τὴν
1209 538 1312 582 διαί·

42 606 64 636 5
87 609 193 654 ρεσιν
217 596 296 639 τῶν
322 595 376 640 ια’
403 596 573 658 βιὸλίων
596 598 794 661 φυλάξας,
825 602 879 651 ὡς
903 601 1072 665 μετρίαν
1099 604 1174 664 μὲν
1197 624 1311 666 γεω-

82 661 281 724 γραφίαν,
323 663 574 710 τελειότατον
622 664 665 712 δὲ
685 698 690 711 2
711 665 932 728 περίπλουν
981 672 1308 733 ἀπεργάσασθαι.

82 731 352 791 Θεασάμενος
390 732 431 777 δὲ
454 732 545 784 τοὺς
577 733 789 786 πλείστους
809 739 906 791 μτῶν
943 740 1182 798 παλαιῶν-λ
1216 744 1312 802 μηδ’

82 796 183 851 δ’λως
203 799 228 856 ἢ
254 803 320 846 ἐπ’
344 800 478 859 ὀλίγον
500 804 571 856 τ’ἧς
605 801 682 855 ἔξω
714 804 924 863 Θαλάσσης
948 809 1114 870 μνήμην
1134 829 1312 867 ποιησα-

82 867 248 929 μένους,
275 868 346 913 καὶ
384 869 535 926 ταύτην
562 872 746 934 ἀμυδρὰν
775 874 846 920 καὶ
882 880 953 932 τῆς
978 880 1168 936 ἀληθείας
1192 881 1310 945 ἀπᾴ-

20 949 57 978 Ιο
83 936 231 981 δουσαν
248 973 260 995 ,
287 936 391 982 ἰδίαν
415 940 591 997 ἐμαυτοῦ
621 943 816 1002 φροντίδα
841 944 1002 1004 θέμενος
1029 953 1097 993 τοῦ
1128 950 1309 996 ὠκεανοῦ

79 1008 148 1048 τοῦ
176 1004 277 1067 ἑῴου
301 1025 344 1051 τε
381 1006 452 1052 καὶ
487 1010 767 1073 μεσημὸρινοῦ
799 1014 950 1066 παντὸς
986 1017 1187 1079 ἑκατέρων
1226 1022 1306 1064 τῶν

79 1072 259 1135 ἠπείρων
283 1078 354 1131 τ’ῆς
377 1094 418 1120 τε
439 1077 596 1133 Λιὸύης
629 1079 699 1124 καὶ
718 1084 791 1137 τῆς
810 1082 943 1135 Ἀσίας
960 1119 971 1139 ,
992 1085 1071 1131 ἀπὸ
1094 1091 1164 1132 τοῦ
1191 1087 1307 1149 Ἀρα-

79 1140 166 1187 δίου
192 1142 344 1190 κόλπου
366 1144 490 1207 μέχρι
509 1149 588 1191 τῶν
611 1150 744 1194 Σινῶν
764 1155 834 1196 τοῦ
855 1150 1009 1209 ἔθνους,
1030 1156 1074 1199 οὗ
1098 1155 1179 1214 μὴν
1204 1156 1310 1202 ἀλλὰ

78 1212 148 1254 καὶ
171 1212 241 1256 τοῦ
265 1212 454 1275 ἑσπερίου
474 1233 516 1260 τε
548 1215 619 1261 καὶ
643 1217 827 1281 ἀρκτῴου
851 1221 1032 1267 ὠκεανοῦ
1057 1226 1137 1268 τῶν
1167 1243 1211 1269 τε
1238 1228 1309 1280 τῆς

17 1288 55 1320 15
77 1277 277 1338 Εὗρώπης
299 1284 378 1328 τῶν
399 1301 443 1329 τε
470 1287 543 1341 τῆς
566 1285 722 1343 Λιὸύης
742 1291 875 1350 μερῶν
909 1289 978 1335 τὸν
1008 1291 1231 1353 περίπλουν
1266 1295 1305 1338 ἐν

74 1349 164 1394 δυσὶ
187 1349 356 1410 βιὸλίοις
373 1353 626 1417 συνέγραψα.
699 1358 964 1416 Καταμαθὼν
990 1359 1031 1405 δὲ
1052 1361 1122 1405 καὶ
1147 1362 1305 1407 Μένιπ-

73 1435 150 1463 πον
171 1419 340 1482 μετρίαν
354 1421 429 1481 μέν
444 1441 535 1468 τινα
552 1426 633 1476 τοῖς
651 1427 960 1488 ἐντυγχάνουσιν
985 1431 1031 1474 ἐκ
1049 1432 1128 1475 τῶν
1148 1431 1306 1477 οἰκείων

74 1485 245 1546 βιὸλίων
282 1491 564 1552 παρεχόμενον
603 1493 782 1551 εἴδησιν,
819 1496 877 1554 μὴ
902 1504 1005 1542 πᾶσι
1043 1498 1084 1543 δὲ
1129 1499 1307 1562 ἀκριὸῶς

72 1554 357 1615 ἐπεξελθόντα,
369 1559 421 1604 τὰ
438 1561 678 1608 ἐλλείποντα
698 1565 872 1609 πλεῖστα
886 1564 982 1610 ὄντα
1001 1568 1209 1628 προσθεὶς,
1235 1569 1305 1614 καὶ

9 1638 49 1669 20
71 1624 285 1686 προσέτιγε
308 1626 381 1682 τὴν
405 1629 500 1690 περὶ
538 1631 555 1690 [
574 1630 696 1693 τοὺς]
726 1633 874 1684 τόπους
896 1634 966 1678 καὶ
993 1635 1063 1687 τὰς
1092 1636 1306 1698 διαιρέσεις

69 1695 150 1738 τῶν
183 1696 306 1740 ἐθνῶν
345 1698 597 1760 σαφήνειαν,
630 1699 719 1755 ἥτις
751 1701 796 1745 τὸ
833 1701 987 1748 τέλειον
1017 1707 1090 1758 τῆς
1119 1704 1305 1764 γνώσεως

69 1768 151 1814 τοῖς
180 1764 471 1825 ἐντυγχάνουσι
508 1767 704 1828 παρέχειν
749 1769 885 1825 εἴωθε,
917 1770 992 1825 τὴν
1030 1770 1185 1817 ἔκδοσιν
1224 1777 1303 1818 τῶν

69 1832 192 1891 τριῶν
216 1830 387 1892 βιὸλίων
411 1834 695 1894 ἐποιησάμην,
720 1837 793 1880 οὐκ
828 1837 1074 1898 ἀφελόμενος
1105 1843 1176 1896 τῆς
1204 1859 1303 1902 προ·

67 1894 262 1962 σηγορίοίς
283 1900 351 1945 τὸν
374 1901 534 1965 πατέρα
557 1900 734 1964 τούτων,
756 1905 848 1950 οὐδὲ
878 1907 933 1957 εἷς
956 1907 1133 1962 ἐμαυτὸν
1167 1927 1303 1968 μετα-

4 1985 44 2013 25
68 1966 222 2023 στήσας
242 1967 332 2020 τοὺς
354 1970 590 2032 ἀλλοτρίους
612 1971 758 2024 πόνους
773 2009 784 2028 ,
812 1973 952 2036 ὥσπερ
987 1976 1078 2029 οὐδὲ
1098 1981 1168 2023 τοῦ
1200 1985 1302 2023 πᾶσι

66 2038 420 2099 πεφροντισμένως
454 2038 729 2092 ἐπεξελθόντος
752 2041 1074 2106 Ἀρτεμιδώρου,
1102 2045 1207 2091 ἀλλὰ
1230 2047 1301 2099 τὰς

63 2103 141 2163 ’μὲν
177 2105 338 2159 ἐκείνων
362 2108 637 2170 προσηγορίας
666 2111 897 2173 ἐπιγράψας
920 2119 1003 2163 τοῖς
1025 2113 1219 2173 βιὸλίοις,
1247 2118 1300 2168 ὡς

62 2173 114 2219 ἂν
149 2174 276 2234 μηδὲν
301 2177 356 2227 εἷς
388 2177 478 2229 τοὺς
503 2178 662 2236 λογίους
685 2179 937 2241 ἁμαρτάνειν
974 2182 1135 2237 δοκοίην
1159 2183 1296 2241 θεοὺς,

64 2241 138 2295 τὰς
169 2242 210 2289 δὲ
242 2244 395 2289 τούτων
426 2246 624 2305 ἐπιτομὰς
655 2247 724 2292 καὶ
749 2249 979 2311 διορθώσεις
1005 2253 1085 2294 τῶν
1120 2254 1297 2311 ἐμαυτοῦ

5 2329 46 2358 30
65 2311 341 2372 ποιησάμενος
363 2314 497 2359 πόνων
534 2316 697 2378 ἐναργὲς
726 2317 965 2380 γνώρισμα,
986 2317 1091 2363 ὥστε
1118 2318 1209 2371 τοὺς
1231 2323 1298 2366 ἐν-

64 2380 340 2442 τυγχάνοντας
363 2383 488 2442 μηδὲν
507 2384 612 2443 μήτε
629 2387 708 2429 τῶν
730 2385 828 2447 παρ’
856 2387 1019 2431 ἐκείνων
1045 2390 1297 2452 συγγραφέν-

63 2468 164 2506 των,
183 2450 287 2510 μήτε
303 2454 383 2496 τῶν
401 2453 499 2514 παρ’
520 2457 638 2513 ἡμῶν
663 2455 963 2516 προστεθέντων
997 2455 1023 2512 ἢ
1049 2456 1297 2519 διορθώσεως

63 2521 280 2581 ἐπιμελοῦς
299 2520 548 2573 ἀξιωθέντων
569 2526 784 2582 ἀγνοῆσαι.

123 2605 157 2634 5.
193 2588 299 2651 Περὶ
322 2588 363 2634 δὲ
386 2594 458 2646 τῆς
482 2591 700 2652 διαφωνίας
727 2595 807 2637 τῶν
833 2593 1009 2639 σταδίων
1033 2593 1191 2656 εἴρηται
1221 2595 1294 2655 μέν

0 2671 37 2700 35
62 2674 131 2713 μοι
153 2657 224 2703 καὶ
241 2659 281 2702 ἐν
300 2661 358 2720 τῷ
377 2659 561 2722 προτέρῳ
587 2661 758 2724 βιὸλίῳ,
782 2663 824 2707 ἐν
841 2655 875 2725 ᾧ
895 2662 961 2707 τὸν
983 2662 1205 2724 περίπλουν
1225 2668 1294 2709 τοῦ

60 2725 164 2792 ἑῴου
178 2727 331 2781 παντὸς
346 2729 528 2774 ὠκεανοῦ
552 2730 806 2790 πεποίημαι·
828 2731 976 2776 κωλύει
1008 2733 1049 2777 δὲ
1079 2731 1191 2777 οὐδὲν
1223 2732 1293 2777 καὶ

58 2802 127 2842 νῦν
162 2796 230 2842 ἐπὶ
259 2798 495 2861 κεφαλαίων
535 2798 764 2852 διεξελθεῖν.
834 2800 1018 2856 Πάντες,
1051 2802 1104 2852 ὡς
1139 2802 1290 2856 εἰπεῖν,

58 2865 144 2911 ὅσοι
167 2865 390 2928 περίπλους
422 2867 631 2931 ἔγραψαν,
665 2868 758 2930 περὶ
791 2867 865 2928 μὲν
897 2868 967 2921 τὰς
989 2869 1125 2920 πόλεις
1148 2869 1218 2914 καὶ
1241 2868 1293 2913 τὰ

56 2933 191 2997 χωρία
207 2934 277 2980 καὶ
304 2936 472 2995 λιμένας
491 2935 562 2981 καὶ
582 2936 726 2992 νήσους
752 2937 778 2993 ἢ
802 2936 916 2983 οὐδὲν
939 2937 1041 2989 ὅλως
1069 2937 1095 2993 ἢ
1132 2938 1291 3000 βραχέα

0 3021 37 3050 ιο
55 3002 147 3049 τινὰ
174 3003 244 3049 καὶ
278 3004 418 3067 ῥᾳδίας
450 3008 522 3061 τῆς
554 3006 803 3068 διορθώσεως
833 3006 1052 3063 ἀξιωθῆναι
1085 3007 1289 3066 δυνάμενα

57 3071 325 3136 διεφώνησαν·
362 3074 456 3135 περὶ
491 3073 533 3119 δὲ
560 3074 638 3120 ’τὸν
674 3075 845 3138 ἀριθμὸν
878 3079 958 3120 τῶν
996 3076 1173 3121 σταδίων
1210 3079 1288 3121 τῶν

56 3143 190 3187 αὐτῶν
208 3142 365 3188 πόλεων
387 3142 458 3188 καὶ
475 3143 608 3198 νήσων
630 3144 700 3189 καὶ
719 3144 895 3205 λιμένων
915 3145 1072 3200 πολλήν
1094 3163 1183 3190 τινα
1202 3146 1288 3189 δια-

55 3209 181 3271 φορὰν
214 3210 473 3266 ἐποιήσαντο.
539 3214 633 3259 Τῶν
676 3212 753 3274 μὲν
798 3207 867 3259 οῧν
906 3214 1070 3260 κόλπων
1103 3214 1172 3259 καὶ
1210 3217 1289 3259 τῶν

56 3278 322 3340 ἀκρωτηρίων
357 3283 384 3335 ἡ
423 3281 623 3341 διαφωνία
662 3283 808 3346 σαφής·
841 3285 877 3329 οἱ
913 3282 985 3343 μὲν
1009 3283 1088 3346 γὰρ
1113 3283 1286 3339 πλησίον

0 3365 34 3403 ιε,
53 3349 127 3404 τῆς
149 3346 320 3409 ἠπείρου
336 3347 428 3400 τοὺς
443 3349 617 3402 κόλπους
635 3350 773 3396 καὶτὰ
794 3353 1027 3414 ἀκρωτήρια
1052 3352 1290 3414 περιέπλευ-

55 3433 154 3471 σαν,
192 3417 229 3460 oi
270 3414 312 3460 δὲ
350 3416 598 3478 πορρωτέρω
614 3454 625 3473 ,
677 3418 747 3463 καὶ
790 3419 856 3464 διὰ
890 3425 1009 3465 τοῦτο
1046 3420 1071 3475 ἢ
1114 3420 1285 3472 πλέονας

53 3485 80 3539 ἢ
110 3482 329 3535 ἐλάττονας
350 3484 648 3546 περιέπλευσαν
671 3487 869 3538 σταδίους·
892 3492 962 3532 τοῦ
983 3487 1024 3532 δὲ
1048 3491 1112 3533 ἐπ’
1134 3489 1287 3540 εὐθείας

110 3657 138 3707 ἓ·
154 3658 195 3705 4,
220 3654 250 3695 l.
278 3658 319 3696 6.
344 3655 582 3698 τελεώτατον
605 3656 699 3698 cod.
724 3658 870 3709 Paris.;
894 3658 1121 3700 τελεότατον
1139 3674 1280 3715 apogr.

54 3718 151 3757 Vat.
175 3717 253 3771 11—-
271 3730 337 3758 11.
355 3721 423 3759 τοῦ
442 3717 493 3759 ἓώ
512 3734 552 3760 τε
572 3719 637 3760 καὶ
655 3719 768 3772 cod.;
787 3735 867 3761 em.
886 3721 1003 3761 editt.
1030 3721 1176 3775 11—14.
1202 3725 1283 3761 τοῦ

54 3778 198 3834 ἕσπερ
216 3779 288 3819 tou
322 3795 375 3821 τε
408 3780 515 3835 καὶ]
538 3781 596 3822 sic
618 3781 763 3832 codex,
782 3782 895 3836 quod
914 3791 1056 3823 notare
1084 3797 1168 3823 om.
1190 3783 1283 3823 Mil-

52 3839 126 3890 ler,
161 3841 233 3895 qui
265 3842 426 3897 scripsit
460 3845 527 3883 τοῦ
560 3841 731 3897 ἑσπερίου
758 3843 823 3883 καὶ
845 3844 946 3899 [τοῦ]
976 3843 1162 3900 ἀρκτῴου.
1190 3845 1207 3899 Η
1228 3868 1286 3876 —-·

55 3906 124 3943 26.
139 3905 457 3959 πεφροντισμένος
474 3919 615 3960 apogr.
633 3907 729 3946 Vat.
755 3907 769 3960 Η
783 3930 838 3936 -
855 3907 923 3947 33.
944 3905 1017 3954 ἀξι
1032 3923 1063 3946 ω
1074 3907 1092 3946 0
1103 3907 1218 3947 έντω
1230 3908 1280 3962 ν]

54 3964 194 4007 Scriba
209 3965 303 4006 cod.
323 3968 418 4008 Vat.
435 3967 542 4008 hanc
562 3982 702 4009 vocem
726 3968 1057 4024 compendiosius
1080 3977 1282 4034 exaratam

52 4025 147 4081 legit
167 4026 395 4084 ἀξιολόγων.

893 227 1167 275 EPITOME
1205 231 1443 280 PERIPLI
1478 236 1782 286 MENlPPEl.
2529 264 2615 302 567

1445 347 1485 392 4.
1515 346 1604 399 Ego
1624 346 1748 400 igitur
1766 349 2076 392 Artemidorum
2091 345 2315 408 Ephesium
2330 361 2474 401 ceteris
2486 364 2618 404 omni·

1386 410 1462 452 bus
1483 413 1608 455 modo
1627 418 1864 458 memoratis
1885 419 2103 474 praeserens
2118 453 2129 472 ,
2156 423 2349 478 undecim
2370 429 2446 470 viri
2467 444 2612 487 supra·

1385 477 1483 520 dicti
1507 480 1707 524 librorum
1730 485 1935 540 epitomen
1969 487 2067 539 seci,
2094 493 2301 534 nonnullis
2329 509 2420 550 quae
2451 498 2611 541 deside-

1383 555 1529 589 rantur
1546 564 1595 590 ex
1619 559 1802 593 veterum
1823 553 1910 594 aliis
1931 553 2096 609 adjectis
2109 589 2121 608 ,
2152 569 2390 616 servataque
2411 563 2612 610 divisione

1385 614 1575 657 undecim
1594 617 1794 661 librorum
1809 652 1820 670 ,
1847 621 1950 663 adeo
1966 632 2011 664 ut
2026 628 2312 683 geographiam
2338 631 2507 686 quidem
2529 648 2613 676 me·

1383 680 1564 724 diocrem
1579 715 1590 734 ‚
1622 686 1962 740 perfectissimum
1986 706 2083 734 vero
2101 695 2305 751 periplum
2334 698 2609 744 exhibuerim.

1382 750 1731 795 Anirnadvertens-
1751 770 1877 810 porro
1917 768 2095 801 veterum
2122 762 2336 819 plerosque
2361 774 2431 807 aut
2458 767 2612 810 nullam

1382 818 1553 860 omnino
1571 828 1642 860 aut
1661 821 1852 864 leviorem
1876 826 2017 867 saltem
2039 829 2161 869 maris
2178 833 2336 873 externi
2359 835 2612 879 mentionem

1381 883 1522 925 fecisse
1537 917 1546 935 ,
1584 901 1754 943 eamque
1790 890 2006 934 obscuram
2050 894 2276 938 admodum
2313 908 2352 939 et
2384 915 2407 941 a
2443 904 2611 947 veritate

1380 952 1574 995 absonam
1587 986 1597 1005 ,
1627 959 1794 1013 propria
1812 974 1900 1001 mea
1921 976 2018 1003 cura
2033 970 2073 1004 et
2091 964 2311 1019 diligentia·
2328 971 2451 1010 totius
2467 973 2608 1014 oceani

1380 1016 1586 1064 orienfilis
1601 1033 1641 1066 et
1657 1028 1933 1070 meridionalis
1949 1033 2160 1087 utriusque
2179 1037 2441 1089 continentis,
2461 1040 2608 1083 Asricae

1378 1098 1418 1130 et
1437 1092 1567 1143 Asiae,
1592 1107 1615 1133 a
1638 1087 1731 1135 sinu
1760 1097 1937 1143 Arabico
1965 1113 2094 1154 usque
2117 1100 2169 1142 ad
2199 1103 2388 1144 Sinarum
2419 1116 2604 1161 gentem,

1379 1161 1603 1214 quinetiam
1637 1167 1778 1207 oceani
1805 1170 2065 1212 occidentalis
2088 1181 2128 1214 et
2154 1177 2479 1230 septentrionalis
2517 1193 2608 1235 par-

1379 1233 1562 1289 tiumque
1584 1239 1760 1294 Europae
1781 1250 1821 1282 et
1843 1242 1991 1285 Afrieae
2013 1246 2215 1301 periplum
2237 1247 2401 1291 duobus
2424 1253 2466 1292 in
2493 1252 2606 1295 libris

1377 1308 1613 1361 conscripsi.
1675 1311 1864 1366 Denique
1878 1328 2007 1368 quum
2021 1317 2263 1373 Menippum
2279 1334 2443 1376 quoque
2455 1323 2608 1367 medio-

1377 1391 1486 1418 crem
1499 1379 1677 1434 aliquam
1693 1383 1777 1423 suis
1798 1398 1820 1423 e
1836 1383 1950 1425 libris
1971 1386 2156 1428 locorum
2179 1392 2367 1432 notitiam
2387 1393 2606 1437 lectoribus

1376 1449 1674 1502 exhibere,‚sed
1696 1468 1782 1494 non
1802 1456 1939 1496 omnia
1954 1455 2169 1511 diligenter
2188 1463 2376 1516 persequi
2397 1467 2606 1517 cognovis-

1375 1537 1460 1563 sem
1486 1537 1496 1564 ε
1518 1525 1604 1581 ipse
1629 1526 1784 1567 addens
1806 1542 1897 1582 quae
1918 1529 2141 1572 desiderari
2163 1533 2246 1574 visa
2278 1544 2374 1576 sunt
2400 1536 2576 1591 plurima
2590 1570 2601 1590 ,

1376 1596 1542 1650 insuper
1571 1605 1611 1637 et
1643 1600 1988 1654 perspicuitatem,
2018 1617 2108 1658 quae
2131 1604 2356 1658 legentibus
2384 1608 2604 1662 perfectam

1374 1670 1682 1722 cognititionem
1713 1687 1856 1727 parare
1890 1675 2005 1726 solet,
2036 1677 2078 1717 in
2111 1677 2298 1719 locorum
2331 1679 2604 1736 descriptione

1374 1743 1638 1797 gentiumque
1666 1743 1890 1797 divisione,
1925 1748 2051 1789 trium
2079 1750 2263 1805 Menippi
2295 1752 2494 1794 librorum
2516 1754 2602 1795 edi-

1376 1812 1525 1853 tionem
1544 1814 1618 1854 feei
1633 1846 1644 1863 ‚
1663 1818 1819 1856 auctori
1839 1832 1982 1859 eorum
1997 1833 2255 1875 nequaquam
2278 1824 2455 1863 nominis
2471 1824 2602 1866 hono·

1373 1899 1461 1925 rem
1472 1888 1647 1941 eripiens
1666 1904 1798 1944 neque
1813 1891 1855 1930 in
1874 1905 1937 1931 me
1951 1893 2086 1947 ipsum
2104 1893 2278 1934 aliorum
2298 1894 2456 1937 labores
2473 1905 2603 1939 trans·

1374 1958 1505 1998 ferens
1546 1961 1563 2012 (
1591 1961 1710 2002 sicuti
1747 1977 1881 2017 neque
1927 1964 2183 2006 Artemidori
2229 1976 2416 2009 accurate
2464 1971 2603 2011 omnia

1372 2031 1574 2083 persecuti
1598 2046 1750 2072 nomen
1773 2034 1815 2073 in
1832 2035 2008 2089 epitome
2029 2034 2116 2089 ejus
2144 2039 2398 2092 suppressi),
2423 2039 2493 2081 sed
2514 2041 2603 2083 illo-

1370 2115 1464 2141 rum
1488 2102 1656 2156 quidem
1675 2105 1844 2144 nomina
1862 2105 1977 2145 libris
2000 2107 2210 2161 praefigens
2224 2138 2236 2157 ,
2254 2117 2300 2148 ut
2318 2110 2419 2150 nihil
2437 2125 2603 2165 peccare

1370 2173 1532 2214 viderer
1569 2176 1612 2214 in
1648 2175 1745 2215 deos
1777 2178 1978 2217 sermonis
2012 2179 2224 2232 praesides,
2267 2182 2463 2235 epitomas
2504 2199 2601 2225 vero

1369 2247 1519 2286 horum
1559 2255 1599 2286 et
1635 2247 1941 2288 emendationes
1975 2251 2131 2304 proprii
2167 2250 2317 2292 laboris
2349 2252 2599 2301 luculentum

1370 2318 1520 2358 faciens
1540 2328 1853 2372 argumentum;
1883 2320 1986 2361 adeo
2009 2330 2055 2362 ut
2075 2322 2178 2362 nihil
2199 2324 2409 2379 quippiam
2432 2326 2599 2368 lectores

1367 2390 1522 2439 lateret,
1545 2405 1678 2444 neque
1705 2405 1850 2432 eorum
1871 2406 1961 2445 quae
1983 2392 2034 2432 ab
2057 2393 2132 2432 illis
2152 2396 2382 2449 conscripta
2404 2397 2499 2447 sint,
2526 2413 2597 2439 ne-

1366 2475 1447 2515 que
1464 2475 1610 2501 eorum
1627 2476 1717 2516 quae
1735 2477 1810 2502 nos
1824 2462 1884 2502 vel
1896 2462 2176 2504 addiderimus
2190 2464 2251 2504 vel
2264 2475 2450 2507 accurate
2461 2482 2597 2509 emen-

1369 2532 1465 2574 data
1483 2534 1630 2574 melius
1650 2536 1898 2575 constituere
1913 2535 2177 2577 voluerimus.

1423 2603 1462 2644 5.
1494 2607 1556 2644 De
1574 2605 1865 2660 discrepantia,
1898 2620 1989 2659 quae
2019 2607 2126 2647 circa
2154 2606 2380 2648 stadiorum
2401 2625 2595 2652 numeros

1364 2671 1476 2726 apud
1497 2681 1682 2713 auctores
1705 2672 2042 2727 deprehenditur,
2064 2688 2312 2729 quamquam
2323 2675 2409 2730 jam
2438 2677 2524 2717 dixi
2552 2679 2593 2718 in

1363 2739 1502 2792 priore
1531 2755 1680 2795 opere,
1716 2740 1788 2780 ubi
1817 2740 2023 2795 periplum
2060 2742 2186 2781 totius
2220 2744 2361 2783 oceani
2384 2745 2591 2786 orientalis

1363 2807 1594 2860 composui,
1618 2807 1721 2846 nihil
1740 2815 1875 2847 tamen
1891 2807 2039 2858 obstat,
2059 2810 2279 2863 quominus
2298 2825 2410 2852 nunc
2428 2827 2593 2868 quoque

1363 2887 1522 2914 summa
1549 2867 1835 2928 perstringam.
1894 2875 2058 2914 Etenim
2090 2877 2342 2931 periplorum
2375 2881 2592 2934 scriptores

1362 2949 1523 2981 tantum
1548 2956 1632 2982 non
1663 2956 1805 2982 omnes
1827 2943 1934 2982 circa
1954 2942 2074 2983 urbes
2097 2944 2263 2997 quidem
2285 2954 2325 2986 et
2347 2948 2529 3000 regiones
2551 2959 2590 2989 et

1362 3016 1505 3062 portus
1524 3017 1564 3049 et
1582 3008 1732 3049 insulas
1762 3018 1833 3050 aut
1859 3010 1962 3050 nihil
1982 3011 2151 3050 omnino
2180 3020 2251 3051 aut
2282 3014 2324 3051 in
2344 3015 2482 3066 paucis
2503 3017 2592 3068 qui-

1363 3076 1534 3117 busdam
1557 3086 1597 3117 et
1629 3092 1719 3131 quae
1741 3076 2069 3117 emendationem
2093 3077 2206 3117 facile
2238 3078 2470 3130 admittant,
2509 3082 2590 3122 dis-

1361 3153 1594 3194 senserunt;
1630 3144 1682 3183 de
1713 3143 1940 3184 stadiorum
1985 3152 2121 3184 autem
2155 3158 2328 3185 numero
2365 3148 2588 3190 earundem

1360 3212 1543 3261 urbium,
1576 3211 1818 3261 insularum,
1843 3219 2059 3265 portuum,
2099 3212 2274 3252 multum
2297 3227 2320 3253 a
2340 3227 2381 3253 se
2412 3214 2586 3257 invicem

1360 3279 1660 3335 disereparunt.
1717 3280 1809 3318 Jam
1841 3292 1937 3318 vero
1969 3277 2040 3318 ubi
2070 3277 2122 3318 de
2140 3279 2311 3320 sinubus
2330 3288 2371 3321 et
2390 3295 2587 3335 promon-

1359 3349 1474 3390 toriis
1492 3348 1639 3401 agitur,
1661 3346 1932 3401 discrepantia
1951 3347 2025 3387 ista
2042 3346 2198 3387 facilem
2215 3349 2336 3389 habet
2353 3350 2577 3405 explicatio·

1358 3431 1478 3466 nem;
1507 3414 1693 3455 videlicet
1715 3413 1780 3453 alii
1798 3414 1988 3468 propius,
2026 3414 2091 3454 alii
2126 3414 2286 3468 longius
2305 3431 2328 3457 a
2347 3420 2583 3460 continente

1359 3487 1470 3527 sinus
1508 3492 1548 3524 et
1585 3484 1865 3538 promontoria
1904 3484 2304 3537 circumnavigarunt
2317 3501 2328 3535 3
2364 3500 2487 3540 quam
2529 3489 2583 3529 ob

1411 3661 1432 3710 S
1453 3662 1494 3706 5,
1512 3657 1539 3697 l.
1563 3657 1614 3705 34
1628 3670 1717 3710 sqq.
1743 3657 1840 3706 Haec
1856 3655 1991 3710 paullo
2012 3655 2226 3710 abruptius
2244 3656 2577 3698 introducuntur.

1355 3722 1507 3762 Ansam
1523 3717 1808 3772 disputationis
1827 3715 1940 3757 dedit
1955 3716 2205 3758 Artemidori
2225 3727 2263 3758 et
2279 3718 2458 3771 Menippi
2473 3719 2581 3759 circa

1354 3783 1538 3823 locorum
1560 3780 1770 3820 distantias
1789 3779 2009 3820 dissensus.
2031 3779 2255 3820 De‘eadem
2286 3794 2329 3819 re
2347 3780 2580 3820 Marcianus

1354 3851 1570 3885 monuerat
1583 3843 1625 3882 in
1640 3842 1765 3882 Maris
1781 3842 1907 3882 exteri
1924 3841 2070 3896 peripl.
2092 3843 2125 3890 I,
2147 3854 2188 3881 2.
2211 3841 2228 3894 Η
2247 3842 2371 3893 -—37.
2395 3840 2455 3881 ἐπὶ
2471 3855 2581 3895 κεφα·

1353 3906 1452 3962 λαίῳ
1474 3904 1585 3955 cod.;
1610 3903 1828 3945 dicendum
1846 3911 1916 3944 aut
1938 3902 1975 3943 ἐν
1995 3902 2188 3958 κεφαλαίῳ
2206 3911 2276 3943 aut
2298 3901 2359 3943 ἐπὶ
2373 3902 2581 3958 κεφαλαίου

1355 3982 1424 4008 seu
1442 3966 1655 4007 κεφαλαίων
1679 3967 1695 4018 (
1715 3966 1771 4005 uti
1795 3973 1853 4004 est
1874 3965 1913 4003 in
1938 3965 2083 4018 peripl.
2104 3978 2160 4004 m.
2181 3971 2264 4003 ext.
2285 3965 2345 4012 11,
2380 3962 2478 4018 46).
2494 3965 2576 4005 Oc·

1357 4009 1600 4070 cur1·it⁵sane
1630 4029 1670 4067 in
1690 4027 1805 4067 editt.
1829 4027 1998 4066 Aristot.
2031 4025 2127 4066 Eth.
2148 4027 2202 4074 Π,
2234 4039 2257 4078 7
2278 4024 2339 4066 ἐπὶ
2365 4024 2573 4082 κεφαλαίῳ,
