2808 4342
57 186 170 248 (⁷·⁹·)

122 306 178 337 21.
214 286 312 334 Ἀπὸ
335 284 378 332 δὲ
402 282 598 348 Ἁρμένης
623 285 678 336 εἷς
699 281 895 340 Σινώπην
910 317 922 340 ,
944 281 1159 339 Μιλησίων
1181 282 1300 329 ἄποι-

58 379 127 406 κον
143 395 156 420 ,
191 357 336 404 στάδια
372 355 430 417 μ’,
463 353 582 413 μίλια
627 354 676 414 ε’,
722 352 774 415 γ’.
842 355 990 400 Κεῖται
1025 353 1067 399 δὲ
1107 352 1175 399 ἐπὶ
1212 355 1292 399 τῶν

61 430 196 493 ἄκρων
219 426 355 483 νησίον
371 462 384 485 ,
407 423 428 470 ὃ
451 426 638 470 καλεῖται
666 423 892 475 Σκόπελος.
962 420 1088 485 Ἔχει
1112 421 1154 468 δὲ
1181 421 1292 468 διέκ-

59 499 184 543 πλουν
202 501 284 546 τοῖς
309 493 497 540 ἐλάττοσι
521 492 692 545 πλοίοις·
725 491 778 537 τὰ
812 491 853 536 δὲ
879 490 1046 552 μείζονα
1081 491 1294 554 περιπλεῖν

13 583 34 613 5
59 567 133 622 δεῖ,
147 562 332 611 καὶοῦτω
342 562 550 626 καταίρειν
564 565 619 614 εἰς
631 560 706 617 τὴν
716 559 850 608 πόλιν.
918 559 1015 607 Εἰσὶ
1032 558 1073 604 δὲ
1086 562 1168 611 τοῖς
1183 577 1296 621 περι-

57 633 226 681 πλέουσι
244 633 318 689 τὴν
341 636 462 688 νῆσον
478 630 639 683 πλείους
656 629 772 676 ἄλλοι
788 627 944 675 στάδιοι
961 627 1024 689 μ’,
1044 628 1161 688 μίλια
1175 627 1221 686 ε’,
1237 627 1293 689 γ’.

123 720 180 750 22.
220 702 389 758 Σινώπη
415 703 456 748 δὲ
478 699 690 760 ἐπώνυμός
716 701 803 745 ἐστι
827 705 921 758 μιᾶς
945 699 1025 743 τῶν
1047 697 1295 758 Ἀμαζόνων,

65 766 154 834 [ὧν
177 773 194 835 ]
217 771 388 829 πλησίον
414 769 526 832 [τὸ]
550 769 702 834 χωρίον
717 803 728 824 ,
748 766 799 824 ἥν
817 785 915 813 ποτε
937 766 1010 827 μὲν
1031 764 1161 830 ᾤκουν
1181 767 1295 826 εὖγε-

58 848 137 895 νεῖς
164 841 273 894 ὄντες
296 840 459 903 Σύριοι,
488 838 593 899 μετὰ
612 842 742 883 ταῦτα
766 836 834 897 δὲ,
865 838 919 888 ὡς
946 834 1133 897 λέγουσιν
1150 870 1163 893 ,
1190 835 1294 883 Ἑλ-

0 928 37 957 10
58 911 192 968 λήνων
209 910 297 956 ὅσοι
321 911 385 955 ἐπ’
409 907 636 969 Ἀμαζόνας
660 907 874 964 διέὸησαν,
901 904 1136 958 Αὐτόλυκός
1158 924 1202 951 τε
1225 906 1295 951 καὶ

59 967 131 1027 σὺν
165 980 380 1035 Δηϊλέοντι
422 978 630 1040 Φλόγιος,
671 976 783 1029 ὄντες
821 974 1048 1023 Θετταλοί.
1115 974 1296 1023 Ἔπειτα

58 1048 288 1112 Ἁὸρώνδας
310 1048 415 1110 γένει
440 1047 657 1103 Μιλήσιος·
689 1046 768 1092 ὑπὸ
792 1044 1035 1107 Κιμμερίων
1059 1044 1125 1107 [δ’
1146 1046 1164 1106 ]
1185 1038 1298 1097 οὗτος

60 1121 311 1182 ἀναιρεῖσθαι
335 1120 458 1164 δοκεῖ·
496 1116 601 1177 μετὰ
638 1115 891 1179 Κιμμερίους
925 1117 1071 1178 Κῷος,
1095 1115 1220 1160 πάλιν
1256 1115 1298 1160 δὲ

64 1189 285 1252 Κρητίνης,
304 1191 340 1234 οἳ
353 1187 563 1249 γενόμενοι
583 1187 757 1250 φυγάδες
775 1189 856 1232 τῶν
877 1183 1113 1240 Μιλησίων.
1170 1177 1298 1231 Οὗτοι

0 1272 38 1303 15
63 1258 104 1304 δὲ
125 1257 413 1311 συνοικίζουσιν
439 1254 591 1314 αὖτὴν,
631 1256 752 1312 ἡνίκα
787 1259 808 1301 ὃ
842 1252 1088 1317 Κιμμερίων
1126 1253 1299 1318 στρατὸς

59 1326 295 1389 κατέδραμε
314 1325 388 1382 τὴν
405 1324 563 1372 Ἀσίαν.

123 1411 180 1444 23.
219 1395 319 1442 Ἀπὸ
354 1393 395 1439 δὲ
428 1393 620 1448 Σινώπης
654 1396 708 1446 εἷς
746 1393 938 1456 Εὔαρχον
972 1392 1189 1454 ποταμὸν,
1219 1391 1299 1448 ἤδη

62 1463 229 1526 Εὔηχον
261 1463 493 1524 λεγόμενον,
517 1463 665 1508 στοίδια
694 1462 756 1524 π’,
785 1463 900 1525 μίλια
930 1461 970 1520 ι’,
991 1461 1104 1515 ,ε’ς’.
1172 1455 1301 1514 Οὗτος

64 1537 85 1580 ὃ
106 1532 296 1596 Εὔαρχος
321 1531 508 1591 ποταμὸς
545 1533 670 1594 ὁρίζει
703 1534 777 1588 τὴν
804 1533 1101 1597 Παφλαγονίαν
1122 1532 1192 1578 καὶ
1228 1531 1301 1587 τὴν

0 1622 42 1652 20
65 1603 266 1666 ἐχομένην
319 1601 626 1650 Καππαδοκίαν
649 1615 659 1625 ·
715 1604 752 1646 οἱ
802 1602 973 1647 παλαιοὶ
1024 1603 1041 1662 [
1060 1601 1139 1663 γὰρ
1159 1599 1176 1663 ]
1228 1601 1301 1656 τὴν

66 1671 378 1719 Καππαδοκίαν
409 1669 604 1726 καθήκειν
633 1669 846 1732 βούλονται
871 1669 996 1732 μέχρι
1020 1674 1089 1715 τοῦ
1111 1668 1303 1727 Εὐξείνου

65 1740 242 1789 Πόντου·
265 1740 368 1793 τινὲς
391 1737 433 1785 δὲ
451 1739 594 1791 αὐτοὺς
613 1737 895 1800 Λευκοσύρους
918 1738 1132 1783 ἐκάλεσαν·
1153 1738 1239 1783 νυνὶ
1262 1737 1304 1783 δὲ

67 1811 172 1872 μετὰ
195 1810 269 1867 τὴν
291 1807 588 1872 Παφλαγονίαν
611 1807 664 1853 τὰ
685 1806 863 1870 ἐχόμενα
889 1807 1013 1869 μέχρι
1031 1810 1110 1852 τῶν
1138 1807 1303 1870 βαρὸα-

68 1883 189 1944 ρικῶν
226 1878 345 1941 ὁρίων
382 1878 493 1929 ἷδίως
525 1877 684 1928 Πόντος
709 1879 898 1922 καλεῖται
918 1892 929 1904 ·
958 1875 1150 1940 διῄρηται
1184 1876 1227 1922 δὲ
1251 1880 1306 1929 εἷς

3 1965 44 1996 25
67 1950 267 2014 ἐπαρχίας
288 1949 372 1997 δύο.

130 2037 184 2067 24.
219 2019 320 2067 Ἀπὸ
340 2020 382 2065 δὲ
401 2019 596 2082 Εὖοίρχου
615 2020 803 2077 ποταμοῦ
825 2018 879 2068 εἷς
904 2015 1125 2079 Κάρουσαν
1139 2051 1150 2073 ,
1174 2016 1302 2078 ἐμπό-

70 2109 152 2154 ριον
176 2089 246 2136 καὶ
261 2089 409 2150 λιμένα
426 2090 507 2140 τοῖς
525 2089 595 2147 ἀφ’
618 2084 792 2149 ἑσπέρας
819 2084 1007 2144 ἀνέμοις,
1034 2088 1196 2149 πρῶτον
1220 2089 1305 2133 Πο-

67 2160 221 2222 λίχνιον
258 2157 582 2220 ὠνομασμένον,
611 2156 757 2201 στάδια
781 2155 832 2212 ο’,
867 2155 984 2215 μίλια
1008 2154 1056 2212 θ’,
1090 2153 1142 2216 γ’.
1208 2154 1308 2201 Ἀπὸ

74 2229 117 2276 δὲ
140 2229 359 2292 Καρούσας
397 2231 450 2280 εἷς
486 2224 815 2289 Γουρζούὸανθον
840 2224 987 2269 στάδια
1020 2224 1069 2280 ξ’,
1105 2223 1222 2284 μίλια
1252 2224 1308 2280 η’.

5 2315 49 2346 30
71 2297 170 2347 Ἀπὸ
189 2299 230 2343 δὲ
252 2295 583 2361 Γουρζουὸοίνθου
608 2295 664 2345 εἷς
685 2292 878 2356 Ζάγωρον
902 2291 1052 2354 χωρίον
1071 2328 1084 2351 ,
1108 2291 1188 2349 ἤδη
1213 2295 1308 2339 Κα-

73 2367 248 2418 λίππους
283 2366 501 2427 λεγόμενον
518 2399 530 2421 ,
562 2364 709 2408 στάδια
749 2362 821 2424 ρν’,
845 2363 963 2422 μίλια
1004 2362 1058 2407 κ’.
1128 2361 1228 2409 Ἀπὸ
1267 2362 1309 2408 δὲ

72 2436 273 2500 Ζαγώρου
298 2438 352 2487 εἷς
385 2435 576 2490 Ζοίληκον
591 2471 603 2491 ,
625 2431 813 2492 ποταμὸν
835 2432 906 2477 καὶ
929 2430 1073 2492 κώμην
1098 2430 1308 2491 ἀλίμενον,

73 2506 222 2552 στάδια
246 2505 298 2567 ζ’,
333 2504 450 2565 μίλια
484 2502 552 2565 ιβ’.
618 2501 719 2548 Ἀπὸ
750 2500 791 2546 δὲ
825 2500 1019 2557 Ζαλήκου
1042 2505 1230 2561 ποταμοῦ
1256 2503 1311 2553 εἷς

77 2576 201 2622 Ἅλυν
224 2574 411 2636 ποταμὸν
431 2572 592 2619 πλωτὸν
614 2571 762 2616 στάδια
783 2571 852 2629 σι’,
871 2571 988 2631 μίλια
1012 2570 1095 2627 κη’.

7 2663 52 2693 35
129 2661 194 2691 25.
232 2638 364 2696 Οῧτος
394 2641 556 2694 ὁἍλυς
583 2641 770 2702 ποταμὸς
802 2643 934 2688 πάλαι
956 2641 1029 2702 μὲν
1050 2642 1140 2705 ὅρος
1168 2636 1217 2699 ἦν
1241 2646 1313 2699 τῆς

75 2714 253 2778 Κροίσου
274 2712 483 2776 βασιλείας
499 2711 570 2758 καὶ
591 2715 663 2767 τῆς
680 2713 870 2774 Περσῶν,
889 2715 957 2757 νῦν
978 2710 1020 2757 δὲ
1037 2711 1116 2758 ὑπὸ
1135 2714 1184 2773 τῇ
1205 2711 1312 2757 Ῥω-

77 2786 209 2843 μαίων
233 2782 474 2846 ἐπικρατείᾳ
497 2781 599 2845 ῥέει,
622 2783 696 2827 οὐκ
713 2780 794 2826 ἀπὸ
816 2780 1079 2844 μεσημὸρίας
1098 2817 1109 2838 ,
1133 2784 1187 2833 ὡς
1203 2780 1314 2843 λέγει

77 2852 315 2916 Ἡρόδοτος,
349 2854 440 2897 ἀλλ’
481 2850 563 2897 ἀπὸ
599 2851 836 2914 ἀνίσχοντος
872 2850 1007 2907 ἡλίου.
1080 2851 1233 2898 Καθότι
1271 2851 1314 2897 δὲ

77 2923 286 2969 εἷσὸοίλλει
305 2924 360 2975 εἷς
375 2922 442 2967 τὸν
460 2921 641 2977 Πόντον,
661 2921 783 2984 ὁρίζει
803 2919 854 2966 τὰ
875 2919 1098 2967 Σινωπέων
1116 2920 1186 2966 καὶ
1204 2920 1313 2981 Ἀμι-

18 3009 59 3039 40
79 2996 212 3049 σηνῶν
236 2994 348 3055 ἔργα·
372 2990 589 3054 τριακόσια
613 2990 656 3036 δὲ
676 2990 822 3035 στάδια
847 2990 1014 3054 ἀπέχων
1033 2994 1105 3046 τῆς
1126 2990 1314 3051 Ἀμισοῦ,

85 3062 234 3122 μεταξὺ
266 3061 411 3124 Σύρων
434 3080 477 3107 τε
501 3060 572 3107 καὶ
596 3059 885 3123 Παφλαγόνων
905 3059 1125 3123 φερόμενος
1159 3062 1215 3113 εἷς
1248 3059 1316 3106 τὸν

82 3132 236 3179 Πόντον
258 3132 417 3186 ἔξεισιν.
990 3142 995 3147 ’

84 3303 189 3343 rian.
211 3303 263 3345 50
275 3305 473 3345 Marcian.
492 3305 599 3344 Dein
618 3303 702 3359 μίλ.
723 3302 750 3343 ι’
762 3303 908 3344 codex.
937 3305 953 3359 11
972 3328 1027 3340 -v-
1044 3307 1113 3354 40.
1143 3303 1260 3359 Ὀχθ
1275 3320 1296 3345 o
1309 3328 1323 3337 ·

89 3380 174 3419 μαν
188 3362 211 3415 ὴ
227 3366 268 3420 ς]
294 3364 537 3419 Ὀχοσὸάνης
553 3367 772 3417 Marcian.;
795 3365 1019 3422 Ὀχέραινος
1040 3367 1183 3422 Scylax
1206 3371 1229 3420 S
1252 3369 1321 3422 89,

88 3442 130 3481 p.
158 3430 226 3475 66,
254 3427 327 3467 ubi
353 3426 438 3468 vid.
462 3435 552 3467 not.
891 3423 895 3428 ’

147 3492 168 3541 S
197 3493 266 3539 22,
287 3489 315 3529 l.
338 3505 378 3543 9.
400 3490 565 3531 Inclusa
585 3490 720 3545 suppl.
743 3489 934 3531 Meineke
964 3491 1015 3531 ad
1038 3493 1204 3547 Scymn.
1225 3497 1323 3548 942,

89 3550 163 3590 ubi
179 3548 287 3591 vide.
311 3551 471 3591 Deinde
497 3551 544 3604 ἣν
562 3551 656 3593 ποτὲ
690 3550 756 3606 μὲν
777 3551 821 3592 τὸ
844 3552 929 3607 πρὶν
950 3553 1076 3608 ᾤκουν
1092 3554 1206 3605 cod.;
1230 3555 1326 3597 dein

90 3613 167 3666 leg.
191 3612 384 3667 ἐγγενεῖςὶ)
405 3614 493 3667 11-
509 3627 572 3654 11.
598 3612 635 3661 ἐξ
659 3612 877 3669 Ἀμαζόνων
899 3613 1011 3664 cod.;
1034 3630 1114 3656 em.
1130 3617 1324 3660 Hudson.

90 3682 131 3714 ct
153 3674 379 3715 Fabricius.
414 3676 521 3714 Dein
551 3690 591 3716 τε
614 3675 680 3716 καὶ
700 3675 916 3716 Συνδιλεών
942 3676 1054 3727 cod.;
1076 3692 1157 3718 em.
1186 3678 1283 3721 edd.
1307 3681 1323 3735 Η

97 3737 161 3777 13.
195 3735 434 3792 ’Λμὸρώντας
461 3736 573 3787 cod.;
601 3752 683 3778 em.
704 3738 907 3779 Meineke.
939 3739 955 3793 ll
979 3763 1036 3770 —
1056 3739 1120 3780 15.
1154 3741 1330 3796 Κριτίνης

91 3796 206 3848 cod.;
231 3812 312 3839 em.
334 3798 538 3848 Meineke,
558 3800 630 3853 qui
653 3798 802 3840 deinde
822 3801 838 3853 (
859 3799 970 3855 apud
996 3809 1159 3855 poetam
1181 3811 1292 3845 certe
1311 3804 1325 3860 )

95 3858 220 3900 fuisse
252 3868 369 3916 putat
403 3860 500 3916 ὁρῶν
544 3860 642 3902 Μιλ.
677 3863 755 3916 pro
790 3864 858 3902 τοῦ
893 3863 910 3915 (
929 3866 1005 3903 τῶν
1046 3878 1127 3906 em.
1166 3864 1283 3907 editt.
1312 3869 1329 3921 )

94 3920 191 3962 Μιλ.
1137 3952 1140 3955 >

153 3986 262 4036 §2:3,
304 3997 369 4038 19.
404 3984 502 4041 μιλ.
545 3984 620 4036 ις’,
638 3984 726 4042 ι’γ’
755 3986 848 4028 cod.
877 3989 1078 4030 Arrianus
1095 3991 1332 4033 Euarchum

95 4059 180 4086 non
199 4055 416 4089 memorat.
443 4049 462 4104 ss
482 4073 540 4080 —
569 4061 636 4091 20.
670 4048 690 4089 ὁ
716 4047 891 4105 Εὔαρχος
922 4049 1073 4103 πολλὴν
1106 4052 1223 4108 ὁρίζει
1252 4054 1332 4094 Πα-

950 181 1088 227 PERI
1096 179 1242 227 PLUS
1277 179 1451 227 PONTl
1490 178 1721 226 EUXINI.

2506 197 2595 237 407

1418 301 1488 330 21.
1523 287 1589 330 Ab
1612 290 1789 330 Armene
1803 285 1855 327 ad
1874 287 2053 341 Sinopen
2068 317 2079 336 ‚
2099 287 2356 330 Milesiorum
2379 292 2596 348 coloniam,

1362 348 1493 390 stadia
1522 351 1592 399 40,
1634 347 1746 388 milia
1781 346 1802 387 5
1836 351 1871 398 ᾗ.
1932 345 1998 387 Ad
2031 348 2305 389 extremitates
2332 349 2439 403 jacet
2472 354 2601 399 insula

1362 422 1511 464 parva,
1557 408 1751 463 Scopelus
1786 407 2012 457 nominata,
2047 422 2139 462 quae
2177 410 2395 451 transitum
2433 414 2601 466 quidem

1362 469 1519 524 praebet
1549 469 1783 510 minoribus
1807 469 2000 522 navigiis,
2027 468 2098 508 sed
2121 468 2276 523 majora
2297 470 2404 512 illam
2425 475 2602 520 circum-

1364 531 1556 584 navigare
1587 537 1750 586 oportet
1766 560 1777 579 ,
1799 537 1839 569 et
1868 530 1924 569 sic
1940 528 1991 569 ad
2023 530 2167 571 urbem
2188 531 2405 586 appellere.
2423 535 2602 578 Insulam

1364 590 1810 645 circumnavigantibus
1839 589 1917 631 alia
1946 590 2119 646 amplius
2140 591 2269 632 stadia
2285 601 2383 634 sunt
2403 597 2471 645 4ο,
2493 597 2604 639 milia

1368 650 1390 691 5
1412 654 1429 702 ᾗ
1449 651 1520 705 (Ε
1541 650 1783 708 Menippo).

1422 724 1490 752 22.
1523 712 1674 768 Sinope
1690 712 1947 766 cognominis
1963 720 2022 753 est
2041 714 2113 753 uni
2134 715 2407 766 Amazonum,
2429 729 2604 771 quarum

1366 779 1408 820 in
1431 780 1667 836 propinquo
1690 780 1926 833 castellum3
1945 795 2068 836 quam
2088 782 2235 823 urbem
2255 782 2354 823 olim
2370 784 2605 827 incolebant

1367 849 1456 904 Syri
1477 847 1699 901 indigenae,
1722 847 1872 889 deinde
1898 850 2053 900 Graeci,
2077 858 2125 890 ut
2143 851 2271 902 aiunt,
2299 860 2503 908 quotquot
2524 854 2607 895 huc

1367 920 1595 959 Amazonas
1623 917 1729 958 bello
1752 925 1934 972 petentes
1964 926 2184 970 venerant,
2206 920 2431 976 Autolycus
2449 930 2489 963 et
2511 936 2607 965 cum

1368 986 1457 1041 ipso
1483 985 1656 1027 Deileon
1678 993 1719 1026 et
1742 985 1937 1039 Phlogius
1951 1016 1963 1037 ,
1994 986 2175 1028 Thessali
2199 989 2356 1042 origine
2370 1004 2381 1040 ;
2407 998 2499 1045 post
2532 992 2608 1032 hos

1368 1053 1604 1106 Abrondas,
1628 1061 1747 1108 gente
1764 1054 1963 1104 Milesius,
1986 1055 2058 1110 qui
2077 1070 2101 1096 a
2117 1056 2349 1098 Cimmeriis
2366 1058 2608 1100 interemtus

1368 1122 1576 1173 creditur3
1606 1130 1700 1178 post
1722 1123 1965 1163 Cimmerios
1994 1137 2139 1164 rursus
2161 1125 2271 1165 Cous
2304 1133 2343 1166 ct
2367 1127 2383 1180 (
2401 1126 2493 1182 καὶ)
2519 1128 2608 1169 Cri·

1369 1192 1471 1233 tines
1487 1222 1497 1242 ,
1523 1193 1596 1247 qui
1615 1206 1639 1233 a
1666 1192 1834 1233 Milesiis
1853 1194 1896 1233 in
1918 1192 2108 1233 exsilium
2131 1194 2243 1235 missi
2266 1204 2396 1236 crant.
2458 1194 2610 1238 Illi'ur-

1369 1261 1463 1301 bem
1509 1260 1665 1302 colonis
1699 1260 2012 1315 frequentarunt
2027 1293 2038 1312 ,
2079 1276 2210 1316 quum
2251 1263 2389 1304 Asiam
2432 1274 2606 1307 vastaret

1370 1330 1691 1371 Cimmeriorum
1714 1331 1917 1370 exercitus
1937 1330 1952 1383 (
1969 1332 2007 1370 E
2023 1329 2176 1386 perieg.
2205 1329 2331 1371 iamb.
2359 1332 2560 1386 941-52).

1426 1399 1494 1439 23.
1527 1400 1564 1439 A
1586 1399 1737 1453 Sinope
1766 1397 1819 1438 ad
1851 1397 2091 1439 Euarchum
2124 1398 2325 1450 fluvium,
2365 1414 2479 1441 nune
2504 1402 2612 1442 Eue·

1372 1468 1479 1509 chon
1512 1468 1759 1524 appellatum
1778 1499 1790 1518 ,
1815 1468 1946 1509 stadia
1970 1471 2038 1520 80,
2076 1469 2189 1510 milia
2211 1483 2262 1511 10
2281 1472 2299 1519 ἕ
2320 1482 2329 1510 :
2363 1469 2431 1510 hic
2463 1470 2614 1512 fluvius

1373 1538 1589 1579 Euarchus
1621 1538 1940 1595 Paphlagoniam
1973 1547 2014 1579 et
2052 1538 2271 1579 finitimam
2313 1539 2614 1595 Cappadociam

1373 1606 1644 1648 disterminat.
1705 1608 1874 1648 Veteres
1904 1608 2014 1647 enim
2046 1607 2347 1663 Cappadociam
2380 1617 2614 1663 porrectam

1373 1690 1459 1715 esse
1497 1676 1640 1716 volunt
1676 1689 1806 1730 usque
1845 1674 1900 1715 ad
1936 1674 2150 1716 Euxinum
2190 1677 2392 1727 Pontum3
2427 1677 2615 1718 nonnulli

1375 1744 1636 1799 Cappadoces
1663 1746 1918 1799 Leueosyros
1934 1745 2210 1799 appellarunt.
2270 1746 2392 1786 Nunc
2414 1760 2510 1786 vero
2525 1759 2617 1800 quae

1374 1811 1693 1867 Paphlagoniam
1715 1813 1904 1867 proxime
1927 1813 2138 1867 excipiunt
2162 1827 2291 1867 usque
2320 1812 2373 1852 ad
2403 1813 2504 1853 fines
2522 1813 2615 1855 bar·

1378 1881 1535 1922 baricos
1549 1912 1560 1932 ‚
1586 1882 1753 1936 proprie
1776 1883 1931 1922 Pontus
1954 1890 2175 1931 vocantur3
2197 1880 2397 1922 dividitur
2418 1890 2555 1922 autem
2575 1883 2618 1922 in

1376 1949 1479 1990 duas
1501 1944 1763 2005 praefecturas
1787 1951 1803 2003 (
1822 1952 1860 1990 E
1879 1949 2076 2005 Menippo
2093 1952 2126 2003 ).

1434 2021 1503 2067 24.
1536 2017 1601 2059 Ab
1620 2018 1812 2058 Euarcho
1828 2018 1956 2058 fluvio
1983 2017 2036 2058 ad
2058 2018 2254 2058 Carusam
2273 2017 2505 2072 emporium
2524 2032 2621 2059 cum

1381 2100 1504 2149 portu
1522 2106 1544 2134 a
1562 2094 1693 2135 ventis
1707 2091 1893 2135 occiduis
1911 2099 2001 2134 tuto
2015 2091 2031 2145 (
2039 2090 2224 2148 primum
2240 2089 2537 2148 Paphlagonioe
2553 2103 2624 2146 op-

1379 2155 1572 2212 pidulum
1591 2156 1747 2196 (lictum
1758 2163 1778 2194 Ρ
1792 2158 1823 2208 ),
1846 2155 1974 2195 stadia
1996 2168 2063 2206 70,
2084 2155 2196 2195 milia
2214 2170 2238 2207 9
2258 2158 2290 2204 ζ.
2338 2156 2375 2194 Α
2395 2154 2547 2193 Carusa
2569 2150 2623 2192 ad

1384 2217 1731 2258 Gurzubanthum
1750 2217 1880 2258 stadia
1903 2222 1955 2257 60
1972 2217 2085 2257 milia
2106 2219 2146 2258 8.
2193 2219 2227 2257 A
2249 2214 2551 2256 Gurzubantho
2568 2212 2622 2254 ad

1378 2293 1583 2344 Zagorum
1607 2290 1815 2331 castellum
1831 2321 1842 2340 ‚
1880 2304 1991 2330 nunc
2025 2290 2216 2346 Calippos
2238 2291 2487 2346 appellatum
2502 2321 2514 2341 ,
2543 2299 2623 2333 sta-

1380 2359 1448 2400 dia
1467 2359 1559 2410 150,
1579 2359 1691 2400 milia
1715 2372 1782 2401 20.
1844 2362 1879 2400 A
1898 2362 2007 2413 Zago
2040 2383 2050 2394 ι
2075 2359 2127 2400 ad
2146 2360 2335 2401 Zalecum
2353 2392 2364 2411 ‚
2389 2361 2563 2401 fluvium
2582 2369 2624 2402 et

1383 2432 1520 2470 vicum
1540 2430 1866 2485 importuosum,
1889 2429 2021 2470 stadia
2049 2444 2120 2484 90,
2150 2431 2261 2471 milia
2285 2444 2349 2471 12.
2410 2434 2447 2472 A
2477 2430 2624 2473 Zaleco

1382 2501 1508 2540 fluvio
1543 2499 1596 2541 ad
1626 2500 1796 2555 Halym,
1833 2501 2008 2540 fluvium
2037 2500 2331 2554 navigabilem,
2366 2500 2496 2542 stadia
2524 2515 2621 2552 210,

1382 2569 1492 2609 milia
1515 2570 1567 2610 28
1589 2569 1660 2622 (E
1677 2568 1874 2625 Menippo
1897 2579 1935 2609 et
1953 2569 2112 2610 Arrian
2128 2572 2162 2623 ).

1439 2651 1509 2692 25.
1538 2653 1619 2693 Iste
1636 2651 1763 2707 Halys
1783 2652 1932 2692 fluvius
1950 2652 2049 2696 olim
2067 2657 2181 2707 regni
2199 2652 2328 2693 Croesi
2349 2660 2388 2693 et
2405 2654 2624 2694 Persarum
2698 2676 2700 2679 ·

1385 2735 1586 2775 terminus
1623 2733 1715 2785 fuit,
1752 2749 1866 2775 nunc
1895 2749 1994 2776 vero
2027 2734 2104 2776 sub
2139 2736 2426 2776 Romanorum
2451 2736 2627 2790 imperio

1389 2817 1496 2867 fluit,
1522 2832 1606 2858 non
1626 2831 1650 2858 a
1668 2817 1855 2869 meridie,
1879 2826 1923 2858 ut
1944 2817 2181 2858 Herodotus
2203 2818 2354 2873 inquit,
2377 2817 2449 2859 sed
2468 2818 2519 2859 ab
2535 2826 2628 2859 ortu

1387 2899 1481 2939 solis
1499 2915 1509 2948 ;
1527 2899 1599 2940 ubi
1619 2907 1759 2940 autem
1776 2899 1819 2939 in
1834 2901 2016 2940 Pontum
2037 2899 2135 2950 exit,
2152 2900 2444 2955 Sinopensium
2462 2907 2503 2940 et
2520 2900 2630 2941 Ami-

1387 2991 1582 3018 senorum
1597 2990 1716 3031 agros
1731 2985 1891 3032 separat
1905 2993 1916 3028 ;
1942 2978 2133 3018 trecentis
2153 2992 2250 3018 vero
2266 2976 2412 3017 stadiis·
2420 2977 2472 3017 ab
2488 2978 2630 3018 Amiso

1388 3053 1544 3094 distans
1559 3085 1571 3104 ,
1593 3055 1700 3094 inter
1718 3054 1840 3109 Syros
1857 3061 1897 3093 ct
1916 3053 2196 3108 Paphlagonas
2218 3053 2373 3102 fluens,
2393 3053 2434 3092 in
2451 3054 2629 3093 Pontum

1389 3145 1431 3171 se
1451 3139 1645 3172 exonerat
1666 3129 1680 3186 (
1697 3134 1766 3171 Ex
1782 3129 1964 3171 Arriano
1983 3138 2022 3169 et
2043 3129 2178 3181 ignoto
2183 3128 2304 3183 fonte
2316 3131 2349 3181 ).

1394 3305 1608 3361 φλαγονίαν
1632 3303 1725 3345 cod.
1754 3304 1768 3357 Η
1792 3327 1848 3334 -
1863 3316 1930 3343 21.
1950 3301 2024 3357 γὰρ
2043 3316 2066 3342 e
2083 3301 2298 3342 Marciano
2333 3298 2430 3340 add.
2456 3298 2628 3340 Gailius.

1451 3372 1557 3421 524,
1580 3368 1607 3408 l.
1627 3365 1909 3420 28.Πολίχν
1925 3380 1992 3421 ιον
2016 3364 2096 3405 ὠν.
2114 3365 2129 3419 ]
2145 3364 2310 3404 Haecsic
2326 3363 2394 3403 vix
2409 3376 2520 3402 sana.
2543 3362 2558 3415 ΙΙ
2576 3385 2633 3393 -

1397 3432 1463 3472 31.
1484 3431 1618 3484 Γουρζ.
1643 3428 1755 3469 Nihil
1776 3426 1827 3467 de
1846 3427 1925 3468 hoc
1944 3426 2035 3467 l'oco
2056 3427 2291 3467 Marcianus
2310 3432 2350 3465 et
2372 3424 2586 3466 Arrianus.
2611 3424 2627 3478 ΙΙ

1395 3518 1452 3525 —-
1467 3495 1535 3534 31.
1553 3493 1579 3532 Z
1591 3493 1613 3531 ά
1628 3505 1779 3546 γωρον
1795 3491 1811 3545 ]
1829 3490 2019 3545 Γάζουρον
2035 3496 2075 3530 et
2093 3502 2190 3528 mox
2208 3486 2400 3543 Γαζούρου
2417 3485 2530 3536 cod.;
2549 3500 2630 3526 em.

1397 3554 1503 3596 Gail.
1533 3568 1582 3594 ex
1595 3552 1786 3602 Arriano,
1809 3551 1879 3605 qui
1896 3551 2059 3607 Ζάγωρα
2078 3550 2214 3591 locum
2230 3548 2346 3590 dicit.
2369 3549 2455 3603 ll·—
2470 3548 2536 3589 32.
2558 3548 2632 3587 Κα·

1397 3616 1531 3658 λίπποι
1547 3613 1659 3663 cod.;
1685 3628 1767 3653 em.
1783 3612 1955 3653 Gailius.
1970 3611 2161 3653 Zalecum
2176 3625 2260 3652 non
2271 3611 2395 3652 habet
2413 3611 2628 3652 Arrianus.

1404 3679 1419 3732 ΙΙ
1441 3703 1497 3710 —
1517 3679 1584 3722 34.
1612 3675 1677 3730 ζ’]
1701 3688 1777 3716 120
1795 3689 1874 3715 sec.
1897 3675 2170 3716 Marcianum.
2199 3676 2443 3729 Anonymus
2461 3673 2572 3712 hunc
2594 3679 2634 3712 et

1400 3748 1636 3795 sequentem
1655 3751 1875 3778 numerum
1903 3736 1917 3793 (
1935 3736 2003 3788 σι’,
2023 3751 2102 3793 pro
2123 3751 2207 3792 quo
2227 3735 2285 3792 ρν’
2299 3736 2560 3786 Marcianus)
2580 3733 2631 3773 ad

1400 3802 1574 3844 calculos
1600 3800 1781 3850 Arriani,
1807 3814 1830 3840 a
1849 3801 2008 3854 Zagoro
2030 3799 2083 3842 ad
2104 3799 2240 3855 Halyn
2255 3798 2336 3841 300
2358 3796 2487 3838 stadia
2505 3810 2633 3851 expu-

1401 3867 1537 3916 tantis,
1560 3862 1902 3906 accommodavit.

1456 3931 1479 3981 S
1512 3932 1591 3976 25,
1611 3926 1640 3967 l.
1667 3927 1734 3981 37.
1767 3925 1840 3967 {mh
1855 3930 1930 3967 τῶν
1954 3924 2074 3982 Ῥωμ.
2102 3924 2337 3980 ἐπικράτειαν
2354 3921 2466 3971 cod.;
2484 3935 2565 3961 em.
2583 3933 2635 3961 ex

1403 3993 1498 4032 Arr.
1525 3989 1540 4041 ΙΙ
1562 4013 1618 4020 -
1632 3991 1699 4038 40.
1721 3987 1895 4041 Σινώπης
1913 3987 2026 4038 cod.;
2043 4003 2092 4028 ex
2109 3990 2204 4029 Arr.
2229 3986 2402 4026 mutavit
2422 3983 2527 4025 Gail.
2551 3983 2635 4037 ΙΙ·-

1406 4056 1474 4102 42.
1508 4050 1646 4108 μεταξὺ
1672 4050 1716 4091 Σ.
1742 4066 1779 4091 κ.
1819 4050 1869 4091 Π.
1892 4051 2112 4106 φερόμενος.
2138 4051 2187 4090 In
2217 4056 2372 4089 antece.
2398 4045 2635 4087 Euan-chum
