2808 4342
1059 167 1350 216 HISTORIA
1383 172 1608 220 INDIGA.
1998 162 2002 165 ’
2515 202 2562 214 ..

69 270 204 317 πολλὰ
232 268 342 316 κακὰ
362 271 387 323 ἡ
407 265 577 328 στρατιή
598 283 640 310 τε
663 264 914 330 Ἀλεξάνδρῳ
936 266 1062 312 ἔπαθε
1087 268 1155 313 καὶ
1180 270 1301 323 αὐτὸς

63 338 346 398 Ἀλέξανδρος,
372 333 428 386 ὥς
455 351 525 394 μοι
547 332 627 390 ἤδη
651 336 691 379 ἐν
709 336 767 397 τῷ
800 334 914 397 ἄλλῳ
937 337 1047 399 λόγῳ
1071 337 1299 397 ἀπήγηται.

68 409 116 468 (2)
138 407 216 457 ‘sse
239 404 279 450 δὲ
307 406 345 454 ἐς
379 401 452 457 τὴν
489 402 740 464 Καρμανίην
779 404 862 449 ἀπὸ
898 408 980 450 τῶν
1018 405 1299 469 Ἰχθυοφάγων

66 476 241 535 κατῆρεν
274 475 295 517 ὁ
326 469 520 531 στρατὸς,
548 473 722 517 ἐνταῦθα
741 470 807 517 ἵνα
831 476 993 534 πρῶτον
1025 477 1097 530 τῆς
1119 478 1300 536 Καρμα-

19 561 46 588 s
67 543 153 598 νίης
180 540 439 604 ὡρμίσαντο,
478 539 546 584 ἐπ’
579 539 787 603 ἀγκυρέων
813 541 1067 599 ἐσάλευσαν,
1086 541 1153 588 ’ὅτι
1174 544 1298 605 ῥηχίη

0 638 2 640 -
63 609 317 672 παρετέτατο
342 611 381 661 ἐς
410 608 456 654 τὸ
489 607 666 668 πέλαγος
698 608 876 672 τρηχέα.

947 611 995 670 (3)
1032 610 1220 658 Ἐνθένδε
1257 613 1299 658 δὲ

55 678 259 731 ὡσαύτως
277 678 412 724 οὐκέτι
436 676 537 739 πρὸς
558 676 676 732 ἡλίου
696 678 892 737 δυομένου
928 677 1108 736 ἔπλωον,
1129 679 1236 726 ἀλλὰ
1254 681 1299 726 τὸ

65 747 217 806 μεταξὺ
245 747 377 800 δύσιός
395 765 439 793 τε
467 746 585 802 ἡλίου
621 747 691 792 καὶ
725 751 798 803 τῆς
824 748 974 810 ἄρκτου
1010 749 1116 794 οὕτω
1141 750 1298 810 μᾶλλόν

62 836 101 862 τι
126 820 168 862 αἱ
183 820 346 881 πρῷραι
367 817 545 862 αὐτοῖσιν
571 818 749 878 ἐπεῖχον·
773 819 821 878 (4)
844 818 917 863 καὶ
942 818 1047 864 οὕτω
1070 823 1095 875 ἡ
1124 822 1300 883 Καρμα·

0 902 40 934 ’10
60 886 124 944 νίη
149 890 230 932 τῶν
254 886 535 949 Ἰχθυοφάγων
563 890 635 942 τῆς
657 890 733 946 γῆς
762 888 833 933 καὶ
856 890 941 936 τῶν,
972 888 1191 952 Ὠρειτέων
1230 893 1299 936 εὖ·

0 1247 37 1275 15

0 1590 39 1621 20

63 956 300 1017 δενδροτέρη
319 975 362 1000 τε
379 956 450 1000 καὶ
471 956 752 1019 εὐκαρποτέρη
773 956 885 1015 ἐστὶ,
906 958 977 1004 καὶ
999 959 1178 1015 ποιώδης
1199 962 1300 1019 μᾶλ-

61 1025 130 1072 λόν
170 1044 209 1070 τι
253 1027 323 1071 καὶ
362 1025 539 1087 ἔνυδρος.
613 1026 663 1089 (5)
704 1026 972 1088 Ὁρμίζονται
1014 1027 1056 1073 δὲ
1098 1031 1139 1074 ἐν
1174 1030 1299 1075 Βάδει

60 1094 184 1159 χώρῳ
221 1099 292 1150 τῆς
331 1094 575 1157 Καρμανίης
607 1096 850 1158 οἰκεομένῳ,
887 1095 1052 1158 δένδρεά
1084 1116 1128 1142 τε
1164 1097 1300 1143 πολλὰ

62 1166 198 1228 ἥμερα
234 1163 449 1227 πεφυκότα
475 1164 613 1226 ἔχοντι
647 1166 755 1220 πλὴν
789 1165 952 1222 ἐλαίης,
989 1166 1059 1211 καὶ
1091 1167 1299 1227 ἀμπέλους

62 1234 239 1295 ἀγαθὰς,
268 1232 337 1278 καὶ
364 1233 584 1298 σιτοφόρῳ.
657 1236 706 1294 (6)
734 1233 922 1281 Ἐνθένδε
952 1235 1196 1296 ὁρμηθέντες
1229 1237 1299 1283 καὶ

62 1302 390 1354 διεκπλώσαντες
426 1304 617 1355 σταδίους
654 1303 944 1364 ὀκτακοσίους,
986 1305 1090 1366 πρὸς
1123 1308 1298 1368 αἰγιαλῷ

62 1373 298 1434 ὁρμίζονται
320 1371 479 1434 ἐρήμῳ,
500 1372 569 1417 καὶ
593 1374 821 1433 κατορῶσιν
843 1372 972 1433 ἄκρην
995 1372 1157 1435 μακρὴν
1181 1373 1295 1425 ἐξαν-

61 1442 236 1502 έχουσαν
272 1441 339 1485 ἐπὶ
362 1441 511 1485 πολλὸν
534 1444 571 1493 εἷς
595 1442 640 1486 τὸ
653 1442 844 1504 πέλαγος·
867 1441 1034 1503 ἀπέχειν
1052 1441 1094 1487 δὲ
1114 1443 1298 1505 ἐφαίνετο

59 1514 85 1566 ἡ
110 1511 217 1571 ἄκρη
258 1508 382 1554 πλόον
414 1511 468 1560 ὡς
506 1510 677 1571 ἡμέρης.
751 1513 801 1571 (7)
838 1511 924 1558 Καὶ
961 1514 997 1557 οἱ
1037 1514 1115 1556 τῶν
1137 1510 1296 1572 ’χώρων

62 1577 223 1624 ἐκείνων
246 1577 447 1638 δαήμονες
474 1582 546 1634 τῆς
570 1578 763 1640 Ἀραὸίης
787 1579 924 1639 ἔλεγον
950 1580 1024 1635 τὴν
1047 1580 1296 1641 ἀνίσχουσαν

59 1648 212 1702 ταύτην
247 1647 400 1709 ἄκρην,
425 1647 645 1714 καλέεσθαι
667 1647 708 1692 δὲ
745 1647 936 1693 Μάκετα·
962 1647 1072 1693 ἔνθεν
1096 1647 1146 1693 τὰ
1179 1648 1293 1693 κινά-

113 1823 295 1873 ΧΧΧΠ,
322 1821 362 1863 5.
379 1822 444 1877 ὡρ
460 1823 669 1877 μίσαντο
691 1824 706 1877 ]
729 1823 930 1878 ἱδρύσαντο
946 1825 994 1864 L.
1019 1824 1034 1877 Η
1050 1848 1106 1854 —-
1121 1829 1160 1864 6.
1183 1840 1267 1879 τρη
1283 1848 1300 1855 -

57 1884 152 1940 χέα
176 1885 191 1939 ]
223 1886 366 1939 Ipsum
403 1888 485 1940 Cap
513 1886 614 1925 Jaslc
638 1886 797 1926 humile
819 1895 879 1927 est
901 1895 942 1927 et
969 1901 1204 1937 arenosum,
1231 1889 1300 1928 sed

53 1960 184 2002 „rupes
206 1946 317 1987 litori
334 1948 376 1987 in
394 1947 474 1987 hoc
491 1956 624 1988 tractu
638 1949 778 1989 multae
792 1948 1121 2003 praetenduntur.
1146 1951 1302 2006 Kemp-

59 2009 208 2050 thorne
222 2010 251 2050 l.
269 2009 296 2049 l.
310 2024 354 2064 p.
374 2023 453 2063 272
474 2024 482 2050 :
511 2027 526 2048 ι(
545 2011 636 2050 The
654 2004 765 2052 coast
781 2026 835 2051 on
848 2027 971 2066 many
982 2021 1094 2067 parts
1113 2012 1162 2052 of
1174 2013 1301 2053 Char-

59 2071 136 2112 bar
163 2080 206 2112 to
243 2072 323 2111 this
346 2068 465 2126 place>
486 2073 501 2125 (
535 2073 644 2127 Cape
675 2073 799 2137 Jask)
836 2075 868 2114 is
899 2089 995 2129 very
1033 2074 1176 2130 rocky,
1219 2076 1299 2116 and

51 2134 188 2187 *ought
208 2142 282 2174 not
310 2143 352 2174 to
375 2134 426 2174 be
448 2135 709 2189 approached
732 2144 803 2176 too
826 2151 940 2185 near,
971 2151 1026 2176 on
1053 2146 1230 2177 account
1259 2138 1304 2177 of

59 2210 173 2250 some
187 2197 320 2237 shoals
333 2196 415 2237 and
430 2197 550 2249 rocks
565 2198 699 2237 which
712 2198 764 2238 lie
776 2197 912 2238 under
931 2206 1072 2238 water.
1104 2215 1120 2236 »
1142 2223 1200 2229 —
1212 2201 1300 2239 The

60 2252 163 2299 cliffs
183 2259 302 2311 along
321 2259 402 2298 this
422 2267 513 2312 part
532 2258 580 2299 of
596 2259 666 2299 the
684 2268 796 2299 coast
817 2274 885 2299 are
904 2274 1001 2314 very
1024 2259 1138 2313 high,
1160 2260 1299 2301 andin

60 2335 184 2375 many
202 2321 335 2375 places
350 2320 496 2361 almost
511 2320 843 2376 perpendicular.
863 2323 984 2362 Some
1002 2322 1106 2362 have
1121 2336 1145 2363 a
1163 2323 1301 2376 singu-

56 2384 120 2424 'lar
138 2397 404 2438 appearance,
420 2397 499 2423 one
509 2397 608 2424 near
618 2385 643 2424 J
645 2382 718 2424 ask
729 2383 853 2437 being
869 2384 1026 2439 exactly
1039 2383 1088 2424 of
1097 2384 1166 2424 the
1179 2385 1300 2439 shaps

60 2446 110 2486 of
119 2461 142 2487 a
164 2446 293 2500 quoin
309 2460 358 2486 or
371 2444 513 2499 wedge
527 2461 538 2496 ;
552 2444 635 2486 and
654 2446 829 2486 another
843 2446 877 2485 is
891 2461 915 2487 a
935 2461 1033 2501 very
1048 2446 1301 2487 remarkable

60 2508 179 2564 peak,
200 2508 322 2562 being
340 2506 502 2548 formed
516 2507 571 2562 by
586 2507 703 2549 three
724 2516 862 2548 stones
877 2522 920 2548 as
942 2507 978 2548 if
987 2507 1130 2563 placed
1148 2508 1203 2563 by
1224 2508 1301 2549 hu-

61 2585 158 2612 man
183 2569 315 2610 hands
327 2584 406 2610 one
424 2584 479 2609 on
492 2569 562 2609 the
580 2578 651 2624 top
667 2569 717 2610 of
730 2570 799 2610 the
814 2570 948 2611 other.
962 2572 1002 2610 It
1022 2572 1056 2610 is
1072 2585 1168 2626 very
1184 2572 1297 2624 high,

60 2633 143 2674 and
165 2633 237 2672 has
266 2632 336 2672 the
355 2632 631 2674 resemblance
654 2632 704 2672 of
724 2647 748 2673 a
774 2632 987 2687 chimney;
1010 2647 1072 2673 we
1097 2634 1247 2674 named
1270 2636 1302 2675 it

60 2696 130 2736 the
150 2695 570 2736 Three-Stone-Peak.
599 2712 615 2733 ›>
649 2696 741 2749 11—
761 2699 800 2735 6.
827 2694 867 2735 δὲ
885 2709 970 2735 om.
997 2694 1092 2735 eod.
1124 2699 1176 2736 A.
1208 2696 1224 2750 (Ι
1247 2721 1302 2727 —

64 2772 129 2800 10.
155 2758 512 2812 εὐδενδροτέρη
534 2757 621 2798 κτλ.
649 2760 664 2812 ]
687 2756 751 2798 Cf.
774 2757 920 2798 Strabo
942 2772 984 2812 p.
1010 2761 1089 2812 726
1114 2771 1122 2797 :
1143 2758 1206 2797 καὶ
1228 2758 1301 2813 γὰρ

62 2821 260 2875 πάμφορος
283 2821 298 2872 (
319 2819 342 2871 ἣ
368 2819 569 2874 Καρμανία
591 2821 607 2873 )
629 2819 694 2860 καὶ
714 2819 1019 2874 μεγαλόδενδρος
1049 2817 1150 2870 πλὴν
1176 2818 1303 2868 ἐλαίας

0 2924 1 2927 ,
62 2882 126 2923 καὶ
153 2884 341 2937 ποταμοῖς
360 2883 643 2937 κατάρρυτος...
669 2882 844 2937 Γεώργια
872 2882 905 2921 δ’
942 2881 1024 2937 ἔχει
1057 2882 1304 2937 παραπλήσια

63 2947 145 2992 τοῖς
177 2945 402 3000 Περσικοῖς,
430 2946 478 2985 τά
498 2960 539 2985 τε
569 2944 672 2984 ἄλλα
691 2943 757 2984 καὶ
785 2944 959 2999 ἄμπελον
983 2943 1069 2985 κτλ.
1098 2953 1139 2985 et
1157 2946 1302 2985 Onesi-

63 3008 154 3048 crit.
177 3007 229 3048 sr.
253 3011 304 3047 26
331 3016 372 3047 et
391 3021 460 3061 27.
484 3008 499 3061 (1
526 3031 583 3038 —
612 3020 678 3047 12.
704 3007 887 3061 Βάδει]
909 3005 1032 3047 Badis
1061 3007 1162 3047 situs
1181 3006 1305 3048 suerit

62 3070 135 3111 ubi
162 3085 273 3110 nunc
294 3070 398 3110 Jush
427 3071 539 3111 vicus
561 3069 624 3110 vel
650 3070 692 3109 in
719 3070 971 3124 propinquo.
993 3070 1086 3109 Huc
1100 3071 1305 3124 pertinere

63 3132 227 3173 videtur
249 3133 435 3179 Κανθάτις
453 3132 684 3182 Ptolemaei,
703 3147 828 3186 quam
847 3131 998 3172 deinde
1028 3133 1180 3186 excipit
1209 3133 1306 3188 Κάρ-

65 3194 190 3234 πελλα
210 3195 545 3249 promontorium
562 3194 575 3250 (
592 3198 678 3236 Ras
698 3195 848 3240 Kerazi
864 3195 927 3235 vel
941 3197 1096 3235 Keraat
1112 3194 1175 3234 vel
1186 3199 1305 3236 Bom-

67 3255 201 3294 barelt.
231 3256 247 3308 ἱ]
268 3279 323 3286 —
345 3259 409 3304 14.
434 3254 527 3307 πλὴ
543 3271 561 3297 ν
586 3255 758 3305 ἐλαίας
781 3258 795 3313 ]
815 3257 879 3298 Cf.
899 3258 1031 3298 Ritter
1050 3259 1147 3307 XII,
1163 3271 1205 3311 p.
1226 3257 1304 3299 522

73 3317 202 3356 Ueber
221 3316 287 3356 die
309 3317 547 3358 Asiatc'sche
568 3321 613 3359 V
610 3319 845 3371 erbreitung
866 3319 935 3360 des
959 3320 1190 3360 Oelbaums.
1216 3321 1230 3374 ΙΙ
1250 3345 1306 3352 -

72 3378 137 3417 15.
163 3376 396 3433 ἐνθένδε]
423 3377 529 3419 ἔνθεν
548 3381 602 3420 D.
630 3381 717 3434 ll—
736 3385 800 3422 16.
824 3395 894 3420 στ.
932 3380 1301 3437 ὀκτακοσίους]

69 3440 134 3482 Cf.
179 3440 335 3481 Plinius
369 3442 446 3491 VI,
489 3455 541 3496 27
583 3445 605 3494 S
657 3456 733 3496 107
771 3455 781 3482 z
826 3442 1052 3483 Carmaniae
1080 3458 1193 3483 oram
1224 3459 1305 3499 pa-

69 3511 150 3542 tere
184 3500 422 3543 duodeciens
446 3513 610 3544 centena
643 3508 676 3545 L
716 3506 779 3545 M.
804 3519 854 3560 p.
889 3505 1100 3547 Nearchus
1135 3506 1307 3562 scripsit

72 3564 87 3618 (
107 3579 145 3604 v.
173 3578 297 3618 supra
318 3572 407 3605 not.
431 3579 469 3605 c.
488 3567 577 3619 29).
599 3566 667 3606 Ab
689 3565 811 3606 initio
830 3567 917 3620 ejus
935 3566 1154 3619 adflumen
1168 3568 1306 3609 Sabim

74 3629 154 3666 CM
164 3639 367 3681 passuum
380 3643 396 3674 ;
414 3625 505 3666 inde
523 3626 665 3667 vineas
683 3626 764 3667 coli
780 3636 819 3667 et
837 3642 941 3668 arva
957 3627 1174 3681 aclflumen
1192 3633 1306 3671 Ana-

70 3688 188 3739 nim(
213 3687 370 3742 ’Άναμιν
394 3689 559 3729 Arrian.
587 3689 654 3738 33,
678 3688 734 3744 2)
761 3691 887 3730 XXV
903 3692 967 3730 M.
996 3690 1149 3745 spatio.
1184 3692 1307 3744 Regio

70 3758 247 3790 vocatur
256 3749 476 3790 Armuzia.
498 3749 667 3806 Oppida
677 3750 902 3792 Carmaniae
916 3755 953 3792 Z
955 3751 1061 3792 ethis
1076 3761 1115 3792 et
1126 3756 1167 3793 A
1171 3753 1308 3795 lexun-

71 3809 166 3849 dria
197 3811 214 3862 (
234 3809 298 3850 Cf.
321 3810 428 3850 Mela
448 3812 532 3861 HI,
557 3812 629 3864 8).
654 3813 703 3851 In
726 3811 790 3852 his
808 3821 973 3867 putares
1001 3827 1077 3854 loo
1100 3814 1198 3856 mill.
1217 3829 1309 3870 pas-

71 3885 192 3911 suum
223 3873 373 3912 nostris
405 3872 655 3928 respondere
676 3873 816 3914 stadiis
836 3876 931 3917 800.
953 3877 1007 3916 At
1031 3876 1241 3918 Nearchus
1256 3879 1307 3919 ab

63 3934 191 3974 -initio
203 3934 429 3975 Carmaniae
439 3949 568 3990 usque
578 3934 628 3976 ad
637 3937 815 3977 Anamin
826 3945 935 3977 recte
943 3937 1170 3987 hahet,non
1185 3953 1304 3991 looo,

73 3995 145 4036 sed
165 4000 269 4038 1600
289 3996 434 4037 stadia.
453 4000 591 4051 Quare
610 3998 661 4039 ab
676 3998 755 4040 alio
773 3999 889 4040 initio
910 3999 926 4052 (
938 3999 989 4040 ab
1004 4014 1139 4056 prom.
1153 4004 1308 4043 Keraut

241 4083 369 4112 crocu.
390 4082 418 4113 1.

2516 205 2600 241 οὲι3

1372 281 1443 321 ubi
1473 290 1513 322 et
1542 282 1766 324 Alexandri
1798 286 2004 326 exercitus
2036 295 2076 327 et
2109 287 2342 332 Alexander
2374 308 2456 348 ipse
2480 300 2604 341 multa

1373 353 1637 395 incommoda
1645 369 1860 410 perpessus
1881 366 1956 406 est,
1971 359 2321 412 quemadmodum
2329 363 2413 417 jam
2427 368 2468 406 in
2482 370 2606 411 altero

1371 437 1494 478 opere
1526 427 1703 467 narravi.
1766 429 1829 481 (2)
1859 429 2082 483 Postquam
2122 445 2219 472 vero
2255 447 2305 474 ex
2335 437 2606 495 Ichthyopha-

1371 497 1430 549 gis
1446 498 1489 538 in
1509 499 1769 540 Carmaniam
1784 509 2029 554 perventum
2047 510 2108 542 est
2125 517 2148 543 a
2166 504 2311 555 classe,
2333 521 2381 547 eo
2401 508 2514 560 loco',
2535 514 2605 554 uhi

1370 569 1554 622 primum
1573 570 1626 610 ad
1647 571 1909 613 Carmaniam
1931 575 2184 616 mansionem
2201 577 2361 628 habuit,
2387 583 2546 622 ancoris
2566 586 2605 624 in

1371 639 1454 679 salo
1471 638 1592 694 Jactis
1617 643 1902 694 constiterunt,
1927 644 2040 699 quod
2072 646 2191 701 longe
2226 650 2269 689 in
2301 664 2412 691 mare
2440 654 2606 708 rupium

1373 712 1494 752 taenia
1511 721 1700 767 porrecta
1722 723 1822 755 erat.
1886 717 1949 769 (3)
1971 717 2132 758 Exinde
2155 734 2238 760 non
2269 723 2444 777 amplius
2464 726 2520 766 ita
2542 725 2605 767 di·

1371 792 1481 824 recte
1500 784 1552 824 ad
1575 800 1767 826 occasum
1789 788 2051 842 navigarunt,
2073 790 2143 831 sed
2167 792 2273 833 inter
2291 795 2545 839 occidentem
2566 808 2606 840 et

1371 857 1692 910 septentrionem
1710 859 1839 913 magis
1869 874 2035 901 cursum
2054 870 2294 916 tenuerunt;
2318 869 2379 921 (4)
2410 877 2532 924 atque
2551 872 2606 912 ita

1371 930 1590 971 Carmania
1608 930 1826 972 arboribus
1851 931 2083 974 foecundior
2101 936 2308 991 magisque
2335 938 2529 993 frugifera
2546 952 2606 985 est

1371 1017 1496 1057 quam
1525 1003 1933 1059 Ichthyophagorum
1968 1014 2039 1046 aut
2075 1009 2284 1049 Oritarum
2317 1013 2453 1065 regio,
2479 1017 2605 1069 magis

1371 1077 1495 1116 etiam
1546 1077 1722 1118 herbosa
1759 1079 1958 1133 aquisque
1993 1080 2223 1123 abundans.
2284 1085 2346 1142 (5)
2385 1088 2526 1138 Quum
2563 1090 2606 1130 in

1370 1147 1500 1188 Badin
1529 1148 1686 1189 cultum
1725 1151 1951 1191 Carmaniae
1984 1152 2120 1193 locum
2150 1155 2419 1210 appulissent,
2460 1160 2606 1201 multas

1373 1221 1540 1262 arbores
1558 1221 1778 1277 pomiferas
1796 1225 1979 1279 exceptis
1999 1225 2096 1265 olcis
2122 1237 2379 1280 repererunt.
2438 1232 2538 1272 Erat
2566 1242 2606 1274 et

1370 1310 1416 1336 ea
1437 1297 1550 1350 regio
1570 1297 1714 1338 vitium
1733 1306 1773 1338 et
1792 1297 1988 1339 frumenti
2012 1299 2143 1341 ferax.
2206 1303 2268 1355 (6)
2287 1302 2389 1344 Inde
2409 1304 2460 1344 ad
2477 1307 2606 1347 octin-

1370 1377 1490 1422 genta
1520 1370 1653 1411 stadia
1681 1372 1886 1426 progressi
1918 1372 1970 1412 ad
2001 1373 2114 1413 littus
2140 1372 2349 1415 desertum
2381 1378 2603 1431 appellunt.

1369 1443 1432 1481 Ex
1451 1456 1500 1481 eo
1522 1441 1613 1482 loco
1632 1445 1966 1497 promontorium
1988 1446 2130 1499 ingens
2160 1446 2279 1499 longe
2308 1448 2351 1487 in
2374 1463 2487 1490 mare
2512 1466 2607 1505 por-

1369 1522 1527 1553 rectum
1550 1516 1826 1569 conspiciunt,
1849 1515 1960 1569 quod
1982 1517 2104 1556 unius
2127 1517 2208 1558 diei
2234 1522 2492 1574 navigatione
2510 1523 2607 1564 inde

1368 1581 1506 1622 abesse
1540 1581 1772 1623 videbatur.
1836 1582 1897 1638 (7)
1934 1585 2058 1624 Periti
2093 1585 2280 1627 locorum
2321 1588 2482 1629 Arabiae
2511 1605 2606 1645 pro-

1368 1651 1623 1690 montorium
1634 1650 1675 1690 id
1689 1666 1774 1691 esse
1787 1651 1992 1702 dicebant,
2008 1655 2226 1708 vocarique
2235 1657 2407 1707 Maceta‚
2429 1658 2605 1712 indeque

1374 1825 1458 1864 sive
1491 1826 1751 1879 Bombareh)
1786 1826 1990 1880 proficisci
2019 1827 2175 1867 Plinius
2205 1828 2381 1868 videtur.
2415 1831 2540 1882 Quod
2573 1835 2606 1873 si

1374 1885 1485 1941 apud
1501 1887 1681 1927 Plinium
1696 1889 1773 1928 ista
1792 1889 1915 1930 XXV
1932 1889 2033 1929 mill.
2059 1904 2082 1929 a
2108 1890 2201 1929 Sabi
2224 1890 2276 1930 ad
2298 1893 2476 1932 Ananim
2498 1903 2606 1935 recte

1373 1949 1540 1998 habent,
1563 1944 1677 1990 Sabis
1710 1950 1882 2001 fluvius,
1908 1965 2031 2004 quem
2050 1951 2158 1991 Mela
2181 1966 2345 2007 quoque
2377 1965 2602 2008 memorat,

1374 2011 1479 2052 soret
1505 2017 1691 2064 Sagunus
1719 2012 1950 2062 Ptolemaei,
1986 2012 2160 2053 dimidio
2193 2013 2323 2067 gradu
2351 2014 2402 2054 ab
2441 2016 2606 2058 Andani

1372 2073 1527 2115 distans
1540 2106 1551 2125 ,
1578 2083 1618 2115 et
1638 2076 1680 2114 in
1713 2074 2022 2115 mediterraneis
2043 2075 2198 2115 habens
2218 2076 2341 2116 Sabin
2360 2076 2520 2119 urbem.
2541 2079 2607 2120 Ad

1372 2139 1523 2177 ostium
1536 2138 1683 2190 Sagani
1695 2137 1936 2177 Ptolemaeus
1950 2137 2068 2190 ponit
2092 2141 2348 2178 Tam-uanam
2366 2139 2518 2190 locum,
2533 2141 2607 2182 ho-

1372 2199 1439 2238 die
1467 2203 1666 2248 Tarroun,
1696 2199 1768 2252 qui
1800 2197 1852 2237 ab
1881 2197 2046 2238 Andani
2067 2198 2110 2238 ss.
2138 2198 2359 2253 (Minaw)
2381 2200 2434 2240 ad
2455 2203 2550 2251 300,
2582 2218 2617 2244 a.

1375 2265 1458 2316 Cap
1491 2259 1714 2300 Bombarels
1737 2258 1789 2299 ad
1820 2262 1900 2299 600
1924 2258 2052 2299 stadia
2089 2258 2226 2300 distat.
2253 2259 2398 2300 Nullus
2433 2276 2530 2302 vero
2551 2264 2604 2305 ad

1377 2326 1561 2362 Tarroun
1582 2322 1731 2361 fluvius
1759 2329 1941 2361 notatur.
1967 2322 2037 2361 Sin
2060 2320 2157 2360 illud
2178 2321 2314 2375 potius
2332 2323 2603 2375 premendum

1372 2392 1446 2433 est,
1470 2383 1521 2423 ab
1554 2383 1780 2424 Carmaniae
1817 2382 1935 2421 initio
1978 2381 1992 2437 (
2029 2381 2147 2435 quale
2185 2382 2395 2422 Nearchus
2427 2387 2564 2427 statuit
2586 2390 2602 2440 )

1374 2460 1502 2500 usque
1524 2445 1576 2486 ad
1595 2444 1719 2486 Sabin
1741 2458 1828 2484 esse
1855 2445 1934 2484 800
1962 2443 2112 2494 stadia,
2146 2452 2236 2483 tum
2265 2445 2378 2484 Sabis
2402 2446 2552 2489 ssuvius
2570 2451 2604 2490 is

1371 2507 1601 2557 habendus,
1627 2507 1693 2546 cui
1724 2509 1813 2547 Guz
1837 2506 1948 2546 vicus
1966 2505 2144 2560 adjacet,
2167 2507 2319 2561 quique
2340 2508 2605 2562 probabiliter

1371 2569 1516 2610 defluit
1535 2569 1587 2609 de
1600 2576 1741 2609 monte
1758 2568 1846 2608 Bis.
1873 2569 1889 2622 ῃ
1908 2592 1964 2599 -
1979 2581 2045 2608 21.
2066 2567 2106 2607 δὲ
2120 2577 2213 2622 post
2227 2568 2317 2609 καλ.
2336 2583 2419 2610 orn.
2442 2573 2601 2615 ABCD.

1378 2633 1474 2685 21——
1495 2631 1738 2685 Μάκετα]
1762 2629 1825 2670 Cf.
1850 2629 1958 2670 Juba
1982 2643 2049 2684 ap.
2067 2629 2247 2670 Plinium
2278 2631 2354 2681 VI,
2380 2635 2432 2672 26
2466 2635 2488 2684 S
2520 2637 2571 2687 98
2591 2649 2614 2684 z⁴

1373 2694 1476 2734 Inde
1498 2692 1825 2750 promontorium
1851 2691 2074 2733 Carmaniae
2095 2702 2171 2742 est,
2192 2707 2242 2733 ex
2260 2708 2338 2748 quo
2363 2693 2405 2733 in
2431 2694 2606 2737 adversa

1374 2771 1446 2796 ora
1467 2756 1526 2796 acl
1539 2764 1695 2807 gentem
1730 2754 1902 2795 Arabiae
1934 2756 2082 2796 Macas
2117 2756 2314 2808 trajectus
2343 2754 2477 2796 distat
2498 2760 2532 2798 L
2557 2760 2609 2798 M

1367 2833 1586 2875 passuum.
1610 2817 1901 2859 Eratosthenes
1919 2830 1986 2872 ap.
2010 2815 2202 2857 strabon.
2226 2830 2254 2871 p
2275 2816 2352 2870 765
2382 2819 2534 2859 ostium
2552 2814 2620 2859 si-'

1374 2897 1451 2922 nus
1483 2880 1635 2922 Persici
1658 2879 1761 2920 adeo
1783 2887 2003 2932 angustum
2033 2892 2118 2918 esse
2143 2876 2266 2928 dicit,
2289 2879 2386 2919 ὥστε
2407 2879 2443 2927 ἐξ
2474 2879 2604 2937 ‘Apud-
2640 2889 2644 2891 ·

1375 2947 1451 2991 ζων
1472 2943 1546 2999 (sic
1562 2940 1723 2998 codd.),
1742 2944 1809 2982 τοῦ
1825 2944 1892 2992 τῆς
1910 2940 2128 2996 Καρμανίας
2144 2939 2393 2996 ἀκρωτηρίου,
2413 2946 2479 2994 τῆς
2504 2943 2605 2999 Ἄρα-

1376 3007 1458 3054 δίας
1484 3005 1670 3061 ἀφορᾶται
1688 3003 1733 3044 τὸ
1764 3003 1802 3045 ἐν
1826 3003 1988 3051 Μάκαις.
2012 3002 2076 3044 Cf.
2097 3002 2208 3043 idem
2229 3018 2271 3057 p.
2299 3008 2377 3057 726
2399 3014 2439 3044 et
2461 3020 2510 3046 ex
2534 3021 2602 3047 00-

1376 3068 1472 3109 dem
1486 3067 1757 3109 Eratosthene
1767 3065 1959 3106 hauriens
1971 3065 2178 3106 Ammian.
2192 3066 2321 3105 Marc.
2336 3067 2451 3115 XIII,
2471 3071 2510 3117 6,
2522 3069 2572 3108 23
2590 3082 2600 3109 :

1379 3133 1503 3186 Cujus
1528 3129 1637 3170 ostia
1661 3127 1761 3168 adeo
1782 3127 2049 3183 perhibentur
2065 3135 2254 3177 angusta,
2288 3136 2334 3166 ut
2362 3142 2412 3167 ex
2429 3130 2605 3169 Harmo-

1376 3202 1495 3236 zonte
1520 3190 1744 3234 Carmaniae
1761 3187 2039 3246 promontorio
2067 3197 2208 3228 contra
2236 3188 2468 3243 oppositum
2486 3191 2607 3231 aliud

1369 3253 1711 3312 promontorium,
1732 3251 1842 3307 quod
1856 3249 2068 3305 appellant
2085 3248 2224 3289 incoloe
2245 3251 2398 3299 Maces,
2419 3250 2507 3290 sine
2526 3245 2602 3292 im-

1370 3318 1605 3375 pedimento
1625 3310 1838 3356 cernatur.
1863 3314 1936 3352 His
1955 3311 2060 3351 adde
2094 3325 2183 3365 quae
2214 3311 2351 3351 notavi
2380 3311 2432 3351 ad
2462 3315 2599 3355 Anon,

1376 3379 1523 3435 peripl.
1556 3391 1658 3418 mar.
1693 3374 1903 3429 Erythr.§
1937 3373 2004 3422 35,
2036 3380 2075 3413 et
2110 3371 2222 3426 quod
2245 3372 2399 3413 Plinius
2431 3375 2507 3424 XI,
2532 3376 2600 3426 32,

1378 3430 1408 3495 §-
1427 3444 1504 3482 152
1523 3440 1574 3481 de
1589 3437 1733 3480 eodem
1758 3450 1893 3491 prom.
1918 3435 2066 3475 refert:
2092 3434 2456 3476 Naumachoeorum
2473 3437 2489 3489 (
2508 3439 2603 3478 Ma-

1377 3519 1434 3546 ece
1443 3522 1459 3553 ;
1473 3504 1613 3544 horum
1633 3515 1713 3541 em.
1729 3498 1948 3539 Barbarus.
1967 3498 1983 3550 )
1996 3495 2322 3552 promontorium
2346 3506 2488 3537 contra
2507 3501 2602 3539 Car-

1378 3565 1560 3608 maniam
1582 3563 1715 3604 distat
1729 3565 1763 3602 L
1783 3559 1886 3600 mill.
1897 3574 1946 3615 p.
1962 3576 1976 3607 ;
1994 3558 2100 3599 mira
2127 3572 2188 3599 res
2213 3557 2272 3598 ibi
2290 3557 2487 3600 traditur.
2513 3563 2603 3602 Nu-

1378 3628 1567 3675 menium,
1599 3625 1651 3665 ab
1690 3622 1894 3664 Antiocho
1929 3635 2015 3674 rege
2046 3623 2219 3662 Mesenae
2231 3620 2507 3676 propositum,
2546 3622 2605 3662 ibi

1378 3691 1528 3732 vicisse
1552 3687 1684 3729 eodem
1704 3685 1770 3725 (lie
1793 3684 1935 3732 classe,
1955 3693 2134 3738 u’stuque
2159 3697 2315 3723 reverso
2332 3682 2475 3722 iterum
2493 3684 2603 3738 equi-

1379 3762 1471 3794 tatu
1486 3760 1626 3792 contra
1637 3752 1785 3789 Persas
1799 3746 2063 3786 dimicantem
2081 3755 2119 3786 et
2132 3744 2294 3798 gemina
2310 3753 2461 3798 tropaea
2471 3744 2602 3784 eodem

1381 3816 1422 3856 in
1442 3815 1525 3854 Ioco
1547 3810 1644 3852 Jovi
1662 3825 1711 3850 ac
1734 3812 1926 3864 Neptuno
1953 3807 2165 3849 statuisse.
2193 3805 2315 3858 Quod
2340 3805 2498 3845 Μάκετα
2525 3808 2603 3846 Ar—

1379 3878 1481 3917 riani
1520 3875 1687 3922 attinet,
1726 3866 1843 3912 nuni
1863 3879 1972 3911 recte
2004 3870 2171 3918 habeat,
2197 3867 2291 3921 jure
2315 3880 2484 3921 quaeras.
2515 3867 2602 3906 Μα-

1378 3940 1463 3980 κίδα
1504 3937 1558 3993 (a
1590 3935 1845 3977 nominativo
1879 3932 2029 3987 Μακίς)
2062 3929 2275 3984 legendum
2305 3935 2421 3982 putat
2452 3927 2604 3968 Salma-

1378 4001 1493 4054 sius„

2396 4071 2437 4101 23
