2782 4348
71 128 277 190 ·‹2s—2»0->

69 239 160 284 τοῖς
183 233 218 278 δ’
243 233 467 296 ἀνθρώποις
502 233 620 287 ἡδεῖα
650 232 971 293 καταφαίνεται·
998 238 1047 296 τῇ
1071 240 1140 280 τοῦ
1175 237 1304 296 θύμου

73 301 155 363 γάρ
193 304 300 347 ἐστιν
325 304 536 351 ἀνθοῦντος
569 301 679 361 ὀσμῇ
705 301 1004 362 παραπλησία,
1043 303 1134 356 τοὺς
1164 303 1206 350 δὲ
1231 307 1307 362 δη-

65 373 243 431 λθέντας
269 370 333 433 ὑφ’
362 371 557 414 οὓποτοῧν
587 365 714 429 ὄφεως
738 370 778 412 ἐν
811 367 907 431 οἴνῳ
942 371 1103 417 δοθεῖσα
1127 374 1301 433 ὑγιάζει.

81 439 129 498 (5)
159 438 318 484 Φύεται
351 438 386 482 δ’
408 438 450 481 ἓν
488 438 546 498 τῷ
580 435 664 498 ὄρει
694 436 764 481 καὶ
800 438 957 500 καρπὸς
994 440 1191 499 ἀκάνθης,
1218 451 1306 496 ταῖς

66 508 237 558 ,λευκαῖς
273 503 559 567 παραπλήσιος
600 503 789 568 μύρτοις·
833 505 876 552 ὃν
924 507 1022 556 ὅταν
1061 528 1119 563 τις
1159 511 1304 574 τρίψας

73 573 198 633 ἐλαίῳ
217 572 468 634 καταχρίσαι
485 572 531 618 τὸ
551 576 695 633 σῶμα,
716 579 789 620 τοῦ
813 575 1008 637 μεγίστου
1036 582 1238 641 χειμῶνος
1258 583 1302 626 οὗ

65 641 276 701 ’λαμὸάνει
314 640 389 697 τὴν
423 642 665 699 ἐπαίσθησιν
694 642 720 698 ἢ
756 644 863 690 πάνυ
905 649 1124 709 βραχεῖαν,
1149 650 1239 694 οὐδὲ
1263 652 1302 695 ἐν

0 756 3 763 ,
64 713 127 772 >τῷ
151 710 255 773 θέρει
292 715 364 756 τοῦ
387 711 624 772 καύματος,
647 712 875 767 κωλύοντος
897 721 967 761 τοῦ
1006 718 1228 781 φαρμάκου
1252 723 1303 781 τῇ

10 829 14 834 ,
59 781 192 824 αὐτοῦ
212 780 418 826 πυκνώσει
436 781 504 826 τὸν
523 780 667 834 ἔξωθεν
691 782 792 845 ἀέρα
815 785 1118 850 (καταμάθοις)
1140 789 1302 834 διϊκνεῒ-

69 852 161 893 σθαι
194 854 264 894 τοῦ
296 849 499 911 σώματος.
569 851 621 912 (6)
663 851 842 905 Σπάνιος
879 854 914 898 δ’
946 856 1054 902 ἐστὶν
1088 860 1109 902 ὃ
1148 859 1304 921 καρπὸς

67 910 178 970 οὗτος
197 918 267 964 καὶ
288 921 326 964 ἐν
349 919 526 982 φάραγξι
550 920 619 965 καὶ
646 925 687 965 ἐν
712 921 850 974 τόποις
883 923 1078 986 φυόμενος
1112 929 1300 990 ἀποκρή-

67 1004 194 1044 μνοις,
216 987 320 1033 ὥστε
346 988 462 1048 μόλις
487 988 560 1049 μὲν
578 992 724 1052 εὑρεῖν,
744 990 790 1036 ἂν
816 993 851 1037 δ’
871 992 976 1056 εῧρη
996 1014 1068 1052 τις,
1098 995 1156 1056 μὴ
1183 999 1299 1059 εὔχε-

66 1059 142 1117 ρῶς
165 1055 360 1102 δύνασθαι
383 1058 539 1115 λαὸεἷν,
564 1057 611 1104 ἂν
633 1060 667 1104 δ’
689 1062 877 1124 ἐπιχειρῇ
899 1063 1143 1123 λαμὸάνειν,
1163 1067 1298 1112 κινδυ-

56 1124 192 1170 νεύειν
216 1126 297 1171 ἀπὸ
320 1131 400 1172 τῶν
428 1131 586 1189 πετρῶν
616 1130 969 1176 κατακυλισθέντα
1004 1126 1296 1197 διαφθαρῆναι.

64 1195 190 1242 Μένει
209 1197 242 1242 δ’
261 1200 287 1253 ἡ
309 1196 477 1258 δύναμις
501 1196 575 1252 ἕως
594 1199 792 1258 ἐνιαυτοῦ,
812 1206 1072 1264 χρονισθεῑσα
1105 1205 1138 1248 δ’
1163 1205 1296 1251 ἀπόλ-

55 1267 154 1311 λυσι
177 1266 250 1322 τὴν
275 1270 420 1323 ἑαυτῆς
443 1268 663 1330 ἐνέργειαν.

127 1350 159 1380 7.
181 1335 371 1394 Ποταμοὶ
393 1334 434 1381 δὲ
457 1336 523 1381 διὰ
541 1340 612 1382 τοῦ
631 1336 746 1399 ὅρους
767 1338 901 1401 ῥέουσι
921 1340 1004 1397 δύο,
1026 1341 1294 1404 Κραυσίνδων

61 1421 104 1447 τε
124 1402 374 1462 καλούμενος
410 1403 480 1449 καὶ
503 1404 678 1466 Βρύχων
695 1420 704 1430 ·
736 1409 757 1450 ὃ
781 1406 855 1466 μὲν
878 1407 968 1460 τοὺς
998 1410 1077 1454 ὑπὸ
1100 1417 1189 1461 ταῖς
1224 1416 1294 1457 τοῦ

62 1471 222 1527 Πηλίου
238 1473 262 1497 *
284 1473 662 1535 (γεωργουμένους)
687 1476 897 1534 κειμένους
918 1476 1099 1538 ἀρδεύων
1121 1479 1290 1542 ἀγροὺς,

60 1543 81 1584 ὃ
101 1539 142 1585 δὲ
167 1541 408 1605 παραρρέων
434 1540 506 1601 μὲν
528 1541 574 1587 τὸ
596 1546 670 1597 τ’ἧς
695 1544 888 1598 Πηλαίας
910 1545 1055 1603 ἄλσος,
1078 1548 1291 1594 ἐκὸάλλων

54 1608 101 1653 δὲ
128 1612 182 1663 εἷς
205 1610 433 1656 θάλασσαν.
501 1612 554 1672 (8)
577 1611 672 1658 Ἐπ’
696 1612 823 1674 ἄκρας
843 1613 886 1658 δὲ
908 1618 980 1670 τῆς
1000 1620 1069 1661 τοῦ
1093 1616 1206 1679 ὅρους
1225 1636 1292 1663 κο-

58 1681 184 1741 ρυφῆς
221 1680 422 1744 σπηλαῖόν
458 1683 545 1726 ἐστι
575 1680 620 1725 τὸ
656 1680 910 1742 καλούμενον
948 1685 1185 1747 Χειρώνιον,
1220 1689 1291 1733 καὶ

55 1748 150 1799 Διὸς
170 1748 338 1808 ἀκραίου
362 1748 483 1811 ἱερὸν,
503 1750 563 1813 ἐφ’
583 1749 604 1795 ὃ
627 1750 734 1795 κατὰ
758 1752 875 1804 κυνὸς
896 1753 1096 1809 ἀνατολὴν
1116 1755 1223 1801 κατὰ
1245 1757 1290 1803 τὸ

0 1848 1 1853 ,
46 1819 331 1877 ἀκμαιότατον
359 1823 501 1878 καῦμα
528 1820 792 1867 ἀναὸαίνουσι
816 1825 897 1868 τῶν
932 1825 1108 1868 πολιτῶν
1133 1828 1169 1870 οἳ
1193 1828 1288 1871 ἐπι-

54 1886 296 1948 φανέστατοι
315 1887 386 1933 καὶ
405 1896 493 1941 ταῖς
513 1889 687 1944 ἡλικίαις
713 1891 963 1950 ἀκμάζοντες
978 1929 988 1948 ,
1010 1894 1288 1956 ἐπιλεχθέντες

55 1955 121 2000 ἐπὶ
160 1961 229 2001 τοῦ
267 1957 430 2019 ἱερέως,
467 1960 734 2019 ἓνεζωσμένοι
763 1962 894 2006 κώδια
927 1962 1102 2024 τρίποκα
1140 1965 1287 2009 καινά·

45 2029 225 2070 τοιοῦτον
267 2025 485 2085 συμὸαίνει
530 2027 597 2072 ἐπὶ
637 2033 707 2074 τοῦ
748 2029 864 2092 ὄρους
905 2031 950 2075 τὸ
990 2034 1121 2093 ψῦχος
1166 2026 1284 2080 εἶναι.

54 2095 100 2152 (9)
123 2096 208 2140 Τοῦ
231 2094 272 2139 δὲ
296 2095 412 2157 ὄρους
432 2099 458 2151 ἡ
484 2094 559 2155 μὲν
579 2097 654 2155 μία
679 2098 837 2158 πλευρὰ
865 2099 980 2160 παρά
1013 2119 1056 2144 τε
1079 2100 1153 2155 τὴν
1180 2103 1286 2147 Μα-

45 2163 219 2222 γνησίαν
239 2163 308 2208 καὶ
328 2163 401 2218 τὴν
422 2157 661 2209 Θεσσαλίαν
685 2165 889 2226 παρήκει,
919 2167 1017 2228 πρός
1039 2186 1083 2211 τε
1117 2167 1284 2230 ζέφυρον

47 2230 119 2276 καὶ
145 2231 260 2286 ἡλίου
286 2232 397 2277 δύσιν
416 2232 704 2294 ἐστραμμένη·
726 2238 750 2287 ἡ
772 2235 808 2277 δ’
830 2234 897 2279 ἐπὶ
919 2235 986 2279 τὸν
1002 2233 1110 2281 Ἄθω
1126 2236 1197 2281 καὶ
1216 2236 1283 2281 τὸν

48 2299 328 2345 Μακεδονικὸν
364 2300 686 2360 ἐπικεκλημένον
710 2302 881 2358 κόλπον,
916 2303 1096 2363 πλαγίαν
1131 2304 1282 2366 ἔχουσα

47 2375 185 2412 πᾶσαν
209 2368 279 2413 καὶ
298 2375 495 2431 τραχεῖαν
515 2369 588 2425 τὴν
612 2371 665 2421 εἷς
684 2370 758 2426 τὴν
779 2372 1018 2417 Θεσσαλίαν
1047 2375 1280 2435 ἐστραμμέ-

13 2488 17 2493 ,
45 2456 116 2491 νην
141 2438 296 2498 χώραν.
368 2437 438 2499 (10)
475 2438 535 2484 Τὸ
561 2439 602 2483 δὲ
626 2438 715 2500 ὄρος
757 2440 1098 2502 πολυφάρμακόν,
1121 2442 1164 2486 τέ
1197 2444 1283 2487 ἐστι

99 2576 120 2624 S
143 2575 181 2613 5.
207 2574 401 2627 καρπὸς
425 2572 646 2625 ἀκάνθης
670 2575 772 2614 κτλ.
793 2576 807 2629 ]
833 2575 1012 2616 Aliunde
1030 2576 1082 2617 de
1110 2577 1173 2616 his
1195 2592 1279 2617 non

42 2644 200 2676 constat
218 2636 296 2675 nisi
317 2650 368 2675 ex
397 2634 625 2676 Heraclidis
649 2651 772 2691 opere
793 2637 888 2691 Περὶ
900 2642 975 2678 τῶν
993 2638 1031 2679 ἐν
1049 2642 1097 2695 τῇ
1119 2637 1280 2679 Ἑλλάδι

42 2698 191 2739 πόλεων
212 2713 277 2752 ap.
311 2698 503 2752 Apollon.
526 2699 624 2739 Mir.
655 2714 691 2739 e.
717 2713 764 2752 19
787 2713 795 2739 ι
822 2698 1073 2754 Ἡρακλείδης
1096 2701 1117 2740 ὁ
1141 2702 1279 2756 Κρητι-

42 2761 104 2807 κός
129 2760 322 2816 (κριτικὸς
339 2759 449 2814 conj.
474 2760 678 2811 OleariuS,
700 2761 799 2815 alii)
828 2761 865 2802 ἐν
887 2766 943 2817 τῷ
963 2763 1056 2818 Περὶ
1074 2767 1149 2803 τῶν
1171 2763 1209 2803 ἐν
1233 2767 1281 2819 τῇ

47 2821 208 2862 Ἑλλάδι
228 2823 377 2863 πόλεων
397 2823 493 2863 κατὰ
508 2824 554 2863 τὸ
573 2823 721 2874 Πήλιον
746 2824 832 2878 ὄρος
849 2824 1008 2879 φύεσθαί
1029 2840 1141 2880 φησιν
1163 2826 1279 2866 ἅκαν-

42 2885 108 2924 θαν
132 2886 386 2941 καρποφόρον,
409 2881 452 2936 ἧς
474 2886 541 2926 τον
566 2886 709 2940 καρπὸν
735 2886 799 2927 ἐάν
816 2902 871 2934 τις
889 2887 1018 2942 τρίψας
1039 2888 1119 2942 μετ’
1148 2886 1278 2928 ἐλαίου

39 2948 104 2987 καὶ
125 2948 258 2996 ὕδατος
276 2949 393 3005 χρίσῃ
424 2949 468 2988 τὸ
485 2948 600 2988 αὺτοῦ
617 2949 640 3000 ἢ
661 2949 783 2988 ἄλλου
807 2954 920 3004 σῶμα
943 2955 1134 3005 χειμῶνος
1150 2951 1274 3002 ὄντος,

36 3009 107 3050 οὐκ
123 3010 391 3062 ἐπαισθήσεται
410 3014 478 3051 τοῦ
497 3011 652 3066 ψύχους.
688 3029 703 3049 «
728 3013 920 3052 Osannus
941 3011 1125 3066 ejusdem
1156 3012 1276 3054 fruti-

37 3073 95 3112 cis
114 3081 289 3128 utroque
309 3074 401 3114 loco
419 3075 673 3114 mentionem
701 3074 789 3114 fieri
812 3083 852 3114 et
873 3074 936 3115 vel
957 3074 1277 3131 descriptionem

39 3135 256 3189 utrobique
284 3136 458 3176 similem
483 3150 568 3176 esse
586 3135 917 3177 animadvertens
934 3136 1213 3192 conjecturam
1233 3140 1276 3180 in

39 3196 176 3236 medio
203 3197 378 3251 proferri
405 3212 524 3252 posse
543 3199 806 3249 existimavit,
832 3213 914 3254 qua
940 3199 1176 3241 Heraclides
1199 3202 1275 3255 (in

39 3258 195 3297 incerto
218 3266 353 3298 tamen
376 3255 542 3313 reliquit
555 3269 696 3301 utrum
720 3261 772 3302 de
794 3264 966 3303 Pontico
989 3277 1040 3303 an
1071 3263 1150 3303 alio
1173 3278 1274 3318 quo-

38 3318 134 3359 dam
159 3320 421 3372 cogitandum
439 3324 572 3376 esset)
606 3323 704 3364 Pelii
733 3323 1053 3379 descriptionem
1076 3326 1274 3367 confecis-

36 3389 112 3421 set.
132 3401 147 3415 »
169 3383 375 3423 Fnumns.
402 3383 419 3436 Ι(
438 3407 494 3414 —-
506 3400 528 3424 τ
541 3400 565 3424 α
576 3386 621 3432 ῖς
647 3386 673 3425 λ
686 3402 702 3426 ε
714 3402 734 3426 υ
748 3402 770 3427 κ
783 3402 807 3426 α
820 3389 863 3435 ῖς
879 3388 893 3442 ]
911 3389 992 3435 τοῖς
1011 3388 1163 3436 λευκοῖς
1175 3387 1269 3429 cod.

36 3443 165 3482 Paris.
186 3445 204 3494 Η
221 3466 278 3472 -
293 3458 320 3483 π
331 3458 354 3482 α
367 3459 386 3497 ρ
398 3444 555 3496 απλήσ
566 3461 631 3494 ιος
645 3448 659 3501 ]
673 3448 939 3502 παραπλήσιον
956 3449 1050 3490 cod.
1068 3450 1269 3500 Gudian.,

36 3505 218 3558 itemque
234 3505 425 3555 Parisin„
442 3506 485 3546 in
501 3521 584 3561 quo
604 3508 700 3549 dein
718 3519 950 3551 correctum
969 3520 1044 3552 est.
1069 3513 1085 3566 (Ι
1104 3537 1161 3543 —-
1178 3529 1200 3554 τ
1213 3529 1232 3568 ρ
1248 3514 1274 3553 ί-

34 3565 96 3620 ψα
109 3567 154 3620 ς]
180 3565 305 3619 τρίψαι
320 3565 413 3606 cod.
427 3569 555 3609 Paris.
583 3570 598 3623 Η
621 3594 678 3601 -
702 3570 879 3627 ἐλαίῳ]
902 3573 1011 3613 λεῖον
1027 3574 1170 3626 codd.;
1187 3590 1268 3617 em.

34 3629 191 3668 Osann.
222 3628 237 3681 ΙΙ
272 3651 329 3658 -
361 3643 445 3668 κατ
459 3644 553 3684 αχρ
569 3631 699 3687 ίσαι]
740 3635 967 3689 καταχρίσοι
1005 3635 1147 3686 codd.;
1185 3653 1266 3679 em.

35 3690 163 3729 Fuhr.
189 3690 203 3743 Η
216 3705 301 3729 -κ
315 3704 368 3729 ατ
379 3703 403 3728 α
418 3691 476 3744 μά
490 3691 508 3730 0
523 3706 543 3730 0
558 3693 620 3746 ις]
635 3695 877 3748 καταμάθους
892 3695 986 3735 cod.
998 3698 1092 3737 Par.
1111 3699 1269 3740 Vocem

35 3751 193 3802 inclusi,
212 3760 257 3791 ut
276 3765 358 3805 qua
372 3765 510 3803 carere.
520 3767 695 3807 prorsus
713 3764 890 3809 praestat.
909 3758 978 3797 Sin
996 3760 1173 3811 genuina
1191 3770 1266 3812 est,

32 3812 109 3867 leg.
128 3813 311 3855 videtur:
328 3812 406 3854 οὐδ’
424 3815 468 3855 ἂν
487 3819 542 3871 τῷ
559 3816 655 3870 θέρει
671 3820 738 3857 τοῦ
753 3819 945 3874 καύματός
961 3824 1256 3877 τικαταμάθοις.

0 3919 4 3921 ,
33 3876 210 3917 Fuhrius
229 3877 390 3931 scripsit
408 3890 417 3917 :
441 3877 520 3917 οὐδ’
539 3879 583 3918 ἄν
609 3877 647 3919 ἐν
665 3883 721 3934 τῷ
738 3880 834 3935 θέρει
849 3884 916 3921 τοῦ
932 3882 1124 3937 καύματος
1145 3901 1262 3926 κατα-

3 3957 8 3991 j
34 3938 162 3991 μάθοι,
181 3938 397 3987 κωλύοντος
409 3940 494 3981 κτλ.
521 3941 536 3994 (Ι
556 3943 696 3994 —§6.
714 3940 902 3998 ἐπιχειρεῖ
915 3944 1008 3985 cod.
1025 3947 1152 3988 Paris.
1172 3949 1188 4001 ΙΙ
1207 3973 1265 3980 —-

1010 133 1361 184 DESCRIPTIO
1397 141 1676 191 GRAECIAE.

2523 183 2604 222 107

1382 243 1444 295 (4)
1471 244 1683 299 Ejusmodi
1708 251 1865 305 pollens
1900 253 2055 295 viribus
2084 259 2320 302 suavissima
2342 274 2401 306 est
2419 268 2575 314 homini
2597 294 2604 302 ·

1378 310 1484 351 odor
1505 316 1657 370 quippe
1679 317 1785 358 illius
1807 320 1965 361 accedit
1987 322 2040 362 ad
2058 323 2190 378 thymi
2214 327 2395 372 florentis
2428 309 2608 390 fragrem:

1378 378 1500 429 tiam,
1527 395 1686 423 morsos
1721 400 1817 426 vero
1850 402 1872 428 a
1904 388 2118 442 quibusvis
2150 397 2406 448 serpentibus
2439 402 2481 442 in
2515 407 2609 448 vino

1378 457 1541 503 sumpta
1559 454 1737 494 restituit
1755 457 1934 498 sanitati.
1965 460 2156 501 Nascitur
2174 463 2295 503 etiam
2314 465 2356 506 in
2375 467 2454 509 hoc
2471 485 2609 516 monte

1377 515 1535 559 fructus
1555 523 1733 573 acanthi,
1758 527 2063 581 propemodum
2085 529 2137 569 ad
2155 531 2255 572 albae
2278 537 2401 588 myrti
2424 539 2608 584 similitu-

1377 585 1532 629 dinem.
1593 593 1729 643 Quem
1748 594 1780 633 si
1800 596 1892 648 quis
1921 611 2016 637 cum
2036 597 2126 638 oleo
2152 600 2307 641 tritum
2328 603 2497 649 illeverit
2520 624 2610 651 cor-

1375 656 1489 709 pori,
1512 656 1778 700 intensissimi
1811 661 1974 716 frigoris
1997 680 2082 706 non
2119 667 2197 707 nisi
2222 668 2504 720 brevissimam
2528 680 2608 720 vim

1376 725 1547 776 sentiet,
1584 742 1717 782 neque
1748 730 1868 771 aestus
1903 741 2145 788 tempestate
2178 739 2333 790 aestiva,
2366 745 2609 797 prohibente

1374 791 1501 834 herba
1522 809 1596 849 per
1617 796 1924 851 spissitudinem
1954 816 2070 842 suam
2093 818 2144 843 ne
2166 805 2208 844 in
2239 821 2387 863 corpus
2410 827 2478 853 aer
2496 826 2606 858 exte·
2656 852 2667 857 ,

1373 860 1460 900 rior
1491 872 1692 917 penetret.
1756 867 1819 920 (6)
1854 869 1910 911 At
1942 883 2036 909 raro
2059 870 2228 912 obvium
2250 884 2309 915 est
2337 877 2415 920 hoc
2449 881 2606 925 fructus

1373 942 1514 982 genus,
1540 946 1674 987 neque
1695 936 1875 976 occurrit
1893 937 1972 977 nisi
1992 938 2033 977 in
2053 940 2286 995 praecipitiis
2305 944 2481 1002 locisque
2503 965 2606 1006 prae·

1372 998 1519 1052 ruptis.
1581 1001 1811 1044 Difficulter
1823 1005 1959 1060 itaque
1974 1006 2197 1058 invenitur,
2215 1010 2507 1071 inventumque
2521 1034 2604 1061 non

1372 1066 1487 1108 facile
1509 1078 1644 1124 potest
1665 1073 1802 1128 carpi,
1826 1075 1922 1129 quia
1943 1076 2174 1130 perieulum
2196 1088 2256 1119 est
2270 1113 2280 1129 ‚
2305 1096 2357 1122 ne
2383 1086 2452 1138 qui
2477 1090 2603 1142 petit,

1370 1151 1472 1192 rupe
1498 1140 1711 1196 prolapsus
1743 1153 1898 1198 pereat.
1957 1147 2077 1187 Vires
2110 1147 2249 1202 planta
2276 1162 2406 1194 servat
2434 1170 2507 1210 per
2537 1174 2605 1199 an-

1369 1206 1411 1246 ni
1440 1208 1641 1262 spatium,
1676 1219 1718 1252 at
1750 1220 1937 1268 tempore
1964 1215 2074 1256 ultro
2115 1218 2361 1272 procedente
2386 1223 2604 1270 efficaciam

1368 1276 1535 1318 amittit.

1425 1359 1465 1397 7.
1495 1345 1627 1386 Fluvii
1649 1346 1735 1388 duo
1764 1349 1908 1390 Pelion
1932 1363 2168 1405 permeant,
2194 1370 2374 1411 quorum
2395 1361 2508 1403 alteri
2530 1381 2603 1407 no-

1367 1430 1462 1456 men
1481 1418 1755 1471 Crausindon,
1774 1421 1890 1462 alteri
1909 1424 2103 1479 Brychon
2120 1439 2129 1467 z
2147 1427 2214 1468 ille
2229 1443 2362 1483 agrOS‚
2381 1434 2452 1487 qui
2471 1436 2522 1476 ad
2537 1452 2605 1492 pe-

1365 1490 1461 1530 dem
1476 1493 1628 1533 montis
1650 1494 1736 1535 sitae
1751 1495 1960 1549 coluntur,
1979 1499 2107 1553 rigat;
2125 1500 2197 1542 hic
2215 1506 2453 1558 praeterfluit
2467 1510 2604 1553 Pelaeae

2327 1580 2389 1634 (8)
2422 1583 2471 1622 In
2493 1583 2600 1624 altis-

1363 1641 1467 1681 simo
1490 1643 1643 1682 montis
1662 1645 1876 1684 cacumine
1899 1654 1960 1685 est
1974 1661 2119 1701 specus
2136 1649 2381 1692 Chironium
2401 1662 2441 1694 et
2461 1655 2600 1698 fanum

1360 1716 1386 1755 J
1387 1714 1474 1754 ovis
1496 1716 1641 1766 Acraei,
1664 1717 1707 1755 in
1725 1716 1839 1770 quod
1854 1717 1930 1758 sub
1944 1727 2084 1759 ortum
2103 1722 2311 1773 caniculae,
2331 1738 2460 1777 quum
2480 1736 2598 1769 aestus

1363 1579 1531 1617 nemus,
1554 1582 1602 1608 ac
1620 1567 1771 1609 deinde
1793 1580 1990 1627 exonerat
2009 1587 2052 1613 se
2070 1574 2115 1614 in
2137 1590 2265 1618 mare.

1361 1796 1422 1828 est
1465 1788 1863 1839 vehementissimus,
1906 1791 2152 1833 nobilissimi
2190 1809 2212 1835 e
2248 1796 2421 1837 civitatis
2456 1799 2598 1842 incolis

1359 1868 1476 1901 aetate
1501 1860 1674 1915 juvenes
1708 1877 1731 1903 a
1755 1864 1966 1906 sacerdote
1988 1865 2040 1905 ad
2064 1865 2144 1907 hoc
2177 1867 2321 1909 delecti
2345 1872 2594 1926 ascendunt,

1360 1939 1493 1981 induti
1515 1938 1690 1992 pellibus
1708 1941 1826 1980 novis
1842 1941 2002 1995 optimo
2019 1941 2164 1982 vellere
2187 1938 2356 1999 propter
2371 1945 2536 2000 frigoris
2554 1950 2594 1989 in

1357 2021 1498 2053 monte
1530 2013 1874 2067 magnitudinem.
1936 2015 1998 2067 (9)
2041 2017 2176 2070 Atque
2215 2017 2387 2058 alterum
2428 2022 2594 2074 quidem

1356 2087 1508 2126 montis
1522 2087 1627 2127 latus
1640 2087 1869 2127 secundum
1885 2088 2136 2140 Magnesiam
2151 2090 2483 2147 Thessaliamque
2497 2108 2593 2149 pro-

1355 2158 1558 2209 tenditur,
1582 2159 1807 2213 zephyrum
1824 2174 1964 2199 versus
1982 2160 2158 2215 solisque
2176 2177 2365 2204 occasum
2381 2175 2564 2219 spectans
2578 2184 2588 2217 ;

1353 2232 1528 2273 alterum
1539 2245 1637 2272 vero
1653 2246 1793 2272 versus
1802 2233 1913 2274 Atho
1923 2240 2106 2273 montem
2116 2243 2155 2274 et
2164 2236 2300 2275 sinum
2308 2252 2431 2291 quem
2450 2239 2588 2279 Mace-

1352 2306 1551 2346 donicum
1585 2314 1746 2354 vocant,
1768 2305 1978 2360 obliquam
2005 2315 2134 2346 totam
2163 2308 2318 2348 habens
2342 2319 2382 2350 et
2402 2325 2586 2365 asperam

1353 2384 1416 2413 sul
1446 2382 1604 2428 partem
1632 2372 1882 2413 Thessaliam
1905 2387 2048 2419 versus
2074 2388 2325 2417 conversam.
2387 2379 2475 2431 (10)
2495 2379 2588 2419 Plu-

1353 2444 1552 2483 rimarum
1573 2450 1769 2496 praeterea
1785 2442 2009 2482 herbarum
2029 2442 2141 2483 ferax
2166 2453 2226 2484 est
2245 2459 2362 2485 mons
2382 2447 2470 2496 iste,
2497 2462 2587 2502 quae

1353 2576 1448 2617 ἀπο
1465 2576 1626 2630 κρήμν
1641 2591 1661 2615 ο
1676 2591 1715 2622 ις
1739 2576 1754 2630 ]
1784 2576 1842 2615 sic
1866 2575 1959 2615 cod.
1985 2578 2049 2625 Ρ.,
2081 2575 2323 2631 ἐπικρήμνοις
2355 2578 2447 2619 cod.
2471 2580 2581 2620 Gud.

1407 2641 1429 2691 ἓ
1449 2654 1488 2692 7.
1511 2637 1771 2678 Crausindon
1791 2646 1830 2678 et
1850 2638 2042 2692 Brychon
2069 2639 2183 2678 fluvii
2206 2640 2300 2680 alibi
2326 2655 2407 2680 non
2429 2656 2584 2682 memo-

1349 2701 1696 2754 ramunu—wss
1719 2699 1909 2752 Πηλίου
1926 2716 1978 2740 κε
1995 2701 2100 2755 ιμέν
2114 2702 2214 2756 ους]
2231 2716 2269 2742 v.
2293 2704 2486 2757 κειμένους
2501 2719 2584 2744 non

1347 2763 1471 2804 habet
1502 2762 1732 2804 Gudianus.
1763 2763 1948 2803 Alterum
1980 2763 2242 2818 participium
2275 2767 2585 2820 γεωργουμένους

1347 2834 1487 2866 ortum
1512 2824 1674 2864 videtur
1703 2840 1753 2865 ex
1783 2825 2039 2879 compendiis
2060 2840 2208 2866 vocum
2239 2825 2436 2881 ὑπωρείαις
2459 2830 2584 2882 κειμέ-

1348 2902 1457 2938 νους;
1477 2888 1593 2943 ῥίζαις
1611 2896 1704 2942 post
1722 2902 1760 2928 v.
1783 2887 1932 2939 Πηλίου
1948 2888 2108 2942 supplet
2124 2890 2381 2939 Buttmann.;
2400 2892 2481 2937 τοῖς
2496 2891 2584 2931 ποσὶ

1347 2951 1455 3005 conj.
1477 2950 1644 2998 Miller.;
1663 2950 1750 2997 τοὺς
1766 2949 1803 2990 ἐν
1824 2949 1990 3004 ὑπωρείᾳ
2008 2952 2075 2989 τοῦ
2089 2949 2252 3001 Πηλίου,
2272 2959 2342 2993 aut
2358 2950 2396 2990 ἐν
2412 2953 2493 2998 τοῖς
2511 2952 2582 2992 ὑπὸ

1346 3014 1495 3066 Πηλίου
1515 3014 1644 3056 Fuhr.
1670 3012 1684 3066 Ι(
1704 3038 1760 3045 —
1775 3013 1836 3053 όίλ
1849 3028 1871 3052 σ
1883 3014 1954 3067 ος]
1973 3012 2091 3060 λάσος
2107 3012 2248 3063 codd.;
2266 3027 2346 3053 em.
2373 3015 2576 3054 Osannus.

1345 3079 1408 3118 De
1436 3077 1565 3118 Pelaea
1578 3109 1589 3128 ,
1617 3080 1682 3119 cui
1716 3091 1829 3118 sacer
1860 3076 1975 3116 lucus
1994 3083 2095 3125 erat,
2114 3074 2279 3114 aliunde
2299 3089 2384 3114 non
2404 3085 2574 3116 constat.

1400 3143 1422 3193 5
1451 3143 1490 3181 8.
1529 3140 1835 3196 Χειρώνιον]
1872 3138 2062 3178 Meminit
2091 3136 2228 3190 ἄντρου
2265 3136 2450 3190 Χείρωνος
2482 3138 2576 3177 Phi-

1342 3202 1499 3243 lostrat.
1537 3205 1599 3243 De
1632 3205 1780 3256 imagg.
1815 3203 1870 3249 II,
1906 3213 1945 3249 2,
1981 3199 2002 3238 5
2021 3213 2075 3253 ·p,
2111 3199 2189 3239 366
2219 3197 2284 3238 ed.
2301 3198 2443 3239 Didot.
2480 3199 2493 3251 ΙΙ
2522 3223 2577 3230 —

1345 3264 1400 3305 ἀκ
1414 3280 1466 3318 ρα
1481 3265 1579 3319 ίου]
1621 3264 1777 3306 ἀκταίου
1794 3280 1803 3313 ;
1829 3274 1909 3301 em.
1959 3263 2114 3301 Osann.
2162 3260 2226 3300 Cf.
2272 3260 2421 3300 Muller
2463 3261 2572 3301 Min.

1342 3342 1385 3383 p.
1417 3330 1496 3380 249
1514 3359 1524 3376 ,
1543 3326 1760 3367 Eamenid.
1777 3340 1819 3380 p.
1843 3327 1915 3371 141
1934 3338 1944 3372 ;
1963 3322 2127 3363 Preller.
2145 3321 2197 3362 ad
2212 3321 2367 3363 Polem.
2386 3322 2478 3376 Περὶ
2490 3322 2575 3370 Διὸς

1342 3389 1481 3429 κωδίου
1494 3402 1536 3442 p.
1561 3391 1637 3437 140
1651 3405 1660 3438 ;
1676 3390 1901 3428 Hermann.
1919 3383 2104 3425 Gottesd.
2122 3384 2373 3425 Alterthdm.
2385 3387 2406 3436 5
2419 3386 2487 3434 23,
2504 3386 2571 3425 23.

1347 3452 1362 3504 ΙΙ
1393 3476 1449 3482 -
1475 3450 1548 3491 ἐπὶ
1584 3453 1693 3503 τοῦ,
1716 3448 1921 3504 ἱερέως]
1955 3446 2027 3487 ὑπὸ
2059 3462 2094 3487 τ.
2130 3446 2158 3486 ἱ.
2188 3448 2443 3487 Buttmann.'
2467 3447 2482 3500 ll
2520 3471 2576 3477 —

1343 3513 1468 3568 μία]
1505 3512 1619 3552 deest
1653 3514 1692 3552 in
1727 3510 1936 3552 Gudiano.
1958 3508 2118 3549 Deinde
2136 3507 2206 3559 τὴν
2236 3517 2331 3549 ante
2357 3507 2572 3549 Θεσσαλίαν

1340 3591 1424 3616 0111.
1448 3574 1630 3616 Gudian.

1395 3641 1417 3690 ς
1447 3653 1487 3691 9.
1515 3635 1627 3676 ἐπικ
1641 3635 1753 3687 εκλη
1771 3635 1856 3689 μέν
1871 3636 1950 3689 ον]
1994 3633 2234 3688 καλούμενον
2272 3631 2571 3687 ἐπικεκλημένον

1339 3698 1480 3748 codd.;
1506 3698 1594 3739 καλ.
1621 3697 1731 3752 ejicit
1761 3696 1992 3747 Fabricius,
2015 3704 2140 3746 recte,
2166 3704 2212 3736 ut
2230 3694 2407 3743 videtur,
2430 3709 2570 3748 quam-

1338 3775 1461 3815 quam
1483 3760 1605 3800 fuisse
1631 3769 1777 3815 putare
1806 3760 1898 3800 licet
1926 3758 2014 3799 καλ.
2051 3758 2331 3813 ἐπικεκλιμένη.
2366 3756 2569 3795 Articulus

1331 3824 1397 3864 τὸν
1431 3831 1524 3863 ante
1543 3823 1648 3862 Μακ.
1682 3822 1796 3863 deest
1825 3823 1867 3862 in
1904 3821 2112 3863 Gudiano.
2159 3821 2174 3874 ΙΙ
2214 3845 2270 3850 -
2306 3818 2369 3859 πλ
2383 3833 2405 3856 α
2418 3833 2441 3871 γ
2458 3818 2526 3855 ίαν
2551 3833 2564 3871 j

1332 3885 1519 3939 πελαγίαν
1549 3883 1644 3925 cod.
1675 3883 1788 3926 Gud.
2296 3910 2300 3915 ·

1390 3951 1412 4000 S
1439 3961 1502 3989 10.
1525 3947 1686 4002 πολυφ
1699 3948 1722 3986 ά
1735 3962 1754 4002 ρ
1769 3962 1866 4002 μακ
1879 3962 1899 3987 ο
1912 3947 1962 4001 ν]
1990 3963 2006 3984 «
2032 3943 2303 3998 Theophrast.
2327 3942 2380 3981 H.
2405 3940 2463 3980 Pl.
2488 3941 2565 3988 IX,
