2782 4348
95 194 184 252 (54.)

0 303 80 343 hot.
94 288 219 350 ἧττον
257 294 330 354 μὲν
365 295 527 347 δασεῖα,
560 294 640 336 τῶν
672 288 714 334 δὲ
740 286 1002 347 καλουμένων
1049 288 1325 349 μελεαγρίδων

94 363 343 425 ἐκτρέφουσα
363 363 528 416 πλῆθος.

156 446 214 476 82.
237 429 405 478 Τούτοις
427 427 461 471 δ’
478 425 626 486 ἐγγίζει
644 425 815 484 κόλπος,
837 423 880 469 ὃν
903 426 1094 469 καλοῦσιν
1115 424 1323 486 Ἀκάθαρ-

1026 189 1105 234 DE
1120 223 1126 227 .
1140 189 1297 233 MARI
1331 186 1700 232 ERYTHRAEO.

2538 199 2620 235 169

1397 291 1494 331 dem
1515 292 1661 332 silvosa
1683 299 1769 341 est,
1792 289 1864 331 sed
1882 291 2035 339 avium,
2062 303 2162 343 quas
2179 290 2443 343 Meleagrides
2463 306 2620 346 vocant,

1395 360 1557 413 copiam
1586 360 1731 399 nutrit.
2100 359 2103 362 ’

1451 427 1518 465 82.
1539 427 1613 465 His
1632 426 1890 479 propinquus
1905 431 1965 464 est
1983 423 2111 472 sinus,
2134 436 2257 476 quem
2271 423 2538 465 Immundum
2555 441 2626 467 no-

0 576 78 615 iod,
93 557 396 622 προειρημένων
428 556 615 618 δένδρων,
647 558 800 612 πλῆθος
830 558 864 601 δ’
884 556 1038 618 ἔχουσα
1063 559 1143 601 τῶν
1163 558 1319 617 ὄνομα·
1391 576 1486 602 rum
1520 562 1788 602 multitudine
1810 562 1886 602 illis
1910 560 2084 600 inferior
2114 559 2408 614 meleagridum
2428 573 2527 614 quas
2558 577 2626 602 vo-

52 657 72 683 5
95 625 270 681 ζομενων
295 619 588 680 μελεαγρίδων.

157 707 212 736 82.
237 689 356 735 Μετὰ
383 689 424 733 δὲ
446 693 577 734 ταῦτα
597 688 748 740 κόλπος
771 687 881 734 ἐστὶν
904 688 1124 750 εὐμεγέθης
1143 691 1163 733 ὁ
1183 688 1326 734 καλού-

97 845 324 901 ᾎκάθαρτον
339 845 485 886 κόλπον
505 846 570 886 καὶ
588 845 701 886 αὐτὸν
721 845 842 887 κατὰ
866 844 947 897 τὴν
969 846 1031 899 Θη
1045 845 1194 886 Gaffiot
1226 863 1273 888 κε
1289 847 1326 887 ί-

96 923 210 964 μενο
224 923 242 948 ν
273 910 425 962 ὥσπερ
445 924 467 948 κ
481 909 529 948 αὶ
547 908 626 949 τὸν
656 908 763 956 Μυὸς
786 909 922 965 ὅρμον.
958 908 1150 951 Ἐνταῦθα
1171 909 1212 950 δὲ
1230 910 1328 965 ἱδρύ-

94 972 180 1011 σθαι
209 970 410 1025 Βερενίκην
435 970 547 1010 πόλιν
569 970 607 1011 ἓν
628 971 816 1025 βάθειτοῦ
836 971 997 1012 κόλπου.
1020 970 1138 1012 Idem
1155 972 1296 1026 p.·815
1314 984 1324 1012 ζ

98 1032 296 1074 Ἐντεῦθεν
337 1032 391 1088 (a
414 1034 579 1087 Copto)
601 1032 700 1074 ἔστιν
736 1033 757 1074 ὁ
789 1033 922 1090 ἰσθμὸς
952 1033 1002 1081 εἰς
1031 1031 1101 1085 τὴν
1140 1032 1326 1089 Ἐρυθρὰν

92 1096 189 1137 κατὰ
206 1096 319 1137 πόλιν
340 1096 615 1151 Βερενίκην....
642 1112 662 1137 0
674 1095 694 1136 ὖ
707 1112 729 1137 κ
759 1095 860 1138 ἅπω
875 1098 922 1138 θε
934 1111 953 1138 ν
973 1096 1014 1138 δὲ
1035 1099 1102 1149 τῆς
1130 1097 1330 1153 Βερενίκης

93 1158 175 1200 ἐστὶ
191 1159 297 1207 Μυὸς
319 1160 436 1215 ὅρμος
455 1159 584 1209 πόλις,
604 1159 749 1214 ἔχουσα
762 1160 829 1201 τὸν
854 1159 1094 1216 ναύσταθμον
1118 1162 1194 1201 τῶν
1213 1159 1327 1201 πλοϊ-

94 1223 265 1276 ζομένων
283 1237 291 1246 ·
311 1222 456 1273 καὶτῆς
479 1223 630 1263 Κοπτοῦ
647 1222 690 1263 οὒ
712 1223 812 1264 πολὺ
836 1222 1041 1278 ἀφέστηκεν
1068 1222 1091 1275 ἣ
1110 1222 1326 1278 καλουμένη

100 1283 342 1332 Ἀπόλλωνος
359 1285 483 1335 πόλις,
503 1286 601 1326 ὥστε
622 1286 687 1326 καὶ
705 1285 745 1325 αἱ
760 1286 993 1340 διορίζουσαι
1015 1285 1082 1327 τὸν
1107 1285 1242 1341 ἰσθμὸν
1261 1287 1328 1325 δύο

94 1347 224 1394 πόλεις
254 1347 481 1402 ἑκατέρωθέν
506 1347 614 1388 εἰσιν.
639 1349 848 1389 Posterior
869 1348 983 1389 locus
1004 1363 1100 1390 cum
1121 1349 1251 1403 priori
1274 1350 1329 1390 ita

95 1409 320 1457 consentit,
347 1417 393 1448 ut
415 1424 464 1448 ex
497 1408 643 1448 eodem
676 1409 943 1450 Artemidoro
970 1410 1135 1450 fluxisse
1159 1410 1326 1464 liqueat.

95 1471 243 1509 Censet
278 1470 404 1523 igitur
428 1477 572 1509 auctor
594 1469 791 1510 isthmum
819 1471 904 1510 sive
926 1485 1023 1512 eum
1046 1472 1212 1526 AEgypti
1248 1479 1330 1512 tra-

94 1538 221 1581 ctum,
245 1531 317 1571 ubi
338 1531 455 1571 Nilus
470 1531 574 1571 mari
596 1532 810 1586 proximus
829 1541 888 1572 est
901 1564 913 1583 ,
936 1541 1132 1587 quattuor
1153 1535 1330 1575 circum-

94 1594 216 1633 scribi
239 1593 427 1644 urbibus,
462 1607 638 1647 quarum
668 1593 761 1634 duae
786 1594 882 1634 Nilo
914 1594 1079 1644 adsitae,
1112 1597 1268 1651 Coptus
1290 1606 1331 1637 et

95 1655 416 1710 Apollinopolis‚
443 1656 573 1709 iisque
605 1663 717 1695 recta
744 1654 828 1695 fere
860 1656 966 1696 linea
989 1659 1186 1711 oppositae
1208 1659 1330 1698 urbes

95 1719 310 1758 maritimae
333 1719 414 1758 sint
445 1718 737 1773 Myoshormus
756 1727 796 1759 et
823 1720 1035 1760 Berenice.
1065 1720 1229 1760 Falsum
1251 1721 1332 1761 hoc

94 1795 195 1831 esse,
217 1795 346 1835 quum
360 1796 383 1821 a
398 1781 531 1835 Copto
555 1781 778 1820 Berenicen
799 1781 1015 1822 meridiem
1032 1796 1172 1822 versus
1187 1783 1239 1822 sit
1253 1797 1331 1822 un-

96 1844 229 1885 decim
263 1845 426 1885 dierum
455 1846 546 1895 iter,
585 1853 711 1899 patet.
736 1844 969 1886 Credidisse
1008 1846 1331 1900 Agatharchides

94 1907 258 1948 videtur
276 1909 361 1948 vias
378 1923 402 1948 a
422 1909 554 1962 Copto
570 1908 623 1948 ad
648 1916 792 1962 portus
813 1907 958 1949 ductas
983 1923 1090 1959 esse,
1116 1910 1213 1964 quia
1234 1910 1333 1950 hinc

93 1970 382 2010 brevissimum
413 1970 465 2010 ad
491 1985 606 2011 oram
645 1972 725 2011 iter
750 1979 879 2021 esset;
912 1970 1088 2026 ideoque
1127 1972 1250 2012 urbes
1279 1972 1331 2013 ad

95 2034 231 2087 ipsum
266 2033 391 2073 istum
420 2033 619 2073 isthmum
655 2032 882 2073 collocavit.
919 2033 1028 2074 Illud
1060 2042 1197 2074 tamen
1222 2044 1332 2075 recte
1369 2031 1371 2033 ’

96 2104 272 2135 statuere
290 2095 428 2150 potuit
448 2111 534 2136 non
558 2096 613 2136 ita
640 2110 833 2150 magnam
858 2097 967 2137 inter
991 2104 1215 2151 utrumque
1233 2112 1332 2152 por-

96 2166 185 2198 tum
203 2173 288 2198 esse
308 2158 559 2199 distantiam.
573 2160 679 2199 Nam
701 2173 754 2199 ne
768 2159 984 2213 suspiceris
1001 2161 1227 2200 Berenicen
1243 2162 1334 2214 qui-

39 2220 56 2261 f
96 2219 191 2259 dem
215 2235 239 2260 a
253 2219 425 2259 meridie
438 2220 608 2260 boream
627 2234 790 2269 versus,
810 2220 1127 2274 Myoshormum
1147 2229 1283 2261 autem
1310 2237 1333 2263 a

95 2283 223 2324 borea
251 2282 468 2324 meridiem
486 2298 626 2324 versus
648 2282 964 2336 Agatharchidis
988 2285 1183 2339 opinione
1199 2299 1334 2326 remo-

97 2347 208 2395 veri,
242 2345 375 2386 obstat
403 2346 515 2386 testis
545 2346 829 2399 gravissimus,
864 2354 1009 2387 auctor
1038 2346 1190 2401 Peripli
1210 2349 1333 2388 maris

98 2408 251 2458 Rubri,
282 2409 353 2462 qui
383 2410 405 2460 g
436 2421 454 2447 1
486 2416 527 2447 et
546 2407 861 2462 Myoshormum
893 2415 933 2448 et
953 2408 1177 2448 Berenicen
1206 2407 1244 2448 ἐν
1276 2414 1333 2464 τῷ

100 2470 189 2524 ἔσχ
201 2471 294 2526 άητῳ
328 2473 394 2522 τῆς
416 2469 608 2525 Αἰγύπτου
628 2470 777 2510 κεῖσθαι
795 2469 935 2520 docet;
957 2484 1091 2524 neque
1110 2471 1166 2511 ita
1184 2485 1334 2525 magno

98 2542 321 2588 utrumque
355 2541 523 2588 portum
557 2540 691 2573 tractu
718 2540 950 2586 separatum
979 2531 1102 2572 fuisse
1131 2534 1254 2575 etiam
1283 2549 1333 2574 ex

97 2596 271 2644 ratione,
289 2609 371 2649 qua
387 2598 409 2648 S
434 2609 482 2648 19
499 2595 712 2649 utriusque
731 2595 985 2635 mentionem
1001 2603 1145 2635 auctor
1163 2595 1336 2650 conjun-

97 2658 177 2711 git,
209 2657 387 2711 colligas.
414 2658 489 2698 His
525 2656 631 2698 adde
653 2656 768 2711 quod
789 2656 915 2697 index
935 2657 996 2697 rei
1028 2656 1332 2710 disertissimus,

99 2719 184 2773 ὄρος
215 2718 326 2759 istud
351 2718 536 2774 μιλτῶδες
550 2750 562 2768 ,
586 2717 700 2773 quod
721 2732 846 2773 supra
861 2717 950 2772 jam
972 2718 1170 2770 vidimus,
1195 2719 1334 2761 denuo

99 2782 279 2822 occurrit
291 2779 411 2835 juxta
435 2785 628 2822 Sacarum
650 2789 819 2836 portum
843 2782 961 2834 (uno
986 2780 1117 2834 gradu
1131 2790 1171 2822 et
1198 2783 1335 2837 paullo

98 2844 189 2898 plus
205 2859 228 2885 a
240 2845 434 2885 Berenice
453 2843 706 2897 distantem),
721 2844 793 2884 ubi
814 2842 917 2884 vidit
930 2846 954 2885 J
956 2858 1108 2885 oannes
1123 2843 1175 2885 de
1192 2846 1335 2887 Castro

103 2906 116 2962 (
132 2921 174 2961 p.
194 2920 274 2948 210
293 2909 326 2961 ),
348 2915 394 2947 ut
413 2907 568 2962 optime
583 2914 724 2946 monet
742 2905 994 2947 Reichardus
1013 2906 1182 2959 (Kleine
1196 2923 1331 2962 geogr.

100 2969 316 3023 Schriften,
341 2984 384 3025 p.
415 2970 492 3023 391
527 2968 591 3010 Cf.
616 2983 766 3024 mappa
793 2969 957 3010 Arabiae
981 2970 1284 3023 Berghausiana
1299 2971 1332 3027 ).

103 3033 164 3072 De
193 3032 328 3073 colore
350 3032 500 3072 eximie
518 3031 612 3072 rufo
632 3031 700 3072 hic
721 3045 887 3086 quoque
911 3031 1023 3072 collis
1044 3032 1157 3086 apud
1180 3033 1335 3074 Arabes

102 3092 251 3134 dicitur
265 3094 410 3149 Djebel
424 3094 598 3135 Ahmar.
621 3097 724 3147 Quae
739 3093 987 3135 antecedunt
1003 3109 1069 3149 ap.
1093 3097 1170 3148 Ag.
1188 3095 1240 3136 de
1254 3097 1335 3137 Nili

102 3169 207 3209 aqua
232 3171 362 3212 usque
383 3156 436 3197 ad
455 3171 567 3198 mare
588 3166 850 3213 penetrante,
883 3156 935 3197 de
963 3157 1088 3198 Wadi
1110 3158 1247 3212 aliquo
1272 3159 1335 3199 in-

84 3217 317 3275 telligenda
347 3228 467 3269 sunt,
505 3234 634 3274 eaque
671 3220 813 3275 opinio
842 3220 994 3260 iterum
1036 3235 1111 3260 nos
1141 3219 1257 3262 ducit
1283 3222 1336 3263 ad

103 3279 242 3319 isthmi
264 3282 488 3334 regionem,
514 3282 676 3336 qualem
699 3282 1021 3335 Agatharchides
1044 3284 1210 3334 statuit,
1236 3299 1336 3324 con-

104 3340 351 3396 ferendaque
381 3352 476 3384 sunt
506 3347 634 3398 quaeS
656 3345 707 3385 23
731 3344 784 3384 de
812 3345 978 3398 regione
1007 3343 1336 3387 aurifodinarum

104 3402 309 3455 leguntur,
333 3405 375 3443 in
401 3419 482 3458 qua
500 3405 617 3445 Nilus
639 3420 752 3446 mare
777 3420 917 3446 versus
936 3405 1039 3447 adeo
1058 3406 1218 3447 deflecti
1235 3407 1336 3448 dici-

105 3472 188 3512 tur,
210 3473 257 3504 ut
277 3467 434 3506 marina
451 3475 490 3507 et
519 3468 634 3507 fluvii
664 3482 770 3522 aqua
788 3469 832 3507 in
852 3482 984 3508 unum
1000 3477 1131 3510 coeat.
1161 3471 1243 3522 Qui
1265 3485 1336 3510 au-

105 3534 189 3565 tem
225 3535 316 3580 post
351 3537 534 3569 montem
562 3529 737 3570 rubrum
766 3538 1018 3571 memoratur
1044 3531 1336 3586 Myoshormus

105 3587 217 3627 haud
237 3587 361 3628 dubie
383 3599 463 3639 est,
481 3591 711 3632 Reichardo
723 3591 884 3646 judice,
906 3592 1132 3633 hodiernus
1150 3595 1337 3636 Sclmuna

36 3702 39 3705 ‚
105 3658 272 3704 portus,
298 3650 431 3690 bonus
453 3651 518 3691 ille
546 3653 722 3706 satisque
753 3654 969 3707 spatiosus,
1004 3654 1057 3694 ad
1092 3669 1214 3710 quem
1238 3658 1336 3698 olim

107 3711 307 3751 celebrem
328 3712 536 3765 gentilium
563 3713 709 3754 urbem
725 3714 847 3755 fuisse
865 3729 916 3755 ex
934 3714 1136 3769 indigenis
1158 3720 1182 3758 J
1184 3732 1336 3759 oannes

107 3774 159 3814 de
192 3776 335 3815 Castro
373 3774 551 3824 audivit;
595 3775 769 3829 quadrat
810 3776 989 3831 denique
1025 3792 1096 3818 sex
1131 3788 1336 3834 septemve

34 3865 39 3868 -
107 3835 267 3876 dierum
286 3837 376 3886 iter,
395 3836 508 3891 quod
527 3851 551 3877 a
571 3838 704 3892 Copto
720 3837 772 3879 ad
788 3839 1103 3893 Myoshormum
1130 3856 1214 3883 esse
1235 3843 1337 3884 dicit

108 3899 268 3939 Strabo.
295 3899 418 3951 Quod
439 3908 633 3954 praeterea
648 3900 970 3954 Agatharchides
986 3901 1110 3943 refert
1121 3905 1338 3959 Myoshor-

108 3974 223 4000 mum
247 3970 387 4015 postea
420 3961 595 4001 Veneris
616 3970 783 4015 portum
812 3960 1123 4004 denominatum
1154 3980 1256 4015 esse,
1296 3966 1337 4006 id

108 4032 255 4077 pra-ter
282 4023 592 4065 Artemidorum
615 4038 737 4064 nemo
766 4023 890 4065 tradit
900 4041 911 4075 ;
942 4025 1150 4067 Diodorus
1175 4030 1336 4070 nonnisi

1394 638 1490 671 cant
1513 643 1702 682 magnam
1718 629 1842 669 habet
1867 629 2044 682 copiam.

1453 700 1521 739 82.
1552 695 1656 737 Inde
1682 697 1796 736 sinus
1818 704 1879 736 est
1899 708 2161 750 permagnuS‚
2187 695 2258 749 qui
2280 695 2526 737 Immundus
2555 711 2629 737 no-

1399 849 1602 903 posterius
1625 861 1776 888 nomen
1807 854 2033 896 memorat,
2069 845 2183 901 quod
2212 855 2348 887 tamen
2370 863 2454 890 non
2476 850 2549 890 diu
2569 853 2628 892 vi-

1398 911 1532 963 guisse
1567 909 1745 959 videtur,
1788 922 1918 963 quum
1960 907 2072 963 apud
2117 910 2362 962 posteriores
2410 913 2628 966 scriptores

1396 972 1562 1012 nonnisi
1577 971 1869 1026 Myoshormus
1881 978 2084 1011 occurrat.
2103 971 2207 1011 Sunt
2222 972 2293 1025 qui
2312 986 2463 1013 nomen
2478 973 2627 1029 duplex

1396 1034 1544 1075 eodem
1566 1034 1702 1075 redire
1727 1041 1943 1084 censeant3
1968 1034 2120 1074 etenim
2143 1033 2248 1081 Μυὸς
2281 1034 2399 1089 ὅρμον
2429 1050 2514 1076 non
2543 1052 2630 1079 esse

1397 1101 1450 1140 M
1449 1098 1536 1138 aris
1543 1107 1729 1154 portum,
1745 1096 1817 1138 sed
1836 1096 2014 1146 Conchae,
2048 1097 2246 1137 nimirum
2264 1098 2421 1139 conchae
2441 1100 2625 1149 Veneris,

1398 1174 1489 1214 quae
1516 1161 1560 1200 in
1573 1161 1668 1200 sinu
1685 1158 1864 1200 Arabico
1877 1159 1930 1199 sit
1952 1157 2160 1213 frequens.
2177 1159 2324 1199 Nescio
2346 1174 2398 1200 an
2417 1160 2496 1201 hoc
2511 1161 2631 1215 longe

1396 1223 1571 1276 petitum
1599 1220 1767 1261 dixeris.
1788 1221 1911 1261 Mitto
1941 1219 2062 1260 aliam
2092 1218 2307 1275 Ἀφροδίτης
2332 1222 2451 1277 ὅρμου
2476 1231 2632 1278 etymo-

1397 1284 1562 1338 logiam,
1583 1298 1723 1338 quam,
1744 1284 1778 1323 si
1794 1283 1894 1323 tanti
1915 1291 1991 1332 est,
2012 1282 2144 1336 legere
2159 1283 2253 1324 licet
2266 1299 2331 1339 ap.
2354 1284 2632 1327 D’Anvillium

1399 1347 1415 1398 (
1435 1345 1699 1402 Description
1721 1344 1777 1385 da
1798 1344 1909 1399 golfe
1926 1345 2153 1400 Arabique‚
2174 1360 2218 1400 p.
2254 1359 2351 1399 229,
2372 1347 2464 1387 coll.
2483 1349 2632 1393 Gosse·

1398 1402 1471 1450 lin.
1496 1409 1524 1449 l.
1547 1409 1575 1449 l.
1610 1411 1667 1459 II,
1690 1423 1734 1464 p.
1780 1409 1855 1462 193
1883 1408 1896 1464 )
1934 1417 1975 1449 et
1993 1409 2246 1449 Vincentum
2273 1409 2286 1465 (
2315 1410 2396 1450 The
2423 1425 2638 1452 commerce

1398 1471 1485 1511 and
1507 1471 1650 1523 navig.
1672 1471 1714 1512 in
1734 1472 1799 1511 tlte
1813 1470 1969 1511 Indian
1991 1485 2126 1521 ocean,
2150 1473 2206 1521 II,
2231 1486 2273 1526 p.
2298 1474 2349 1526 78
2374 1471 2406 1528 ).
2430 1474 2560 1527 Magis
2582 1475 2633 1515 ad

1398 1548 1486 1574 rem
1508 1534 1619 1583 facit,
1638 1533 1752 1588 quod
1766 1534 1961 1574 Schaunae
1975 1535 2114 1588 portui
2130 1533 2347 1574 meridiem
2362 1549 2502 1575 versus
2521 1536 2634 1591 obja-

1400 1604 1463 1636 cet
1484 1597 1630 1637 Jambo
1646 1596 1792 1646 insula,
1811 1597 1878 1636 cui
1897 1596 2077 1651 parvulae
2095 1596 2238 1636 insulae
2253 1604 2334 1637 tres
2355 1611 2571 1652 anonymae
2590 1600 2632 1639 in

1400 1672 1548 1713 mappa
1579 1659 1886 1712 Berghausiana
1920 1658 2122 1713 adspersae
2152 1667 2263 1700 sunt.
2296 1661 2376 1700 Eas
2404 1660 2510 1714 ipsas
2549 1676 2634 1701 esse

1399 1729 1540 1775 putes,
1562 1736 1663 1776 quas
1682 1721 1952 1776 Myoshormo
1973 1719 2151 1775 objectas
2170 1720 2271 1762 dicit
2293 1722 2630 1776 Agatharchides.

1401 1786 1493 1824 Jam
1520 1798 1617 1824 vero
1639 1798 1767 1837 quum
1783 1784 1944 1832 Jamb0,
1971 1798 2095 1838 quam
2113 1784 2284 1824 Jamben
2304 1785 2461 1825 Plinius
2478 1787 2555 1835 VI,
2582 1787 2633 1826 33

1401 1854 1534 1896 vocat,
1563 1845 1807 1888 Ptolemaeus
1834 1847 1980 1886 Graeco
2016 1846 2186 1886 nomine
2226 1846 2399 1901 appellet
2424 1845 2639 1902 Ἀφροδίτης

1401 1911 1519 1960 νῆσον
1558 1908 1673 1961 (sub
1696 1908 1840 1948 eadem
1862 1907 2078 1948 latitudine
2110 1923 2207 1948 cum
2239 1908 2463 1962 Smaragdo
2496 1919 2635 1950 monte

1402 1972 1418 2024 (
1438 1971 1582 2026 chhel
1597 1971 1795 2010 Zabamlc
1814 1973 1830 2023 )
1850 1970 2103 2020 collocatam,
2126 1970 2199 2011 25⁰
2221 1972 2237 2024 )
2265 1984 2274 2011 :
2298 1971 2490 2025 proclivis
2505 1974 2635 2027 suspi-

1401 2035 1465 2074 cio
1489 2043 1550 2074 est
1566 2048 1718 2073 nomen
1736 2034 1911 2072 Veneris
1934 2033 2154 2074 nonnullos
2170 2033 2221 2073 ab
2240 2033 2373 2074 insula
2387 2033 2438 2074 ad
2468 2044 2635 2088 portum

1401 2094 1657 2150 objacentem
1669 2095 1936 2136 transtulisse.
1997 2097 2240 2148 ABerenice
2255 2095 2308 2135 ad
2322 2097 2634 2150 Myoshormum

1400 2158 1586 2213 Periplus
1605 2166 1796 2198 numerat
1811 2158 1939 2198 stadia
1955 2160 2080 2207 18003
2105 2166 2175 2199 aut
2189 2173 2337 2213 parum
2359 2167 2430 2198 aut
2459 2160 2633 2201 nimium

1401 2219 1522 2269 dicit;
1554 2234 1635 2259 orae
1658 2219 1871 2272 longitudo
1901 2234 2031 2273 usque
2049 2220 2101 2260 ad
2115 2221 2345 2260 Schaanam
2366 2221 2474 2260 mille
2496 2222 2639 2261 stadiis

1402 2296 1487 2322 non
1516 2282 1646 2322 multo
1668 2280 1820 2335 major;
1842 2289 1883 2322 at
1905 2281 2107 2322 distantiae
2127 2283 2170 2322 in
2198 2283 2362 2337 Periplo
2394 2297 2498 2337 saepe
2520 2282 2634 2336 justo

1402 2342 1520 2396 longe
1536 2341 1710 2396 majores
1728 2351 1846 2394 sunt;
1867 2344 2053 2397 beneque
2083 2344 2361 2398 reputandum
2383 2354 2444 2384 est
2462 2355 2635 2399 quanto-

1395 2416 1498 2459 pere
1520 2419 1633 2446 mare
1662 2405 1839 2460 scopulis
1857 2406 1916 2446 ibi
1939 2406 2111 2446 horrens
2140 2406 2440 2459 navigationem
2472 2408 2634 2449 trahere

1402 2467 1607 2508 debuerit.
1626 2469 1818 2508 Ceterum
1843 2482 1972 2522 quum
1993 2470 2099 2510 1800
2116 2467 2246 2508 stadia
2264 2468 2463 2509 ducerent
2484 2470 2567 2510 fere
2582 2471 2633 2511 ad
2662 2477 2674 2497 *³

1404 2529 1654 2570 hodiernum
1662 2530 1820 2579 Koseir,
1836 2531 1893 2570 ibi
1913 2530 2062 2585 Peripli
2072 2531 2634 2586 auctoritateMyoshormum

1403 2591 1644 2646 ponendum
1660 2592 1779 2632 multi
1792 2601 1973 2633 censent.
1988 2595 2043 2633 At
2057 2592 2235 2632 misellus
2247 2593 2322 2632 iste
2335 2602 2494 2647 portus,
2516 2596 2636 2648 quin-

1403 2669 1483 2708 que
1502 2655 1571 2694 vix
1586 2654 1759 2695 navibus
1775 2654 2026 2710 excipiendis
2044 2655 2151 2710 potis
2163 2686 2174 2705 ,
2199 2655 2372 2695 florente
2387 2658 2635 2696 commercio

1403 2731 1617 2771 nunquam
1651 2718 1882 2773 principem
1911 2719 2019 2758 inter
2056 2718 2241 2772 emporia
2272 2717 2410 2758 locum
2453 2718 2638 2759 obtinere

1402 2781 1559 2834 potuit,
1579 2788 1626 2820 ut
1641 2788 1751 2821 recte
1775 2788 1916 2821 monet
1936 2780 2185 2821 Letronnius
2199 2811 2211 2830 ,
2236 2779 2265 2820 l.
2286 2779 2333 2829 l.;
2353 2780 2448 2821 Nilo
2468 2780 2639 2835 quidem>

1403 2843 1618 2897 proximus
1642 2851 1743 2892 erat,
1772 2842 1826 2882 ob
1856 2857 2028 2897 eamque
2050 2856 2213 2882 causam
2237 2856 2350 2882 nunc
2373 2842 2417 2882 in
2445 2857 2524 2883 usu
2552 2853 2634 2893 est3

1404 2904 1476 2945 sed
1487 2904 1633 2946 Strabo
1649 2904 1702 2946 ad
1709 2905 2026 2960 Myoshormum
2042 2913 2198 2960 septem
2212 2903 2375 2945 dierum
2391 2905 2469 2945 iter
2483 2920 2568 2946 esse
2579 2906 2643 2945 di-

1404 2968 1474 3018 cit,
1491 2982 1623 3022 quum
1639 2967 1691 3008 ad
1707 2967 1852 3008 Koseil·
1868 2967 2007 3024 (quem
2017 2976 2187 3023 portum
2197 2970 2239 3007 A
2243 2967 2351 3007 lbum
2367 2966 2418 3007 ab
2429 2965 2637 3021 adjacente

1404 3039 1545 3071 monte
1574 3030 1667 3071 albo
1704 3039 1823 3070 vocat
1858 3030 2099 3071 Ptolemaeus
2122 3032 2138 3083 )
2169 3030 2237 3069 vix
2272 3037 2467 3083 quattuor
2503 3029 2637 3069 forent

1404 3093 1491 3134 dies
1502 3110 1513 3144 ;
1533 3108 1666 3149 neque
1680 3094 1836 3148 reliqua
1859 3093 2172 3148 Agatharchidis
2188 3092 2409 3146 descriptio
2428 3107 2476 3132 eo
2493 3091 2635 3132 referri

1404 3165 1552 3211 potest.
1580 3157 1596 3210 Η
1621 3181 1676 3187 --
1697 3170 1737 3197 2.
1769 3172 1856 3210 προ
1871 3156 2130 3210 κείμεναι]
2164 3153 2433 3208 προσκείμεναι
2456 3154 2503 3193 C.
2535 3155 2636 3193 Mox

1404 3219 1530 3270 ἥττων
1553 3233 1630 3273 pro
1653 3213 1768 3269 ἧττον
1796 3219 1878 3258 BC.
1906 3218 1921 3270 l}
1952 3241 2008 3247 —-
2040 3230 2080 3256 2.
2114 3215 2338 3269 ἐλαίαις]
2374 3214 2423 3255 Id
2463 3229 2545 3254 non
2584 3214 2641 3254 de

1406 3283 1510 3322 veris
1533 3282 1664 3331 olivis,
1683 3280 1754 3320 sed
1777 3280 1828 3320 de
1845 3294 1893 3319 sa
1914 3279 2088 3332 sassive
2109 3277 2160 3318 de
2180 3276 2388 3332 ἐλαιάγνῳ,
2407 3276 2552 3317 arbore
2573 3277 2636 3318 vel

1405 3344 1550 3384 frutice
1566 3344 1681 3384 olivis
1703 3342 1924 3392 simillimo,
1947 3338 2252 3394 intelligendum
2285 3347 2421 3379 censet
2448 3337 2634 3381 Wilkin-

1407 3422 1481 3447 son
1494 3407 1522 3446 l.
1545 3406 1571 3446 l.
1589 3405 1868 3446 Corroborare
1884 3403 2125 3443 sententiam
2143 3402 2237 3443 licet
2251 3416 2299 3442 ex
2324 3402 2413 3456 ipso
2435 3401 2636 3454 Agathar-

1407 3468 1542 3518 chide,
1579 3469 1649 3522 qui
1693 3470 1714 3519 §
1748 3481 1797 3520 91
1837 3467 1880 3506 in
1919 3466 2094 3507 Arabica
2120 3479 2192 3505 ora
2226 3463 2378 3505 insulas
2403 3478 2636 3504 memorans

1408 3530 1580 3577 συσκίους
1597 3528 1739 3575 ἐλαίαις
1761 3541 1949 3582 expresse
1968 3526 2108 3568 addit:
2126 3526 2169 3567 οὖ
2192 3528 2275 3575 ταῖς
2293 3526 2380 3581 παρ’
2396 3525 2508 3581 ἡμῖν,
2534 3525 2640 3566 ἀλλὰ

1407 3594 1491 3640 ταῖς
1513 3592 1551 3634 ἐν
1573 3591 1728 3638 ἐκείνοις
1752 3592 1834 3637 τοῖς
1847 3590 1975 3637 τόποις
2003 3587 2218 3643 φυομέναις.

1463 3658 1485 3708 S
1504 3659 1574 3697 82.
1594 3652 1752 3693 Κόλπο
1763 3668 1811 3700 ς..
1837 3650 2140 3708 Ἄκάθαρτον]
2158 3651 2281 3693 Sinus
2296 3650 2540 3692 Immundus
2555 3649 2637 3690 Pli-

1406 3718 1503 3767 nio;
1532 3715 1632 3757 hod.
1651 3713 1860 3767 stud-Bai
1877 3714 2032 3769 anglice
2051 3714 2200 3756 dictus.
2225 3714 2440 3755 Rationem
2458 3711 2637 3752 nominis

1407 3795 1430 3820 a
1444 3777 1631 3819 Diodoro
1650 3785 1691 3817 et
1711 3776 1861 3818 Photio
1879 3791 1964 3818 non
1981 3777 2183 3828 additam,
2197 3776 2322 3817 habes
2337 3773 2445 3830 apud
2461 3772 2635 3814 Artemi-

1408 3842 1573 3882 dorum.
1591 3840 1867 3881 Chersonesus
1885 3839 2001 3895 cujus
2015 3855 2089 3896 per
2107 3840 2305 3881 cervicem
2324 3836 2483 3888 navigia
2504 3842 2635 3873 trans-

1408 3905 1502 3945 duci
1526 3902 1735 3944 Diodorus
1768 3903 1916 3954 refert,
1947 3911 2005 3944 est
2028 3900 2153 3953 Λεπτὴ
2175 3902 2270 3956 ἄκρα
2293 3898 2513 3945 Ptolemaei‚
2552 3896 2635 3935 sive

1409 3974 1533 4006 tenue
1546 3997 1557 4015 ‚
1572 3965 1747 4013 humile,
1769 3979 1986 4006 arenosum
2017 3974 2057 4005 et
2077 3966 2120 4004 in
2135 3977 2246 4004 mare
2269 3962 2387 4014 longe
2400 3966 2634 4014 porrectum

1412 4029 1495 4070 Ra‘s
1514 4028 1551 4068 el
1581 4027 1665 4081 ans
1683 4027 1695 4083 (
1718 4028 1744 4068 i.
1767 4042 1803 4068 e.
1835 4029 1916 4068 nasi
1949 4042 2083 4082 prom.
2106 4026 2120 4082 )
2143 4027 2226 4066 sive
2247 4028 2329 4065 Ras
2352 4026 2511 4071 Bernos,
2531 4035 2635 4080 prze-¹
