2756 4354
111 193 185 227 ΧΙΙ
466 208 510 250 .

1142 162 1617 214 PROLEGOMENA.

110 283 208 329 bec
223 280 408 343 quidem
422 279 653 342 pertinent
669 292 813 338 usque
831 275 887 321 ad
910 275 989 319 sol.
1012 291 1026 317 1
1038 273 1095 328 75
1111 285 1208 315 vso.
1230 266 1343 312 lnde
1406 264 1586 311 easdem
1605 263 1852 311 Vaticanus
1870 274 2055 326 qnoque
2073 263 2213 310 babet
2240 265 2489 327 vacuisque
2513 253 2649 313 modo
2684 274 2691 296 n

110 373 140 404 a
175 356 255 404 sol.
293 356 378 412 ¹76
420 354 473 400 R.
509 354 723 412 leguntur
753 348 1055 410 geographica
1099 341 1339 395 Marciani,
1409 339 1603 397 integris
1626 338 1809 399 paginis
1833 337 1971 384 modo
1992 339 2155 401 spatiis
2178 338 2440 386 minoribus
2460 339 2695 388 indicat&

109 431 331 492 Scylacis,
354 428 539 484 Isidori,
565 425 775 486 Dionysii
796 435 838 468 et
874 418 1121 466 Dicaearclii
1144 426 1188 461 et
1222 431 1341 460 ano-
1406 412 1606 471 Margini
1640 412 1882 473 adscripta
1912 410 2022 459 sunt
2055 412 2237 474 pagina
2275 413 2495 460 editionis
2534 414 2644 460 Hoe·
2668 424 2691 443 ·³

112 506 240 567 nymi
276 515 446 567 poetae,
488 503 589 548 sive
624 500 780 545 eodem
808 497 969 541 ordine
1004 493 1160 538 eadem
1188 490 1344 536 omnia

110 595 215 642 quae
243 578 416 642 praebet
450 579 592 622 codex
628 573 878 619 Parisinus.
909 568 1130 623 lacunas,
1164 581 1266 627 quae
1294 564 1342 609 in

113 655 352 701 volumine
367 653 576 698 Parisino
587 659 697 693 ortae
709 656 813 691 sunt
832 642 1185 705 quaternionum
1193 640 1341 701 jactu·

1408 486 1677 542 schelianae,
1698 485 1821 531 haud
1854 483 1997 532 dubie
2018 501 2046 532 a
2073 484 2198 532 Luca
2224 486 2487 545 Holstenio,
2511 488 2645 550 cujus
2681 494 2713 520 ³·

2687 555 2705 584 ε,

1410 575 1594 606 manum
1638 560 1883 619 agnovisse
1930 558 2047 605 mibi
2092 559 2273 617 videor,
2303 571 2349 607 et
2376 563 2458 624 qui
2492 564 2646 620 solus,

114 744 166 776 ra
204 739 247 774 et
290 728 385 772 solii
425 722 749 771 dilaceratione
783 729 827 764 et
878 718 1115 763 literarum
1153 715 1340 771 detritu,
1407 722 1491 761 est.

1180 830 1311 871 uidex
1334 829 1583 888 Monamsis.

179 956 196 985 ι
205 955 248 984 o.
262 937 383 983 Alter
394 933 533 979 codex
546 940 689 976 exstat
703 928 993 976 Monacensis
1002 927 1062 974 N.
1079 926 1189 982 566,
1204 940 1342 986 quem

111 1011 491 1059 llervuartianum
523 1014 685 1050 v'ocant
710 1005 767 1048 ab
793 1002 973 1047 Joanne
998 1000 1202 1060 Georgio
1227 1000 1340 1045 Her·

111 1097 292 1140 vuarto,
318 1084 397 1143 qui
424 1080 668 1127 lloescbelii
693 1089 900 1138 tempore
925 1092 1029 1122 eum
1053 1073 1336 1137 possidebat.

110 1162 287 1207 Dehinc
305 1160 351 1204 in
380 1154 705 1201 bibliothecam
723 1152 994 1208 Hoeschelii,
1023 1162 1182 1213 postea
1200 1151 1250 1197 in
1264 1150 1339 1213 bi-⁴

108 1235 379 1281 bliotliecam
418 1236 632 1291 Augustae
660 1228 1033 1285 vindelicorum,
1069 1228 1271 1289 denique
1294 1228 1344 1274 in

108 1311 420 1355 Monacensem
456 1306 690 1365 migravit.
727 1304 832 1365 lpse
864 1319 958 1352 non
980 1303 1081 1349 vidi
1106 1319 1238 1360 eum;
1263 1303 1343 1350 sed

108 1386 160 1429 B.
204 1383 440 1429 fabricius
484 1380 838 1442 descriptionem
874 1378 977 1440 ejus
1013 1378 1345 1426 aScbmellero

110 1460 462 1508 bibliothecario
499 1469 724 1520 acceptam
753 1457 880 1502 dedit
916 1457 967 1503 in
1000 1455 1162 1503 libello
1203 1458 1350 1505 Ueber

110 1540 186 1582 dic
218 1534 563 1592 Handschraesten
597 1538 678 1579 der
716 1537 760 1578 K
763 1537 907 1578 leinen
940 1549 1010 1594 gr.
1052 1534 1345 1595 Geographen

110 1628 158 1673 p.
175 1614 219 1659 6.
239 1612 353 1657 llinc
365 1627 467 1671 quae
482 1611 598 1655 scire
616 1620 770 1655 nostra
786 1609 924 1655 refert
938 1605 1154 1655 enotabo.
1171 1608 1250 1654 Est
1264 1608 1346 1668 igi·

113 1698 186 1733 tur
204 1687 322 1733 liber
339 1687 599 1732 chartaceus
619 1686 777 1731 formae
793 1696 981 1742 octavae,
1002 1681 1158 1732 saecul'i
1177 1684 1346 1730 decimi

111 1764 242 1818 sexti,
271 1763 482 1808 soliorum
510 1754 586 1818 73',
605 1764 801 1822 scriptus
826 1777 852 1806 a
875 1759 1222 1822 compluribus;
1242 1775 1346 1805 nam

113 1840 231 1885 alius
267 1840 451 1900 scripsit
484 1839 591 1883 solia
637 1839 763 1893 1-65,
801 1839 919 1884 alius
946 1837 1110 1886 solium
1129 1838 1208 1892 66,
1230 1837 1349 1882 alius

116 1914 225 1959 solia
251 1915 413 1971 67·73‚
451 1930 552 1974 qua:
592 1914 783 1972 reliquis
807 1924 913 1958 sunt
940 1914 1097 1958 formae
1131 1913 1346 1959 minoris.

114 1991 354 2036 Praelixum
369 1990 499 2036 babet
513 1990 775 2046 lloeschelii,
793 2000 840 2035 ut
854 2000 1058 2049 censent,
1074 2004 1211 2034 manu
1226 1988 1349 2034 hunc

111 2065 364 2110 indiculum
389 2083 399 2109 :

112 2144 337 2186 Μανεὶαηι·
354 2145 626 2187 Heracleoten»
1283 2193 1285 2196 Α

111 2219 238 2262 Libri
247 2234 293 2264 a.
313 2220 528 2278 Epieomcs
542 2220 807 2262 Artemidori
821 2219 1001 2278 Ephesii
1014 2217 1264 2279 geographi
1279 2214 1347 2278 (⁸).

112 2295 315 2352 Periplus
331 2295 530 2351 Scylucis
557 2296 898 2351 Caryandcnsis.

113 2371 276 2413 Isidori
298 2371 549 2415 Characeni
571 2370 746 2430 σταθμοὶ
772 2371 990 2432 Παρθικοί.

112 2445 364 2488 Dicoearchi
382 2447 612 2503 descriptio
643 2448 831 2489 GroecIoe
853 2449 917 2489 ad
933 2447 1222 2504 Theophra-52.

116 2518 315 2582 Προῦήκη
334 2521 627 2580 γεωγραφικῶν
654 2501 845 2579 βιὸλίων;
868 2537 968 2578 quae
984 2523 1235 2577 catalogum
1258 2526 1352 2574 ejus

177 2598 352 2653 generis
368 2598 623 2651 scriptorum
650 2605 694 2636 ct
717 2596 774 2637 de
793 2596 948 2637 iisdem
966 2596 1185 2650 judicanti
1213 2599 1354 2637 conti-

178 2679 254 2713 net
276 2670 291 2728 (
312 2667 344 2713 i.
368 2684 408 2712 e.
434 2668 692 2713 Marcianea
718 2668 923 2728 Menippi
946 2669 1193 2728 epitome).

417 2786 600 2827 Davidis
623 2784 872 2836 Hoeschelii,
910 2789 961 2830 A.
984 2786 1054 2830 M.

119 2891 229 2956 ssipi
252 2893 332 2937 τῶν
357 2891 588 2948 δηλούντων
612 2891 701 2944 τοὺς
724 2892 927 2951 σταθμοὺς
950 2892 1020 2939 καὶ
1043 2892 1093 2938 τὰ
1123 2892 1251 2956 μίτρα
1273 2911 1355 2955 χα-

621 2966 853 3030 pant-Apum.

120 3041 321 3104 Προθήκη
340 3045 634 3105 γεωγρσφικῶν
657 3044 814 3089 εαιίὠιι
840 3062 1024 3092 rursum.

122 3122 182 3163 In
200 3118 271 3163 ltls
289 3121 515 3179 opusculis,
548 3125 587 3162 εἰ
617 3136 705 3178 qua
738 3123 869 3165 dictio
898 3123 1108 3165 mendosa
1147 3126 1347 3174 occurrit,

183 3193 387 3251 duoseoe
402 3206 568 3254 puncta
591 3213 779 3254 supe-rue
800 3203 983 3257 appicea
999 3209 1114 3242 sunt.

119 3270 190 3313 Es
211 3268 475 3315 bibliotheca
492 3273 671 3315 Dorida&
689 3273 931 3317 lla-selectis
953 3278 1204 3331 Augustani

1455 947 1462 953 ·
1482 941 1556 971 ιο.
1580 925 1818 972 Nonnulla
1834 927 1883 973 in
1907 927 1978 974 liis
2001 928 2148 974 titulis
2166 928 2224 974 de
2246 944 2330 975 suo
2352 939 2512 975 auctor
2531 931 2652 978 intu·
2713 933 2718 936 ’

1411 1000 1468 1046 lit
1500 1002 1665 1061 (quem
1701 1000 2013 1048 Hoeschelium
2048 1003 2187 1049 fuisse
2209 1003 2341 1050 valde
2367 1006 2571 1063 miror),
2603 1016 2655 1053 ut

1413 1076 1657 1137 Epitomen
1682 1078 1982 1134 Artemidori,
2007 1094 2111 1139 quae
2139 1079 2188 1125 in
2212 1080 2336 1127 libro
2353 1092 2423 1129 est
2441 1082 2586 1141 nulla,
2611 1094 2655 1130 et

1378 1178 1382 1182 -
1414 1151 1763 1213 inscriptionem
1792 1171 1801 1198 t
1830 1152 2028 1216 Προθήκη
2052 1154 2331 1219 γεωγραφκῶν
2382 1166 2490 1215 etc„
2517 1173 2653 1220 quam

1413 1228 1573 1274 elicuit
1597 1245 1654 1274 ex
1682 1239 1951 1288 argumento
1990 1230 2234 1290 prooemii,
2261 1231 2384 1291 quod
2408 1232 2656 1296 Menippen
2715 1291 2718 1296 Ι

1414 1304 1600 1367 periplo
1619 1303 1881 1351 Marcianus
1903 1305 2117 1366 praefixit.
2146 1306 2300 1351 Missis
2318 1306 2513 1354 indiculi
2537 1308 2657 1356 ludi·
2711 1322 2715 1354 ε

1414 1379 1544 1435 briis,
1566 1381 1698 1427 vides
1709 1381 2029 1430 Monacensem
2049 1382 2219 1428 librum
2233 1398 2260 1428 a
2275 1382 2467 1444 reliquis
2480 1384 2659 1432 duobus
2713 1380 2717 1422 {t
2740 1382 2744 1387 ’

1416 1472 1472 1503 eo
1494 1456 1688 1502 differre
1712 1457 1836 1516 quod
1854 1457 2022 1502 omittit
2045 1458 2306 1518 periegesin
2330 1458 2591 1519 iamblcam,
2614 1471 2660 1508 et

1418 1531 1542 1593 quod
1551 1531 1820 1593 Menippum
1832 1532 2053 1578 Marciani
2071 1532 2129 1577 ab
2139 1533 2283 1579 altero
2292 1533 2513 1580 Marciani
2531 1533 2656 1582 libro

1408 646 1630 699 quantum
1654 637 1819 695 sciam,
1841 647 1945 700 post
1970 636 2280 683 Hoeschelium
2309 652 2364 684 eo
2392 637 2518 686 libro
2539 654 2650 687 usus
2723 651 2727 669 ²

1418 1604 1694 1666 disjunctum
1709 1607 1909 1654 exhibet.
1924 1606 2023 1653 Huc
2038 1608 2212 1654 accedit
2225 1608 2350 1668 quod
2371 1609 2421 1654 in
2445 1609 2659 1672 Dionysii
2687 1658 2690 1661 ,

1419 1701 1471 1731 ac
1502 1681 1779 1742 Dicaearchi',
1805 1702 1942 1747 quem
1966 1696 2158 1742 vocant,
2188 1683 2453 1746 fragmentis
2473 1683 2661 1737 mutilus

1418 1769 1504 1815 est,
1525 1770 1570 1806 et
1593 1760 1717 1821 quod
1732 1758 1937 1821 Scylacis
1954 1761 2184 1822 periplum
2202 1776 2296 1806 non
2316 1760 2392 1806 dat
2407 1758 2659 1825 integi-um,

1419 1836 1499 1882 sed
1532 1837 1580 1881 in
1616 1836 1775 1883 verbis
1804 1835 1930 1896 λιμὴν
1970 1835 2204 1898 Μυρίανδος
2246 1837 2306 1897 (S
2350 1830 2466 1895 maj
2494 1853 2543 1900 p.
2579 1856 2661 1902 77,

1422 1912 1447 1956 3
1487 1922 1626 1968 nostr.
1669 1910 1803 1975 edit.)
1840 1912 2066 1958 subsistit.
2111 1911 2217 1957 Haec
2243 1910 2388 1958 verba
2421 1912 2468 1959 in
2505 1913 2664 1961 codiee

1420 1988 1636 2036 Parisino
1655 1990 1725 2052 (p.
1744 2006 1820 2050 91,
1838 1990 1923 2036 lin.
1947 1987 2164 2050 6abi1na)
2177 1989 2669 2052 proximepraecedunt

1423 2066 1584 2112 solium
1596 2067 1911 2127 dilaceratum,
1921 2066 2044 2128 qnod
2059 2067 2108 2111 in
2121 2081 2257 2111 causa
2275 2066 2416 2112 fuisse
2428 2067 2660 2129 suspicor,

1421 2157 1506 2186 cur
1541 2143 1718 2203 reliqua
1751 2158 1845 2188 non
1876 2141 2180 2187 describenda
2218 2150 2378 2187 auctor
2411 2140 2523 2188 libri
2562 2142 2662 2190 Mo·

1423 2232 1527 2262 nac.
1545 2217 1745 2263 duceret.
1780 2217 1834 2262 ln
1862 2217 2060 2276 singulis
2086 2217 2242 2262 verbis
2275 2214 2495 2263 Vaticano
2524 2216 2667 2263 inter-

1423 2294 1534 2339 dum
1568 2294 1825 2340 accuratior
1853 2304 1938 2340 est.
1964 2293 2031 2339 De
2052 2292 2231 2339 lacunis
2255 2307 2359 2339 cum
2387 2291 2601 2340 Parisino
2622 2303 2667 2340 et

1423 2369 1644 2415 Vaticano
1673 2370 1915 2416 consentit.
1948 2368 2053 2414 Jam
2082 2383 2242 2414 verum
2266 2383 2411 2429 quum
2439 2368 2575 2429 origo
2599 2369 2667 2416 la-

1426 2460 1648 2490 cunarum
1689 2459 1714 2489 e
1746 2443 1947 2488 Parisini
1973 2442 2084 2487 libri
2114 2441 2385 2488 conditione
2421 2442 2668 2504 repetenda

1427 2519 1489 2562 sit
1509 2534 1520 2564 :
1548 2519 1807 2563 necessario
1827 2517 2035 2577 sequitur
2057 2516 2325 2562 Vaticanum
2349 2525 2396 2562 et
2420 2516 2668 2565 Monacen-

1426 2608 1520 2637 sem
1546 2592 1763 2637 derivare
1793 2606 1818 2635 e
1842 2591 2056 2635 Parisino
2081 2589 2374 2652 (quanquam
2403 2605 2496 2636 non
2518 2606 2576 2638 ex
2610 2607 2668 2639 eo

1427 2667 1550 2727 ipsu,
1573 2666 1651 2711 sed
1675 2681 1730 2711 ex
1746 2665 1848 2726 ejus
1865 2664 2143 2726 apographis
2157 2665 2376 2727 descripti
2396 2666 2538 2727 sunt).
2556 2665 2670 2722 Quae

1428 2741 1614 2801 quidem
1643 2757 1717 2786 res
1738 2752 1826 2786 tam
1849 2750 1917 2786 est
1933 2741 1979 2786 in
2006 2740 2268 2802 propatulO,
2290 2750 2339 2786 ut
2356 2739 2538 2787 minora
2557 2741 2670 2790 indi·

1427 2817 1497 2862 cia
1524 2817 1657 2861 liceat
1678 2817 1925 2874 negligere.
1959 2815 2106 2875 Igitur
2132 2831 2418 2877 quaecunque
2444 2816 2493 2862 in
2515 2826 2669 2879 poste·

1430 2890 1637 2936 rioribus
1662 2890 1797 2936 libris
1811 2891 1943 2936 aliter
1960 2907 2011 2936 ac.
2036 2893 2080 2935 in
2110 2892 2235 2936 sonte
2252 2906 2412 2937 eorum
2433 2891 2666 2951 leguntur,

1433 2984 1485 3014 ea
1508 2968 1660 3013 onmia
1674 2978 1794 3029 patet
1810 2968 1864 3013 ad
1878 2967 2093 3014 librarios
2112 2967 2182 3012 vel
2202 2968 2486 3027 negligenter
2497 2968 2669 3016 exscri-

1430 3043 1589 3089 bentes
1623 3044 1694 3088 vel
1734 3044 1780 3088 in
1817 3043 1948 3105 pejus
1979 3053 2203 3089 mutantes
2236 3043 2309 3088 vel
2345 3043 2480 3089 etiam
2513 3052 2669 3105 apem

1431 3120 1630 3164 l’arisini
1671 3119 1784 3163 vitia
1827 3119 2111 3177 corrigentes
2152 3117 2389 3164 reserenda
2417 3132 2540 3175 esse,
2584 3133 2668 3164 nec

1430 3212 1564 3256 posse
1588 3194 1642 3239 ad
1668 3195 1872 3239 criticam
1908 3194 2196 3240 factitandam
2220 3192 2428 3239 adhiberi
2445 3226 2459 3249 ,
2484 3193 2667 3256 uti-pri·

1433 3286 1532 3315 nius
1554 3270 1732 3314 monuit
1755 3269 2049 3315 Lctronnius.

1023 3392 1077 3428 Dc
1095 3389 1248 3438 singulis
1266 3389 1401 3426 luorum
1424 3386 1596 3424 coelicum
1615 3385 1762 3423 libs-llis.

190 3482 208 3511 ι
223 3482 238 3511 1
252 3500 263 3512 .
282 3467 469 3514 Priores
486 3469 577 3513 duo
594 3471 919 3530 quaterniones
943 3472 1118 3517 codicis
1142 3471 1357 3527 Parisini,

77 3542 242 3609 *equos
259 3542 484 3589 excidisse
502 3543 619 3602 (lixi,
640 3561 930 3606 quorumque
955 3547 1179 3607 jacturam
1202 3547 1356 3593 decem

118 3610 252 3666 ,foliis
276 3617 432 3663 vacuis
464 3618 476 3680 (
504 3618 581 3664 sol.
609 3621 842 3679 176·185)
886 3621 1055 3667 indicat
1086 3622 1231 3667 codex
1263 3621 1358 3667 Va-

125 3692 302 3738 ticanus
317 3692 431 3751 (non
455 3693 560 3739 item
584 3693 886 3749 Monacensis,
906 3707 953 3741 ut
971 3697 1198 3758 videtur),
1219 3698 1359 3759 quod·

125 3779 231 3811 nam
253 3766 474 3830 scriptum
498 3768 810 3826 exhibuerint,
839 3771 948 3816 sciri
976 3772 1151 3832 nequit.
1179 3773 1242 3818 De
1272 3774 1361 3817 Ar-

127 3838 353 3888 temidoro
372 3857 398 3887 a
417 3841 652 3889 Marciano
668 3845 716 3890 in
734 3847 1056 3907 compendium
1081 3847 1263 3894 redacto
1288 3866 1362 3894 co-

1422 3470 1614 3528 gitaram
1637 3483 1796 3529 parum
1819 3466 2153 3528 probabiliter3
2183 3467 2574 3513 verisimillimum
2599 3475 2668 3515 est

1422 3544 1649 3589 excidisse
1667 3544 1825 3588 oceani
1850 3543 2078 3604 periplum
2105 3542 2260 3587 nescio
2287 3541 2421 3603 cujus
2445 3541 2660 3600 auctoris,

1424 3631 1500 3666 aut
1520 3621 1741 3682 scriptum
1764 3619 1949 3680 aliquod
1972 3618 2028 3664 dc
2049 3618 2190 3664 totius
2216 3619 2374 3664 mundi
2403 3628 2664 3679 systemate.

1428 3697 1481 3742 ln
1505 3698 1664 3742 ultima
1681 3696 2027 3757 ‹leperditorum
2047 3697 2213 3756 pagina
2232 3694 2499 3755 legebantur
2517 3693 2667 3756 prima

1427 3773 1569 3819 verba
1593 3774 1807 3835 prooemii
1843 3773 1890 3817 in
1915 3772 2135 3817 Marciani
2162 3772 2331 3817 librum
2355 3771 2413 3817 de
2436 3769 2552 3817 mari
2575 3785 2666 3815 ex-

1430 3860 1528 3894 tero
1549 3848 1777 3908 priorem,
1800 3849 1878 3908 qni
1909 3849 2107 3909 pertinet
2127 3847 2171 3892 in
2199 3846 2302 3894 cod.
2326 3845 2428 3892 Par.
2445 3858 2591 3905 usque
2608 3842 2665 3891 ad

180 3996 232 4045 (¹²)
252 4000 366 4038 Juxta
385 3999 467 4041 bec
491 4001 588 4042 alim
609 4002 763 4053 quidm
781 4004 978 4056 adscripsit
1000 4021 1009 4045 :
1034 4008 1132 4057 8932
1154 4007 1260 4057 (lege
1275 4009 1407 4059 sz'm),
1430 4009 1535 4053 πόλις
1559 4009 1709 4052 Λυκίας.
1742 4008 1995 4057 Ἀρτεμίδωρος
2019 4008 2055 4046 ἐν
2083 4008 2258 4055 ἐπιτομῆς
2280 4005 2428 4055 πρώτῳ.
