2756 4354
369 227 548 323 ΑΝ
557 226 649 322 Ν
654 225 848 323 ΩΝ
859 227 1036 324 ΟΣ

146 393 773 504 ΚΑΡΧΗΔΟΝΙΩΝ
814 445 1229 509 emmens

400 630 975 704 ΠΕΡΙΠΛΟΥΣ

67 813 167 850 ΤΩΝ
205 814 332 851 ΥΠΕΡ
376 817 466 853 ΤΑΣ
508 818 797 856 ΗΡΑΚΛΕΟΥΣ
852 821 1043 858 ΣΤΗΛΑΣ
1085 822 1301 860 ΛΙΒΥΚΩΝ

460 887 556 922 ΤΗΣ
589 887 681 923 ΓΗΣ
720 889 911 937 ΜΕΡΩΝ,

92 1031 132 1069 ὃν
152 1033 213 1069 καὶ
237 1033 406 1077 ἀνέθηκεν
427 1034 463 1070 ἐν
488 1038 541 1083 τῷ
560 1039 625 1072 τοῦ
644 1037 785 1085 Κρόνου
806 1039 959 1086 τεμένει,
985 1039 1161 1083 δηλοῦντα
1180 1040 1277 1077 τάδε.

579 1189 582 1192 «
612 1190 752 1198 -ο--ι

126 1314 271 1368 Ἔδοξε
302 1317 602 1378 Καρχηδονίοις
633 1314 817 1363 Ἄννωνα
852 1319 968 1363 πλεῖν
1007 1318 1082 1370 ἔξω
1122 1321 1295 1375 Στηλῶν

61 1386 319 1446 ἹΙρακλείων
353 1385 425 1430 καὶ
458 1387 596 1439 πόλεις
625 1386 772 1440 κτίζειν
814 1387 1132 1450 Λιὸυφοινίκων.
1204 1390 1291 1436 Καὶ

61 1454 233 1499 ἔπλευσε
271 1455 612 1517 πεντηκοντόρους
649 1455 843 1510 ἑξήκοντα
877 1457 1010 1517 ἄγων,
1037 1458 1106 1502 καὶ
1142 1461 1293 1513 πλῆθος

61 1524 217 1585 ἀνδρῶν
238 1523 308 1567 καὶ
337 1527 538 1584 γυναικῶν
567 1527 622 1576 εἷς
648 1525 817 1587 ἀριθμὸν
846 1526 1054 1588 μυριάδων
1076 1525 1195 1589 τριῶν
1218 1529 1288 1573 καὶ

60 1592 153 1636 σῖτα
174 1591 244 1636 καὶ
264 1591 338 1647 τὴν
365 1592 497 1648 ἄλλην
519 1593 806 1655 παρασκευήν.

124 1678 160 1706 ⁴2.
199 1660 272 1713 Ὡς
290 1661 323 1707 δ’
342 1662 583 1723 ἀναχθέντες
600 1661 672 1714 τὰς
688 1664 855 1719 Στήλας
873 1664 1196 1727 παρημείψαμεν
1218 1666 1289 1712 καὶ

58 1730 134 1783 ἔξω
159 1732 284 1776 πλοῦν
313 1732 420 1776 δυοῖν
441 1735 607 1792 ἡμερῶν
632 1732 916 1793 ἐπλεύσαμεν,
944 1734 1163 1792 ἐκτίσαμεν
1183 1735 1291 1797 πρώ-

56 1819 129 1855 την
162 1801 300 1856 πόλιν,
341 1802 484 1856 ἥντινα
516 1802 790 1862 ὠνομάσαμεν
816 1803 1115 1865 Θυμιατήριον·
1150 1805 1288 1850 πεδίον

57 1869 92 1913 δ’
113 1870 216 1930 αὐτῇ
241 1869 347 1930 μέγα
371 1873 495 1926 ὑπῆν.
1192 1875 1200 1879 ”

1660 226 2336 348 HANNONIS

1448 454 2254 529 CARTHAGINIENSIUM
2299 474 2526 540 REGIS

1748 611 2234 725 PERIPLUS

1376 831 1552 864 EARUM
1589 833 1701 874 QUAE
1732 834 1854 866 SUNT
1886 838 2048 870 ULTRA
2072 842 2310 877 HERCULIS
2334 848 2595 886 COLUENAS

1611 904 1900 938 LIBYCARUM
1924 908 2091 941 TERRAE
2116 912 2356 958 PARTIUM,

1372 1053 1477 1088 quem
1501 1044 1606 1078 etiam
1629 1044 1805 1080 dedicavit
1827 1047 1863 1080 in
1882 1049 2022 1081 Saturni
2045 1049 2210 1094 delubro,
2227 1055 2443 1093 exhibentem
2466 1061 2591 1097 haecce.

1424 1326 1581 1367 Placuit
1602 1327 2003 1381 Carthaginiensibus
2021 1332 2265 1374 Hannonem
2279 1338 2465 1389 navigare
2478 1350 2592 1383 extra

1369 1394 1591 1436 Columnas
1610 1397 1829 1437 Herculeas
1844 1406 1884 1438 et
1898 1399 2021 1439 urbes
2037 1400 2213 1442 condere
2237 1404 2590 1459 Libyphoenicum.

1367 1464 1580 1516 Navigavit
1610 1465 1735 1517 igitur
1757 1480 1880 1506 naves
1902 1467 2236 1522 quinquagenum
2274 1486 2482 1514 remorum
2515 1475 2591 1516 du-

1369 1547 1464 1572 cens
1476 1533 1683 1586 sexaginta
1707 1542 1748 1573 et
1767 1535 1952 1576 virorum
1968 1537 2268 1593 mulierumque
2288 1541 2593 1584 multitudinem

1367 1601 1420 1642 ad
1448 1603 1614 1656 triginta
1630 1603 1754 1643 millia
1775 1612 1815 1644 et
1834 1619 2040 1645 annonam
2057 1615 2318 1662 ceterumque
2329 1621 2583 1665 apparatum.

1423 1685 1463 1712 2.
1496 1674 1718 1726 Postquam
1733 1675 1861 1713 evecti
1884 1674 2103 1715 Columnas
2126 1678 2402 1731 superavimus
2425 1688 2464 1719 et
2480 1689 2593 1722 extra

1366 1757 1433 1782 eas
1455 1741 1628 1782 biduum
1644 1743 1922 1796 navigavimus
1933 1775 1944 1794 ,
1962 1745 2137 1799 primam
2154 1746 2413 1788 condidimus
2429 1750 2587 1800 urbem,

1366 1825 1489 1865 quam
1506 1812 1809 1851 nominavimus
1819 1811 2166 1866 Thymiaterium3
2187 1829 2353 1870 campus
2367 1818 2403 1856 ei
2420 1832 2589 1871 magnus

1365 1879 1544 1920 suberat.

108 2042 381 2098 Βασιλέως]
405 2047 492 2086 Rex
514 2045 664 2085 Hanno
687 2052 826 2084 noster
848 2044 958 2099 apud
983 2045 1169 2085 Solinum
1186 2060 1287 2099 quo-

53 2118 133 2158 que
161 2106 306 2161 Polyh.
340 2109 362 2159 §
394 2108 444 2147 56
482 2107 708 2161 appellatur
718 2123 729 2157 ;
769 2107 992 2162 imperator
1013 2122 1079 2161 ap.
1107 2107 1286 2147 Plinium

51 2167 127 2225 YI,
151 2168 225 2218 31;
254 2168 342 2208 dccx
363 2183 429 2223 ap.
455 2168 633 2209 eundem
659 2170 715 2218 V,
745 2182 782 2218 Ι,
811 2183 848 2208 1.
874 2169 1056 2222 Intellige
1082 2183 1213 2209 unum
1236 2183 1286 2208 ex

53 2224 217 2270 duobus
253 2232 444 2284 Carthag.
483 2231 633 2284 sufitis
677 2231 767 2287 (v..
789 2233 933 2272 Festus
968 2247 1001 2271 5.
1045 2246 1104 2282 v.;
1144 2233 1284 2272 Livius

52 2290 294 2342 XXXVIII,
329 2294 380 2346 37
395 2293 407 2348 )
422 2324 433 2343 ,
459 2307 562 2347 quos
596 2294 730 2334 Graeei
769 2308 916 2333 vocare
952 2294 1083 2333 solent
1119 2293 1287 2347 βασιλεῖς

52 2351 114 2391 vel
135 2353 410 2406 πρωτεύοντας,
433 2355 607 2394 Romani
633 2354 759 2394 modo
782 2369 904 2405 reges,
931 2354 1056 2394 modo
1083 2356 1277 2404 consules,

50 2412 177 2454 modo
195 2414 432 2456 dictatores.
451 2418 506 2456 V.
524 2416 659 2470 Kluge
672 2415 725 2456 ad
740 2414 950 2457 Aristotel.
966 2419 1028 2456 De
1043 2417 1278 2470 Carthagin.

50 2489 138 2529 rep.
165 2491 202 2516 c.
229 2489 253 2516 2
281 2485 322 2517 et
347 2492 387 2531 7.
412 2480 427 2532 {l
446 2483 580 2518 -τῶ
593 2493 665 2519 ν...
695 2479 879 2533 μερῶν]
902 2481 951 2519 In
974 2479 1037 2518 his
1057 2478 1281 2521 dictionem

50 2537 186 2577 colore
207 2539 366 2579 Punico
391 2541 560 2580 tinctam
582 2549 792 2581 auctorem
814 2541 990 2595 prodere
1017 2541 1280 2582 mediocriter

50 2613 178 2652 graece
198 2599 369 2640 doctum
392 2610 527 2642 censet
548 2603 739 2656 Klugius,
768 2612 877 2643 recte
902 2603 1105 2652 fortassis;
1141 2618 1282 2658 quam-

49 2674 172 2714 quam
183 2659 277 2715 jure
297 2664 563 2721 quaeris-num
578 2665 664 2705 haec
679 2665 829 2720 Peripli
848 2667 1061 2720 inscriptio
1076 2665 1127 2706 ad
1147 2666 1283 2720 ipsum

49 2736 188 2775 graecae
220 2725 420 2765 versionis
450 2735 659 2767 auctorem
697 2729 748 2767 sit
779 2727 1008 2768 reserenda.
1059 2729 1163 2768 Nam
1199 2729 1283 2782 ple-

49 2798 226 2840 rumque
246 2786 451 2840 longiores
470 2788 514 2829 id
534 2803 660 2842 genus
680 2790 967 2844 inscriptiones
990 2790 1189 2829 citerioris
1208 2792 1281 2830 aevi

48 2847 191 2888 scribis
225 2847 442 2890 debentur.
469 2853 484 2904 11
506 2875 564 2881 -
579 2851 830 2906 ἀνέθηκεν]
851 2854 905 2892 V.
929 2852 1237 2905 prolegomena.
1262 2853 1276 2905 Η

47 2933 104 2940 -—
126 2910 185 2964 Κρ
200 2911 280 2950 ὀνο
294 2913 345 2966 υ]
370 2913 622 2954 Gorillarum
647 2914 786 2968 pelles,
812 2929 912 2968 quas
935 2929 985 2954 ex
1009 2915 1154 2954 itinere
1185 2915 1282 2954 Car-

47 2972 254 3026 thaginem
271 2983 548 3029 asportaverat
566 2977 733 3025 Hanno,
758 2975 868 3030 apud
894 2976 1073 3016 Plinium
1095 2978 1150 3025 V,
1174 2977 1225 3017 36
1242 2985 1282 3016 et

46 3034 231 3075 Solinum
259 3036 287 3076 l.
308 3036 336 3077 l.
359 3036 568 3077 dedicasse
587 3037 740 3078 dicitur
759 3053 844 3078 non
865 3039 908 3078 in
938 3039 1091 3093 templo
1114 3039 1279 3079 Saturni

50 3095 160 3151 (sive
177 3098 328 3154 Baali),
349 3099 420 3140 sed
434 3101 609 3140 Junonis
629 3100 739 3156 (sive
755 3104 930 3142 Astartae
944 3101 956 3156 )
972 3133 981 3151 ‚
1010 3121 1024 3135 «
1041 3094 1170 3155 quum
1184 3101 1282 3141 huic

45 3157 147 3208 deae,
172 3168 218 3200 ut
242 3161 417 3214 Klugius
440 3164 685 3217 suspicatur,
713 3162 917 3217 ejusmodi
938 3164 1066 3218 spolia
1087 3172 1282 3217 tanquam

45 3220 202 3260 itineris
218 3224 410 3276 primitiae
436 3224 740 3266 dedicarentur.
767 3246 784 3261 ι»
807 3229 862 3267 At
877 3241 1007 3280 quum
1034 3227 1174 3266 omnia
1192 3241 1282 3280 quae

46 3281 98 3321 de
120 3284 333 3325 Hannonis
352 3287 496 3328 itinere
521 3288 632 3343 apud
653 3289 833 3329 Plinium
854 3289 1120 3343 Solinumque
1137 3289 1278 3342 legun-

46 3351 131 3393 tur,
153 3359 202 3384 ex
231 3346 405 3401 impuris
427 3350 622 3390 fluxerint
651 3350 850 3401 sontibus,
879 3353 923 3391 in
955 3352 1033 3392 hac
1055 3366 1219 3405 quoque
1237 3367 1282 3392 re

47 3419 162 3459 paene
179 3407 289 3448 nulla
304 3423 449 3451 eorum
472 3420 532 3452 est
547 3414 781 3454 auctoritas.
809 3416 823 3467 ΙΙ
843 3439 900 3444 -
918 3429 940 3454 τ
957 3429 972 3454 ε
990 3415 1097 3469 μένε
1112 3429 1122 3453 ι
1137 3414 1151 3468 ]
1171 3416 1281 3454 Han-

46 3468 167 3506 nonis
189 3471 488 3523 navigationem
520 3475 575 3515 ita
598 3476 641 3515 in
676 3476 829 3530 templo
865 3476 1094 3516 dedicatam
1126 3476 1274 3527 fuisse,

50 3537 94 3567 ut
124 3529 271 3570 tabulae
296 3533 359 3572 vel
384 3534 584 3576 columnae
610 3537 849 3591 inscriptam
872 3539 1042 3592 quilibet
1064 3538 1275 3578 consulere

47 3598 199 3643 posset,
212 3590 305 3644 jure
319 3593 412 3634 licet
433 3595 689 3647 addubitare,
711 3613 841 3652 quum
854 3600 949 3639 satis
969 3607 1127 3639 constet
1148 3599 1276 3639 celare

0 3685 1 3706 Ξ
50 3653 186 3706 potius
214 3654 565 3708 Carthaginienses
597 3659 804 3700 studuisse
827 3675 1096 3715 quaecumque
1124 3670 1277 3716 specta-

46 3721 139 3752 rent
158 3714 381 3769 longinqua
399 3732 544 3759 eorum
566 3723 813 3762 commercia
831 3724 1115 3778 emporiaque.
1142 3727 1279 3776 Quare

48 3775 298 3816 Letronnius
322 3777 511 3832 (Perimes
531 3783 664 3832 ge'ogr.
690 3796 732 3836 p.
756 3784 866 3839 230)
893 3798 902 3824 z
932 3805 948 3820 ιι
976 3786 1077 3825 Rien
1100 3785 1279 3840 n’empe-

47 3836 137 3886 che,
167 3838 238 3887 ait,
267 3852 347 3892 que
376 3847 479 3879 cette
508 3841 802 3893 circonstance‚
827 3845 973 3886 relatee
1008 3848 1277 3901 uniquement

47 3897 148 3938 dans
170 3899 206 3939 le
236 3901 344 3950 titre,
372 3916 423 3941 ne
452 3903 531 3943 soit
549 3917 631 3943 une
653 3903 840 3946 addition
864 3906 915 3947 de
944 3908 1046 3948 celui
1077 3909 1148 3962 qui
1177 3923 1276 3949 aura

46 3960 202 4002 traduit
220 3977 269 4002 en
292 3977 385 4016 grec
403 3963 603 4019 l’original
625 3981 679 4007 ou
702 3968 771 4021 qui
796 3983 847 4008 en
859 3983 957 4010 aura
975 3970 1112 4011 donne
1132 3985 1189 4011 un
1205 3986 1272 4011 ex-

254 4046 345 4073 (tt-:oc
351 4047 386 4075 R.

1364 2047 1474 2086 trait.
1504 2067 1519 2080 n
1548 2045 1597 2086 Id
1620 2054 1755 2086 tamen
1774 2061 1848 2086 cur
1869 2055 2092 2087 statuamus
2110 2049 2213 2088 nihil
2231 2049 2371 2099 video,
2393 2065 2520 2104 quum
2535 2051 2586 2091 de

1358 2109 1518 2148 ratione
1542 2122 1624 2162 qua
1642 2116 1958 2148 monumentum
1973 2117 2160 2150 nostrum
2184 2111 2226 2150 in
2245 2113 2390 2166 τεμένει
2412 2127 2586 2153 asserva-

1359 2178 1449 2209 tum
1473 2169 1610 2219 suerit,
1630 2170 1801 2209 omnino
1821 2170 1923 2230 nihil
1937 2179 2108 2220 constet,
2130 2179 2170 2211 et
2189 2173 2275 2226 ipsa
2297 2174 2362 2214 illa
2382 2174 2419 2214 ἐν
2440 2176 2584 2228 τεμένει

1361 2231 1483 2271 verba
1506 2231 1583 2270 late
1605 2240 1784 2286 pateant.
1822 2233 1928 2271 Fieri
1962 2233 2087 2285 igitur
2119 2234 2268 2286 potuit,
2305 2243 2349 2274 ut
2379 2236 2420 2274 in
2445 2236 2582 2289 templi

1358 2292 1605 2347 ὀπισθοδόμῳ
1628 2307 1711 2333 non
1735 2293 1863 2332 cuivis
1882 2301 2044 2346 patente
2064 2294 2125 2333 vel
2143 2295 2263 2333 etiam
2287 2295 2326 2333 in
2350 2295 2428 2334 alio
2456 2295 2579 2335 aediti-

1355 2355 1418 2394 cio
1438 2354 1490 2394 ad
1515 2354 1653 2408 templi
1674 2355 1827 2408 τέμενος
1842 2355 2070 2408 pertinente
2089 2354 2130 2394 id
2148 2350 2272 2407 genus
2292 2356 2395 2395 tituli
2414 2358 2576 2410 sepositi

1355 2425 1502 2456 essent.

1409 2482 1431 2531 §
1455 2493 1490 2518 1.
1514 2479 1746 2533 κτίζειν]
1766 2480 1862 2519 Haec
1886 2493 1964 2518 vox
1995 2478 2074 2518 hoc
2105 2478 2194 2518 loco
2216 2478 2432 2519 adhibetur
2457 2494 2577 2521 sensu

1353 2540 1532 2590 laxiore;
1563 2555 1659 2580 nam
1692 2555 1818 2581 unam
1841 2548 2001 2580 tantum
2032 2540 2201 2589 urbem,
2234 2540 2573 2594 Thymiaterium‚

1353 2604 1504 2642 Hanno
1522 2601 1723 2650 condidit,
1745 2601 1888 2650 ἐ’κτισε;
1910 2601 2084 2655 reliquas
2103 2602 2218 2641 novis
2233 2601 2375 2641 incolis
2391 2601 2577 2655 frequen-

1353 2664 1466 2713 tavit,
1486 2665 1694 2720 κατῴκισεν
1713 2664 1727 2715 Η
1747 2688 1804 2694 -
1818 2679 1901 2704 πεν
1915 2664 2207 2717 τηκοντόρου
2220 2663 2264 2717 ς]
2289 2682 2305 2697 α
2323 2665 2577 2716 Bougainvil·

1352 2725 1430 2765 lius
1456 2725 1611 2781 (Me'm.
1637 2726 1685 2766 cle
1707 2725 1870 2766 I'Acacl.
1895 2725 1938 2765 cI.
1962 2729 2096 2766 Inser.
2123 2734 2154 2765 t.
2179 2726 2377 2773 XXVIII,
2401 2739 2443 2779 p.
2466 2727 2572 2781 288)

1352 2802 1403 2828 ex
1425 2788 1667 2844 Thucydide
1699 2788 1874 2843 probare
1896 2787 2032 2828 studet
2052 2788 2160 2828 hanc
2178 2788 2476 2841 navigationem
2497 2790 2573 2841 703

1353 2864 1483 2891 annos
1504 2866 1541 2891 a.
1558 2852 1605 2891 C.
1634 2850 1782 2891 factam
1800 2865 1899 2890 esse.
1915 2852 2045 2890 Docet
2063 2850 2173 2890 enim
2183 2849 2445 2904 Thucydides
2462 2851 2575 2890 trire-

1352 2927 1437 2952 mes
1461 2914 1540 2955 300
1563 2911 1691 2953 annos
1708 2921 1801 2953 ante
1816 2912 1968 2953 bellum
1983 2912 2371 2967 Peloponnesiacum
2394 2913 2574 2953 inventas

1352 2988 1461 3025 esse3
1486 2990 1582 3029 ergo
1603 2990 1723 3016 naves
1754 2975 2049 3029 quinquaginta
2075 2975 2198 3014 remis
2228 2974 2440 3014 instructas
2468 2984 2573 3015 certe

1352 3045 1518 3078 centum
1543 3038 1839 3092 quinquaginta
1866 3051 1994 3076 annos
2012 3044 2104 3091 post
2134 3034 2338 3076 conditam
2369 3037 2573 3089 Carthagi-

1351 3114 1446 3139 nem
1469 3101 1512 3139 in
1535 3114 1613 3140 usu
1645 3099 1781 3139 fuisse.
1806 3100 1964 3138 Verum
1986 3099 2072 3138 haec
2092 3099 2195 3138 ratio
2222 3097 2335 3137 facite
2354 3097 2566 3138 refutatur.

1350 3162 1438 3202 Tali
1474 3163 1584 3204 enim
1617 3161 1867 3216 expeditioni
1890 3161 2112 3200 'maritimae
2141 3158 2422 3199 conducebant
2451 3174 2570 3217 naves

1351 3226 1562 3274 onerariae,
1601 3225 1779 3264 minores
1798 3222 1980 3277 quidem,
2007 3221 2077 3262 sed
2100 3221 2186 3261 latae
2205 3235 2251 3260 ac
2278 3220 2405 3274 plante
2436 3229 2475 3260 et
2516 3222 2569 3261 ita

1350 3295 1608 3342 comparatae,
1630 3294 1676 3326 ut
1702 3293 1835 3325 nautae
1853 3300 1936 3325 non
1966 3284 2096 3323 solum
2120 3297 2233 3323 oram
2255 3283 2496 3321 maritimam
2516 3282 2568 3322 le·-

1350 3363 1458 3403 gere,
1484 3348 1554 3389 sed
1574 3347 1675 3388 vada
1690 3356 1729 3387 et
1751 3361 1855 3386 caeca
1873 3361 1967 3386 saxa
1989 3346 2129 3385 leviter
2150 3343 2363 3398 supervebi
2387 3352 2565 3397 possent,

1350 3411 1499 3464 quibus
1516 3411 1699 3450 triremes
1719 3416 1940 3461 ceteraequc
1959 3421 2078 3446 naves
2095 3420 2249 3458 magnae
2271 3404 2387 3445 molis
2410 3404 2569 3446 illisurae

1349 3472 1498 3513 forent.
1520 3470 1643 3526 Apud
1666 3470 1904 3511 Strabonem
1933 3468 1994 3523 (Ι,
2022 3482 2064 3522 p.
2091 3483 2142 3521 99
2163 3467 2176 3522 )
2201 3466 2398 3507 Eudoxus
2427 3465 2568 3506 eadem

1348 3543 1552 3575 structura
1576 3533 1706 3573 utitur
1734 3531 1785 3572 ad
1814 3530 1943 3570 simile
1976 3529 2190 3570 consilium
2222 3527 2521 3583 exequendum.
2547 3548 2563 3563 ι

1348 3598 1518 3637 KLUGE.
1540 3594 1555 3646 ΙΙ
1578 3619 1634 3625 -
1651 3610 1709 3649 μυ
1723 3609 1742 3648 ρ
1755 3609 1766 3632 ι
1779 3593 1868 3632 άδω
1882 3607 1900 3631 ν
1923 3596 2068 3646 τριῶν
2085 3591 2100 3646 ]
2116 3589 2239 3646 Apud
2254 3591 2417 3631 Graecos
2433 3589 2483 3630 ad
2499 3604 2567 3629 eo-

1347 3658 1501 3699 loniam
1513 3655 1795 3697 deducendam
1811 3656 1993 3709 quinque
2009 3653 2069 3693 vel
2084 3653 2205 3693 etiam
2222 3651 2273 3692 ad
2289 3651 2427 3692 decem
2445 3651 2566 3690 millia

1347 3721 1565 3761 hominum
1587 3718 1719 3771 colligi
1749 3726 1796 3757 ut
1816 3717 2042 3772 plurimum
2067 3714 2263 3755 solebant.
2288 3715 2378 3753 Non
2414 3713 2564 3751 nimius

1347 3784 1471 3837 igitur
1492 3783 1657 3835 triginta
1678 3780 1851 3821 millium
1870 3792 2065 3819 numerus
2085 3776 2136 3818 ad
2158 3792 2228 3817 sex
2247 3775 2307 3815 vel
2325 3782 2475 3828 septem
2498 3787 2563 3812 co-

1346 3845 1476 3886 lonias
1498 3845 1575 3884 rite
1589 3842 1858 3883 instituendas
1877 3849 1916 3881 et
1935 3848 2077 3881 contra
2097 3839 2254 3879 hostem
2279 3837 2318 3876 in
2334 3834 2561 3887 longinquis

1345 3907 1471 3962 plagis
1501 3905 1686 3947 tuendaS.
2263 3957 2271 3965 ·
2422 3957 2430 3965 .

1403 3973 1425 4022 S
1442 3984 1481 4010 2.
1515 3968 1546 4009 Θ
1559 3967 1735 4024 υμιατή
1748 3982 1787 4021 ρι
1801 3982 1820 4005 0
1835 3980 1852 4006 ν
1872 3966 1887 4019 ]
1909 3964 2184 4005 Meminerunt
2203 3959 2320 4012 hujus
2344 3956 2452 3997 urbis
2467 3956 2517 3996 Sc

2334 4030 2351 4063 Ι
