2808 4342
741 103 787 153 Ο

213 228 302 270 854
558 247 606 292 0

207 322 339 386 μωμά
361 341 407 371 τε
427 322 501 370 καὶ
521 322 631 368 ἄλλα
655 317 948 380 τοιουτότροπα
970 317 1011 368 ἐς
1033 314 1267 378 Ἀσσυρίους
1284 314 1444 378 ἀγινίι·

206 396 317 440 σθαι·
335 394 393 452 (ε)
415 391 488 438 καὶ
516 390 600 436 ἀπὸ
619 393 691 435 τοῦ
722 386 912 447 αἰγιαλοῦ
932 382 1103 439 τούτου,
1120 381 1272 447 ἵναπερ
1294 386 1317 430 δ
1342 383 1444 431 στό-

205 462 276 512 λος
297 459 492 515 ἐσάλευε,
514 457 586 504 καὶ
604 459 676 509 τῆς
698 454 852 514 ἄκρης,
869 450 1016 509 ἥντινα
1037 452 1293 516 καταντικρὺ
1312 451 1448 500 ἀπεώ-

207 546 287 591 ρων
308 525 537 590 ἀνέχουσαν
548 526 588 573 ἐς
602 523 649 568 τὸ
668 521 872 582 πέλαγος,
889 520 1081 574 ὁκόλπος
1105 519 1228 582 (ἐμοί
1243 538 1291 567 τε
1312 521 1446 568 δοκέει

159 610 180 640 ο
203 596 277 643 καὶ
304 597 485 657 Νεάρχῳ
511 590 710 643 ὡσαύτως
732 589 891 636 ἐδόκεεν
909 589 989 653 )-ἐς
1009 589 1057 637 τὸ
1078 589 1179 637 εἴσω
1197 589 1447 654 ἀναχέεται,

203 664 304 726 ὅπερ
324 663 427 713 εἰκὸς
442 665 468 716 ἠ
489 658 672 722 Ἐρυθρὴ
686 658 894 707 θάλασσα.
961 663 1012 721 (ο)
1026 657 1200 718 Ταύτην
1214 659 1291 717 τὴν
1313 659 1445 723 ἄκρην

202 737 257 784 ὡς
277 730 489 787 κατεῖδον,
514 727 802 791 Ὀνησίκριτος
836 727 912 790 μὲν
949 728 1175 792 ἐπέχοντας
1207 730 1273 775 ἐπ’
1308 729 1439 786 αὐτὴν

204 798 355 844 πλώειν
379 796 590 854 ἐκέλευεν,
614 799 671 850 ὡς
690 795 749 859 μὴ
779 797 888 844 κατὰ
906 796 975 844 τὸν
997 798 1153 845 κόλπον
1176 798 1447 861 ἐλαστρεύον-

199 886 274 920 τας
309 865 693 929 ταλαιπωρέεσθαι·
766 866 838 930 (ιο)
880 867 1071 930 Νέαρχος
1102 867 1147 914 δὲ
1182 867 1448 930 ἀποκρίνεται

139 954 178 983 ιο
200 937 343 994 νήπιον
368 928 474 982 εἶναι
512 935 828 1000 Ὀνησίκριτον,
851 938 887 982 εἴ
911 936 1073 998 ἀγνοέει
1095 938 1161 983 ἐπ’
1189 935 1272 1001 ὅτῳ
1291 937 1446 994 ἐστάλη

199 1005 303 1070 πρὸς
335 1004 602 1070 Ἀλεξάνδρου
626 1008 648 1051 ὁ
673 1005 830 1058 στόλος·
859 1005 932 1067 (ιι)
965 1006 1011 1051 οὗ
1037 1003 1117 1067 γὰρ
1138 1002 1202 1051 ὅτι
1222 1004 1375 1067 ἀπορίη
1396 998 1446 1062 ἦν

199 1078 303 1137 πεζῇ
323 1076 580 1131 διασωθῆναι
601 1074 739 1120 πάντα
767 1075 881 1138 αὐτῷ
910 1073 982 1120 τὸν
1010 1073 1187 1138 στρατὸν
1203 1111 1216 1132 ,
1242 1075 1311 1120 ἐπὶ
1341 1075 1447 1138 τῷδε

201 1143 282 1208 ἄρα
305 1142 517 1209 ἐκπέμψαι
539 1142 614 1198 τὰς
639 1142 760 1204 νέας,
787 1141 896 1188 ἀλλὰ
929 1142 1123 1189 ἐθέλοντα
1160 1142 1374 1206 αἰγιαλούς
1402 1162 1446 1190 τε

198 1213 291 1267 τοὺς
310 1214 421 1261 κατὰ
447 1213 517 1260 τὸν
547 1212 795 1277 παράπλουν
819 1212 1168 1278 κατασκέψασθαι
1201 1212 1274 1259 καὶ
1296 1212 1447 1275 ὅρμους

138 1297 175 1327 ιτ»
199 1284 270 1329 καὶ
297 1285 487 1340 νησῖδας,
525 1283 597 1330 καὶ
625 1282 737 1336 ὅστις
765 1283 917 1334 κόλπος
941 1282 1102 1345 ἐσέχοι,
1133 1283 1446 1346 ἐκπεριπλῶσαι

198 1357 362 1411 τοῦτον,
386 1351 458 1398 καὶ
480 1352 629 1405 πόλιας
660 1353 755 1398 ὅσαι
776 1351 1099 1409 ἐπιθαλάσσιαι,
1133 1351 1204 1397 καὶ
1226 1349 1266 1397 εἴ
1295 1370 1354 1404 τις
1378 1350 1446 1413 ἔγ-

198 1440 356 1484 καρπος
378 1426 431 1482 γῆ
448 1457 460 1478 ,
485 1422 556 1467 καὶ
587 1420 704 1475 εἴτις
729 1422 879 1485 ἐρήμη·
948 1422 1019 1483 (12)
1048 1423 1164 1485 Σφᾶς
1192 1413 1249 1467 ὧν
1273 1422 1318 1467 οὗ
1339 1424 1445 1483 χρῆ-

198 1509 266 1536 ναι
291 1492 489 1556 ἀφανίσαι
513 1492 559 1537 τὸ
583 1492 727 1553 ἔργον,
762 1491 864 1554 πρὸς
883 1491 1063 1554 ,τέρματι
1086 1491 1167 1547 ἤδη
1200 1490 1343 1542 ἐόντας
1364 1493 1446 1535 τῶν

198 1559 357 1615 πόνων,
379 1559 517 1613 ἄλλαῖς
534 1578 578 1605 τε
598 1558 691 1605 οὐδὲ
710 1559 874 1622 ἀπόρως
892 1559 952 1605 ἔτι
971 1562 1052 1605 τῶν
1073 1558 1308 1620 ἀναγκαίων
1323 1560 1364 1605 ἐν
1387 1561 1446 1623 τῷ

138 1642 181 1672 2⁰
200 1628 410 1692 παράπλῳ
436 1628 620 1690 ἔχοντας’
644 1628 820 1674 δεδιέναι
842 1647 912 1689 τε,
937 1628 1001 1674 ὅτι
1024 1632 1046 1684 ἠ
1079 1627 1187 1691 ἄκρη
1212 1630 1252 1681 ἐς
1277 1647 1446 1690 μεσημ-

202 1697 324 1760 Ερίην
348 1697 512 1761 ἀνέχει,
537 1696 597 1759 μὴ
623 1697 766 1762 ἐρήμῳ
788 1716 833 1744 τε
856 1702 908 1762 τῇ
938 1697 1069 1754 ταύτῃ
1092 1701 1146 1759 γῇ
1181 1697 1253 1743 καὶ
1285 1697 1447 1761 ἀνύδρῳ

198 1768 271 1813 καὶ
292 1767 496 1831 φλογώδεϊ
518 1767 781 1830 ἐγκύρσειαν.
851 1770 923 1831 (13)
941 1770 981 1815 Τ
985 1772 1092 1813 α’ῠτα
1112 1768 1251 1824 ἐνίκα,
1271 1767 1354 1814 ·καί
1375 1786 1446 1828 μοι

200 1834 332 1884 δοκέει
355 1838 614 1902 περιφανέως
641 1842 775 1885 σῶσαι
798 1838 873 1895 τὴν
897 1838 1096 1901 στρατιὴν
1123 1840 1221 1901 τῇδε
1240 1842 1292 1901 τῇ
1318 1840 1446 1900 βουλῇ

199 1905 400 1970 Νέαρχος·
418 1907 494 1963 τὴν
517 1906 596 1971 γὰρ
617 1906 667 1964 δὴ
688 1906 820 1972 ἄκρην
845 1907 1005 1964 ἐκείνην
1027 1906 1097 1953 καὶ
1118 1907 1194 1963 τὴν
1220 1907 1322 1971 πρὸς
1342 1909 1446 1971 αὐτῇ

134 1987 179 2018 ²³
198 1974 340 2039 χώρην
362 1984 503 2024 πᾶσαν
522 1977 682 2040 ἐρήμην
703 1995 748 2023 τε
772 1969 878 2023 εἶναι
895 1977 1015 2040 λόγος
1034 1977 1229 2040 κατέχει,
1251 1977 1323 2024 καὶ
1346 1976 1445 2023 ὅδα·

198 2065 267 2100 τος
282 2046 432 2109 ἀπορίῃ
458 2045 644 2109 ἔχεσθαι.

263 2118 485 2164 xxxin.
537 2115 662 2164 Ἀλλὰ
703 2116 864 2163 ἔπλωον
902 2116 983 2180 γὰρ
1025 2116 1107 2162 ἀπὸ
1145 2120 1217 2163 τοῦ
1258 2118 1446 2178 αἰγιαλοῦ

199 2185 373 2249 ἄραντες
401 2189 453 2247 τῇ
473 2188 526 2246 γῇ
551 2186 792 2247 προσεχέες·
819 2186 890 2230 καὶ
914 2185 1154 2237 πλώσαντες
1181 2186 1371 2237 σταδίους
1393 2189 1448 2238 ὡς

199 2254 470 2305 ἑπτακοσίους
500 2255 543 2298 ἐν
580 2253 696 2316 ἄλλῳ
731 2254 909 2316 αἰγιαλῷ
942 2252 1197 2317 ὡρμίσαντο·
1222 2252 1445 2301 Νεόπτανα

134 2336 178 2367 ³⁰
198 2325 352 2383 οὔνομα
385 2325 446 2387 τῷ
468 2324 661 2387 αἰγιαλῷ.
733 2322 784 2384 (2)
813 2321 898 2370 Καὶ
923 2315 1034 2375 αὗθις
1053 2322 1132 2368 ὑπὸ
1160 2321 1236 2378 τὴν
1260 2321 1315 2368 ἕω
1345 2322 1446 2379 ἀνή·

197 2410 316 2454 γοντο
329 2429 341 2451 ,
364 2391 436 2437 καὶ
450 2390 691 2445 πλώσαντες
710 2390 900 2446 σταδίους
917 2391 1061 2438 ἑκατὸν
1080 2392 1316 2455 ὁρμίζονται
1334 2391 1444 2438 κατὰ

195 2461 266 2507 τὸν
286 2459 477 2522 ποταμὸν
502 2459 693 2522 Ἄναμιν·
715 2464 737 2507 ὃ
758 2461 800 2507 δὲ
824 2464 958 2524 χῶρς
985 2460 1204 2526 Ἁρμόζεια
1230 2461 1439 2510 ἐκαλέετο.

195 2531 329 2577 Φίλια
354 2529 397 2576 δὲ
419 2531 500 2587 ἤδη
521 2531 592 2577 καὶ
616 2533 820 2595 πάμφορα
843 2530 975 2595 ταύτῃ
1000 2525 1051 2588 ἦν
1068 2568 1081 2592 ,
1105 2530 1215 2588 πλὴν
1237 2533 1373 2578 ἐλαῖαι
1396 2533 1443 2578 οὗ

192 2714 252 2727 Ᾰ-
275 2704 312 2731 ι.
337 2693 434 2731 Post
456 2691 520 2731 καὶ
542 2691 646 2732 ἄλλα
682 2692 960 2747 τοιουτότροπα
983 2691 1079 2733 cod.
1115 2694 1153 2733 A
1185 2690 1302 2733 addit
1334 2705 1344 2733 ε
1380 2691 1445 2733 καὶ

196 2751 244 2792 τὸ
262 2753 344 2793 σένε
379 2754 554 2805 (cassia
579 2769 705 2795 senna
738 2756 781 2795 in
806 2754 961 2796 Arabia
996 2754 1267 2811 proveniens,
1305 2754 1446 2809 gallice

196 2815 370 2855 εἰπάν.
386 2817 582 2870 Ducange
599 2832 637 2857 v.
656 2818 753 2859 σένε.
766 2818 913 2859 Ritter.
927 2819 1025 2869 XII,
1039 2833 1083 2874 p.
1096 2818 1194 2868 483.
1210 2819 1308 2873 889.
1324 2818 1442 2876 992),

197 2889 291 2932 quse
311 2891 335 2917 e
361 2879 545 2930 margine
577 2879 619 2918 in
651 2879 841 2920 ordinem
869 2880 1091 2921 verborum
1123 2881 1393 2935 irrepserunt.
1425 2881 1440 2935 ss

195 2961 255 2970 —
280 2938 321 2979 3.
365 2936 540 2993 ἐφεώρων
572 2940 699 2979 ΛΒΙ).
741 2941 756 2992 Η
784 2963 840 2971 -—-
864 2941 904 2981 5.
936 2940 1166 2995 ἀναχεῗσθαι
1203 2942 1285 2982 BC.
1333 2943 1349 2995 ΙΙ
1390 2965 1447 2973 ·-

197 3015 241 3055 9.
259 2998 395 3055 ὓποκρ.
423 3002 475 3042 Α.
502 3001 519 3055 ΙΙ
548 3022 603 3032 —
626 3013 691 3043 10.
728 2999 847 3051 εἶναι,
868 3001 981 3057 quod
1004 3002 1189 3057 praebent
1227 3004 1372 3043 ABCD
1405 3012 1445 3045 et

196 3061 336 3114 Bodl„
357 3076 444 3104 om.
464 3064 501 3104 L
518 3070 559 3105 et
573 3070 673 3105 vett.
693 3062 812 3105 editt.
836 3065 852 3118 ῃ
875 3087 932 3095 -
950 3063 1015 3105 15.
1036 3062 1168 3118 ἐπέχοι
1186 3062 1304 3104 editt.
1321 3065 1440 3106 Basil.

198 3134 239 3167 et
267 3127 421 3168 venet.
450 3126 515 3167 De
546 3125 628 3167 hoc
658 3125 834 3168 Nearchi
856 3134 896 3168 et
925 3126 1146 3169 Onesicriti
1176 3124 1363 3167 dissensu
1388 3127 1441 3168 cf.

198 3189 366 3230 Arrian.
386 3186 549 3244 Exped.
576 3189 675 3240 vn,
698 3201 768 3231 ao.

252 3252 456 3302 XXXIII,
477 3264 549 3306 29.
578 3250 805 3308 ὁρμίζονται
822 3253 906 3294 BC.
932 3253 950 3308 11
975 3250 1304 3293 -Νιόπτανα
1324 3251 1340 3307 ]
1362 3252 1443 3292 Νο-

198 3327 292 3354 men
316 3311 483 3354 aliunde
512 3328 597 3355 non
624 3321 788 3357 notum.
820 3313 994 3371 Appulit
1023 3312 1236 3355 Nearchus
1270 3314 1313 3354 in
1344 3326 1441 3353 cum

197 3375 280 3416 sere
295 3375 458 3427 locum,
479 3375 552 3417 ubi
575 3389 689 3418 nunc
709 3384 771 3419 est
795 3378 987 3419 Karroun
1013 3375 1141 3417 vicus.
1168 3376 1186 3431 u
1204 3399 1261 3407 —
1280 3376 1349 3418 32.
1374 3374 1442 3416 τὸν

195 3452 280 3478 om.
316 3439 370 3479 D.
408 3438 424 3492 ΙΙ
461 3461 518 3470 —-
541 3438 794 3495 Ἀναμιν]
822 3437 1006 3480 Ananim
1035 3437 1144 3480 Ptin.
1173 3437 1202 3480 l.
1230 3437 1259 3480 Ι.
1288 3441 1312 3491 S
1347 3450 1441 3493 107.

195 3498 416 3541 Ptolemaeo
434 3499 586 3542 fluvius
603 3500 759 3543 dicitur
782 3501 977 3553 Ἀνδανιςς
1001 3515 1080 3543 nec
1099 3515 1184 3544 non
1200 3515 1267 3558 ap.
1290 3500 1440 3542 Melam

195 3560 273 3610 111,
297 3563 321 3601 8
345 3575 354 3601 :
377 3563 496 3603 sabis
508 3578 589 3620 per
603 3564 879 3615 Carmaniam,
901 3579 1032 3622 supra
1045 3562 1255 3607 Andamis
1269 3572 1309 3606 ct
1324 3567 1443 3606 Coms

194 3621 388 3676 efflatum
411 3637 523 3664 nunc
543 3625 692 3668 Minab
715 3628 800 3669 sive
819 3626 968 3670 Minali
987 3641 1084 3669 cum
1106 3626 1270 3669 castello
1288 3640 1441 3681 cogno·

195 3685 323 3725 mine.
345 3683 436 3725 Sec.
457 3686 588 3727 virum
609 3687 778 3730 doctum
798 3703 866 3746 ap.
888 3689 1171 3746 Kempthorn.
1195 3688 1269 3731 1.1.
1290 3702 1333 3746 p.
1359 3691 1438 3744 274

195 3752 286 3788 not.
314 3745 464 3787 Minab
484 3761 636 3789 nomen
663 3759 925 3793 contractum
944 3760 1004 3793 est
1028 3766 1078 3793 ex
1109 3749 1324 3803 Mina-ab,
1345 3750 1375 3793 i.
1400 3766 1437 3793 e.

195 3805 368 3850 malea
397 3820 520 3864 aqua.
540 3809 665 3852 Plura
689 3811 742 3853 dc
773 3813 854 3854 hoc
875 3814 1002 3856 ssuvio
1028 3814 1200 3871 exponit
1234 3811 1440 3857 Wellsted

202 3870 373 3910 Travelae
392 3878 435 3911 to
456 3870 524 3911 the
543 3870 630 3927 city
650 3871 707 3926 of
719 3873 784 3914 the
806 3874 971 3931 Caliples
993 3877 1029 3928 1,
1054 3890 1097 3932 p.
1127 3879 1181 3919 60
1197 3889 1280 3931 sq„
1302 3887 1353 3917 ex
1369 3888 1439 3918 eo·

195 3945 277 3986 que
298 3932 431 3973 Ritter
451 3933 549 3984 XII,
571 3934 669 3985 431.
700 3936 717 3991 ΙΙ
733 3960 790 3968 -
809 3938 877 3978 32.
908 3936 1016 3993 Ἀρμ
1030 3939 1195 3995 όζεια]
1227 3935 1438 3994 Ὀρμάζεια

194 3994 244 4043 Β,
269 3990 461 4050 Ὀρμαζία
475 3995 531 4047 C;
549 3997 755 4039 Armuzia
773 3999 882 4051 regio
897 4015 963 4056 ap.
986 4001 1091 4042 Plin.
1112 4000 1141 4043 1.
1159 4001 1188 4043 Ι.
1210 4004 1233 4055 S
1257 4013 1348 4055 107.
1369 3999 1435 4043 Cf.

197 4058 222 4107 S
246 4069 324 4098 110
350 4070 361 4098 ε
385 4059 599 4102 Carmanis
618 4062 852 4117 '‘attigimus'‘
868 4064 1075 4106 Armozet'.
1098 4064 1435 4107 Promontorium

1397 210 1660 263 Annum

2722 0 2808 83 Ἦ

2792 90 2808 130 ²1

2748 224 2808 271 ,ιξι

1512 323 1824 367 cinnamomum
1834 331 1877 367 et
1885 323 2176 382 alnqnnnodi
2185 338 2370 372 aromata
2383 332 2428 372 in
2443 331 2632 387 Assyrios
2741 323 2743 347 ³
2758 247 2808 332 ἐξ

1513 390 1578 445 (8)
1598 389 1666 433 Ab
1683 404 1735 433 eo
1750 390 1892 434 littore
1911 390 1985 434 ubi
2002 386 2140 436 daath
2159 398 2323 439 ancoris
2343 398 2386 439 in
2408 397 2493 439 salo
2509 397 2630 454 jactis
2653 413 2733 443 eon

1512 456 1687 507 stiterat,
1725 465 1769 499 et
1795 458 2111 514 promontorio,
2141 460 2256 516 quod
2285 476 2339 506 ex
2359 463 2533 507 adverso
2564 467 2608 507 in

1512 531 1754 578 porrectum
1789 531 2107 581 conspexerant,
2148 526 2263 568 sinus
2297 541 2393 572 meo
2412 529 2577 587 judicio
2589 563 2601 583 ,
2636 541 2684 575 ut

1511 588 1702 632 Nearcho
1720 590 1855 633 visum
1869 599 1946 644 est,
1964 593 2194 635 introrsum
2214 592 2467 647 refunditur.
2482 599 2591 642 sicut
2603 600 2755 656 proba·
2782 615 2783 618 ’

1513 653 1595 697 bile
1626 664 1703 706 oet,
1726 671 1843 700 mare
1876 658 2085 701 Rubrum.
2146 660 2212 715 (9)
2241 658 2291 701 l'd
2321 665 2656 716 promontorium
2681 667 2753 710 ubi
2806 655 2808 657 ¹

1513 723 1739 780 conspicati
1757 732 1871 776 sunt,
1894 726 2153 768 Onesicritus
2175 725 2344 767 classem
2360 741 2411 768 eo
2430 726 2552 784 dirigi
2566 727 2755 786 iubati-i,
2804 736 2808 738 ’

1512 801 1567 830 ne
1595 802 1672 846 per
1699 790 1838 832 sinum
1870 793 2110 847 navigantes
2136 791 2436 834 calamitatibus
2474 792 2755 842 afficerentur.
2786 795 2802 834 s‘

1514 854 1605 911 (ιο)
1626 856 1840 899 Nearchus
1849 871 1947 900 vero
1960 871 2107 915 parum
2117 857 2365 916 prudentem
2381 875 2468 902 esse
2479 862 2763 908 Onesicritum

1513 920 1744 977 respondit,
1762 924 1796 965 εἰ
1810 925 1988 966 nesciret
2003 938 2131 981 quam
2148 924 2202 968 ad
2221 940 2308 968 rem
2335 927 2570 970 Alexander
2590 928 2765 974 classem

1514 987 1704 1030 misisset.
1765 990 1806 1043 (1
1817 992 1859 1045 ι)
1875 991 2021 1047 Neque
2033 991 2144 1034 enim
2159 992 2258 1048 quia
2269 992 2449 1050 pedestri
2465 995 2611 1037 itinere
2625 1004 2763 1040 totum

1515 1055 1745 1097 exercitum
1754 1054 1970 1099 traducere
1983 1056 2142 1100 salvum
2159 1072 2246 1100 non
2257 1068 2408 1115 posset,
2417 1074 2509 1103 eam
2523 1061 2580 1104 ob
2593 1071 2762 1107 eausam

1516 1135 1643 1163 naves
1660 1122 1829 1164 emissas
1853 1136 1864 1165 ε
1896 1122 1968 1165 sed
1990 1123 2105 1180 quod
2129 1123 2246 1167 vellet
2270 1126 2412 1168 omnia
2440 1126 2579 1171 littora
2600 1139 2764 1188 portus·

1517 1202 1599 1243 que
1613 1196 1655 1230 et
1674 1188 1827 1231 insulas
1848 1190 1891 1231 in
1906 1192 2317 1247 praeternavigatione
2333 1192 2596 1250 perlustrari,
2615 1210 2760 1241 omnes

1516 1255 1642 1296 etiam
1664 1255 1780 1297 sinus
1808 1257 2066 1313 pernavigari
2080 1288 2092 1309 ,
2128 1266 2171 1300 et
2186 1258 2310 1300 urbes
2331 1272 2424 1315 quae
2442 1258 2496 1302 ad
2528 1275 2642 1306 mare
2672 1265 2761 1309 sitae

1513 1329 1648 1362 essent
1662 1352 1674 1372 ,
1706 1335 1850 1377 quaeve
1878 1323 1993 1377 regio
2024 1321 2191 1374 fertilis,
2219 1338 2313 1380 quae
2334 1324 2496 1368 deserta
2513 1327 2567 1369 sit
2588 1328 2759 1385 inquiri.

1513 1387 1720 1442 (12)Non
1742 1387 1895 1430 debere
1921 1389 2060 1445 itaque
2080 1404 2168 1432 sese
2197 1398 2334 1432 totum
2360 1392 2573 1447 negotium
2595 1408 2762 1451 perver-

1514 1462 1628 1507 tere,
1649 1469 1779 1511 quum
1797 1455 1885 1512 jam
1906 1455 1959 1498 ad
1977 1456 2104 1499 finem
2124 1456 2315 1500 laborum
2334 1460 2634 1515 pervenissent,
2659 1475 2762 1519 prae·
2785 1488 2788 1491 ·

1514 1521 1635 1578 cipue
1645 1536 1777 1578 quum
1788 1536 1856 1564 res
1865 1520 1918 1565 ad
1933 1523 2236 1580 navigationem
2247 1525 2483 1567 necessarioe
2493 1540 2578 1568 non
2586 1527 2762 1584 amplius

1514 1587 1739 1631 deficerent
1760 1603 1771 1632 ε
1789 1591 1921 1632 vereri
1932 1591 2058 1632 etiam
2080 1605 2124 1632 se
2137 1622 2149 1643 ,
2170 1588 2283 1646 quod
2303 1593 2640 1647 promontorium
2656 1594 2759 1637 illud

1513 1656 1557 1697 in
1587 1656 1805 1699 meridiem
1827 1666 2027 1712 vergeret,
2053 1671 2106 1699 ne
2130 1657 2173 1699 in
2203 1657 2407 1700 desertam
2439 1667 2481 1701 et
2510 1658 2759 1703 siticulosam

1515 1722 1797 1781 torridamque
1815 1725 2025 1779 regionem
2055 1723 2300 1766 inciderent.
2362 1726 2456 1781 (13)
2473 1725 2649 1768 Nearchi
2668 1742 2762 1770 sen·

1513 1790 1641 1832 tentia
1658 1790 1757 1832 vicit
1778 1804 1789 1832 z
1814 1798 1856 1832 et
1884 1790 1986 1832 mihi
2009 1790 2177 1847 quidem
2204 1791 2417 1833 Nearchus
2439 1791 2662 1835 manifesto
2682 1793 2765 1837 hoe
2785 1835 2788 1838 ,

1514 1855 1686 1898 consilio
1724 1856 1894 1899 classem
1926 1858 2161 1899 universam
2205 1871 2387 1899 servasse
2420 1857 2601 1902 videtur.
2661 1861 2767 1903 Pro-

1516 1923 1774 1965 montorium
1793 1925 1906 1966 enim
1939 1922 2041 1965 illud
2072 1937 2324 1979 omnemque
2358 1925 2572 1979 regionem
2595 1925 2654 1968 illi
2683 1927 2808 2144 cir-¹

1514 1988 1759 2046 cumjectam
1799 1989 2006 2032 desertam
2044 2005 2131 2032 esse
2163 1990 2272 2032 sama
2309 1989 2484 2043 obtinet,
2518 2006 2765 2050 summaque

1513 2070 1714 2113 aquarum
1735 2059 1910 2114 penuria
1926 2057 2133 2100 laborare.

1570 2124 1774 2166 xxxm.
1804 2125 1921 2166 Mota
1944 2125 2073 2179 igitur
2103 2123 2228 2166 classe
2258 2125 2448 2181 proxime
2472 2133 2624 2167 terram
2647 2127 2766 2168 navi·
2796 2156 2808 2175 ‚

1514 2199 1677 2247 gantoe,
1698 2193 1956 2248 septingenta
1977 2191 2108 2234 stadia
2129 2193 2284 2234 emensi
2305 2192 2358 2234 ad
2387 2191 2500 2235 aliud
2529 2193 2642 2236 littus
2656 2226 2667 2246 ,
2694 2195 2761 2237 cui
2784 2228 2808 2237 -

1514 2261 1730 2315 Neoptana
1751 2273 1904 2301 nomen
1923 2267 2026 2310 erat,
2050 2258 2289 2316 appellunt;
2310 2274 2538 2317 rursusque
2551 2261 2631 2304 suh
2643 2276 2767 2305 auro-
2802 2261 2808 2301 ἶ

1518 2343 1608 2371 ram
1644 2327 1742 2370 inde
1773 2327 1955 2379 solvunt,
1990 2336 2032 2369 et
2070 2336 2240 2370 centum
2278 2327 2420 2371 stadiis
2456 2330 2678 2386 enavigatis
2708 2332 2762 2375 ad
2791 2325 2808 2394 ξ

1515 2399 1690 2440 fluvium
1723 2397 1903 2440 Anamin
1935 2399 2199 2455 perveniunt.
2262 2400 2327 2455 (a)
2364 2401 2501 2442 Locus
2539 2401 2631 2457 ipse
2655 2401 2764 2445 Har-

1514 2466 1651 2507 mozia
1668 2464 1906 2506 vocabatur.
1966 2464 2154 2507 Amicam
2162 2463 2248 2520 jam
2262 2464 2319 2507 ibi
2332 2466 2607 2523 omniumque
2621 2481 2763 2517 rerum

1516 2532 1692 2574 feracem
1710 2532 1922 2587 regionem
1938 2532 2047 2573 nacti
2067 2539 2165 2573 sunt
2194 2545 2203 2573 ε
2226 2531 2335 2574 oleas
2355 2540 2519 2575 tantum
2541 2548 2627 2577 non
2657 2533 2766 2582 sem-
2802 2528 2803 2531 ¹

1519 2691 1708 2747 Ἀρμοζον
1740 2705 1774 2731 s.
1818 2689 2010 2747 Ἁρμόζων
2033 2705 2067 2732 s.
2104 2690 2270 2747 Ἅρμοζα
2301 2706 2424 2748 supra
2443 2691 2531 2747 jam
2553 2693 2763 2749 vidimusg
2785 2705 2790 2730 ῖ

1517 2753 1665 2796 urbem
1685 2752 1900 2809 Ἅρμουζαν
1921 2752 2076 2794 habent
2095 2753 2340 2795 Ptolemaeus
2358 2763 2399 2796 et
2420 2755 2672 2809 Marcianus,
2695 2757 2768 2801 ille

1515 2816 1598 2859 250
1620 2815 1706 2857 sere
1724 2814 1881 2867 stadiis,
1899 2815 1969 2859 hic
1989 2818 2071 2858 800
2086 2815 2227 2857 stadiis
2249 2830 2272 2857 a
2285 2819 2575 2872 promontorio
2589 2833 2680 2862 eam
2694 2819 2766 2863 di·
2783 2861 2786 2864 Α

1512 2887 1620 2921 stare
1638 2892 1823 2920 censens.
1846 2898 1864 2915 ι
1879 2879 1947 2920 On
1965 2879 2044 2920 sait
2062 2878 2162 2935 qu'il
2174 2893 2197 2920 a
2219 2879 2347 2920 existe
2363 2893 2445 2922 une
2463 2881 2556 2924 ville
2577 2880 2631 2924 de
2654 2883 2767 2926 Han-

1512 2955 1607 2982 muz
1626 2954 1683 2982 ou
1703 2941 1890 2982 Hormuz
1908 2954 1981 2982 sur
1998 2939 2035 2982 le
2063 2941 2202 2995 rivago
2226 2939 2285 2982 du
2303 2942 2519 2985 continent
2536 2952 2660 2987 avant
2677 2954 2767 3002 quee

1511 3018 1558 3045 ce
1577 3018 1675 3045 nom
1700 3002 1762 3045 sut
1781 3005 2014 3059 transporte'
2028 3001 2051 3044 a
2069 3002 2171 3045 l'isle
2189 3018 2353 3046 connue
2376 3003 2646 3060 aujourd'hui
2661 3021 2765 3063 sous

1511 3064 1547 3105 le
1573 3079 1671 3106 nom
1694 3064 1911 3108 d'Ormus.
1945 3064 2067 3107 Selon
2100 3065 2299 3107 l'histoire
2324 3080 2406 3121 que
2428 3067 2694 3110 'I'itron-shah
2717 3084 2761 3115 ¹a:
2782 3074 2783 3078 ’

1510 3128 1635 3167 ecrite
1650 3127 1708 3167 du
1722 3141 1920 3183 royaume
1934 3125 2176 3178 d’Hormus,
2195 3127 2301 3170 dont
2315 3128 2343 3170 il
2353 3143 2377 3170 a
2394 3132 2551 3185 occupe
2565 3129 2603 3171 le
2617 3130 2756 3184 tuine,
2780 3130 2783 3131 ⁷

1510 3188 1547 3229 le
1558 3202 1657 3244 pays
1668 3190 1780 3229 etant
1794 3190 1940 3243 ravage
1954 3203 2029 3244 par
2039 3189 2095 3230 les
2113 3191 2262 3240 Turcs,
2280 3188 2317 3231 le
2328 3191 2390 3231 roi
2407 3193 2576 3234 nomme
2588 3192 2756 3236 Bahud·

1509 3249 1581 3291 din
1605 3264 1660 3291 ou
1685 3250 1928 3306 Ayamcifin,
1948 3252 1992 3291 fit
2013 3265 2151 3305 passer
2171 3251 2227 3292 les
2251 3253 2526 3295 Ilormuziens
2552 3252 2657 3297 dans
2672 3270 2774 3299 une·

1509 3312 1594 3363 isle,
1623 3313 1694 3367 qui
1721 3327 1764 3353 se
1788 3312 1993 3353 nommoit
2011 3315 2170 3354 Gerun.
2196 3316 2263 3355 On
2290 3324 2485 3371 rapporte
2502 3324 2611 3359 cette
2699 3339 2706 3355 ι

1509 3376 1728 3429 migration
1753 3389 1832 3416 aux
1855 3374 2079 3430 premieres
2109 3378 2260 3418 annees
2292 3376 2352 3419 du
2379 3378 2501 3419 xm·
2526 3377 2660 3422 siecle.
2759 3430 2763 3434 .

1507 3438 1753 3494 geographie
1780 3439 1954 3493 Turque
1990 3437 2162 3494 indique
2197 3438 2235 3481 la
2255 3440 2452 3483 situation
2488 3438 2542 3482 de
2578 3440 2659 3484 l’an
2759 3490 2762 3498 ἶ

1507 3501 1706 3552 Hormuz,
1728 3515 1780 3542 en
1795 3499 1932 3542 disant
1949 3515 2029 3556 que
2044 3500 2144 3542 l‘isle
2159 3500 2212 3543 de
2229 3503 2399 3558 Dgerun
2424 3517 2476 3545 en
2492 3511 2554 3546 est
2570 3503 2663 3547 elo‘·
2689 3532 2694 3541 ·
2728 3498 2770 3522 '⁹³

1506 3562 1560 3604 dc
1577 3562 1709 3604 douze
1733 3563 1862 3604 milles
1886 3577 1975 3605 vers
1995 3563 2031 3604 le
2051 3562 2274 3606 couchant.
2301 3584 2317 3601 ·
2354 3565 2646 3609 D’Anvmms
2701 3579 2704 3585 ’
2763 3573 2769 3582 ²

1506 3626 1689 3668 cherches
1707 3629 1843 3679 χέσῃ.
1871 3641 1947 3668 sm·
1974 3626 2008 3668 le
2024 3626 2135 3682 gulse
2163 3626 2359 3685 Persique
2382 3629 2425 3670 in
2446 3630 2572 3671 Me'm.
2594 3627 2644 3671 de
2662 3628 2692 3671 Ι·
2728 3659 2735 3684 3
2766 3634 2767 3638 ’

1506 3688 1599 3729 cad.
1614 3689 1848 3744 t.XXX‚p.
1866 3692 1959 3739 ¹4¹·
1977 3688 2383 3746 Plurav.ap.nitter.
2396 3691 2495 3742 XII,
2507 3703 2551 3747 p.
2566 3691 2756 3750 3832qq.·

1512 3753 1528 3801 ΙΙ
1551 3776 1607 3783 —-
1623 3752 1691 3793 33.
1713 3753 2031 3809 πάμφοραθω.
2052 3751 2152 3809 JCs.
2172 3751 2280 3795 Plin.
2302 3752 2331 3794 Ι.
2356 3752 2384 3805 l,
2406 3755 2444 3807 S.
2475 3765 2568 3809 107.
2588 3753 2717 3796 Kem
2745 3750 2801 3810 ’,Α

1507 3813 1647 3855 thorn.
1666 3813 1694 3856 l.
1713 3814 1741 3856 l.
1755 3829 1798 3871 p.
1821 3819 1901 3871 274
1923 3827 1933 3857 ε
1953 3834 1971 3851 ι
1983 3814 2076 3857 The
2092 3823 2271 3872 country
2282 3813 2470 3871 adjacent
2485 3816 2503 3870 (
2517 3814 2662 3858 Minab
2675 3814 2721 3858 fl
2741 3814 2744 3818 ’

1507 3877 1592 3933 vio)
1613 3877 1646 3917 is
1658 3877 1815 3918 termed
1828 3877 1882 3933 by
1901 3876 1970 3919 the
1982 3877 2138 3919 natives
2152 3877 2222 3919 the
2234 3877 2426 3920 Paradise
2440 3877 2490 3919 ot·
2496 3877 2648 3920 Persia.
2666 3878 2705 3921 12
2738 3875 2749 3886 l
2769 3910 2771 3914 -
2797 3898 2801 3906 ι

1508 3940 1703 3995 certainly
1715 3949 1823 3981 most
1834 3939 2072 3996 beautifully
2085 3939 2318 3991 fertile‚and
2330 3939 2519 3983 abounds
2530 3941 2572 3982 in
2582 3952 2755 4002 oran&
2806 3956 2808 3999 J

1508 4017 1666 4057 groveS‚
1685 4002 1884 4045 orchards
1898 4004 2137 4058 containing
2148 4002 2301 4059 appels,
2321 4017 2454 4059 pears,
2478 4001 2744 4060 peaeheaand
2774 4031 2775 4034 =
2806 4002 2808 4037 Ι

1507 4067 1685 4122 apricots
1700 4098 1711 4118 ,
1735 4066 1834 4108 with
1865 4065 2081 4123 vineyards
2107 4065 2340 4123 producing
2357 4080 2378 4108 a
2406 4066 2604 4110 delicious
2620 4077 2761 4121 gupa<

2758 4184 2793 4342 brem-22:
2771 4118 2796 4158 1'„
2778 4047 2790 4068 -Λ
