2808 4342
90 134 210 194 (ψ.)

86 307 258 366 πλέθρον
274 322 284 332 ·
311 303 362 347 τὰ
383 301 426 347 δὲ
457 301 563 363 ἄκρα
589 303 714 358 αὐτῆς
737 302 954 357 νησίζοντα
979 303 1078 366 ἔχει·
1115 305 1318 367 ἀφέστηκε

85 373 127 417 δὲ
150 377 221 428 τῆς
242 371 412 430 ἠπείρου
433 370 619 422 σταδίους
643 370 694 431 ξ’,
722 372 837 430 μίλια
858 372 917 427 η’.
985 373 1108 418 Κατὰ
1133 373 1256 432 μέσον
1275 372 1317 420 δὲ

85 443 210 495 αὐτῆς
261 438 393 500 αὐχὴν
450 439 684 495 ἷσθμοειδὴς
735 440 946 504 (τουτέστι
992 443 1191 499 στενώδης
1215 444 1228 504 )
1265 447 1317 504 τῇ

44 527 62 554 5
84 508 239 570 ἠπείρῳ
263 508 380 570 (ἤτοι
399 511 450 570 τῇ
466 511 518 570 γῇ
536 510 548 569 )
575 509 794 564 συνάπτει,
816 509 883 553 ἐπὶ
900 509 1084 562 σταδίους
1108 511 1169 570 μ’,
1199 511 1317 572 μίλια

83 578 132 633 ε’,
157 576 211 636 γ’,
234 576 384 631 διήκων
407 577 452 622 τὸ
477 580 620 636 μῆκος.
690 577 790 623 Ἀπὸ
809 578 1068 639 Ταμυράκης
1083 579 1214 624 τοίνυν
1238 599 1316 625 πα-

84 644 357 706 ραπλεύσαντι
387 646 455 690 τὸν
488 645 781 708 προειρημένον
815 645 963 708 δρόμον
1002 647 1069 693 ἐπὶ
1097 647 1144 694 τὸ
1183 648 1316 711 ἕτερον

83 714 336 775 ἀκρωτήριον
361 719 431 759 τοῦ
467 714 686 776 Ἀχιλλέως
727 715 903 777 δρόμου,
943 716 1175 762 ὃκαλεῖται
1210 719 1316 782 ἱερὸν

83 781 206 833 ἄλσος
225 787 296 837 τῆς
317 782 499 838 Ἑκάτης
513 819 526 841 ‚
549 782 651 828 εἰσὶν
672 785 708 828 οἱ
732 784 1019 846 προειρημένοι
1039 784 1194 830 στάδιοι
1215 787 1314 847 Ιασ’,

22 867 60 898 10
83 850 199 910 μίλια
226 851 299 911 ρξ’.
368 851 467 897 Ἀπὸ
490 851 533 895 δὲ
560 856 629 896 τοῦ
659 853 768 914 ἱεροῦ
789 853 936 908 ἄλσους
956 851 1028 911 τῆς
1051 854 1229 911 Ἑκάτης
1263 858 1318 908 εἷς

45 935 47 938 ⁴
83 919 337 980 Βορυσθένην
371 918 559 978 ποταμὸν
590 921 863 983 ναυσίπορον,
901 922 969 967 τὸν
1004 928 1071 968 νῦν
1105 923 1316 986 Δάναπριν

80 988 313 1049 λεγόμενον,
334 988 492 1033 στάδιοι
514 989 549 1033 σ’
567 1026 579 1046 ,
605 990 721 1049 μίλια
745 991 822 1047 κς’,
848 990 904 1047 ι’,
929 992 983 1045 ς’.
1030 990 1033 992 ’

146 1075 202 1104 59.
240 1051 370 1109 Οῧτος
386 1061 406 1102 ὃ
420 1057 676 1120 Βορυσθένης
695 1061 877 1119 ποταμὸς
892 1060 1058 1106 πάντων
1076 1061 1160 1106 ἐστὶ
1176 1080 1318 1124 χρειω·

82 1126 294 1182 δέστατος,
315 1127 421 1182 κήτη
445 1127 608 1188 μεγάλα
635 1127 706 1172 καὶ
728 1129 862 1174 πολλὰ
891 1130 961 1174 καὶ
984 1129 1162 1193 καρποὺς
1185 1131 1316 1193 φέρων

23 1210 60 1240 15
81 1194 172 1247 τοὺς
191 1195 415 1258 φυομένους
429 1231 440 1251 ,
465 1195 591 1255 νομάς
611 1214 653 1240 τε
676 1197 758 1248 τοῖς
779 1198 1052 1258 βοσκήμασιν·
1075 1201 1156 1261 ῥεῖν
1178 1201 1213 1244 δ’
1245 1201 1317 1244 αὖ·

82 1265 150 1310 τὸν
171 1264 238 1310 ἐπὶ
273 1264 343 1324 μὲν
364 1268 535 1327 ἡμερῶν
569 1265 733 1326 λέγουσι
773 1269 899 1312 πλοῦν
924 1270 978 1319 ὡς
1010 1268 1316 1330 τεσσαράκοντα

77 1334 255 1394 πλωτόν·
280 1336 335 1385 εἷς
368 1335 409 1379 δὲ
433 1333 528 1385 τοὺς
552 1333 636 1378 ἅνω
668 1334 813 1387 τόπους
834 1336 1022 1388 ἄπλωτός
1051 1338 1138 1381 ἐστι
1170 1336 1240 1381 καὶ
1273 1339 1316 1382 οὗ

80 1402 320 1464 περάσιμος·
346 1401 425 1446 ὑπὸ
447 1402 581 1463 χιόνος
598 1403 675 1464 γὰρ
693 1404 763 1448 καὶ
785 1405 927 1466 πάγων
950 1405 1181 1468 ἕξείργεται.

143 1488 198 1517 60.
234 1469 332 1516 Ἐπὶ
357 1468 398 1514 δὲ
418 1474 507 1522 ταῖς
529 1475 620 1516 καθ’
649 1469 833 1519 ε’Υϊςανιν
858 1473 929 1519 καὶ
954 1474 1209 1535 Βορυσθένην
1230 1481 1318 1526 ταῖς

20 1557 61 1586 20
80 1543 159 1585 τῶν
187 1540 295 1584 δυοῖν
328 1542 528 1598 ποταμῶν
552 1541 782 1599 συμὸολαῒς
806 1543 915 1588 ἔστιν
939 1548 1149 1589 κτισθεῖσα
1180 1545 1316 1600 πόλις,

81 1608 277 1670 πρότερον
300 1608 374 1667 μὲν
399 1607 551 1654 Ὀλὸία
584 1609 849 1669 καλουμένη,
886 1612 992 1670 μετὰ
1020 1611 1062 1655 δὲ
1085 1617 1215 1656 ταῦτα
1250 1614 1316 1672 ὑφ’

82 1677 295 1732 Ἑλλήνων
316 1679 439 1722 πάλιν
465 1676 721 1739 Βορυσθένης
741 1679 954 1734 κληθεῖσα·
974 1678 1128 1735 ταύτην
1152 1678 1193 1723 δὲ
1210 1679 1317 1723 κατὰ

80 1747 155 1801 τὴν
182 1745 374 1801 Μηδικὴν
399 1746 602 1807 ἐπαρχίαν
626 1746 833 1802 Μιλήσιοι
860 1747 1077 1800 κτίζουσιν·
1101 1749 1317 1793 διακοσίων

70 1815 124 1867 ,δὲ
142 1815 211 1860 καὶ
228 1814 534 1877 τεσσαράκοντα
555 1814 730 1860 σταδίων
750 1815 818 1861 τὸν
833 1815 1038 1862 ἀνάπλουν
1061 1817 1142 1862 ἀπὸ
1161 1820 1233 1872 τῆς
1253 1822 1320 1862 θα-

18 1900 58 1929 25
84 1883 240 1940 λάσσης
259 1883 345 1944 ἔχει
363 1885 421 1946 τῷ
433 1887 610 1946 ποταμῷ
631 1884 872 1946 Βορυσθένει
890 1887 971 1948 (τῷ
987 1890 1055 1930 νῦν
1077 1885 1318 1947 καλουμένῳ

80 1952 314 2014 Δανάπρει,
338 1951 454 2011 μίλια
474 1951 540 1996 >ff
559 1954 592 2014 ).

144 2038 200 2067 61.
239 2021 336 2066 Ἀπὸ
361 2018 403 2065 δὲ
430 2020 704 2083 Βορυσθένους
723 2027 910 2083 ποταμοῦ
933 2023 1000 2068 ἐπὶ
1023 2028 1145 2080 νῆσον
1169 2040 1317 2083 μικρο-

80 2092 205 2146 τάτην
223 2126 234 2146 ,
262 2089 412 2151 ἔρημον
437 2091 507 2135 καὶ
529 2090 739 2150 ἀνώνυμον
758 2093 914 2137 στάδιοι
930 2092 977 2148 ξ’,
1000 2093 1116 2153 μίλια
1136 2092 1194 2147 η’.
1218 2090 1316 2137 Ἀπὸ

82 2159 122 2204 δὲ
141 2159 264 2214 νήσου
284 2159 532 2221 μικροτάτης
545 2195 557 2216 ,
578 2160 731 2221 ἐρήμου
754 2160 824 2205 καὶ
845 2160 1058 2219 οἷνωνύμου
1079 2162 1133 2211 εἷς
1155 2160 1315 2214 Ὀδησ-

19 2240 62 2271 30
81 2229 148 2273 σὸν
166 2228 322 2272 στάδιοι
344 2228 405 2285 π’,
434 2228 550 2286 μίλια
587 2229 628 2283 ι’,
647 2228 686 2272 ι’
718 2228 772 2280 ς’.
842 2228 951 2273 Ἀπὸ
976 2228 1018 2272 δὲ
1040 2228 1242 2283 Ὀδησσοῦ
1271 2230 1324 2278 εἷς

892 2395 1022 2413 '’9‘'

81 2396 271 2450 λούμενον
296 2395 329 2433 δ’
348 2395 478 2445 ἄλσος,
501 2395 602 2450 ἱερὸν
632 2394 848 2450 Ἀχιλλέως·
875 2397 933 2435 εῐθ
967 2411 987 2436 ο
1017 2396 1224 2450 Αχίλλειος
1236 2396 1323 2450 δρό-

86 2473 169 2512 μος,
194 2454 370 2507 ἁλιτενὴς
387 2457 635 2512 χερρόνησος·
659 2456 741 2498 ἔστι
759 2457 832 2512 γὰρ
850 2457 976 2498 ταινία
995 2473 1050 2505 τις
1074 2459 1164 2498 ὅσον
1180 2457 1321 2512 χιλίων

86 2520 99 2575 (
122 2533 225 2560 1200
250 2522 389 2561 Anon.
409 2519 423 2575 )
447 2519 610 2560 σταδίων
633 2522 754 2575 μῆκος
783 2520 844 2561 ἐπὶ
865 2517 935 2571 τὴν
957 2521 1024 2569 ἕω,
1046 2519 1190 2568 πλάτος
1216 2519 1256 2560 δὲ
1278 2519 1322 2561 τὸ

86 2582 265 2636 μέγιστον
300 2582 404 2621 δυεῖν
437 2581 618 2631 σταδίων,
658 2581 865 2636 ἐλάχιστον
898 2582 1092 2637 τεσσάρων
1129 2582 1320 2636 πλέθρων,

84 2644 265 2697 διέχουσα
301 2645 369 2695 τῆς
396 2642 625 2699 ἑκατέρωθεν
656 2646 724 2684 τοῦ
764 2642 924 2697 αὐχένος
959 2642 1116 2698 ἠπείρου
1150 2643 1323 2690 σταδίους

84 2704 287 2756 ἑξήκοντα,
315 2704 523 2760 ἀμμώδης,
558 2705 659 2764 ὕδωρ
691 2704 837 2760 ἔχουσα
858 2705 1034 2760 ὀρυκτόν·
1075 2704 1173 2746 κατὰ
1205 2706 1339 2760 μέσην·

83 2767 116 2806 δ’
137 2767 158 2807 ὁ
177 2769 244 2808 τοῦ
264 2766 401 2822 ἰσθμοῦ
422 2765 546 2822 αὐχὴν
559 2762 661 2808 ’ὅσον
685 2768 968 2822 τετταράκοντα
990 2767 1169 2808 σταδίων·
1190 2768 1321 2808 τελευ-

84 2830 133 2884 τᾷ
143 2829 183 2869 δὲ
199 2829 291 2884 πρὸς
306 2829 423 2885 ἄκραν
436 2830 483 2882 ἣν
500 2830 731 2886 Ταμυράκην
748 2830 948 2881 καλοῦσιν,
970 2829 1135 2885 ἔχουσαν
1152 2829 1322 2886 ὕφορμον

89 2892 279 2945 βλέποντα
294 2892 386 2947 πρὸς
402 2890 472 2943 τὴν
493 2891 665 2948 ἤπειρον.
679 2916 737 2924 --
750 2893 891 2933 Brevis
905 2891 1029 2948 hujus
1047 2892 1198 2948 Δρόμου
1210 2908 1325 2934 men-

86 2955 144 2994 tio
162 2954 273 3010 apud
287 2954 490 2996 Herodot.
508 2956 585 3006 IV,
613 2954 662 2996 55
675 2970 687 3005 ;
712 2954 765 2995 ad
787 2954 967 2996 eundem
982 2954 1120 2996 locum
1143 2964 1324 3010 spectare

88 3017 280 3058 videntur
299 3017 425 3058 verba
442 3018 606 3073 δρόμους
625 3017 919 3066 καλλισταδίους
933 3032 1000 3073 ap.
1017 3017 1209 3072 Euripid.
1227 3019 1322 3073 Iph.

86 3079 212 3119 Taur.
225 3079 321 3128 435.
342 3079 547 3120 Uberiora
555 3079 739 3134 praebent
752 3079 860 3120 Mela
871 3081 927 3130 Π,
943 3090 980 3129 1,
999 3080 1155 3120 Plinius
1165 3081 1241 3129 IV,
1253 3084 1322 3130 26,

88 3141 329 3183 Ptolemaeus
346 3144 403 3193 H,
425 3142 470 3193 55
491 3156 707 3197 perperam
730 3142 857 3182 situm.
874 3140 1078 3182 definiunt
1095 3141 1320 3182 Marcellin.

89 3203 226 3253 XXII,
246 3206 286 3255 8,
311 3218 364 3258 29
384 3213 422 3245 et
449 3206 621 3259 Dionys.
648 3205 807 3258 Perieg.
834 3205 930 3245 306.
963 3203 1026 3244 Cf.
1051 3204 1240 3244 Eustath.
1271 3203 1323 3244 ad

91 3265 235 3314 Diou.;
257 3266 449 3320 Stephan.
482 3268 577 3320 Byz.
611 3280 650 3306 v.
683 3265 890 3320 Ἀχίλλειος
905 3266 1060 3321 δρόμος.
1085 3266 1250 3306 Tzetzes
1273 3265 1325 3306 ad

95 3327 195 3380 Lyc.
225 3327 317 3379 193.
345 3329 407 3367 De
429 3329 606 3368 Arriano
624 3327 719 3368 vide
737 3336 825 3369 not.
859 3327 911 3368 ad
931 3326 1017 3382 ejus
1039 3328 1189 3383 Peripl.
1212 3331 1234 3380 5
1255 3329 1323 3369 31.

95 3389 200 3427 Fuse
220 3388 308 3429 haec
322 3390 462 3429 omnia
483 3398 718 3443 persecutus
740 3399 800 3431 est
821 3390 992 3430 Koehler
1011 3394 1091 3431 Sur
1116 3390 1171 3431 les
1198 3390 1270 3431 iles
1288 3400 1326 3430 et

96 3449 137 3488 la
165 3462 303 3489 course
334 3452 562 3490 consacre'es
581 3450 608 3490 ὰ
625 3451 788 3492 Achille
812 3451 916 3492 dans
946 3452 980 3491 le
995 3455 1102 3492 Pont
1120 3451 1263 3492 Euxin
1284 3453 1326 3492 in

97 3512 222 3550 Mene.
239 3509 288 3550 de
301 3510 465 3551 I'Acad.
483 3511 718 3552 dePetersb.
735 3521 766 3553 t.
783 3514 890 3567 X,p.
909 3513 1085 3568 53osqq.
1097 3513 1160 3553 Cs.
1178 3513 1325 3555 Ukert.

98 3573 180 3621 ΙΙΙ,
204 3584 244 3622 2,
262 3586 305 3626 p.
328 3575 501 3626 442sq.,
527 3574 694 3627 Georgii
709 3576 765 3623 II,
790 3588 832 3628 p.
849 3574 944 3614 352.
969 3575 985 3627 Η
1003 3597 1060 3605 —-
1079 3575 1119 3614 3.
1149 3576 1323 3631 μέσον]

101 3634 218 3687 μέσην
236 3632 348 3684 cod.;
370 3648 452 3674 em.
473 3635 714 3690 Bernhardy
734 3636 853 3677 Anal.
879 3651 920 3691 p.
947 3649 1015 3689 27.
1038 3637 1172 3676 Possis
1204 3638 1327 3678 etiam

98 3695 203 3735 Κατὰ
220 3697 338 3750 μέσην
352 3693 491 3749 αὐχὴν,
514 3697 605 3737 coll.
627 3697 842 3738 Strabone.
860 3699 1018 3738 Vocem
1040 3700 1229 3750 στενώδης
1262 3700 1326 3739 in·

97 3765 252 3811 tcrprcs
279 3757 459 3798 finxerit.
490 3759 572 3798 Pro
601 3757 818 3814 ἰσΟμοειδής
841 3759 963 3799 suerit
994 3759 1199 3815 ἰσθμώδης.
1232 3761 1247 3815 {l
1270 3785 1329 3793 -

97 3821 137 3857 G.
158 3820 343 3874 μῆκος]
362 3818 458 3860 deb.
475 3819 632 3868 πλάτος.
659 3822 677 3875 ss
691 3834 823 3861 —12.
845 3821 1033 3863 στάδιοι
1050 3820 1112 3876 α’]
1128 3822 1231 3864 stad.
1249 3822 1326 3864 150

99 3881 314 3922 Arrianus,

942 135 1231 181 psssslpws
1276 134 1457 182 PONTI
1491 138 1719 184 ΕυΧιΝι.
1783 110 1791 116 ’

88 236 276 287 σταδίους
298 235 377 297 ‘otc'
393 269 404 290 ,
429 233 546 294 μίλια
572 231 643 294 ρξ’,
677 232 723 278 τὸ
747 234 788 278 δὲ
812 233 965 296 πλάτος
996 234 1149 296 ἔχουσα
1172 235 1317 298 τετρά-
1340 272 1345 275 -

2527 158 2615 195 417

1382 242 1576 298 jugerum
1604 253 1784 300 quatuor
1793 261 1805 296 ς
1837 247 2111 287 extremitates
2137 245 2229 300 'ejus
2253 262 2366 302 paenc
2392 252 2620 296 redduntur

1389 329 1553 379 insulae3
1581 343 1605 370 a
1633 330 1870 371 continente
1898 330 2012 371 abest
2031 330 2170 371 stadiis
2194 335 2261 381 60,
2287 333 2451 375 milibus
2476 338 2515 376 8.
2575 341 2622 378 In

1391 411 1528 454 medio
1551 412 1637 467 ejus
1660 415 1797 454 cervix
1829 413 1981 455 isthmo
2004 414 2146 454 similis
2168 416 2252 456 sive
2273 427 2456 470 angusta,
2492 423 2623 462 conti-

1389 499 1502 538 nenti
1518 499 1602 539 sive
1615 506 1732 539 terrae
1739 496 1944 552 jungitur,
1961 497 2183 538 latitudine
2197 507 2340 554 patens
2350 500 2402 540 ad
2414 502 2540 544 stadia
2553 508 2620 551 40,

1389 583 1498 623 milia
1528 583 1549 623 5
1584 587 1622 638 ᾗ.
1680 586 1812 624 Porro
1849 597 1873 623 a
1903 584 2129 638 Tamyrace
2157 587 2510 640 pl’aeternaviganti
2538 589 2622 643 jam

1388 662 1546 705 dictum
1559 677 1726 704 cursum
1738 661 1930 718 usquead
1942 663 2113 703 alterum
2126 667 2460 718 promontorium
2473 669 2625 709 Cursus

1388 745 1574 795 Achillei,
1601 744 1713 799 quod
1729 743 1881 785 dicitur
1898 745 2021 785 Sacer
2038 746 2208 785 Hecates
2229 746 2361 797 lucus,
2381 747 2510 789 stadia
2529 759 2626 791 sunt

1381 824 1468 878 jam
1486 824 1596 866 dicta
1618 839 1738 875 1200,
1763 825 1877 865 milia
1899 829 1992 867 160.
2053 829 2089 867 A
2122 840 2236 867 sacro
2259 829 2429 869 Hecates
2451 830 2547 871 lucu
2570 832 2624 872 ad

1387 905 1682 960 Borysthenem
1703 905 1876 970 fluyium
1896 905 2181 959 navigabilem,
2208 908 2276 962 qui
2295 922 2406 950 nunc
2422 911 2624 966 Danapris

1388 984 1625 1040 appellatur,
1651 984 1780 1025 stadi'a
1799 998 1879 1026 200
1892 1017 1903 1035 ‚
1924 986 2035 1026 milia
2055 991 2106 1027 26
2128 994 2161 1040 {-

1451 1069 1519 1123 59.
1551 1070 1630 1110 Hic
1665 1070 1940 1124 Borysthenes
1978 1072 2128 1112 fluvius
2162 1075 2348 1114 omnium
2386 1076 2625 1119 utilissimus

1389 1137 1464 1179 est,
1489 1130 1618 1184 pisces
1637 1144 1806 1183 magnos
1829 1130 2110 1186 plurimosque
2133 1141 2172 1172 et
2195 1132 2351 1174 fructus
2376 1135 2486 1175 alens
2508 1136 2625 1190 plan-

1391 1197 1526 1229 tarum
1540 1197 1581 1230 et
1601 1203 1749 1244 pascua
1766 1189 1930 1245 pecudi.
1988 1194 2124 1243 Quem
2141 1192 2268 1232 fluere
2289 1192 2433 1234 dicunt
2449 1194 2626 1235 ferendis

1388 1249 1561 1289 navibus
1600 1249 1801 1290 idoneum
1835 1250 1877 1290 in
1914 1250 2184 1305 quadraginta
2206 1252 2370 1293 dierum
2403 1255 2626 1307 navigatio·

1387 1323 1507 1360 nem3
1539 1309 1592 1350 ad
1626 1311 1860 1364 superiores
1892 1319 2030 1351 autem
2063 1311 2175 1351 locos
2199 1327 2275 1352 nec
2297 1313 2534 1367 navigabilis
2566 1323 2627 1354 est

1388 1384 1463 1410 nec
1503 1370 1788 1432 permeabili53
1836 1371 1907 1410 nix
1948 1371 2059 1411 enim
2099 1379 2220 1426 atque
2264 1372 2408 1425 glacies
2453 1373 2625 1428 im'pedit

1390 1426 1581 1478 (Perzeg.
1606 1425 1731 1466 iamb.
1758 1426 1911 1479 813-19
1928 1425 1961 1481 ).
1992 1446 1994 1449 >

1445 1484 1512 1522 60.
1544 1479 1611 1521 Ad
1642 1481 1825 1535 Hypanis
1862 1489 1902 1521 et
1932 1481 2197 1536 Borysthenis
2231 1484 2416 1524 amnium
2440 1485 2627 1537 geminos

1396 1561 1650 1600 confluentes
1671 1560 1768 1601 urbs
1788 1560 1954 1601 condita
1973 1570 2048 1626 est,
2065 1563 2180 1617 prius
2206 1562 2325 1603 Olbia
2347 1563 2470 1614 dicta,
2489 1573 2627 1619 postea

2346 1646 2464 1685 Hanc
2480 1645 2627 1686 Milesii

1389 1716 1575 1757 condunt
1609 1725 1797 1772 tempore
1834 1717 2199 1775 imperii-Medici.
2261 1721 2551 1759 Ducentorum
2589 1728 2627 1759 et

1389 1656 1411 1681 a
1428 1643 1581 1682 Graecis
1597 1656 1744 1682 rursus
1766 1643 1978 1683 nominata
1995 1643 2284 1698 Borysthenes.

1389 1791 1662 1846 quadraginta
1675 1792 1899 1832 stadiorum
1923 1793 1938 1845 (
1953 1794 2004 1832 32
2025 1793 2184 1832 milium
2201 1796 2216 1846 )
2234 1809 2256 1834 a
2272 1795 2374 1834 mari
2395 1803 2454 1834 est
2468 1795 2519 1834 ad
2537 1810 2624 1834 eam

1388 1868 1592 1920 navigatio
1617 1866 1791 1907 adverso
1815 1868 2070 1922 Borysthene
2092 1869 2278 1918 flumine,
2301 1869 2401 1924 (qui
2415 1884 2526 1910 nunc
2546 1873 2626 1910 Da-

1400 1944 1539 1999 napris
1558 1943 1815 1998 appellatur)
1837 1944 1852 1996 (
1869 1947 1907 1983 E
1930 1943 2087 1995 Perieg.
2108 1943 2233 1984 iamb.
2260 1947 2414 1994 804-12
2427 1948 2459 1998 ).

1451 2028 1519 2064 61.
1554 2027 1591 2065 A
1611 2024 1865 2079 Borysthene
1887 2024 2015 2064 fluvio
2035 2023 2086 2064 ad
2110 2025 2283 2065 insulam
2307 2027 2474 2081 parvam
2490 2026 2632 2068 admo·

1394 2091 1493 2132 dum
1500 2107 1519 2142 ‚·
1531 2091 1734 2132 desertam
1750 2100 1789 2133 et
1806 2093 1975 2133 nomine
1990 2101 2214 2143 carentem,
2235 2093 2364 2135 stadia
2381 2099 2448 2145 60,
2464 2096 2576 2136 milla
2589 2099 2629 2137 8.

1397 2160 1462 2201 Ab
1491 2161 1638 2212 exigua
1654 2159 1731 2199 hac
1760 2159 1895 2199 insula
1916 2158 2075 2199 deserta
2090 2167 2129 2199 et
2146 2160 2233 2199 sine
2252 2162 2420 2202 nomine
2435 2163 2487 2202 ad
2508 2163 2632 2204 Odes-

1397 2241 1488 2266 sum
1508 2226 1638 2266 stadia
1661 2228 1729 2275 80,
1755 2226 1866 2266 milia
1893 2239 1943 2267 10
1964 2228 2001 2274 Ξ.
2062 2226 2128 2266 Ab
2145 2226 2302 2268 Odesso
2319 2243 2447 2283 usque
2467 2230 2517 2269 ad
2533 2232 2629 2270 Sco-

1395 2394 1579 2434 scholion
1598 2406 1608 2434 :
1634 2393 1741 2433 Φασί
1760 2408 1859 2441 τινες
1877 2393 1974 2433 κατὰ
1997 2393 2063 2434 τὸν
2081 2393 2246 2435 *Ύπανιν
2267 2394 2441 2449 ποταμὸν
2457 2396 2631 2450 γίνεσθαι

1397 2459 1512 2506 ζῶον,
1538 2455 1779 2511 καλούμενον
1809 2455 2035 2506 ἐπιὸάλλον,
2066 2457 2157 2511 ὅπερ
2187 2456 2402 2512 αὖθήμερον
2419 2457 2488 2508 τήν
2507 2474 2547 2499 τε
2565 2460 2630 2513 γέ-

1397 2534 1498 2559 νεσιν
1517 2518 1582 2559 καὶ
1604 2516 1674 2569 τὴν
1695 2518 1838 2574 φθορὰν
1864 2518 2077 2573 ὑφίσταται.
2100 2521 2162 2559 De
2177 2519 2256 2559 hoc
2277 2521 2444 2560 nomine
2466 2521 2632 2562 aliunde

1396 2597 1479 2622 non
1503 2589 1662 2622 constat
1683 2582 1761 2621 nisi
1783 2596 1831 2621 ex
1850 2581 2004 2621 scholio
2016 2581 2068 2621 ad
2085 2582 2281 2634 Antigoni
2300 2582 2451 2622 Mirab.
2477 2598 2512 2622 c.
2538 2597 2590 2636 92
2608 2599 2631 2624 a

1395 2644 1532 2684 Bastio
1551 2645 1630 2698 Ep.
1658 2644 1751 2684 crit.
1768 2658 1811 2698 p.
1831 2647 1883 2684 26
1900 2643 2020 2684 3113ῖο
2044 2657 2053 2683 ;
2072 2643 2166 2697 Περὶ
2191 2646 2258 2683 τοῦ
2287 2643 2526 2698 καλουμένου
2557 2644 2632 2685 ἐπι-

1396 2706 1610 2753 6άλλοντος
1639 2707 1756 2756 ζώου,
1797 2707 1818 2745 ὃ
1855 2705 1942 2760 μίαν
1973 2705 2116 2760 ἡμέραν
2146 2707 2209 2761 ζῇ.
2246 2707 2309 2745 De
2349 2706 2510 2746 insectis
2548 2708 2633 2747 istis

1398 2767 1410 2823 (
1436 2768 1649 2823 ἐφημέροις,
1671 2767 1915 2822 μονημέροις,
1944 2766 2192 2823 ἣμεροὸίοις)
2214 2765 2307 2807 vide
2330 2768 2501 2808 Aristot.
2521 2769 2629 2809 Hist.

1396 2832 1477 2870 An.
1504 2831 1560 2880 V,
1587 2845 1627 2884 7,
1653 2832 1718 2877 14.
1739 2831 1775 2879 I,
1803 2829 1842 2879 5,
1872 2844 1922 2883 75
1947 2829 2094 2869 AElian.
2115 2828 2170 2870 Η.
2193 2835 2275 2870 An.
2298 2830 2354 2879 V,
2377 2830 2454 2879 433
2476 2830 2632 2870 Plinius

1396 2894 1473 2942 XI,
1493 2893 1569 2943 36;
1586 2893 1784 2945 Antigon.
1802 2891 1953 2932 Mirab.
1965 2907 2002 2932 c.
2018 2905 2093 2945 923
2110 2891 2330 2932 Athenaeus
2341 2893 2458 2941 VIII,
2473 2906 2516 2946 p.
2533 2891 2628 2941 353,

1395 2957 1452 3004 E;
1481 2956 1625 2995 Cicero
1639 2956 1765 2995 Tusc.
1791 2968 1862 3007 qu.
1884 2956 1926 3004 I,
1950 2955 2019 3007 39,
2045 2955 2132 3008 qui,
2164 2954 2284 2994 sicuti
2307 2953 2449 2994 scholii
2472 2962 2629 3003 auctor,

1396 3018 1589 3073 Hypanin
1608 3019 1785 3071 Europae
1807 3016 1979 3056 fluvium
1995 3016 2201 3069 intelligit,
2222 3030 2350 3069 quum
2370 3014 2639 3068 cogitandum·

1396 3081 1448 3120 sit
1469 3079 1521 3120 de
1549 3080 1714 3134 Hypani
1738 3079 1948 3131 Asiatico(
1966 3093 2004 3118 v.
2031 3079 2201 3119 Aristot.
2226 3078 2253 3117 l.
2273 3077 2301 3117 l.
2319 3077 2333 3131 )
2358 3078 2440 3116 sive
2459 3076 2510 3117 de
2528 3077 2627 3117 hod.

1397 3143 1584 3191 Kouban,
1601 3143 1665 3182 cui
1678 3140 1866 3195 adjacens
1884 3141 1997 3193 regio
2015 3141 2233 3180 innumera
2251 3140 2500 3179 insectorum
2524 3140 2629 3179 mul-

1396 3203 1573 3245 titudine
1596 3205 1719 3244 etiam
1756 3216 1867 3242 nunc
1890 3201 2034 3241 infesta
2066 3209 2139 3241 est.
2161 3202 2216 3240 V.
2242 3200 2386 3241 Clarke
2426 3203 2552 3241 va.
2571 3203 2626 3251 II,

1395 3281 1437 3322 p.
1462 3271 1530 3308 60.
1548 3266 1695 3307 Ukert.
1715 3266 1792 3313 III,
1810 3277 1835 3304 2
1858 3278 1900 3318 p.
1924 3263 2210 3316 251.11-21.
2242 3261 2410 3302 Ὀ“λ6ία
2445 3262 2641 3302 καλου--

1400 3329 1455 3383 μέ
1464 3329 1551 3383 νη]
1595 3327 1734 3367 Ὀλδία
1755 3325 1877 3365 Σαὸία
1899 3325 1989 3366 καλ.
2015 3324 2160 3373 codex,
2193 3323 2307 3378 quod
2329 3331 2466 3364 ortum
2494 3332 2552 3364 est
2577 3339 2628 3365 ex

1398 3390 1689 3444 dittographia.
1710 3389 1766 3428 V.
1786 3395 1873 3427 not.
1898 3386 1949 3427 ad
1965 3388 2135 3441 Scymn.
2160 3400 2198 3426 V.
2224 3388 2304 3427 806
2322 3400 2364 3440 p.
2392 3399 2488 3439 229.

1454 3456 1475 3505 S
1499 3456 1567 3495 61.
1603 3454 1665 3491 De
1698 3464 1779 3490 orae
1806 3457 1939 3489 tractu
1968 3450 2074 3488 inter
2105 3448 2400 3503 Borysthenem
2421 3456 2461 3488 et
2479 3449 2631 3503 Tyram

1400 3515 1652 3568 (Dniester)
1676 3510 1889 3566 interjecto
1912 3513 2156 3565 Anonymus
2182 3510 2300 3564 plura
2328 3509 2482 3565 praebet
2507 3524 2630 3564 quam

1401 3578 1615 3626 Arrianus,
1645 3575 1714 3629 qui
1741 3575 1782 3614 in
1799 3589 1847 3614 eo
1871 3573 2035 3613 nonnisi
2059 3572 2278 3621 Odessum,
2306 3572 2577 3613 Istrianorum
2594 3583 2632 3613 et

1403 3640 1625 3679 Isiacorum
1663 3645 1806 3691 portus
1834 3642 2059 3683 memorat,
2096 3642 2189 3689 post
2216 3647 2320 3688 quos
2350 3648 2424 3689 per
2456 3633 2630 3674 ducenta

1401 3701 1529 3742 stadia
1546 3701 1626 3740 sint
1651 3699 1775 3754 ἔρημα
1790 3706 1828 3738 et
1845 3697 2044 3753 ἀνώνυμα.
2068 3696 2199 3751 quue
2215 3697 2378 3737 Arriani
2395 3704 2509 3736 aetate
2521 3704 2630 3747 recte

1399 3763 1480 3803 dici
1496 3762 1691 3817 potuerit,
1713 3760 1815 3800 adeo
1836 3768 1880 3800 ut
1901 3775 1950 3800 cx
1973 3758 2275 3813 antiquioribus
2292 3757 2496 3806 sontibus,
2521 3758 2630 3798 nulla

1398 3834 1629 3879 temporum
1668 3822 1825 3862 ratione
1847 3821 2008 3870 habita,
2051 3827 2295 3875 Anonymus
2334 3826 2630 3859 commemoret

1396 3885 1607 3940 ScopeIOS,
1631 3884 1851 3924 Niconium
1869 3915 1879 3932 ,
1901 3883 2102 3937 Antiphili
2132 3890 2304 3929 turrem,
2332 3880 2558 3920 Cremiscos
2588 3888 2628 3919 ct

152 3945 259 3994 560,
273 3943 299 3984 l.
323 3958 385 3998 19.
405 3943 556 3987 ‘'l'mtv
572 3946 639 4001 ιν]
656 3948 706 3986 In
721 3946 902 4000 margine
917 3945 1069 3987 codicis
1082 3945 1333 4002 adscriptum
1399 3946 1597 4001 Antiphili
1624 3946 1777 3987 locum.
1802 3946 1818 3999 11
1840 3958 1976 3998 -29,
1996 3944 2112 3996 νήσου
2137 3942 2365 3999 μικροτάτου
2385 3940 2536 3991 codex3
2557 3956 2625 3993 νη·
2658 3953 2665 3959 ·

303 4027 433 4056 emen.
454 4028 483 4058 1.

2374 4021 2414 4051 27
