2808 4342
68 226 340 287 καλεομένους
355 260 368 284 ,
390 223 525 269 ἄτὸπα
548 221 594 266 τὸ
618 219 806 281 μέγεθος,
821 221 888 278 ,ὥς
909 219 1034 265 τοῖσιν
1059 221 1100 264 ἐν
1121 222 1219 282 τῇδε
1243 224 1294 281 τῇ

65 296 247 357 ἡμετέρῃ
271 292 458 352 θαλάσσῃ
481 288 744 350 συμὸαλέειν·
777 287 848 334 καὶ
873 287 982 349 ὕδωρ
1015 285 1076 333 ὅτι
1113 288 1295 350 ἁλμυρὸν

65 363 240 410 ἐπίνετο.
332 367 336 371 ’

127 425 280 472 XXII.
317 419 430 479 Ἅμα
446 438 490 465 τε
506 422 528 464 ὁ
547 418 694 479 ἄνεμος
712 417 924 464 ἐπαύσατο
942 418 1013 464 καὶ
1025 417 1064 465 οἳ
1080 417 1294 480 ἀνήγοντο·

26 507 44 538 5
66 493 137 540 καὶ
160 490 448 553 περαιωθέντες
465 487 651 540 σταδίους
669 489 710 540 ἐς
728 486 926 543 ἑξήκοντα
942 488 1177 549 ὁρμίζονται
1196 490 1297 551 πρὸς

66 561 243 622 αἰγιαλῷ
266 558 504 621 ψαμμώδεϊ·
525 560 646 612 νῆσος
670 556 712 602 δὲ
730 557 834 612 ἐπῆν
857 560 916 618 τῷ
939 559 1115 618 αἰγιαλῷ
1139 557 1293 619 ἐρήμη.

68 629 120 689 (2)
155 627 323 683 Ταύτην
364 626 406 672 δὲ
443 625 668 689 πρόὸλημα
705 625 977 683 ποιησάμενοι
1013 625 1296 686 ὡρμίσθησαν·

65 696 201 755 Δόμαι
221 696 373 756 οὔνομα
395 700 446 758 τῇ
466 695 592 763 νήσῳ·
612 694 721 757 ὕδωρ
745 692 788 739 δὲ
811 695 884 739 οὐκ
903 687 952 750 ἦν
972 696 1012 738 ἐν
1031 697 1090 756 τῷ
1107 695 1298 757 αἰγιαλῷ,

66 765 174 811 ἀλλὰ
214 764 476 827 προελθόντες
502 766 542 815 ἐς
571 763 645 819 τὴν
670 762 894 824 μεσογαίην
925 761 1018 808 ὅσον
1049 762 1178 808 εἴκοσι
1198 782 1300 809 στα-

7 842 47 874 1⁰
68 835 173 887 δίους
194 833 531 896 ἐπιτυγχάνουσιν
551 832 668 878 ὕδατι
684 835 816 895 καλῷ.
889 833 937 892 (3)
959 835 998 879 Τ
1000 836 1025 892 ἢ
1047 832 1089 877 δὲ
1106 831 1297 894 ὑστεραίῃ

66 907 105 956 ἐς
123 903 251 949 νύκτα
275 904 456 948 αὐτοῖσιν
475 905 496 947 ὁ
515 902 637 953 πλόος
659 902 812 961 ἐγίνετο
833 903 873 953 ἐς
885 901 1088 962 Σάραγγα
1113 901 1300 953 σταδίους

65 971 351 1035 τριηκοσίους,
379 971 451 1017 καὶ
476 972 715 1032 ὁρμίζονται
747 971 847 1033 πρὸς
868 973 1066 1032 αἰγιαλῷ,
1099 971 1169 1016 καὶ
1193 970 1299 1034 ὕδωρ

65 1035 116 1098 ἦν
136 1042 217 1087 ἀπὸ
240 1047 310 1088 τοῦ
332 1042 521 1103 αἰγιαλοῦ
540 1040 633 1086 ὅσον
658 1040 766 1087 ὀκτὼ
794 1040 996 1093 σταδίους.
1069 1041 1122 1101 (4)
1154 1037 1300 1086 Ἔνθεν

67 1111 110 1156 δὲ
135 1111 371 1163 πλώσαντες
397 1112 631 1173 ὁρμίζονται
655 1113 695 1156 ἐν
721 1111 975 1167 Σακάλοισι,
1006 1109 1121 1172 τόπῳ
1145 1110 1300 1172 ἐρήμῳ·

7 1191 45 1220 15
69 1181 139 1225 καὶ
163 1180 490 1231 διεκπλώσαντες
519 1179 741 1231 σκοπέλους
766 1179 860 1240 δύο,
886 1179 992 1225 οὕτω
1014 1198 1054 1224 τι
1087 1179 1301 1235 ἀλλήλοισι

0 1271 3 1275 >
70 1250 342 1306 πελάζοντας,
381 1248 488 1295 ὥστε
521 1248 614 1302 τοὺς
636 1248 810 1312 ταρσοὺς
842 1251 924 1294 τῶν
962 1251 1062 1293 νεῶν
1102 1247 1301 1294 ἅπτεσθαι

71 1317 180 1363 ἔνθεν
203 1318 274 1363 καὶ
307 1318 416 1363 ἔνθεν
437 1321 518 1363 τῶν
548 1318 754 1380 πετρέων,
790 1317 1109 1380 καθορμίζονται
1141 1320 1183 1364 ἐν
1210 1321 1301 1365 Mo·

74 1387 378 1451 ροντοὸάροισι,
406 1387 595 1440 σταδίους
618 1387 839 1439 διελθόντες
862 1389 900 1439 ἐς
920 1387 1190 1450 τριηκοσίους·
1214 1390 1262 1449 (5)
1281 1392 1302 1433 ὁ

70 1457 112 1502 δὲ
138 1457 262 1516 λιμὴν
287 1457 415 1518 μέγας
438 1457 511 1502 καὶ
535 1455 728 1509 εὔκυκλος
746 1457 817 1516 καὶ
844 1456 969 1518 βαθὺς
991 1457 1062 1503 καὶ
1082 1456 1298 1509 ἄκλυστος·

7 1537 50 1568 20
74 1529 94 1572 ὁ
121 1525 163 1570 δὲ
187 1524 360 1576 ἔσπλους
386 1528 425 1577 ἐς
455 1524 578 1569 αὐτὸν
603 1525 768 1576 στεινός·
810 1530 951 1571 τοῦτον
975 1529 1025 1588 τῇ
1059 1525 1227 1586 γλώσσῃ
1251 1530 1301 1587 τῇ

70 1594 271 1657 ἐπιχωρίη
296 1597 507 1641 Γυναικῶν
530 1592 680 1653 λιμένα
704 1592 893 1653 ἐκάλεον,
915 1594 977 1638 ὅτι
994 1594 1096 1654 γυνὴ
1127 1598 1196 1639 τοῦ
1219 1594 1304 1654 χώ-

73 1683 141 1726 ρου
163 1663 306 1710 τούτου
330 1663 474 1725 πρώτη
501 1662 689 1724 ἐπῆρξεν.
763 1663 811 1723 (ο)
836 1661 909 1714 Ὡς
934 1662 976 1707 δὲ
1002 1663 1067 1707 διὰ
1087 1665 1168 1708 τῶν
1197 1681 1303 1708 σκο-

69 1733 204 1779 πέλων
239 1732 506 1792 διεξέπλωον,
544 1731 703 1791 κύμασί
726 1750 768 1776 τε
810 1731 1050 1792 μεγάλοισιν
1083 1730 1301 1792 ἐνέκυρσαν

69 1801 140 1847 καὶ
161 1806 211 1863 τῇ
232 1801 421 1863 θαλάσσῃ
446 1800 601 1864 ῥοώδεϊ·
627 1799 734 1846 ἀλλὰ
762 1801 1071 1862 ἐκπεριπλῶσαι
1098 1798 1179 1861 γὰρ
1203 1798 1303 1861 ὑπὲρ

7 1879 48 1911 25
69 1870 160 1922 τοὺς
183 1870 405 1922 σκοπέλους
435 1871 544 1933 μέγα
569 1870 684 1933 ἔργον
710 1870 914 1933 ἐφαίνετο.
988 1871 1039 1930 (7)
1064 1869 1135 1920 Ἐς
1160 1868 1202 1914 δὲ
1229 1868 1303 1925 τὴν

69 1938 284 1999 ὑστεραίην
319 1938 477 1984 ἔπλωον
509 1943 634 1995 ν’ῆσον
668 1940 708 1990 ἐς
732 1938 933 2000 ἀριστερὰ
953 1936 1111 1999 ἔχοντες
1134 1937 1214 1999 πρὸ
1233 1941 1302 1982 τοῦ

69 2009 266 2069 πελάγεος
282 2043 294 2064 ,
320 2008 426 2054 οὕτω
446 2027 485 2053 τι
504 2011 564 2071 τῷ
582 2010 759 2070 αἰγιαλῷ
785 2006 991 2071 συναφέα,
1012 2007 1119 2052 ὥστε
1143 2005 1303 2051 εἰκάσαι

72 2077 120 2123 ’ἂν
142 2078 324 2139 διώρυχα
344 2070 449 2129 εἶναι
472 2077 519 2123 τὸ
536 2077 658 2137 μέσον
680 2081 749 2123 τοῦ
769 2096 811 2123 τε
830 2078 1016 2136 αἰγιαλοῦ
1037 2076 1107 2122 καὶ
1137 2079 1210 2131 τῆς
1233 2077 1302 2130 νή-

1050 118 1342 193 HISTORIA
1374 117 1608 164 INDICA.
1624 189 1626 191 ‚

2503 134 2587 172 :337

1367 227 1438 281 qui
1467 234 1683 276 vocantur,
1714 226 1919 266 inusitatae
1952 226 2269 278 magnitudinis,
2298 230 2442 269 sicum
2466 237 2593 275 nostri

1367 295 1493 335 maris
1529 295 1713 336 testaceis
1749 294 2030 336 conferantur.
2091 297 2254 348 Aquam
2300 299 2421 338 etiam
2454 301 2595 342 salsam

1367 369 1528 416 potasse
1543 370 1694 403 narrat.
2083 364 2089 370 '

1423 430 1561 470 XXII.
1594 429 1742 470 Sedato
1759 437 1896 470 autem
1918 437 2040 471 vento
2055 459 2065 479 ‚
2088 429 2174 470 vela
2192 429 2389 482 fecerunt,
2411 449 2455 475 ac
2471 437 2597 478 stadia

1368 500 1529 540 circiter
1544 500 1751 552 sexaginta
1771 501 1975 553 progressi
1995 500 2037 539 in
2054 500 2291 541 sabulosum
2306 502 2416 543 littus
2433 508 2598 560 appule-

1368 577 1481 609 runt.
1537 569 1675 609 Insula
1691 568 1900 624 adjacebat
1913 570 2040 610 littori
2054 570 2226 612 deserta.
2287 573 2348 626 (2)
2365 575 2450 615 Hac
2465 586 2599 619 autem

1368 653 1447 695 pro
1468 640 1732 680 munimento
1764 641 1828 680 usi
1851 640 2137 683 substiterunt.
2198 646 2341 685 Domae
2366 660 2518 688 nomen
2540 650 2600 690 in·

1370 710 1468 752 sulae
1484 719 1585 752 erat.
1646 714 1873 766 Quumque
1888 713 1930 752 in
1951 713 2086 754 littore
2115 729 2263 769 aquam
2283 731 2367 758 non
2386 717 2597 771 haberent,

1371 781 1460 823 loca
1476 781 1776 823 mediterranea
1793 797 1936 824 versus
1954 784 2005 824 ad
2023 786 2162 839 viginti
2180 787 2341 828 circiter
2358 790 2484 831 stadia
2507 806 2600 847 pro·

1371 853 1496 906 gressi
1510 852 1675 894 dulcem
1690 868 1840 908 aquam
1856 865 2113 910 repererunt.
2176 858 2236 911 (3)
2254 859 2455 901 Postridie
2469 877 2599 917 quum

1369 925 1422 966 ad
1443 934 1608 967 noctem
1631 941 1762 982 usque
1787 928 2058 981 navigassent,
2083 931 2290 984 Sarangis‚
2312 941 2489 975 trecenta
2505 936 2600 977 inde

1367 997 1521 1048 stadia,
1550 997 1603 1039 ad
1631 998 1746 1040 littus
1764 999 2028 1054 appulerunt.
2088 1001 2148 1041 Ibi
2173 1017 2278 1057 aqua
2307 1013 2400 1045 octo
2422 1005 2549 1048 ferme
2577 1024 2600 1049 a

1366 1069 1502 1110 littore
1519 1069 1651 1110 stadia
1672 1069 1826 1111 aberat.
1888 1073 1952 1125 (l.)
1964 1072 2081 1113 Illinc
2096 1075 2263 1128 repetita
2278 1077 2534 1131 navigatione
2549 1080 2598 1122 ad

1366 1141 1504 1183 Sacala
1539 1142 1679 1183 locum
1705 1142 1915 1184 desertum
1939 1146 2200 1200 appulerunt.
2261 1148 2363 1197 Inde
2403 1155 2601 1206 superatis

1366 1212 1529 1253 duobus
1555 1215 1734 1270 scopulis
1752 1215 1855 1256 adeo
1874 1216 1982 1256 inter
2010 1231 2051 1257 se
2065 1219 2308 1273 propinquis
2338 1229 2384 1262 ut
2413 1223 2601 1277 palmulae
2652 1271 2656 1275 ⁴

1365 1298 1579 1326 remorum
1611 1287 1810 1341 utrinque
1837 1295 1975 1328 cautes
1999 1288 2264 1342 stringerent,
2290 1294 2444 1332 emensi
2474 1294 2603 1336 stadia

1366 1365 1547 1398 trecenta
1565 1358 1610 1398 in
1624 1357 1935 1399 Morontobaris
1950 1359 2238 1401 constiterunt.
2301 1362 2363 1415 (5)
2382 1363 2444 1403 Ibi
2460 1374 2602 1418 portus

1368 1438 1429 1470 est
1466 1431 1744 1486 amplissimus
1758 1462 1770 1481 ,
1791 1431 1979 1485 und-ique
2000 1440 2139 1487 septus
2164 1447 2211 1473 ac
2229 1433 2462 1488 profundus
2481 1438 2603 1477 mini-

1367 1517 1516 1558 meque
1550 1504 1819 1559 procellosus.
1883 1505 2076 1545 Ceterum
2109 1505 2246 1546 fauces
2275 1505 2363 1560 ejus
2393 1518 2601 1563 angustae;

1366 1577 1480 1618 hunc
1490 1578 1622 1632 patria
1632 1578 1771 1631 lingua
1785 1579 1957 1618 Portum
1974 1577 2238 1619 foeminarum
2250 1581 2475 1633 vocabant,
2490 1584 2603 1638 quod

1367 1649 1519 1690 mulier
1540 1649 1729 1704 quaedam
1758 1651 1893 1705 prima
1917 1650 1975 1690 illi
2007 1651 2097 1691 loco
2124 1652 2350 1707 imperarit.
2412 1656 2474 1708 (6)
2492 1658 2603 1696 Dum

1371 1736 1466 1762 vero
1481 1722 1671 1776 scopulus
1691 1720 1959 1775 trajiciebant,
1979 1724 2137 1776 magnis
2156 1724 2350 1765 fluctibus
2373 1725 2604 1769 inciderunt

1369 1793 1533 1833 et'mari
1550 1792 1775 1840 fluctuoso;
1797 1800 1976 1832 attamen
1992 1794 2241 1835 extrinsecus
2260 1797 2605 1851 circumnavigare

1369 1879 1420 1905 ex
1448 1864 1531 1905 alto
1556 1865 1679 1904 nimis
1707 1863 1836 1904 ardua
1856 1878 1921 1905 res
1947 1880 2032 1905 esse
2065 1865 2293 1908 videbatur.
2357 1870 2419 1922 (7)
2439 1872 2607 1911 Postero

1371 1950 1466 1977 vero
1489 1937 1556 1977 die
1579 1937 1843 1990 navigarunt,
1876 1937 2053 1978 insulam
2076 1938 2284 1992 quandam
2306 1955 2329 1980 a
2355 1941 2517 1982 sinistra
2534 1957 2606 1997 pe·

1370 2010 1459 2063 lago
1492 2009 1696 2064 objectam
1730 2011 1942 2061 habentes,
1969 2025 2060 2065 quae
2089 2011 2259 2066 quidem
2298 2014 2351 2054 ita
2377 2016 2607 2069 propinqua

1371 2082 1499 2122 littori
1528 2090 1628 2132 erat,
1654 2090 1701 2122 ut
1733 2081 1896 2122 medius
1927 2082 2062 2123 alveus
2084 2083 2192 2123 inter
2222 2084 2396 2124 insulam
2427 2094 2466 2125 et
2496 2086 2606 2126 littus

1372 2257 1421 2308 δὴ
1448 2257 1711 2304 ἐκπλώσαντες
1729 2257 1870 2307 codd.;
1888 2272 1970 2297 em.
1996 2256 2248 2307 Schmieder,
2274 2258 2342 2311 qui
2365 2274 2380 2295 «
2408 2260 2447 2298 Si
2464 2260 2604 2298 Arria-

71 2258 208 2313 ὄστρεα
229 2259 294 2299 καὶ
309 2274 344 2299 τ.
372 2274 409 2299 σ.
432 2261 486 2307 L;
512 2259 649 2312 ὄστρεα
665 2259 706 2299 δὲ
735 2259 822 2306 τοὺς
838 2274 874 2298 σ.
897 2260 1020 2299 BCD.
1045 2259 1060 2312 Η
1080 2282 1135 2288 -
1155 2272 1191 2299 1.
1217 2260 1306 2314 τῇδε

70 2334 156 2361 om.
186 2323 238 2360 D.

126 2383 265 2422 XXII.
285 2384 388 2434 Quae
409 2382 453 2421 in
468 2395 559 2437 sqq.
579 2390 863 2422 memorantur
882 2382 971 2422 loca
982 2396 1112 2436 usque
1134 2381 1185 2422 ad
1210 2383 1310 2422 Ara-

71 2444 142 2484 bin
163 2445 262 2484 ssuv.
288 2445 517 2485 accuratius
537 2443 711 2484 definire
726 2458 902 2498 nequeo,
925 2457 1054 2497 quum
1074 2442 1309 2496 diligentior

70 2505 194 2561 hujus
210 2520 291 2546 orae
302 2505 525 2560 descriptio
543 2505 680 2546 adhuc
699 2504 968 2546 desideretur.
991 2503 1110 2545 Adde
1126 2503 1239 2558 quod
1259 2518 1309 2543 ex

71 2568 222 2608 Blairio
238 2567 358 2607 affert
377 2568 608 2607 Vincentus
630 2581 672 2621 p.
706 2567 786 2608 203
807 2579 817 2606 :
845 2584 860 2605 «
891 2568 1015 2606 From
1032 2567 1141 2621 Cape
1162 2568 1309 2606 Monze

71 2637 115 2669 to
126 2629 415 2669 Soumanemie
430 2629 500 2669 the
515 2637 626 2669 coast
640 2629 759 2669 bears
771 2627 936 2669 evident
948 2627 1085 2668 marks
1102 2627 1151 2668 of
1159 2628 1310 2680 having

73 2690 253 2731 suffered
276 2690 557 2732 considerable
593 2691 829 2732 alterations
866 2690 975 2731 from
1012 2691 1083 2730 the
1113 2690 1309 2730 encroch-

73 2762 186 2794 ment
213 2753 262 2793 of
290 2753 360 2794 the
397 2767 478 2794 sea.
517 2754 607 2795 We
639 2747 771 2793 found
792 2761 897 2793 trees
929 2753 1066 2794 which
1090 2752 1173 2792 had
1205 2752 1308 2793 been

71 2815 236 2856 washed
268 2815 419 2866 down,·
440 2815 525 2856 and
564 2816 702 2856 which
734 2814 925 2856 asforded
958 2830 1005 2855 us
1044 2830 1068 2855 a
1091 2814 1237 2869 supply
1268 2814 1315 2854 of

2 2932 4 2934 Ι
73 2877 169 2919 fuel.
187 2881 236 2918 In
250 2893 363 2919 some
391 2887 504 2933 parts
527 2880 548 2920 I
575 2893 658 2920 saw
679 2878 894 2933 imperfect
920 2877 1060 2918 creeks
1076 2878 1118 2917 in
1141 2892 1164 2917 a
1178 2877 1310 2932 paral-

71 2940 123 2981 lel
140 2940 342 2982 direction
362 2941 464 2982 with
493 2941 544 2982 de
570 2949 697 2982 coast.
720 2942 855 2982 These
881 2941 1013 2994 might
1033 2939 1234 2995 probably
1260 2939 1311 2979 be

72 3003 142 3044 the
157 3005 326 3057 vestiges
342 3003 391 3044 os
404 3004 493 3045 that
507 3018 673 3045 narrow
690 3004 867 3045 channel
889 3003 1070 3054 through
1085 3002 1222 3043 which
1241 3002 1311 3042 the

73 3066 210 3107 Greek
225 3067 358 3120 gallies
383 3066 532 3122 passed
568 3066 624 3122 (5
647 3066 725 3123 7).
749 3067 764 3120 Η
787 3090 844 3097 -
875 3066 914 3106 5.
955 3065 997 3112 ἐς
1031 3064 1307 3118 ἐξήκοντα]

77 3127 127 3175 ὡς
163 3127 264 3180 ἓξηκ.
297 3128 392 3170 cod.
430 3127 692 3183 Bodlejanus,
732 3137 902 3170 notante
936 3127 1156 3169 Hudsono.
1195 3128 1211 3181 Η
1256 3150 1314 3158 -

76 3190 117 3229 8.
147 3189 336 3245 Δόμαι]
370 3191 502 3232 insula
540 3206 626 3232 non
651 3199 766 3232 nota.
788 3191 930 3231 Fuisse
958 3190 1080 3230 debet
1107 3190 1179 3230 ubi
1202 3204 1314 3230 nunc

76 3258 136 3290 est
154 3252 389 3305 peninsula,
424 3254 469 3294 iu
504 3268 587 3308 qua
616 3256 799 3295 Manum
820 3253 1045 3295 castellum.
1075 3252 1231 3294 Eadem
1253 3260 1314 3292 est

83 3311 223 3353 ToraII
227 3312 294 3353 iba
326 3328 393 3369 ap.
419 3313 601 3355 Plinium
634 3315 663 3355 l.
695 3315 723 3356 l.
747 3314 991 3356 Ptolemaeus
1024 3314 1076 3355 ad
1102 3314 1313 3355 Gedrosiae

77 3388 193 3414 oram
224 3382 340 3416 notat
356 3375 502 3416 Libam
525 3377 604 3417 ins.
612 3407 624 3426 ,
652 3390 780 3430 quam
803 3391 890 3417 esse
913 3376 1168 3418 Tora-libam
1192 3377 1313 3418 Plinii

76 3445 256 3491 putares,
282 3437 359 3477 nisi
386 3437 628 3478 Ptolemaeus
658 3452 748 3478 eam
768 3438 822 3479 ad
850 3440 1075 3479 terminum
1103 3439 1314 3480 Gedrosiae

78 3497 374 3539 occidentalem
392 3499 623 3540 collocaret.
641 3502 708 3541 An
727 3500 831 3555 Τόρα
853 3500 948 3540 Δίὸα
962 3531 973 3550 ,
1005 3502 1034 3540 i.
1063 3515 1101 3541 e.
1120 3502 1232 3541 Tora
1252 3502 1315 3541 in-

78 3560 189 3600 sula?
208 3562 274 3601 An
302 3559 444 3600 Seclra-
455 3563 562 3614 Tyra
577 3559 761 3617 (·tora.³)
784 3562 993 3602 Ammiani
1009 3562 1176 3611 XXIII,
1196 3565 1236 3611 6,
1262 3563 1313 3615 73

78 3630 138 3662 est
154 3621 323 3675 objectae
338 3623 585 3662 continentis
609 3622 724 3673 urbs,
746 3623 863 3664 Alex.
891 3623 1061 3677 portus?
1087 3624 1105 3677 Η
1122 3646 1179 3654 ·——
1198 3626 1238 3665 8.
1260 3628 1316 3680 τῷ

78 3697 163 3723 om.
182 3686 234 3724 A.
258 3684 274 3737 Η
293 3699 402 3737 ——9.
421 3681 562 3735 ἓπὶτὴν
578 3699 663 3739 μεσ.
682 3686 733 3725 L.
752 3685 841 3738 1)-
855 3697 918 3724 11.
934 3684 1165 3740 Σάραγγα
1182 3686 1198 3740 ]
1216 3685 1313 3726 Στά-

81 3760 208 3800 ραγγα
218 3747 266 3786 Β.
283 3746 347 3785 Ex
356 3746 550 3787 Vincenti
563 3754 758 3800 computo
769 3745 823 3787 ad
833 3746 945 3787 hunc
951 3747 1090 3787 locum
1102 3747 1313 3788 Nearchus

78 3808 191 3847 venit
227 3807 474 3848 Novembris
502 3806 570 3848 die
602 3808 764 3862 quinto,
797 3809 1067 3863 navigationis
1103 3809 1313 3863 trigesimo

79 3877 242 3924 quarto.
255 3871 390 3911 Locus
398 3868 562 3910 aliunde
570 3884 655 3910 non
663 3878 787 3912 notus
800 3885 925 3922 3num
939 3870 1050 3912 idem
1062 3872 1134 3925 qui
1155 3870 1314 3919 Ῥίζανα

64 3930 190 3995 ΓειΡιιά
205 3931 681 3977 Ptolemaeumvocatur?
700 3932 788 3987 11-
806 3932 1309 3989 15.διεκπλώσαντες]

250 4008 384 4044 crioen·
403 4015 430 4045 ι.

1371 2334 1476 2360 num
1499 2328 1608 2359 recte
1623 2319 1817 2371 intelligo,
1835 2319 1995 2372 inquit,
2013 2318 2055 2357 hi
2075 2318 2231 2371 scopuli
2246 2327 2342 2358 sunt
2360 2319 2400 2357 in
2422 2318 2605 2360 saucibus

1374 2389 1522 2435 portus
1542 2381 1802 2421 feminarum.
1826 2379 2015 2419 Verbum
2036 2379 2337 2425 διεκπλώσαντες
2358 2379 2606 2433 conjungen-

1374 2437 1477 2482 dum
1496 2451 1555 2482 est
1577 2455 1671 2482 cum
1691 2441 1988 2495 καθορμίζονται
2011 2439 2048 2480 ἐν
2071 2440 2144 2489 Μ.,
2173 2447 2213 2480 et
2228 2439 2474 2495 vertendum
2501 2454 2510 2480 t
2531 2456 2605 2496 per

1375 2519 1445 2545 eos
1469 2504 1657 2559 scopulos
1678 2504 1936 2556 navigatione
1954 2502 2060 2543 facta
2085 2501 2334 2556 appulerunt
2355 2502 2398 2541 in
2417 2511 2600 2556 portum.

1373 2567 1479 2612 Inde
1502 2570 1524 2619 5
1547 2567 1568 2607 5
1593 2566 1728 2606 fauces
1746 2574 1890 2620 portus
1903 2573 2103 2605 vocantur
2118 2571 2312 2617 angustae.
2329 2563 2432 2604 Inde
2450 2566 2605 2606 venisse

1373 2630 1555 2679 videtur,
1577 2637 1624 2669 ut
1646 2627 1769 2669 hodie
1788 2629 1857 2669 hic
1875 2636 2021 2683 portus
2040 2627 2203 2680 ignotus
2218 2626 2284 2676 sit,
2302 2623 2605 2679 navIgatoribus

1373 2692 1438 2731 vel
1463 2700 1632 2746 propter
1646 2699 1836 2743 angustas
1855 2689 1990 2731 fauces
2008 2697 2177 2744 portum
2196 2702 2282 2728 non
2296 2686 2529 2728 videntibus
2545 2690 2608 2730 vel

1373 2763 1545 2808 propter
1563 2753 1752 2810 scopulos
1768 2760 2008 2807 conspectos
2019 2752 2190 2806 propius
2204 2765 2289 2790 non
2304 2749 2603 2791 accedentibus.

1373 2817 1604 2857 Vincentus
1619 2815 1757 2856 Sacala
1770 2823 1810 2855 et
1825 2829 1949 2869 rupes
1964 2813 2050 2854 illas
2059 2827 2207 2868 parum
2219 2827 2243 2860 a
2256 2813 2442 2865 Sarangis
2459 2812 2608 2853 distare

1373 2887 1513 2934 putat;
1549 2878 1776 2932 conspectis
1813 2877 1925 2916 enim
1956 2875 2129 2930 rupibus
2162 2874 2327 2914 classem
2358 2874 2533 2914 Nearchi
2568 2875 2608 2913 in

1374 2942 1538 2982 ancoris
1560 2947 1858 2981 commoratam
1876 2953 1976 2979 esse.
1997 2938 2127 2980 Aliter
2145 2937 2291 2977 sentio.
2315 2936 2462 2976 Sacalis
2482 2938 2608 2977 Near-

1377 3003 1479 3043 chus
1508 3003 1677 3044 classem
1695 3016 1780 3042 non
1802 3001 2015 3050 tenuisset,
2040 3000 2073 3039 si
2099 3013 2272 3054 parvum
2301 2997 2426 3038 modo
2453 2999 2530 3037 iter
2552 2998 2607 3038 fe-

1377 3067 1510 3115 cisset,
1531 3065 1603 3105 sed
1628 3065 1725 3118 quia
1759 3064 1871 3104 locus
1898 3062 2082 3102 desertus
2101 3069 2201 3108 erat,
2236 3060 2395 3112 longius
2413 3059 2606 3113 progredi

1378 3136 1542 3168 coactus
1572 3126 1749 3167 videtur.
1789 3124 1985 3179 Scopulos
2012 3137 2110 3162 vero
2146 3130 2245 3162 tunc
2276 3120 2446 3160 demum
2488 3120 2604 3168 vidit,

1377 3204 1507 3246 quum
1525 3198 1695 3244 portum
1721 3188 1967 3227 feminarum
1991 3184 2147 3224 videret
2175 3196 2351 3236 eumque
2371 3182 2556 3222 intraret.
2586 3200 2600 3218 »

1382 3255 1399 3308 ΙΙ
1427 3278 1484 3288 --
1514 3267 1580 3307 17.
1615 3249 2000 3305 Μοροντοὸαρὸάροις
2036 3249 2086 3287 L.
2119 3247 2134 3299 Η
2166 3268 2222 3275 ——
2255 3257 2323 3284 21.
2358 3243 2605 3283 Γυναικῶν

1377 3316 1607 3370 λιμένα].
1643 3316 1704 3354 Eo
1733 3312 1901 3352 nomine
1932 3310 2070 3350 locum
2096 3314 2326 3348 memorant
2366 3305 2608 3347 Ammianus

1377 3377 1640 3419 Marcellinus
1674 3375 1832 3423 XXIII,
1873 3376 1897 3412 6
1927 3384 1938 3412 :
1962 3375 2080 3411 Inter
2115 3368 2308 3410 civitates
2328 3367 2606 3421 (Gedrosiae)

1372 3449 1527 3496 praeter
1563 3437 1720 3479 insulas
1750 3435 2001 3489 Sedratyra(
2026 3447 2127 3473 num
2147 3430 2247 3472 hod.
2282 3434 2499 3484 Semneany
2525 3445 2608 3470 non

1379 3502 1499 3555 longe
1542 3501 1594 3541 ab
1616 3498 1762 3540 Arabis
1785 3495 1918 3536 ostio?
1946 3496 1963 3548 )
2001 3503 2040 3535 et
2066 3497 2263 3548 Gynaecon
2281 3492 2401 3532 limen
2433 3490 2611 3531 meliores

1381 3562 1556 3604 residuis
1598 3560 1858 3602 oestimantur
1871 3574 1887 3606 ;
1924 3565 1965 3597 et
2003 3555 2245 3598 Ptolemaeus
2287 3562 2328 3595 et
2360 3554 2607 3602 Marcianus,

1381 3626 1453 3679 qui
1475 3625 1525 3665 ab
1547 3622 1653 3664 Indo
1670 3622 1804 3662 haecce
1815 3626 2027 3660 recensent
2040 3616 2217 3673 oppida:
2235 3616 2430 3666 Rhizana,
2455 3616 2611 3656 Coeam—

1382 3687 1456 3737 ba,
1484 3686 1702 3728 Mulierum
1724 3690 1908 3738 portum,
1929 3680 2175 3735 Rhagiaura,
2200 3678 2347 3720 Arbin.
2366 3680 2415 3718 In
2448 3678 2610 3728 regione

1384 3762 1474 3802 quae
1506 3762 1555 3787 ex
1588 3745 1790 3786 mensuris
1832 3743 1997 3785 Arriani
2037 3739 2339 3783 Morontobaris
2373 3735 2610 3789 assignanda

1384 3817 1468 3858 est,
1506 3821 1618 3848 nunc
1652 3805 1779 3846 habes
1808 3807 1905 3846 Mor
1939 3812 2122 3844 montem
2145 3811 2186 3843 et
2207 3801 2295 3842 Luk
2323 3797 2477 3839 But-ud.
2507 3798 2523 3850 ll
2557 3820 2611 3826 —

1385 3874 1454 3912 28.
1485 3871 1705 3923 διώρυχα
1725 3868 1740 3922 ]
1770 3887 1785 3902 u
1807 3867 2038 3907 Vincentus
2066 3863 2353 3905 hancsossam
2374 3859 2539 3899 fortasse
2561 3872 2608 3898 cx

1385 3932 1508 3976 Arabi
1526 3931 1651 3972 ssuvio
1666 3929 1890 3970 derivatam
1909 3935 2024 3985 putat
2034 3943 2045 3979 ;
2067 3924 2179 3981 quod
2195 3921 2417 3965 concedere
2430 3932 2602 3974 nequeo.

2398 4000 2439 4029 22
