2808 4342
520 23 567 76 Ο
833 76 836 78 ,

735 114 775 152 ο

194 209 286 251 486
552 255 592 292 Ο

255 322 314 354 22.
350 303 452 352 Ἀπὸ
472 306 546 349 τοῦ
561 300 704 352 ἸἈτιιοις
726 300 782 350 εἰς
801 297 963 352 Νήσους
980 294 1137 341 στάδιοι
1160 295 1212 349 ζ’.

254 391 313 422 22.
350 372 450 421 Ἀπὸ
472 374 554 417 τῶν
575 369 727 424 Νήσων
750 368 806 417 εἰς
828 363 1033 419 Σεληνίδα
1055 363 1212 408 στάδιοι
1241 363 1291 408 ο’·
1316 363 1423 425 ἄκρα

187 441 323 498 ἔστὶν,
340 441 493 503 ἔχουσα
513 438 706 502 ὕφορμον·
730 433 818 495 ἔχει
833 430 875 477 δὲ
895 433 942 477 ἐκ
965 429 1104 484 δεξιῶν
1124 430 1278 495 βράχη.
1298 436 1423 479 χαοο,

188 514 269 574 ρῶν
286 509 333 556 τὸ
359 509 513 572 βρᾶχος
531 504 729 565 κατάγου.

52 612 56 618 .
144 603 167 634 5
250 596 308 627 2⁴.
344 578 442 625 Ἀπὸ
462 573 681 630 Σεληνίδος
696 570 764 618 ἐπὶ
788 570 879 625 Ἀζὺ
908 570 1066 617 στάδιοι
1079 570 1138 627 η’.

249 666 307 696 as.
338 646 435 692 Ἀπὸ
450 648 522 697 τῖς
543 641 633 695 Ἀζὺ
658 639 727 686 ἐπὶ
746 638 1019 703 Τυνδαρείους
1039 639 1199 687 στάδιοι
1224 639 1302 703 ρκ’·
1322 638 1420 686 σκό-

179 803 375 860 quelques
396 799 575 855 rejetons
589 797 612 840 ἐι
635 798 967 848 Berek-Marsah,
993 813 1100 841 nous
1123 798 1315 850 n'avions
1328 799 1419 855 plus

179 879 279 907 revu
296 871 360 905 cet
383 862 506 904 arbre
527 860 675 919 depuis
702 869 821 903 notre
838 860 986 918 depart
1009 860 1318 904 d’Alexandrie.
1336 864 1419 903 Des

175 929 379 983 bouquets
395 924 450 967 de
468 924 655 980 figuiers,
677 925 854 981 groupes
882 938 982 966 avec
1001 922 1075 966 des
1102 923 1287 975 deniers,
1311 923 1418 966 don·

178 992 316 1032 naient
334 987 358 1030 a
377 996 483 1030 cette
504 987 629 1029 vallee
660 1001 718 1029 un
737 996 876 1044 aspect
899 987 1187 1044 pittoroeque..
1210 989 1260 1029 Je
1276 1002 1419 1044 comp-

177 1050 401 1109 taijusqu'a
414 1050 488 1092 dix
500 1053 611 1107 puits
624 1052 787 1092 creuses
805 1049 829 1092 ii
844 1063 899 1092 20
915 1048 1065 1092 mett-es
1077 1049 1130 1091 de
1143 1050 1415 1106 profondeur,

174 1125 216 1158 et
233 1123 459 1158 contenant
484 1128 567 1156 une
584 1128 661 1155 eau
694 1112 985 1156 tres-douce...
1011 1114 1093 1155 Sur
1114 1113 1153 1156 la
1181 1113 1327 1156 colline
1345 1115 1418 1170 qui

175 1176 307 1219 borde
327 1176 364 1219 la
387 1176 513 1218 vallee
534 1190 585 1218 au
609 1175 703 1227 sud,
728 1183 822 1218 sont
844 1175 901 1217 1ae
919 1176 1091 1230 vestiges
1111 1174 1165 1217 de
1193 1174 1302 1217 deux
1328 1175 1417 1217 edi·

174 1242 285 1292 fiooe,
313 1239 419 1283 dont
437 1240 467 1282 il
502 1254 555 1281 ne
580 1247 687 1281 reste
718 1239 810 1296 plus
838 1253 921 1295 que
952 1238 1010 1280 1oe
1033 1237 1321 1281 fondations...
1358 1241 1417 1282 La

175 1304 341 1346 fertilite
357 1302 411 1344 de
427 1302 469 1344 la
487 1302 612 1344 vallee
625 1310 667 1344 et
684 1316 728 1343 sa
745 1302 969 1358 proximite
985 1300 1038 1343 de
1053 1300 1191 1351 Berek,
1209 1302 1417 1343 attiraient

173 1365 320 1423 aupres
330 1364 450 1407 d'elle
463 1379 544 1407 une
557 1362 713 1419 grande
731 1365 862 1419 partie
869 1362 942 1405 des
949 1377 1090 1420 camps
1097 1363 1167 1420 qui
1177 1365 1417 1407 couvraient

171 1428 280 1471 alors
293 1436 400 1470 cette
414 1429 546 1484 partie
560 1426 621 1468 du
634 1426 798 1468 littoial.
873 1429 933 1468 La
950 1426 1130 1482 position
1148 1435 1416 1482 avantageuse

172 1490 227 1534 de
254 1489 627 1546 Boua-Adjoubah,
673 1504 735 1530 ses
769 1491 881 1545 puits
914 1488 1162 1539 nombreux,
1194 1489 1250 1531 loe
1285 1498 1416 1532 traces

172 1553 437 1596 d’anciennoe
459 1553 711 1595 habitations
732 1561 773 1594 et
790 1567 835 1593 sa
849 1551 1034 1593 distance
1047 1550 1100 1592 de
1121 1554 1412 1605 Paraetonium,

171 1617 398 1658 autorisent
425 1613 450 1657 ὲ
480 1616 741 1657 reconnaitre
773 1613 876 1655 dans
898 1614 935 1656 la
962 1615 1159 1655 situation
1191 1613 1244 1656 de
1269 1630 1316 1657 ce
1334 1616 1415 1658 lieu

170 1672 268 1719 celle
289 1677 348 1719 du
367 1678 501 1732 bourg
515 1676 678 1735 Apis...
700 1677 873 1718 Suivant
888 1676 1054 1733 Scylax,
1073 1678 1175 1733 Apis
1199 1679 1297 1719 etait
1310 1678 1345 1720 la
1366 1679 1414 1721 li·

169 1741 270 1782 mite
299 1739 352 1781 de
374 1729 584 1797 l’Egypte;
619 1739 647 1781 il
668 1748 730 1781 est
759 1739 1044 1795 remarquable
1075 1754 1158 1795 que
1193 1740 1415 1783 Boua-Ad-

161 1803 322 1858 joubali
346 1811 430 1844 sert
446 1817 598 1844 encore
612 1801 881 1858 aujourd‘hui
901 1802 954 1844 de
977 1803 1098 1858 point
1126 1802 1179 1843 de
1201 1802 1412 1845 demarca·

170 1866 259 1907 tion
266 1864 426 1907 entrele
437 1873 762 1919 gouvernement
769 1854 972 1920 d’Egypte
979 1872 1020 1906 et
1027 1863 1131 1905 celui
1140 1863 1355 1921 deTripoli
1364 1899 1371 1906 .
1380 1896 1391 1907 .
1401 1898 1409 1907 .

170 1930 208 1970 A
223 1927 325 1969 trois
342 1926 493 1968 beures
515 1925 569 1967 de
583 1925 783 1977 distance,
796 1924 821 1967 a
838 1926 1000 1977 l'ouest,
1022 1939 1127 1967 nous
1146 1929 1412 1969 traversam&

172 2004 228 2031 un
255 1989 437 2046 prosond
469 1990 586 2031 ravin
613 1990 782 2031 nomme
805 1988 1133 2043 Arghoub-Sous,
1160 1987 1184 2030 a
1211 1989 1411 2032 l’embou·

168 2052 297 2094 cbure
328 2050 485 2107 duquel
518 2061 580 2093 est
607 2066 666 2093 un
694 2053 797 2107 petit
825 2059 935 2108 port,
975 2051 1150 2094 Marsah
1181 2052 1362 2094 Lebeieh.
1390 2071 1406 2092 ι»

166 2114 361 2156 Ceterum
377 2114 464 2156 baec
478 2114 665 2155 locorum
684 2112 923 2169 descriptio,
941 2114 975 2155 si
990 2114 1232 2155 novissimas
1244 2128 1411 2170 mappas

164 2176 351 2218 nauticas
373 2176 596 2218 contuleris
610 2206 622 2226 ,
642 2189 791 2231 parum
813 2183 875 2215 est
899 2175 1132 2230 perspicua.
1161 2175 1266 2215 Nam
1299 2175 1410 2230 apud

162 2237 400 2280 Pachonem
421 2241 536 2279 Boua
548 2236 772 2292 Adjoubalz
788 2237 896 2278 inter
910 2239 1058 2278 Marsa
1078 2236 1198 2277 Berek
1209 2245 1249 2278 et
1263 2239 1412 2279 Marsa

162 2299 314 2343 Labeit
334 2308 395 2342 est
414 2298 499 2342 sere
522 2298 675 2350 media,
699 2297 801 2340 dum
825 2299 869 2340 in
888 2298 1120 2354 Anglorum
1140 2300 1300 2355 mappis
1320 2303 1410 2341 Bun

163 2362 375 2418 Asoubah‚
396 2363 474 2404 sita
495 2370 556 2403 oet
574 2361 627 2403 ab
641 2375 789 2403 occasu
808 2363 965 2404 Marsa,-
984 2360 1152 2410 Labeit‚
1175 2362 1283 2403 inter
1303 2362 1410 2405 hanc

162 2424 319 2467 scilicet
350 2434 392 2467 et
423 2425 706 2475 All-Abwat.;
730 2423 835 2466 adeo
870 2432 916 2465 ut
938 2424 1075 2466 Pacho
1107 2426 1255 2466 Marsa
1287 2426 1411 2467 Berek

163 2499 310 2530 vocare
322 2486 512 2530 videatur
526 2502 618 2543 quae
628 2487 716 2529 aliis
730 2496 791 2528 est
804 2486 974 2535 Labei85
988 2500 1140 2528 nomen
1154 2486 1299 2528 Labeit
1312 2502 1409 2530 vero

161 2549 381 2592 transferat
396 2549 449 2591 ad
462 2551 587 2593 maris
601 2564 806 2591 recessum
823 2564 953 2605 prope
960 2549 1210 2591 All-Abwae
1219 2566 1235 2598 ,·
1246 2557 1286 2590 et
1299 2564 1350 2590 ex
1362 2565 1407 2592 αι

163 2620 302 2654 mente
317 2627 508 2668 mappam
528 2627 696 2669 quoque
711 2626 851 2664 suam,
875 2613 909 2653 si
927 2611 1030 2668 quid
1053 2611 1249 2666 intelligo,
1271 2613 1408 2655 Pacho

162 2672 384 2716 delineavit
415 2676 550 2731 (Quae
575 2674 744 2731 quidem
782 2689 947 2731 mappa,
978 2682 1026 2715 ut.
1056 2675 1294 2731 praeteriens
1316 2675 1408 2717 hoc

162 2750 371 2788 moneam,
389 2752 504 2778 oram
528 2738 651 2779 habet
667 2746 751 2779 tam
770 2737 1052 2794 perfunctorie
1067 2736 1314 2793 descriptam
1327 2769 1338 2787 ,
1360 2746 1408 2779 ut

162 2811 263 2841 ηοω
280 2797 368 2854 ejus
380 2799 515 2840 nullus
531 2801 583 2841 sit
599 2801 631 2856 ).
646 2802 751 2853 Quae
769 2814 899 2855 quum
916 2801 972 2841 ita
987 2799 1181 2850 habeant,
1202 2798 1256 2841 de
1272 2803 1404 2842 Boun-

162 2860 385 2917 Adjoubala
406 2876 500 2902 cum
532 2863 612 2917 Api
639 2862 928 2917 componenda
952 2862 1213 2903 vehementer
1233 2861 1403 2917 dubit03

161 2922 253 2966 fieri
274 2924 385 2965 enim
410 2923 453 2965 id
473 2925 643 2979 nequit,
670 2925 747 2965 nisi
782 2924 887 2964 sorte
909 2925 1183 2966 Paraetonium
1207 2925 1249 2965 in
1268 2925 1406 2967 Mil-sa

161 2985 311 3030 Labeit
338 2984 670 3027 transferendum
702 2993 847 3042 putes;
873 2984 987 3040 quod
1017 2999 1041 3025 a
1071 2985 1233 3040 Periplo
1264 2995 1405 3028 nostro

160 3062 332 3106 prmus
352 3048 460 3090 soret
482 3049 677 3091 alienum.

221 3114 339 3166 522.
379 3110 445 3160 εἰς
480 3110 700 3167 Νήσους]
733 3112 768 3152 Ε
796 3124 959 3152 recoesu
981 3112 1128 3152 Marsa
1150 3110 1296 3152 Labeit
1329 3113 1406 3153 iter

160 3173 390 3219 stadiorum
411 3188 466 3229 90
481 3176 498 3229 (
513 3173 567 3230 ιζς
592 3175 651 3215 sie
668 3174 779 3215 enim
796 3172 874 3229 leg.
894 3186 973 3229 pro
987 3171 1052 3227 ζ’)
1080 3171 1133 3214 ad
1155 3173 1306 3214 insulas
1323 3182 1404 3215 tres

159 3235 300 3290 ducit,
336 3237 586 3280 Al-Maerou
615 3251 729 3279 nunc
753 3235 908 3287 dictas,
930 3234 1205 3291 circumjectis
1225 3236 1404 3291 scopulis

159 3298 392 3349 horrentes,
404 3299 556 3355 quibus
568 3299 610 3340 in
626 3298 853 3340 continenti
866 3296 1075 3354 objectum
1090 3306 1151 3340 est
1163 3297 1239 3339 AI!
1250 3298 1403 3339 Aba-ae

159 3362 303 3404 ruinas
329 3361 500 3404 habens.
525 3360 651 3418 Apud
679 3361 945 3404 Ptolemaeum
970 3361 1157 3417 sequitur
1186 3357 1403 3412 Αἰνήσιππα

168 3423 410 3483 (Δίνήσιπτα
430 3439 516 3469 var.
540 3424 667 3479 lect.)
701 3427 830 3477 νῆσος,
854 3423 966 3481 apud
989 3423 1232 3467 Strabonem
1248 3421 1402 3476 Αἰνησί-

165 3501 294 3531 παστα
329 3491 443 3539 νῆσος
475 3487 622 3543 ἔχουσα
653 3487 806 3544 λιμένα.
839 3488 903 3529 Ex
940 3486 1004 3529 bis
1044 3493 1231 3529 nostrum
1265 3484 1400 3527 locum

157 3549 522 3605 redintegrandum
535 3552 758 3607 putaveris,
770 3552 812 3593 in
831 3565 916 3607 quo
927 3550 990 3592 vel
1005 3564 1158 3593 nomon
1175 3547 1400 3591 insularum

156 3611 374 3662 excidisse,
393 3612 454 3654 vel
474 3627 551 3668 pro
572 3613 709 3666 νήσους
729 3613 996 3656 scribendum
1010 3627 1097 3655 oese
1118 3610 1400 3665 Αἰνησίπασταν

156 3673 223 3719 vel
242 3673 483 3727 Αἰνήσιππαν
504 3675 704 3718 videatur.
735 3677 873 3718 Dubia
893 3685 1027 3718 tamen
1046 3690 1111 3719 res
1136 3683 1211 3726 est,
1230 3674 1401 3729 fierique

156 3745 295 3795 potest
310 3745 357 3779 ut
371 3736 523 3789 Νήσους
534 3739 586 3778 sit
605 3753 756 3779 nomen
773 3740 988 3795 proprium
1008 3738 1085 3780 loci
1107 3738 1147 3779 in
1164 3737 1400 3779 continente

157 3801 286 3851 sitie
314 3801 482 3855 regione
505 3799 755 3852 insulanum
790 3803 940 3843 etenim
976 3803 1017 3843 in
1046 3799 1204 3842 Tabula
1235 3800 1399 3843 Peutin·

158 3864 326 3919 geriana
361 3864 523 3920 primus
559 3873 653 3921 post
690 3866 963 3906 Paraetoniuin
1003 3865 1115 3906 locus
1146 3871 1398 3906 memoratur

158 3927 316 3977 Nesus,
364 3927 578 3969 intervallo
611 3926 785 3969 millium
837 3931 888 3977 2l.
931 3929 1015 3969 sive
1046 3927 1274 3969 stadiorum
1320 3939 1396 3981 ¹92

162 3988 302 4042 (stad.
328 4002 410 4032 210
431 4003 511 4030 sec.
535 3989 751 4032 Stadiasm.
771 3993 812 4045 );
838 3991 902 4031 vix
929 3991 992 4031 ille
1014 4005 1037 4031 a
1053 3988 1394 4032 NesisStadinsuni

159 4051 348 4095 diversus
388 4054 509 4095 fucrit
526 4088 537 4106 ,
579 4054 767 4111 quamvis
798 4055 1030 4096 mansiones
1070 4054 1178 4095 inter
1220 4054 1395 4095 Para-to·

1322 195 1605 243 ANONYMI

1551 310 1621 339 aa.
1653 297 1720 341 Ab
1737 299 1818 356 Api
1836 299 1890 342 ad
1911 301 2135 350 Nemeaeu
2149 302 2301 345 insulas
2322 303 2452 346 stadia
2470 318 2525 359 90
2542 305 2638 362 (if).

1550 366 1621 409 23.
1653 371 1691 409 A
1706 367 1826 410 Nesis
1839 367 1893 410 ad
1907 367 2139 412 Sclenidem
2151 370 2283 435 stadia
2297 386 2373 428 705
2396 375 2734 429 promontorium

1493 442 1555 475 est
1569 442 1608 476 et
1622 434 1702 476 sub
1722 448 1774 476 eo
1790 436 1938 487 statio;
1962 450 1987 477 a
2004 434 2161 478 dextris
2190 451 2288 480 vero
2312 439 2436 483 babet
2454 441 2617 492 brevia;
2644 442 2735 484 haec

1494 502 1567 544 ubi
1587 504 1866 560 conspexeris,
1887 505 2058 561 appelle.

1549 575 1620 622 al..
1645 575 1683 615 A
1704 573 1891 616 Sclenide
1912 573 1964 615 ad
1989 577 2073 631 Azy
2102 574 2233 617 stadia
2255 575 2307 618 50
2322 576 2411 631 (ν’).

1549 643 1618 682 25.
1665 640 1732 684 Ab
1771 644 1856 698 Azy
1893 641 1946 684 ad
1977 642 2209 699 Tyndarios
2250 643 2381 686 stadia
2424 658 2525 700 1203
2570 650 2729 705 scopuli

1492 799 1612 841 nium
1633 808 1675 842 et
1695 799 2011 844 Catabathmum
2042 802 2326 859 interjacentes
2347 804 2390 844 in
2411 803 2516 845 Tab.
2538 805 2727 860 Peuting.

1491 860 1666 903 turbatae
1686 862 1785 912 sint,
1808 870 1931 918 atque
1947 864 2003 905 ita
2024 864 2183 907 viarum
2206 865 2321 907 linem
2348 865 2541 917 habeant,
2563 874 2609 908 ut
2626 866 2734 909 aliusy

1491 922 1606 965 loeus
1641 925 1749 965 inter
1779 925 2059 967 Paraetonium
2096 935 2139 968 et
2168 929 2297 969 Nesos
2341 927 2501 970 medius
2532 929 2730 972 excidisse

1491 985 1695 1027 videatur.
1724 987 1773 1027 In
1802 986 2021 1029 Itinerario
2042 1001 2086 1043 p.
2109 1001 2163 1044 72
2182 987 2328 1031 eodem
2352 989 2436 1031 sere
2457 1004 2480 1031 a
2499 992 2735 1034 Paraetonio

1491 1048 1704 1090 intervallo
1726 1048 1739 1104 (
1764 1052 1817 1090 26
1838 1049 2013 1091 millium
2034 1064 2108 1091 seu
2129 1052 2210 1094 208
2243 1050 2350 1094 stad.
2375 1053 2392 1107 )
2412 1053 2582 1109 ponitur
2621 1057 2730 1096 Tha·

1491 1110 1635 1152 brasta
1666 1125 1701 1153 s.
1733 1111 1994 1153 Tanabrasta
2019 1126 2053 1154 s.
2085 1113 2347 1155 Tambasem
2366 1127 2402 1156 s.
2438 1115 2725 1167 Tambeism..

1490 1173 1604 1229 quod
1620 1188 1773 1216 nomen
1787 1172 1839 1215 ad
1855 1173 2036 1216 eundem
2060 1174 2197 1216 locum
2220 1176 2427 1231 pertinere
2444 1185 2487 1218 et
2505 1191 2602 1221 cum
2620 1180 2731 1222 Stra·

1490 1235 1672 1279 boniano
1709 1236 1974 1290 Αἰνησίπαστα
2001 1237 2339 1295 componendum
2366 1252 2529 1280 censeo.
2556 1242 2726 1285 Portum

1490 1300 1532 1341 in
1553 1299 1686 1342 insula
1721 1314 1866 1342 saxosa
1895 1314 1998 1341 num
2020 1309 2131 1343 recte
2163 1301 2349 1358 posuerit
2366 1300 2536 1353 Strabo,
2559 1316 2613 1345 an
2643 1318 2730 1348 non

1488 1363 1627 1418 potius
1643 1362 1831 1407 collocari
1856 1361 2048 1405 debuerit
2060 1362 2114 1405 ad
2131 1364 2430 1415 continentem,
2448 1363 2520 1406 ubi
2535 1378 2731 1421 promon·
2776 1405 2779 1409 .

1489 1426 1644 1467 torium
1662 1426 1786 1468 simul
1812 1434 1853 1467 et
1875 1424 2058 1482 projecta
2078 1426 2211 1468 insula
2231 1434 2367 1468 tutum
2395 1438 2601 1469 recessum
2626 1442 2730 1485 prae-

1487 1487 1588 1530 bent
1601 1498 1643 1531 et
1657 1488 1758 1530 olim
1773 1487 1974 1545 oppidum
1986 1489 2187 1531 exstitisse
2197 1489 2411 1531 Itineraria
2430 1489 2623 1545 probant,
2632 1490 2728 1547 jure

1488 1558 1534 1592 tu
1552 1565 1725 1607 quaeras.

1543 1616 1658 1667 §23.
1677 1613 1743 1662 εἰς
1772 1613 1895 1666 Σελη
1910 1629 1929 1655 ν
1945 1614 2057 1670 {aa}
2085 1613 2136 1662 εἰς
2155 1614 2314 1663 Λινὺδας
2328 1622 2370 1655 et
2388 1616 2411 1667 S
2433 1614 2485 1655 25
2519 1612 2594 1656 ἀπὸ
2613 1616 2726 1657 Δινύ-

1486 1677 1551 1725 δος
1582 1676 1730 1719 codex.
1768 1675 1894 1733 Apud
1926 1675 2193 1718 Ptolemaeum
2225 1685 2287 1718 est
2319 1676 2499 1725 Σελινοῦς
2523 1676 2723 1731 (Selinis,

1485 1739 1671 1781 Selinuns
1702 1740 1746 1781 in
1774 1738 1862 1781 latt.
1891 1753 1978 1781 var.
1999 1738 2091 1781 lect.
2115 1741 2132 1794 )
2164 1738 2311 1795 λιμήνς
2343 1738 2455 1795 apud
2482 1738 2725 1783 Strabonem

1484 1803 1677 1859 Δρέπανον
1702 1802 1835 1859 ἄκρον,
1863 1801 1906 1844 id
1930 1802 2210 1857 oetsalcatum
2229 1803 2589 1859 promontorium;
2616 1803 2726 1847 unde
2804 1842 2808 1862 Ι.

1485 1865 1612 1907 facilis
1622 1864 1858 1921 conjectura
1869 1865 2042 1908 alterum
2054 1864 2142 1921 ejus
2150 1879 2303 1907 nomen
2310 1864 2457 1907 eodem
2470 1880 2591 1907 sensu
2602 1865 2724 1909 fuisse
2803 1865 2808 1878 “

1483 1927 1645 1981 Σεληνίς
1662 1929 1679 1982 (
1694 1927 1856 1970 arabice
1882 1927 1989 1970 soret
2014 1931 2099 1970 Rus
2119 1927 2158 1969 el
2174 1926 2299 1969 Hildl
2310 1959 2322 1977 ,
2350 1928 2410 1969 uti
2440 1941 2554 1969 nunc
2571 1927 2725 1974 dieitur

1483 1999 1695 2047 promont.
1720 1989 1773 2032 ad
1797 1990 2115 2032 Naustathmum
2148 1991 2335 2032 eminens
2357 1991 2391 2045 ),
2411 1989 2526 2046 quod
2549 1990 2592 2032 in
2611 1990 2723 2032 Σελι-

1485 2058 1571 2103 νοῦς
1591 2053 1703 2111 apud
1726 2053 2015 2103 Ptolemaeum,
2045 2052 2156 2109 apud
2186 2054 2384 2094 Nostrum
2408 2053 2450 2094 in
2469 2052 2580 2102 Δινύς
2604 2053 2721 2096 abiit.
2807 2107 2808 2110 Ἴ

1483 2117 1550 2160 Ab
1569 2117 1646 2159 AI!
1664 2117 1818 2159 Abwat
1840 2130 1895 2172 70
1912 2115 2044 2158 stadia
2071 2117 2282 2172 pertinent
2305 2114 2358 2157 ad
2391 2124 2606 2157 curvatum
2626 2130 2723 2172 pro·
2804 2112 2808 2154 i

1484 2180 1764 2230 montorium,
1798 2178 1913 2234 quod
1936 2179 1980 2220 in
2005 2178 2244 2234 Smythiana
2275 2192 2359 2220 orae
2382 2178 2546 2235 Libyeoe
2574 2193 2723 2236 mappa
2802 2158 2808 2279 ¹

1483 2250 1653 2285 vocatur
1673 2240 1879 2283 Mauram.
1897 2240 2046 2282 Kleam.
2070 2241 2216 2282 Paucis
2234 2240 2334 2282 hinc
2361 2254 2500 2282 versus
2528 2254 2720 2284 oceasum
2804 2282 2808 2298 ς

1481 2304 1624 2346 stadiis
1654 2304 1795 2346 brevia
1817 2302 1927 2344 idem
1966 2310 2081 2345 notat
2109 2302 2334 2359 Smythius.
2371 2303 2468 2357 11-
2498 2303 2718 2361 βράχος]

1481 2366 1540 2408 sie
1561 2365 1675 2417 cod.;
1703 2366 1850 2422 βράχον
1877 2379 2021 2421 apogr.
2043 2365 2181 2407 Iriart.
2201 2388 2258 2396 —
2278 2363 2522 2407 Ptolemaeus
2537 2365 2721 2408 medium

1482 2429 1590 2470 inter
1626 2428 1737 2485 Apin
1768 2436 1811 2469 et
1834 2426 2089 2470 Selinuntem
2119 2425 2243 2468 habet
2273 2425 2485 2469 Trisarchi
2517 2428 2671 2480 vicum,
2697 2444 2722 2471 a

1481 2506 1567 2547 quo
1586 2505 1671 2533 non
1686 2490 1875 2532 diversus
1894 2489 2038 2541 fuerit,
2060 2502 2184 2545 quem
2201 2489 2243 2530 in
2265 2487 2574 2532 mediterraneis
2588 2490 2729 2534 multo.

1481 2555 1609 2609 magis
1640 2567 1832 2596 occasum
1864 2566 2006 2595 versus
2041 2551 2166 2593 habet
2203 2550 2394 2594 Tit-archi
2416 2552 2575 2603 vicum
2604 2552 2718 2595 illum

1481 2631 1504 2658 e
1524 2616 1698 2673 Periplis
1712 2648 1724 2668 ,
1746 2616 1860 2658 bunc
1877 2630 1928 2658 ex
1946 2614 2172 2657 Itinerariis
2189 2614 2355 2670 recepit.

1536 2682 1559 2733 S
1579 2683 1651 2723 24.
1683 2678 1777 2728 Ἀζῦ
1798 2679 1814 2735 ]
1833 2679 2023 2720 Fortasse
2043 2691 2196 2719 nomen
2218 2683 2463 2732 corruptum
2482 2690 2506 2719 e
2525 2676 2715 2733 Ζαγυλις,
2796 2726 2797 2730 ¹

1479 2757 1604 2799 quam
1626 2741 1728 2784 dicit
1747 2741 2004 2784 Ptolemaeus.
2032 2743 2088 2782 At
2107 2738 2235 2781 dubia
2249 2753 2328 2780 res.
2344 2739 2452 2781 Nam
2474 2739 2719 2784 Ptolemaeus

1478 2806 1646 2863 Zagylin
1668 2814 1763 2863 post
1774 2804 2008 2862 Tyndarios
2023 2803 2193 2845 demum
2222 2801 2413 2859 scopulos
2428 2803 2570 2860 ponit3
2587 2805 2716 2847 Itine-

1477 2865 2234 2979 affixam3115533'22539.
2243 2864 2724 2966 ’ἑῖιὲἶζὲἷῗιΐέο“ἓο“ωῗΰῖ

1480 2988 1495 3045 (
1512 2992 1594 3039 400
1608 2996 1661 3030 st.
1681 2987 1695 3045 )
1711 3003 1722 3039 3
1736 2985 1849 3043 quod
1864 2986 1917 3028 ab
1936 2988 2022 3042 Azy
2036 2984 2114 3029 loci
2125 2985 2207 3026 situ
2221 2983 2335 3026 abest
2349 2983 2598 3040 longissime,
2612 2984 2715 3029 adeo

1478 3060 1538 3103 ut,
1560 3052 1593 3093 si
1613 3059 1723 3092 recte
1737 3050 1824 3092 haec
1845 3049 2013 3100 habent,
2034 3048 2239 3090 Itinerarii
2253 3046 2366 3089 locus
2381 3062 2404 3089 a
2424 3055 2566 3089 nostro
2580 3046 2715 3090 diver·

1476 3126 1546 3154 sus
1561 3112 1847 3167 intelligendus
1865 3112 1932 3162 sit,
1957 3125 2053 3152 cum
2076 3124 2161 3166 quo
2182 3108 2469 3165 componenda
2489 3108 2594 3151 soret
2617 3109 2714 3159 Ἄζι-

1476 3189 1533 3223 κις
1567 3174 1865 3216 mediterranea
1903 3173 2133 3221 Ptolemai,
2171 3186 2195 3213 a
2230 3171 2502 3214 Catabathmo
2537 3170 2714 3216 dimidio

1476 3235 1744 3292 longitudinis
1762 3235 1894 3291 gradu
1914 3235 2085 3276 distans.
2111 3237 2159 3275 In
2179 3233 2370 3276 Hierocle
2387 3247 2430 3290 p.
2455 3234 2535 3290 733
2553 3234 2709 3279 codex:

1474 3297 1815 3354 Ζωγροζάγουλις,
1841 3298 1869 3338 i.
1900 3311 1938 3338 e.
1971 3296 2113 3352 Ζυγρδς
2132 3298 2148 3350 (
2163 3296 2321 3352 Ζυγρῖς,
2353 3296 2541 3352 Ζυγραί),
2565 3296 2712 3355 Ζάγου·
2756 3304 2759 3309 “

1474 3360 1546 3410 λις.
1573 3360 1874 3415 Wesselingius
1901 3359 1956 3401 ibi
1981 3372 1991 3400 z
2029 3377 2045 3398 α
2070 3358 2300 3402 Plnilocalus
2321 3359 2524 3416 Ζαγυλέων
2546 3360 2714 3404 antistes
2799 3367 2800 3370 ’

1474 3431 1534 3465 est
1555 3424 1596 3465 in
1624 3422 1783 3466 Concil.
1807 3420 2058 3463 Chalcedon.
2079 3435 2122 3478 p.
2157 3434 2233 3476 127
2255 3429 2296 3463 et
2310 3420 2421 3478 apud
2445 3420 2713 3465 Lambecium

1474 3486 1581 3528 Bibl.
1607 3485 1851 3528 vindobon.
1875 3484 1904 3527 l.
1932 3486 2050 3536 VIII,
2079 3499 2122 3541 p.
2159 3486 2257 3535 423.
2282 3484 2489 3527 Maximus
2510 3483 2713 3541 Ζαγῦλιως

1473 3548 1677 3591 Gennadii
1713 3546 1928 3604 Synodicae
1964 3546 2200 3589 subscribit.
2231 3564 2247 3584 ι»
2279 3548 2295 3601 11
2327 3570 2384 3578 -
2417 3546 2604 3588 στάδιοι
2637 3545 2717 3605 η’],
2803 3543 2808 3587 ἒ

1471 3613 1571 3654 Esse
1593 3611 1716 3654 debet
1739 3610 1788 3662 ν’;
1818 3611 1877 3652 sic
1898 3609 2068 3652 demum
2097 3623 2192 3652 cum
2222 3608 2363 3651 stadiis
2404 3621 2482 3653 120
2516 3609 2711 3665 segminis
2741 3619 2743 3622 ⁴
2790 3617 2792 3619 ’

1471 3677 1678 3731 sequentis
1702 3674 1893 3730 scopulos
1909 3672 2151 3731 Tyndareos
2166 3673 2366 3728 attingere
2388 3670 2496 3714 licet.
2579 3706 2583 3710 .
2735 3679 2744 3706 s
2806 3703 2808 3720 ς

1527 3741 1550 3791 S
1574 3743 1642 3782 25.
1675 3737 1751 3780 ἐπὶ
1771 3738 1983 3793 Τυνδαρε
2000 3737 2095 3785 (ους
2113 3736 2127 3792 ]
2148 3734 2210 3778 ἐπὶ
2230 3734 2390 3791 Δαρείου
2409 3733 2556 3777 codex.
2577 3733 2707 3777 Simili
2796 3730 2803 3797 ξ

1468 3802 1736 3857 corruptione
1759 3814 1768 3841 :
1803 3800 1865 3843 ἐπὶ
1883 3798 1953 3852 τὴν
1987 3800 2122 3855 &aptos
2142 3797 2350 3847 σκοπέλους
2371 3796 2500 3840 codex
2532 3796 2707 3853 Scylacis
2796 3795 2801 3808 ¹

1468 3877 1510 3918 p.
1526 3865 1578 3905 82
1597 3865 1609 3920 (
1625 3863 1694 3905 ubi
1711 3879 1787 3919 pro
1803 3862 2031 3919 Τυνδαρξους
2048 3860 2182 3903 scribe
2195 3859 2458 3916 Τυνδαρεὶους,
2475 3858 2695 3915 eodemqu
2718 3867 2725 3877 ’·

1469 3925 1595 3966 modo
1628 3927 1787 3981 corrige
1818 3925 2021 3981 vulgatam
2057 3939 2124 3981 ap.
2155 3923 2418 3966 Ptolemaeum
2444 3936 2488 3979 p.
2518 3934 2601 3977 290
2633 3916 2715 3963 ed.

1468 3989 1669 4043 Witt›g.).
1689 3989 1836 4031 Strabo
1854 3996 2050 4044 quattuor
2062 3987 2227 4040 νηοὲδια,
2252 3985 2495 4029 Ptolemaeus
2518 3992 2599 4027 tres
2612 3996 2712 4026 seo--

1468 4051 1586 4106 pulos
1610 4060 1722 4093 notat
1739 4068 1749 4103 ;
1768 4051 1979 4107 Smytliius
1998 4048 2100 4092 duas
2116 4049 2234 4091 habet
2253 4048 2404 4090 insulas
2420 4044 2608 4103 majores,
2621 4053 2701 4089 tre·
2723 4066 2734 4106 ι’
