<?xml version="1.0" encoding="UTF-8"?>
<!DOCTYPE html PUBLIC "-//W3C//DTD XHTML 1.0 Transitional//EN"
    "http://www.w3.org/TR/xhtml1/DTD/xhtml1-transitional.dtd">
<html xmlns="http://www.w3.org/1999/xhtml" xml:lang="en" lang="en">
 <head>
  <title>
</title>
<meta http-equiv="Content-Type" content="text/html;charset=utf-8" />
  <meta name='ocr-system' content='tesseract 3.04.00' />
  <meta name='ocr-capabilities' content='ocr_page ocr_carea ocr_par ocr_line ocrx_word'/>
</head>
<body>
  <div class='ocr_page' id='page_1' title='image "./geographigraeci00mueluoft_0068.png"; bbox 0 0 2756 4354; ppageno 0'>
   <div class='ocr_carea' id='block_1_1' title="bbox 71 0 1351 3816">
    <p class='ocr_par' dir='ltr' id='par_1_1' title="bbox 409 0 721 114">
     <span class='ocr_line' id='line_1_1' title="bbox 409 0 721 39; baseline 0 -7"><span class='ocrx_word' id='word_1_1' title='bbox 409 0 455 39; x_wconf 63' lang='lat' dir='ltr'>Q</span> <span class='ocrx_word' id='word_1_2' title='bbox 719 30 721 32; x_wconf 79' lang='grc'>,</span> 
     </span>
     <span class='ocr_line' id='line_1_2' title="bbox 623 69 668 114; baseline 0 0"><span class='ocrx_word' id='word_1_3' title='bbox 623 69 668 114; x_wconf 70' lang='lat'>0</span> 
     </span>
    </p>

    <p class='ocr_par' dir='ltr' id='par_1_2' title="bbox 99 195 1338 643">
     <span class='ocr_line' id='line_1_3' title="bbox 99 195 491 256; baseline -0.003 -28"><span class='ocrx_word' id='word_1_4' title='bbox 99 195 219 228; x_wconf 67' lang='lat' dir='ltr'>tvm</span> <span class='ocrx_word' id='word_1_5' title='bbox 444 214 491 256; x_wconf 64' lang='grc'><strong>.</strong></span> 
     </span>
     <span class='ocr_line' id='line_1_4' title="bbox 99 276 1336 347; baseline -0.008 -14"><span class='ocrx_word' id='word_1_6' title='bbox 99 294 343 347; x_wconf 85' lang='lat' dir='ltr'>postquam</span> <span class='ocrx_word' id='word_1_7' title='bbox 374 298 460 346; x_wconf 90' lang='lat' dir='ltr'>per</span> <span class='ocrx_word' id='word_1_8' title='bbox 476 282 576 329; x_wconf 88' lang='lat' dir='ltr'>dies</span> <span class='ocrx_word' id='word_1_9' title='bbox 605 282 781 342; x_wconf 76' lang='lat' dir='ltr'>aliquot</span> <span class='ocrx_word' id='word_1_10' title='bbox 804 294 921 325; x_wconf 82' lang='lat' dir='ltr'>uxor</span> <span class='ocrx_word' id='word_1_11' title='bbox 952 278 1109 323; x_wconf 81' lang='lat' dir='ltr'>fuisset</span> <span class='ocrx_word' id='word_1_12' title='bbox 1130 276 1336 338; x_wconf 81' lang='lat' dir='ltr'>privigni</span> 
     </span>
     <span class='ocr_line' id='line_1_5' title="bbox 99 351 1336 420; baseline -0.006 -13"><span class='ocrx_word' id='word_1_13' title='bbox 99 361 172 408; x_wconf 87' lang='lat' dir='ltr'>sui</span> <span class='ocrx_word' id='word_1_14' title='bbox 212 358 447 420; x_wconf 76' lang='grc' dir='ltr'>(προγόνου</span> <span class='ocrx_word' id='word_1_15' title='bbox 483 355 743 419; x_wconf 85' lang='lat' dir='ltr'>Porphyr.)</span> <span class='ocrx_word' id='word_1_16' title='bbox 774 352 1025 400; x_wconf 73' lang='lat' dir='ltr'>Alexandri</span> <span class='ocrx_word' id='word_1_17' title='bbox 1057 351 1117 396; x_wconf 83' lang='lat'>11.</span> <span class='ocrx_word' id='word_1_18' title='bbox 1142 351 1336 406; x_wconf 87' lang='lat' dir='ltr'>Quando</span> 
     </span>
     <span class='ocr_line' id='line_1_6' title="bbox 100 427 1338 496; baseline -0.007 -15"><span class='ocrx_word' id='word_1_19' title='bbox 100 445 231 490; x_wconf 83' lang='lat' dir='ltr'>nata,</span> <span class='ocrx_word' id='word_1_20' title='bbox 259 433 445 496; x_wconf 82' lang='lat' dir='ltr'>qnando</span> <span class='ocrx_word' id='word_1_21' title='bbox 473 430 736 479; x_wconf 82' lang='lat' dir='ltr'>Alexandro</span> <span class='ocrx_word' id='word_1_22' title='bbox 756 429 774 474; x_wconf 85' lang='lat'>1</span> <span class='ocrx_word' id='word_1_23' title='bbox 796 429 957 489; x_wconf 88' lang='lat' dir='ltr'>juncta</span> <span class='ocrx_word' id='word_1_24' title='bbox 976 427 1060 482; x_wconf 90' lang='lat' dir='ltr'>sit,</span> <span class='ocrx_word' id='word_1_25' title='bbox 1082 440 1219 472; x_wconf 89' lang='lat' dir='ltr'>nemo</span> <span class='ocrx_word' id='word_1_26' title='bbox 1241 436 1338 473; x_wconf 86' lang='lat' dir='ltr'>tra-</span> 
     </span>
     <span class='ocr_line' id='line_1_7' title="bbox 100 501 1337 568; baseline -0.007 -10"><span class='ocrx_word' id='word_1_27' title='bbox 100 511 169 558; x_wconf 90' lang='lat' dir='ltr'>dit</span> <span class='ocrx_word' id='word_1_28' title='bbox 199 526 284 557; x_wconf 86' lang='lat' dir='ltr'>nec</span> <span class='ocrx_word' id='word_1_29' title='bbox 315 510 484 557; x_wconf 89' lang='lat' dir='ltr'>certius</span> <span class='ocrx_word' id='word_1_30' title='bbox 506 507 614 555; x_wconf 90' lang='lat' dir='ltr'>sciri</span> <span class='ocrx_word' id='word_1_31' title='bbox 649 514 811 568; x_wconf 89' lang='lat' dir='ltr'>potest.</span> <span class='ocrx_word' id='word_1_32' title='bbox 843 503 891 548; x_wconf 89' lang='lat' dir='ltr'>Si</span> <span class='ocrx_word' id='word_1_33' title='bbox 923 501 1091 548; x_wconf 89' lang='lat' dir='ltr'>editam</span> <span class='ocrx_word' id='word_1_34' title='bbox 1110 517 1337 564; x_wconf 88' lang='lat' dir='ltr'>ponamus</span> 
     </span>
     <span class='ocr_line' id='line_1_8' title="bbox 102 577 1336 643; baseline -0.008 -10"><span class='ocrx_word' id='word_1_35' title='bbox 102 603 176 635; x_wconf 91' lang='lat' dir='ltr'>an.</span> <span class='ocrx_word' id='word_1_36' title='bbox 204 604 222 633; x_wconf 87' lang='grc' dir='ltr'>ι</span> <span class='ocrx_word' id='word_1_37' title='bbox 236 604 253 633; x_wconf 84' lang='grc' dir='ltr'>ι</span> <span class='ocrx_word' id='word_1_38' title='bbox 267 604 284 633; x_wconf 84' lang='lat'>1</span> <span class='ocrx_word' id='word_1_39' title='bbox 296 622 309 643; x_wconf 94' lang='lat'>,</span> <span class='ocrx_word' id='word_1_40' title='bbox 325 584 586 633; x_wconf 84' lang='lat' dir='ltr'>Alexandro</span> <span class='ocrx_word' id='word_1_41' title='bbox 603 580 776 627; x_wconf 81' lang='lat' dir='ltr'>nubere</span> <span class='ocrx_word' id='word_1_42' title='bbox 794 579 945 640; x_wconf 86' lang='lat' dir='ltr'>potuit</span> <span class='ocrx_word' id='word_1_43' title='bbox 958 578 1068 625; x_wconf 86' lang='lat' dir='ltr'>inde</span> <span class='ocrx_word' id='word_1_44' title='bbox 1088 577 1147 624; x_wconf 90' lang='lat' dir='ltr'>ab</span> <span class='ocrx_word' id='word_1_45' title='bbox 1161 593 1239 624; x_wconf 85' lang='lat' dir='ltr'>an.</span> <span class='ocrx_word' id='word_1_46' title='bbox 1255 594 1336 639; x_wconf 87' lang='lat'>97.</span> 
     </span>
    </p>

    <p class='ocr_par' dir='ltr' id='par_1_3' title="bbox 101 653 1347 1691">
     <span class='ocr_line' id='line_1_9' title="bbox 166 653 1342 719; baseline -0.005 -11"><span class='ocrx_word' id='word_1_47' title='bbox 166 664 242 716; x_wconf 71' lang='grc'>84.</span> <span class='ocrx_word' id='word_1_48' title='bbox 261 663 453 708; x_wconf 82' lang='lat' dir='ltr'>Semotis</span> <span class='ocrx_word' id='word_1_49' title='bbox 476 655 833 719; x_wconf 79' lang='lat' dir='ltr'>impedimentis,</span> <span class='ocrx_word' id='word_1_50' title='bbox 861 653 1033 717; x_wconf 88' lang='lat' dir='ltr'>quibus</span> <span class='ocrx_word' id='word_1_51' title='bbox 1065 653 1342 702; x_wconf 76' lang='lat' dir='ltr'>recentiores</span> 
     </span>
     <span class='ocr_line' id='line_1_10' title="bbox 102 729 1339 795; baseline -0.005 -11"><span class='ocrx_word' id='word_1_52' title='bbox 102 737 372 795; x_wconf 74' lang='lat' dir='ltr'><strong>chronologi</strong></span> <span class='ocrx_word' id='word_1_53' title='bbox 402 736 523 781; x_wconf 86' lang='lat' dir='ltr'>viam</span> <span class='ocrx_word' id='word_1_54' title='bbox 559 729 878 792; x_wconf 76' lang='lat' dir='ltr'>obstruebant,</span> <span class='ocrx_word' id='word_1_55' title='bbox 905 730 963 776; x_wconf 80' lang='lat' dir='ltr'>ad</span> <span class='ocrx_word' id='word_1_56' title='bbox 988 739 1220 777; x_wconf 83' lang='lat' dir='ltr'>auctorem</span> <span class='ocrx_word' id='word_1_57' title='bbox 1258 746 1339 778; x_wconf 88' lang='lat' dir='ltr'>no·</span> 
     </span>
     <span class='ocr_line' id='line_1_11' title="bbox 102 807 1341 869; baseline -0.006 -10"><span class='ocrx_word' id='word_1_58' title='bbox 102 825 243 859; x_wconf 87' lang='lat' dir='ltr'>strum</span> <span class='ocrx_word' id='word_1_59' title='bbox 264 821 485 857; x_wconf 86' lang='lat' dir='ltr'>revertor.</span> <span class='ocrx_word' id='word_1_60' title='bbox 507 807 783 854; x_wconf 80' lang='lat' dir='ltr'>Ptolemaeus</span> <span class='ocrx_word' id='word_1_61' title='bbox 799 807 947 867; x_wconf 83' lang='lat' dir='ltr'>igitur</span> <span class='ocrx_word' id='word_1_62' title='bbox 962 822 1106 868; x_wconf 88' lang='lat' dir='ltr'>quum</span> <span class='ocrx_word' id='word_1_63' title='bbox 1127 817 1231 869; x_wconf 87' lang='lat' dir='ltr'>post</span> <span class='ocrx_word' id='word_1_64' title='bbox 1249 822 1341 868; x_wconf 89' lang='lat' dir='ltr'>pa-</span> 
     </span>
     <span class='ocr_line' id='line_1_12' title="bbox 103 882 1343 944; baseline -0.005 -9"><span class='ocrx_word' id='word_1_65' title='bbox 103 891 186 935; x_wconf 88' lang='lat' dir='ltr'>tris</span> <span class='ocrx_word' id='word_1_66' title='bbox 233 886 408 932; x_wconf 89' lang='lat' dir='ltr'>obitum</span> <span class='ocrx_word' id='word_1_67' title='bbox 454 882 819 944; x_wconf 89' lang='lat' dir='ltr'>quattuordecim</span> <span class='ocrx_word' id='word_1_68' title='bbox 877 883 971 930; x_wconf 82' lang='lat' dir='ltr'>fere</span> <span class='ocrx_word' id='word_1_69' title='bbox 1014 898 1161 929; x_wconf 89' lang='lat' dir='ltr'>annos</span> <span class='ocrx_word' id='word_1_70' title='bbox 1209 892 1343 930; x_wconf 89' lang='lat' dir='ltr'>natus</span> 
     </span>
     <span class='ocr_line' id='line_1_13' title="bbox 104 958 1344 1023; baseline -0.006 -12"><span class='ocrx_word' id='word_1_71' title='bbox 104 974 239 1020; x_wconf 85' lang='lat' dir='ltr'>esset,</span> <span class='ocrx_word' id='word_1_72' title='bbox 265 963 484 1023; x_wconf 64' lang='lat' dir='ltr'>:magistro</span> <span class='ocrx_word' id='word_1_73' title='bbox 507 960 656 1006; x_wconf 88' lang='lat' dir='ltr'>adhuc</span> <span class='ocrx_word' id='word_1_74' title='bbox 690 974 823 1006; x_wconf 90' lang='lat' dir='ltr'>usum</span> <span class='ocrx_word' id='word_1_75' title='bbox 849 958 989 1006; x_wconf 77' lang='lat' dir='ltr'>fuisse</span> <span class='ocrx_word' id='word_1_76' title='bbox 1021 968 1185 1021; x_wconf 90' lang='lat' dir='ltr'>sponte</span> <span class='ocrx_word' id='word_1_77' title='bbox 1214 958 1344 1005; x_wconf 88' lang='lat' dir='ltr'>intel·</span> 
     </span>
     <span class='ocr_line' id='line_1_14' title="bbox 102 1035 1345 1099; baseline -0.004 -14"><span class='ocrx_word' id='word_1_78' title='bbox 102 1041 273 1099; x_wconf 86' lang='lat' dir='ltr'>ligitur.</span> <span class='ocrx_word' id='word_1_79' title='bbox 291 1039 510 1084; x_wconf 78' lang='lat' dir='ltr'>Tutorem</span> <span class='ocrx_word' id='word_1_80' title='bbox 543 1052 654 1082; x_wconf 83' lang='lat' dir='ltr'>vero</span> <span class='ocrx_word' id='word_1_81' title='bbox 689 1036 812 1096; x_wconf 89' lang='lat' dir='ltr'>regis</span> <span class='ocrx_word' id='word_1_82' title='bbox 836 1051 930 1081; x_wconf 91' lang='lat' dir='ltr'>non</span> <span class='ocrx_word' id='word_1_83' title='bbox 953 1035 1228 1081; x_wconf 84' lang='lat' dir='ltr'>Ptolemaeus</span> <span class='ocrx_word' id='word_1_84' title='bbox 1259 1035 1345 1081; x_wconf 91' lang='lat' dir='ltr'>iste</span> 
     </span>
     <span class='ocr_line' id='line_1_15' title="bbox 102 1110 1341 1174; baseline -0.005 -13"><span class='ocrx_word' id='word_1_85' title='bbox 102 1114 405 1169; x_wconf 90' lang='lat' dir='ltr'>constituerit,</span> <span class='ocrx_word' id='word_1_86' title='bbox 428 1114 508 1174; x_wconf 90' lang='lat' dir='ltr'>qui</span> <span class='ocrx_word' id='word_1_87' title='bbox 529 1112 690 1158; x_wconf 86' lang='lat' dir='ltr'>uxoris</span> <span class='ocrx_word' id='word_1_88' title='bbox 706 1110 902 1158; x_wconf 89' lang='lat' dir='ltr'>arbitrio</span> <span class='ocrx_word' id='word_1_89' title='bbox 925 1125 1118 1170; x_wconf 86' lang='lat' dir='ltr'>regnum</span> <span class='ocrx_word' id='word_1_90' title='bbox 1132 1110 1341 1171; x_wconf 88' lang='lat' dir='ltr'>reliquit,</span> 
     </span>
     <span class='ocr_line' id='line_1_16' title="bbox 102 1178 1342 1251; baseline -0.003 -16"><span class='ocrx_word' id='word_1_91' title='bbox 102 1190 179 1236; x_wconf 90' lang='lat' dir='ltr'>sed</span> <span class='ocrx_word' id='word_1_92' title='bbox 197 1191 407 1235; x_wconf 89' lang='lat' dir='ltr'>voluntas</span> <span class='ocrx_word' id='word_1_93' title='bbox 427 1178 608 1251; x_wconf 88' lang='lat' dir='ltr'>populi,</span> <span class='ocrx_word' id='word_1_94' title='bbox 628 1187 708 1248; x_wconf 91' lang='lat' dir='ltr'>qui</span> <span class='ocrx_word' id='word_1_95' title='bbox 726 1202 867 1248; x_wconf 88' lang='lat' dir='ltr'>quum</span> <span class='ocrx_word' id='word_1_96' title='bbox 891 1196 1081 1232; x_wconf 89' lang='lat' dir='ltr'>matrem</span> <span class='ocrx_word' id='word_1_97' title='bbox 1103 1187 1342 1246; x_wconf 86' lang='lat' dir='ltr'>coegisset,</span> 
     </span>
     <span class='ocr_line' id='line_1_17' title="bbox 104 1264 1344 1324; baseline -0.005 -11"><span class='ocrx_word' id='word_1_98' title='bbox 104 1276 152 1313; x_wconf 90' lang='lat' dir='ltr'>ut</span> <span class='ocrx_word' id='word_1_99' title='bbox 175 1266 378 1313; x_wconf 84' lang='lat' dir='ltr'>invisum</span> <span class='ocrx_word' id='word_1_100' title='bbox 405 1264 497 1311; x_wconf 88' lang='lat' dir='ltr'>sibi</span> <span class='ocrx_word' id='word_1_101' title='bbox 524 1265 669 1309; x_wconf 84' lang='lat' dir='ltr'>filium</span> <span class='ocrx_word' id='word_1_102' title='bbox 702 1278 855 1322; x_wconf 86' lang='lat' dir='ltr'>regem</span> <span class='ocrx_word' id='word_1_103' title='bbox 882 1272 1075 1319; x_wconf 89' lang='lat' dir='ltr'>crearet,</span> <span class='ocrx_word' id='word_1_104' title='bbox 1101 1278 1344 1324; x_wconf 80' lang='lat' dir='ltr'>personam</span> 
     </span>
     <span class='ocr_line' id='line_1_18' title="bbox 101 1340 1346 1404; baseline -0.003 -15"><span class='ocrx_word' id='word_1_105' title='bbox 101 1342 203 1404; x_wconf 89' lang='lat' dir='ltr'>ejus</span> <span class='ocrx_word' id='word_1_106' title='bbox 225 1342 335 1388; x_wconf 91' lang='lat' dir='ltr'>odio</span> <span class='ocrx_word' id='word_1_107' title='bbox 373 1353 417 1387; x_wconf 92' lang='lat' dir='ltr'>et</span> <span class='ocrx_word' id='word_1_108' title='bbox 452 1343 534 1387; x_wconf 87' lang='lat' dir='ltr'>irae</span> <span class='ocrx_word' id='word_1_109' title='bbox 556 1341 807 1402; x_wconf 84' lang='lat' dir='ltr'>Cleopatrae</span> <span class='ocrx_word' id='word_1_110' title='bbox 843 1340 1129 1386; x_wconf 79' lang='lat' dir='ltr'>committere</span> <span class='ocrx_word' id='word_1_111' title='bbox 1149 1355 1239 1385; x_wconf 91' lang='lat' dir='ltr'>non</span> <span class='ocrx_word' id='word_1_112' title='bbox 1263 1356 1346 1399; x_wconf 90' lang='lat' dir='ltr'>po·</span> 
     </span>
     <span class='ocr_line' id='line_1_19' title="bbox 103 1413 1345 1479; baseline -0.002 -16"><span class='ocrx_word' id='word_1_113' title='bbox 103 1418 217 1475; x_wconf 87' lang='lat' dir='ltr'>tuit;</span> <span class='ocrx_word' id='word_1_114' title='bbox 237 1418 285 1463; x_wconf 91' lang='lat' dir='ltr'>in</span> <span class='ocrx_word' id='word_1_115' title='bbox 305 1426 525 1479; x_wconf 89' lang='lat' dir='ltr'>promptu</span> <span class='ocrx_word' id='word_1_116' title='bbox 536 1431 645 1461; x_wconf 77' lang='lat' dir='ltr'>vero</span> <span class='ocrx_word' id='word_1_117' title='bbox 660 1424 759 1460; x_wconf 89' lang='lat' dir='ltr'>erat</span> <span class='ocrx_word' id='word_1_118' title='bbox 773 1414 990 1460; x_wconf 79' lang='lat' dir='ltr'>maternis</span> <span class='ocrx_word' id='word_1_119' title='bbox 1001 1413 1345 1460; x_wconf 81' lang='lat' dir='ltr'>insidiisvirum</span> 
     </span>
     <span class='ocr_line' id='line_1_20' title="bbox 104 1489 1347 1555; baseline -0.003 -16"><span class='ocrx_word' id='word_1_120' title='bbox 104 1507 341 1555; x_wconf 86' lang='lat' dir='ltr'>opponere</span> <span class='ocrx_word' id='word_1_121' title='bbox 355 1491 573 1554; x_wconf 88' lang='lat' dir='ltr'>probum,</span> <span class='ocrx_word' id='word_1_122' title='bbox 586 1490 734 1549; x_wconf 83' lang='lat' dir='ltr'>longae</span> <span class='ocrx_word' id='word_1_123' title='bbox 749 1490 857 1535; x_wconf 83' lang='lat' dir='ltr'>vitae</span> <span class='ocrx_word' id='word_1_124' title='bbox 872 1489 1158 1550; x_wconf 75' lang='lat' dir='ltr'>experientia</span> <span class='ocrx_word' id='word_1_125' title='bbox 1174 1505 1347 1535; x_wconf 89' lang='lat' dir='ltr'>rerum·</span> 
     </span>
     <span class='ocr_line' id='line_1_21' title="bbox 104 1566 1346 1631; baseline -0.002 -16"><span class='ocrx_word' id='word_1_126' title='bbox 104 1584 196 1631; x_wconf 87' lang='lat' dir='ltr'>que</span> <span class='ocrx_word' id='word_1_127' title='bbox 213 1569 420 1615; x_wconf 84' lang='lat' dir='ltr'>civilium</span> <span class='ocrx_word' id='word_1_128' title='bbox 445 1584 532 1615; x_wconf 88' lang='lat' dir='ltr'>usu</span> <span class='ocrx_word' id='word_1_129' title='bbox 555 1568 808 1627; x_wconf 79' lang='lat' dir='ltr'>valentem,</span> <span class='ocrx_word' id='word_1_130' title='bbox 831 1567 956 1627; x_wconf 88' lang='lat' dir='ltr'>regis</span> <span class='ocrx_word' id='word_1_131' title='bbox 984 1581 1192 1628; x_wconf 83' lang='lat' dir='ltr'>personae</span> <span class='ocrx_word' id='word_1_132' title='bbox 1217 1566 1346 1612; x_wconf 89' lang='lat' dir='ltr'>addi·</span> 
     </span>
     <span class='ocr_line' id='line_1_22' title="bbox 105 1645 378 1691; baseline 0 0"><span class='ocrx_word' id='word_1_133' title='bbox 105 1645 378 1691; x_wconf 87' lang='lat' dir='ltr'>ctissimum.</span> 
     </span>
    </p>

    <p class='ocr_par' dir='ltr' id='par_1_4' title="bbox 104 1718 1351 3518">
     <span class='ocr_line' id='line_1_23' title="bbox 169 1718 1345 1780; baseline -0.001 -16"><span class='ocrx_word' id='word_1_134' title='bbox 169 1719 244 1766; x_wconf 83' lang='lat'>85.</span> <span class='ocrx_word' id='word_1_135' title='bbox 267 1720 370 1765; x_wconf 87' lang='lat' dir='ltr'>Alia</span> <span class='ocrx_word' id='word_1_136' title='bbox 398 1719 604 1780; x_wconf 85' lang='lat' dir='ltr'>quaedam</span> <span class='ocrx_word' id='word_1_137' title='bbox 629 1718 904 1780; x_wconf 81' lang='lat' dir='ltr'>subjungam</span> <span class='ocrx_word' id='word_1_138' title='bbox 942 1734 1045 1779; x_wconf 82' lang='lat' dir='ltr'>quae</span> <span class='ocrx_word' id='word_1_139' title='bbox 1079 1718 1136 1764; x_wconf 89' lang='lat' dir='ltr'>ad</span> <span class='ocrx_word' id='word_1_140' title='bbox 1172 1728 1345 1764; x_wconf 86' lang='lat' dir='ltr'>aetatcm</span> 
     </span>
     <span class='ocr_line' id='line_1_24' title="bbox 105 1793 1346 1856; baseline -0.002 -15"><span class='ocrx_word' id='word_1_141' title='bbox 105 1794 347 1856; x_wconf 88' lang='lat' dir='ltr'>scriptoris</span> <span class='ocrx_word' id='word_1_142' title='bbox 382 1795 526 1839; x_wconf 85' lang='lat' dir='ltr'>nostri</span> <span class='ocrx_word' id='word_1_143' title='bbox 549 1793 854 1840; x_wconf 81' lang='lat' dir='ltr'>deliniendam</span> <span class='ocrx_word' id='word_1_144' title='bbox 890 1793 1178 1854; x_wconf 87' lang='lat' dir='ltr'>aliquatenus</span> <span class='ocrx_word' id='word_1_145' title='bbox 1203 1794 1346 1855; x_wconf 88' lang='lat' dir='ltr'>perti·</span> 
     </span>
     <span class='ocr_line' id='line_1_25' title="bbox 106 1867 1346 1931; baseline 0 -16"><span class='ocrx_word' id='word_1_146' title='bbox 106 1878 232 1915; x_wconf 90' lang='lat' dir='ltr'>nent.</span> <span class='ocrx_word' id='word_1_147' title='bbox 259 1894 319 1904; x_wconf 94' lang='lat'>-—</span> <span class='ocrx_word' id='word_1_148' title='bbox 340 1868 406 1914; x_wconf 80' lang='lat' dir='ltr'>Eo</span> <span class='ocrx_word' id='word_1_149' title='bbox 429 1869 532 1930; x_wconf 89' lang='lat' dir='ltr'>ipso</span> <span class='ocrx_word' id='word_1_150' title='bbox 548 1879 754 1931; x_wconf 89' lang='lat' dir='ltr'>tempore</span> <span class='ocrx_word' id='word_1_151' title='bbox 773 1885 866 1930; x_wconf 91' lang='lat' dir='ltr'>quo</span> <span class='ocrx_word' id='word_1_152' title='bbox 889 1884 971 1915; x_wconf 90' lang='lat' dir='ltr'>sua</span> <span class='ocrx_word' id='word_1_153' title='bbox 988 1867 1346 1928; x_wconf 79' lang='lat' dir='ltr'>Agatharchides</span> 
     </span>
     <span class='ocr_line' id='line_1_26' title="bbox 104 1944 1348 2007; baseline -0.001 -15"><span class='ocrx_word' id='word_1_154' title='bbox 104 1944 440 2002; x_wconf 79' lang='lat' dir='ltr'>conscriberet,</span> <span class='ocrx_word' id='word_1_155' title='bbox 473 1961 594 1992; x_wconf 86' lang='lat' dir='ltr'>nova</span> <span class='ocrx_word' id='word_1_156' title='bbox 627 1946 833 2007; x_wconf 85' lang='lat' dir='ltr'>quaedam</span> <span class='ocrx_word' id='word_1_157' title='bbox 869 1946 926 1991; x_wconf 89' lang='lat' dir='ltr'>dc</span> <span class='ocrx_word' id='word_1_158' title='bbox 958 1946 1123 1992; x_wconf 89' lang='lat' dir='ltr'>insulis</span> <span class='ocrx_word' id='word_1_159' title='bbox 1159 1946 1348 2007; x_wconf 89' lang='lat' dir='ltr'>orisque</span> 
     </span>
     <span class='ocr_line' id='line_1_27' title="bbox 105 2021 1345 2083; baseline 0 -16"><span class='ocrx_word' id='word_1_160' title='bbox 105 2022 265 2068; x_wconf 91' lang='lat' dir='ltr'>oceani</span> <span class='ocrx_word' id='word_1_161' title='bbox 298 2021 614 2069; x_wconf 88' lang='lat' dir='ltr'>meridionalis</span> <span class='ocrx_word' id='word_1_162' title='bbox 655 2023 703 2068; x_wconf 93' lang='lat' dir='ltr'>in</span> <span class='ocrx_word' id='word_1_163' title='bbox 745 2023 950 2069; x_wconf 78' lang='lat' dir='ltr'>notitiam</span> <span class='ocrx_word' id='word_1_164' title='bbox 985 2032 1206 2068; x_wconf 77' lang='lat' dir='ltr'>venerant</span> <span class='ocrx_word' id='word_1_165' title='bbox 1245 2026 1258 2083; x_wconf 96' lang='lat'>(</span> <span class='ocrx_word' id='word_1_166' title='bbox 1281 2022 1345 2068; x_wconf 89' lang='lat' dir='ltr'>uti</span> 
     </span>
     <span class='ocr_line' id='line_1_28' title="bbox 106 2099 1348 2161; baseline 0 -17"><span class='ocrx_word' id='word_1_167' title='bbox 106 2108 230 2160; x_wconf 89' lang='lat' dir='ltr'>patet</span> <span class='ocrx_word' id='word_1_168' title='bbox 269 2114 326 2144; x_wconf 79' lang='lat' dir='ltr'>ex</span> <span class='ocrx_word' id='word_1_169' title='bbox 348 2100 375 2159; x_wconf 78' lang='grc'>5</span> <span class='ocrx_word' id='word_1_170' title='bbox 415 2116 429 2144; x_wconf 87' lang='lat'>1</span> <span class='ocrx_word' id='word_1_171' title='bbox 446 2100 551 2160; x_wconf 90' lang='grc' dir='ltr'>ιο).</span> <span class='ocrx_word' id='word_1_172' title='bbox 575 2099 677 2145; x_wconf 83' lang='lat' dir='ltr'>Jam</span> <span class='ocrx_word' id='word_1_173' title='bbox 701 2115 814 2145; x_wconf 84' lang='lat' dir='ltr'>vero</span> <span class='ocrx_word' id='word_1_174' title='bbox 861 2099 1060 2145; x_wconf 75' lang='lat' dir='ltr'>vidimus</span> <span class='ocrx_word' id='word_1_175' title='bbox 1083 2100 1139 2145; x_wconf 89' lang='lat' dir='ltr'>ad</span> <span class='ocrx_word' id='word_1_176' title='bbox 1162 2099 1348 2161; x_wconf 88' lang='lat' dir='ltr'>Cleopa·</span> 
     </span>
     <span class='ocr_line' id='line_1_29' title="bbox 108 2173 1348 2234; baseline 0 -15"><span class='ocrx_word' id='word_1_177' title='bbox 108 2182 190 2219; x_wconf 79' lang='lat' dir='ltr'>trae</span> <span class='ocrx_word' id='word_1_178' title='bbox 208 2184 252 2219; x_wconf 83' lang='lat' dir='ltr'>et</span> <span class='ocrx_word' id='word_1_179' title='bbox 274 2173 510 2221; x_wconf 81' lang='lat' dir='ltr'>Ptolemaei</span> <span class='ocrx_word' id='word_1_180' title='bbox 538 2174 643 2220; x_wconf 77' lang='lat' dir='ltr'>vll!</span> <span class='ocrx_word' id='word_1_181' title='bbox 668 2175 840 2220; x_wconf 89' lang='lat' dir='ltr'>Soteris</span> <span class='ocrx_word' id='word_1_182' title='bbox 862 2174 964 2220; x_wconf 88' lang='lat' dir='ltr'>sive</span> <span class='ocrx_word' id='word_1_183' title='bbox 992 2173 1181 2220; x_wconf 89' lang='lat' dir='ltr'>Lathuri</span> <span class='ocrx_word' id='word_1_184' title='bbox 1209 2190 1348 2234; x_wconf 86' lang='lat' dir='ltr'>regna</span> 
     </span>
     <span class='ocr_line' id='line_1_30' title="bbox 104 2247 1345 2308; baseline 0.005 -15"><span class='ocrx_word' id='word_1_185' title='bbox 104 2263 133 2293; x_wconf 87' lang='lat' dir='ltr'>a</span> <span class='ocrx_word' id='word_1_186' title='bbox 156 2247 409 2295; x_wconf 85' lang='lat' dir='ltr'>Posidonio</span> <span class='ocrx_word' id='word_1_187' title='bbox 432 2250 592 2295; x_wconf 78' lang='lat' dir='ltr'>referri</span> <span class='ocrx_word' id='word_1_188' title='bbox 615 2250 954 2308; x_wconf 81' lang='lat' dir='ltr'>navigationem</span> <span class='ocrx_word' id='word_1_189' title='bbox 978 2249 1157 2295; x_wconf 85' lang='lat' dir='ltr'>Eudoxi</span> <span class='ocrx_word' id='word_1_190' title='bbox 1175 2249 1345 2299; x_wconf 84' lang='lat' dir='ltr'>Cnidii.</span> 
     </span>
     <span class='ocr_line' id='line_1_31' title="bbox 106 2322 1347 2385; baseline 0.003 -18"><span class='ocrx_word' id='word_1_191' title='bbox 106 2322 332 2369; x_wconf 84' lang='lat' dir='ltr'>Praeterea</span> <span class='ocrx_word' id='word_1_192' title='bbox 370 2325 677 2383; x_wconf 81' lang='lat' dir='ltr'>cognitionem</span> <span class='ocrx_word' id='word_1_193' title='bbox 731 2323 1084 2385; x_wconf 79' lang='lat' dir='ltr'>geograpliicam</span> <span class='ocrx_word' id='word_1_194' title='bbox 1132 2326 1347 2371; x_wconf 89' lang='lat' dir='ltr'>australis</span> 
     </span>
     <span class='ocr_line' id='line_1_32' title="bbox 107 2398 1348 2446; baseline 0.002 -2"><span class='ocrx_word' id='word_1_195' title='bbox 107 2409 240 2444; x_wconf 86' lang='lat' dir='ltr'>terrae</span> <span class='ocrx_word' id='word_1_196' title='bbox 261 2398 348 2445; x_wconf 90' lang='lat' dir='ltr'>sub</span> <span class='ocrx_word' id='word_1_197' title='bbox 367 2399 618 2445; x_wconf 76' lang='lat' dir='ltr'>Ptolemaeo</span> <span class='ocrx_word' id='word_1_198' title='bbox 638 2400 841 2446; x_wconf 87' lang='lat' dir='ltr'>Lathuro</span> <span class='ocrx_word' id='word_1_199' title='bbox 861 2409 1038 2445; x_wconf 84' lang='lat' dir='ltr'>auctam</span> <span class='ocrx_word' id='word_1_200' title='bbox 1056 2414 1155 2446; x_wconf 91' lang='lat' dir='ltr'>esse</span> <span class='ocrx_word' id='word_1_201' title='bbox 1177 2399 1348 2446; x_wconf 88' lang='lat' dir='ltr'>indicat</span> 
     </span>
     <span class='ocr_line' id='line_1_33' title="bbox 105 2473 1341 2535; baseline 0.002 -17"><span class='ocrx_word' id='word_1_202' title='bbox 105 2474 287 2519; x_wconf 84' lang='lat' dir='ltr'>Plinius</span> <span class='ocrx_word' id='word_1_203' title='bbox 308 2473 386 2530; x_wconf 76' lang='lat' dir='ltr'>vl,</span> <span class='ocrx_word' id='word_1_204' title='bbox 410 2475 465 2519; x_wconf 86' lang='lat'>35</span> <span class='ocrx_word' id='word_1_205' title='bbox 485 2477 510 2534; x_wconf 83' lang='lat'>§</span> <span class='ocrx_word' id='word_1_206' title='bbox 534 2476 638 2531; x_wconf 85' lang='lat'>188,</span> <span class='ocrx_word' id='word_1_207' title='bbox 658 2474 740 2520; x_wconf 87' lang='lat' dir='ltr'>ubi</span> <span class='ocrx_word' id='word_1_208' title='bbox 763 2475 820 2520; x_wconf 93' lang='lat' dir='ltr'>de</span> <span class='ocrx_word' id='word_1_209' title='bbox 835 2474 1082 2535; x_wconf 86' lang='lat' dir='ltr'>AEthiopiae</span> <span class='ocrx_word' id='word_1_210' title='bbox 1097 2475 1311 2535; x_wconf 87' lang='lat' dir='ltr'>gentibus</span> <span class='ocrx_word' id='word_1_211' title='bbox 1331 2493 1341 2520; x_wconf 80' lang='lat' dir='ltr'>z</span> 
     </span>
     <span class='ocr_line' id='line_1_34' title="bbox 107 2551 1347 2609; baseline 0.001 -16"><span class='ocrx_word' id='word_1_212' title='bbox 107 2551 379 2607; x_wconf 79' lang='lat' dir='ltr'>Quibusdam</span> <span class='ocrx_word' id='word_1_213' title='bbox 394 2566 484 2608; x_wconf 81' lang='lat' dir='ltr'>pro</span> <span class='ocrx_word' id='word_1_214' title='bbox 515 2566 715 2594; x_wconf 82' lang='lat' dir='ltr'>sermone</span> <span class='ocrx_word' id='word_1_215' title='bbox 735 2560 864 2594; x_wconf 81' lang='lat' dir='ltr'>nutus</span> <span class='ocrx_word' id='word_1_216' title='bbox 887 2560 1109 2609; x_wconf 79' lang='lat' dir='ltr'>motusque</span> <span class='ocrx_word' id='word_1_217' title='bbox 1131 2553 1347 2595; x_wconf 82' lang='lat' dir='ltr'>membro-</span> 
     </span>
     <span class='ocr_line' id='line_1_35' title="bbox 106 2624 1346 2685; baseline 0.001 -16"><span class='ocrx_word' id='word_1_218' title='bbox 106 2641 204 2669; x_wconf 85' lang='lat' dir='ltr'>rum</span> <span class='ocrx_word' id='word_1_219' title='bbox 215 2635 281 2669; x_wconf 72' lang='grc' dir='ltr'>εει</span> <span class='ocrx_word' id='word_1_220' title='bbox 303 2624 389 2685; x_wconf 84' lang='lat' dir='ltr'>(Cf.</span> <span class='ocrx_word' id='word_1_221' title='bbox 412 2625 571 2683; x_wconf 83' lang='lat' dir='ltr'>Agath.</span> <span class='ocrx_word' id='word_1_222' title='bbox 596 2626 621 2684; x_wconf 77' lang='lat' dir='ltr'>S</span> <span class='ocrx_word' id='word_1_223' title='bbox 645 2631 696 2677; x_wconf 72' lang='grc' dir='ltr'>[μ</span> <span class='ocrx_word' id='word_1_224' title='bbox 722 2626 757 2685; x_wconf 89' lang='grc'>).</span> <span class='ocrx_word' id='word_1_225' title='bbox 779 2627 1053 2682; x_wconf 82' lang='lat' dir='ltr'>Quibusdam</span> <span class='ocrx_word' id='word_1_226' title='bbox 1075 2637 1181 2670; x_wconf 77' lang='lat' dir='ltr'>ante</span> <span class='ocrx_word' id='word_1_227' title='bbox 1199 2630 1346 2671; x_wconf 76' lang='lat' dir='ltr'>Ptole·</span> 
     </span>
     <span class='ocr_line' id='line_1_36' title="bbox 107 2700 1350 2761; baseline -0.002 -16"><span class='ocrx_word' id='word_1_228' title='bbox 107 2716 270 2745; x_wconf 75' lang='lat' dir='ltr'>mamm</span> <span class='ocrx_word' id='word_1_229' title='bbox 297 2701 538 2757; x_wconf 75' lang='lat' dir='ltr'>Lathyrum</span> <span class='ocrx_word' id='word_1_230' title='bbox 568 2705 753 2761; x_wconf 80' lang='lat' dir='ltr'>AEgrpti</span> <span class='ocrx_word' id='word_1_231' title='bbox 774 2717 922 2760; x_wconf 76' lang='lat' dir='ltr'>regem</span> <span class='ocrx_word' id='word_1_232' title='bbox 947 2700 1231 2761; x_wconf 68' lang='lat' dir='ltr'>Ignotusfitic</span> <span class='ocrx_word' id='word_1_233' title='bbox 1250 2717 1350 2745; x_wconf 79' lang='lat' dir='ltr'>usus</span> 
     </span>
     <span class='ocr_line' id='line_1_37' title="bbox 106 2774 1351 2835; baseline 0.002 -16"><span class='ocrx_word' id='word_1_234' title='bbox 106 2779 292 2835; x_wconf 64' lang='lat' dir='ltr'>Ignium.</span> <span class='ocrx_word' id='word_1_235' title='bbox 327 2774 474 2821; x_wconf 89' lang='lat' dir='ltr'>Porro</span> <span class='ocrx_word' id='word_1_236' title='bbox 504 2774 910 2835; x_wconf 78' lang='lat' dir='ltr'>Agatharchidess</span> <span class='ocrx_word' id='word_1_237' title='bbox 939 2792 1022 2820; x_wconf 79' lang='lat'>102</span> <span class='ocrx_word' id='word_1_238' title='bbox 1050 2775 1108 2822; x_wconf 89' lang='lat' dir='ltr'>de</span> <span class='ocrx_word' id='word_1_239' title='bbox 1124 2774 1351 2822; x_wconf 89' lang='lat' dir='ltr'>Arabibus</span> 
     </span>
     <span class='ocr_line' id='line_1_38' title="bbox 108 2841 1348 2912; baseline -0.001 -16"><span class='ocrx_word' id='word_1_240' title='bbox 108 2849 223 2896; x_wconf 88' lang='lat' dir='ltr'>dicit</span> <span class='ocrx_word' id='word_1_241' title='bbox 245 2866 257 2895; x_wconf 90' lang='lat'>·.</span> <span class='ocrx_word' id='word_1_242' title='bbox 290 2841 419 2896; x_wconf 70' lang='grc' dir='ltr'>Οὗτοι</span> <span class='ocrx_word' id='word_1_243' title='bbox 469 2848 729 2911; x_wconf 76' lang='grc' dir='ltr'>πολύχρυσον</span> <span class='ocrx_word' id='word_1_244' title='bbox 768 2850 842 2905; x_wconf 68' lang='grc' dir='ltr'>τὴν</span> <span class='ocrx_word' id='word_1_245' title='bbox 885 2850 1150 2910; x_wconf 78' lang='grc' dir='ltr'>Πτολεμαίου</span> <span class='ocrx_word' id='word_1_246' title='bbox 1192 2850 1348 2912; x_wconf 80' lang='grc' dir='ltr'>Συρίαν</span> 
     </span>
     <span class='ocr_line' id='line_1_39' title="bbox 107 2923 1351 2986; baseline -0.001 -14"><span class='ocrx_word' id='word_1_247' title='bbox 107 2923 379 2980; x_wconf 68' lang='grc' dir='ltr'>πεποιήκασι.</span> <span class='ocrx_word' id='word_1_248' title='bbox 405 2923 551 2984; x_wconf 81' lang='lat' dir='ltr'>igitur</span> <span class='ocrx_word' id='word_1_249' title='bbox 571 2940 712 2986; x_wconf 88' lang='lat' dir='ltr'>penes</span> <span class='ocrx_word' id='word_1_250' title='bbox 740 2925 1006 2971; x_wconf 65' lang='lat' dir='ltr'>Ptolemaeos</span> <span class='ocrx_word' id='word_1_251' title='bbox 1024 2936 1131 2971; x_wconf 91' lang='lat' dir='ltr'>tunc</span> <span class='ocrx_word' id='word_1_252' title='bbox 1149 2926 1233 2971; x_wconf 88' lang='lat' dir='ltr'>suit</span> <span class='ocrx_word' id='word_1_253' title='bbox 1249 2925 1351 2970; x_wconf 82' lang='lat' dir='ltr'>Coe-</span> 
     </span>
     <span class='ocr_line' id='line_1_40' title="bbox 108 3001 1349 3063; baseline -0.002 -15"><span class='ocrx_word' id='word_1_254' title='bbox 108 3001 302 3063; x_wconf 81' lang='lat' dir='ltr'>lesyria,</span> <span class='ocrx_word' id='word_1_255' title='bbox 322 3016 458 3061; x_wconf 87' lang='lat' dir='ltr'>quam</span> <span class='ocrx_word' id='word_1_256' title='bbox 492 3001 747 3046; x_wconf 77' lang='lat' dir='ltr'>Antiochus</span> <span class='ocrx_word' id='word_1_257' title='bbox 776 3002 966 3059; x_wconf 80' lang='lat' dir='ltr'>Magnus</span> <span class='ocrx_word' id='word_1_258' title='bbox 993 3001 1161 3062; x_wconf 86' lang='lat' dir='ltr'>proelio</span> <span class='ocrx_word' id='word_1_259' title='bbox 1184 3001 1240 3045; x_wconf 89' lang='lat' dir='ltr'>ad</span> <span class='ocrx_word' id='word_1_260' title='bbox 1267 3001 1349 3046; x_wconf 80' lang='lat' dir='ltr'>Pa-</span> 
     </span>
     <span class='ocr_line' id='line_1_41' title="bbox 109 3076 1346 3138; baseline -0.001 -15"><span class='ocrx_word' id='word_1_261' title='bbox 109 3077 239 3123; x_wconf 88' lang='lat' dir='ltr'>nium</span> <span class='ocrx_word' id='word_1_262' title='bbox 260 3077 506 3124; x_wconf 88' lang='lat' dir='ltr'>commisso</span> <span class='ocrx_word' id='word_1_263' title='bbox 527 3076 775 3122; x_wconf 74' lang='lat' dir='ltr'>Ptolemaeo</span> <span class='ocrx_word' id='word_1_264' title='bbox 797 3076 831 3120; x_wconf 86' lang='lat' dir='ltr'>V</span> <span class='ocrx_word' id='word_1_265' title='bbox 852 3076 1079 3138; x_wconf 69' lang='lat' dir='ltr'>lipiphani</span> <span class='ocrx_word' id='word_1_266' title='bbox 1098 3076 1346 3138; x_wconf 89' lang='lat' dir='ltr'>eripuerat,</span> 
     </span>
     <span class='ocr_line' id='line_1_42' title="bbox 109 3150 1346 3214; baseline -0.001 -17"><span class='ocrx_word' id='word_1_267' title='bbox 109 3166 195 3198; x_wconf 87' lang='lat' dir='ltr'>nec</span> <span class='ocrx_word' id='word_1_268' title='bbox 213 3153 503 3214; x_wconf 79' lang='lat' dir='ltr'>recuperavit</span> <span class='ocrx_word' id='word_1_269' title='bbox 520 3151 793 3198; x_wconf 86' lang='lat' dir='ltr'>Ptolemaeus</span> <span class='ocrx_word' id='word_1_270' title='bbox 808 3150 865 3196; x_wconf 82' lang='lat' dir='ltr'>vl</span> <span class='ocrx_word' id='word_1_271' title='bbox 878 3186 891 3208; x_wconf 92' lang='lat'>‚</span> <span class='ocrx_word' id='word_1_272' title='bbox 910 3154 993 3197; x_wconf 89' lang='lat' dir='ltr'>etsi</span> <span class='ocrx_word' id='word_1_273' title='bbox 1013 3162 1346 3213; x_wconf 87' lang='lat' dir='ltr'>recuperasset,</span> 
     </span>
     <span class='ocr_line' id='line_1_43' title="bbox 111 3225 1343 3289; baseline -0.001 -17"><span class='ocrx_word' id='word_1_274' title='bbox 111 3226 201 3272; x_wconf 88' lang='lat' dir='ltr'>nisi</span> <span class='ocrx_word' id='word_1_275' title='bbox 219 3225 409 3288; x_wconf 84' lang='lat' dir='ltr'>jamjam</span> <span class='ocrx_word' id='word_1_276' title='bbox 431 3226 621 3273; x_wconf 79' lang='lat' dir='ltr'>vincens</span> <span class='ocrx_word' id='word_1_277' title='bbox 641 3227 809 3289; x_wconf 87' lang='lat' dir='ltr'>proelio</span> <span class='ocrx_word' id='word_1_278' title='bbox 834 3226 1069 3273; x_wconf 83' lang='lat' dir='ltr'>cecidisset</span> <span class='ocrx_word' id='word_1_279' title='bbox 1088 3227 1189 3287; x_wconf 90' lang='lat' dir='ltr'>(an.</span> <span class='ocrx_word' id='word_1_280' title='bbox 1217 3226 1343 3286; x_wconf 73' lang='lat'>146).</span> 
     </span>
     <span class='ocr_line' id='line_1_44' title="bbox 111 3300 1350 3364; baseline 0 -17"><span class='ocrx_word' id='word_1_281' title='bbox 111 3300 164 3347; x_wconf 91' lang='lat' dir='ltr'>ln</span> <span class='ocrx_word' id='word_1_282' title='bbox 204 3311 471 3363; x_wconf 88' lang='lat' dir='ltr'>potestatem</span> <span class='ocrx_word' id='word_1_283' title='bbox 524 3301 724 3364; x_wconf 88' lang='lat' dir='ltr'>denique</span> <span class='ocrx_word' id='word_1_284' title='bbox 775 3302 1065 3364; x_wconf 88' lang='lat' dir='ltr'>provinciam</span> <span class='ocrx_word' id='word_1_285' title='bbox 1123 3300 1350 3360; x_wconf 78' lang='lat' dir='ltr'>redegerit</span> 
     </span>
     <span class='ocr_line' id='line_1_45' title="bbox 110 3377 1350 3442; baseline 0.001 -20"><span class='ocrx_word' id='word_1_286' title='bbox 110 3377 382 3424; x_wconf 73' lang='lat' dir='ltr'>Ptolemaeus</span> <span class='ocrx_word' id='word_1_287' title='bbox 403 3377 506 3438; x_wconf 87' lang='lat' dir='ltr'>vn,</span> <span class='ocrx_word' id='word_1_288' title='bbox 530 3394 627 3439; x_wconf 90' lang='lat' dir='ltr'>quo</span> <span class='ocrx_word' id='word_1_289' title='bbox 647 3389 851 3442; x_wconf 88' lang='lat' dir='ltr'>tempore</span> <span class='ocrx_word' id='word_1_290' title='bbox 870 3377 1008 3426; x_wconf 89' lang='lat' dir='ltr'>rebus</span> <span class='ocrx_word' id='word_1_291' title='bbox 1031 3378 1177 3440; x_wconf 88' lang='lat' dir='ltr'>Syriis</span> <span class='ocrx_word' id='word_1_292' title='bbox 1193 3392 1242 3424; x_wconf 91' lang='lat' dir='ltr'>se</span> <span class='ocrx_word' id='word_1_293' title='bbox 1263 3377 1350 3423; x_wconf 90' lang='lat' dir='ltr'>im·</span> 
     </span>
     <span class='ocr_line' id='line_1_46' title="bbox 110 3452 1350 3518; baseline 0.002 -20"><span class='ocrx_word' id='word_1_294' title='bbox 110 3452 319 3511; x_wconf 84' lang='lat' dir='ltr'>miscuit,</span> <span class='ocrx_word' id='word_1_295' title='bbox 365 3454 601 3500; x_wconf 86' lang='lat' dir='ltr'>Demetrio</span> <span class='ocrx_word' id='word_1_296' title='bbox 639 3454 846 3501; x_wconf 86' lang='lat' dir='ltr'>Nicatori</span> <span class='ocrx_word' id='word_1_297' title='bbox 883 3469 1121 3518; x_wconf 88' lang='lat' dir='ltr'>opponens</span> <span class='ocrx_word' id='word_1_298' title='bbox 1155 3453 1350 3500; x_wconf 82' lang='lat' dir='ltr'>Alexan-</span> 
     </span>
    </p>

    <p class='ocr_par' dir='ltr' id='par_1_5' title="bbox 71 3521 1348 3667">
     <span class='ocr_line' id='line_1_47' title="bbox 71 3521 1348 3592; baseline 0 -17"><span class='ocrx_word' id='word_1_299' title='bbox 71 3527 245 3577; x_wconf 50' lang='lat' dir='ltr'>‚surum</span> <span class='ocrx_word' id='word_1_300' title='bbox 284 3527 504 3574; x_wconf 86' lang='lat' dir='ltr'>Zabinam</span> <span class='ocrx_word' id='word_1_301' title='bbox 555 3530 677 3592; x_wconf 83' lang='lat'><em>(128)</em></span> <span class='ocrx_word' id='word_1_302' title='bbox 695 3565 707 3587; x_wconf 95' lang='lat'>,</span> <span class='ocrx_word' id='word_1_303' title='bbox 759 3541 804 3576; x_wconf 90' lang='lat' dir='ltr'>et</span> <span class='ocrx_word' id='word_1_304' title='bbox 844 3521 1000 3592; x_wconf 80' lang='lat' dir='ltr'>postea</span> <span class='ocrx_word' id='word_1_305' title='bbox 1038 3530 1348 3591; x_wconf 72' lang='lat' dir='ltr'>Tryphaenam</span> 
     </span>
     <span class='ocr_line' id='line_1_48' title="bbox 104 3601 1063 3667; baseline 0.002 -17"><span class='ocrx_word' id='word_1_306' title='bbox 104 3601 254 3650; x_wconf 73' lang='lat' dir='ltr'>filiam</span> <span class='ocrx_word' id='word_1_307' title='bbox 278 3603 507 3649; x_wconf 75' lang='lat' dir='ltr'>Antiocho</span> <span class='ocrx_word' id='word_1_308' title='bbox 526 3604 690 3666; x_wconf 82' lang='lat' dir='ltr'>Grypo</span> <span class='ocrx_word' id='word_1_309' title='bbox 714 3605 896 3661; x_wconf 85' lang='lat' dir='ltr'>elocans</span> <span class='ocrx_word' id='word_1_310' title='bbox 921 3606 1063 3667; x_wconf 82' lang='lat'>(123).</span> 
     </span>
    </p>

    <p class='ocr_par' dir='ltr' id='par_1_6' title="bbox 175 3678 1349 3743">
     <span class='ocr_line' id='line_1_49' title="bbox 175 3678 1349 3743; baseline 0 -17"><span class='ocrx_word' id='word_1_311' title='bbox 175 3678 248 3726; x_wconf 82' lang='lat'>86.</span> <span class='ocrx_word' id='word_1_312' title='bbox 267 3678 550 3726; x_wconf 68' lang='lat' dir='ltr'>‘Manendum</span> <span class='ocrx_word' id='word_1_313' title='bbox 578 3681 715 3726; x_wconf 87' lang='lat' dir='ltr'>etiam</span> <span class='ocrx_word' id='word_1_314' title='bbox 745 3681 802 3727; x_wconf 90' lang='lat' dir='ltr'>de</span> <span class='ocrx_word' id='word_1_315' title='bbox 824 3681 1131 3743; x_wconf 82' lang='lat' dir='ltr'>scriptoribus</span> <span class='ocrx_word' id='word_1_316' title='bbox 1151 3680 1349 3727; x_wconf 90' lang='lat' dir='ltr'>nonnul-</span> 
     </span>
    </p>

    <p class='ocr_par' dir='ltr' id='par_1_7' title="bbox 110 3752 1347 3816">
     <span class='ocr_line' id='line_1_50' title="bbox 110 3752 1347 3816; baseline 0.002 -16"><span class='ocrx_word' id='word_1_317' title='bbox 110 3752 188 3812; x_wconf 87' lang='lat' dir='ltr'>lis,</span> <span class='ocrx_word' id='word_1_318' title='bbox 209 3753 290 3816; x_wconf 88' lang='lat' dir='ltr'>qui</span> <span class='ocrx_word' id='word_1_319' title='bbox 313 3752 373 3800; x_wconf 83' lang='lat' dir='ltr'>ab</span> <span class='ocrx_word' id='word_1_320' title='bbox 406 3754 744 3815; x_wconf 79' lang='lat' dir='ltr'>Agatharchide</span> <span class='ocrx_word' id='word_1_321' title='bbox 776 3756 946 3803; x_wconf 87' lang='lat' dir='ltr'>laudati</span> <span class='ocrx_word' id='word_1_322' title='bbox 966 3757 1021 3802; x_wconf 84' lang='lat' dir='ltr'>ad</span> <span class='ocrx_word' id='word_1_323' title='bbox 1051 3767 1223 3803; x_wconf 78' lang='lat' dir='ltr'>aetatem</span> <span class='ocrx_word' id='word_1_324' title='bbox 1247 3756 1347 3816; x_wconf 90' lang='lat' dir='ltr'>ejus</span> 
     </span>
    </p>
   </div>
   <div class='ocr_carea' id='block_1_2' title="bbox 1115 172 1596 224">
    <p class='ocr_par' dir='ltr' id='par_1_8' title="bbox 1115 172 1596 224">
     <span class='ocr_line' id='line_1_51' title="bbox 1115 172 1596 224; baseline 0.008 -4"><span class='ocrx_word' id='word_1_325' title='bbox 1115 172 1596 224; x_wconf 73' lang='lat' dir='ltr'>PROLEGOMENA.</span> 
     </span>
    </p>
   </div>
   <div class='ocr_carea' id='block_1_3' title="bbox 2624 0 2756 3394">
    <p class='ocr_par' dir='ltr' id='par_1_9' title="bbox 2624 0 2756 3394">
     <span class='ocr_line' id='line_1_52' title="bbox 2624 0 2756 394; baseline 0 -150"><span class='ocrx_word' id='word_1_326' title='bbox 2624 0 2756 394; x_wconf 95' lang='lat' dir='ltr'>    </span> 
     </span>
     <span class='ocr_line' id='line_1_53' title="bbox 2657 530 2756 3394; baseline 0 0"><span class='ocrx_word' id='word_1_327' title='bbox 2657 530 2756 3394; x_wconf 95' lang='lat' dir='ltr'>   </span> 
     </span>
    </p>
   </div>
   <div class='ocr_carea' id='block_1_4' title="bbox 1406 279 2735 3821">
    <p class='ocr_par' dir='ltr' id='par_1_10' title="bbox 1406 279 2735 3821">
     <span class='ocr_line' id='line_1_54' title="bbox 1406 279 2631 349; baseline 0.007 -25"><span class='ocrx_word' id='word_1_328' title='bbox 1406 279 1620 339; x_wconf 82' lang='lat' dir='ltr'>proxime</span> <span class='ocrx_word' id='word_1_329' title='bbox 1635 280 1874 329; x_wconf 90' lang='lat' dir='ltr'>accedunt.</span> <span class='ocrx_word' id='word_1_330' title='bbox 1895 280 2021 328; x_wconf 82' lang='lat' dir='ltr'>inter</span> <span class='ocrx_word' id='word_1_331' title='bbox 2038 298 2118 329; x_wconf 91' lang='lat' dir='ltr'>eos</span> <span class='ocrx_word' id='word_1_332' title='bbox 2137 282 2298 331; x_wconf 88' lang='lat' dir='ltr'>Dinias</span> <span class='ocrx_word' id='word_1_333' title='bbox 2323 284 2371 344; x_wconf 81' lang='lat' dir='ltr'>(S</span> <span class='ocrx_word' id='word_1_334' title='bbox 2390 284 2415 330; x_wconf 84' lang='lat'><strong>5</strong></span> <span class='ocrx_word' id='word_1_335' title='bbox 2439 301 2488 347; x_wconf 87' lang='lat' dir='ltr'>p.</span> <span class='ocrx_word' id='word_1_336' title='bbox 2519 303 2538 332; x_wconf 88' lang='grc' dir='ltr'>ι</span> <span class='ocrx_word' id='word_1_337' title='bbox 2552 283 2631 349; x_wconf 65' lang='grc' dir='ltr'>ια)</span> 
     </span>
     <span class='ocr_line' id='line_1_55' title="bbox 1410 351 2624 422; baseline 0.007 -23"><span class='ocrx_word' id='word_1_338' title='bbox 1410 351 1661 416; x_wconf 77' lang='grc' dir='ltr'>Ἀργολικῶν</span> <span class='ocrx_word' id='word_1_339' title='bbox 1672 356 1890 418; x_wconf 84' lang='lat' dir='ltr'>scriptor,</span> <span class='ocrx_word' id='word_1_340' title='bbox 1906 357 2066 414; x_wconf 88' lang='lat' dir='ltr'>Arato,</span> <span class='ocrx_word' id='word_1_341' title='bbox 2081 357 2212 419; x_wconf 88' lang='lat' dir='ltr'>cujus</span> <span class='ocrx_word' id='word_1_342' title='bbox 2227 374 2300 404; x_wconf 87' lang='lat' dir='ltr'>res</span> <span class='ocrx_word' id='word_1_343' title='bbox 2320 369 2467 418; x_wconf 86' lang='lat' dir='ltr'>gestas</span> <span class='ocrx_word' id='word_1_344' title='bbox 2486 361 2624 422; x_wconf 87' lang='lat' dir='ltr'>prodi</span> 
     </span>
     <span class='ocr_line' id='line_1_56' title="bbox 1406 428 2646 496; baseline 0.006 -20"><span class='ocrx_word' id='word_1_345' title='bbox 1406 428 1493 487; x_wconf 88' lang='lat' dir='ltr'>dit,</span> <span class='ocrx_word' id='word_1_346' title='bbox 1518 440 1596 477; x_wconf 90' lang='lat' dir='ltr'>aut</span> <span class='ocrx_word' id='word_1_347' title='bbox 1618 432 1809 493; x_wconf 68' lang='lat' dir='ltr'>equalis</span> <span class='ocrx_word' id='word_1_348' title='bbox 1826 442 1924 479; x_wconf 89' lang='lat' dir='ltr'>erat</span> <span class='ocrx_word' id='word_1_349' title='bbox 1945 442 2023 479; x_wconf 87' lang='lat' dir='ltr'>aut</span> <span class='ocrx_word' id='word_1_350' title='bbox 2035 433 2228 495; x_wconf 88' lang='lat' dir='ltr'>junior;</span> <span class='ocrx_word' id='word_1_351' title='bbox 2249 435 2288 479; x_wconf 87' lang='lat' dir='ltr'>si</span> <span class='ocrx_word' id='word_1_352' title='bbox 2310 435 2501 496; x_wconf 80' lang='lat' dir='ltr'>aequalis</span> <span class='ocrx_word' id='word_1_353' title='bbox 2523 447 2646 496; x_wconf 89' lang='lat' dir='ltr'>erat,</span> 
     </span>
     <span class='ocr_line' id='line_1_57' title="bbox 1407 506 2650 572; baseline 0.007 -21"><span class='ocrx_word' id='word_1_354' title='bbox 1407 506 1568 553; x_wconf 87' lang='lat' dir='ltr'>senilis</span> <span class='ocrx_word' id='word_1_355' title='bbox 1607 506 1708 569; x_wconf 85' lang='lat' dir='ltr'>ejus</span> <span class='ocrx_word' id='word_1_356' title='bbox 1741 518 1849 555; x_wconf 86' lang='lat' dir='ltr'>aetas</span> <span class='ocrx_word' id='word_1_357' title='bbox 1873 524 1976 556; x_wconf 92' lang='lat' dir='ltr'>cum</span> <span class='ocrx_word' id='word_1_358' title='bbox 2017 509 2368 568; x_wconf 87' lang='lat' dir='ltr'>Agatharchidis</span> <span class='ocrx_word' id='word_1_359' title='bbox 2406 511 2650 572; x_wconf 86' lang='lat' dir='ltr'>juventute</span> 
     </span>
     <span class='ocr_line' id='line_1_58' title="bbox 1406 582 2646 645; baseline 0.007 -19"><span class='ocrx_word' id='word_1_360' title='bbox 1406 582 1738 644; x_wconf 86' lang='lat' dir='ltr'>componenda.</span> <span class='ocrx_word' id='word_1_361' title='bbox 1766 583 1913 631; x_wconf 84' lang='lat' dir='ltr'>Porro</span> <span class='ocrx_word' id='word_1_362' title='bbox 1945 587 1971 645; x_wconf 75' lang='lat' dir='ltr'>S</span> <span class='ocrx_word' id='word_1_363' title='bbox 1997 586 2053 637; x_wconf 68' lang='lat'>64</span> <span class='ocrx_word' id='word_1_364' title='bbox 2080 600 2123 645; x_wconf 91' lang='lat' dir='ltr'>p.</span> <span class='ocrx_word' id='word_1_365' title='bbox 2151 586 2236 630; x_wconf 83' lang='lat'>156</span> <span class='ocrx_word' id='word_1_366' title='bbox 2266 585 2351 645; x_wconf 80' lang='lat' dir='ltr'>Ag.</span> <span class='ocrx_word' id='word_1_367' title='bbox 2375 586 2490 633; x_wconf 90' lang='lat' dir='ltr'>dicit</span> <span class='ocrx_word' id='word_1_368' title='bbox 2513 598 2646 635; x_wconf 74' lang='lat' dir='ltr'>terrae</span> 
     </span>
     <span class='ocr_line' id='line_1_59' title="bbox 1407 656 2651 724; baseline 0.006 -22"><span class='ocrx_word' id='word_1_369' title='bbox 1407 656 1676 705; x_wconf 86' lang='lat' dir='ltr'>habitabilis</span> <span class='ocrx_word' id='word_1_370' title='bbox 1699 670 1851 721; x_wconf 85' lang='lat' dir='ltr'>partes</span> <span class='ocrx_word' id='word_1_371' title='bbox 1867 660 2176 707; x_wconf 86' lang='lat' dir='ltr'>occidentales</span> <span class='ocrx_word' id='word_1_372' title='bbox 2198 661 2452 722; x_wconf 81' lang='lat' dir='ltr'>explicasse</span> <span class='ocrx_word' id='word_1_373' title='bbox 2474 662 2651 724; x_wconf 80' lang='lat' dir='ltr'>Lycum</span> 
     </span>
     <span class='ocr_line' id='line_1_60' title="bbox 1407 731 2653 799; baseline 0.006 -21"><span class='ocrx_word' id='word_1_374' title='bbox 1407 743 1452 778; x_wconf 89' lang='lat' dir='ltr'>et</span> <span class='ocrx_word' id='word_1_375' title='bbox 1466 731 1714 794; x_wconf 83' lang='lat' dir='ltr'>Timaeum,</span> <span class='ocrx_word' id='word_1_376' title='bbox 1734 736 1981 782; x_wconf 86' lang='lat' dir='ltr'>orientales</span> <span class='ocrx_word' id='word_1_377' title='bbox 2005 736 2260 783; x_wconf 77' lang='lat' dir='ltr'>Hecataeum</span> <span class='ocrx_word' id='word_1_378' title='bbox 2278 747 2323 782; x_wconf 90' lang='lat' dir='ltr'>et</span> <span class='ocrx_word' id='word_1_379' title='bbox 2342 737 2548 799; x_wconf 83' lang='lat' dir='ltr'>Basilim,</span> <span class='ocrx_word' id='word_1_380' title='bbox 2566 738 2653 786; x_wconf 86' lang='lat' dir='ltr'>bo·</span> 
     </span>
     <span class='ocr_line' id='line_1_61' title="bbox 1409 808 2647 876; baseline 0.007 -23"><span class='ocrx_word' id='word_1_381' title='bbox 1409 808 1554 855; x_wconf 85' lang='lat' dir='ltr'>reales</span> <span class='ocrx_word' id='word_1_382' title='bbox 1566 809 1876 872; x_wconf 87' lang='lat' dir='ltr'>Diophantum</span> <span class='ocrx_word' id='word_1_383' title='bbox 1892 822 1938 858; x_wconf 89' lang='lat' dir='ltr'>et</span> <span class='ocrx_word' id='word_1_384' title='bbox 1956 813 2258 861; x_wconf 89' lang='lat' dir='ltr'>Demetrium.</span> <span class='ocrx_word' id='word_1_385' title='bbox 2281 813 2454 860; x_wconf 81' lang='lat' dir='ltr'>Horum</span> <span class='ocrx_word' id='word_1_386' title='bbox 2469 825 2647 876; x_wconf 87' lang='lat' dir='ltr'>postre-</span> 
     </span>
     <span class='ocr_line' id='line_1_62' title="bbox 1409 884 2652 949; baseline 0.008 -21"><span class='ocrx_word' id='word_1_387' title='bbox 1409 897 1514 931; x_wconf 80' lang='lat' dir='ltr'>mus</span> <span class='ocrx_word' id='word_1_388' title='bbox 1538 892 1607 930; x_wconf 90' lang='lat' dir='ltr'>est</span> <span class='ocrx_word' id='word_1_389' title='bbox 1639 884 1900 933; x_wconf 87' lang='lat' dir='ltr'>Demetrius</span> <span class='ocrx_word' id='word_1_390' title='bbox 1924 886 2228 947; x_wconf 88' lang='lat' dir='ltr'>Callatianus,</span> <span class='ocrx_word' id='word_1_391' title='bbox 2266 905 2403 949; x_wconf 91' lang='lat' dir='ltr'>quem</span> <span class='ocrx_word' id='word_1_392' title='bbox 2435 890 2652 940; x_wconf 85' lang='lat' dir='ltr'>Ponticas</span> 
     </span>
     <span class='ocr_line' id='line_1_63' title="bbox 1410 958 2654 1027; baseline 0.009 -24"><span class='ocrx_word' id='word_1_393' title='bbox 1410 958 1620 1018; x_wconf 84' lang='lat' dir='ltr'>regiones</span> <span class='ocrx_word' id='word_1_394' title='bbox 1650 959 2005 1021; x_wconf 87' lang='lat' dir='ltr'>diligentissime</span> <span class='ocrx_word' id='word_1_395' title='bbox 2035 962 2335 1027; x_wconf 83' lang='lat' dir='ltr'>descripsisse</span> <span class='ocrx_word' id='word_1_396' title='bbox 2371 978 2548 1013; x_wconf 89' lang='lat' dir='ltr'>constat</span> <span class='ocrx_word' id='word_1_397' title='bbox 2594 983 2654 1015; x_wconf 84' lang='lat' dir='ltr'>ex</span> 
     </span>
     <span class='ocr_line' id='line_1_64' title="bbox 1410 1034 2655 1106; baseline 0.007 -26"><span class='ocrx_word' id='word_1_398' title='bbox 1410 1034 1632 1095; x_wconf 87' lang='lat' dir='ltr'>anonymi</span> <span class='ocrx_word' id='word_1_399' title='bbox 1678 1035 1904 1097; x_wconf 85' lang='lat' dir='ltr'>periegesi</span> <span class='ocrx_word' id='word_1_400' title='bbox 1965 1036 2178 1086; x_wconf 88' lang='lat' dir='ltr'>iambica.</span> <span class='ocrx_word' id='word_1_401' title='bbox 2231 1038 2504 1103; x_wconf 88' lang='lat' dir='ltr'>Composuit</span> <span class='ocrx_word' id='word_1_402' title='bbox 2548 1042 2655 1106; x_wconf 76' lang='grc' dir='ltr'>Περὶ</span> 
     </span>
     <span class='ocr_line' id='line_1_65' title="bbox 1413 1107 2655 1176; baseline 0.008 -22"><span class='ocrx_word' id='word_1_403' title='bbox 1413 1107 1553 1161; x_wconf 81' lang='grc' dir='ltr'>Ἄσίας</span> <span class='ocrx_word' id='word_1_404' title='bbox 1583 1109 1654 1155; x_wconf 79' lang='grc' dir='ltr'>καὶ</span> <span class='ocrx_word' id='word_1_405' title='bbox 1691 1109 1897 1173; x_wconf 81' lang='grc' dir='ltr'><strong>Εὐρώπης</strong></span> <span class='ocrx_word' id='word_1_406' title='bbox 1919 1110 2067 1158; x_wconf 88' lang='lat' dir='ltr'>libros</span> <span class='ocrx_word' id='word_1_407' title='bbox 2095 1113 2283 1172; x_wconf 82' lang='lat' dir='ltr'>viginti.</span> <span class='ocrx_word' id='word_1_408' title='bbox 2322 1114 2360 1160; x_wconf 83' lang='lat' dir='ltr'><strong>E</strong></span> <span class='ocrx_word' id='word_1_409' title='bbox 2389 1116 2655 1176; x_wconf 83' lang='lat' dir='ltr'>fragmentis</span> 
     </span>
     <span class='ocr_line' id='line_1_66' title="bbox 1411 1182 2658 1249; baseline 0.008 -20"><span class='ocrx_word' id='word_1_410' title='bbox 1411 1182 1428 1245; x_wconf 91' lang='lat'>(</span> <span class='ocrx_word' id='word_1_411' title='bbox 1446 1194 1476 1230; x_wconf 93' lang='lat' dir='ltr'>t.</span> <span class='ocrx_word' id='word_1_412' title='bbox 1502 1183 1577 1241; x_wconf 84' lang='lat' dir='ltr'>IV,</span> <span class='ocrx_word' id='word_1_413' title='bbox 1600 1201 1647 1246; x_wconf 90' lang='lat' dir='ltr'>p.</span> <span class='ocrx_word' id='word_1_414' title='bbox 1683 1185 1796 1244; x_wconf 84' lang='lat'>381)</span> <span class='ocrx_word' id='word_1_415' title='bbox 1824 1186 2109 1233; x_wconf 88' lang='lat' dir='ltr'>tenuissimis</span> <span class='ocrx_word' id='word_1_416' title='bbox 2133 1187 2250 1234; x_wconf 91' lang='lat' dir='ltr'>nih-il</span> <span class='ocrx_word' id='word_1_417' title='bbox 2273 1189 2419 1249; x_wconf 91' lang='lat' dir='ltr'>liquet</span> <span class='ocrx_word' id='word_1_418' title='bbox 2441 1190 2532 1237; x_wconf 88' lang='lat' dir='ltr'>nisi</span> <span class='ocrx_word' id='word_1_419' title='bbox 2548 1193 2658 1239; x_wconf 87' lang='lat' dir='ltr'>scri·</span> 
     </span>
     <span class='ocr_line' id='line_1_67' title="bbox 1414 1258 2654 1324; baseline 0.008 -21"><span class='ocrx_word' id='word_1_420' title='bbox 1414 1258 1560 1320; x_wconf 88' lang='lat' dir='ltr'>psisse</span> <span class='ocrx_word' id='word_1_421' title='bbox 1579 1274 1683 1305; x_wconf 91' lang='lat' dir='ltr'>eum</span> <span class='ocrx_word' id='word_1_422' title='bbox 1708 1271 1811 1322; x_wconf 91' lang='lat' dir='ltr'>post</span> <span class='ocrx_word' id='word_1_423' title='bbox 1833 1276 1907 1309; x_wconf 89' lang='lat' dir='ltr'>an.</span> <span class='ocrx_word' id='word_1_424' title='bbox 1946 1264 2062 1319; x_wconf 78' lang='lat'><strong>216;</strong></span> <span class='ocrx_word' id='word_1_425' title='bbox 2101 1263 2358 1324; x_wconf 89' lang='lat' dir='ltr'>Dionysius</span> <span class='ocrx_word' id='word_1_426' title='bbox 2388 1280 2498 1312; x_wconf 77' lang='lat' dir='ltr'>vero</span> <span class='ocrx_word' id='word_1_427' title='bbox 2527 1265 2654 1314; x_wconf 83' lang='lat' dir='ltr'>Hali·</span> 
     </span>
     <span class='ocr_line' id='line_1_68' title="bbox 1414 1334 2656 1405; baseline 0.01 -26"><span class='ocrx_word' id='word_1_428' title='bbox 1414 1334 1721 1381; x_wconf 88' lang='lat' dir='ltr'>carnassensis</span> <span class='ocrx_word' id='word_1_429' title='bbox 1757 1335 1850 1395; x_wconf 84' lang='lat' dir='ltr'>(De</span> <span class='ocrx_word' id='word_1_430' title='bbox 1884 1335 2012 1382; x_wconf 84' lang='lat' dir='ltr'>verb.</span> <span class='ocrx_word' id='word_1_431' title='bbox 2045 1353 2196 1399; x_wconf 87' lang='lat' dir='ltr'>comp.</span> <span class='ocrx_word' id='word_1_432' title='bbox 2242 1349 2273 1383; x_wconf 90' lang='lat' dir='ltr'>t.</span> <span class='ocrx_word' id='word_1_433' title='bbox 2304 1338 2358 1397; x_wconf 85' lang='lat' dir='ltr'>V,</span> <span class='ocrx_word' id='word_1_434' title='bbox 2387 1355 2434 1402; x_wconf 85' lang='lat' dir='ltr'>p.</span> <span class='ocrx_word' id='word_1_435' title='bbox 2479 1342 2538 1387; x_wconf 85' lang='lat'>30</span> <span class='ocrx_word' id='word_1_436' title='bbox 2569 1341 2656 1405; x_wconf 82' lang='lat' dir='ltr'>R.)</span> 
     </span>
     <span class='ocr_line' id='line_1_69' title="bbox 1413 1410 2655 1472; baseline 0.008 -17"><span class='ocrx_word' id='word_1_437' title='bbox 1413 1426 1555 1472; x_wconf 88' lang='lat' dir='ltr'>quum</span> <span class='ocrx_word' id='word_1_438' title='bbox 1586 1410 1865 1458; x_wconf 87' lang='lat' dir='ltr'>Demetrium</span> <span class='ocrx_word' id='word_1_439' title='bbox 1887 1412 2008 1459; x_wconf 89' lang='lat' dir='ltr'>inter</span> <span class='ocrx_word' id='word_1_440' title='bbox 2038 1413 2288 1461; x_wconf 90' lang='lat' dir='ltr'>historicos</span> <span class='ocrx_word' id='word_1_441' title='bbox 2311 1418 2536 1464; x_wconf 89' lang='lat' dir='ltr'>orationis</span> <span class='ocrx_word' id='word_1_442' title='bbox 2559 1419 2655 1465; x_wconf 91' lang='lat' dir='ltr'>ele-</span> 
     </span>
     <span class='ocr_line' id='line_1_70' title="bbox 1416 1486 2656 1554; baseline 0.008 -24"><span class='ocrx_word' id='word_1_443' title='bbox 1416 1486 1617 1545; x_wconf 86' lang='lat' dir='ltr'>gantiam</span> <span class='ocrx_word' id='word_1_444' title='bbox 1638 1502 1799 1548; x_wconf 89' lang='lat' dir='ltr'>parum</span> <span class='ocrx_word' id='word_1_445' title='bbox 1821 1498 2031 1535; x_wconf 89' lang='lat' dir='ltr'>curantes</span> <span class='ocrx_word' id='word_1_446' title='bbox 2055 1500 2277 1537; x_wconf 88' lang='lat' dir='ltr'>memoret</span> <span class='ocrx_word' id='word_1_447' title='bbox 2284 1502 2392 1551; x_wconf 79' lang='lat' dir='ltr'>pose</span> <span class='ocrx_word' id='word_1_448' title='bbox 2409 1491 2656 1554; x_wconf 79' lang='lat' dir='ltr'>Polybium</span> 
     </span>
     <span class='ocr_line' id='line_1_71' title="bbox 1416 1561 2659 1631; baseline 0.008 -25"><span class='ocrx_word' id='word_1_449' title='bbox 1416 1571 1461 1606; x_wconf 92' lang='lat' dir='ltr'>et</span> <span class='ocrx_word' id='word_1_450' title='bbox 1498 1561 1751 1620; x_wconf 87' lang='lat' dir='ltr'>Psaonem,</span> <span class='ocrx_word' id='word_1_451' title='bbox 1793 1562 1867 1609; x_wconf 90' lang='lat' dir='ltr'>his</span> <span class='ocrx_word' id='word_1_452' title='bbox 1912 1563 1991 1609; x_wconf 91' lang='lat' dir='ltr'>ille</span> <span class='ocrx_word' id='word_1_453' title='bbox 2025 1580 2118 1611; x_wconf 91' lang='lat' dir='ltr'>non</span> <span class='ocrx_word' id='word_1_454' title='bbox 2155 1566 2413 1628; x_wconf 85' lang='lat' dir='ltr'>antiquior,</span> <span class='ocrx_word' id='word_1_455' title='bbox 2444 1568 2659 1631; x_wconf 76' lang='lat' dir='ltr'>adeoque</span> 
     </span>
     <span class='ocr_line' id='line_1_72' title="bbox 1419 1630 2696 1704; baseline 0.008 -23"><span class='ocrx_word' id='word_1_456' title='bbox 1419 1630 1770 1697; x_wconf 81' lang='lat' dir='ltr'>Agatharchidis</span> <span class='ocrx_word' id='word_1_457' title='bbox 1786 1648 2039 1685; x_wconf 85' lang='lat' dir='ltr'>coaetaneus</span> <span class='ocrx_word' id='word_1_458' title='bbox 2059 1641 2211 1686; x_wconf 86' lang='lat' dir='ltr'>suerit.</span> <span class='ocrx_word' id='word_1_459' title='bbox 2239 1641 2530 1704; x_wconf 87' lang='lat' dir='ltr'>Diophantus</span> <span class='ocrx_word' id='word_1_460' title='bbox 2547 1658 2661 1691; x_wconf 79' lang='lat' dir='ltr'>vero</span> <span class='ocrx_word' id='word_1_461' title='bbox 2690 1655 2696 1663; x_wconf 85' lang='grc'><strong><em>’</em></strong></span> 
     </span>
     <span class='ocr_line' id='line_1_73' title="bbox 1418 1712 2658 1779; baseline 0.007 -22"><span class='ocrx_word' id='word_1_462' title='bbox 1418 1712 1645 1759; x_wconf 78' lang='grc' dir='ltr'>Ροιιιὶοόιι</span> <span class='ocrx_word' id='word_1_463' title='bbox 1662 1724 1842 1775; x_wconf 89' lang='lat' dir='ltr'>auctor,</span> <span class='ocrx_word' id='word_1_464' title='bbox 1860 1716 1900 1761; x_wconf 87' lang='lat' dir='ltr'>si</span> <span class='ocrx_word' id='word_1_465' title='bbox 1919 1715 2039 1760; x_wconf 89' lang='lat' dir='ltr'>idem</span> <span class='ocrx_word' id='word_1_466' title='bbox 2064 1726 2132 1762; x_wconf 89' lang='lat' dir='ltr'>est</span> <span class='ocrx_word' id='word_1_467' title='bbox 2156 1731 2261 1763; x_wconf 88' lang='lat' dir='ltr'>cum</span> <span class='ocrx_word' id='word_1_468' title='bbox 2281 1716 2547 1779; x_wconf 77' lang='lat' dir='ltr'>Diophanto</span> <span class='ocrx_word' id='word_1_469' title='bbox 2570 1717 2658 1766; x_wconf 74' lang='lat' dir='ltr'>Mi·</span> 
     </span>
     <span class='ocr_line' id='line_1_74' title="bbox 1419 1788 2727 1855; baseline 0.008 -22"><span class='ocrx_word' id='word_1_470' title='bbox 1419 1788 1627 1835; x_wconf 88' lang='lat' dir='ltr'>thridatis</span> <span class='ocrx_word' id='word_1_471' title='bbox 1641 1789 1772 1847; x_wconf 89' lang='lat' dir='ltr'>duce,</span> <span class='ocrx_word' id='word_1_472' title='bbox 1802 1791 2138 1851; x_wconf 85' lang='lat' dir='ltr'>Agatharchide</span> <span class='ocrx_word' id='word_1_473' title='bbox 2162 1793 2246 1839; x_wconf 87' lang='lat' dir='ltr'>suit</span> <span class='ocrx_word' id='word_1_474' title='bbox 2264 1792 2660 1855; x_wconf 64' lang='lat' dir='ltr'>junior‚‚attamen</span> <span class='ocrx_word' id='word_1_475' title='bbox 2710 1819 2727 1832; x_wconf 44' lang='lat' dir='ltr'><em>v</em></span> 
     </span>
     <span class='ocr_line' id='line_1_75' title="bbox 1416 1866 2660 1931; baseline 0.007 -21"><span class='ocrx_word' id='word_1_476' title='bbox 1416 1867 1568 1925; x_wconf 89' lang='lat' dir='ltr'>potuit</span> <span class='ocrx_word' id='word_1_477' title='bbox 1608 1866 1801 1913; x_wconf 90' lang='lat' dir='ltr'>Pontica</span> <span class='ocrx_word' id='word_1_478' title='bbox 1854 1868 1989 1914; x_wconf 88' lang='lat' dir='ltr'>edere</span> <span class='ocrx_word' id='word_1_479' title='bbox 2028 1880 2270 1931; x_wconf 84' lang='lat' dir='ltr'>antequam</span> <span class='ocrx_word' id='word_1_480' title='bbox 2315 1885 2456 1918; x_wconf 82' lang='lat' dir='ltr'>senex</span> <span class='ocrx_word' id='word_1_481' title='bbox 2495 1871 2660 1921; x_wconf 79' lang='lat' dir='ltr'>Noster</span> 
     </span>
     <span class='ocr_line' id='line_1_76' title="bbox 1417 1940 2710 2010; baseline 0.008 -25"><span class='ocrx_word' id='word_1_482' title='bbox 1417 1940 1474 1986; x_wconf 92' lang='lat' dir='ltr'>de</span> <span class='ocrx_word' id='word_1_483' title='bbox 1507 1941 1622 1987; x_wconf 89' lang='lat' dir='ltr'>mari</span> <span class='ocrx_word' id='word_1_484' title='bbox 1646 1941 1884 2003; x_wconf 84' lang='lat' dir='ltr'>Erythraeo</span> <span class='ocrx_word' id='word_1_485' title='bbox 1910 1943 2147 1993; x_wconf 86' lang='lat' dir='ltr'>scriberet.</span> <span class='ocrx_word' id='word_1_486' title='bbox 2182 1945 2370 2004; x_wconf 87' lang='lat' dir='ltr'>Basilis,</span> <span class='ocrx_word' id='word_1_487' title='bbox 2395 1946 2589 2010; x_wconf 59' lang='lat' dir='ltr'>Indicon</span> <span class='ocrx_word' id='word_1_488' title='bbox 2615 1957 2663 1995; x_wconf 82' lang='lat' dir='ltr'>et</span> <span class='ocrx_word' id='word_1_489' title='bbox 2703 1943 2710 1964; x_wconf 64' lang='lat'><em>³</em></span> 
     </span>
     <span class='ocr_line' id='line_1_77' title="bbox 1419 2012 2722 2085; baseline 0.008 -23"><span class='ocrx_word' id='word_1_490' title='bbox 1419 2016 1711 2079; x_wconf 67' lang='lat' dir='ltr'>AEthiopicsn</span> <span class='ocrx_word' id='word_1_491' title='bbox 1747 2029 1905 2065; x_wconf 70' lang='lat' dir='ltr'>auctor</span> <span class='ocrx_word' id='word_1_492' title='bbox 1945 2020 2052 2081; x_wconf 72' lang='lat' dir='ltr'>(rr.</span> <span class='ocrx_word' id='word_1_493' title='bbox 2092 2021 2147 2068; x_wconf 81' lang='lat' dir='ltr'>fl.</span> <span class='ocrx_word' id='word_1_494' title='bbox 2184 2021 2260 2079; x_wconf 79' lang='grc' dir='ltr'>ιν,</span> <span class='ocrx_word' id='word_1_495' title='bbox 2301 2039 2350 2084; x_wconf 81' lang='lat' dir='ltr'>p.</span> <span class='ocrx_word' id='word_1_496' title='bbox 2398 2023 2514 2085; x_wconf 76' lang='lat'>346)</span> <span class='ocrx_word' id='word_1_497' title='bbox 2539 2024 2663 2071; x_wconf 62' lang='lat' dir='ltr'>inter</span> <span class='ocrx_word' id='word_1_498' title='bbox 2692 2012 2722 2083; x_wconf 62' lang='lat' dir='ltr'>‘j&#39;</span> 
     </span>
     <span class='ocr_line' id='line_1_78' title="bbox 1418 2092 2719 2161; baseline 0.007 -24"><span class='ocrx_word' id='word_1_499' title='bbox 1418 2092 1626 2154; x_wconf 87' lang='lat' dir='ltr'>quinque</span> <span class='ocrx_word' id='word_1_500' title='bbox 1662 2093 1776 2139; x_wconf 88' lang='lat' dir='ltr'>istos</span> <span class='ocrx_word' id='word_1_501' title='bbox 1813 2110 1931 2156; x_wconf 88' lang='lat' dir='ltr'>quos</span> <span class='ocrx_word' id='word_1_502' title='bbox 1962 2095 2146 2142; x_wconf 89' lang='lat' dir='ltr'>Plinius</span> <span class='ocrx_word' id='word_1_503' title='bbox 2168 2096 2244 2153; x_wconf 85' lang='lat' dir='ltr'>vl,</span> <span class='ocrx_word' id='word_1_504' title='bbox 2290 2098 2346 2143; x_wconf 85' lang='lat'>35</span> <span class='ocrx_word' id='word_1_505' title='bbox 2381 2097 2661 2161; x_wconf 81' lang='lat' dir='ltr'>AEthiopiam</span> <span class='ocrx_word' id='word_1_506' title='bbox 2695 2098 2719 2121; x_wconf 35' lang='lat'>*³</span> 
     </span>
     <span class='ocr_line' id='line_1_79' title="bbox 1418 2166 2715 2233; baseline 0.008 -22"><span class='ocrx_word' id='word_1_507' title='bbox 1418 2166 1682 2229; x_wconf 84' lang='lat' dir='ltr'>explorasse</span> <span class='ocrx_word' id='word_1_508' title='bbox 1704 2168 1819 2214; x_wconf 90' lang='lat' dir='ltr'>dicit</span> <span class='ocrx_word' id='word_1_509' title='bbox 1836 2180 1880 2215; x_wconf 92' lang='lat' dir='ltr'>et</span> <span class='ocrx_word' id='word_1_510' title='bbox 1898 2180 2231 2233; x_wconf 79' lang='lat' dir='ltr'>extemporum</span> <span class='ocrx_word' id='word_1_511' title='bbox 2251 2172 2416 2219; x_wconf 91' lang='lat' dir='ltr'>ordine</span> <span class='ocrx_word' id='word_1_512' title='bbox 2435 2183 2658 2233; x_wconf 80' lang='lat' dir='ltr'>recenset,</span> <span class='ocrx_word' id='word_1_513' title='bbox 2712 2207 2715 2209; x_wconf 58' lang='lat'>&gt;</span> 
     </span>
     <span class='ocr_line' id='line_1_80' title="bbox 1418 2242 2718 2308; baseline 0.007 -21"><span class='ocrx_word' id='word_1_514' title='bbox 1418 2242 1520 2288; x_wconf 95' lang='lat' dir='ltr'>loco</span> <span class='ocrx_word' id='word_1_515' title='bbox 1560 2244 1751 2305; x_wconf 88' lang='lat' dir='ltr'>ponitur</span> <span class='ocrx_word' id='word_1_516' title='bbox 1800 2246 2081 2306; x_wconf 90' lang='lat' dir='ltr'>penultimo,</span> <span class='ocrx_word' id='word_1_517' title='bbox 2117 2257 2167 2293; x_wconf 89' lang='lat' dir='ltr'>ut</span> <span class='ocrx_word' id='word_1_518' title='bbox 2200 2247 2538 2308; x_wconf 83' lang='lat' dir='ltr'>Agatharchide</span> <span class='ocrx_word' id='word_1_519' title='bbox 2578 2251 2663 2296; x_wconf 81' lang='lat' dir='ltr'>vix</span> <span class='ocrx_word' id='word_1_520' title='bbox 2699 2265 2718 2307; x_wconf 78' lang='grc' dir='ltr'>;ῑ</span> 
     </span>
     <span class='ocr_line' id='line_1_81' title="bbox 1419 2317 2661 2386; baseline 0.008 -25"><span class='ocrx_word' id='word_1_521' title='bbox 1419 2317 1556 2364; x_wconf 87' lang='lat' dir='ltr'>fuerit</span> <span class='ocrx_word' id='word_1_522' title='bbox 1578 2318 1724 2364; x_wconf 92' lang='lat' dir='ltr'>multo</span> <span class='ocrx_word' id='word_1_523' title='bbox 1741 2320 1992 2380; x_wconf 90' lang='lat' dir='ltr'>antiquior.</span> <span class='ocrx_word' id='word_1_524' title='bbox 2013 2321 2185 2367; x_wconf 83' lang='lat' dir='ltr'>Praeter</span> <span class='ocrx_word' id='word_1_525' title='bbox 2205 2322 2293 2369; x_wconf 88' lang='lat' dir='ltr'>hos</span> <span class='ocrx_word' id='word_1_526' title='bbox 2313 2323 2558 2382; x_wconf 85' lang='lat' dir='ltr'>Arrianus,</span> <span class='ocrx_word' id='word_1_527' title='bbox 2578 2325 2661 2386; x_wconf 90' lang='lat' dir='ltr'>qui</span> 
     </span>
     <span class='ocr_line' id='line_1_82' title="bbox 1417 2392 2724 2461; baseline 0.007 -25"><span class='ocrx_word' id='word_1_528' title='bbox 1417 2392 1474 2437; x_wconf 88' lang='lat' dir='ltr'>de</span> <span class='ocrx_word' id='word_1_529' title='bbox 1511 2393 1700 2439; x_wconf 86' lang='lat' dir='ltr'>cometis</span> <span class='ocrx_word' id='word_1_530' title='bbox 1733 2393 1947 2456; x_wconf 86' lang='lat' dir='ltr'>scripsit,</span> <span class='ocrx_word' id='word_1_531' title='bbox 1988 2395 2202 2442; x_wconf 86' lang='lat' dir='ltr'>laudatur</span> <span class='ocrx_word' id='word_1_532' title='bbox 2234 2398 2261 2457; x_wconf 77' lang='lat' dir='ltr'>S</span> <span class='ocrx_word' id='word_1_533' title='bbox 2307 2413 2421 2456; x_wconf 87' lang='grc' dir='ltr'>ιιι,</span> <span class='ocrx_word' id='word_1_534' title='bbox 2452 2414 2502 2459; x_wconf 86' lang='lat' dir='ltr'>p.</span> <span class='ocrx_word' id='word_1_535' title='bbox 2553 2405 2659 2461; x_wconf 70' lang='lat'>¹94·</span> <span class='ocrx_word' id='word_1_536' title='bbox 2713 2429 2724 2445; x_wconf 67' lang='lat'>‹.</span> 
     </span>
     <span class='ocr_line' id='line_1_83' title="bbox 1417 2466 2731 2535; baseline 0.008 -23"><span class='ocrx_word' id='word_1_537' title='bbox 1417 2466 1612 2529; x_wconf 87' lang='lat' dir='ltr'>Scripsit</span> <span class='ocrx_word' id='word_1_538' title='bbox 1642 2468 1718 2514; x_wconf 91' lang='lat' dir='ltr'>hic</span> <span class='ocrx_word' id='word_1_539' title='bbox 1739 2480 1845 2530; x_wconf 87' lang='lat' dir='ltr'>post</span> <span class='ocrx_word' id='word_1_540' title='bbox 1875 2470 2215 2518; x_wconf 87' lang='lat' dir='ltr'>Eratosthenem</span> <span class='ocrx_word' id='word_1_541' title='bbox 2235 2471 2291 2535; x_wconf 70' lang='lat'>(⁴⁸)</span> <span class='ocrx_word' id='word_1_542' title='bbox 2322 2472 2519 2535; x_wconf 88' lang='lat' dir='ltr'>ideoque</span> <span class='ocrx_word' id='word_1_543' title='bbox 2548 2474 2663 2535; x_wconf 79' lang='lat' dir='ltr'>Aga·</span> <span class='ocrx_word' id='word_1_544' title='bbox 2691 2467 2731 2533; x_wconf 43' lang='lat' dir='ltr'>t}</span> 
     </span>
     <span class='ocr_line' id='line_1_84' title="bbox 1418 2543 2727 2597; baseline 0.008 -10"><span class='ocrx_word' id='word_1_545' title='bbox 1418 2543 1671 2590; x_wconf 87' lang='lat' dir='ltr'>tharchidis</span> <span class='ocrx_word' id='word_1_546' title='bbox 1704 2544 1799 2591; x_wconf 87' lang='lat' dir='ltr'>fere</span> <span class='ocrx_word' id='word_1_547' title='bbox 1851 2556 2103 2594; x_wconf 85' lang='lat' dir='ltr'>coaetaneus</span> <span class='ocrx_word' id='word_1_548' title='bbox 2140 2547 2280 2593; x_wconf 80' lang='lat' dir='ltr'>fuisse</span> <span class='ocrx_word' id='word_1_549' title='bbox 2311 2546 2464 2595; x_wconf 87' lang='lat' dir='ltr'>debet.</span> <span class='ocrx_word' id='word_1_550' title='bbox 2509 2548 2579 2594; x_wconf 83' lang='lat' dir='ltr'>Ex</span> <span class='ocrx_word' id='word_1_551' title='bbox 2602 2550 2661 2597; x_wconf 90' lang='lat' dir='ltr'>iis</span> <span class='ocrx_word' id='word_1_552' title='bbox 2723 2546 2727 2561; x_wconf 77' lang='lat'>⁵</span> 
     </span>
     <span class='ocr_line' id='line_1_85' title="bbox 1418 2620 2662 2686; baseline 0.006 -22"><span class='ocrx_word' id='word_1_553' title='bbox 1418 2629 1567 2665; x_wconf 89' lang='lat' dir='ltr'>autem</span> <span class='ocrx_word' id='word_1_554' title='bbox 1587 2620 1667 2680; x_wconf 90' lang='lat' dir='ltr'>qui</span> <span class='ocrx_word' id='word_1_555' title='bbox 1683 2620 2033 2680; x_wconf 84' lang='lat' dir='ltr'>Agatharchidis</span> <span class='ocrx_word' id='word_1_556' title='bbox 2052 2622 2188 2669; x_wconf 91' lang='lat' dir='ltr'>libris</span> <span class='ocrx_word' id='word_1_557' title='bbox 2203 2623 2275 2670; x_wconf 90' lang='lat' dir='ltr'>usi</span> <span class='ocrx_word' id='word_1_558' title='bbox 2294 2633 2420 2685; x_wconf 88' lang='lat' dir='ltr'>sunt,</span> <span class='ocrx_word' id='word_1_559' title='bbox 2434 2624 2662 2686; x_wconf 88' lang='lat' dir='ltr'>antiquis-</span> 
     </span>
     <span class='ocr_line' id='line_1_86' title="bbox 1419 2695 2696 2763; baseline 0.009 -24"><span class='ocrx_word' id='word_1_560' title='bbox 1419 2695 1562 2740; x_wconf 87' lang='lat' dir='ltr'>simus</span> <span class='ocrx_word' id='word_1_561' title='bbox 1588 2705 1656 2741; x_wconf 87' lang='lat' dir='ltr'>est</span> <span class='ocrx_word' id='word_1_562' title='bbox 1677 2696 1995 2743; x_wconf 78' lang='lat' dir='ltr'>Artemidorus</span> <span class='ocrx_word' id='word_1_563' title='bbox 2033 2698 2366 2758; x_wconf 83' lang='lat' dir='ltr'>Agatharchide</span> <span class='ocrx_word' id='word_1_564' title='bbox 2389 2700 2545 2763; x_wconf 88' lang='lat' dir='ltr'>paullo</span> <span class='ocrx_word' id='word_1_565' title='bbox 2581 2700 2663 2763; x_wconf 82' lang='lat' dir='ltr'>ju·</span> <span class='ocrx_word' id='word_1_566' title='bbox 2693 2727 2696 2731; x_wconf 50' lang='grc'>’</span> 
     </span>
     <span class='ocr_line' id='line_1_87' title="bbox 1420 2770 2660 2842; baseline 0.005 -25"><span class='ocrx_word' id='word_1_567' title='bbox 1420 2772 1542 2829; x_wconf 77' lang='lat' dir='ltr'>nior,</span> <span class='ocrx_word' id='word_1_568' title='bbox 1569 2773 1743 2834; x_wconf 90' lang='lat' dir='ltr'>quippe</span> <span class='ocrx_word' id='word_1_569' title='bbox 1782 2788 1917 2835; x_wconf 89' lang='lat' dir='ltr'>quem</span> <span class='ocrx_word' id='word_1_570' title='bbox 1954 2774 2164 2822; x_wconf 84' lang='lat' dir='ltr'>floruisse</span> <span class='ocrx_word' id='word_1_571' title='bbox 2185 2775 2258 2821; x_wconf 85' lang='lat' dir='ltr'>Ol.</span> <span class='ocrx_word' id='word_1_572' title='bbox 2291 2777 2377 2838; x_wconf 80' lang='lat'>169</span> <span class='ocrx_word' id='word_1_573' title='bbox 2399 2777 2503 2838; x_wconf 63' lang='grc' dir='ltr'>(τοι,</span> <span class='ocrx_word' id='word_1_574' title='bbox 2523 2792 2567 2826; x_wconf 84' lang='lat' dir='ltr'>a.</span> <span class='ocrx_word' id='word_1_575' title='bbox 2584 2770 2660 2842; x_wconf 86' lang='lat' dir='ltr'>C.)</span> 
     </span>
     <span class='ocr_line' id='line_1_88' title="bbox 1420 2848 2186 2898; baseline 0.005 -5"><span class='ocrx_word' id='word_1_576' title='bbox 1420 2848 1559 2894; x_wconf 77' lang='lat' dir='ltr'>refert</span> <span class='ocrx_word' id='word_1_577' title='bbox 1578 2848 1835 2896; x_wconf 86' lang='lat' dir='ltr'>Marcianus</span> <span class='ocrx_word' id='word_1_578' title='bbox 1861 2850 2186 2898; x_wconf 80' lang='lat' dir='ltr'>Heracleensis.</span> 
     </span>
     <span class='ocr_line' id='line_1_89' title="bbox 1486 2924 2731 2993; baseline 0.006 -24"><span class='ocrx_word' id='word_1_579' title='bbox 1486 2926 1559 2980; x_wconf 89' lang='lat'>87.</span> <span class='ocrx_word' id='word_1_580' title='bbox 1581 2924 1770 2971; x_wconf 77' lang='lat' dir='ltr'>Seium</span> <span class='ocrx_word' id='word_1_581' title='bbox 1801 2926 2152 2986; x_wconf 82' lang='lat' dir='ltr'>Agatharchidis</span> <span class='ocrx_word' id='word_1_582' title='bbox 2187 2944 2213 2974; x_wconf 91' lang='lat' dir='ltr'>a</span> <span class='ocrx_word' id='word_1_583' title='bbox 2247 2928 2414 2976; x_wconf 91' lang='lat' dir='ltr'>Photio</span> <span class='ocrx_word' id='word_1_584' title='bbox 2436 2929 2537 2976; x_wconf 89' lang='lat' dir='ltr'>cod.</span> <span class='ocrx_word' id='word_1_585' title='bbox 2570 2929 2658 2977; x_wconf 74' lang='lat'>213</span> <span class='ocrx_word' id='word_1_586' title='bbox 2724 2951 2731 2993; x_wconf 79' lang='lat'>&#39;.</span> 
     </span>
     <span class='ocr_line' id='line_1_90' title="bbox 1421 2996 2731 3049; baseline 0.008 -4"><span class='ocrx_word' id='word_1_587' title='bbox 1421 3011 1713 3047; x_wconf 88' lang='lat' dir='ltr'>recensentur</span> <span class='ocrx_word' id='word_1_588' title='bbox 1732 3002 1829 3048; x_wconf 82' lang='lat' dir='ltr'>haec</span> <span class='ocrx_word' id='word_1_589' title='bbox 1850 3018 1861 3049; x_wconf 89' lang='lat'><strong>:</strong></span> <span class='ocrx_word' id='word_1_590' title='bbox 2727 2996 2731 2998; x_wconf 32' lang='grc'><em>“</em></span> 
     </span>
     <span class='ocr_line' id='line_1_91' title="bbox 1490 3077 2266 3144; baseline 0.005 -22"><span class='ocrx_word' id='word_1_591' title='bbox 1490 3094 1528 3125; x_wconf 85' lang='grc' dir='ltr'>ι.</span> <span class='ocrx_word' id='word_1_592' title='bbox 1567 3077 1634 3123; x_wconf 79' lang='grc' dir='ltr'>Τὰ</span> <span class='ocrx_word' id='word_1_593' title='bbox 1655 3077 1762 3123; x_wconf 77' lang='grc' dir='ltr'>κατὰ</span> <span class='ocrx_word' id='word_1_594' title='bbox 1785 3077 1859 3135; x_wconf 80' lang='grc' dir='ltr'>τὴν</span> <span class='ocrx_word' id='word_1_595' title='bbox 1880 3079 2019 3126; x_wconf 82' lang='grc' dir='ltr'>Ἀσίαν</span> <span class='ocrx_word' id='word_1_596' title='bbox 2042 3082 2084 3126; x_wconf 74' lang='grc' dir='ltr'>ἐν</span> <span class='ocrx_word' id='word_1_597' title='bbox 2102 3081 2214 3144; x_wconf 79' lang='grc' dir='ltr'>βιὸλ.</span> <span class='ocrx_word' id='word_1_598' title='bbox 2240 3081 2266 3126; x_wconf 86' lang='grc' dir='ltr'>ι’</span> 
     </span>
     <span class='ocr_line' id='line_1_92' title="bbox 1485 3152 2402 3219; baseline 0.01 -23"><span class='ocrx_word' id='word_1_599' title='bbox 1485 3169 1527 3196; x_wconf 80' lang='lat'>2.</span> <span class='ocrx_word' id='word_1_600' title='bbox 1568 3152 1633 3199; x_wconf 80' lang='grc' dir='ltr'>Τὰ</span> <span class='ocrx_word' id='word_1_601' title='bbox 1657 3154 1765 3199; x_wconf 78' lang='grc' dir='ltr'>κατὰ</span> <span class='ocrx_word' id='word_1_602' title='bbox 1787 3153 1862 3210; x_wconf 78' lang='grc' dir='ltr'>τὴν</span> <span class='ocrx_word' id='word_1_603' title='bbox 1894 3156 2102 3219; x_wconf 80' lang='grc' dir='ltr'>Εὐρώπην</span> <span class='ocrx_word' id='word_1_604' title='bbox 2119 3159 2160 3202; x_wconf 78' lang='grc' dir='ltr'>ἐν</span> <span class='ocrx_word' id='word_1_605' title='bbox 2184 3156 2298 3219; x_wconf 75' lang='grc' dir='ltr'>βιόλ.</span> <span class='ocrx_word' id='word_1_606' title='bbox 2316 3157 2402 3217; x_wconf 80' lang='grc' dir='ltr'>μΘ’.</span> 
     </span>
     <span class='ocr_line' id='line_1_93' title="bbox 1484 3228 2444 3294; baseline 0.006 -23"><span class='ocrx_word' id='word_1_607' title='bbox 1484 3228 1530 3275; x_wconf 84' lang='lat'>3.</span> <span class='ocrx_word' id='word_1_608' title='bbox 1571 3228 1675 3289; x_wconf 69' lang='lat' dir='ltr'>nupt</span> <span class='ocrx_word' id='word_1_609' title='bbox 1706 3232 1776 3283; x_wconf 81' lang='grc' dir='ltr'>τῆς</span> <span class='ocrx_word' id='word_1_610' title='bbox 1796 3230 1998 3294; x_wconf 75' lang='grc' dir='ltr'>Ἐρυθρᾶς</span> <span class='ocrx_word' id='word_1_611' title='bbox 2019 3231 2230 3288; x_wconf 80' lang='grc' dir='ltr'>Θαλάσσης</span> <span class='ocrx_word' id='word_1_612' title='bbox 2254 3231 2368 3293; x_wconf 74' lang='grc' dir='ltr'>βιὸλ.</span> <span class='ocrx_word' id='word_1_613' title='bbox 2396 3231 2444 3277; x_wconf 80' lang='lat' dir='ltr'>s‘.</span> 
     </span>
     <span class='ocr_line' id='line_1_94' title="bbox 1484 3302 2725 3369; baseline 0.008 -21"><span class='ocrx_word' id='word_1_614' title='bbox 1484 3302 1546 3361; x_wconf 74' lang='grc'>(4.</span> <span class='ocrx_word' id='word_1_615' title='bbox 1591 3302 1695 3365; x_wconf 70' lang='grc' dir='ltr'>Περὶ</span> <span class='ocrx_word' id='word_1_616' title='bbox 1714 3305 1794 3348; x_wconf 74' lang='grc' dir='ltr'>τῶν</span> <span class='ocrx_word' id='word_1_617' title='bbox 1818 3306 2126 3366; x_wconf 80' lang='grc' dir='ltr'>Τρωγλοδυτῶν</span> <span class='ocrx_word' id='word_1_618' title='bbox 2144 3305 2258 3369; x_wconf 78' lang='grc' dir='ltr'>βιὸλ.</span> <span class='ocrx_word' id='word_1_619' title='bbox 2286 3305 2333 3366; x_wconf 78' lang='grc' dir='ltr'>ι’)</span> <span class='ocrx_word' id='word_1_620' title='bbox 2720 3355 2725 3358; x_wconf 70' lang='grc'>,</span> 
     </span>
     <span class='ocr_line' id='line_1_95' title="bbox 1486 3376 2658 3447; baseline 0.009 -25"><span class='ocrx_word' id='word_1_621' title='bbox 1486 3377 1528 3424; x_wconf 87' lang='lat'>5.</span> <span class='ocrx_word' id='word_1_622' title='bbox 1567 3376 1777 3439; x_wconf 77' lang='grc' dir='ltr'>Ἐπιτομὴ</span> <span class='ocrx_word' id='word_1_623' title='bbox 1809 3383 1890 3427; x_wconf 83' lang='grc' dir='ltr'>τῶν</span> <span class='ocrx_word' id='word_1_624' title='bbox 1920 3381 2014 3446; x_wconf 69' lang='grc' dir='ltr'>πιρὶ</span> <span class='ocrx_word' id='word_1_625' title='bbox 2053 3386 2125 3440; x_wconf 71' lang='grc' dir='ltr'>τῆς</span> <span class='ocrx_word' id='word_1_626' title='bbox 2157 3382 2358 3447; x_wconf 71' lang='grc' dir='ltr'>Ἐρυθρᾶς</span> <span class='ocrx_word' id='word_1_627' title='bbox 2387 3382 2598 3441; x_wconf 73' lang='grc' dir='ltr'>Θαλάσσης</span> <span class='ocrx_word' id='word_1_628' title='bbox 2616 3384 2658 3432; x_wconf 69' lang='grc' dir='ltr'>ἕν</span> 
     </span>
     <span class='ocr_line' id='line_1_96' title="bbox 1488 3450 1691 3513; baseline 0.01 -16"><span class='ocrx_word' id='word_1_629' title='bbox 1488 3450 1598 3513; x_wconf 75' lang='grc' dir='ltr'>βιὸλ.</span> <span class='ocrx_word' id='word_1_630' title='bbox 1633 3452 1691 3499; x_wconf 85' lang='grc' dir='ltr'>α’.</span> 
     </span>
     <span class='ocr_line' id='line_1_97' title="bbox 1483 3526 2658 3598; baseline 0.008 -24"><span class='ocrx_word' id='word_1_631' title='bbox 1483 3529 1531 3576; x_wconf 89' lang='grc'>6.</span> <span class='ocrx_word' id='word_1_632' title='bbox 1569 3526 1777 3589; x_wconf 75' lang='grc' dir='ltr'>Ἐπιτομὴ</span> <span class='ocrx_word' id='word_1_633' title='bbox 1813 3533 1893 3577; x_wconf 79' lang='grc' dir='ltr'>τῶν</span> <span class='ocrx_word' id='word_1_634' title='bbox 1923 3533 2266 3598; x_wconf 75' lang='grc' dir='ltr'>συγγεγραφότων</span> <span class='ocrx_word' id='word_1_635' title='bbox 2294 3534 2389 3598; x_wconf 76' lang='grc' dir='ltr'>περὶ</span> <span class='ocrx_word' id='word_1_636' title='bbox 2417 3538 2658 3598; x_wconf 75' lang='grc' dir='ltr'>συναγωγῆς</span> 
     </span>
     <span class='ocr_line' id='line_1_98' title="bbox 1420 3602 2735 3669; baseline 0.012 -21"><span class='ocrx_word' id='word_1_637' title='bbox 1420 3602 1660 3663; x_wconf 77' lang='grc' dir='ltr'>θαυμασίων</span> <span class='ocrx_word' id='word_1_638' title='bbox 1678 3603 1841 3665; x_wconf 74' lang='grc' dir='ltr'>ἀνίμων</span> <span class='ocrx_word' id='word_1_639' title='bbox 1861 3609 2018 3665; x_wconf 65' lang='grc' dir='ltr'><strong>(ἐθῶνῖ</strong></span> <span class='ocrx_word' id='word_1_640' title='bbox 2038 3608 2201 3669; x_wconf 78' lang='grc' dir='ltr'>νόμωνῖ</span> <span class='ocrx_word' id='word_1_641' title='bbox 2218 3611 2252 3669; x_wconf 93' lang='grc'>).</span> <span class='ocrx_word' id='word_1_642' title='bbox 2731 3622 2735 3627; x_wconf 81' lang='grc'><em>’</em></span> 
     </span>
     <span class='ocr_line' id='line_1_99' title="bbox 1484 3676 1980 3745; baseline 0.012 -22"><span class='ocrx_word' id='word_1_643' title='bbox 1484 3695 1526 3736; x_wconf 90' lang='lat'>7.</span> <span class='ocrx_word' id='word_1_644' title='bbox 1561 3676 1980 3745; x_wconf 69' lang='grc' dir='ltr'>Ἐκλογαὶίστοριῶν.</span> 
     </span>
     <span class='ocr_line' id='line_1_100' title="bbox 1483 3753 2227 3821; baseline 0.012 -23"><span class='ocrx_word' id='word_1_645' title='bbox 1483 3754 1529 3801; x_wconf 86' lang='grc'>8.</span> <span class='ocrx_word' id='word_1_646' title='bbox 1570 3753 1673 3815; x_wconf 75' lang='grc' dir='ltr'>Περὶ</span> <span class='ocrx_word' id='word_1_647' title='bbox 1693 3758 1764 3811; x_wconf 72' lang='grc' dir='ltr'>τῆς</span> <span class='ocrx_word' id='word_1_648' title='bbox 1786 3759 2031 3821; x_wconf 61' lang='grc' dir='ltr'>προσφιλοῦς</span> <span class='ocrx_word' id='word_1_649' title='bbox 2050 3758 2227 3820; x_wconf 84' lang='grc' dir='ltr'>ὁμιλίας.</span> 
     </span>
    </p>
   </div>
   <div class='ocr_carea' id='block_1_5' title="bbox 115 3943 2653 4063">
    <p class='ocr_par' dir='ltr' id='par_1_11' title="bbox 115 3943 2653 4063">
     <span class='ocr_line' id='line_1_101' title="bbox 125 3943 2653 4003; baseline 0.004 -20"><span class='ocrx_word' id='word_1_650' title='bbox 125 3943 376 3993; x_wconf 74' lang='grc' dir='ltr'>Ερατοσθίνης</span> <span class='ocrx_word' id='word_1_651' title='bbox 397 3945 420 3984; x_wconf 75' lang='grc' dir='ltr'>ὁ</span> <span class='ocrx_word' id='word_1_652' title='bbox 443 3946 647 3996; x_wconf 71' lang='grc' dir='ltr'>Κυρηναῖος</span> <span class='ocrx_word' id='word_1_653' title='bbox 678 3947 919 3998; x_wconf 69' lang='grc' dir='ltr'>ἰσχυρίζεται,</span> <span class='ocrx_word' id='word_1_654' title='bbox 938 3948 1058 3988; x_wconf 73' lang='grc' dir='ltr'>ιῐκοσι</span> <span class='ocrx_word' id='word_1_655' title='bbox 1082 3950 1145 3987; x_wconf 77' lang='grc' dir='ltr'>καὶ</span> <span class='ocrx_word' id='word_1_656' title='bbox 1165 3949 1271 3988; x_wconf 68' lang='grc' dir='ltr'>πέντε</span> <span class='ocrx_word' id='word_1_657' title='bbox 1296 3948 1473 4000; x_wconf 71' lang='grc' dir='ltr'>μυριάδας</span> <span class='ocrx_word' id='word_1_658' title='bbox 1493 3950 1658 3990; x_wconf 79' lang='grc' dir='ltr'>σταδίων</span> <span class='ocrx_word' id='word_1_659' title='bbox 1684 3949 1781 3998; x_wconf 75' lang='grc' dir='ltr'>ἔχειν</span> <span class='ocrx_word' id='word_1_660' title='bbox 1803 3952 1869 3996; x_wconf 82' lang='grc' dir='ltr'>τήν</span> <span class='ocrx_word' id='word_1_661' title='bbox 1899 3951 2113 4003; x_wconf 74' lang='grc' dir='ltr'>περίμετρον</span> <span class='ocrx_word' id='word_1_662' title='bbox 2134 3956 2203 3993; x_wconf 81' lang='grc' dir='ltr'>τοῦ</span> <span class='ocrx_word' id='word_1_663' title='bbox 2217 3952 2393 4002; x_wconf 76' lang='grc' dir='ltr'>μιγίστου</span> <span class='ocrx_word' id='word_1_664' title='bbox 2415 3957 2478 3998; x_wconf 73' lang='grc' dir='ltr'>τῆς</span> <span class='ocrx_word' id='word_1_665' title='bbox 2500 3956 2567 4003; x_wconf 75' lang='grc' dir='ltr'>γῆς</span> <span class='ocrx_word' id='word_1_666' title='bbox 2585 3952 2653 3993; x_wconf 71' lang='grc' dir='ltr'>κῦ-</span> 
     </span>
     <span class='ocr_line' id='line_1_102' title="bbox 115 3998 2521 4063; baseline 0.005 -27"><span class='ocrx_word' id='word_1_667' title='bbox 115 3998 219 4037; x_wconf 73' lang='grc' dir='ltr'>ιιλου.</span> <span class='ocrx_word' id='word_1_668' title='bbox 244 3999 435 4040; x_wconf 79' lang='lat' dir='ltr'>Laudatur</span> <span class='ocrx_word' id='word_1_669' title='bbox 453 4001 515 4041; x_wconf 74' lang='lat' dir='ltr'>liic</span> <span class='ocrx_word' id='word_1_670' title='bbox 531 4001 714 4042; x_wconf 80' lang='lat' dir='ltr'>Arrianus</span> <span class='ocrx_word' id='word_1_671' title='bbox 735 4002 849 4043; x_wconf 83' lang='lat' dir='ltr'>etlam</span> <span class='ocrx_word' id='word_1_672' title='bbox 871 4014 893 4043; x_wconf 86' lang='lat' dir='ltr'>a</span> <span class='ocrx_word' id='word_1_673' title='bbox 910 4005 1055 4044; x_wconf 79' lang='lat' dir='ltr'>Joannc</span> <span class='ocrx_word' id='word_1_674' title='bbox 1076 4006 1123 4063; x_wconf 73' lang='lat' dir='ltr'>acl</span> <span class='ocrx_word' id='word_1_675' title='bbox 1143 4005 1293 4045; x_wconf 61' lang='lat' dir='ltr'>aristot.</span> <span class='ocrx_word' id='word_1_676' title='bbox 1319 4008 1430 4056; x_wconf 74' lang='lat' dir='ltr'>Phys.</span> <span class='ocrx_word' id='word_1_677' title='bbox 1448 4018 1487 4057; x_wconf 82' lang='lat' dir='ltr'>p.</span> <span class='ocrx_word' id='word_1_678' title='bbox 1504 4011 1563 4054; x_wconf 64' lang='lat'>24,</span> <span class='ocrx_word' id='word_1_679' title='bbox 1582 4018 1696 4057; x_wconf 84' lang='lat' dir='ltr'>quem</span> <span class='ocrx_word' id='word_1_680' title='bbox 1717 4008 1839 4047; x_wconf 84' lang='lat' dir='ltr'>locum</span> <span class='ocrx_word' id='word_1_681' title='bbox 1859 4020 1894 4048; x_wconf 88' lang='lat' dir='ltr'>m</span> <span class='ocrx_word' id='word_1_682' title='bbox 1915 4010 2107 4050; x_wconf 75' lang='lat' dir='ltr'>schedulis</span> <span class='ocrx_word' id='word_1_683' title='bbox 2125 4010 2219 4051; x_wconf 85' lang='lat' dir='ltr'>meis</span> <span class='ocrx_word' id='word_1_684' title='bbox 2236 4018 2311 4050; x_wconf 86' lang='lat' dir='ltr'>non</span> <span class='ocrx_word' id='word_1_685' title='bbox 2325 4010 2521 4060; x_wconf 79' lang='lat' dir='ltr'>exscripsi.</span> 
     </span>
    </p>
   </div>
   <div class='ocr_carea' id='block_1_6' title="bbox 114 3710 2756 4090">
    <p class='ocr_par' dir='ltr' id='par_1_12' title="bbox 114 3710 2756 4090">
     <span class='ocr_line' id='line_1_103' title="bbox 2677 3717 2690 3745; baseline 0 0"><span class='ocrx_word' id='word_1_686' title='bbox 2677 3717 2690 3745; x_wconf 82' lang='grc' dir='ltr'>ι</span> 
     </span>
     <span class='ocr_line' id='line_1_104' title="bbox 114 3710 2756 3956; baseline 0.005 -29"><span class='ocrx_word' id='word_1_687' title='bbox 114 3939 125 3956; x_wconf 53' lang='lat'><strong>.</strong></span> <span class='ocrx_word' id='word_1_688' title='bbox 162 3887 213 3938; x_wconf 76' lang='lat'>(*)</span> <span class='ocrx_word' id='word_1_689' title='bbox 231 3890 396 3929; x_wconf 68' lang='lat' dir='ltr'>Ioannes</span> <span class='ocrx_word' id='word_1_690' title='bbox 413 3889 643 3940; x_wconf 81' lang='lat' dir='ltr'>Pliiloponus</span> <span class='ocrx_word' id='word_1_691' title='bbox 662 3893 877 3931; x_wconf 78' lang='lat' dir='ltr'>comment.</span> <span class='ocrx_word' id='word_1_692' title='bbox 895 3891 934 3931; x_wconf 89' lang='lat' dir='ltr'>ln</span> <span class='ocrx_word' id='word_1_693' title='bbox 949 3872 1104 3932; x_wconf 67' lang='lat' dir='ltr'>aristot.</span> <span class='ocrx_word' id='word_1_694' title='bbox 1128 3892 1321 3932; x_wconf 79' lang='lat' dir='ltr'>Meteorol.</span> <span class='ocrx_word' id='word_1_695' title='bbox 1344 3902 1382 3941; x_wconf 88' lang='lat' dir='ltr'>p.</span> <span class='ocrx_word' id='word_1_696' title='bbox 1402 3896 1451 3934; x_wconf 74' lang='lat'>72</span> <span class='ocrx_word' id='word_1_697' title='bbox 1470 3894 1555 3934; x_wconf 79' lang='grc' dir='ltr'>ΑΙιΙ.</span> <span class='ocrx_word' id='word_1_698' title='bbox 1585 3898 1671 3933; x_wconf 74' lang='grc'>1551</span> <span class='ocrx_word' id='word_1_699' title='bbox 1698 3891 1901 3943; x_wconf 76' lang='grc' dir='ltr'>ε’Λρριανὸς</span> <span class='ocrx_word' id='word_1_700' title='bbox 1930 3896 1968 3935; x_wconf 73' lang='grc' dir='ltr'>δὲ</span> <span class='ocrx_word' id='word_1_701' title='bbox 1987 3896 2024 3935; x_wconf 72' lang='grc' dir='ltr'>ἐν</span> <span class='ocrx_word' id='word_1_702' title='bbox 2046 3900 2100 3947; x_wconf 81' lang='grc' dir='ltr'>τῷ</span> <span class='ocrx_word' id='word_1_703' title='bbox 2123 3898 2204 3949; x_wconf 78' lang='grc' dir='ltr'>περὶ</span> <span class='ocrx_word' id='word_1_704' title='bbox 2239 3897 2433 3947; x_wconf 78' lang='grc' dir='ltr'>μιτιώρων</span> <span class='ocrx_word' id='word_1_705' title='bbox 2452 3896 2580 3947; x_wconf 74' lang='grc' dir='ltr'>φησιν,</span> <span class='ocrx_word' id='word_1_706' title='bbox 2601 3898 2652 3944; x_wconf 71' lang='grc' dir='ltr'>ὥς</span> <span class='ocrx_word' id='word_1_707' title='bbox 2723 3710 2756 3928; x_wconf 56' lang='grc'>1</span> 
     </span>
     <span class='ocr_line' id='line_1_105' title="bbox 2743 3950 2756 4030; baseline 0 0"><span class='ocrx_word' id='word_1_708' title='bbox 2743 3950 2756 4030; x_wconf 66' lang='grc' dir='ltr'>ἒ</span> 
     </span>
     <span class='ocr_line' id='line_1_106' title="bbox 2749 4047 2756 4090; baseline 0 0"><span class='ocrx_word' id='word_1_709' title='bbox 2749 4047 2756 4090; x_wconf 72' lang='lat'><em>3</em></span> 
     </span>
    </p>
   </div>
  </div>
 </body>
</html>
