2782 4348
117 198 209 257 (25.)

0 302 99 340 Phot.
117 298 161 343 τὸ
181 295 410 360 παραδοθὲν
430 294 590 356 μέτρον.
628 286 757 339 Οὗτοι
779 291 927 343 πάντες
960 293 999 336 οἷ
1033 291 1100 336 τὸν
1101 291 1346 375 ,εἰρημένον

114 370 183 421 τ’ἧς
203 367 330 450 τύχης
349 364 496 425 κληρον
518 361 760 413 ὑπελθόντες
791 358 1066 420 ποθεινότερον
1097 358 1239 420 ἔχουσι
1268 379 1339 405 του

116 435 203 496 βίου
244 435 311 479 τὸν
334 432 518 478 θάνατον.

177 521 231 551 27.
260 500 382 564 Παρὰ
412 499 452 544 δὲ
483 503 554 545 τοῦ
579 499 721 555 θήλεος
750 498 886 559 γένους
917 497 1175 560 διαδέχονται
1209 498 1282 557 μὲν
1305 497 1350 543 τὸ

77 591 95 618 5
118 568 462 632 κατειργασμένον
487 571 522 613 οἱ
552 567 800 628 καλούμενοι
819 568 1058 628 σηλαγγεῒς·
1080 566 1158 612 εἰσὶ
1177 567 1219 612 δὲ
1239 571 1348 612 ουτοι

117 643 300 706 τεχνῖται
323 638 421 700 πρὸς
441 637 487 683 τὸ
510 637 636 700 πέρας
662 637 775 698 ἄγειν
797 636 1013 696 δυνάμενοι
1036 636 1109 692 τὴν
1133 635 1350 698 βασιλικὴν

111 709 266 771 χρείαν.
299 707 351 754 Ἡ
395 707 481 753 δὲ’
464 706 635 770 εργασία
673 704 860 761 τοιαύτη.
919 705 1246 751 Καταὸάλλουσι
1276 705 1350 760 τὴν

114 780 218 834 ἀληλ
209 777 394 838 εσμένην
422 776 638 838 μάρμαρον
667 775 738 822 ἐπὶ
770 777 930 828 σανίδος
957 774 1159 828 πλατείας
1182 774 1255 834 μὲν
1279 793 1350 820 και

113 846 414 907 κατεξυσμένης
434 848 489 898 εἷς
508 847 664 891 εὐθεῖαν
693 845 854 905 τομὴν,
879 847 952 891 οὐκ
977 847 1019 890 ἐν
1045 846 1143 908 ὀρθῇ
1168 843 1210 889 83
1233 842 1352 907 χώρα

42 933 82 964 10
112 915 355 977 βεὸηκυίας,
381 913 488 959 ἀλλὰ
514 913 665 974 μικρὰν
692 913 865 976 ἐχούσης
888 913 1108 961 ἐπίκλισιν.
1149 905 1254 960 Εἶτα
1277 932 1352 958 κα-

110 983 345 1070 ταχέοντες
363 983 472 1045 ύδωρ
501 983 687 1044 τρίδουσι
718 990 806 1036 ταῖς
841 983 989 1056 χερσὶ,
1014 982 1066 1029 τὰ
1098 986 1243 1067 πρῶτα
1278 982 1353 1042 μὲν

108 1054 293 1117 κούφως,
324 1051 466 1098 ἔπειτα
499 1054 680 1135 pflssovu·
711 1050 819 1111 ὅθεν,
856 1057 993 1111 οἶμαι,
1016 1051 1061 1097 τὸ
1096 1052 1169 1113 μὲν
1204 1052 1353 1112 γεῶδες

111 1123 383 1182 ἐκτηκόμενον
417 1125 669 1184 συναπορρεῖ
697 1121 805 1167 κατὰ
839 1121 912 1177 τὴν
943 1120 1146 1167 ἐπίνευσιν
1178 1139 1249 1166 του
1276 1138 1354 1164 σα-

108 1190 356 1251 νιδώματος,
391 1191 436 1235 τὸ
463 1190 506 1236 δὲ
536 1189 675 1252 ἰσχύον
705 1190 776 1236 καὶ
814 1190 984 1236 δυνατὸν
1016 1190 1083 1235 ἐπὶ
1119 1193 1191 1236 τοῦ
1230 1187 1349 1242 ξύλου

43 1273 82 1303 115
110 1280 159 1320 με
150 1261 219 1306 ’νει
254 1260 463 1317 ἀκίνητον.
511 1260 721 1312 Πολλάκις
750 1259 791 1304 83
824 1266 906 1312 τοῖς
934 1259 1075 1305 ύδασιν
1112 1256 1352 1309 ἀποπλύνας

113 1334 134 1375 ὁ
165 1330 414 1390 καλούμενος
438 1331 518 1387 σηλ
509 1329 668 1391 αγγευς
692 1329 1006 1416 μεταλαμὸάνει
1038 1328 1240 1390 σπόγγους
1264 1346 1350 1414 μα-

109 1398 258 1450 λακους
286 1399 355 1444 καὶ
388 1398 590 1455 πυκνοὺς,
623 1392 680 1450 οἷς
706 1398 987 1461 ἐφαπτόμενος
1027 1401 1100 1454 τῆς
1131 1397 1352 1460 μαρμάρου

109 1468 287 1531 κούφως,
313 1466 384 1512 καὶ
422 1467 572 1513 θλίὸων
610 1468 678 1514 ἐπὶ
714 1468 838 1514 ποσὸν
879 1468 925 1513 τὸ
965 1466 1037 1527 μὲν
1081 1467 1254 1530 ἐλαφρὸν
1281 1465 1351 1511 καὶ

108 1541 257 1598 χαῦνον
298 1538 604 1598 ἐμπλεκόμενον
641 1544 724 1589 τοῖς
759 1537 1019 1599 ἀραιώμασιν
1052 1536 1132 1582 ἀπὸ
1169 1540 1241 1591 τῆς
1274 1535 1347 1591 σή·

45 1622 87 1651 20
110 1624 256 1668 ραγγος
295 1606 485 1669 ἀναφέρει
524 1606 595 1652 καὶ
639 1606 846 1669 ἐκρίπτει,
883 1607 929 1651 τὸ
970 1606 1012 1651 δὲ
1050 1605 1239 1668 ἐμὸριθὲς
1280 1605 1350 1650 καὶ

111 1675 274 1720 στίλὸον
320 1675 387 1720 ἐπὶ
425 1680 496 1732 τῆς
533 1675 702 1728 ’σανίδος
748 1675 1071 1738 ἀποκεκριμένον
1113 1675 1350 1730 ἀπολείπει,

27 1799 32 1802 ¹
110 1743 349 1800 δυσκινήτου
380 1744 446 1789 διὰ
476 1745 521 1790 τὸ
551 1745 674 1807 βάρος
697 1748 768 1801 τῆς
793 1745 984 1800 τοιαύτης
1007 1745 1163 1808 φύσεως
1185 1748 1348 1790 ὑποκει-

111 1813 237 1874 μένης

1061 192 1141 238 DE
1174 188 1334 237 MARI
1368 195 1734 242 ERYTHRAEO.

2562 220 2643 257 127

1420 317 1470 342 eo
1486 317 1616 357 usque
1635 303 1811 353 molunt,
1833 302 1935 344 dum
1957 303 2107 344 tradita
2124 305 2222 359 ipsis
2251 321 2442 350 mensura
2460 315 2648 368 similagi-

1420 370 1484 409 nis
1500 369 1552 410 ad
1575 370 1748 410 modum
1770 370 1936 411 redacta
1952 369 2091 412 suerit.
2108 372 2182 412 His
2202 373 2326 426 igitur
2344 378 2556 430 universis,
2580 386 2648 436 qui

1420 452 1512 479 eam
1531 438 1706 480 fortunae
1724 448 1878 481 sortem
1898 439 2087 490 tolerant,
2109 455 2221 496 mors
2239 443 2322 483 vita
2340 453 2399 484 est
2419 448 2649 500 optabilior.

1477 519 1544 559 27.
1571 509 1607 548 A
1642 506 1819 548 femineo
1837 522 1938 548 sexu
1965 507 2178 563 pulverem
2209 509 2266 549 ita
2300 510 2515 554 subactum
2546 519 2651 558 exci-

1419 587 1542 641 piunt
1565 587 1653 637 alii,
1684 602 1787 642 quos
1823 589 2040 643 Selangeos
2070 590 2303 630 nominant.
2338 593 2526 635 Artifices
2562 606 2656 638 sunt

1421 666 1494 718 illi,
1528 681 1708 722 quorum
1731 668 1775 708 in
1795 667 1986 710 facultate
2015 678 2076 710 est
2094 669 2174 711 hoc
2208 672 2329 724 regiae
2352 673 2535 716 utilitatis
2555 690 2656 731 opus

1420 750 1473 791 ad
1509 749 1635 791 finem
1667 749 1911 805 perducere.
1945 753 2143 807 Operatio
2163 754 2218 794 ita
2248 770 2290 796 se
2313 757 2450 800 hahet.
2473 761 2658 802 Marmor

1416 832 1503 888 jam
1522 832 1810 874 commolitum
1832 833 1876 873 in
1895 832 2032 874 tabula
2063 833 2306 888 effundunt,
2327 838 2404 880 lata
2428 841 2594 895 quidem
2618 852 2657 884 et

1422 914 1477 955 ad
1490 923 1644 956 rectam
1662 915 1889 956 sectionem
1918 914 2061 970 polita,
2097 930 2188 971 quae
2206 926 2342 960 tamen
2362 936 2446 962 non
2462 932 2574 964 recto
2597 926 2660 965 in-

1422 997 1707 1048 cumbitlccm
1731 996 1803 1038 sed
1824 998 2014 1052 exiguam
2030 997 2344 1042 declinationem
2361 1003 2498 1046 habet.
2514 1007 2562 1045 In
2582 1006 2658 1046 hac

1422 1079 1650 1134 pulverem,
1674 1078 1806 1120 affusa
1836 1094 1958 1134 aqua,
1982 1080 2172 1122 manibus
2191 1090 2329 1124 terunt
2358 1085 2473 1126 initio
2500 1087 2655 1137 leviter,

1422 1160 1574 1201 deinde
1605 1161 1785 1215 pressius
1806 1174 1816 1201 z
1837 1160 1967 1212 unde,
1997 1162 2162 1216 opinor,
2195 1167 2401 1207 terrestria
2429 1168 2660 1223 eliquantur

1405 1251 1463 1283 ,et
1480 1241 1533 1281 ad
1553 1242 1720 1283 tabulati
1737 1250 1887 1283 nutum
1907 1241 2111 1284 defluunt.
2130 1243 2179 1284 Id
2195 1253 2331 1286 autem
2353 1248 2466 1302 quod
2481 1250 2659 1290 validum

1425 1332 1486 1364 est
1497 1332 1538 1364 et
1555 1323 1710 1378 aliquid
1725 1323 1865 1379 pollet,
1884 1325 1927 1364 in
1942 1323 2053 1378 ligno
2072 1324 2253 1366 subsistit
2273 1327 2495 1370 immobile.
2521 1334 2661 1383 Quum

1427 1406 1551 1460 igitur
1569 1405 1715 1446 crebro
1742 1406 1859 1460 aquis
1879 1406 2095 1447 materiam
2115 1407 2215 1447 eluit
2232 1408 2463 1463 Selangeus,
2485 1413 2663 1465 spongiis

1427 1487 1619 1528 mollibus
1633 1495 1675 1528 et
1692 1485 1830 1528 densis
1847 1501 2032 1528 marmor
2045 1487 2190 1529 leviter
2207 1497 2409 1541 attrectat,
2427 1499 2467 1531 et
2482 1491 2663 1547 aliquan-

1422 1569 1477 1610 do
1496 1583 1703 1625 premens,
1729 1568 1844 1624 quod
1859 1569 1945 1610 leve
1967 1577 2029 1610 est
2043 1578 2084 1610 et
2097 1570 2253 1621 laxum,
2272 1571 2510 1626 fungositati
2531 1575 2664 1628 impli-

1424 1660 1581 1701 catum,
1604 1666 1627 1692 e
1657 1650 1795 1692 tabula
1820 1651 2000 1692 absumit
2031 1660 2072 1693 et
2099 1651 2259 1707 abjicit,
2289 1653 2402 1708 quod
2427 1669 2523 1695 vero
2545 1670 2663 1709 grave

1420 1742 1479 1776 est
1494 1742 1533 1774 et
1548 1732 1749 1788 splendet,
1767 1734 1809 1773 in
1826 1733 1963 1774 tabula
1977 1743 2180 1775 secretum
2208 1734 2403 1790 relinquit
2413 1767 2423 1786 ,
2456 1737 2551 1791 quia
2569 1751 2663 1791 pro-

244 1849 253 1859 ,
1419 1814 1512 1870 pter
1529 1816 1769 1868 gravitatem
1802 1823 1949 1856 natura
1971 1815 2085 1856 haud
2110 1815 2225 1856 facile
2254 1816 2417 1857 mobilis
2446 1818 2483 1857 ei
2507 1818 2658 1857 subest.

0 1946 184 2001 ῡίοᾱ.τὴν
219 1944 448 2007 ὓπερὸολὴν
474 1950 546 2001 τῆς
568 1946 792 2010 τιμωρίας,
822 1946 1100 2008 ποθεινότερον
1126 1945 1168 1991 δὲ
1189 1950 1258 1992 τοῦ
1280 1948 1350 2002 ζῆν

49 2035 88 2064 25
111 2014 179 2060 τὸν
200 2014 372 2061 θάνατον
395 2017 708 2078 προσδέχονται.

173 2101 229 2131 27.
256 2084 317 2131 Τὸ
351 2085 392 2130 δὲ
416 2086 648 2131 τελευταῖον
674 2088 710 2130 οἱ
737 2092 922 2147 τεχνῖται
957 2084 1267 2147 παραλαὸόντες
1285 2084 1351 2129 τὸν

113 2153 390 2214 ἀληλεσμένον
422 2154 532 2200 λίθον
568 2154 665 2217 πρὸς
695 2154 768 2210 τὴν
804 2153 902 2210 ὅλην
930 2154 1075 2215 ἄγουσι
1096 2153 1347 2199 συντέλειαν.

114 2222 215 2268 Ἐπὶ
246 2222 325 2285 γὰρ
363 2221 559 2274 πλατείας
583 2223 742 2274 σανίδος
781 2223 925 2285 μικρὸν
945 2220 1234 2282 ἐγκεκλιμένης
1257 2221 1353 2283 τρί-

115 2291 232 2336 &ouo-t
247 2291 320 2346 τὴν
346 2291 702 2353 κατειργασμένην
729 2291 947 2352 μάρμαρον
970 2291 1079 2352 ὕδωρ
1100 2290 1349 2352 ἐπιχέοντες·

51 2379 91 2408 30
116 2353 204 2404 εἶτα
233 2360 279 2405 τὸ
300 2359 374 2416 μὲν
405 2361 552 2420 γεῶδες
575 2362 702 2415 αὐτῆς
738 2359 1009 2420 ἐκτηκόμενον
1031 2359 1098 2404 διὰ
1116 2363 1195 2404 τῶν
1219 2362 1351 2421 ὑγρῶν

117 2435 314 2490 καταρρεῖ
331 2430 438 2473 κατὰ
458 2428 529 2484 τὴν
554 2448 625 2485 της
645 2428 807 2481 σανίδος
820 2428 1027 2488 ἔγκλισιν,
1057 2427 1102 2473 τὸ
1123 2427 1164 2473 83
1183 2428 1350 2490 χρυσίον

116 2497 208 2558 ἕχον
235 2497 302 2542 ἐπι
326 2516 394 2542 του
421 2496 538 2550 ξύλου
562 2495 794 2560 παραμένει
819 2496 886 2541 διὰ
909 2497 955 2542 τὸ
974 2496 1112 2558 βάρος.
1141 2496 1352 2548 Πολλάκις

117 2566 158 2611 δὲ
177 2571 294 2612 τοῦτο
311 2571 533 2623 ποιοῦντεςρ
553 2566 598 2612 τὸ
621 2566 694 2626 μὲν
715 2568 876 2628 πρῶτον
894 2567 983 2618 ταῖς
1004 2565 1146 2628 χερσιν
1167 2568 1350 2652 ἐλαφρῶς

116 2637 324 2698 τρίδουσι,
353 2636 457 2695 μετὰ
482 2636 523 2680 83
541 2641 670 2681 ταῦτα
689 2636 882 2697 σπόγγοις
904 2638 1061 2698 ἀραιοῖς
1085 2636 1243 2698 κούφως
1265 2637 1353 2680 ἐπι-

116 2767 380 2823 ταξαινόμενοι
412 2766 460 2807 τὰ
496 2768 671 2822 σώματα,
704 2766 849 2808 πολλοὶ
883 2765 950 2822 μὲν
975 2766 1258 2818 ἀποθνήσκουσι
1290 2766 1353 2806 διὰ

117 2829 186 2882 τὴν
206 2828 421 2886 ὓπερὸολὴν
451 2832 518 2882 τῆς
535 2829 790 2877 κακοπαθείας
806 2845 814 2853 ·
839 2829 963 2877 ἄνεσις
980 2829 1054 2885 γὰρ
1085 2829 1109 2881 ἢ
1131 2829 1258 2870 παῦλα
1277 2833 1352 2869 τῶν

120 2893 242 2949 ἔργων
263 2892 331 2933 οὐκ
355 2892 456 2934 ἔστιν
474 2892 617 2943 αὐτοῖς,
641 2891 745 2931 ἀλλὰ
764 2893 847 2939 ταῖς
862 2896 937 2932 τῶν
958 2890 1168 2933 ἐπιστατῶν
1186 2890 1356 2945 πληγαῖς

119 2956 416 3011 ἀναγκαζόντων
446 2955 648 3010 ὑπομένειν
682 2953 752 3006 τὴν
783 2956 984 3008 δεινότητα
1013 2960 1089 2997 τῶν
1117 2960 1243 2996 κακῶν
1266 2954 1354 2996 ἀτυ-

118 3023 196 3072 χῶς
212 3017 407 3073 προΐενται
425 3018 470 3059 τὸ
485 3020 555 3070 ζῆν
570 3034 579 3042 ·
600 3017 696 3066 τινὲς
713 3017 753 3058 δὲ
770 3020 855 3066 ταῖς
869 3019 1052 3074 δυνάμεσι
1070 3023 1146 3059 τῶν
1164 3019 1354 3073 σωμάτων

120 3081 183 3121 καὶ
197 3083 279 3129 ταῖς
297 3085 371 3122 τῶν
388 3082 518 3137 ψυχῶν
550 3081 760 3136 καρτερίαις
779 3081 1032 3137 ὑπομένοντες
1063 3081 1186 3123 πολὺν
1211 3082 1355 3136 χρόνον

122 3142 254 3196 ἔχουσι
271 3141 340 3194 τὴν
357 3143 632 3198 ταλαιπωρίαν·
654 3143 901 3199 αἱρετώτερος
916 3143 991 3199 γὰρ
1009 3143 1138 3192 αὐτοῖς
1156 3143 1176 3183 ὃ
1197 3143 1358 3190 θάνατός

124 3203 202 3245 ἐστι
216 3208 284 3245 τοῦ
305 3207 376 3257 ζῆν
392 3205 455 3246 διὰ
474 3205 517 3246 τὶ)
537 3207 696 3262 μέγεθος
714 3209 781 3258 τῆς
796 3206 1071 3261 ταλαιπωρίας.

179 3270 287 3319 527,
315 3268 343 3308 l.
365 3268 404 3310 5.
435 3269 466 3308 Σ
478 3268 538 3321 ηλ
550 3284 607 3324 αγ
620 3285 645 3324 γ
658 3285 674 3310 ε
686 3270 757 3324 ῖς]
777 3270 835 3310 sic
849 3270 938 3321 BC;
973 3269 1213 3325 σηλλαγγεῖς
1245 3284 1355 3324 vgo.;

124 3329 298 3370 Bekker.
331 3330 376 3372 h.
404 3331 433 3371 l.
470 3332 554 3384 (ex
575 3332 659 3386 ΑΡ)
695 3332 881 3388 σηλαγεῖς
913 3333 929 3386 (
945 3331 1058 3387 quod
1086 3333 1130 3373 in
1162 3333 1358 3388 Stephani

123 3391 248 3430 Thes.
272 3392 424 3446 recepit
443 3392 685 3434 Dindorfius
705 3396 744 3448 );
767 3395 810 3434 in
836 3395 1102 3450 sequentibus
1133 3403 1271 3436 autem
1296 3394 1360 3435 bis

126 3466 223 3492 cum
238 3452 448 3494 codicibus
467 3456 629 3510 scripsit
646 3456 874 3511 σηλαγγεῖς,
889 3458 950 3497 uti
970 3457 1093 3498 etiarn
1105 3465 1247 3498 nostro
1268 3457 1360 3497 loco

126 3513 327 3565 debebat3
348 3515 667 3558 instrumentum
679 3533 702 3559 a
718 3532 801 3573 quo
821 3533 973 3559 nomen
993 3519 1167 3561 artifices
1185 3520 1226 3560 hi
1252 3520 1360 3560 nacti

128 3584 240 3626 sunt,
261 3576 303 3616 in
315 3590 405 3631 sqq.
426 3579 650 3633 appellatur
667 3579 824 3635 σήραγξ,
845 3579 949 3621 adeo
967 3589 1014 3621 ut
1029 3582 1218 3636 aequabili
1234 3581 1361 3622 modo

128 3636 356 3678 dicendum
378 3637 520 3680 fuisset
540 3649 611 3681 aut
630 3642 839 3696 σηραγγεῖς
857 3649 897 3682 et
931 3642 1097 3698 σήραγξ,
1122 3652 1193 3684 aut
1212 3644 1361 3698 σηλαγ-

129 3715 175 3755 γε
160 3701 213 3747 ῖς
234 3707 274 3740 et
310 3699 471 3755 σήλαγξ.
493 3703 746 3743 Permutatio
765 3703 977 3745 literarum
1001 3720 1020 3760 ρ
1040 3713 1081 3746 et
1111 3705 1172 3745 λ
1162 3721 1205 3747 ιη
1224 3707 1363 3748 multis

130 3761 369 3802 nominibus
400 3762 544 3813 obvia3
581 3763 714 3806 forma
748 3764 894 3821 σήραγξ
921 3775 1060 3809 tamen
1091 3782 1142 3824 pr
1143 3768 1360 3812 aefcrenda.

137 3824 153 3877 Η
179 3838 292 3876 —9.
312 3822 393 3879 δὲ]
419 3839 460 3864 τε
479 3825 568 3879 C.11
593 3849 650 3856 -
673 3838 737 3867 12.
761 3825 890 3868 ἔπειτα
910 3827 950 3868 δὲ
981 3828 1132 3884 μᾶλλον
1153 3845 1246 3884 vgo.
1273 3832 1289 3885 Η
1309 3855 1365 3862 -

136 3885 201 3925 13.
241 3883 345 3926 ἐπίν
361 3901 445 3926 ευσ
460 3887 529 3941 ιν]
563 3885 733 3928 ἐπίνοιαν
766 3887 891 3930 codd.
919 3897 960 3930 et
996 3890 1191 3941 Diodor.;
1227 3907 1310 3933 em.
1342 3907 1365 3933 e

131 3945 368 4000 conjectura
387 3948 655 4003 Wesselingii
677 3948 730 3990 ad
751 3949 947 4002 Diodor„
970 3951 1074 3993 ubi:
1106 3953 1362 3995 «Salmasius

133 4008 230 4049 κατὰ
260 4007 328 4061 τὴν
366 4008 553 4051 εὒπίνειαν
584 4014 652 4051 τοῦ
687 4012 950 4068 σανιδώματος
976 4029 1056 4070 per
1086 4014 1270 4056 Iaevorem
1301 4025 1363 4055 ta-

1424 1953 1502 1993 bus
1522 1952 1703 2002 ducunt,
1723 1961 1982 2007 mortemque
1998 1954 2078 1993 vita
2095 1953 2381 2007 optabiliorem
2395 1956 2505 2007 (tam
2522 1955 2663 1994 imma-

1424 2025 1488 2064 nis
1504 2023 1692 2078 supplicii
1712 2023 1887 2076 gravitas
1906 2024 1923 2075 )
1947 2021 2107 2062 assidue
2124 2031 2374 2077 exspectant.

1481 2106 1549 2146 27.
1581 2094 1597 2145 (
1619 2095 1716 2147 Cap.
1757 2094 1822 2140 14.
1845 2093 1861 2145 )
1887 2090 1953 2131 Ad
1985 2099 2240 2146 postremum
2278 2092 2443 2146 opifices
2479 2101 2662 2146 acceptos
2681 2112 2698 2120 s

1424 2187 1447 2213 a
1468 2172 1777 2213 commolitione
1796 2171 1978 2226 lapideos
1992 2172 2180 2227 pulveres
2198 2172 2250 2213 ad
2265 2174 2662 2214 consummationem

1422 2250 1672 2306 perducunt.
1690 2253 1740 2291 In
1754 2250 1835 2291 lata
1850 2251 1961 2291 enim
1979 2250 2114 2291 tabula
2129 2251 2378 2306 paulumque
2393 2251 2546 2291 devexa
2561 2266 2662 2291 mar-

1423 2347 1516 2373 mor
1533 2332 1765 2373 confectum
1786 2331 1928 2372 affusis
1950 2333 2066 2386 aquis
2092 2331 2299 2373 deterunt.
2331 2334 2442 2373 Tum
2457 2332 2661 2386 quidquid

1423 2409 1466 2448 in
1493 2423 1542 2449 eo
1560 2417 1770 2449 terrenum
1801 2416 1876 2458 est,
1897 2408 2072 2448 humore
2100 2408 2325 2462 eliquatum
2351 2422 2425 2463 per
2444 2410 2660 2448 assamenti

1421 2484 1694 2525 devexitatem
1724 2483 1885 2534 defluit,
1914 2498 2061 2524 aurum
2090 2498 2188 2524 vero
2218 2484 2411 2537 gravitate
2439 2498 2510 2524 sua
2532 2484 2662 2524 subsi-

1423 2560 1524 2601 dens
1542 2561 1585 2600 in
1605 2560 1744 2601 tabula
1762 2567 1960 2600 remanet.
1987 2558 2037 2599 Id
2055 2559 2229 2600 subinde
2246 2560 2452 2610 iterantes,
2479 2561 2660 2614 primum

1423 2636 1565 2677 leviter
1586 2636 1776 2676 manibus
1802 2635 1961 2685 fricant,
1990 2643 2083 2689 post
2105 2636 2285 2690 spongiis
2300 2636 2516 2676 rarissimis
2532 2636 2661 2675 molli-

1426 2766 1530 2806 bulae
1552 2765 1610 2805 ad
1628 2781 1798 2818 anguem
1829 2780 1933 2806 rasae
1950 2775 1990 2806 et
2022 2766 2292 2822 complanatoe
2314 2765 2484 2806 rescribi
2506 2765 2559 2805 ad
2586 2767 2662 2806 So-

1425 2826 1498 2868 lin.
1520 2842 1563 2882 p.
1583 2842 1663 2882 777
1680 2837 1871 2883 oportere
1893 2828 2051 2868 censuit
2070 2826 2245 2882 :acujus
2260 2842 2335 2881 ego
2358 2828 2552 2882 opinione
2575 2843 2656 2868 non

1426 2889 1690 2941 dissiderem,
1726 2892 1758 2931 si
1793 2890 1837 2931 τὸ
1870 2890 2011 2938 εὗπινὲς
2044 2899 2084 2931 et
2119 2890 2285 2932 εὖπίνεια
2321 2890 2505 2931 Icevorem
2537 2892 2662 2944 magis

1427 2965 1552 3007 quam
1572 2951 1744 2992 nitorem
1777 2961 1817 2993 et
1840 2951 2083 3004 elegantiam
2101 2952 2386 3006 '‘exprimeret3
2411 2950 2525 3006 quod
2548 2966 2662 2992 secus

1427 3029 1540 3065 esse,
1573 3015 1760 3070 exempla
1792 3015 1843 3055 ab
1878 3015 1967 3069 ipso
1991 3013 2044 3055 ad
2073 3014 2252 3055 eundem
2283 3013 2468 3055 Solinum
2503 3027 2546 3068 p.
2582 3014 2658 3067 589

1427 3076 1630 3132 produc-ta
1665 3078 1875 3118 evincunt.
1894 3076 2103 3117 Diodorus
2132 3076 2272 3130 legisse
2290 3075 2454 3116 videtur
2471 3075 2568 3115 κατὰ
2591 3074 2659 3125 τὴν

1430 3138 1616 3181 ἐπίνευσιν
1640 3155 1708 3180 του
1729 3141 2014 3194 σανιδώματος;
2048 3138 2165 3193 quod
2177 3137 2336 3191 justum
2368 3137 2560 3187 arbitror,
2584 3138 2659 3176 etsi

1429 3201 1561 3242 simile
1591 3202 1824 3257 exemplum
1846 3201 1949 3242 mihi
1972 3199 2090 3240 desit.
2120 3193 2349 3254 [Exempla
2367 3213 2430 3252 Pl
2419 3198 2521 3238 ”thet
2535 3197 2662 3238 Athe-

1430 3277 1542 3303 naeus
1563 3265 1626 3304 De
1643 3263 1776 3303 mach
1791 3277 1834 3318 p.
1856 3266 1879 3303 6
1900 3270 2005 3302 extr.
2023 3269 2063 3301 et
2082 3260 2227 3302 Galen.
2240 3260 2329 3301 vol.
2345 3261 2419 3308 IV,
2438 3273 2480 3314 p.
2505 3259 2572 3309 33,
2595 3259 2659 3299 15.

1429 3325 1485 3367 V.
1510 3326 1651 3380 Steph.
1673 3325 1798 3366 Thes.
1818 3326 1831 3380 ]
1863 3324 2002 3378 Πέτραι
2037 3321 2310 3364 ἐπινενευκυῖαι
2332 3330 2428 3362 sunt
2460 3321 2660 3370 declives;

1430 3388 1528 3429 blnc
1551 3387 1747 3438 ἐπίνευσις,
1770 3388 1831 3427 uti
1856 3385 2035 3435 ἔκνευσις,
2056 3385 2271 3440 progenita
2291 3383 2570 3425 declivitatem
2598 3384 2662 3423 in-

1431 3451 1554 3501 dicat,
1583 3452 1667 3491 sive
1702 3449 1890 3505 ἔγκλισιν,
1926 3457 1973 3489 ut
2005 3446 2216 3489 Diodorus
2246 3448 2317 3488 ait.
2353 3447 2546 3487 Ceterum
2575 3446 2664 3486 auri

1433 3513 1610 3553 diversas
1628 3511 1791 3553 lavandi
1808 3512 1986 3552 rationes
2008 3518 2197 3551 accurata
2216 3509 2401 3550 oratione
2420 3507 2664 3563 perscriptas

1433 3577 1466 3615 si
1484 3575 1704 3625 desideres,
1724 3574 1928 3615 cumulate
1959 3572 2035 3613 tibi
2060 3571 2279 3613 satisfaciet
2302 3572 2455 3624 Georg.
2477 3569 2664 3623 Agricola

1434 3637 1719 3679 Deremetall.
1734 3636 1806 3678 lib.
1822 3637 1941 3687 VIII,
1959 3650 2002 3691 p.
2020 3634 2238 3690 2565qq.n
2261 3634 2428 3688 11—14.
2452 3631 2660 3685 ἰσχύον]

1436 3700 1590 3756 ἰσχυρόν
1617 3701 1665 3741 C.
1696 3700 1712 3754 ΙΙ
1741 3724 1798 3732 -—
1824 3702 1889 3740 16.
1912 3697 2227 3754 σηλαγγευς]
2253 3710 2469 3751 σηραγχευς
2498 3695 2562 3742 C.,
2592 3691 2662 3732 sed

1435 3777 1531 3803 mox
1554 3764 1576 3814 5
1599 3763 1651 3803 28
1683 3760 1711 3801 l.
1747 3775 1784 3802 1.
1805 3759 2038 3814 σηλαγγεύς.
2066 3759 2082 3813 Η
2101 3783 2159 3790 —-
2179 3766 2245 3812 19.
2270 3756 2484 3813 ἀρεώμασιν
2504 3755 2550 3795 C.
2575 3754 2589 3805 Η
2610 3776 2665 3783 -

1434 3823 1587 3880 Σήραγξ
1598 3824 1821 3865 vocabatur
1835 3823 2035 3878 σανίοωμα
2047 3819 2168 3871 1llud
2189 3819 2454 3876 probabilite1
2472 3830 2495 3856 a
2513 3814 2660 3862 sonna,

1436 3903 1526 3943 quae
1559 3886 1703 3928 fistulae
1738 3885 1858 3941 juxta
1893 3883 2194 3939 longitudinem
2230 3879 2452 3921 dimidiatae
2489 3876 2663 3931 speciem

1433 3950 1649 3992 refer.ebat
1684 3949 1700 4003 ll
1729 3974 1786 3980 ——
1817 3962 1886 3990 21.
1914 3947 2031 3989 ἀπο-κε
2035 3961 2180 4001 κρυμυε
2173 3946 2248 3985 ’νον
2279 3946 2330 3984 A.
2362 3937 2521 3981 Deinde
2543 3951 2666 3978 vocu-

1435 4015 1516 4054 lam
1536 4028 1579 4053 το
1604 4020 1698 4053 ante
1724 4012 1837 4066 βάρος
1858 4025 1943 4051 om.
1970 4010 2054 4051 AC.
