2756 4354
34 111 122 172 (5,6)

17 214 273 277 2¹1tupo'28323‘
258 215 401 278 ρύακες
421 213 636 260 ἕνέὸαλλον
665 213 720 262 εἷς
741 210 816 265 τὴν
848 209 1066 254 θάλατταν.

11 328 14 331 .
23 286 71 330 δ’
97 283 174 328 ὑπὸ
198 284 378 369 θέρμης
367 282 518 333 ἄὸατος
537 285 604 336 ἠν.

9 350 310 414 1122&
333 343 402 396 ουν
429 351 615 395 κάκεῖθεν
653 343 897 408 φοὸηθέντες
927 341 1264 403 ἀπεπλεύσαμεν,

0 411 19 463 ,5⁴
34 421 248 483 Ίέτταρας
267 422 301 465 δ’
322 418 478 480 ἡμέρας
496 415 742 479 φερόμενοι,
770 413 910 465 νυκτὸς
933 412 1008 467 τὴν
1033 430 1107 473 γην
1129 414 1263 475 ἀφεω-

0 477 2 483 ¹
0 509 170 552 ρωμεν
195 488 340 551 φλογὸς
361 485 540 545 μεστήν·
568 486 609 530 ἐν
627 482 741 544 μέσῳ
762 482 798 527 δ’
822 476 873 538 ἠν
891 481 1088 538 ἠλίὸατόν
1111 500 1149 526 τι
1163 499 1263 544 πυρ,

0 564 2 610 ἰ
34 578 114 604 των
145 558 278 604 ἄλλων
304 554 499 615 peiC0v‚‘
478 552 727 612 απτόμενον,
744 554 799 603 ὡς
811 550 962 607 ἐδόκει,
986 554 1066 596 τῶν
1088 550 1265 613 ἄστρων.

0 619 169 674 Τοῦτο
192 626 226 671 δ’
257 623 409 687 ἡιιε-’ρεις
433 623 523 687 ὄρος
543 621 729 687 ἐφαίνετο
751 620 958 682 μέγιστον,
983 622 1103 668 Θεῶν
1123 619 1267 683 ὅχηιιει

35 695 300 755 καλούμενον.

98 780 151 812 17.
188 764 422 825 Τριταῖοι
401 763 434 808 ο’
460 765 610 811 ἐκεῖθεν
627 760 830 821 πυρώδεις
849 760 1004 823 ῥύακας
1019 759 1267 823 παραπλεύ-

4 832 5 837 ’
8 851 178 886 σαντες
211 831 440 918 ἀφικόμεθα
460 833 516 881 εἷς
538 830 690 875 κόλπον
716 829 851 875 Νότου
872 829 1006 891 Κέρας
1027 828 1263 888 λεγόμενον.

6 908 25 951 ξι,
191 902 262 949 Ἕν
286 901 328 946 δὲ
363 904 420 946 τῶ
447 919 502 960 μυ
506 919 570 963 χω
592 918 712 955 νησος
743 902 811 959 ἠν,
843 902 998 945 ἐοικυῖα
1018 902 1068 960 τῇ
1093 898 1236 976 πρώτη
1252 933 1265 956 ,

7 967 230 1033 λίμνην”
209 989 383 1033 εχουσα·
409 970 480 1015 καὶ
514 973 555 1016 ἐν
588 970 717 1031 ταύτῃ
739 988 858 1025 νησος
887 974 937 1026 ἠν
961 967 1106 1031 ἑτέρα,
1135 966 1266 1028 μεστὴ

6 1042 263 1104 ’ἀνθρωπων
291 1041 459 1104 ἀγρίων.
529 1040 645 1085 Πολυ
682 1038 724 1084 δὲ
748 1039 911 1091 πλείους
935 1044 1040 1095 ἦσαν
1057 1041 1266 1100 γυναῖκες,

39 1114 199 1158 δασεῖαι
219 1113 301 1162 τοῖς
325 1111 536 1169 σώμασιν·
563 1110 609 1161 ἃς
632 1112 689 1155 οἱ
703 1109 895 1171 ἑρμηνέες
927 1109 1096 1154 ἐκάλουν
1121 1108 1268 1170 Ιορίλ·

37 1184 128 1234 λας.
196 1181 421 1232 Διώκοντες
441 1178 483 1226 δὲ
509 1180 658 1242 ἄνδρας
678 1178 752 1239 μὲν
776 1178 997 1223 συλλαὸεῖν
1016 1178 1089 1222 οὐκ
1113 1175 1264 1232 ἠδυνή-

1135 209 1186 255 Ἥ
1210 214 1265 270 γῆ

39 1324 156 1357 esset.
187 1336 202 1350 n
224 1317 298 1356 His
313 1314 418 1355 adde
432 1315 699 1354 Mannertum
719 1313 800 1367 (X,
819 1326 860 1362 2,
882 1327 924 1367 p.
947 1314 1025 1364 509
1047 1310 1080 1367 ),
1100 1312 1170 1365 qui
1185 1309 1273 1365 ῥύα-

41 1443 146 1481 ciem
161 1439 430 1495 praebuissent
449 1452 534 1477 non
550 1437 671 1477 aliam
690 1437 744 1477 ob
760 1451 924 1477 eausam
940 1437 1019 1476 nisi
1034 1434 1148 1490 quod
1163 1435 1275 1487 ignes

41 1505 84 1544 in
101 1502 309 1543 montibus
328 1500 486 1540 accensi
508 1513 709 1553 aquarum
724 1498 983 1554 superficiem
1002 1499 1123 1551 igneo
1145 1497 1276 1551 splen-

12 1563 144 1604 =·dore
166 1562 478 1602 illuminassent.
1239 1592 1242 1596 .

97 1628 119 1678 S
140 1628 188 1665 16
204 1633 245 1664 et
270 1638 334 1677 17.
360 1622 488 1663 Θεῶν
525 1623 614 1677 ὅχη
628 1638 739 1677 μα...
765 1621 925 1663 Νότου
954 1623 1116 1677 κέρας]
1134 1625 1196 1663 De
1214 1622 1278 1662 his

24 1698 26 1702 “
43 1689 156 1729 hunc
171 1688 213 1729 in
226 1685 398 1726 modum
422 1686 592 1740 exponit
603 1685 825 1725 Rennelius
845 1698 854 1725 :
877 1685 942 1726 Ab
958 1686 1130 1740 Hesperi
1147 1700 1279 1726 cornu

26 1752 172 1804 'usque
195 1748 246 1789 ad
270 1757 454 1788 montem
471 1746 618 1788 Theon
641 1747 812 1787 ochema
833 1755 930 1787 sunt
945 1755 1154 1801 quattuor,
1181 1747 1279 1787 hinc

44 1813 96 1854 ad
119 1814 255 1852 sinum
274 1812 371 1851 Noti
387 1825 498 1851 ceras
520 1819 558 1850 t1
560 1825 602 1851 es
625 1809 711 1850 dies
731 1810 1017 1864 navigationis.
1035 1812 1127 1850 Jam
1151 1811 1184 1850 si
1207 1822 1283 1875 per

22 1884 199 1935 septem
217 1874 304 1915 dies
321 1887 559 1929 pergamus,
580 1875 638 1913 ita
651 1881 699 1913 ut
717 1874 761 1912 in
777 1872 958 1926 singulos
973 1873 1099 1913 millia
1114 1869 1284 1927 triginta

45 1947 139 1978 octo
159 1934 759 1991 computentu1‚per·ducimu1
789 1934 841 1975 ad
844 1904 1039 1975 Dinsulam
1063 1935 1280 1976 Plantaim

29 2009 136 2053 quae
180 1997 312 2052 quadi
314 2006 450 2050 aginta
484 1997 570 2037 seio
591 1997 770 2037 millibus
805 2006 900 2052 post
934 2006 1116 2038 montem
1148 1997 1284 2037 sier-,ra

29 2059 34 2087 ῗ
47 2063 172 2101 Leone
198 2059 393 2099 occurrit.
416 2060 514 2099 Haec.
537 2073 633 2098 vero
662 2059 795 2098 insula
817 2074 912 2098 cum
931 2060 980 2098 iis
1005 2073 1096 2113 quae
1116 2067 1211 2098 sunt
1230 2058 1285 2100 ad

45 2123 380 2178 promontorium
415 2125 640 2169 Sta-Anne,
681 2122 898 2161 introitum
937 2121 1122 2161 efficiunt
1141 2122 1254 2160 sinus
1269 2152 1282 2170 ,

0 2201 1 2204 ¹
49 2186 120 2239 qui
141 2193 310 2224 vocatur
326 2183 434 2237 goU'e
452 2183 500 2223 de
515 2184 706 2223 Slzet·b0r0
730 2182 744 2242 (
763 2183 930 2222 Sherbro
948 2183 1081 2223 sonnd
1098 2183 1131 2238 ),
1152 2182 1286 2224 forma

48 2255 88 2287 et
106 2246 237 2300 figura
255 2260 351 2286 cum
373 2247 467 2285 sinu
482 2247 653 2300 Hesperi
671 2258 805 2287 cornu
823 2244 1140 2315 comparandus.
1162 2247 1286 2284 Mons

50 2317 187 2348 autem
206 2309 277 2361 qui
297 2306 458 2347 medius
480 2308 588 2347 inter
609 2316 833 2361 utrumque
852 2307 989 2346 sinum
1015 2321 1174 2346 mem01
1175 2315 1267 2346 atui
1272 2338 1285 2355 ,

51 2370 155 2410 Θεων
177 2371 332 2424 ὄγημα,
356 2371 389 2409 is
409 2378 469 2409 est
492 2371 563 2423 qui
586 2384 700 2409 nunc
731 2369 883 2408 dicitur
915 2372 988 2420 Sag
974 2383 1072 2408 wres.
1110 2371 1147 2409 Α
1172 2377 1288 2423 parte

51 2432 293 2474 occidentali
326 2433 439 2472 sinus
469 2431 642 2484 Bissago
669 2434 746 2473 180
776 2431 956 2471 millibus
967 2399 1134 2480 Odistass
1174 2430 1290 2487 quod

51 2495 309 2536 intervallum
340 2509 435 2534 cum
471 2503 665 2548 quattuor
696 2493 859 2536 dierum
891 2494 1148 2548 navigatione
1183 2496 1290 2536 bene

51 2556 239 2611 quadrat.
259 2557 423 2596 Etenim
438 2570 509 2595 ora
525 2558 632 2595 inter
647 2560 680 2596 R
686 2556 723 2596 io
736 2560 880 2597 Nanez
895 2565 934 2596 et
947 2557 1138 2597 Slzerboro
1152 2558 1194 2597 in
1207 2572 1289 2599 200

53 2618 151 2658 mill.
186 2616 489 2670 longitudinem
508 2626 720 2671 porrecta,
747 2617 791 2657 in
818 2620 1058 2658 universum
1076 2619 1289 2673 perhumi-

52 2680 100 2720 lis
115 2689 175 2720 est
187 2696 197 2730 ;
211 2680 379 2733 triginta
398 2678 567 2719 demum
586 2680 649 2719 vel
665 2680 937 2734 quadragima
956 2681 1007 2720 ab
1024 2695 1096 2721 ora
1111 2681 1290 2722 millibus

53 2743 97 2783 in
113 2742 412 2783 mediterraneo
431 2750 564 2782 tractu
580 2742 707 2781 altum
730 2740 878 2796 jugum
899 2743 1074 2796 assurgit
1091 2759 1102 2793 ;
1127 2743 1290 2783 duobus

54 2813 189 2846 tamen
207 2806 306 2845 locis
321 2805 513 2845 bracchia
524 2804 714 2859 quaedam
724 2804 848 2858 hujus
859 2804 947 2859 jugi
964 2819 1095 2859 usque
1111 2805 1163 2846 ad
1179 2821 1291 2847 mare

55 2876 326 2922 procurrunt3
352 2882 531 2922 quorum
558 2868 731 2908 alterum
761 2876 821 2907 cst
852 2882 971 2907 mons
994 2867 1129 2908 Sierra
1148 2872 1287 2917 Leone,

57 2930 228 2970 alterum
251 2930 301 2970 ab
324 2930 404 2969 hoc
430 2929 555 2970 50-55
580 2929 681 2969 mill.
710 2929 864 2969 distans
892 2945 1010 2970 mons
1041 2934 1196 2981 Sagres,
1221 2931 1291 2984 qui

57 3006 186 3046 quum
202 3006 223 3032 e
246 2991 439 3046 depresso
458 2992 576 3032 litore
599 2993 642 3032 in
669 3007 788 3032 auras
810 2993 1031 3043 attollatur,
1059 2992 1183 3047 hujus
1211 3008 1293 3034 orae

58 3056 172 3108 quasi
192 3053 384 3095 dominus
402 3064 441 3095 et
461 3063 597 3095 custos
613 3063 782 3109 apparet
795 3087 805 3106 ,
826 3064 865 3095 et
881 3071 903 3095 a
919 3057 1023 3096 mari
1042 3055 1294 3096 advenienti-

59 3116 134 3156 bus
154 3116 366 3169 singularis
385 3117 555 3171 quidam
587 3126 725 3157 vertex
751 3133 836 3158 esse
859 3118 1038 3168 videtur,
1062 3133 1191 3172 quum
1213 3119 1294 3159 col-

60 3177 137 3227 les,
163 3178 310 3231 quibus
325 3193 420 3219 cum
445 3178 743 3219 mediterraneo
776 3180 982 3219 montium
1009 3188 1142 3219 tractu
1164 3180 1296 3220 cohae-

61 3247 146 3288 ret,
171 3239 308 3278 oeulos
333 3239 496 3280 lateant.
523 3243 672 3280 Denuo
696 3250 881 3281 montem
905 3241 1059 3281 detexit
1072 3241 1223 3282 Piedro
1241 3241 1293 3282 de

62 3301 205 3340 Cintra
232 3299 328 3355 (an.
357 3305 460 3350 1462
481 3302 513 3357 )‚
539 3301 655 3357 cujus
679 3304 777 3343 socii
814 3304 1057 3344 altissimum
1080 3305 1292 3355 omnium,

64 3376 167 3416 quos
185 3377 368 3415 unquam
386 3364 603 3415 vidissent,
625 3380 711 3405 esse
726 3365 962 3406 credebant.
985 3368 1126 3420 Sagres
1143 3382 1296 3409 nomen

65 3424 217 3464 habere
254 3424 382 3464 fertur
415 3440 438 3466 a
473 3427 633 3467 castello
648 3459 658 3476 ‚
701 3428 814 3481 quod
853 3430 1053 3470 exstruxit
1093 3431 1295 3470 Henrieus

67 3487 255 3540 princeps
274 3487 541 3540 Portugallus.
564 3491 601 3529 A
615 3489 762 3529 Thecm
788 3491 1001 3532 ochemate
1021 3507 1153 3546 usque
1171 3492 1222 3532 ad
1244 3494 1295 3532 si-

67 3562 169 3587 num
184 3548 287 3589 Noti
306 3563 418 3588 ceras
435 3564 563 3603 quum
580 3559 662 3591 tres
681 3551 837 3592 fuerint
862 3554 1019 3594 itineris
1044 3554 1131 3594 dies
1146 3586 1157 3605 ,
1181 3555 1296 3596 facile

67 3609 270 3662 colligitur
305 3624 390 3649 non
424 3624 542 3663 posse
571 3613 737 3665 cogitari
760 3613 812 3653 de
840 3616 932 3655 sinu
971 3618 1114 3656 Sierrae
1148 3619 1297 3658 Leonae

71 3670 84 3725 (
106 3673 258 3726 quippe
281 3672 352 3725 qui
375 3673 672 3725 quinquaginta
690 3674 889 3716 duntaxat
911 3678 1089 3718 millibus
1117 3680 1271 3720 distans
1286 3712 1296 3730 ,

68 3734 191 3772 nimis
210 3732 311 3772 foret
330 3734 587 3786 propinquus
606 3732 639 3788 ),
657 3735 728 3774 sed
754 3737 797 3775 in
818 3738 1009 3780 Slzerboro
1028 3741 1166 3781 sinum
1187 3756 1302 3782 men-

69 3801 182 3834 suras
209 3809 284 3834 nos
307 3793 526 3834 deducere.
553 3796 775 3836 Introitum
801 3798 887 3851 ejus
909 3801 941 3840 si
965 3802 1072 3842 inter
1102 3804 1301 3845 Planlain

71 3856 243 3910 insulam
266 3864 305 3896 et
327 3856 477 3896 insulas
501 3857 657 3897 Sanctae
693 3861 824 3899 Annae
861 3869 1011 3903 statuas
1027 3894 1040 3914 ,
1064 3865 1256 3907 distantia
1279 3882 1302 3908 a

71 3922 210 3970 Sagres
227 3927 367 3959 monte
390 3927 450 3960 est
468 3919 640 3960 millium
667 3934 746 3974 92;
769 3923 831 3962 sin
854 3923 906 3963 ad
928 3926 1063 3979 ipsum
1093 3928 1133 3968 S.
1167 3932 1298 3971 Annae

1144 107 1406 156 PERlPLU
1414 110 1459 156 S.

41 1393 107 1425 κας
122 1379 220 1417 istos
241 1390 383 1417 revera
396 1375 543 1415 fluvios
562 1389 650 1415 esse
663 1383 799 1414 censet
812 1406 824 1424 ,
846 1375 916 1428 qui
946 1374 1170 1427 ignitorum
1187 1387 1276 1426 spe·
1305 1392 1312 1400 ·

2504 139 2554 176 13

1336 221 1406 273 gni
1448 229 1650 262 torrentes
1681 223 1788 276 ignei
1819 224 1863 263 in
1902 237 2017 264 mare
2047 224 2378 271 effundebantur.

1336 297 1506 343 propter
1529 290 1706 331 calorem
1727 292 1930 332 inaccessa
1951 300 2053 332 erat.

1398 360 1462 396 16.
1493 357 1718 398 Confestim
1743 360 1867 412 igitur
1896 360 2019 400 etiam
2042 360 2141 400 hinc
2162 370 2276 402 metu
2289 366 2462 417 perculsi
2485 369 2564 408 dis-

1338 424 1547 464 cessimus.
1607 427 1704 466 Post
1719 440 1886 467 cursum
1895 426 2058 468 dierum
2069 436 2264 482 quattuor
2278 439 2404 470 noctu
2421 441 2566 476 terram

1338 491 1690 545 conspiciebamus
1723 494 1899 534 flammis
1929 494 2137 536 refertam.
2197 498 2246 536 In
2275 497 2411 538 medio
2433 493 2567 542 ahten]

1337 566 1424 598 erat
1441 559 1623 599 excelsus
1652 560 1820 614 quidam
1839 569 1880 602 et
1897 563 2041 602 ceteris
2072 562 2204 616 major
2226 564 2351 617 igniS,
2373 566 2478 619 ipsa,
2511 571 2569 608 uti

1340 627 1571 679 videbatur,
1607 637 1776 682 tangens
1805 638 1927 671 astra.
1989 633 2029 671 Is
2061 631 2244 672 interdiu
2273 636 2461 688 apparuit
2484 651 2571 677 esse

1337 710 1457 737 mons
1477 696 1694 737 altissimus
1706 727 1717 746 ,
1747 697 1818 751 qui
1839 696 1987 737 Theon
2006 699 2190 739 Ochema
2210 709 2393 742 vocatur.

1400 778 1465 818 17.
1499 765 1607 804 Hinc
1635 763 1763 804 tridui
1785 765 2044 818 navigatione
2078 774 2280 807 torrentes
2304 769 2441 821 igneos
2471 785 2572 826 prae·

1338 834 1507 873 tervecti
1525 834 1568 872 in
1593 833 1730 872 sinum
1749 833 1952 883 venimus,
1971 834 2043 887 qui
2061 835 2159 874 Noti
2179 835 2299 875 Ceras
2320 836 2483 879 dicitur.

1398 904 1463 943 18.
1497 904 1546 942 In
1581 902 1694 941 sinus
1730 915 1892 942 recessu
1929 901 2062 942 insula
2087 911 2174 943 erat
2206 905 2336 957 priori
2373 906 2428 946 illi
2463 908 2573 947 simi-

1337 970 1410 1020 lis:
1434 984 1531 1014 nam
1560 969 1695 1009 lacum
1724 968 1915 1019 habebat,
1960 970 2002 1009 in
2035 983 2119 1023 quo
2150 970 2281 1010 insula
2314 981 2400 1012 erat
2434 973 2570 1024 altera,

1338 1038 1490 1079 referta
1520 1038 1760 1078 hominibus
1793 1037 2059 1078 silvestribus.
2120 1039 2249 1078 Erant
2278 1047 2413 1080 autem
2445 1043 2574 1082 multo

1339 1107 1479 1161 plures
1510 1106 1701 1146 mulieres
1733 1106 1902 1146 hirsutis
1928 1105 2187 1160 corporibUS,
2219 1121 2318 1160 quas
2337 1108 2576 1163 interpretes

1342 1174 1521 1216 Gorillas
1535 1174 1749 1214 vocabant.
1809 1174 1894 1213 Nos
1909 1181 2199 1228 persequentes
2215 1175 2323 1214 viros
2333 1176 2497 1229 quidem
2514 1193 2578 1218 ca·

2437 236 2563 278 Terra

1344 1309 1680 1364 promontorium
1698 1308 1863 1347 initium
1882 1308 1996 1348 sinus
2012 1310 2213 1362 posueris,
2231 1310 2356 1350 millia
2370 1319 2466 1350 sunt
2486 1326 2502 1350 1
2514 1325 2577 1362 12,

1344 1370 1448 1411 adeo
1475 1379 1522 1410 ut
1556 1371 1599 1409 in
1628 1369 1740 1409 diem
1767 1369 2024 1410 numeranda
2057 1372 2137 1410 sint
2167 1371 2292 1411 millia
2326 1373 2393 1425 37.
2429 1373 2530 1413 Inde
2559 1389 2583 1414 a

1345 1434 1522 1475 Gambia
1546 1434 1587 1473 in
1611 1447 1772 1473 summa
1795 1441 1892 1473 sunt
1911 1435 1992 1481 482
2012 1433 2163 1484 millia,
2189 1449 2279 1488 quae
2299 1436 2406 1475 inter
2428 1435 2585 1477 duode-
2643 1442 2647 1446 '

1346 1498 1428 1537 cim
1445 1496 1532 1536 dies
1551 1495 1682 1536 divisa
1704 1495 1873 1549 singulis
1902 1495 2049 1536 diebus
2071 1497 2262 1537 tribuunt
2281 1498 2405 1538 millia
2423 1500 2585 1540 circiter

1346 1558 1634 1612 erluadraginta.
1655 1583 1712 1588 —-—
1732 1558 1871 1598 Insula
1896 1559 1948 1598 ab
1971 1560 2177 1599 Hannone
2203 1570 2429 1602 memorata
2453 1563 2584 1603 Ukcr-

1347 1629 1391 1661 to
1417 1621 1430 1677 (
1455 1630 1557 1662 tom.
1583 1624 1625 1672 I,
1657 1636 1693 1671 1,
1728 1625 1779 1662 66
1800 1621 1812 1677 )
1835 1636 1921 1662 csse
1944 1621 2107 1662 videtur
2128 1623 2329 1663 Plantain
2354 1623 2502 1665 island.
2536 1626 2584 1666 Id

1347 1699 1447 1724 vero
1464 1686 1602 1724 minus
1625 1685 1727 1724 mihi
1744 1685 1958 1739 probatur.
1983 1686 2089 1726 Nam
2117 1687 2330 1725 Hannonis
2354 1687 2483 1727 insula
2500 1703 2584 1728 non

1348 1747 1391 1786 in
1416 1748 1610 1797 introitu,
1644 1747 1716 1788 sed
1740 1747 1778 1788 ἐν
1803 1752 1858 1803 τῷ
1882 1752 1995 1803 μυχῷ
2020 1751 2088 1788 τοῦ
2116 1749 2262 1789 κόλπου
2293 1750 2369 1789 sita
2388 1759 2498 1800 erat,
2521 1759 2583 1800 et,

1350 1811 1469 1851 sicuti
1490 1812 1606 1865 prior
1629 1811 1716 1861 illa,
1750 1811 1886 1851 lacum
1909 1812 1953 1850 in
1975 1826 2108 1866 eoque
2128 1812 2294 1852 alteram
2318 1813 2493 1852 insulam
2517 1814 2587 1854 ha-

1351 1872 1486 1913 bebat.
1513 1874 1611 1913 Haec
1637 1874 1670 1913 si
1695 1875 1997 1929 comparaveris
2026 1888 2121 1915 cum
2151 1882 2340 1915 accurata
2357 1876 2469 1915 sinus
2489 1875 2588 1916 deli-

1351 1937 1565 1984 neatione,
1607 1937 1769 2010 qualem
1804 1938 1849 1977 in
1883 1938 2044 1992 mappis
2081 1937 2250 1978 exhibui
2285 1938 2547 1994 (secundum
2575 1953 2583 1979 :

1351 1997 1458 2037 Plan
1484 1997 1533 2037 cle
1560 1998 1600 2037 la
1628 1998 1694 2038 riv
1699 1998 1777 2038 iere
1809 1998 1858 2038 de
1887 2000 2093 2047 Shelboro,
2125 2001 2214 2040 Ieve'
2230 2016 2276 2041 en
2303 2004 2407 2042 1826
2428 2017 2513 2058 par
2534 2003 2588 2042 les

1352 2057 1527 2112 officiers
1566 2058 1614 2098 de
1648 2060 1689 2099 la
1729 2070 1906 2101 corvette
1930 2065 2082 2109 Leaen,
2116 2062 2324 2117 capitaine
2350 2066 2415 2103 W.
2439 2067 2489 2104 F.
2520 2067 2585 2105 W

1357 2123 1495 2170 Owen,
1514 2122 1714 2161 insertum
1731 2124 1804 2163 in:
1831 2126 1946 2163 Carte
1962 2123 2067 2163 dela
2089 2125 2175 2163 cote
2196 2124 2325 2165 occid.
2343 2125 2374 2164 cl
2378 2125 2588 2181 'Afriqae;

1351 2182 1490 2236 partie
1508 2183 1706 2237 comprise
1723 2193 1832 2224 entre
1863 2184 1918 2224 les
1944 2185 2017 2224 fles
2035 2184 2083 2223 cle
2107 2189 2191 2225 'Los
2217 2195 2256 2225 et
2275 2186 2309 2225 le
2336 2201 2414 2242 cap
2440 2191 2584 2242 Lopez.

1355 2245 1489 2298 De'pdt
1515 2243 1681 2295 general
1697 2244 1745 2283 de
1779 2245 1820 2284 la
1843 2245 2012 2293 marine,
2048 2247 2150 2286 1833
2170 2246 2202 2302 )‚
2226 2246 2400 2287 dubium
2419 2263 2504 2288 esse
2519 2264 2588 2290 ne-

1354 2307 1444 2359 quit
1475 2307 1692 2346 Hannonis
1726 2307 1901 2347 insulam
1932 2322 2045 2348 nunc
2069 2310 2206 2348 vocari
2233 2310 2461 2363 Macauleya
2490 2313 2587 2351 Haec

1355 2369 1465 2407 enim
1491 2369 1534 2407 in
1555 2366 1644 2423 ipso
1668 2370 1780 2409 sinus
1806 2384 1967 2410 recessu
2005 2371 2147 2411 insulae
2179 2371 2369 2410 Slzerboro
2399 2374 2587 2426 proxime

1355 2429 1511 2484 adjacet
1525 2462 1536 2480 ,
1561 2440 1600 2471 et
1619 2432 1662 2471 in
1679 2431 1853 2471 occiduo
1867 2432 1993 2472 latere
2008 2441 2090 2473 tres
2105 2433 2228 2472 habet
2245 2435 2358 2472 sinus
2374 2464 2385 2483 ,
2409 2448 2587 2488 quorum

1356 2506 1463 2532 unus
1486 2493 1606 2533 aliam
1627 2494 1802 2534 insulam
1825 2495 2023 2535 continet.
2045 2496 2251 2535 Hactenus
2274 2494 2326 2535 de
2350 2497 2508 2537 ratione
2524 2499 2586 2537 iti-

1355 2556 1465 2595 neris
1484 2557 1718 2597 Hannonei.
1752 2581 1809 2586 —
1840 2558 1960 2609 Ignes
1986 2571 2165 2611 quorum
2193 2557 2273 2597 hoc
2302 2571 2466 2612 quoque
2497 2558 2588 2598 loco

1356 2621 1507 2660 Hanno
1539 2620 1751 2668 meminit,
1791 2620 1834 2658 in
1864 2619 1983 2659 causa
2010 2619 2203 2669 suerunt,
2238 2634 2312 2660 cur
2334 2621 2587 2673 ignivomum

1356 2687 1542 2720 monte-m
1562 2679 1746 2721 dicerent
1767 2681 2027 2735 posteriores.
2048 2680 2155 2720 Mela
2168 2683 2230 2720 III
2243 2711 2254 2730 ,
2270 2696 2293 2734 9
2311 2694 2320 2721 :
2347 2682 2467 2721 Ultra
2485 2682 2588 2722 hanc

1354 2742 1494 2783 sinam
1530 2742 1604 2798 (in
1641 2759 1725 2798 quo
1748 2744 1998 2784 Gorillarum
2034 2742 2202 2798 insula)
2228 2757 2340 2783 mons
2371 2743 2508 2791 altus,
2544 2754 2589 2783 at

1359 2805 1494 2844 Graeci
1515 2815 1666 2845 vocant
1691 2805 1790 2845 Θεῶ
1803 2820 1821 2846 ν
1852 2807 1943 2860 ὄχη
1957 2821 2019 2860 μα
2044 2805 2257 2861 perpetuis
2278 2805 2441 2856 ignibus
2465 2806 2590 2846 excel-

1357 2879 1430 2907 sas
1441 2868 1616 2920 flagrat.
1638 2868 1795 2908 Plinius
1813 2870 1890 2918 VI,
1917 2868 1967 2908 35
1989 2882 1998 2908 ε
2024 2871 2065 2909 Α
2088 2867 2222 2908 media
2242 2870 2328 2923 ejas
2347 2868 2588 2924 (meridiani

1358 2929 1577 2984 AEthiopiae
1596 2930 1731 2970 lateris
1756 2930 1769 2986 )
1784 2941 1908 2987 parte
1940 2931 2151 2971 imminens
2171 2930 2278 2970 mari
2297 2946 2409 2971 mons
2430 2932 2590 2972 ceternis

1359 2991 1478 3032 ardet
1505 2991 1682 3044 ignibus,
1713 2993 1846 3033 Tleedn
1867 2993 2029 3033 ochema
2045 2992 2197 3033 (lictus.
2220 2992 2284 3033 Cf.
2307 2993 2416 3033 idem
2437 2994 2492 3043 V,
2524 3008 2559 3034 1.

1416 3057 1440 3106 §
1472 3056 1536 3095 18.
1560 3054 1776 3109 Γορίλλας]
1811 3075 1827 3090 «
1854 3057 1949 3096 Sine
1973 3055 2101 3095 dubio
2121 3070 2168 3095 ea
2190 3064 2249 3095 est
2271 3056 2482 3095 simiarum
2505 3071 2592 3110 spe-

1361 3117 1464 3167 cies,
1484 3131 1574 3171 quae
1590 3119 1917 3169 Orang-Ontang
1927 3126 2109 3157 vocatur.
2129 3120 2191 3157 Ex
2214 3125 2299 3157 tota
2321 3117 2592 3172 descriptione

1362 3177 1405 3218 id
1423 3179 1572 3233 liquet;
1599 3194 1694 3219 nam
1718 3180 1885 3220 hirsutae
1900 3178 2016 3220 crant
2030 3210 2041 3229 ,
2070 3179 2327 3228 mordebant,
2347 3179 2590 3219 lacerabant.

1363 3240 1506 3292 Quid?
1538 3256 1640 3281 num
1662 3241 1901 3281 hominibus
1936 3249 2015 3280 tam
2057 3240 2170 3281 facile
2201 3241 2316 3295 pellis
2349 3240 2591 3290 detrahitur,

1362 3317 1487 3357 quam
1521 3303 1685 3343 bestiis?
1708 3305 1780 3343 Hae
1796 3304 1923 3342 simiae
1942 3302 2192 3342 silvestribus
2209 3302 2444 3342 hominibus
2464 3302 2596 3343 sorma

1364 3381 1586 3420 gressuque
1602 3367 1751 3406 similes
1770 3374 1882 3415 sunt,
1899 3374 1939 3405 et
1954 3374 2122 3420 propter
2143 3365 2290 3405 indolis
2308 3365 2527 3405 sollertiam
2544 3366 2597 3406 ad

1365 3429 1525 3469 servilia
1552 3429 1777 3469 ministeria
1794 3429 1949 3468 institui
1980 3436 2166 3482 possunt.
2194 3430 2331 3479 Quam
2358 3427 2412 3467 ob
2434 3441 2598 3468 causam

1364 3490 1568 3545 indigenae
1598 3492 1832 3531 existimant
1863 3499 1999 3530 mutos
2035 3491 2246 3539 homines,
2282 3491 2353 3544 qui
2382 3498 2597 3544 propterea

1365 3553 1478 3608 loqui
1509 3555 1664 3604 nolint,
1697 3569 1749 3594 ne
1783 3553 1835 3594 ad
1872 3553 2030 3593 labores
2064 3552 2346 3608 suscipiendos
2382 3561 2595 3606 cogantur.

1366 3619 1485 3658 Hanc
1508 3618 1744 3672 opinionem
1765 3617 1952 3672 inprimis
1973 3616 2212 3670 Mandingi,
2235 3617 2458 3670 Nigrorum
2478 3624 2598 3668 gens,

1367 3680 1686 3735 amplectuntur,
1712 3681 1783 3734 qui
1806 3680 1879 3720 has
1899 3680 2037 3719 simias
2064 3679 2274 3720 Toorallas
2302 3686 2462 3718 vocant.
2483 3680 2599 3730 lnge-

1368 3744 1483 3783 niosa
1505 3751 1566 3783 est
1594 3744 1718 3796 Hugii
1753 3741 2011 3796 conjectura,
2041 3742 2120 3782 hoc
2142 3756 2292 3782 nomen
2316 3740 2422 3780 idem
2444 3754 2529 3779 esse
2552 3753 2598 3778 ac

1370 3805 1550 3847 Gorillas
1565 3838 1575 3854 ‚
1613 3820 1742 3860 quum
1776 3805 1878 3845 nihil
1907 3804 2064 3844 facilius
2089 3806 2129 3844 in
2153 3806 2351 3859 scriptura
2376 3802 2595 3856 permutari

1368 3871 1497 3924 possit
1527 3884 1651 3924 quam
1670 3869 1900 3924 Τοραλλα
1925 3877 1964 3908 et
1986 3869 2229 3922 Γοριλλα.
2255 3870 2492 3908 Mannertus
2512 3863 2596 3918 (Χ,

1372 3945 1412 3982 2,
1435 3947 1478 3987 p.
1518 3931 1629 3986 510)
1662 3932 1770 3972 feros
1801 3931 1952 3971 incolas
1974 3931 2113 3971 insulae
2136 3933 2285 3984 [quam
2321 3933 2447 3980 Rnssy
2477 3926 2599 3966 fuisse
