2808 4342
1063 137 1350 221 msTomA
1382 167 1610 214 mch.
1662 153 1669 161 '

63 270 315 329 πεφύχεσαν,
385 264 436 327 (a)
465 265 670 312 Ἐνταῦθα
695 260 932 308 ἐκδαίνουσί
956 280 1000 308 τε
1017 262 1066 307 ἐκ
1091 265 1172 308 τῶν
1193 259 1292 310 νεῶν

63 338 134 384 καὶ
155 337 235 382 ἀπὸ
256 338 337 382 τῶν
363 332 527 379 πολλῶν
550 330 686 376 πόνων
713 329 884 390 ἄσμενοι
918 330 1190 389 ἀνεπαύοντο,
1216 350 1294 391 με-

64 404 264 467 μνημένοι
297 403 374 448 ὅσα
409 398 522 446 κακὰ
554 398 663 445 κατὰ
695 397 768 455 τὴν
802 398 1013 458 θάλασσαν
1048 400 1296 454 πεπονθότες

63 469 193 532 ἦσαν,
213 473 284 519 καὶ
307 469 410 533 πρὸς
432 472 484 532 τῇ
513 471 565 531 γῇ
589 472 670 514 τῶν
692 468 976 531 Ἰχθυοφάγων
991 505 1003 528 ,
1034 468 1108 524 τήν
1132 488 1173 515 τε
1199 472 1295 532 ἐρη-
1340 486 1342 489 ’

21 565 41 595 5
63 543 160 604 μίην
179 544 250 597 τῆς
268 538 432 602 χώρης,
458 536 529 583 καὶ
550 535 644 589 τοὺς
663 536 899 600 ἀνθρώπους
922 535 1027 589 δ’κως
1055 537 1294 599 θηριώδεες,

59 609 131 656 καὶ
165 609 237 661 τὰς
271 611 384 672 σφῶν
421 604 593 669 ἀπορίας
623 604 922 666 ἐπιλεγόμενοι.
993 605 1041 667 (4)
1073 606 1161 652 Καί
1193 625 1295 660 τινες

61 682 194 727 αὐτῶν
215 677 296 725 ἀπὸ
322 676 532 732 θαλάσσης
557 677 598 727 ἐς
613 674 659 720 τὸ
681 674 824 737 πρόσω
841 675 1035 732 ἀνῆλθον,
1060 676 1293 721 ἀποσκεδα-

3 759 5 761 ’
60 749 218 801 σθέντες
249 751 323 804 τῆς
371 747 580 809 στρατιῆς-
613 741 721 789 κατὰ
757 742 927 804 ζήτησιν
979 744 1099 796 ἄλλος
1146 743 1288 792 ἄλλου.

63 819 113 879 (5)
141 818 346 864 Ἐνταῦθα
372 814 582 877 ἄνθρωπος
609 811 745 876 σφίσιν
768 811 884 876 ὤφθη
918 812 1116 875 χλαμύδα
1146 832 1190 859 τε
1219 832 1293 877 φο·

0 907 38 938 ιο
63 887 162 949 ρέων
198 883 447 942 Ἑλληνικὴν
471 881 612 929 καὶτὰ
637 881 744 927 ἄλλα
768 883 823 934 ὡς
853 881 1015 939 ’Έλλην
1039 883 1292 942 ἐσκευασμέ-

61 974 146 1014 νος,
168 955 238 1001 καὶ
263 952 401 1018 φωνὴν
432 952 619 999 Ἑλλάδα
645 950 813 1015 ἐφώνεε.
881 955 1036 998 Τοῦτον
1070 955 1106 998 οἱ
1140 956 1294 1015 πρῶτοι

59 1024 211 1076 ἰδόντες
253 1025 456 1085 δακρῦσαι
495 1021 646 1082 ἔλεγον·
688 1019 794 1066 οὕτω
831 1039 871 1066 τι
906 1021 1142 1084 παράλογον
1181 1021 1295 1085 σφίσι

59 1097 236 1156 φανῆναι
256 1095 302 1138 ἐκ
324 1095 404 1138 τῶν
422 1092 598 1138 τοσῶνδε
617 1093 756 1136 κακῶν
778 1089 970 1147 εΈλληνα
987 1090 1062 1152 μὲν
1083 1091 1294 1153 ἄνθρωπον

60 1165 181 1220 ἰδεῖν,
217 1161 418 1213 Ἑλλάδος
455 1161 497 1207 δὲ
527 1163 662 1223 φωνῆς
696 1164 883 1206 ἀκοῦσαι·
908 1159 960 1222 (6)
991 1160 1214 1222 ἐπηρώτων
1250 1180 1295 1208 τε

0 1250 40 1281 15
60 1231 198 1277 ὁκόθεν
221 1231 339 1287 ἥκοι,
364 1230 435 1275 καὶ
458 1229 567 1281 ὅστις
590 1229 680 1275 ἐών·
713 1232 734 1273 ὁ
753 1229 796 1274 δὲ
826 1228 907 1274 ἀπὸ
927 1233 998 1274 τοῦ
1019 1232 1295 1292 στρατοπέδου

60 1304 131 1346 τοῦ
156 1299 419 1362 Ἀλεξάνδρου
454 1299 814 1354 ἀποσκεδασθῆναι
847 1296 982 1359 ἔλεγε,
1017 1299 1087 1344 καὶ
1122 1292 1224 1344 εἶναι
1248 1302 1292 1346 οὔ

60 1369 202 1432 πόρρω
224 1367 271 1413 τὸ
292 1366 566 1430 στρατόπεδον
598 1365 670 1412 καὶ
701 1366 822 1412 oth-:bv
858 1367 1132 1430 Ἀλέξανδρον·
1155 1373 1293 1414 τοῦτον

60 1437 128 1483 τὸν
170 1436 382 1499 ἄνθρωπον
427 1435 600 1498 βοῶντές
631 1455 676 1481 τε
712 1437 782 1482 καὶ
821 1437 1054 1498 κροτέοντες
1099 1437 1296 1499 ἀνάγουσι

60 1505 175 1568 παρὰ
194 1505 261 1551 τὸν
285 1504 492 1567 Νέαρχον·
509 1505 579 1550 καὶ
597 1505 777 1568 Νεάρχῳ
797 1505 928 1551 πάντα
951 1507 1100 1569 ἔφρασε
1114 1543 1126 1565 ,
1150 1508 1219 1553 καὶ
1235 1507 1296 1552 ὅτι

0 1596 42 1627 ω
62 1574 183 1622 πέντε
207 1573 395 1638 ἡμερέων
416 1573 506 1618 ὁδὸν
539 1573 687 1635 ἀπέχει
710 1574 756 1618 τὸ
780 1575 1054 1636 στρατόπεδον
1076 1575 1147 1621 καὶ
1166 1579 1186 1620 ὁ
1215 1580 1295 1637 βα-

62 1643 197 1697 σιλεὺς
217 1643 298 1689 ἀπὸ
313 1647 386 1699 τῆς
408 1642 630 1699 θαλάσσης·
652 1641 698 1706 (8)
716 1641 784 1687 τὸν
801 1661 846 1687 τε
866 1642 1052 1705 ὕπαρχον
1066 1647 1138 1699 τῆς
1158 1643 1298 1704 χώρης

61 1714 212 1771 ταύτης
229 1713 368 1767 δείξειν
387 1713 464 1775 ἔφη
482 1711 682 1775 Νεάρχῳ,
697 1710 766 1757 καὶ
785 1710 922 1764 ἔδειξε·
940 1711 1010 1757 καὶ
1028 1711 1133 1772 μετὰ
1153 1712 1297 1758 τούτου

63 1783 251 1846 Νέαρχος
273 1782 442 1844 γνώμῆν
468 1779 672 1837 ποιέεται,
698 1779 802 1832 ὅκως
821 1779 1077 1835 ἀναδήσεται
1101 1781 1200 1842 πρὸς
1222 1785 1297 1841 βα-

65 1852 199 1900 σιλέα.
272 1853 320 1913 (9)
343 1851 452 1898 Τότε
483 1850 556 1909 μὲν
587 1848 636 1904 δὴ
671 1849 739 1895 ἐπὶ
769 1849 841 1902 τὰς
872 1848 964 1901 νέας
998 1851 1195 1905 ἀπῆλθον·
1221 1849 1298 1894 ὑπὸ

0 1942 39 1971 25
67 1920 108 1968 δὲ
137 1920 212 1978 τὴν
247 1919 302 1966 ἔω
323 1918 394 1972 τὰς
425 1919 517 1972 νέας
540 1918 781 1976 ἐνεώλκεεν,
819 1920 1038 1974 ἐπισκευῆς
1065 1938 1110 1964 τε
1139 1918 1297 1976 εἵνεκα,

64 1989 157 2037 ὅσαι
181 1989 334 2036 αὐτέων
368 1988 477 2035 κατὰ
506 1987 572 2034 τὸν
602 1988 726 2034 πλόον
761 1988 1071 2045 πεπονήκεσαν,
1108 1988 1178 2034 καὶ
1210 1988 1299 2048 ἅμα

63 2061 126 2107 ὅτι
146 2063 186 2105 ἐν
207 2061 263 2121 τῷ
280 2058 405 2122 χώρῳ
427 2057 558 2120 τούτῳ
578 2058 874 2103 ὑπολείπεσθαί
897 2060 932 2103 οἱ
956 2057 1092 2103 ἐδόκεε
1115 2057 1182 2103 τὸν
1203 2060 1300 2103 πολ-

65 2129 133 2174 λὸν
158 2127 346 2189 στρατόν·
373 2126 450 2189 (10)
471 2126 639 2189 χάρακά
667 2146 709 2172 τε
734 2118 790 2172 ῶν
813 2127 1108 2188 περιὸάλλεται
1133 2128 1297 2172 διπλόον

65 2197 132 2243 ἐπὶ
145 2200 202 2258 τῷ
222 2197 496 2256 ναυστάθμῳ,
522 2195 594 2239 καὶ
620 2202 753 2255 τεῖχος
779 2195 916 2254 γήινον
949 2195 1020 2239 καὶ
1044 2195 1195 2258 τάφρον
1217 2199 1295 2256 βα-

4 2283 47 2313 εο
66 2265 181 2322 θέην,
205 2265 285 2309 ἀπὸ
308 2269 379 2309 τοῦ
398 2268 588 2323 ποταμοῦ
609 2267 681 2317 τῆς
704 2262 830 2324 ὄχθης
847 2262 1095 2323 ἀρξάμενος,
1117 2263 1208 2308 ἔστε
1231 2263 1299 2309 ἐπὶ

62 2335 130 2380 τὸν
155 2332 339 2394 αἰγιαλὸν
358 2369 369 2391 ‚
394 2331 462 2377 ἰ’να
496 2334 538 2376 αἱ
562 2331 644 2383 νέες
664 2333 775 2394 αὐτῷ
800 2331 1086 2394 ἀνειρυσμέναι
1108 2325 1231 2387 ἦσαν,

128 2403 337 2450 XXXIV.
375 2402 449 2447 Ἐν
477 2394 514 2464 ᾧ
535 2402 576 2445 δὲ
596 2404 617 2445 ὃ
641 2400 830 2462 Νέαρχος
852 2405 982 2446 ταῦτα
1009 2400 1204 2461 ἐκόσμεε,
1229 2405 1299 2457 τῆς

65 2472 207 2535 χώρης
228 2474 248 2515 ὃ
269 2470 454 2532 ὕπαρχος
476 2468 734 2530 πεπυσμένος
753 2470 856 2521 ὅκως
879 2471 919 2514 ἐν
936 2469 1096 2531 μεγάλῃ
1121 2469 1299 2532 φροντίδι

66 2541 154 2603 ἔχοι
177 2539 438 2600 Ἀλέξανδρος
465 2537 517 2583 τὰ
542 2537 647 2600 ἀμφὶ
668 2536 736 2582 τὸν
763 2538 904 2583 στόλον
928 2541 1093 2596 τοῦτον,
1120 2537 1224 2598 μέγα
1249 2537 1298 2593 δή

0 2632 42 2662 35
63 2629 102 2654 τι
120 2608 159 2661 ἐξ
176 2606 436 2669 Ἀλεξάνδρου
461 2606 611 2667 ἀγαθὸν
633 2605 681 2651 ἂν
707 2605 809 2666 ἔγνω
826 2606 1065 2666 πείσεσθαι,
1090 2608 1124 2650 εἷ
1140 2607 1300 2667 πρῶτός

63 2672 101 2724 οἷ
139 2675 400 2738 ἀπαγγείλειε
434 2679 506 2721 τοῦ
543 2676 718 2737 στρατοῦ
753 2673 828 2730 τὴν
873 2674 1080 2737 σωτηρίην
1121 2674 1192 2719 καὶ
1228 2680 1298 2720 τοῦ

63 2746 281 2808 Νεάρχου,
316 2744 378 2789 ὅτι
408 2745 452 2790 οὗ
473 2744 614 2807 πολλῷ
641 2743 808 2806 ὕστερον
835 2742 1020 2796 ἀπίξεται
1049 2745 1088 2795 ἐς
1110 2742 1201 2805 ὄψιν
1225 2742 1298 2798 τὴν

65 2816 269 2878 βασιλέος.
342 2813 390 2876 (2)
409 2815 534 2861 Οὕτω
551 2814 600 2870 δὴ
620 2814 695 2870 τὴν
712 2814 977 2877 βραχυτάτην
998 2812 1150 2865 ἐλάσας
1165 2815 1297 2874 ἀπαγ-

64 2885 199 2946 γέλλει
225 2883 503 2946 Ἀλεξάνδρῳ,
538 2883 601 2929 ὅτι
624 2883 814 2947 Νέαρχος
844 2877 956 2935 οῧτος
986 2882 1186 2946 προσάγει
1218 2883 1299 2927 ἀπὸ

23 2957 145 3011 οτῶν
181 2957 300 3002 νεῶν.
369 2953 475 3001 Τότε
510 2951 583 3014 μὲν
619 2953 667 3010 δὴ
702 2954 850 3014 καίπερ
873 2951 1078 2997 ἀπιστέων
1106 2954 1165 3013 τῷ
1190 2951 1299 3014 λόγῳ

65 3024 344 3085 Ἀλέξανδρος,
366 3022 475 3069 ἀλλὰ
496 3023 626 3085 ἐχάρη
652 3041 698 3083 γε
721 3021 829 3067 κατὰ
851 3021 897 3067 τὸ
918 3020 1022 3073 εἰκὸς
1040 3024 1090 3083 τῇ
1113 3021 1297 3082 ἀγγελίῃ.

66 3093 117 3156 (3)
143 3093 213 3145 Ὡς
233 3094 274 3138 δὲ
294 3094 431 3155 ἡμέρη
452 3111 495 3137 τε
518 3094 624 3148 ἄλλη
650 3090 691 3144 ἐξ
717 3091 844 3146 ἄλλης
864 3090 1040 3151 ἐγίνετο,
1071 3090 1140 3135 καὶ
1164 3089 1300 3142 ξυντι-

66 3162 172 3207 θέντι
195 3164 307 3225 αὐτῷ
327 3166 397 3218 τῆς
429 3162 620 3224 ἀγγελίης
643 3160 710 3206 τὸν
745 3159 890 3222 χρόνον
911 3158 1046 3205 οὐκέτι
1083 3159 1210 3204 πιστὰ
1248 3158 1299 3203 τὰ

68 3229 347 3290 ἐξηγγελμένα
368 3231 574 3293 ἐφαίνετο,
596 3232 645 3290 (4)
664 3228 924 3289 πεμπόμενοί
941 3248 983 3274 τε
1002 3228 1119 3274 ἄλλοι
1137 3228 1199 3273 ἐπ’
1225 3228 1300 3273 ἀλ-

28 3316 46 3345 5
67 3301 195 3345 λοισιν
220 3302 274 3350 ὡς
291 3299 357 3343 ἐπὶ
379 3301 530 3361 κομιδῇ
550 3303 619 3344 τοῦ
644 3298 836 3360 Νεάρχου
851 3335 862 3356 ,
883 3301 919 3344 οἳ
941 3298 1016 3358 μέν
1038 3317 1141 3350 τινες
1164 3297 1299 3358 ὀλίγον

68 3371 140 3423 τῆς
159 3369 251 3412 ὁδοῦ
269 3367 529 3429 προελθόντες
548 3366 657 3412 κενοὶ
674 3368 906 3429 ἐπανῄεσαν
923 3366 1052 3412 οὐδενὶ
1075 3366 1299 3429 ἐγκύρσαν-

68 3455 133 3488 τες
148 3470 160 3492 ,
181 3437 216 3480 οἳ
241 3434 283 3479 δὲ
305 3435 375 3480 καὶ
393 3435 639 3498 πορρωτέρω
667 3435 868 3493 ἐλθόντες,
904 3435 974 3480 καὶ
1009 3435 1302 3497 διαμαρτόντες

2509 189 2593 233 355

1366 274 1451 316 bat.
1513 276 1576 329 (3)
1597 277 1676 317 Hic
1697 276 1870 318 navibus
1899 277 2069 330 egressi,
2091 278 2239 332 cupide
2262 293 2286 319 a
2316 288 2378 321 tot
2399 285 2599 338 tantisque

1366 349 1576 392 laboribus
1595 352 1874 407 conquierunt
1888 366 1983 393 cum
1993 350 2179 406 jucunda
2194 361 2255 394 tot
2272 355 2489 410 malorum,
2511 374 2600 415 quae

1367 428 1472 467 mari
1487 428 1668 483 perpessi
1698 426 1877 478 fuerant,
1903 436 1944 468 et
1966 427 2077 483 apud
2092 429 2302 483 regionem
2326 432 2600 490 Ichthyopha-

1367 516 1514 555 gorum
1526 534 1536 553 ,
1558 503 1845 546 recordatione
1856 535 1868 555 ,
1885 503 2065 546 desertas
2083 507 2270 560 regiones
2284 539 2295 558 ,
2324 508 2510 552 efferatos
2525 513 2599 554 ho-

1366 578 1527 629 mines,
1563 593 1768 621 summam
1796 595 1937 622 rerum
1972 583 2160 623 omnium
2191 585 2374 640 inopiam
2405 590 2602 630 memoria

1365 653 1604 696 recolentes.
1667 657 1730 710 (4)
1745 655 1927 709 Quidam
1946 672 2044 698 vero
2062 673 2191 713 quum
2207 661 2378 702 interius
2389 665 2603 705 remotius-

1366 743 1447 785 que
1468 745 1492 772 a
1508 731 1614 772 mari
1635 733 1840 788 progressi
1862 733 1914 775 ab
1933 735 2116 776 exercitu
2137 734 2467 791 sejungerentur,
2501 741 2602 782 alius

1366 803 1477 844 aliud
1496 814 1724 861 quaerentes
1744 820 1753 847 :
1773 806 1836 862 (5)
1860 816 2046 864 repertus
2064 817 2124 850 est
2142 809 2193 851 ab
2216 811 2272 851 eis
2298 811 2465 866 quidam
2487 815 2601 855 Grae·

1366 876 1508 918 canica
1536 877 1750 934 chlamyde
1784 878 2026 935 reliquoque
2047 881 2194 922 habitu
2228 883 2373 923 Graeco
2408 883 2599 937 indutus,

1366 957 1407 989 et
1437 949 1578 1004 lingua
1598 952 1742 993 Graeca
1761 951 1958 1007 loquens,
1989 953 2040 994 ad
2070 953 2186 1009 cujus
2218 956 2398 1010 primum
2431 971 2600 1013 conspe-

1366 1029 1479 1062 ctum
1506 1022 1801 1065 collacrimatos
1830 1023 1969 1066 ferunt
1994 1039 2004 1066 ε
2036 1024 2139 1067 adeo
2169 1041 2324 1068 novum
2347 1037 2469 1083 atque
2491 1030 2601 1071 inso-

1365 1089 1452 1132 lens
1487 1093 1537 1133 iis
1574 1093 1791 1135 videbatur
1815 1103 1908 1150 post
1941 1103 2002 1136 tot
2031 1097 2136 1138 mala
2163 1098 2375 1141 hominem
2412 1102 2603 1143 Graecum

1366 1179 1534 1206 cernere
1552 1174 1593 1206 et
1615 1167 1803 1208 Graecam
1822 1182 1965 1209 vocem
1984 1167 2144 1210 audire.
2207 1172 2270 1225 (6)
2291 1174 2603 1227 Interrogarunt

1365 1238 1519 1293 itaque,
1548 1238 1660 1280 unde
1679 1241 1850 1292 veniret,
1869 1250 1909 1282 et
1924 1243 2016 1296 quis
2031 1251 2147 1283 esset.
2207 1243 2279 1284 Ille
2295 1259 2336 1285 se
2352 1245 2403 1286 ab
2421 1248 2604 1287 exercitu

1366 1309 1590 1352 Alexandri
1631 1311 1863 1367 sejunctum
1905 1328 1990 1354 esse
2031 1314 2268 1369 respondit,
2313 1325 2526 1372 castraque
2566 1328 2606 1360 et

1366 1382 1502 1437 ipsum
1522 1383 1804 1426 Alexandrum
1822 1384 1936 1426 haud
1954 1386 2099 1441 procul
2114 1386 2274 1428 abesse.
2305 1388 2368 1442 (7)
2390 1384 2512 1430 Hunc
2533 1390 2607 1431 ho·

1366 1456 1523 1497 minem
1546 1457 1623 1512 ipsi
1643 1457 1859 1498 confestim
1882 1458 2032 1512 gaudio
2055 1459 2283 1502 exultantes
2304 1460 2357 1501 ad
2371 1462 2606 1503 Nearchum

1367 1527 1581 1569 adducunt
1606 1542 1616 1569 :
1643 1530 1714 1584 qui
1737 1545 1826 1571 rem
1841 1545 2008 1571 omnem
2023 1531 2061 1571 ei
2077 1531 2231 1582 retulit,
2256 1542 2470 1588 castraque
2492 1542 2532 1574 et
2546 1549 2607 1575 re·

1372 1616 1463 1655 gem
1479 1604 1664 1658 quinque
1679 1603 1841 1646 dierum
1860 1605 2007 1646 itinere
2022 1620 2046 1646 a
2072 1606 2178 1646 mari
2199 1605 2354 1647 abesse.
2416 1609 2480 1660 (8)
2496 1610 2604 1648 Prae-

1369 1675 1500 1716 sidem
1542 1677 1665 1717 etiam
1698 1678 1807 1719 illius
1837 1680 2015 1733 regionis
2047 1679 2237 1721 Nearcho
2270 1688 2531 1721 ostensurum
2565 1695 2607 1722 se

1369 1745 1475 1787 dixit
1504 1755 1545 1788 et
1579 1747 1779 1799 ostendit;
1813 1758 1903 1790 tum
1924 1751 2136 1791 Nearchus
2168 1765 2265 1792 cum
2305 1766 2355 1792 eo
2387 1753 2604 1793 consilium

1370 1822 1492 1877 capit,
1510 1837 1594 1877 quo
1613 1832 1734 1879 pacto
1752 1823 1804 1864 ad
1818 1838 1954 1878 regem
1974 1811 2223 1866 adscendere
2241 1827 2385 1880 possit.
2409 1827 2472 1880 (9)
2491 1829 2609 1868 Tunc

1370 1898 1538 1953 quidem
1558 1899 1611 1940 ad
1629 1900 1797 1942 classem
1816 1915 1902 1943 sese
1918 1903 2136 1957 recipiunt.
2197 1901 2399 1943 Postridie
2422 1917 2519 1944 vero
2534 1905 2610 1946 sub

1363 1974 1508 2016 ¹lucem
1536 1976 1713 2017 subduci
1742 1992 1864 2018 naves
1881 1976 2016 2032 jubet,
2041 1979 2192 2033 partim
2214 1987 2262 2019 ut
2285 1993 2379 2033 quae
2407 1980 2484 2020 ista
2502 1982 2612 2020 navi-

1370 2052 1546 2104 gatione
1571 2060 1768 2107 quassatae
1804 2062 1920 2094 erant
1936 2085 1948 2103 ‚
1983 2053 2272 2104 reficerentur,
2309 2055 2460 2109 partim
2498 2055 2610 2110 quod

1372 2136 1566 2176 magnam
1605 2124 1808 2164 exercitus
1839 2132 1998 2178 partem
2033 2124 2090 2164 ibi
2126 2124 2360 2178 relinquere
2396 2132 2607 2166 statuerat.

1372 2196 1461 2247 (10)
1483 2194 1647 2249 Duplici
1666 2195 1805 2248 itaque
1819 2194 1924 2234 vallo
1936 2203 1976 2235 et
1989 2209 2132 2248 aggere
2148 2203 2283 2235 terreo
2303 2195 2444 2236 navale
2466 2197 2607 2249 cingit,

1371 2266 1602 2321 fossamque
1629 2265 1880 2321 profundam
1898 2280 1921 2306 a
1945 2266 2036 2320 ripa
2059 2266 2240 2306 fluminis
2269 2265 2321 2307 ad
2352 2280 2442 2306 eam
2461 2265 2608 2307 littoris

1370 2347 1545 2392 partem,
1564 2340 1606 2378 in
1623 2352 1748 2392 quam
1777 2352 1899 2379 naves
1917 2337 2129 2378 subductae
2145 2346 2276 2387 erant,
2296 2337 2427 2378 ducit.

1426 2410 1625 2450 XXXIV.
1657 2411 1819 2449 Interea
1853 2407 1956 2448 dum
1990 2408 2078 2448 haec
2109 2422 2131 2448 a
2163 2407 2352 2448 Nearcho
2389 2417 2604 2464 parantur,

1369 2496 1516 2538 praeses
1532 2483 1728 2536 regionis,
1747 2462 1878 2537 quuni
1895 2481 2072 2522 audisset
2088 2480 2372 2523 Alexandrum
2385 2482 2608 2523 vehemen-

1369 2562 1433 2595 ter
1469 2554 1522 2595 de
1557 2554 1681 2595 classe
1716 2553 1795 2594 hac
1830 2553 2049 2594 sollicitum
2078 2567 2186 2603 esse,
2212 2567 2409 2607 magnum
2443 2553 2608 2607 aliquod

1371 2640 1524 2667 munus
1564 2641 1606 2666 se
1639 2625 1691 2666 ab
1722 2624 1962 2667 Alexandro
1993 2633 2259 2680 accepturum
2295 2624 2515 2665 arbitratus
2530 2656 2541 2674 ‚
2575 2625 2609 2665 si

1370 2699 1528 2752 primus
1553 2698 1765 2738 nuntiaret
1792 2698 2017 2737 exercitum
2034 2696 2191 2739 salvum
2211 2710 2296 2736 esse
2317 2705 2358 2736 et
2375 2695 2610 2737 Nearchum

1369 2769 1611 2826 propediem
1638 2771 1682 2810 in
1704 2777 1972 2825 conspectum
2002 2770 2109 2823 regis
2125 2777 2347 2809 venturum
2368 2782 2376 2808 :
2395 2769 2467 2823 (2)
2500 2782 2610 2808 com-

1370 2842 1526 2897 pendio
1564 2843 1639 2883 viae
1664 2843 1790 2892 inito,
1810 2840 2092 2882 renuntiabat
2120 2839 2358 2882 Alexandro
2379 2839 2610 2880 Nearchum

1371 2932 1392 2957 a
1407 2917 1581 2957 navibus
1599 2917 1757 2956 venire.
1817 2914 2052 2956 Alexander
2068 2914 2227 2955 tametsi
2239 2913 2362 2954 fidem
2379 2912 2465 2968 ejus
2480 2912 2611 2953 verbis

1370 3004 1457 3030 non
1474 2989 1659 3039 haberet,
1679 3002 1871 3043 magnam
1891 2995 2028 3028 tamen
2045 3018 2056 3037 ,
2076 2995 2123 3027 ut
2139 3001 2214 3042 par
2233 2994 2307 3036 est,
2328 3000 2377 3025 ex
2393 2999 2442 3026 eo
2461 2985 2608 3024 nuntio

1371 3063 1555 3103 laetitiam
1580 3061 1702 3116 cepit.
1764 3061 1827 3114 (3)
1844 3062 1987 3112 Quum
2006 3073 2104 3099 vero
2128 3057 2229 3098 alius
2249 3072 2297 3097 ex
2328 3056 2407 3096 alio
2429 3055 2515 3095 dies
2532 3063 2608 3094 tra·

1371 3134 1553 3184 heretur‚
1586 3141 1625 3173 et
1644 3141 1821 3186 tempus,
1853 3145 1904 3171 ex
1933 3144 2016 3184 quo
2044 3130 2237 3169 nuntium
2266 3127 2428 3168 allatum
2452 3125 2596 3173 suerat,

1372 3206 1599 3248 conserenti
1616 3219 1700 3246 non
1717 3203 1802 3258 jam
1822 3203 1996 3258 amplius
2016 3201 2227 3242 credibilia
2242 3199 2479 3240 viderentur
2496 3213 2622 3247 nun--

1372 3281 1494 3330 tiata3
1523 3280 1584 3335 (4)
1608 3290 1817 3333 quumque
1847 3275 1913 3315 alii
1935 3283 2056 3329 atque
2071 3273 2163 3323 alii,
2185 3273 2256 3327 qui
2277 3271 2511 3312 Nearchum
2538 3271 2607 3312 ad-

1372 3359 1584 3407 veherent,
1620 3356 1756 3404 missi,
1791 3353 1942 3408 partim
1976 3350 2143 3406 quidem
2165 3348 2380 3405 paululum
2410 3349 2484 3391 viae
2513 3363 2608 3404 pro-

1374 3431 1500 3487 gressi
1516 3429 1631 3470 vacui
1650 3427 1847 3476 redirent,
1870 3439 2000 3479 quum
2020 3423 2122 3464 nulli
2142 3423 2440 3473 occurrissent,
2461 3421 2610 3476 partim

79 3516 2612 3550 M

78 3594 187 3636 from
200 3593 337 3634 which
347 3607 444 3643 waS,
456 3602 497 3634 at
511 3607 589 3634 one
597 3594 712 3644 time,
722 3593 843 3634 made
857 3608 881 3634 a
893 3594 1000 3634 wine
1015 3594 1141 3634 called
1152 3594 1310 3634 amber-

72 3655 241 3706 rosolio,
274 3655 474 3710 generally
494 3654 737 3695 considered
760 3655 830 3695 the
848 3656 973 3696 white
994 3656 1101 3696 wine
1123 3656 1171 3696 of
1183 3656 1309 3696 Kish-

72 3718 192 3769 mah3
205 3718 282 3758 but
292 3731 348 3758 no
359 3717 467 3758 wine
485 3718 518 3757 is
531 3716 652 3758 made
662 3717 738 3758 her
757 3732 867 3758 now.
890 3726 969 3759 etc.
989 3718 1125 3772 {1—2.
1141 3717 1164 3758 ἀ
1177 3733 1195 3760 ν
1208 3734 1260 3760 επ
1271 3720 1306 3774 .]

75 3779 259 3823 ἐπαύοντο
274 3782 333 3830 Α;
367 3778 629 3821 ἀνεπαύσαντο
655 3781 705 3820 L.
738 3780 755 3834 ss
779 3803 836 3810 —
851 3781 892 3821 3.
918 3781 1014 3820 ὅσσα
1031 3780 1129 3821 κατὰ
1150 3779 1219 3832 τὴν
1242 3782 1308 3822 θά-

74 3844 223 3884 λασσαν
243 3842 340 3885 κακὰ
365 3859 454 3884 πεπ.
469 3843 551 3884 BC.
572 3843 588 3897 ΙΙ
607 3866 664 3873 —-
682 3854 751 3883 21.
766 3841 911 3883 ὕπατον
928 3845 980 3883 Α.
1004 3843 1021 3896 Η
1041 3865 1096 3872 —-
1118 3844 1186 3883 23.
1218 3843 1309 3898 πρὸς

75 3906 142 3949 τὸν
161 3906 249 3961 βασ.
266 3905 384 3947 Bodl.
408 3906 424 3960 (1
440 3930 497 3936 -
512 3907 580 3954 24.
599 3903 764 3956 ἀνῆλθεν
779 3906 827 3946 Β.
844 3929 900 3935 --
912 3904 980 3945 25.
997 3904 1206 3946 ἀνεώλκεεν
1220 3908 1306 3947 ΑΒ.

133 3970 333 4020 XXXIV,
353 3969 420 4018 34.
446 3969 544 4024 μέγα
566 3967 613 4019 δή
629 3982 666 4008 τι
685 3966 831 4023 ἀγαθὸν
848 3966 885 4015 ἐξ
905 3965 983 4008 Ἇλ.
1003 3968 1047 4008 ἂν
1071 3968 1172 4024 ἔγνω
1183 3969 1305 4010 BCD.

1387 3594 1402 3647 (Ι
1423 3617 1478 3622 -—
1503 3592 1570 3631 36.
1594 3588 1629 3628 οἱ
1645 3602 1728 3628 om.
1745 3586 1867 3626 BCD.
1891 3584 1979 3638 11-
2005 3583 2072 3625 36.
2093 3581 2163 3634 τὴν
2184 3581 2429 3637 σωτηρίην...
2457 3578 2610 3632 ὕστερον

1381 3669 1466 3695 om.
1489 3654 1535 3694 C.
1572 3653 1664 3704 11—-
1687 3650 1755 3690 38.
1786 3646 1838 3698 δὴ
1865 3644 1948 3697 τὴν
1970 3648 1985 3699 ]
2007 3645 2055 3697 δή
2070 3661 2108 3686 τι
2135 3643 2206 3695 τὴν
2225 3646 2277 3686 Α.
2307 3644 2401 3698 (1-
2425 3640 2610 3695 ἐπαγγέλ-

1381 3717 1441 3757 λει
1473 3718 1527 3756 D.
1556 3714 1571 3767 ll
1598 3736 1654 3743 —-
1677 3714 1745 3760 41.
1781 3708 1884 3749 ἀλλὰ
1906 3723 1992 3750 om.
2028 3710 2078 3749 L.
2115 3707 2212 3762 (1-
2234 3709 2303 3755 44.
2333 3704 2530 3759 ἐφαίνοντο
2558 3703 2605 3740 L.

1387 3780 1402 3834 ΙΙ
1424 3802 1480 3810 -
1495 3780 1563 3826 46.
1585 3777 1650 3825 τῆς
1672 3773 1762 3813 ὁδοῦ
1778 3771 2029 3827 προελθόντες
2054 3769 2119 3811 καὶ
2140 3767 2267 3810 οὒδενὶ
2283 3765 2528 3820 ἐγκύρσαντες
2548 3775 2608 3800 κε-

1383 3841 1442 3882 νοὶ
1459 3838 1667 3894 ἐπανῄεσαν
1691 3837 1749 3886 Α;
1774 3837 1842 3886 τῆς
1862 3834 1952 3874 ὁδοῦ
1968 3832 2219 3888 προελθόντες
2233 3828 2298 3870 καὶ
2314 3824 2583 3881 διαμαρτόντες
2595 3853 2605 3871 ,

1381 3903 1538 3945 omissis
1567 3899 1701 3940 verbis
1721 3898 1876 3939 κενοὶ...
1898 3896 2125 3952 πορρωτέρω
2149 3892 2342 3941 ἐλθόντες,
2367 3889 2488 3929 BCD.
2517 3885 2532 3938 ΙΙ
2555 3908 2610 3915 -

1380 3971 1448 4020 47.
1468 3964 1531 4006 καὶ
1553 3971 1644 4004 ante
1662 3975 1773 4016 πορρ.
1805 3975 1856 4001 ex
1878 3961 1914 4001 A
1937 3957 2032 3999 add.
2065 3955 2208 3996 Dfibn.
2406 4024 2425 4054 3

2384 4025 2403 4056 2
2429 4044 2439 4054 .
