2756 4354
0 1590 5 1661 ‘l
23 1620 25 1622 .

216 226 1188 363 ΣΚΥΛΑΚΟΣ

460 433 935 487 ΚΑΡΥΑΝΔΕΩΣ

362 599 1055 688 ΠΕΡΙΠΛΟΥΣ

143 775 240 813 ΤΗΣ
269 772 519 811 ΘΛΛΑΣΣΗΣ
548 743 644 810 ΤΗΣ
677 770 997 808 ΟΙΚΟΥΜΕΝΗΣ
1036 769 1265 806 Ermum:

429 843 515 879 ΚΑΙ
537 842 672 879 ΑΣΙΑΣ
696 842 779 879 ΚΑΙ
801 836 991 878 ΛΙΒΥΗΣ

76 974 139 1010 καὶ
159 971 231 1009 ὅσα
256 972 318 1008 καὶ
339 971 450 1008 ὁποῖα
484 970 567 1015 ἔθνη
585 971 740 1017 ἕκαστα,
760 971 839 1015 ἑξῆς
862 970 926 1006 καὶ
947 972 1065 1017 χῶραι
1084 969 1146 1005 καὶ
1175 968 1314 1016 λιμένες

126 1030 188 1066 καὶ
208 1029 368 1075 ποταμοὶ
384 1028 446 1064 καὶ
463 1027 537 1063 ὅσα
557 1027 655 1074 μήκη
672 1030 744 1063 τῶν
763 1027 881 1072 πλῶν,
899 1026 962 1063 καὶ
985 1028 1023 1063 αἱ
1039 1029 1147 1070 νῆσοι
1166 1027 1203 1062 αἱ
1220 1024 1313 1062 ἑπτὰ

127 1087 164 1122 αἱ
183 1085 407 1134 οἰκούμεναι,
425 1083 552 1121 καθότι
573 1083 711 1128 ἑκάστη
731 1087 848 1121 κεῖται
867 1087 930 1129 τῆς
952 1082 1117 1131 ἠπείρου.

540 1352 849 1405 ΕΥΡΩΠΗ.

139 1508 337 1572 Ἄρξομαι
358 1508 399 1553 δὲ
424 1507 505 1553 ἀπὸ
535 1507 796 1570 (Ηρακλείων
820 1509 982 1563 στηλῶν
998 1510 1079 1553 τῶν
1099 1509 1140 1552 ἓν
1155 1511 1207 1570 τῇ
1230 1509 1314 1554 Εὗ-

83 1577 348 1643 ρώπῃ*μέχρι
378 1576 636 1639 Ἡρακλείων
672 1578 834 1632 στηλῶν
871 1578 952 1620 τῶν
986 1577 1028 1620 ἓν
1064 1579 1115 1637 τῇ
1150 1575 1313 1636 Ateii-33,

85 1649 148 1697 καὶ
171 1649 292 1711 μέχρι
311 1647 521 1694 Αἰθιόπων
544 1649 626 1692 τῶν
648 1645 856 1707 μεγάλων.
929 1646 1021 1692 Εἰσὶ
1041 1645 1082 1690 δὲ
1121 1645 1311 1701 ἀλλήλων

20 1772 23 1775 ,
83 1718 322 1781 καταντικρυ
341 1721 383 1764 αἱ
402 1717 645 1781 Ηράκλειοι
666 1719 836 1776 στ’ἧλαι,
855 1736 925 1762 και
948 1717 1173 1778 ἀπέχουσιν
1191 1717 1315 1772 ἀλλή-

0 2061 21 2125 t

38 1795 155 1840 λων
175 1791 301 1835 πλοῦν
321 1787 496 1850 ἡμερας.
530 1786 546 1851 [
569 1787 652 1834 Και
670 1806 786 1842 νησοι
810 1786 1022 1831 ἓνταυθα”
1000 1805 1132 1832 επεισι
1146 1786 1230 1842 δυο,
1251 1781 1314 1838 αἷς

18 1985 21 1988 ’
79 1888 106 2077 ἱ
134 1969 319 2024 Periplus
346 1976 485 2008 noster
509 1976 641 2008 exstat
674 1969 718 2008 in
751 1967 887 2008 codice
924 1969 1120 2010 Parisino
1151 1972 1205 2011 N.
1236 1970 1315 2019 443

107 2033 220 2088 uppl.
255 2046 299 2086 p.
334 2035 488 2085 62-107
524 2039 566 2071 et
595 2031 638 2071 in
673 2031 920 2086 apographis
963 2030 1086 2085 hujus
1121 2031 1314 2082 duobus,

76 2110 256 2151 quorum
280 2094 453 2134 alterum
479 2101 540 2133 est
562 2094 606 2133 in
629 2092 765 2133 codice
787 2092 1051 2133 Palatino-V
1047 2093 1237 2144 alienun,
1262 2095 1315 2135 N.

81 2162 180 2209 142,
202 2158 273 2198 fol.
305 2160 386 2197 216
410 2171 445 2196 r.
462 2157 570 2196 -236
591 2170 626 2196 r.
642 2187 654 2205 ,
686 2155 860 2195 alterum
896 2156 940 2195 in
975 2155 1111 2196 codice
1140 2160 1318 2197 Hervor-

79 2221 192 2261 tiano
220 2220 308 2260 sive
336 2218 575 2260 Monacensi
592 2219 645 2258 N.
677 2217 780 2267 556,
807 2217 877 2257 fol.
901 2218 954 2266 34
977 2233 1011 2258 r.
1028 2218 1112 2272 -59
1144 2234 1232 2260 vso,
1267 2222 1318 2260 In

77 2283 314 2323 Monacensi
339 2290 547 2336 postrema
581 2280 732 2334 Peripli
768 2294 864 2334 pars
901 2279 1177 2332 desideratum
1220 2297 1316 2323 nam

77 2345 228 2385 desinit
247 2343 378 2384 codex
395 2344 439 2382 in
460 2343 585 2383 verba
599 2342 664 2382 καὶ
678 2339 798 2397 λιμὴν
815 2343 1054 2397 Μυρίανῧρος
1072 2342 1085 2399 (
1102 2358 1144 2398 p.
1170 2346 1224 2392 40
1245 2344 1312 2385 ed.

77 2406 263 2447 Hudson.
287 2404 320 2461 ).
345 2404 508 2446 Titulus
544 2405 602 2445 ita
634 2404 759 2444 habet
789 2405 833 2444 in
861 2406 1046 2446 Parisino
1073 2419 1082 2446 ε
1122 2405 1317 2455 Σκύλακος

77 2469 321 2523 Καρυανδὲως
354 2466 567 2521 Περίπλους
588 2468 655 2517 τῆς
682 2465 920 2521 οἰκουμένης.
943 2466 1104 2507 Deinde
1131 2469 1317 2522 sequitur

76 2532 308 2572 scholium:
336 2528 485 2576 Σκύλαξ
514 2529 535 2568 ὁ
559 2528 795 2583 Καρυανδεῦς
824 2528 1078 2584 ἀρχαιότατος
1116 2531 1182 2585 μέν
1213 2530 1314 2572 ἐστιν

78 2592 173 2647 ἀνήρ
200 2592 306 2641 κτλ.,
339 2590 453 2646 quod
482 2592 525 2631 in
560 2590 868 2644 Prolegomenis
908 2592 1017 2632 inter
1038 2600 1223 2632 veterum
1263 2593 1316 2635 de

72 2655 237 2711 Scylace
258 2654 494 2695 testimonia
516 2655 800 2709 apposuimuS.
822 2656 921 2694 Post
942 2654 1030 2694 haee
1043 2669 1086 2709 p.
1103 2655 1171 2705 63,
1196 2655 1270 2697 lin.
1290 2656 1312 2698 5

72 2717 174 2758 alter
191 2717 332 2758 titulus
348 2716 535 2771 sequitur
557 2730 566 2757 :
589 2716 802 2771 Περίπλους
816 2718 883 2767 τῆς
899 2715 1093 2768 θαλάσσης
1107 2721 1175 2769 τῆς
1193 2717 1317 2759 οἰκου-

55 2782 188 2835 μένης
214 2781 321 2831 κτλ.,
356 2782 418 2821 uti
455 2793 581 2835 supra
602 2779 735 2833 legere
762 2788 837 2820 est.
874 2782 922 2820 In
950 2781 1136 2821 Palatino
1172 2781 1314 2823 codice

74 2844 255 2897 primum
276 2843 402 2883 habes
435 2843 747 2897 inscriptionem
774 2856 783 2883 :
812 2842 968 2891 Σκύλαξ
989 2843 1010 2883 ὁ
1048 2843 1309 2898 Καρυανδεὺς,

72 2903 223 2946 deinde
244 2906 446 2946 scholium
468 2904 570 2945 illud
589 2913 630 2945 et
653 2904 750 2946 libri
770 2906 958 2956 titulum,
980 2915 1028 2946 ut
1045 2907 1088 2946 in
1106 2908 1308 2949 Parisino.

75 2967 231 3009 Eodem
247 2968 372 3009 modo
386 2968 511 3009 habet
526 2967 622 3008 cod.
640 2969 920 3019 Monacensis,
934 2970 1012 3010 nisi
1030 2968 1143 3024 quod
1159 2984 1206 3010 63
1221 2985 1312 3025 quae

73 3038 168 3070 ante
192 3019 425 3072 scholium
414 3047 459 3071 m
485 3030 609 3071 codd.
634 3032 728 3072 Par.
762 3039 803 3071 et
820 3031 948 3072 Palat.
986 3031 1193 3086 leguntur,
1218 3033 1312 3074 vide

60 3099 144 3132 ·1111
159 3093 355 3134 omisisse.
379 3092 613 3147 ΙΙ-ἒξῆς]
631 3092 668 3141 ἐξ
683 3088 727 3144 ἧς
741 3092 836 3134 cod.
854 3095 985 3135 Paris
1006 3064 1047 3147 no
1040 3094 1156 3135 -αἱ
1180 3093 1309 3149 ἑπτὰ]

76 3153 252 3196 Indiculi
280 3155 404 3210 hujus
425 3164 571 3197 auctor
602 3156 850 3197 tralaticium
883 3158 1007 3201 istum
1035 3159 1311 3200 maximarum

78 3217 299 3257 insularum
309 3232 529 3259 numerum
538 3220 816 3274 septenarium
824 3218 875 3260 de
884 3233 959 3260 suo
974 3220 1115 3260 intulit
1130 3221 1307 3273 incaute,

79 3279 414 3334 quandoquidem
450 3296 575 3337 quam
619 3281 895 3336 plurimarum
926 3283 1051 3322 situm
1083 3283 1311 3325 insularum

76 3341 221 3395 Scylax
244 3343 287 3382 in
297 3343 458 3398 Periplo
477 3345 648 3394 notavit,
662 3359 797 3399 neque
812 3359 987 3400 usquam
1000 3354 1156 3400 septem
1168 3361 1311 3388 earum

78 3411 273 3456 tanquam
307 3407 529 3460 praecipuas
554 3406 757 3448 distinxit.
789 3410 839 3448 In
864 3407 1048 3463 subjecto
1080 3418 1219 3450 autem
1250 3411 1312 3450 in-

80 3465 263 3505 sularum
299 3467 479 3521 catalogo
504 3467 518 3524 (
542 3471 564 3521 5
586 3469 698 3526 114)
733 3485 819 3511 non
856 3479 1034 3525 septem,
1067 3470 1140 3511 sed
1167 3472 1310 3525 viginti

77 3527 265 3567 maximae
286 3538 562 3570 rnecensentui
587 3532 756 3572 Fr·ust1a
782 3531 1018 3573 Dodwellus
1052 3548 1132 3574 scr.
1160 3547 1312 3589 propo-

77 3590 190 3629 suit:
215 3591 253 3628 αἱ
277 3588 370 3629 ἔπτὰ
390 3590 428 3629 αἱ
450 3592 623 3646 μέγισται
644 3593 710 3633 καὶ
732 3594 770 3634 αἱ
783 3594 844 3634 λο
838 3610 917 3636 ιπαι
936 3595 975 3635 αἱ
994 3611 1029 3635 οι
1019 3594 1068 3637 '7..

133 3653 215 3703 §L
243 3651 288 3691 αἱ
310 3649 619 3706 εΗροίκλειοι]
643 3655 682 3694 αἱ
703 3654 927 3710 Ηοακλείαι
949 3657 992 3698 11
1011 3658 1038 3698 l.
1057 3658 1203 3699 codex.
1225 3660 1311 3699 Ini-

79 3714 136 3753 tio
164 3722 308 3754 auctor
329 3713 628 3757 (161161131ῑάπο
658 3716 885 3771 Ἡρακλείου
906 3720 1049 3772 στήλης
1071 3724 1137 3772 τῆς
1157 3721 1194 3764 ἐν
1215 3722 1306 3777 Εὖρ.

77 3775 181 3816 κτλυ
155 3808 182 3826 .,
209 3791 305 3817 113111
334 3776 435 3817 duas
457 3786 617 3818 tantum
646 3779 857 3821 columnas
879 3797 966 3822 6556
998 3785 1139 3824 statuit
1165 3788 1187 3838 S
1215 3799 1307 3826 111.

78 3840 327 3892 Quanquam
349 3839 470 3879 variae
490 3838 542 3879 de
572 3854 744 3888 numero
771 3857 912 3883 earum
943 3847 1154 3886 sententiae
1175 3856 1308 3888 613111

79 3900 305 3956 Hesychius
329 3915 338 3942 :
363 3901 514 3953 Στήλας
532 3903 733 3958 διστόμους
747 3904 842 3952 τινὲς
856 3905 922 3952 τὰς
942 3905 1189 3961 Ἡρακλείους
1218 3909 1310 3960 στή-

77 3961 160 4014 λας,
186 3963 280 4004 ἔνιοι
300 3964 413 4013 αὐτὰς
430 3964 566 4016 νήσους
585 3964 686 4006 εἶναί
703 3982 830 4021 φασιν,
849 3968 885 4008 οἱ
906 3968 947 4009 δὲ
968 3972 1248 4026 προσχώματα,
1272 3972 1309 4012 οἱ

1572 239 2450 349 SCYLACIS

1776 436 2244 483 CARYANDENSIS

1713 598 2305 676 PERlPLUS

1391 767 1542 798 MAms
1576 767 1641 798 An
1681 767 1862 798 111011Α
1896 768 2142 799 HABITATA
2176 768 2385 802 EUROPAE
2412 773 2467 803 ET
2502 775 2622 806 ASIAE

1876 838 1934 868 ET
1969 838 2141 878 LIBYAE,

1390 968 1476 1002 item
1492 971 1579 1011 quot
1594 970 1629 1001 et
1644 967 1764 1010 quales
1775 957 1902 1010 gentes
1918 977 2088 1010 qnaequc·‚
2105 968 2271 1012 deinceps
2286 970 2390 1003 etiam
2409 974 2566 1013 regiones
2588 979 2624 1010 ct

1432 1026 1557 1067 portus
1583 1026 1618 1056 et
1635 1021 1731 1055 fluvii
1750 1025 1787 1056 et
1811 1025 1952 1064 quantae
1972 1022 2237 1063 navigationum
2264 1023 2516 1065 longitudinem
2540 1029 2623 1063 item

1433 1078 1621 1122 (septem)
1639 1077 1802 1112 habitatae
1818 1077 1954 1120 insutae,
1972 1080 2081 1122 prout
2096 1086 2245 1122 quoeque
2260 1078 2396 1121 adjacet
2411 1083 2619 1119 continenti.

1951 1223 2072 1231 —-—.

1871 1350 2135 1397 EUROPA.

1441 1516 1643 1570 Incipiam
1666 1514 1718 1555 ab
1747 1513 1958 1555 Herculeis
1988 1513 2201 1554 Columnis
2237 1528 2329 1569 quae
2358 1524 2454 1556 'sunt
2477 1517 2621 1570 inssEu-

1386 1582 1583 1641 ropa,[ac
1611 1574 1873 1639 progrediar]
1893 1597 2023 1638 usque
2056 1583 2109 1623 ad
2140 1584 2359 1636 Herculeas
2403 1586 2624 1628 Columnas

1386 1669 1477 1709 quae
1510 1655 1552 1694 in
1577 1654 1707 1709 Libya
1731 1662 1842 1703 sunt,
1875 1662 1916 1693 et
1937 1668 2068 1708 usque
2100 1653 2154 1693 ad
2185 1654 2396 1709 AEthiopes
2429 1670 2613 1709 magnos.

1386 1726 1490 1765 Sunt
1505 1738 1603 1764 vero
1623 1723 1700 1763 sibi
1716 1738 1766 1763 ex
1789 1723 1961 1764 adverso
1980 1723 2432 1774 HerculeaeColumnae,
2454 1724 2623 1766 distant-

1388 1809 1469 1848 que
1492 1794 1599 1833 inter
1621 1807 1663 1833 se
1678 1792 1760 1833 diei
1780 1793 1940 1833 itinere.
1967 1793 2049 1847 [Et
2072 1792 2212 1832 insulae
2234 1792 2289 1832 ibi
2310 1792 2495 1847 adjacent
2514 1794 2620 1846 duae,

2499 1906 2600 1913 ——.

1393 1969 1434 2010 δὲ
1452 1975 1528 2011 τῶν
1551 1970 1718 2026 ἠπείρων
1742 1971 1872 2025 ἄκρας,
1895 1970 1932 2010 οἱ
1960 1970 2001 2011 ’δὲ
2020 1971 2165 2021 πόλεις,
2187 1970 2253 2011 καὶ
2272 1971 2309 2011 οἱ
2336 1971 2401 2026 μὲν
2426 1973 2507 2022 δύο,
2531 1973 2566 2013 οἱ
2589 1974 2628 2014 δὲ

1391 2035 1507 2088 τρεῖς,
1530 2033 1622 2075 οἶδὲ
1642 2034 1747 2090 μίαν,
1773 2033 1866 2074 οἶδὲ
1885 2035 2078 2089 τέσσαρας.
2097 2033 2161 2074 Cf.
2187 2034 2390 2075 Gosselin.
2414 2036 2532 2076 Rech.
2558 2052 2631 2077 sm·

1392 2095 1434 2135 la
1460 2099 1596 2149 ge'ogr.
1624 2096 1788 2151 system.
1814 2105 1846 2136 t.
1867 2098 1944 2146 IV,
1972 2110 2015 2150 p.
2042 2097 2065 2136 3
2090 2110 2180 2151 sqq.
2216 2097 2362 2138 Ukert.
2396 2101 2538 2150 Geogr.
2563 2102 2625 2151 ΙΙ,

1395 2171 1412 2198 1
1431 2190 1441 2208 ,
1474 2173 1517 2214 p.
1552 2162 1649 2213 249.
1684 2159 1701 2211 ΙΙ
1738 2183 1796 2190 —
1821 2159 1975 2200 πλοῦν
2008 2157 2213 2214 ἡμέρας]
2248 2159 2404 2201 Eadem
2437 2161 2628 2204 distantia

1389 2218 1529 2260 denuo
1550 2229 1805 2260 memoratur
1826 2223 1848 2273 S
1873 2234 1947 2260 111
1973 2233 1982 2260 :
2009 2217 2119 2260 αῧται
2141 2221 2181 2261 δέ
2206 2220 2298 2261 εἰσιν
2322 2222 2433 2277 ἄκραι
2452 2239 2628 2266 καταντι-

1389 2282 1458 2336 κρὺ
1468 2281 1669 2334 ἀλλήλων·
1690 2284 1858 2337 διέχουσι
1873 2283 1913 2323 δὲ
1929 2280 2038 2323 αὗται
2054 2282 2117 2324 ἀπ’
2131 2282 2316 2334 ἀλλήλων
2333 2285 2453 2325 πλοῦν
2467 2286 2620 2341 ἡμέρας.

1388 2345 1451 2384 Ex
1471 2345 1598 2385 altero
1617 2344 1708 2384 loco
1741 2346 1785 2384 in
1804 2345 1977 2385 alterum
1995 2344 2189 2385 translata
2204 2359 2291 2385 esse
2309 2346 2516 2387 videntur.
2550 2350 2625 2389 Ce-

1389 2413 1525 2446 terum
1551 2407 1634 2446 noli
1654 2415 1798 2461 putare
1820 2407 1907 2447 11366
1921 2438 1932 2456 ,
1954 2407 2015 2446 uti
2045 2415 2142 2447 sunt
2163 2406 2375 2448 falsissima
2390 2439 2401 2457 ,
2428 2410 2485 2448 sic
2503 2411 2622 2451 etiam

1388 2477 1584 2523 corrupta
1607 2483 1708 2509 esse.
1733 2469 1898 2509 Etenim
1924 2470 1958 2509 si
1993 2470 2293 2524 comparaveris
2315 2484 2406 2524 quae
2439 2471 2546 2512 infra
2573 2473 2625 2513 de

1388 2533 1578 2585 opposito
1599 2531 1738 2586 Libyae
1757 2531 1876 2571 litore
1897 2531 2104 2584 leguntur,
2128 2530 2244 2571 facile
2263 2531 2459 2586 intelligas
2477 2547 2624 2588 parum

1386 2601 1574 2633 accurate
1586 2592 1638 2632 de
1649 2592 1712 2632 his
1727 2592 1878 2647 Peripli
1893 2600 2103 2632 auctorem
2118 2591 2312 2632 edoctum
2327 2592 2465 2634 fuisse.
2486 2597 2544 2635 Ut
2557 2597 2625 2637 alii

1386 2656 1605 2711 scriptores
1632 2656 1884 2710 antiquiores
1907 2656 1965 2696 sic
1993 2656 2142 2695 Noster
2169 2669 2335 2710 quoque
2362 2656 2522 2697 nullum
2548 2673 2624 2699 no-

1387 2719 1492 2759 visse
1522 2719 1687 2759 videtur
1710 2718 1861 2759 fretum
1877 2717 2147 2768 Gaditanum,
2164 2718 2237 2759 sed
2256 2718 2307 2759 ab
2326 2719 2423 2774 ipsis
2438 2721 2625 2762 Herculis

1388 2781 1592 2822 columnis
1623 2795 1754 2836 usque
1772 2781 1825 2822 ad
1857 2782 2093 2821 Hermaeum
2121 2782 2456 2835 promontorium
2489 2783 2624 2823 sinum

1384 2859 1397 2884 ‹
1411 2845 1546 2885 urvari
1561 2853 1714 2894 censet,
1732 2858 1856 2899 quem
1872 2844 1993 2884 Cotes
2009 2852 2128 2883 vocat
2146 2842 2192 2899 (a
2206 2845 2451 2897 cognomine
2466 2859 2621 2899 prom.,

1385 2906 1485 2948 hod.
1510 2922 1604 2963 cap.
1628 2907 1793 2963 Sparte!
1808 2905 1841 2962 ).
1866 2905 1983 2947 Idem
2006 2905 2142 2946 Gades
2169 2921 2219 2946 ex
2256 2905 2428 2946 adverso
2456 2907 2625 2949 collocat

1383 2970 1683 3010 Columnarum
1697 2978 1786 3010 tum
1799 2969 1981 3010 hocloco
1995 2976 2085 3008 111111
2100 2968 2207 3009 infra
2223 2971 2244 3021 S
2266 2983 2283 3009 1
2293 2983 2310 3009 1
2322 2982 2357 3018 1,
2378 2969 2471 3009 ubi:
2493 2968 2622 3010 ἀντίον

1384 3031 1519 3084 αὐτῆς,
1537 3047 1593 3073 56.
1616 3034 1683 3083 τῆς
1703 3029 1899 3083 Ἀὅιλῦκης
1916 3030 2051 3085 ἄκρας,
2070 3030 2118 3071 τὰ
2133 3031 2306 3085 Γάδειρα.
2338 3031 2450 3071 Nihil
2468 3033 2620 3073 mirum

1383 3096 1508 3149 igitur
1525 3096 1559 3136 si
1580 3095 1801 3136 Herculeas
1823 3094 2045 3135 Columnas
2064 3095 2172 3134 inter
2190 3108 2232 3134 se
2255 3101 2369 3134 tanto
2388 3093 2470 3133 fere
2498 3095 2622 3135 inter—

1382 3158 1487 3199 vallo
1509 3158 1660 3199 distare
1683 3157 1784 3198 dicit
1798 3189 1808 3207 ‚
1834 3166 1989 3211 quanto
2012 3157 2064 3197 ab
2079 3156 2227 3197 Africae
2249 3156 2366 3196 litore
2386 3155 2537 3196 Gadira
2557 3156 2620 3196 di-

1382 3230 1489 3262 stare
1500 3228 1724 3276 acceperat.
1739 3221 1869 3259 Error
1878 3227 1992 3259 tanto
2003 3219 2172 3268 facilior,
2188 3232 2316 3272 quum
2332 3219 2437 3271 ipsas
2453 3218 2619 3259 Colum·-

1383 3299 1456 3324 nas
1471 3283 1657 3324 nonnulli
1673 3282 1725 3322 ad
1741 3281 1895 3323 Gadira
1906 3281 2188 3322 transferrent.
2206 3283 2254 3320 In
2267 3281 2513 3320 contrariam
2527 3295 2619 3335 par-

1384 3355 1466 3387 tem
1481 3353 1704 3401 peccarunt
1724 3347 1934 3385 Damastes
1957 3353 1997 3384 et
2018 3343 2164 3396 Scylax
2190 3341 2480 3396 Caryamlensis
2508 3343 2620 3397 apud

1383 3410 1586 3450 Avienum
1610 3409 1650 3448 in
1671 3409 1744 3448 Or.
1764 3421 1867 3447 mar.
1888 3407 1968 3460 370
1987 3419 1996 3446 :
2018 3405 2095 3446 Sed
2114 3404 2172 3445 acl
2187 3405 2396 3444 columnas
2414 3404 2621 3459 quidquid

1385 3470 1685 3524 intetfunclitur
1714 3469 1841 3510 Undae
1862 3467 2080 3510 (estuantis
2108 3466 2251 3508 stadia
2268 3475 2420 3522 septem
2451 3466 2530 3506 vix
2554 3466 2620 3507 ait

1382 3537 1602 3573 Damastes
1631 3546 1727 3572 esse.
1760 3530 2028 3586 Cary-mulcens
2046 3530 2194 3584 Scylax
2212 3529 2396 3571 Medium
2412 3530 2617 3582 fluentum

1385 3597 1491 3637 inter·
1507 3596 1715 3635 columnas
1736 3594 1893 3635 adserit
1927 3597 2105 3635 Tantum
2127 3601 2270 3648 patere
2290 3601 2470 3647 quantus
2492 3602 2616 3631 cestus

1381 3662 1560 3715 Bosporo
1579 3657 1592 3714 (
1609 3651 1673 3698 Cf.
1690 3658 1854 3697 Tzetzes
1878 3657 1978 3710 Lyc.
2002 3658 2112 3709 649:
2132 3653 2350 3709 Εὐρώπης
2332 3668 2371 3694 οε
2395 3668 2459 3693 και
2479 3655 2524 3693 Λι
2528 3653 2616 3704 δύης

1383 3720 1493 3774 ἄκραι
1485 3752 1509 3771 .,
1534 3719 1704 3774 πορθμος
1730 3718 1894 3758 σταδίων
1929 3716 2023 3758 ἑπτά
2047 3716 2078 3773 ).
2109 3718 2158 3757 Ι11
2197 3716 2260 3757 his
2292 3716 2532 3755 11161110113111
2559 3714 2614 3753 se-

1382 3782 1527 3823 sellisse
1556 3783 1785 3831 Avienum‚
1808 3795 1938 3835 quum
1960 3780 2081 3833 longe
2117 3779 2226 3819 alia
2216 3793 2258 3818 111
2288 3777 2449 3830 Periplo
2472 3784 2612 3815 nostro

1383 3845 1583 3898 legantur,
1608 3845 1767 3885 censuit
1789 3843 2042 3884 Clausenius.
2069 3842 2314 3889 Assenfirer,
2348 3840 2380 3877 si
2408 3845 2610 3877 constaret

1382 3908 1445 3948 vel
1466 3909 1499 3947 si
1528 3907 1654 3948 modo
1676 3906 1888 3963 piobabile
1907 3914 2010 3945 65561
2032 3903 2239 3958 Periplum
2261 3909 2375 3941 nostr
2379 3915 2448 3939 um
2470 3913 2608 3939 161113

1381 3972 1587 4027 pertinere
1609 3970 1662 4011 ad
1699 3970 1902 4025 Scylacem
1934 3966 2289 4022 (ἶ31)311(161156111;
2323 3977 2431 4003 1111116
2462 3962 2606 4003 Avieni
