2756 4354
889 155 970 200 DE
1005 154 1329 202 ΜΑΒοιΑΝο
1363 148 1813 209 nEssAcLEENSE.

73 264 244 324 Menip.
284 278 332 322 p.
376 260 490 314 566,
527 266 768 318 postquam
799 255 978 301 dixerat
1019 257 1303 317 antiquiores

73 337 287 399 periplon
323 343 549 387 auctores,
592 346 790 390 quorum
835 330 1026 374 nomina
1075 342 1301 388 recenset,

77 411 335 472 quibusque
353 405 555 465 legendis
587 404 671 449 diu
699 419 746 449 se
777 404 1016 449 insudasse
1042 405 1304 464 contendit,

75 500 171 532 rem
197 497 356 545 parum
386 488 594 525 accurate
623 489 841 546 tractasse
877 489 921 523 et
956 479 1109 524 minus
1134 480 1305 525 instru-

74 568 172 604 ctos
223 555 278 601 ad
318 552 564 612 negotium.
597 553 865 606 accessisse,
910 551 1060 612 pergit
1097 551 1224 617 hunc.
1256 552 1305 596 in

13 687 17 691 ι
75 626 299 678 modum:
342 626 634 689 Ἀρτεμίδωρος
688 625 732 670 δὲ
777 629 797 671 ὁ
832 624 1021 687 Ἐφέσιος
1070 625 1306 687 γεωγράφος

75 704 184 752 κατὰ
206 703 280 759 τὴν
315 700 539 757 ἑκατοστὴν
582 700 809 756 ἑξακοστὴν
838 701 1004 757 ἐννάτην
1038 701 1308 760 Ὀλυμπιάδα

73 778 272 843 γεγονὼς,
296 778 341 843 τὸ
356 777 400 825 δὲ
423 780 615 823 πλεῖστον
642 777 762 839 μέρος
783 780 857 833 τῆς
873 777 980 829 ἐντὸς
1005 777 1075 823 καὶ
1094 776 1310 837 καθ’ἠμᾶς

75 854 357 919 τυγχανούσης
382 853 586 909 θαλάττης
621 853 960 914 ἐκπεριπλεύσας,
989 854 1239 913 θεασάμενος
1268 854 1323 899 δὲ’>

0 933 3 935 ’
73 931 146 978 καὶ
170 930 242 987 τὴν
258 934 379 986 ν’ἥσον
402 929 455 975 τὰ
476 929 655 991 Γάδειρα
672 927 745 974 καὶ
765 928 869 991 μέρη
893 927 983 974 τινὰ
1005 932 1077 983 τῆς
1097 929 1210 981 ἐκτὸς
1228 934 1310 975 θα-

73 1005 248 1062 λάττης,
284 1005 335 1060 ἢν
360 1004 538 1050 ὠκεανὸν
571 1006 768 1060 καλοῦσι,
787 1007 858 1060 τῆς
890 1004 963 1064 μὲν
997 1004 1188 1066 ἀκριὸοῦς
1207 1023 1308 1065 γεω·

19 1079 21 1081 ’
72 1081 247 1143 γραφίας
257 1081 463 1137 λείπεται,
476 1080 542 1126 τὸν
558 1079 599 1125 δὲ
613 1080 838 1143 περίπλουν
852 1084 923 1136 τῆς
937 1083 1045 1132 ἐντὸς
1057 1081 1306 1144 “Ηρακλείου

72 1160 256 1217 πορθμοῦ
295 1156 504 1211 θαλάσσης
535 1155 605 1200 καὶ
637 1156 712 1210 ψὴν
732 1155 1010 1217 ἀναμέτρησιν
1029 1157 1180 1211 ταύτης
1205 1156 1310 1216 μετὰ

70 1233 145 1285 τῆς
158 1229 443 1291 προσηκούσης
460 1228 696 1289 ἐπιμελείας
713 1231 753 1274 ἐν
767 1228 908 1275 ἕνδεκα
926 1229 1106 1284 διεξῆλθε
1123 1230 1308 1291 βιὸλίοις,

69 1307 127 1358 ὡς
152 1305 408 1367 σαφέστατον
437 1306 508 1351 καὶ
546 1305 845 1368 ἄκριὸέστατον
881 1307 1101 1368 περίπλουν
1127 1312 1198 1363 τῆς
1216 1310 1308 1354 καθ’

73 1384 185 1440 ἡμᾶς
209 1373 445 1443 ἀναγράψαι
469 1381 743 1437 θαλάττης....
769 1379 879 1441 Ἐγὼ
895 1380 1025 1427 τοίνυν
1043 1382 1208 1428 πάντων
1228 1385 1308 1428 τῶν

75 1454 432 1516 μνημονευθέντων
454 1454 678 1518 προκρίνας
694 1455 989 1519 Ἀρτεμίδωρον
1011 1456 1077 1501 τὸν
1096 1457 1307 1519 Ἐφέσιον,

59 1530 274 1595 ἐπιτομὴν
326 1534 405 1577 τῶν
450 1531 592 1578 ἕνδεκα
636 1531 809 1594 βιὸλίων
842 1537 912 1577 τοῦ
964 1533 1310 1593 μνημονευθέντος

71 1607 347 1667 ἐποιησάμην,
373 1607 561 1669 προσθεὶς
579 1609 652 1655 καὶ
675 1608 715 1661 ἐξ
737 1606 884 1672 ἑτέρων
904 1610 1093 1655 παλαιῶν
1109 1608 1160 1654 τὰ
1184 1609 1311 1655 ἐλλεί-

71 1700 227 1743 ποντα,
253 1683 325 1730 καὶ
352 1682 424 1739 τὴν
446 1683 642 1745 διαίρεσιν
658 1687 738 1730 τῶν
762 1685 817 1729 ια’
833 1685 1004 1747 βιὸλίων
1029 1685 1228 1744 φυλάξας,
1254 1688 1311 1738 ὡς

72 1758 243 1820 μετρίαν
295 1758 369 1819 μὲν
413 1760 692 1822 γεωγραφίαν,
727 1761 977 1807 τελειότατον
1007 1762 1049 1807 δὲ
1086 1762 1310 1824 περίπλουν

69 1832 400 1895 ἀπεργάσασθαι.
435 1834 556 1882 lbid.
581 1837 609 1894 S
635 1842 679 1891 4,
705 1852 750 1896 p.
778 1836 863 1887 569
893 1851 904 1883 ε
927 1834 1014 1891 Τὴν
1050 1836 1204 1882 ἔκδοσιν
1228 1840 1308 1882 τῶν

72 1911 195 1970 τριῶν
225 1909 394 1971 βιὸλίων
419 1911 656 1972 (Menippi)
690 1911 967 1971 ἐποιησάμην,
1008 1914 1080 1957 οὐκ
1105 1913 1308 1976 ἀφελόμε-

68 2002 135 2038 νος
150 1988 222 2042 τῆς
237 1986 513 2048 προσηγορίας
530 1987 599 2032 τὸν
623 1988 783 2049 πατέρα
810 1987 978 2045 τούτων,
999 1988 1088 2033 οὐδὲ
1109 1991 1163 2040 εἷς
1186 1990 1309 2048 ἐμαυ-

69 2058 137 2105 τὸν
170 2060 433 2119 μεταστήσας
460 2061 552 2112 τοὺς
583 2061 817 2124 ἀλλοτρίους
849 2062 1020 2119 πόνους,
1054 2061 1194 2124 ὥσπερ
1217 2063 1307 2108 οὐδὲ

67 2138 139 2181 τοῦ
159 2142 262 2181 πᾶσι
291 2137 647 2200 πεφροντισμένως
672 2137 952 2190 ἐπεξελθόντος
982 2138 1304 2201 Ἀρτεμιδώρου,

11 2239 23 2247 ·
62 2209 179 2255 ῑοῖλλόι
195 2210 268 2262 τὰς
292 2210 365 2270 μὲν
386 2212 547 2256 ἐκείνων
579 2211 858 2273 προσηγορίας
886 2214 1117 2274 ἐπιγράψας
1140 2219 1222 2264 τοῖς
1244 2217 1305 2274 βι-

68 2283 217 2340 6λίοις,
241 2287 294 2334 ὥς
318 2283 367 2329 ἂν
400 2286 525 2343 μηδὲν
565 2288 621 2336 εἰς
644 2285 735 2337 τοὺς
768 2285 928 2345 λογίους
959 2286 1210 2350 ἁμαρτάνειν
1240 2288 1305 2331 δο-

72 2357 186 2413 κοίην
218 2357 353 2411 θεοὺς,
381 2358 452 2410 τὰς
493 2359 534 2403 δὲ
565 2359 720 2405 τούτων
754 2359 950 2420 ἐπιτομὰς
978 2361 1048 2406 καὶ
1079 2360 1306 2423 διορθώσεις

75 2434 155 2477 τῶν
180 2434 356 2490 ἐμαυτοῦ
390 2432 667 2493 ποιησάμενος
705 2433 842 2479 πόνων
871 2434 1036 2496 ἐναργὲς
1066 2435 1303 2496 γνώρισμα,

72 2506 177 2554 ὥστε
194 2507 284 2560 τοὺς
302 2508 621 2570 ἐντυγχάνοντας
642 2509 767 2569 μηδὲν
790 2510 897 2568 μήτε
922 2513 1000 2554 τῶν
1020 2514 1120 2572 παρ’
1142 2510 1304 2556 ἐκείνων

70 2581 388 2644 συγγραφέντων
403 2582 507 2642 μήτε
520 2586 600 2628 τῶν
615 2583 713 2646 παρ’
724 2587 844 2643 ἡμῶν
858 2584 1157 2646 προστεθέντων
1171 2584 1306 2648 ἢδιορ·

72 2656 234 2708 θώσεως
262 2658 479 2717 ἐπιμελοῦς
496 2656 743 2710 ἀξιωθέντων
762 2660 976 2718 ἀγνοῆσαι.
1008 2660 1179 2720 Peripl.
1207 2676 1306 2705 ma—

69 2733 135 2779 ris
150 2743 241 2780 ext.
274 2733 313 2789 I,
345 2750 383 2789 1,
408 2750 454 2794 p.
483 2734 570 2778 516
592 2750 601 2777 :
627 2733 919 2796 Ἀρτεμίδωρος
942 2737 962 2779 ὃ
985 2734 1173 2796 Ἐφέσιος
1194 2754 1307 2796 γεω·-

69 2807 223 2871 γράφος
263 2809 303 2852 ἐν
337 2806 478 2852 ἕνδεκα
510 2814 592 2860 τοῖς
629 2810 700 2863 τῆς
741 2808 998 2871 γεωγραφίας
1035 2809 1204 2871 βιὸλίοις
1240 2810 1306 2855 τὸν

42 2878 46 2881 ’
71 2882 298 2944 περίπλουν
319 2882 406 2944 (sc.
421 2885 492 2937 τῆς
512 2882 620 2933 ἐντὸς
641 2884 852 2939 θαλάσσης
870 2888 898 2944 ),
917 2887 970 2935 ὡς
990 2883 1037 2928 ἂν
1058 2878 1107 2939 ἧν
1126 2884 1306 2942 μάλιστα

74 2956 259 3015 δυνατὸν,
282 2957 553 3021 συνέγραψεν·
575 2959 696 3017 ἡμεῖς
717 2958 759 3002 δὲ
777 2961 857 3003 τῶν
877 2958 1047 3018 βιὸλίων
1065 2958 1218 3004 τούτων
1236 2958 1307 3011 τὰς

72 3032 262 3093 περιττὰς
313 3036 385 3078 τοῦ
426 3033 770 3091 μνημονευθέντος
826 3032 966 3094 ἀνδρὸς
1012 3032 1303 3095 παρεκὸάσεις,

71 3106 238 3168 προσέτι
273 3106 315 3152 δὲ
348 3107 570 3170 βαρὸάρων
608 3107 853 3158 Αἷθιοπικὰς
880 3107 1016 3159 πόλεις
1047 3107 1239 3169 ἀφέντες,
1266 3111 1306 3154 ἐν

72 3184 246 3246 ἐπιτομῇ
288 3184 527 3248 σαφέστατα
562 3187 651 3245 μετ’
685 3185 879 3247 ἀκριὸοῦς
911 3188 990 3230 τῶν
1015 3186 1305 3249 ἐφευρεθέντων

73 3259 308 3320 προσθήκης
326 3260 394 3306 τὸν
425 3262 646 3322 περίπλουν
674 3262 980 3321 ἐποιησάμεθα,
1016 3263 1070 3312 ὡς
1091 3262 1217 3320 μηδὲν
1244 3265 1309 3307 ἐν-

74 3333 155 3377 δεῒν
193 3333 291 3394 πρὸς
318 3336 578 3390 τελειοτάτην
608 3336 833 3398 σαφήνειαν
865 3343 948 3386 τοῖς
985 3335 1078 3396 περὶ
1109 3340 1227 3382 τοῦτο
1262 3336 1307 3382 τὸ

20 3439 23 3443 «
77 3406 196 3467 μέρος
214 3410 284 3461 τῆς
296 3410 552 3471 γεωγραφίας
570 3410 860 3463 σπουδάζουσι.
873 3409 1048 3466 Ibid.l,
1063 3412 1108 3470 3,
1122 3428 1169 3472 p.
1190 3413 1303 3472 519:

74 3479 160 3526 Τὸν
183 3479 255 3539 μὲν
281 3474 348 3526 οῦν
374 3483 599 3546 περίπλουν
622 3488 695 3540 τῆς
715 3484 923 3541 θαλάσσης
945 3485 1095 3541 ταύτης
1114 3487 1125 3548 (
1149 3502 1212 3533 sc.
1238 3489 1309 3541 τῆς

76 3552 199 3615 ἐντὸς)
210 3553 276 3598 διὰ
284 3557 355 3609 τῆς
369 3557 564 3616 ἐπιτομῆς
575 3562 655 3603 τῶν
671 3560 724 3603 ια’
741 3559 910 3621 βιὸλίων
925 3560 1222 3623 Ἀρτεμιδώρου
1237 3566 1305 3607 τοῦ

75 3630 317 3692 γεωγράφου
338 3635 448 3694 σαφῆ
468 3635 798 3693 κατεστήσαμεν,
819 3638 872 3688 ὣς
904 3636 1158 3699 προείρηται.
1185 3637 1304 3683 lbid.

76 3706 138 3762 Ἠ,
156 3722 201 3761 2,
217 3722 264 3766 p.
279 3706 367 3758 542
386 3722 396 3753 ε
416 3710 502 3762 Τῆς
520 3708 599 3769 γὰρ
617 3710 725 3761 ἐντὸς
739 3710 997 3772 Ἡρακλείων
1018 3714 1180 3769 στηλῶν
1199 3714 1308 3759 ἁπά-

79 3799 153 3837 σης
171 3781 394 3838 θαλάσσης,
413 3781 552 3843 ὥσπερ
563 3784 632 3828 καὶ
648 3786 970 3847 προειρήκαμεν,
989 3788 1141 3851 ἅκριὸἧ
1158 3789 1224 3834 τὸν
1242 3808 1309 3834 πε·

81 3855 246 3917 ρίπλουν
260 3854 328 3916 (ως
336 3875 382 3916 γε
392 3858 575 3919 οἰόμεθα)
586 3859 872 3919 πεποιήμεθα’
855 3881 894 3907 εν
906 3864 994 3915 ταῖς
1003 3864 1218 3922 ἐπιτομαῒς
1229 3867 1309 3909 τῶν

81 3927 222 3975 ἕνδεκα
242 3930 411 3992 βιὸλίων
438 3932 734 3995 Ἀρτεμιδώρου
753 3939 821 3980 τοῦ
838 3935 1029 3999 Ἐφεσίου
1047 3940 1309 4003 γεωγράφου,

83 4002 126 4049 ὃν
150 4005 364 4067 νομίζομεν
388 4027 459 4063 της
491 4009 581 4054 καθ’
612 4011 723 4069 ἡμᾶς
749 4010 958 4068 θαλάσσης
989 4013 1310 4061 ἐπιμελέστατον

2442 204 2588 239 cxxxx

1374 261 1415 304 ἐν
1445 264 1527 313 τοῖς
1561 281 1634 318 της
1667 264 1935 327 Γεωγραφίας
1968 267 2036 312 τὸν
2067 272 2282 333 περίπλουν
2331 289 2587 339 πεποιῆσθαι

1440 338 1547 382 218.
1575 338 1643 382 Ex
1661 339 1810 384 allatis
1838 340 1965 386 facile
1991 344 2221 402 colligitur
2251 366 2364 410 opus
2394 356 2479 402 hoc
2508 378 2597 407 non

1378 419 1466 453 tam
1480 410 1654 469 justum
1674 413 1812 458 fuisse
1836 415 2160 462 Artemidoreae
2176 427 2458 484 geographiae
2481 450 2598 478 com-

1379 483 1596 542 pendium
1616 502 1750 546 quam
1774 503 1859 546 per
1863 488 2006 547 iplum
2026 492 2164 536 maris
2184 495 2365 557 interni,
2390 515 2443 543 ex
2469 505 2598 551 Arte-

1378 558 1558 604 midoro
1581 561 1735 606 eadem
1758 563 1851 607 sere
1866 558 2040 610 ratione
2059 567 2294 612 collectum
2310 588 2426 630 ,qua
2442 576 2603 624 Oceani

1383 634 1611 694 periplum
1643 651 1667 680 e
1702 637 1935 683 Ptolemaei
1959 650 2002 684 et
2034 640 2292 699 Protagorae
2325 649 2607 708 geographiis

1382 709 1641 756 Marcianus
1670 711 1839 758 elicuit.
1864 713 2084 759 Videlicet
2107 732 2207 775 quae
2231 718 2285 761 ad
2306 735 2396 763 orae
2434 724 2608 769 mariti-

1384 800 1467 829 mae
1480 785 1831 846 descriptionem
1848 788 2129 845 pertinerent
2144 790 2244 834 loca
2255 806 2309 835 ex
2321 796 2606 841 Artemidoro

1383 861 1597 906 assumsit
1623 861 1777 905 omnia
1807 871 1849 905 et
1878 863 2049 922 passim
2079 867 2210 908 etiam
2247 867 2428 912 aliunde
2457 872 2606 929 petitis

1382 935 1531 995 auxit,
1573 935 1903 980 mediterranea
1950 947 2096 981 autem
2138 939 2219 982 vix
2263 939 2411 985 obiter
2445 944 2606 1002 attigit.

1382 1009 1652 1068 Fragmenta
1668 1010 1823 1054 omnia
1841 1010 1897 1054 ad
1917 1011 2020 1055 loca
2043 1012 2269 1057 maritima
2280 1015 2350 1058 vel
2371 1031 2461 1060 non
2476 1018 2609 1077 longe

1383 1100 1410 1129 a
1430 1085 1547 1129 mari
1571 1085 1785 1130 distantia
1805 1085 2057 1146 pertinent,
2093 1097 2255 1146 praeter
2287 1089 2340 1133 fr.
2376 1106 2427 1134 21
2453 1102 2495 1135 et
2526 1109 2602 1148 22,

1382 1175 1431 1220 p.
1483 1158 1571 1215 574
1588 1194 1599 1214 ‚
1630 1158 1800 1219 quibus
1836 1159 2118 1204 Themisonii
2164 1162 2372 1222 Phrygiae
2407 1165 2535 1211 urbis
2568 1178 2611 1211 et

1382 1233 1523 1278 maris
1547 1233 1702 1293 Caspii
1727 1234 1897 1278 mentio
1918 1234 1982 1278 fit.

1447 1325 1473 1353 2
1485 1325 1558 1368 19.
1580 1309 1802 1355 Pamrws
1820 1326 1954 1355 Mnus
1971 1312 2286 1358 Exnzm'libr‘rs
2309 1325 2480 1360 constat
2498 1317 2609 1362 duo·

1381 1383 1494 1444 bus,
1515 1402 1710 1445 quorum
1734 1387 1893 1446 priore
1910 1384 2104 1433 oceanus
2120 1390 2376 1446 orientalis,
2399 1392 2613 1438 occiduus

1382 1461 1527 1505 altero
1560 1460 1898 1508 describuntur.
1940 1463 1994 1507 In
2015 1464 2096 1508 illo
2123 1476 2225 1525 post
2246 1467 2529 1526 praemissum
2558 1469 2613 1513 de

1383 1538 1592 1583 instituto
1611 1554 1694 1584 suo
1718 1549 1762 1582 et
1777 1539 1971 1585 ducibus
1991 1557 2107 1600 quos
2131 1553 2309 1587 secutus
2326 1543 2386 1588 sit
2403 1554 2447 1588 et
2470 1546 2612 1590 causis

1383 1613 1615 1658 variarum
1637 1614 1686 1658 in
1720 1614 1912 1674 periplis
1931 1630 2242 1660 mensurarum
2263 1627 2306 1661 et
2324 1619 2461 1662 totius
2485 1619 2611 1664 orbis

1384 1697 1606 1732 terrarum
1647 1688 2013 1734 dimensionibus
2049 1690 2194 1750 deque
2237 1691 2339 1736 aliis
2383 1692 2518 1737 rebus
2548 1695 2606 1736 ad

1383 1763 1669 1823 propositum
1726 1780 1888 1824 parum
1953 1766 2288 1825 pertinentibus
2337 1768 2608 1827 prooemium

1382 1848 1542 1893 auctor
1562 1837 1619 1882 ab
1636 1838 1877 1883 AElanitico
1898 1854 2077 1884 recessu
2099 1855 2287 1885 exorsus
2314 1843 2510 1901 primum
2533 1842 2609 1886 Li·

1381 1912 1486 1972 byae
1525 1928 1652 1958 oram
1705 1928 1850 1972 usque
1902 1914 1957 1958 ad
1990 1914 2180 1959 Prasum
2215 1917 2576 1975 promontorium
2595 1951 2607 1971 ,

1381 1987 1547 2031 deinde
1572 1987 1818 2048 Asiaticam
1854 1987 2171 2033 ad'Cottiarim
2206 2005 2375 2047 usque,
2402 1990 2607 2034 Sinai-um

1382 2061 1574 2107 fluv-ium
1583 2096 1595 2117 ,
1609 2073 1823 2106 recenset.
1837 2061 2216 2123 Liberposterior
2224 2064 2605 2123 postprooemium

1381 2135 1590 2182 exhibuit
1606 2137 1765 2181 oceani
1782 2137 2074 2183 occidentalis
2098 2149 2270 2199 partem
2288 2138 2533 2194 borealem,
2552 2138 2607 2183 ab

1380 2210 1592 2255 Herculis
1615 2211 1840 2255 columnis
1877 2211 1975 2255 sive
1994 2227 2020 2255 a
2039 2214 2175 2272 Calpe
2190 2228 2334 2272 usque
2354 2213 2409 2257 ad
2433 2213 2607 2258 Sarma·

1379 2284 1488 2337 tiam
1506 2318 1518 2338 ,
1561 2294 1604 2327 et
1639 2284 1852 2344 deinceps
1890 2296 2064 2345 partem
2103 2288 2342 2331 australem
2388 2304 2531 2347 usque
2551 2288 2606 2332 ad

1383 2357 1727 2416 Hypodromum
1758 2358 2080 2418 AEthiopicum.
2111 2360 2164 2403 In
2188 2361 2381 2418 singulis
2415 2362 2477 2404 ita
2511 2377 2603 2406 rem

1379 2431 1639 2477 Marcianus
1658 2432 1864 2477 instituit.
1889 2434 2092 2478 Primum
2116 2434 2226 2479 fines
2246 2434 2606 2494 uniuscujusque

1380 2507 1583 2565 regionis
1594 2507 1765 2551 indicat
1777 2524 1790 2563 3
1805 2517 1897 2552 tum
1912 2507 2067 2561 urbes,
2081 2508 2226 2563 vicos,
2239 2508 2420 2567 fluvios,
2433 2518 2606 2553 montes

1380 2597 1472 2626 orae
1506 2581 1765 2639 maritimae,
1804 2596 2054 2641 eorumque
2092 2582 2330 2626 distantias
2374 2592 2602 2638 recenset;

1380 2655 1547 2700 deinde
1556 2670 1655 2714 quae
1665 2655 1724 2699 sit
1734 2655 1971 2713 longitudo
1980 2655 2111 2700 etlati
2118 2656 2226 2700 tudo
2240 2654 2441 2713 regionis
2451 2655 2580 2700 docet
2591 2674 2603 2712 ;

1379 2740 1485 2790 post
1499 2729 1595 2774 haec
1613 2730 1803 2790 apponit
1827 2746 2066 2775 numerum
2094 2732 2293 2790 gentium
2309 2767 2320 2786 ,
2341 2731 2607 2791 provincia-

1380 2820 1481 2849 rum
1490 2840 1502 2863 ,
1513 2804 1696 2849 urbium
1707 2839 1717 2859 ,
1730 2806 1960 2861 vicorum,
1973 2806 2193 2850 montium
2202 2839 2214 2861 ,
2227 2805 2491 2860 fluviorum,
2503 2815 2584 2852 etc.
2592 2841 2605 2866 ,

1380 2881 1430 2924 in
1457 2895 1599 2924 unum
1627 2880 1828 2925 collectis
1851 2891 1894 2925 et
1916 2880 2156 2925 maritimis
2178 2890 2222 2924 et
2237 2880 2604 2937 mediterraneis;

1380 2965 1612 3015 postremo
1649 2956 1750 2999 loco
1771 2953 1907 2999 habet
1929 2970 2150 2999 summam
2182 2953 2431 2999 stadiorum
2464 2970 2564 3013 qum
2582 2970 2607 2998 e

1382 3030 1573 3090 paraplo
1593 3029 1794 3088 regionis
1818 3029 2032 3074 efficitur.
2054 3029 2157 3072 Haec
2184 3038 2392 3073 constans
2410 3029 2524 3071 ratio
2541 3039 2606 3072 est

1379 3106 1429 3151 in
1450 3105 1572 3149 libro
1588 3115 1808 3164 utroque3
1838 3115 2034 3149 ceterum
2059 3103 2270 3164 Europaei
2294 3102 2448 3147 oceani
2473 3117 2603 3161 para-

1380 3181 1486 3240 plus
1502 3195 1556 3224 eo
1575 3189 1773 3240 praestat,
1798 3179 1919 3238 quod
1940 3179 2143 3223 locorum
2175 3178 2508 3221 maritimorum
2530 3177 2603 3219 in-

1382 3254 1574 3298 tervalla
1587 3269 1678 3297 non
1691 3269 1783 3298 uno
1799 3253 2046 3298 stadiorum
2061 3267 2250 3296 numero
2270 3249 2594 3308 significantur,

1381 3331 1461 3376 sed
1479 3330 1684 3384 duobus,
1704 3331 1767 3373 ita
1785 3330 1958 3373 scilieet
1978 3339 2026 3372 ut
2052 3343 2108 3372 ex
2136 3326 2336 3371 numeris
2353 3342 2466 3385 quos
2486 3327 2603 3370 varii

1376 3424 1465 3470 per
1469 3409 1552 3468 ipli
1570 3407 1921 3468 suppeditabant
1943 3416 2099 3450 aucto·
2104 3406 2142 3461 i,
2161 3415 2203 3448 et
2225 3404 2450 3448 maximus
2466 3413 2509 3447 et
2528 3404 2607 3447 mi·

1381 3500 1534 3532 mmus
1546 3493 1816 3544 apponatui.
1832 3483 1894 3527 Pr
1897 3482 2111 3527 aetereaiu
2119 3480 2202 3524 hac
2213 3495 2322 3540 oper
2326 3482 2364 3524 is
2376 3494 2457 3537 par
2460 3489 2504 3522 te
2515 3494 2605 3522 non

1382 3561 1518 3607 niodo
1528 3560 1859 3619 longitudinem
1869 3559 2244 3617 latitudinemque
2255 3554 2456 3613 singular
2459 3570 2533 3598 um
2543 3569 2566 3597 1
2567 3569 2607 3597 e·

1383 3629 1567 3696 gionum
1589 3635 1792 3691 exhibet,
1818 3634 1896 3679 sed
1914 3637 1984 3688 τῆς
2009 3631 2222 3692 μεσογείας
2237 3644 2418 3690 quoque
2436 3627 2501 3671 τὸν
2529 3644 2605 3670 πε-

1385 3713 1590 3776 ριορισμὸν
1611 3713 1708 3758 sive
1723 3726 1944 3758 summam
1962 3710 2211 3755 stadiorum
2230 3721 2331 3766 quae
2345 3719 2400 3748 ex
2415 3702 2605 3760 longitu-

1383 3791 1490 3834 dine
1500 3786 1705 3833 omnium
1720 3788 1908 3832 laterum
1922 3784 2351 3829 mediterraneorum
2369 3776 2598 3821 conflatur.

1450 3880 1557 3908 220.
1587 3863 1828 3923 Periplum
1851 3862 1970 3906 hunc
1994 3875 2085 3904 non
2108 3857 2323 3901 habemus
2353 3853 2599 3907 integrum,

1385 3941 1488 3995 sed,
1532 3938 1708 3984 codicis
1747 3936 1945 3981 Parisini
1978 3928 2354 3994 quaternionibus
2392 3924 2521 3968 tertio
2560 3932 2604 3965 et

1376 4025 1508 4060 sexto
1545 4011 1813 4074 deperditis,
1850 4009 2049 4071 ἀκέφαλον
2071 4016 2113 4050 et
2149 4003 2348 4063 μείουρον.
2390 3998 2442 4041 In
2480 3995 2602 4040 libro

2391 4086 2420 4111 ⁸·
