2808 4342
69 139 240 200 (2—4.)

150 243 380 306 ὁλοσχερῶς
401 242 473 296 ἐπὶ
488 246 619 288 ταῦτα
635 241 726 293 δοὺς
742 241 814 291 καὶ
832 243 1069 295 σπουδάσας

151 310 534 374 συμφιλομάθησον,
558 309 748 371 καθάπερ
765 308 913 363 εἴωθας
933 318 1082 358 ποιεῖν.

212 381 299 434 Τῆς
316 377 517 430 Ἑλλάδος
537 375 648 423 ἐστὶν
667 377 904 440 Ἀμὸρακία
916 379 1060 443 πρώτη
1077 380 1207 434 πόλις.

88 462 128 492 25
141 445 266 503 ,Αὕτη
291 446 326 490 δ’
350 443 518 490 ἀποικία
536 443 700 506 λέγεται
723 446 949 508 Κορινθίων

146 508 264 561 εἶναι.
285 512 409 560 Κατὰ
428 511 501 559 τὸν
520 513 672 560 κόλπον
697 514 738 560 δὲ
762 515 830 561 τὸν
850 512 1104 577 καλούμενον

123 629 129 635 ,
146 581 421 646 Ἀμόρακικὸν
438 581 612 646 ᾤκισται
632 583 738 643 μέση
751 619 763 642 ,
785 586 973 645 σταδίους
993 588 1029 632 δ’
1050 587 1137 650 ἔχει

145 651 225 697 ἀπὸ
247 655 319 708 τῆς
342 651 547 708 θαλάττης
568 653 820 713 ὀγδοήκοντ’.
841 654 1033 718 ἐπιφανὲς
1056 657 1090 701 δ’

143 719 250 782 ἱερὸν
268 720 472 777 Ἀθηνᾶς’
454 723 537 767 εστ’
562 723 602 766 ἐν
627 723 734 785 αὐτῇ
754 722 824 768 και
842 724 968 784 λιμήν

79 805 120 836 ³0
146 791 217 835 κλε
222 788 344 842 ιστός.
371 791 802 853 ΚαλεῒταιΔρυοπιςῆ
824 793 943 867 χώρα
963 793 997 839 δ’
1017 793 1109 850 ὅλη.

147 858 199 905 Ἥ
217 860 251 903 δ’
276 857 465 911 Ἑλλὰς’
443 858 523 904 απὸ
538 879 610 915 της
626 854 880 946 Ἀμὸρακίας
902 855 1005 908 εἶναι
1025 864 1136 909 δοκεῖ

142 927 324 987 μάλιστα
344 927 539 990 συνεχής·
559 929 605 974 τὸ
627 928 758 992 πέρας
774 932 948 986 αὖτῆςδ’
973 931 1138 995 ἔρχεται

145 996 213 1042 ἐπὶ
231 996 297 1042 τὸν
318 998 503 1058 ποταμὸν
522 998 753 1056 Πηνειὸν,
732 1019 786 1051 ως
802 1000 959 1053 Φιλέας
978 1002 1143 1065 γράφει,

142 1065 231 1127 ὄρος
252 1083 296 1111 τε
315 1066 553 1128 Μαγνήτων
573 1067 757 1127 Ὁμόλην
780 1069 1050 1130 κεκλημένον.

76 1149 116 1179 35
142 1134 260 1186 Τινὲς
284 1135 325 1180 δὲ
349 1135 424 1191 τὴν
439 1136 697 1198 Μαγνησίαν
713 1157 785 1192 της
802 1137 1003 1191 Ἑλλάδος

137 1204 323 1265 λέγουσιν
341 1198 467 1262 εἶναι,
486 1205 554 1251 τὸν
576 1206 618 1251 δὲ
638 1206 838 1253 Φιλέαν’
816 1216 973 1268 αγνοεῖν

136 1274 470 1337 ἁποχωρίσαντα,
499 1279 617 1321 τοῦτο
637 1277 672 1321 δ
690 1281 793 1322 εἰναι
816 1278 1023 1342 συμφανές

135 1343 217 1393 τοῖς
237 1344 475 1404 φιλομαθεῖν
499 1344 680 1403 μάλιστα
701 1346 1067 1407 φιλοτιμουμένοις.

137 1411 254 1466 Πλὴν
279 1411 346 1456 ἐπὶ
364 1412 415 1457 τὰ
434 1412 559 1457 λοιπὰ
581 1418 651 1459 τοῦ
666 1414 800 1475 λόγου
812 1416 1095 1478 προὸήσομαι.

73 1496 118 1526 40
142 1479 229 1526 Ἀπ’
252 1480 505 1542 Ἀμὸρακίας
524 1484 579 1533 εἷς
601 1483 835 1529 Θετταλίαν
851 1488 973 1547 τριῶν
995 1485 1084 1537 ὁδός

138 1550 222 1595 ἔσθ’
239 1553 421 1612 ἡμερῶν.
441 1548 566 1612 Ἔχει
583 1550 624 1595 δὲ
643 1553 829 1612 ποταμὸν
855 1554 1074 1641 λεγόμενον

133 1619 330 1682 Ἀρατθον
355 1621 410 1672 εἷς
425 1619 630 1666 θάλατταν
653 1621 831 1679 ἐξιόντα,
854 1623 926 1668 καί

131 1688 221 1750 ὅρος
239 1689 456 1751 πρόσεστιν
480 1689 585 1752 ἱερὸν
610 1691 948 1752 ἕπικεκλημένον.

133 1758 323 1804 Σταδίων
342 1760 421 1804 δ’ὁ
436 1759 715 1821 παράπλους’
697 1760 805 1807 εστὶν
826 1761 971 1807 ἑκατὸν
991 1760 1157 1808 εἴκοσιν.

70 1843 111 1873 45
136 1820 243 1873 Εἶτα
269 1847 320 1888 με
303 1827 374 1873 «τὰ
393 1827 547 1885 ταύτην
571 1831 645 1875 εἷσ’
671 1829 869 1892 Ὀρέσται
890 1830 1122 1892 λεγόμενοι·

131 1888 206 1942 ειτ’
229 1894 475 1961 Ἀμφιλοχία
494 1898 550 1943 δ’·
571 1897 715 1960 Ἄργος
735 1900 891 1945 ενταυθ’
911 1899 997 1946 ἔστι
1018 1900 1064 1945 τό

132 1966 440 2038 Ἀμφιλοχικόν.
461 1967 582 2014 Μετὰ
601 1971 710 2014 τοῦτ’
731 1969 953 2032 Ακαρνᾶνε
959 1989 996 2022 ς·
1018 1970 1157 2022 πόλεις

129 2028 328 2080 οὖτοιδ”’
307 2054 444 2097 εχουσι
463 2036 666 2093 πλείονας,
687 2037 990 2095 καὶΛευκάδα,

131 2106 200 2165 ἀφ’
218 2109 266 2160 ἡς
283 2104 409 2166 μέγας
432 2106 518 2151 ἐστι
537 2107 688 2158 κόλπος
713 2110 767 2159 εἷς
787 2107 953 2167 Ἰσθμὸν
973 2125 1122 2170 φερων.

69 2189 108 2219 50
135 2175 271 2228 Νῆσοι
296 2175 579 2238 Κεφαλλήνων
603 2177 638 2220 δ’
659 2178 698 2220 ἓν
721 2178 830 2237 αὐτῷ
852 2176 1059 2234 κείμεναι·

127 2242 273 2299 Ἰθάκη
299 2243 473 2288 σταδίων
493 2245 510 2304 [
527 2246 582 2295 ὡς
599 2245 616 2304 ]
645 2244 896 2304 ὀγδοήκοντα
912 2279 924 2303 .,
951 2244 1097 2305 στενή,

39 2416 199 2472 jectura
229 2417 442 2457 Letronno
463 2417 637 2472 probata
670 2419 730 2459 διὸ
765 2420 923 2461 σεαυτὸν
958 2418 1024 2474 μὲν
1059 2419 1197 2473 βραχύ,
1233 2434 1282 2459 eo

43 2481 167 2520 etiarn
189 2479 359 2519 nomine
381 2479 541 2529 vitiosa,
567 2479 681 2534 quod
706 2481 771 2536 μὲν
792 2497 877 2522 non
892 2496 968 2522 suo
990 2481 1081 2525 loco
1101 2482 1282 2536 positum

43 2550 119 2583 est.
155 2543 300 2596 Neque
330 2541 455 2596 βραχὺ
492 2542 547 2582 ita
583 2550 631 2582 ut
657 2543 801 2584 volunt
838 2544 920 2584 dici
952 2552 1101 2599 potest.
1133 2561 1149 2582 »
1181 2543 1196 2597 ΙΙ
1227 2568 1282 2574 -—

43 2617 111 2644 22.
132 2606 229 2645 Post
248 2603 467 2659 ὁλοσχερῶς
486 2603 602 2644 editt.
622 2604 783 2646 addunt
802 2607 852 2656 δ’,
875 2621 958 2661 quo
974 2620 1077 2661 opus
1096 2620 1181 2646 non
1203 2614 1276 2646 est.

50 2667 67 2721 ss
91 2691 148 2697 —
166 2666 235 2707 25.
257 2671 333 2707 τῶν
351 2666 560 2722 Κορινθίων
584 2667 678 2707 cod.
686 2684 697 2718 ;
723 2683 804 2709 em.
820 2668 937 2709 editt
958 2670 1048 2723 11-
1065 2671 1134 2710 28.
1155 2663 1281 2708 θαλλᾶ

41 2728 198 2778 codex;
225 2743 310 2769 non
336 2728 542 2781 θαλάσσης.
567 2700 727 2770 Deinde
748 2747 775 2771 π
780 2730 948 2780 'codex,
967 2745 1162 2771 numeros
1178 2746 1280 2771 non-

44 2854 141 2909 facit
158 2854 300 2910 Scylax
322 2857 344 2906 §
369 2855 436 2903 33,
466 2855 537 2909 qui
564 2869 638 2909 per
660 2863 795 2896 totum
814 2856 927 2896 hunc
944 2856 1083 2896 locum
1112 2855 1278 2896 eosdem

40 2917 103 2958 vel
122 2917 349 2957 simillimos
367 2916 501 2957 fontes
523 2916 728 2959 adhibuit.
755 2918 770 2971 Η
793 2941 851 2948 -—
869 2931 936 2971 29.
957 2918 1064 2958 Illud
1081 2919 1279 2958 Minervae

39 2977 182 3020 fanum
201 2978 366 3020 aliunde
397 2994 483 3020 non
512 2988 660 3020 notum
679 2988 755 3021 est.
778 2981 922 3021 Unum
946 2980 1149 3036 Apollinis
1178 2988 1278 3021 tem-

39 3041 155 3096 plum
182 3050 384 3083 memorat
412 3042 559 3083 Strabo
582 3044 680 3093 VH,
705 3057 748 3098 p.
779 3043 874 3084 225.
899 3044 1092 3084 Ceterum
1121 3043 1278 3083 Miner-

40 3117 133 3145 vam
152 3106 357 3156 Corinthi,
375 3106 501 3160 inque
521 3106 835 3147 Corinthiorum
852 3105 1024 3147 coloniis
1037 3137 1048 3156 ,
1068 3105 1274 3156 Leucade,

41 3168 279 3217 Anactorio,
313 3167 417 3218 aliis,
453 3168 603 3209 cultam
636 3167 773 3219 fuisse,
810 3184 832 3209 e
864 3182 1090 3209 numorum
1114 3167 1277 3208 indiciis

42 3227 193 3281 colligit
212 3229 410 3270 Mfillerus
442 3234 544 3271 Dor.
576 3233 612 3281 I,
641 3245 684 3286 p.
722 3231 818 3286 397.
852 3231 1105 3272 Sententiam
1138 3239 1278 3271 noster

40 3289 155 3331 locus
169 3290 319 3332 firmat.
346 3292 363 3346 Η
387 3317 444 3323 -
466 3294 534 3335 3ο.
559 3295 747 3349 Dryopes
764 3295 806 3335 in
829 3294 907 3335 hac
925 3295 1041 3349 Epiri
1058 3302 1174 3349 parte
1192 3308 1277 3335 me-

40 3361 176 3394 morat
194 3354 315 3393 etiam
333 3353 489 3395 Plinius
506 3356 583 3406 IV,
606 3369 624 3395 1
647 3354 660 3411 (
683 3355 919 3412 Cassiope-ei,
941 3359 1139 3411 Dryopes,
1160 3355 1271 3404 Selli,

41 3415 247 3470 Hellopes‚
282 3414 481 3471 Molossi)
510 3425 551 3457 et
576 3417 813 3459 Athanadas
835 3419 878 3458 in
910 3417 1172 3473 Ἀμὸρακικοῖς
1204 3431 1269 3472 ap.

43 3477 244 3518 Antonin.
259 3476 352 3517 Lib.
370 3491 407 3518 c.
426 3480 450 3526 4
473 3476 568 3534 (Fr.
590 3480 696 3520 Hist.
713 3481 790 3529 IV,
810 3494 851 3535 p.
870 3480 949 3528 344
964 3479 995 3535 ).
1019 3481 1035 3534 Η
1050 3504 1107 3511 --
1123 3480 1191 3520 31.
1212 3481 1275 3520 De

42 3554 87 3580 re
116 3538 169 3580 ef.
202 3538 345 3594 Scylax
369 3541 392 3592 §
422 3539 472 3580 33
496 3548 537 3581 et
565 3540 632 3581 65.
665 3565 722 3572 —-
754 3542 823 3582 32.
860 3543 1058 3596 συνεχεῖς,
1082 3541 1128 3582 τὸ
1163 3543 1275 3597 πέρας

43 3601 78 3640 δ’
104 3600 199 3656 αὐτῇ
228 3599 313 3655 ἔρχ.
343 3599 502 3653 codex;
533 3615 614 3643 em.
643 3602 831 3644 Vossiu‘s.
871 3603 887 3657 u
918 3626 975 3634 --
1013 3604 1080 3644 33.
1120 3604 1273 3645 Πεινιὸν

43 3662 137 3704 cod.
164 3663 180 3717 ΙΙ
206 3686 263 3693 —
278 3662 346 3711 34.
362 3662 582 3717 Μαγνητῶν
612 3662 814 3719 Ὁμόλλην
841 3664 935 3706 cod.
959 3666 975 3720 11
998 3690 1054 3697 -
1076 3666 1144 3707 38.
1163 3666 1274 3722 φιλο-

46 3725 181 3779 μαθέσι
201 3724 314 3775 cod.‚
347 3739 428 3765 em.
447 3725 651 3766 Meineke.
674 3726 737 3766 Cf.
766 3728 968 3782 Scymnus
998 3741 1048 3769 10
1071 3740 1081 3768 :
1104 3730 1186 3776 τοῖς
1214 3729 1273 3770 θέ-

42 3787 154 3828 λουσι
175 3787 422 3843 φιλομαθεῖν.
447 3788 639 3828 Ceterum
660 3803 738 3843 pro
769 3789 986 3842 inelegauti
1005 3790 1083 3831 isto
1104 3790 1272 3846 φιλομα-

45 3850 126 3891 θεῖν
168 3850 502 3906 φιλοτιμουμένοις
538 3849 660 3890 fuisse
686 3852 823 3905 potius
858 3850 1098 3907 πολυμαθεῖν
1141 3852 1270 3908 φιλοτ.

42 3912 273 3954 Meinekius
302 3913 544 3968 suspicatur.
570 3913 586 3966 11
612 3937 668 3943 -
683 3916 751 3961 42.
779 3912 823 3953 ”A
837 3928 923 3968 ρατ
937 3914 1045 3969 θον]
1067 3915 1126 3955 sic
1144 3915 1274 3957 codex

49 3975 163 4028 (non
186 3975 362 4031 Ἄραθον,
388 3975 449 4016 uti
477 3973 579 4016 dicit
606 3974 810 4027 Meineke,
842 3977 912 4031 qui
946 3990 1040 4017 cum
1074 3977 1276 4019 Palmerio

507 141 784 188 DIONYSII
817 141 1269 199 CALLIPHONTIS⁴
1294 111 1445 194 F1L11
1478 149 1843 199 DESCRIPTIO
1875 154 2152 205 GRAECI‘AE.

2512 182 2600 222 239

1370 264 1459 298 toto
1473 260 1612 301 animo
1632 260 1788 302 dedens
1809 261 1874 316 his
1895 263 2146 319 studensque

1370 340 1535 369 mecum
1560 330 1659 370 velis
1681 328 1855 383 discere,
1872 334 1932 373 uti
1953 333 2085 375 facere
2106 335 2224 376 soles.

1426 397 1594 438 Graeciae
1618 399 1754 453 prima
1772 400 1873 441 urbs
1888 402 2109 444 Ambracia
2126 413 2202 445 est.

1368 463 1466 503 Haec
1486 464 1648 506 colonia
1668 464 1821 507 dicitur
1843 468 2157 510 Corinthiorum

1368 546 1468 572 esse.
1494 531 1562 573 Ad
1577 534 1715 574 sinum
1735 549 1861 589 quem
1884 546 2033 578 vocant

1368 599 1638 640 Ambracium
1660 601 1830 643 condita
1847 611 1908 644 est
1926 602 2111 645 medium
2124 637 2135 655 ,
2157 607 2285 648 stadia

1367 681 1390 707 a
1414 667 1517 707 mari
1532 666 1688 708 distans
1704 671 1926 724 octoginta.
1944 671 2114 712 Celebre

1366 736 1564 777 Minervae
1582 737 1783 792 templum
1804 738 1943 790 habet,
1961 755 2008 781 ac
2029 750 2196 795 portum

1365 803 1564 845 clausum.
1592 806 1779 846 Vocatur
1800 807 1980 862 Dryopis
1999 808 2087 849 haec
2109 818 2194 851 tota
2214 815 2342 867 regio.

1365 872 1526 914 Graecia
1543 882 1681 915 autem
1700 874 1799 916 inde
1814 876 1866 917 ab
1882 878 2104 920 Ambracia
2123 881 2285 924 videtur
2303 898 2387 932 esse

1364 942 1544 984 maxime
1563 945 1761 986 continua
1772 976 1784 996 ,
1811 954 1851 986 et
1872 946 1971 988 hinc
1989 949 2168 1003 pertinet

1363 1023 1494 1064 usque
1519 1009 1572 1051 ad
1586 1014 1771 1053 Peneum
1791 1013 1981 1065 fluvium,
2000 1023 2047 1055 ut
2063 1017 2222 1059 Phileas
2243 1021 2398 1074 scribit,

1364 1085 1633 1134 montemque
1650 1081 1891 1134 Magnetum
1914 1083 2120 1124 Homolen
2141 1084 2314 1130 dictum.

1360 1147 1559 1188 Nonnulli
1580 1157 1718 1190 tamen
1738 1152 1992 1205 Magnesiam
2011 1154 2178 1196 Graeciae
2194 1170 2279 1198 esse

1359 1222 1521 1268 partem
1535 1215 1694 1268 dicunt,
1716 1226 1757 1258 et
1774 1218 1963 1272 ignarum
1975 1235 2061 1262 esse
2073 1222 2269 1274 Phileam,

1360 1282 1432 1335 qui
1448 1296 1538 1323 eam
1557 1286 1820 1339 separaverit,
1839 1286 1966 1342 idque
1984 1303 2071 1329 esse
2092 1291 2357 1333 manifestum

1359 1348 1559 1391 doctrinae
1579 1351 1690 1392 laudi
1709 1354 1888 1395 maxime
1911 1356 2187 1399 studentibus.

1358 1418 1439 1459 Sed
1454 1419 1507 1459 ad
1525 1420 1731 1475 reliquum
1750 1425 1952 1464 sermonis
1965 1424 2052 1479 jam
2075 1427 2331 1482 progrediar.

1358 1487 1425 1527 Ab
1444 1487 1665 1530 Ambracia
1678 1490 1721 1530 in
1739 1491 1990 1533 Thessaliam
2010 1495 2135 1536 trium
2155 1497 2221 1536 via

1358 1554 1521 1596 dierum
1536 1565 1612 1598 est.
1638 1558 1773 1599 Habet
1787 1559 1855 1600 illa
1876 1560 2050 1602 fluvium
2074 1577 2198 1617 quem
2214 1573 2363 1605 vocant

1358 1629 1582 1670 Aratthum
1608 1631 1652 1671 in
1675 1646 1788 1672 mare
1814 1642 2051 1684 exeuntem,
2074 1643 2196 1690 atque

1358 1712 1479 1738 mons
1498 1699 1656 1754 adjacet
1680 1701 1801 1742 Sacer
1815 1701 2145 1757 cognominatus.

1356 1769 1643 1810 Praetervectio
1660 1779 1721 1811 est
1742 1771 1970 1813 stadiorum
1984 1781 2150 1814 centum
2172 1773 2331 1827 viginti.

1355 1838 1454 1877 Post
1463 1837 1572 1878 hanc
1588 1837 1739 1879 deinde
1757 1847 1853 1879 sunt
1875 1840 2031 1881 Orestae
2052 1855 2155 1895 quos
2171 1840 2340 1892 dicunt3

1356 1912 1446 1944 tum
1469 1905 1786 1960 Amphilochia3
1805 1909 1938 1961 Argos
1953 1907 2011 1948 ibi
2033 1916 2094 1948 est

1355 1973 1735 2028 Amphilochicum.
1756 1976 1995 2030 Sequuntur
2016 1978 2250 2017 Acarnanes
2265 1992 2276 2027 ;
2293 1976 2415 2017 urbes

1355 2041 1399 2081 hi
1421 2050 1563 2083 tenent
1581 2043 1813 2098 complures
1835 2053 1958 2100 atque
1980 2045 2214 2086 Leucadem
2228 2076 2239 2096 ,

1354 2118 1447 2163 post
1465 2124 1589 2164 quam
1612 2125 1786 2165 magnus
1800 2112 1914 2152 sinus
1930 2111 1982 2152 ad
1997 2113 2203 2153 Isthmum
2225 2111 2397 2154 tendens
2412 2122 2502 2163 -est;

1353 2178 1497 2218 insulae
1515 2179 1810 2233 Cephallenum
1833 2180 1885 2219 ad
1900 2194 1996 2220 eum
2012 2181 2098 2221 sitae
2117 2189 2237 2230 sunt;

1351 2245 1512 2296 Ithaca,
1535 2246 1743 2298 octoginta
1758 2245 1841 2286 fere
1859 2247 2103 2298 stadiorum,
2121 2257 2292 2302 angusta
2309 2249 2388 2299 illa,

1355 2422 1499 2460 Descr.
1522 2422 1597 2460 Gr.
1623 2434 1666 2474 p.
1693 2421 1772 2460 318
1800 2420 1974 2474 ’Άραιθον
2001 2422 2177 2475 scripsit,
2197 2421 2349 2461 collatis
2368 2423 2587 2465 fluviorum

1351 2481 1590 2521 nominibus
1610 2480 1796 2528 “mateog
1814 2490 1854 2521 et
1872 2481 2062 2536 Σύμαιθος
2077 2482 2091 2538 )
2115 2490 2155 2522 et
2188 2482 2360 2535 codices
2377 2484 2587 2526 Strabonis

1351 2544 1446 2594 VH,
1475 2557 1518 2598 p.
1546 2542 1650 2594 325,
1683 2543 1755 2583 ubi
1781 2551 1875 2583 ante
1905 2544 2148 2584 Cramerum
2171 2543 2368 2585 edebatur
2388 2545 2584 2600 ’Άραχθος,

1350 2605 1463 2660 quod
1495 2605 1680 2660 praebent
1701 2605 1944 2646 Ptolemaeus
1966 2608 2043 2656 III,
2088 2607 2135 2646 13
2166 2620 2210 2660 p.
2248 2619 2344 2660 227,
2385 2607 2432 2647 13
2466 2609 2584 2660 (var.

1349 2668 1441 2708 lect.
1476 2667 1674 2723 ’Ἀραχνος,
1701 2667 1926 2723 Ἄρακτος),
1956 2668 2071 2708 editt.
2105 2667 2226 2709 Plinii
2247 2669 2324 2718 IV,
2361 2682 2379 2708 1
2399 2699 2410 2719 ,
2448 2670 2587 2710 Livius

1349 2732 1502 2780 XLIII,
1523 2743 1591 2770 22.
1621 2728 1762 2771 Codex
1779 2729 1924 2784 Polyb.
1945 2730 2083 2780 XXII,
2103 2744 2144 2782 9,
2163 2731 2187 2778 4
2208 2728 2361 2784 Ἄρατος
2381 2729 2439 2783 (l.
2464 2729 2585 2785 ’Ἀρατ-

1351 2792 1461 2849 θος),
1482 2792 1643 2833 codices
1666 2792 1857 2833 Strabon.
1884 2806 1927 2847 p.
1961 2792 2040 2846 327
2057 2792 2078 2831 ὁ
2100 2791 2266 2847 ρατῶνος
2287 2791 2345 2847 (l.
2366 2791 2527 2846 ἄρατθος
2541 2796 2582 2847 );

1349 2855 1599 2910 Lycophron
1633 2855 1744 2894 Cass.
1771 2857 1852 2907 409
1869 2861 1909 2894 et
1931 2853 2203 2894 Callimachus
2224 2867 2290 2908 ap.
2314 2855 2503 2895 Tzetzem
2534 2855 2585 2895 ad

1349 2919 1449 2972 Lyc.
1487 2916 1678 2972 Ἄραιθος;
1714 2916 1857 2957 Livius
1886 2917 2129 2965 XXXVIII,
2170 2916 2211 2956 3.
2252 2916 2450 2957 Arethon.
2488 2917 2504 2971 ss
2531 2941 2586 2948 —

1348 2981 1416 3029 43.
1444 2980 1590 3021 Strabo
1611 2980 1695 3019 VH
1708 3010 1719 3029 ‚
1744 2993 1787 3034 p.
1808 2977 1886 3019 325
1908 2977 1960 3019 ad
1975 2978 2193 3033 Nicopolin
2213 2992 2298 3018 esse
2317 2977 2418 3019 dicit
2431 2979 2585 3034 τέμενος

1348 3042 1386 3083 ἐν
1407 3047 1463 3099 τῷ
1479 3042 1737 3097 ὓπερκειμένῳ
1755 3044 1823 3082 τοῦ
1841 3041 1980 3088 ἄλσους
2002 3040 2112 3096 ἱερῷ
2141 3040 2270 3095 λόφῳ
2291 3043 2359 3080 τοῦ
2386 3039 2579 3081 Ἀπόλλω-

1347 3120 1423 3153 νος.
1457 3106 1581 3146 Hunc
1613 3105 1735 3144 etiam
1758 3104 1946 3158 Dionysii
1965 3117 2050 3143 esse
2072 3110 2256 3142 montem
2286 3116 2445 3142 sacrum
2467 3111 2582 3156 putat

1345 3167 1546 3216 Marxius,
1567 3164 1816 3219 suffragante
1839 3165 2010 3205 Fuhrio.
2035 3163 2161 3215 Quod
2177 3164 2209 3203 si
2234 3171 2308 3212 est,
2334 3171 2477 3202 auctor
2493 3177 2581 3203 sen·

1346 3229 1516 3269 tentiam
1538 3228 1737 3282 expressit
1764 3228 1990 3281 perinepte.
2018 3225 2133 3266 Alius
2154 3226 2291 3279 potius
2310 3238 2428 3264 mons
2450 3223 2502 3264 ad
2526 3225 2579 3264 si-

1344 3291 1518 3332 nistram
1535 3290 1651 3330 fluvii
1666 3289 1798 3344 ripam
1811 3289 1913 3328 situs
1932 3285 2216 3340 intelligendus
2235 3294 2310 3336 est,
2327 3285 2439 3326 haud
2454 3284 2579 3327 dubie

1349 3353 1532 3401 Cranias,
1557 3366 1680 3407 quem
1699 3349 1929 3391 Ambraciae
1946 3356 2129 3388 montem
2147 3347 2247 3388 dicit
2265 3347 2420 3388 Plinius
2434 3349 2509 3398 IV,
2536 3349 2576 3405 3,

1345 3417 1451 3457 sicut
1471 3416 1649 3470 Κράνεια,
1672 3413 1817 3468 χωρίον
1846 3410 2137 3467 Ἀμὸρακιωτῶν
2168 3425 2190 3450 e
2217 3410 2490 3465 Theopompo
2519 3410 2578 3450 af-

1346 3479 1477 3520 fertur
1498 3492 1564 3532 ap.
1589 3476 1728 3530 Steph.
1751 3477 1847 3530 Byz.
1871 3474 1887 3528 ss
1911 3498 1967 3504 —
1986 3475 2054 3522 44.
2077 3472 2138 3514 Cf.
2161 3472 2303 3527 Scylax
2338 3475 2360 3525 5
2392 3473 2459 3512 33.
2483 3473 2498 3525 Η
2524 3496 2580 3503 -

1346 3541 1416 3591 45.
1438 3539 1532 3596 μετὰ
1550 3539 1691 3590 ταυτην
1712 3536 1804 3578 εἰσὶν
1821 3535 1933 3586 cod.;
1923 3550 2030 3576 ·.em
2053 3534 2259 3576 Meineke.
2277 3535 2383 3575 Dein
2409 3533 2521 3588 ἐΟρ
2504 3549 2578 3574 ιται

1346 3603 1459 3654 cod.;
1476 3617 1556 3644 em.
1576 3600 1748 3642 casaub.
1774 3600 1790 3654 ss
1811 3602 1951 3647 —46.
1976 3597 2200 3654 Ἀμφίλοχοι
2223 3596 2355 3652 Αργος
2373 3597 2406 3636 δ’
2424 3595 2578 3636 ἐνταῦθ’

1346 3665 1499 3715 codex;
1514 3679 1595 3705 em.
1613 3661 1817 3703 Meineke.
1847 3662 1863 3716 ΙΙ
1882 3666 2023 3715 -47.
2040 3659 2301 3716 μετὰτουτους
2324 3658 2398 3699 Ἄκ.
2422 3658 2574 3708 codex;

1346 3744 1429 3770 em.
1448 3727 1576 3768 Mein.
1607 3727 1622 3779 Η
1642 3749 1698 3756 -
1717 3725 1786 3765 51
1811 3723 1942 3776 Ἰθάκη
1967 3724 2076 3764 σταδ.
2100 3722 2156 3773 π’,
2181 3721 2296 3773 στενή
2316 3721 2467 3769 codex;
2492 3734 2572 3759 em.

1341 3790 1546 3833 Meineke.
1572 3787 1635 3828 Cf.
1657 3787 1803 3828 Strabo
1824 3788 1881 3838 X,
1908 3801 1950 3842 Ρ
1979 3785 2100 3835 455·
2121 3785 2259 3832 κυκλος
2276 3783 2401 3840 (deb.
2428 3783 2573 3836 μῆκος)

1344 3853 1384 3894 δὲ
1417 3855 1483 3903 τῆς
1514 3850 1664 3902 Ἰθάκης
1690 3848 1834 3890 ἐστὶνε
1814 3866 1865 3897 ως
1896 3847 2140 3904 ὀγδοήκοντα
2170 3846 2349 3888 σταδίων.
2381 3843 2431 3884 85
2466 3841 2572 3883 stad.

1344 3913 1642 3968 longitudinem
1669 3927 1719 3953 ex
1746 3910 2012 3954 Artemidoro
2033 3919 2146 3951 notat
2173 3907 2424 3963 Porphyrius
2449 3906 2569 3945 Antr-

1348 3977 1518 4034 nymph.
1545 3989 1586 4030 p.
1624 3987 1640 4015 1
1652 3977 1715 4023 14.
