2756 4354
131 219 370 255 cxxxviii
462 212 505 255 Ο

133 329 294 387 Σητὸν,
317 325 455 375 Σαλόν
474 325 493 388 ]
510 324 565 372 V.
582 335 676 371 not.
690 323 747 369 ad
770 321 898 369 Stad.
920 321 947 379 S
977 334 1063 379 192
1082 332 1152 378 sq.
1192 333 1237 378 p.
1261 316 1371 371 48⁵.

132 430 196 441 —
216 404 270 450 P.
298 403 376 460 78,
401 401 490 448 lin.
517 417 557 447 1.
582 392 781 459 Μάριον]
802 394 856 439 V.
885 403 980 439 not.
1001 391 1059 437 ad
1082 391 1252 452 δυὰς
1276 392 1367 438 233

133 495 182 541 p.
212 485 319 538 ¹⁸9¹·
335 502 397 513 —
420 475 471 521 P.
497 475 555 531 78
575 474 602 533 S
625 471 757 525 1041.
779 468 877 515 5ab
900 468 994 513 ima
1014 482 1026 511 ε
1046 464 1232 527 Βηρυτὸς
1251 466 1370 518 πόλις

136 552 208 600 καὶ
227 551 367 614 λιμὴν,
388 547 574 611 Βορινός]
594 544 853 607 [egendum
873 557 974 588 esse
989 539 1063 587 καὶ
1085 540 1215 602 λιμὴν
1241 543 1370 605 popu·

133 628 388 681 &censent
403 624 538 670 etiam
557 618 914 666 viridoctissimi
926 616 1153 677 Saulcyus
1167 617 1371 678 (Voyage

133 716 289 749 autom·
313 703 369 745 de
386 703 432 744 la
463 714 558 743 mer
573 706 727 749 morte,
750 691 869 755 etc.)
889 703 934 739 et
954 691 1235 740 Isambertus
1250 692 1372 752 (But-

134 782 240 823 leee‘n
257 780 314 821 de
333 779 478 820 lasoc.
508 776 565 816 de
577 774 728 833 gingr.
756 782 857 816 tom.
878 773 961 826 VI,
993 786 1041 833 p.
1070 786 1181 825 202,
1205 769 1367 832 1853).

133 867 272 913 quum
306 858 465 911 portus
501 846 560 893 ab
583 845 700 892 urbe
725 848 913 892 boream
946 860 1108 892 versus
1137 845 1254 891 situs
1290 845 1367 891 sit.

130 926 274 981 Quem
306 935 458 970 tamen
484 931 645 984 portus
674 921 814 967 situm
834 921 875 968 si
901 931 1069 983 praeter
1101 934 1273 965 morem
1303 919 1371 964 sic

131 1001 391 1061 siguificare
411 999 578 1060 Scylax
609 998 782 1055 voluit,
807 997 996 1044 insolita
1021 997 1071 1042 id
1095 997 1275 1042 ratione
1297 995 1372 1041 fe-

132 1077 248 1122 cisse
274 1075 388 1122 mihi
411 1073 610 1120 videtur.
634 1073 787 1128 Quare
808 1073 1059 1119 etiamnum
1075 1071 1217 1117 haeret
1238 1069 1373 1116 dubi·

133 1153 258 1199 tatio.
305 1150 603 1197 Introducere
641 1149 792 1211 possis
831 1149 1050 1195 usitatum
1085 1148 1134 1194 in
1176 1146 1373 1209 periplis

132 1226 405 1274 vocabulum
419 1262 431 1283 ,
458 1227 552 1272 leni
571 1240 711 1272 manu
733 1240 820 1286 pro
853 1223 1009 1286 βορινὸς
1030 1222 1239 1270 scribens
1262 1225 1372 1284 θερι-

132 1301 211 1354 νός.
238 1301 328 1348 Sed
353 1301 450 1346 baec
472 1301 627 1346 omnia
653 1309 781 1346 tanto
801 1299 1052 1345 incertiora
1074 1307 1205 1353 sunt,
1226 1312 1369 1358 quum

134 1376 392 1438 majoribus
408 1376 557 1422 turbis
572 1376 704 1422 locus
719 1385 874 1421 noster
892 1372 1086 1420 laboret.
1116 1373 1227 1419 Nam
1252 1383 1373 1435 patet

135 1462 238 1514 post
256 1452 411 1512 Beryti
437 1451 716 1497 mentionem
734 1450 986 1496 desiderari
1011 1448 1370 1511 Leontonpolin‚

134 1527 268 1589 cujus
284 1528 440 1590 paullo
459 1537 562 1589 post
580 1537 740 1573 auctor
767 1526 976 1572 meminit
1005 1526 1108 1572 loco
1125 1526 1233 1571 item
1250 1525 1373 1571 lace·

137 1620 216 1659 ro,
246 1602 328 1649 ubi
351 1603 530 1649 notavit
553 1612 631 1648 aut
663 1617 767 1663 quae
802 1602 938 1647 fuerit
963 1617 1057 1647 orae
1080 1600 1319 1661 longitudo
1348 1614 1375 1645 a

137 1679 438 1741 Leontonpoli
458 1679 514 1725 ad
530 1678 908 1739 Ornithonpolin,
927 1689 1004 1723 aut
1019 1693 1259 1739 quousque
1275 1692 1376 1739 per·

136 1755 324 1800 tinuerit
356 1770 464 1814 ager
494 1754 820 1808 Sidoniorum3
852 1753 964 1798 adeo
994 1763 1045 1798 ut
1075 1752 1370 1798 scribendum

135 1830 197 1876 sit
215 1839 293 1875 aut
313 1846 324 1874 ε
347 1828 448 1875 Ἀπὸ
465 1828 652 1875 Λεόντων
676 1829 834 1880 πόλεως
854 1827 978 1890 μέχρι
995 1827 1196 1890 Ὀρνίοων
1216 1827 1376 1879 πόλεως

135 1902 284 1950 στάδια
297 1905 332 1952 ”.
351 1896 457 1951 Εἶτα
479 1903 642 1965 Τυρίων
666 1904 783 1956 πόλις
810 1904 924 1960 κτλ.,
942 1913 1020 1948 aut
1039 1921 1049 1948 ε
1070 1902 1271 1963 Ὀρνίθων
1296 1901 1375 1947 πό-

133 1981 218 2032 λις·
237 1978 482 2043 ,(Σιδωνίων
512 1978 575 2040 [δὲ
601 1979 672 2038 τὰ]
710 1978 792 2024 ἀπὸ
831 1978 1018 2025 Λεόντων
1051 1978 1209 2029 πόλεως
1250 1976 1375 2040 μέχρι

138 2053 340 2117 Ὀρνίθων
357 2052 514 2107 πόλεώς
536 2052 695 2117 [ἕστι])·
714 2053 880 2116 Τυρίων
902 2054 1018 2105 πόλις
1041 2053 1251 2116 Σάραπτα
1280 2054 1372 2100 κτλ.

138 2129 193 2176 ln
226 2140 396 2176 antece.
416 2146 527 2176 vero
549 2146 644 2175 vox
664 2127 852 2176 Λεόντων
877 2147 925 2175 π.
951 2130 1168 2175 facillime
1187 2145 1212 2174 a
1235 2130 1376 2175 libra-

136 2206 209 2253 rio
232 2207 381 2252 omitti
398 2206 549 2267 potuit
575 2216 680 2267 post
698 2220 855 2251 vocem
881 2204 1007 2266 λιμὴν
1041 2205 1102 2251 ob
1139 2206 1375 2253 literarum

135 2281 504 2328 similitudinem.
545 2280 720 2327 Deinde
776 2290 926 2326 mitem
968 2280 1133 2343 Βορινός
1189 2297 1282 2325 vox
1326 2280 1375 2330 in

134 2358 294 2404 codice
323 2358 600 2419 supraducta
624 2358 746 2403 linea
769 2357 911 2403 rubra
937 2368 1122 2403 notatur
1144 2368 1374 2418 tamquam

136 2450 299 2481 nomen
316 2435 576 2496 proprium.
599 2434 715 2479 ilinc
736 2434 884 2480 facilis
901 2434 1165 2495 conjectura
1177 2445 1241 2480 est
1260 2435 1374 2480 olim

135 2511 184 2555 in
208 2510 366 2555 codice
388 2509 527 2555 fuisse
550 2509 807 2571 Βο[στ]ρινὸς
829 2525 915 2570 pro
948 2509 1203 2570 Βοστρηνὸς,
1233 2525 1374 2569 quum

138 2585 383 2630 Bostrenus
404 2584 575 2629 fluvius
612 2594 888 2629 memoretur
916 2600 942 2628 a
967 2585 1192 2644 Dionysio
1218 2585 1373 2643 perie-

137 2670 239 2720 geta
260 2676 308 2707 v.
339 2662 454 2719 9ι3;
485 2659 618 2720 cujus
651 2659 838 2719 quidem
881 2660 920 2705 si
955 2658 1097 2704 verba
1129 2660 1376 2719 premenda

138 2745 244 2781 sunt
259 2750 457 2795 veraque
478 2734 688 2791 tradunt,
708 2734 879 2780 fluvius
892 2734 971 2779 ille
982 2733 1198 2779 Sidonem
1214 2732 1373 2779 urbem

138 2809 560 2871 praeterlabebatur,
588 2810 793 2870 adeoque
828 2809 995 2868 Scylax
1014 2824 1117 2853 eum
1153 2824 1246 2853 non
1273 2819 1375 2854 ante

137 2885 215 2932 sed
242 2894 344 2946 post
383 2884 687 2945 Porphyreon
709 2884 839 2945 polin
872 2899 1126 2929 memorare
1159 2882 1370 2928 debebat.

136 2960 240 3016 Quo
255 2976 410 3006 errore
430 2977 519 3005 non
543 2975 819 3019 magnopere
833 2960 1133 3014 offendimur,
1152 2960 1372 3018 quoniam

137 3039 303 3097 saepius
321 3035 531 3082 ordinem
550 3035 755 3082 locorum
771 3035 1128 3096 geographicum
1143 3034 1191 3080 in
1209 3034 1375 3080 Nostro

137 3111 308 3172 negligi
331 3121 521 3159 constat.
540 3110 640 3157 Vox
652 3110 852 3170 ποταμὸς,
865 3126 967 3171 quae
990 3113 1037 3155 in
1054 3109 1212 3155 codice
1231 3111 1373 3155 scribi

137 3187 253 3233 solet
275 3203 377 3243 ποτ,
399 3186 460 3232 ob
491 3197 730 3247 sequentes
746 3186 901 3231 literas
920 3202 998 3247 πορ
1025 3185 1141 3244 sugit
1156 3183 1372 3232 scribam.

136 3262 271 3317 Quod
291 3262 428 3309 situm
461 3261 757 3323 Leontopolis
784 3262 965 3316 attinet,
992 3260 1048 3305 de
1072 3276 1164 3320 quo
1193 3260 1272 3305 alii
1291 3261 1375 3305 ali-

139 3347 207 3383 ter
249 3347 476 3394 statuunt,
512 3352 595 3382 acu
645 3352 741 3382 rem
783 3336 986 3396 tetigisse
1031 3334 1144 3380 mihi
1196 3334 1377 3382 videtur

141 3411 433 3457 doctissimus
473 3410 752 3458 Isambertus
776 3412 808 3456 l.
837 3413 869 3458 l.
906 3427 951 3471 p.
982 3426 1069 3467 207
1096 3426 1107 3454 z
1141 3430 1160 3450 ι
1190 3408 1227 3454 ll
1249 3409 1325 3470 n'y
1351 3427 1378 3455 a

45 3509 75 3548 ,·
138 3500 315 3532 aucune
355 3487 601 3543 difficulte,
645 3488 821 3548 inquit,
871 3491 896 3531 a
932 3484 1226 3532 reconnaitre
1266 3502 1376 3532 avec

139 3559 204 3608 Μ.
225 3559 282 3606 de
310 3560 477 3621 Saulcy
509 3572 553 3606 et
581 3562 646 3607 les
674 3577 932 3622 voyageurs
956 3562 1211 3607 anterieurs
1227 3595 1240 3618 ,
1262 3561 1376 3606 l'an·

138 3636 243 3684 cien
275 3635 499 3697 Tamyras
532 3637 646 3682 dans
679 3638 722 3682 la
756 3640 927 3683 riviere
949 3641 995 3682 el
1015 3642 1230 3685 Damour.
1266 3637 1376 3683 Mais

139 3711 374 3775 pourquoi
408 3709 586 3756 n’avoir
620 3727 701 3772 pas
726 3728 928 3756 reconnu
952 3713 995 3756 la
1025 3713 1136 3757 ville
1154 3712 1211 3757 de
1230 3712 1375 3759 Leon·

135 3785 347 3849 tonpolis
368 3801 430 3832 ou
461 3785 572 3831 ville
604 3785 660 3831 de
679 3785 819 3831 Lions
840 3797 883 3831 et
904 3787 945 3830 le
964 3785 1067 3831 bois
1090 3787 1216 3832 sacre'¹
1242 3788 1376 3834 ‹l'Es-

139 3863 303 3926 culape
342 3862 457 3930 dans
488 3871 602 3908 cette
634 3861 755 3907 belle
788 3862 963 3907 vallee?
997 3861 1114 3907 C'est
1148 3865 1172 3906 ἐι
1219 3863 1376 3908 moitie

140 3939 320 3985 chemin
346 3935 540 4000 [μεταξὺ]
565 3937 623 3983 de
643 3937 835 3998 Berytus
858 3947 901 3982 et
925 3937 981 3982 de
1008 3937 1150 3982 Sidon
1166 3972 1177 3992 ‚
1201 3954 1376 3983 comme

143 4014 364 4076 l'indique
383 4014 598 4061 Strabon.
627 4014 752 4059 Avec
773 4014 816 4060 le
843 4013 1092 4074 Tamyras,
1120 4014 1149 4058 il
1168 4013 1318 4058 ‹levait
1344 4030 1373 4073 y

1165 192 1651 243 PROLEGONRNA.

1444 316 1578 364 avoir
1612 332 1705 364 une
1737 317 1850 364 ville
1882 317 1998 364 dans
2042 333 2134 364 une
2165 318 2371 379 position
2401 320 2524 368 aussi
2561 321 2633 373 sav

1444 389 1592 439 rable.
1618 390 1790 439 Eodem
1811 390 1941 438 ducit
1956 391 2230 439 Ptolemaeus
2250 390 2306 448 V,
2337 400 2411 450 14,
2431 409 2479 455 p.
2502 394 2590 451 36⁴
2621 420 2649 434 -·

1442 465 1679 528 Wilberg.,
1702 467 1825 530 apud
1847 482 1983 530 quem
2001 466 2094 514 Leo
2109 468 2157 515 fl.
2180 468 2276 515 exit
2294 469 2374 515 33·
2386 468 2480 527 ὅδ’,
2499 485 2588 516 tn
2605 470 2617 483 “

1446 541 1568 588 inter
1610 545 1828 604 Berytum
1866 543 1963 602 (33⁰
1997 541 2084 603 40')
2113 552 2159 588 et
2191 542 2409 590 Sidonem
2432 545 2534 605 (33⁰
2568 543 2659 609 305)

1443 616 1524 678 qui
1547 617 1733 678 quidem
1767 618 1938 664 fluvius
1968 634 1995 664 a
2016 617 2218 679 'l'amyra
2246 635 2339 665 non
2363 619 2502 667 fuerit
2529 621 2609 668 div
2624 642 2641 660 -a

1443 706 1540 740 sus.
1571 691 1708 739 Certe
1750 693 1877 754 quod
1915 693 2210 741 Robinsonus
2246 693 2445 741 Leonem
2480 695 2591 759 (qui
2611 688 2681 744 iu*

1443 781 1683 828 perperam
1713 767 1908 815 Leontes
1940 771 2148 831 vocatur)
2174 770 2339 831 quaerit
2376 770 2426 815 in
2457 769 2686 826 hodierno

1443 844 1704 901 KasImeyeh
1728 845 1829 890 sive
1852 847 2080 901 Kasme‘eh‚
2104 862 2251 908 prope
2266 848 2442 908 Tyrum
2468 836 2675 905 exeunt}

1444 917 1494 963 id
1516 928 1567 964 ut
1584 929 1794 965 veterum
1827 921 2104 968 testimoniis
2134 922 2415 986 indiciisque
2434 933 2685 988 repugnat-9

1445 993 1513 1039 sic
1542 993 1686 1040 debili
1709 994 1874 1041 nititur
1897 997 2310 1055 argumentatione.
2331 998 2518 1047 Scilicet
2541 1008 2694 1060 quum·

1444 1070 1706 1124 Kase'mireh
1746 1069 1869 1131 apud
1913 1069 2148 1117 Edrisium
2176 1071 2231 1132 (l,
2264 1088 2310 1134 p.
2350 1074 2442 1134 349
2471 1070 2680 1136 hubert)

1446 1147 1608 1201 lanta,
1617 1145 1723 1190 etin
1736 1145 1971 1206 superiore
1986 1145 2059 1192 sui
2071 1156 2203 1208 parte
2217 1147 2480 1193 etiamnunc
2489 1150 2687 1194 ιαιιεωιι·

1447 1220 1547 1265 sive
1570 1223 1768 1264 Lieuam'
1802 1220 2076 1282 appelletur,
2112 1221 2481 1283 componendum
2509 1237 2612 1268 cum
2631 1237 2687 1270 eo

1446 1295 1627 1355 putavit
1656 1298 1863 1342 Leonem.
1899 1294 2113 1343 Ceterum
2146 1312 2260 1357 quas
2287 1297 2344 1343 de
2365 1296 2568 1358 Scylacis
2585 1297 2687 1344 loco

1446 1369 1734 1429 conjecturas
1752 1369 1977 1431 Saulcyus
2003 1372 2197 1433 protulit
2212 1406 2225 1428 ,
2249 1371 2357 1432 jure
2380 1371 2545 1418 merito
2564 1371 2682 1435 reje-

1448 1446 1511 1491 cit
1527 1445 1823 1493 lsatnbertus.
1837 1472 1901 1483 —
1918 1447 2223 1510 Porphyredn
2242 1448 2464 1511 oppidum
2489 1449 2609 1497 refer
2625 1450 2685 1497 ad

1446 1525 1538 1566 Bas
1572 1521 1720 1567 Nebbe‘
1750 1525 1898 1567 Yunes
1926 1537 1951 1568 e
1986 1538 2202 1568 mensura
2234 1523 2468 1569 Itinerarii
2494 1540 2541 1585 p.
2581 1524 2687 1573 583.

1446 1596 1798 1659 Ornithonpolis
1837 1599 1905 1658 (el
1929 1600 2125 1659 Ourby?)
2158 1599 2319 1659 nequit
2347 1614 2447 1646 esse
2471 1601 2608 1646 statio
2626 1604 2691 1646 ad

1447 1675 1625 1718 Nonum
1647 1672 1910 1731 itinerarii,
1946 1674 1978 1722 l.
2018 1674 2071 1733 l.,
2097 1672 2178 1719 ubi
2223 1690 2309 1735 pro
2330 1677 2413 1719 JV
2438 1677 2553 1721 mill.
2576 1675 2689 1722 scri·

1447 1746 1649 1794 bendum
1665 1750 1748 1792 IX
1760 1751 1892 1805 mill„
1908 1757 1959 1793 ut
1968 1747 2064 1809 jain
2083 1748 2415 1809 wesselingius
2432 1748 2690 1811 suspicatus

1447 1833 1540 1879 est,
1576 1833 1654 1868 aut
1687 1822 1960 1869 intermedia
1994 1822 2183 1884 Sarepta
2215 1823 2353 1869 statio
2386 1824 2557 1871 omissa
2599 1833 2686 1883 est,

1449 1907 1664 1944 monente
1686 1897 1960 1944 Isamberto.
1988 1924 2051 1965 3—-
2069 1897 2124 1945 P.
2150 1889 2228 1955 7⁹8,
2254 1897 2286 1944 l.
2315 1913 2370 1944 to
2384 1897 2469 1944 ἐστὶ
2489 1889 2725 1961 'spinum‘

1449 1971 1711 2034 Φοινίκων.]
1735 1972 1835 2019 Nisi
1867 1988 1894 2018 e
1916 1972 2139 2032 marginis
2162 1972 2321 2019 notula
2355 1973 2499 2020 verba
2518 1973 2598 2035 Τρ.
2621 1972 2685 2024 0.
2734 2030 2735 2034 ¹

1448 2048 1759 2108 irrepserunt,
1790 2048 1853 2093 ita
1887 2046 2187 2106 intelligenda
2208 2057 2316 2093 sunt
2350 2057 2401 2093 ut
2432 2043 2735 2108 significent

1449 2123 1721 2170 Phoenicum
1740 2126 1975 2184 regionem
1993 2123 2331 2185 Tripolitanam
2350 2125 2451 2171 sive
2465 2123 2709 2173 ditionem*
2735 2119 2736 2123 ¹

1449 2199 1617 2257 Aradi,
1636 2199 1824 2246 Sidonis
1845 2209 1891 2246 et
1911 2199 2041 2261 Tyri.
2062 2199 2191 2247 —P.
2215 2200 2293 2257 78,
2327 2199 2412 2245 lin.
2435 2202 2519 2245 ult.
2540 2185 2692 2249 verbs

1449 2273 1687 2332 laborant3
1713 2273 1821 2331 ἄλλη
1852 2289 2013 2321 vocem
2043 2274 2094 2320 in
2117 2274 2412 2321 annotatione
2431 2275 2693 2337 suspicatus

1449 2366 1550 2398 sum
1567 2366 1595 2396 a
1611 2350 1806 2397 librario
1823 2350 2084 2412 proficisci3
2105 2350 2187 2396 vix
2202 2359 2339 2398 recte.
2360 2350 2527 2410 Legam
2547 2367 2558 2395 ε
2581 2349 2691 2412 ἄλλῃ

1453 2426 1468 2487 (
1487 2427 1560 2473 vel
1582 2426 1738 2489 potius
1760 2421 1919 2489 Ἄδλη)
1945 2425 2063 2478 πόλις
2080 2460 2093 2484 ,
2121 2425 2262 2487 [νῆσος
2290 2424 2363 2471 καὶ
2390 2425 2528 2487 πόλις]
2543 2425 2649 2475 Τύυ
2703 2477 2709 2480 ,

1447 2502 1583 2558 Quod
1616 2519 1702 2564 pro
1740 2504 1903 2549 ΑΛΛΗ
1948 2501 2201 2546 mutatione
2238 2501 2331 2546 fere
2352 2500 2493 2547 -nulla
2529 2503 2646 2550 ΛΔΛ
2664 2499 2695 2539 '²'

1451 2578 1748 2627 scribendum
1762 2577 2007 2640 conjiciam
2022 2611 2036 2635 ,
2054 2577 2231 2624 inducit
2244 2576 2496 2623 hodiernus
2515 2579 2621 2622 Ad!
2688 2593 2696 2614 ε

1449 2658 1608 2713 vicus,
1636 2656 1718 2717 qui
1755 2665 1859 2717 post
1891 2654 2124 2716 Sareptam
2170 2652 2418 2715 (Sat-fund)
2462 2653 2696 2718 sequitur,

1449 2742 1494 2778 et
1525 2730 1778 2779 Isamberto
1813 2747 1860 2791 p.
1898 2736 1985 2782 υἱ.
2022 2729 2158 2775 statio
2195 2730 2272 2773 Ad
2294 2743 2435 2775 nonae
2453 2727 2628 2776 itinera

1450 2822 1551 2854 esse
1570 2806 1771 2853 videtur.
1788 2805 1842 2851 ln
1860 2805 2128 2866 propinquo
2151 2814 2330 2850 exstant
2349 2804 2514 2853 ruinae.
2536 2802 2699 2860 Simili

1451 2884 1588 2928 modo
1609 2883 1658 2929 in
1682 2882 1855 2943 Peripl.
1886 2881 2025 2927 Maris
2048 2881 2201 2940 Magni
2229 2883 2255 2941 S
2284 2881 2367 2938 157
2406 2896 2454 2942 p.
2479 2884 2570 2941 47'9
2589 2897 2644 2927 co
2679 2924 2681 2927 .

1450 2960 1549 3004 rexi
1573 2959 1629 3009 εἰς
1651 2956 1796 3016 κώμην
1825 2955 1943 3008 ’Λλάς
1964 2972 2050 3018 pro
2067 2957 2122 3008 tl<
2145 2955 2291 3015 κώμην
2310 2955 2457 3012 ἄλλην.
2482 2981 2544 2992 -
2559 2954 2632 3004 lb.
2650 2955 2698 3011 l:

1452 3051 1476 3091 7
1503 3050 1587 3094 pro
1609 3032 1648 3087 η’
1667 3032 1814 3079 στάδια
1836 3032 1923 3091 leg.
1956 3031 2140 3078 videtur
2162 3029 2199 3076 κ’
2218 3030 2384 3079 στάδια.
2415 3031 2486 3077 Cf.
2512 3040 2608 3077 not.
2669 3056 2692 3077 ·.
2751 3072 2754 3103 Ι

1449 3110 1570 3157 stad.
1592 3112 1617 3170 §
1639 3127 1654 3154 ι
1667 3111 1723 3154 36
1742 3126 1788 3171 p.
1806 3108 2043 3166 472.-P.
2058 3109 2158 3166 825
2184 3108 2268 3152 108
2284 3108 2382 3166 lege
2397 3098 2692 3168 Τυνδαριίουςρ

1451 3186 1517 3232 Cf.
1545 3195 1639 3230 not.
1666 3184 1721 3229 ad
1745 3185 1770 3243 §
1791 3183 1868 3238 25,
1888 3199 1933 3243 p.
1963 3183 2072 3237 4362
2098 3181 2163 3226 De
2183 3181 2332 3241 Plyno
2354 3190 2493 3242 portu
2514 3182 2575 3228 cf.
2595 3190 2688 3230 not.

1449 3261 1556 3320 ads
1590 3277 1667 3318 29,
1708 3276 1758 3318 p.
1799 3259 1901 3310 438.
1928 3257 2017 3301 Pro
2054 3255 2285 3316 Πέτραντος
2323 3255 2410 3314 leg.
2440 3255 2603 3317 Πετράν
2637 3283 2644 3292 ‚
2686 3290 2692 3302 .

1448 3337 1651 3381 Omnino
1683 3334 1740 3379 de
1765 3332 1923 3392 Libyae
1946 3331 2136 3392 paraplo
2160 3329 2436 3376 conserenda
2458 3341 2565 3377 sunt
2586 3346 2616 3393 q
2687 3345 2692 3353 ·

1449 3411 1663 3476 pluribus
1683 3411 1729 3455 in
1758 3418 1853 3456 not.
1875 3406 1931 3452 ad
1958 3406 2258 3452 Stadiasmum
2286 3406 2600 3467 exposuimus.
2689 3435 2693 3440 -

1451 3487 1570 3534 lbid.
1604 3487 1685 3532 lin.
1717 3485 1800 3531 ult.
1838 3499 1924 3545 pro
1958 3482 2237 3544 Ἀντίπυγοςε
2259 3482 2570 3528 Ptolemaeoet
2620 3507 2621 3512 =
2678 3491 2679 3495 ’

1449 3563 1628 3609 diusmo
1654 3560 1753 3619 lege
1773 3557 2044 3620 Ἀντίπυργος.
2070 3583 2128 3592 -
2148 3558 2200 3604 P.
2224 3559 2301 3613 83,
2331 3557 2413 3605 lin.
2438 3558 2487 3614 6,
2531 3555 2617 3603 ἄνω
2651 3584 2656 3592 ,
2686 3593 2692 3603 ,

1450 3639 1623 3684 ἕνταῦθα
1641 3636 1731 3681 κτλ.
1749 3634 1862 3679 Vide
1878 3644 1975 3681 not.
1998 3634 2052 3679 ad
2066 3634 2189 3682 Stad.
2206 3650 2253 3696 p.
2273 3634 2362 3689 450
2379 3649 2449 3694 sq.
2465 3632 2582 3678 —P.
2605 3633 2661 3690 84
2681 3670 2687 3685 ,,

1450 3713 1484 3759 1.
1506 3712 1531 3757 5
1551 3710 1639 3770 leg.
1654 3709 1749 3755 vid.
1775 3707 2192 3768 εἈμπελος,’Λπιος,
2212 3708 2296 3755 ἀπὸ
2313 3708 2524 3765 Θαλάσσης
2538 3707 2642 3754 στάδ
2703 3747 2710 3752 ,

1449 3787 1486 3833 λ’
1516 3797 1593 3833 aut
1614 3785 1819 3845 Ἄμπιλος
1845 3785 1927 3832 ἀπὸ
1949 3786 2177 3846 θαλάσσης,
2200 3797 2284 3832 etc.
2301 3812 2363 3821 —
2386 3784 2456 3833 lb.
2477 3785 2508 3834 l.
2534 3802 2558 3843 7
2587 3783 2625 3802 ’
2672 3791 2675 3797 ¹

1450 3863 1586 3924 κιιός]
1608 3864 1819 3924 {ny-timi?
1842 3889 1903 3898 —
1928 3862 1995 3910 lb.
2023 3864 2055 3908 1.
2080 3862 2164 3910 ult.
2193 3861 2404 3923 Πόντιαι]
2426 3877 2472 3909 v.
2497 3870 2592 3907 not.
2613 3856 2685 3907 od

1450 3938 1726 3997 5ωι1.575,
1752 3955 1797 3999 p.
1820 3939 1926 3993 454.
1946 3938 2075 3984 —P.
2090 3938 2169 3995 85,
2197 3955 2214 3983 ι
2235 3938 2344 3997 leg.:
2365 3938 2406 3983 ἐν
2423 3936 2533 3998 81τῷ
2547 3953 2597 3982 κο
2646 3960 2652 3970 ,
2687 3984 2690 3987 ,

1450 4014 1562 4076 ring,
1596 4017 1668 4068 τῆς
1695 4015 1890 4074 Σύρτιδος
1928 4014 2114 4073 (glossa
2146 4030 2155 4058 ε
2183 4013 2223 4058 ἐν
2247 4014 2305 4074 τῷ
2328 4014 2452 4074 μυχῷ
2486 4010 2582 4067 ὅλης
2611 4010 2686 4064 τῆ·
2753 4049 2756 4062 ,

2623 4252 2629 4257 ,
2711 4082 2756 4354 1
