2808 4342
502 16 554 71 Ο
819 68 823 70 .

719 105 762 149 0

184 174 276 215 290

179 271 392 325 καλεῖται,
411 266 465 311 τὰ
487 245 876 325 δὶᾩαραθαλάσσια
902 253 1196 318 Συραστρηνή,
1268 254 1419 301 Πολυ-

180 337 302 403 φόρος
319 335 363 383 δὲ
387 338 413 391 ἡ
429 333 550 397 χώρα
572 331 686 378 σίτου
705 328 776 375 καὶ
793 324 940 388 ὀρύζης
970 323 1041 369 καὶ
1063 322 1204 370 ἐλαίου
1234 322 1423 383 σησαμί-

178 426 250 456 νου
272 407 344 454 καὶ
369 403 567 468 βοντύρου
589 399 663 446 καὶ
677 395 895 459 καρπάσου
911 391 1079 439 καὶτῶν
1096 391 1136 445 ἐξ
1161 393 1288 447 αὐτῆς
1307 391 1423 439 Ἰνδι-

181 479 266 523 κῶν
285 474 451 522 ὀθονίων
473 473 555 517 τῶν
573 452 770 530 χυὲαίων·
792 460 987 525 βουκόλια
1005 458 1049 506 δὲ
1064 461 1107 506 ἐν
1120 462 1226 523 αὐτῇ
1244 461 1422 507 πλεῖστα

138 565 159 593 s
185 546 257 592 καὶ
281 544 425 606 ἄνδρες
460 533 746 598 ὑπερμεγέθεις
766 533 827 593 τῷ
865 529 1031 591 σώματι
1070 530 1142 576 καὶ
1177 529 1352 591 με’λανες
1371 533 1422 593 τῇ

96 892 100 898 ’
119 903 157 933 lt·

182 620 323 677 γροιᾳ,
391 604 659 667 Μητρόπολις
676 599 719 647 δὲ
740 602 815 656 τῆς
831 598 975 663 χῷρας
994 598 1267 663 Μιννᾶγαρα,
1286 598 1357 663 ἀφ’
1374 591 1424 655 ἧς

183 668 255 728 καὶ
277 680 466 725 πλεῖστον
485 672 639 719 ὀθόνιον
668 671 726 723 εἰς
755 669 983 731 Βαρύγαζα
1012 669 1258 730 κατάγεται.
1329 670 1423 717 Σώ-

182 755 292 803 ζεται
319 746 360 791 δὲ
381 743 441 790 ἔτι
461 741 532 788 καὶ
554 744 627 787 νῦν
649 742 724 796 τῆς
748 738 1012 801 Ἀλεξάνδρου
1043 746 1244 802 στρατιᾶς
1270 745 1423 800 σημεῖα

180 816 272 877 περὶ
296 812 389 865 τοὺς
402 810 570 867 τόπους,
589 808 680 872 ἱερά
711 826 757 854 τε
788 809 946 871 ἀρχαῖα
961 806 1034 854 καὶ
1061 809 1241 868 θεμέλιοι
1261 826 1423 871 παρεμ-

182 885 314 930 Εολῶν
335 881 407 929 καὶ
430 879 588 944 φρέατα
609 877 802 939 μέγιστα.
869 875 925 924 Ὁ
945 875 989 923 δὲ
1006 876 1251 940 παράπλους
1270 876 1425 933 ταύτης

178 957 251 1009 τῆς
269 950 409 1015 χώρας
430 948 512 995 ἀπὸ
533 951 604 994 τοῦ
624 947 892 1011 Βαρὸαρικοῧ
914 945 1038 1009 μέχρι
1052 949 1125 992 τοῦ
1145 945 1255 991 κατὰ
1277 945 1423 993 'Ae-rd-

178 1039 320 1086 καπρα
343 1018 472 1083 πέραν
509 1017 763 1080 Βαρυγάζων
794 1016 1074 1079 ἀκρωτηρίου,
1097 1018 1170 1071 τῆς
1195 1015 1421 1077 λεγομένης

184 1093 396 1147 Παπικῆς,
416 1088 504 1136 ἐστὶ
522 1087 700 1133 σταδίων
722 1085 970 1149 τριςχιλίων.

241 1177 302 1210 ⁴2.
332 1159 436 1207 Μεθ’
465 1152 513 1215 ἧς
542 1156 678 1219 ἕτερός
708 1159 795 1203 ἐστι
825 1156 1000 1213 κόλπος,
1019 1154 1103 1201 ἔσω
1121 1154 1343 1215 κυμάτων,
1371 1157 1427 1206 εἰς

133 1249 150 1275 2»
181 1228 302 1275 αὐτὸν
326 1226 503 1274 ἐνδύνων
527 1225 596 1271 τὸν
619 1224 786 1288 βορέαν,
812 1216 859 1270 οὗ
881 1222 991 1269 κατὰ
1013 1222 1089 1284 μὲν
1111 1223 1159 1269 τὸ
1189 1222 1324 1283 στόμα
1347 1226 1424 1278 νῆ-

180 1297 248 1351 σός
270 1299 379 1343 ἐστιν
410 1299 437 1352 ἡ
459 1294 665 1356 λεγομένη
700 1291 915 1350 Βαιώνης,
949 1295 991 1339 ἐν
1015 1290 1060 1338 δὲ
1089 1298 1174 1343 τοῖς
1208 1291 1427 1343 ἐσωτᾶτοις

180 1368 319 1419 τόποις
350 1365 540 1427 μέγιστος
566 1363 754 1425 ποταμὸς
773 1366 796 1409 ὁ
823 1363 1043 1424 λεγόμενος
1076 1362 1203 1414 Μάϊς.
1268 1364 1426 1408 Τοῦτον

177 1573 445 1615 Ptolemaeum
480 1571 625 1613 Abiria
658 1584 743 1611 non
776 1568 906 1610 Indiae
925 1567 998 1609 sed
1033 1567 1310 1623 Indoscytbiae
1331 1581 1426 1622 pars

95 1651 99 1654 ·
177 1643 252 1676 est.
271 1635 434 1675 Nomen
446 1640 652 1688 superstes
666 1645 754 1671 esse
771 1629 987 1671 videturin
1001 1629 1114 1671 tribu
1127 1643 1340 1684 quaenunc
1355 1643 1428 1670 vo-

178 1705 296 1739 catur
308 1695 433 1738 Ahir.
451 1696 555 1736 Eam
578 1694 748 1749 stirpem
765 1707 815 1734 ex
837 1693 984 1749 priscis
1007 1693 1118 1735 Ariis
1139 1691 1294 1733 Indicis
1312 1705 1429 1748 repe-

178 1758 347 1801 tendam
360 1766 417 1809 et,
435 1771 566 1813 quum
587 1757 699 1798 circa
709 1756 895 1812 emporia
909 1754 1033 1811 hujus
1050 1763 1206 1796 tractus
1220 1754 1428 1796 consedis-

178 1830 255 1874 set,
290 1820 610 1863 celebratissimo
629 1819 671 1859 in
704 1819 1053 1859 commerciorum
1088 1817 1259 1858 historia
1294 1816 1430 1873 Ophir

180 1883 342 1926 nomini
361 1896 503 1923 ansam
518 1880 742 1937 praebuisse
760 1888 900 1921 censet
920 1880 1154 1929 Lassenius,
1169 1877 1287 1934 eujus
1301 1879 1427 1919 ratio-

178 1959 252 1987 nae
268 1943 466 1986 subducit
480 1944 663 1984 Ritterus
685 1943 803 1992 XIV,
824 1956 867 1998 p.
889 1942 971 1995 390
986 1956 1077 1997 sqq.
1105 1943 1121 1995 n
1141 1965 1198 1973 —
1217 1954 1253 1982 1.
1280 1941 1427 1996 Συνρα-

180 2005 325 2063 στρηνή
347 2006 391 2047 b.
409 2005 438 2047 l.
463 2004 613 2055 codex,
634 2003 705 2045 sed
722 2007 745 2058 S
764 2006 816 2053 44
834 2003 1096 2059 Συραστρηνή,
1116 2012 1162 2044 ut
1184 2003 1428 2045 Ptolemaeus

176 2070 277 2121 VII,
298 2082 316 2110 1
340 2082 349 2110 :
375 2067 400 2120 ἢ
430 2067 471 2109 δὲ
494 2067 579 2123 περὶ
597 2066 644 2108 τὰ
668 2066 848 2122 στόματα
873 2070 941 2108 τοῦ
976 2065 1102 2107 Ἰνδοῦ
1125 2065 1231 2118 καὶῆ
1254 2066 1340 2121 περὶ
1359 2066 1426 2107 τὸν

179 2128 302 2172 Κάνθε
333 2129 483 2172 κόλπον
503 2128 767 2184 Συραστρηνή.
804 2128 921 2170 Idem
956 2129 1177 2185 Συράστραν
1210 2130 1347 2185 κώμην
1374 2128 1426 2169 ad

178 2192 476 2235 Canthisinum
491 2198 623 2233 notat.
635 2191 797 2232 Sanscr.
811 2191 926 2245 regio
934 2190 1140 2238 surdum,
1154 2192 1182 2231 i.
1197 2204 1234 2231 e.
1253 2204 1427 2245 regnum

180 2254 390 2311 pulcrum.
425 2254 444 2309 fl
474 2277 533 2285 —
555 2257 597 2295 6.
632 2252 955 2308 Μιννάγαρα]
986 2251 1173 2293 Eandem
1203 2251 1350 2293 urbem
1375 2252 1428 2294 ad

179 2316 380 2358 orientale
399 2316 505 2359 latus
520 2314 726 2357 Namnadi
750 2315 865 2356 ssuvii
884 2314 1056 2356 collocat
1074 2314 1333 2356 Ptolemaeus.
1348 2316 1428 2355 Ra·

179 2379 292 2421 tione
310 2387 422 2421 oeret
443 2377 558 2435 quod
580 2376 927 2420 Schwanbeckius
949 2391 1027 2418 nec
1051 2391 1137 2418 non
1157 2376 1310 2432 Bensey
1338 2376 1366 2418 1.
1397 2376 1425 2418 Ι.

182 2442 402 2498 (dubitans
415 2440 578 2497 tamen)
598 2440 707 2498 hanc
723 2441 1010 2494 Minnagaram
1026 2454 1112 2480 non
1123 2438 1327 2480 diversam
1343 2452 1432 2481 esse

182 2512 331 2561 putant
350 2519 373 2546 a
391 2505 635 2558 Minnagara
656 2501 933 2558 Indoscythiae
966 2501 1018 2542 ad
1048 2500 1202 2542 Indum
1226 2501 1426 2551 ssuvium3

183 2567 392 2609 Ptolemaei
424 2567 536 2608 enim
580 2579 828 2607 consensum
870 2579 955 2605 non
1005 2565 1143 2619 magni
1176 2562 1426 2615 faciendum,

183 2630 336 2684 quippe
365 2628 438 2683 qui
462 2641 536 2668 sua
571 2642 594 2668 e
630 2628 783 2668 Nostro
815 2625 1105 2682 desumpserit.
1126 2628 1428 2680 Argumentum

185 2691 397 2730 sententia:
418 2703 502 2731 non
538 2689 780 2740 attulerunt,
806 2702 940 2744 neque
970 2695 1119 2744 praesto
1148 2686 1271 2729 fuisse
1290 2689 1429 2729 existi-

182 2765 284 2792 mes.
306 2752 409 2793 Sane
423 2751 591 2808 quidem
607 2766 738 2808 quum
755 2752 996 2807 Minnagara
1015 2750 1217 2806 significet
1234 2751 1428 2793 Sacarum

184 2812 348 2865 urbem,
367 2813 578 2855 offendere
595 2815 693 2855 urbs
714 2816 843 2870 possit
863 2816 906 2855 in
925 2816 1093 2869 regione
1110 2828 1236 2869 quam
1254 2828 1347 2855 vere
1362 2817 1430 2856 In-

181 2874 319 2917 dicam
360 2884 504 2917 auctor
536 2875 653 2917 dicit.
689 2878 916 2917 Enimvero
947 2891 1077 2932 quum
1113 2877 1212 2918 olim
1255 2892 1429 2931 regnum

182 2937 427 2994 Scytharum
450 2937 529 2978 late
551 2939 762 2993 patuisset,
783 2953 868 2979 non
891 2947 951 2979 est
971 2952 1047 2979 cur
1073 2939 1354 2993 Minnagaram
1387 2941 1428 2981 in

183 2999 285 3042 bod.
308 3002 511 3042 Guzerate
529 3000 756 3050 miremur;
784 3014 878 3040 nam
913 3001 1075 3041 tertiam
1094 3002 1218 3040 etiam
1237 2999 1326 3054 ejus
1354 3016 1429 3043 no-

183 3063 309 3104 minis
323 3062 470 3105 urbem
490 3061 544 3105 ad
566 3062 840 3117 Gangeticum
864 3062 1002 3103 sinum
1026 3062 1269 3104 Ptolemaeus
1289 3064 1425 3106 affert.

183 3126 341 3167 Everso
363 3124 610 3181 Scytharum
633 3124 832 3181 imperio,
871 3125 1044 3167 nomina
1084 3133 1222 3165 tamen
1261 3125 1427 3167 urbium

182 3186 469 3243 Scythicarum
494 3186 740 3238 manebam
758 3187 818 3228 sic
836 3187 880 3228 in
899 3195 1057 3228 antece.
1076 3186 1285 3242 regionem
1305 3201 1429 3242 quam

183 3248 325 3291 Parthi
344 3249 507 3305 Scythis
523 3250 779 3305 eripuerant,
806 3248 1016 3305 Scythiam
1044 3257 1199 3300 tamen,
1220 3257 1261 3290 et
1276 3251 1429 3304 regiam

183 3312 470 3368 Minnagaram
489 3312 684 3368 appellari
708 3310 903 3353 vidimus.
921 3312 972 3354 In
989 3315 1191 3354 aneraee
1217 3311 1352 3368 prisca
1366 3327 1430 3354 re-

185 3375 249 3429 gia
268 3373 426 3428 Ugein,
455 3373 601 3427 Ὀζήνη
619 3375 879 3426 Graecorum,
905 3388 930 3415 a
947 3374 1109 3431 Scythis
1130 3387 1271 3416 evena
1290 3372 1428 3426 suerit,

184 3436 289 3479 adeo
316 3445 364 3479 ut
398 3436 604 3479 Indorum
631 3451 763 3493 reges,
798 3445 1039 3494 recuperata
1070 3437 1216 3494 patria,
1245 3437 1430 3494 primum

187 3500 437 3554 Minnagara:
487 3499 706 3555 degerent,
745 3514 877 3557 usque
925 3499 1028 3542 dum
1068 3501 1206 3543 Ozene
1244 3501 1433 3543 restituta

187 3567 318 3609 essen
335 3563 521 3603 restituta
536 3571 673 3604 autem
691 3563 733 3604 in
749 3563 966 3619 pristinam
982 3562 1226 3619 dignitatem
1237 3560 1325 3618 jam
1344 3571 1433 3606 erat

172 3620 397 3663 Ptolemaei
434 3633 572 3675 aetate,
608 3626 678 3680 qui
706 3627 874 3668 Ozenen
911 3624 1098 3668 Hastanu
1127 3625 1283 3681 regiam
1311 3623 1428 3668 dicit.

185 3682 428 3738 Ulnnagara
459 3699 588 3739 quum
607 3701 683 3741 .ap.
710 3687 977 3730 Ptolemaeum
1007 3703 1031 3730 a
1054 3685 1226 3730 meridie
1245 3686 1298 3731 sit
1325 3687 1431 3729 Oze-

186 3757 276 3797 nes,
292 3744 531 3787 collocanda
548 3746 710 3789 videtur
732 3748 784 3789 ad
804 3750 904 3791 hod.
925 3749 1094 3800 Indore,
1127 3750 1171 3791 in
1190 3749 1254 3791 via
1268 3761 1361 3805 quae
1377 3748 1431 3791 ab

196 3805 324 3860 Ugein
344 3805 460 3850 ducit
476 3807 529 3850 ad
548 3809 811 3851 Namnadum
834 3812 847 3866 (
865 3813 1087 3854 Nerdabba
1110 3812 1329 3866 )iluvium,
1345 3825 1431 3868 quo

187 3881 345 3910 merca
380 3868 424 3910 in
458 3869 661 3926 Barygaza
693 3874 927 3928 emporium
963 3873 1286 3917 devehebantur.
1324 3874 1342 3929 ΙΙ
1374 3897 1432 3906 -

188 3943 232 3983 9.
251 3945 308 3972 πε
322 3930 370 3986 pt
391 3930 657 3990 [τούτους]
677 3934 764 3983 τοὺς
795 3936 932 3984 τόπους
953 3950 1033 3978 scr.
1065 3936 1299 3988 Fabricius;
1329 3935 1427 3978 sort.

190 3999 324 4045 recte3
349 4007 602 4051 quamquam
629 3995 672 4038 id
702 3996 818 4053 quod
851 3997 982 4041 codex
1015 3998 1185 4055 praebet,
1210 3998 1430 4056 saepissime

917 154 1206 203 ANONYMI
1243 152 1537 227 (Annum
1604 156 1689 204 m·
1721 157 1994 218 marna)

2698 0 2808 153 Ἴ

2632 161 2760 231 tux&
2800 175 2808 211 ’ἶ

1493 263 1702 307 maritima
1731 273 1871 308 autem
1891 266 2144 322 Syram-ene.
2204 268 2334 310 Ferax
2366 268 2482 322 regio
2505 251 2774 324 frumentigi„

1490 330 1632 383 orm,
1655 331 1737 374 οιαὶ
1762 333 1972 384 mnia,
1994 332 2158 391 myra,
2181 336 2361 392 mmai,
2385 335 2607 392 mutaeque
2628 337 2686 380 ihi
2715 318 2804 397 23?

1491 399 1683 454 gossypio
1719 397 1863 441 indico
1895 398 1986 441 tela
2028 399 2308 445 conficiuntur
2346 412 2455 447 uota!
2493 403 2733 460 inferioris(²
2751 420 2753 422 ·
2771 411 2791 437 ·’

1492 465 1690 508 armentis
1715 466 1831 520 regio
1850 466 2036 509 abundat
2047 483 2061 518 ;
2083 468 2196 512 viros
2217 472 2350 514 nutrit
2365 480 2522 515 statura
2544 474 2747 530 eorporis-3
2761 507 2779 511 νη

1495 532 1714 585 maximos,
1723 533 1861 576 colore
1871 535 2024 589 nigros.
2036 535 2171 591 Caput
2180 538 2606 596 regionismunagara
2614 541 2732 594 urbs,
2756 543 2784 596 Ξ-<

1493 616 1546 643 ex
1567 616 1650 658 qua
1669 602 1759 646 teloe
1775 617 1800 645 c
1818 604 2010 660 gossypio
2034 602 2149 646 factae
2167 618 2293 660 quam
2309 605 2511 666 piniana&
2530 611 2733 666 Barygaza
2775 623 2783 659 3

1493 670 1771 716 devehuntur.
1829 674 2061 729 Supersunt
2090 674 2331 716 etiamnunc
2354 675 2575 720 Alexandri
2608 693 2732 735 expe·
2792 675 2800 722 ᾗ

1494 738 1668 784 ditionis
1686 741 1730 783 in
1743 741 1809 783 bis
1829 740 1930 783 locis
1950 751 2237 794 monumenta,
2259 742 2402 785 sacella
2423 745 2646 801 antiquaet
2666 761 2733 790 ca·
2781 763 2798 790 .·

1493 816 1678 852 stt-orum
1712 809 1981 854 fundamenta
2009 820 2050 854 et
2078 813 2192 868 putei
2223 813 2410 855 maximi.
2469 814 2737 858 Frater-navi·
2772 823 2779 829 '

1494 878 1605 932 gatio
1626 876 1715 933 ejus
1734 886 1888 921 tractus
1908 879 2006 921 inde
2030 895 2055 923 a
2077 881 2299 923 Barbarico
2321 896 2452 938 usquc
2483 882 2535 924 ad
2557 884 2735 939 Papicen

1496 948 1832 1001 promontorium
1853 962 1983 1005 prope
2005 951 2227 1006 Astacapra
2252 952 2294 992 in
2318 952 2509 1007 opposito
2524 953 2742 1008 Barygazis

1497 1014 1617 1057 litore
1634 1017 1759 1057 situm
1772 1047 1783 1067 ,
1803 1016 2031 1059 stadiorum
2052 1026 2113 1059 est
2135 1026 2197 1060 ter
2214 1019 2339 1062 mille.

1554 1160 1624 1206 42.
1657 1158 1757 1198 Post
1781 1157 1958 1213 Papicen
1990 1157 2094 1199 alius
2114 1158 2229 1199 sinus
2252 1160 2360 1201 intra
2382 1160 2583 1203 fluctuum
2606 1163 2735 1219 impe·
2794 1187 2804 1219 ¹.

1498 1233 1609 1275 tum,
1636 1238 1777 1265 versus
1805 1224 1974 1266 boream
1990 1224 2164 1266 tendens
2180 1257 2190 1276 ,
2208 1225 2325 1281 cujus
2353 1226 2406 1268 ad
2431 1228 2583 1282 ostium
2606 1230 2736 1273 insula
2796 1235 2799 1237 ’

1497 1300 1559 1333 est
1576 1294 1744 1334 Baeonoe
1755 1291 1866 1333 dicta
1879 1323 1890 1341 ‚
1907 1293 1948 1333 in
1965 1293 2127 1334 intumo
2142 1302 2279 1335 autem
2296 1308 2459 1336 recessu
2478 1295 2628 1338 fluvius
2642 1311 2736 1354 per·

1498 1374 1695 1416 magnus,
1720 1362 1791 1416 qui
1813 1362 1918 1401 Mais
1936 1360 2176 1417 appellatur.
2237 1362 2361 1403 Hunc
2382 1363 2520 1405 sinum
2534 1394 2548 1415 ,
2579 1368 2732 1407 trecen*
2776 1398 2781 1403 e

1496 1566 1620 1608 simili
1647 1566 1775 1607 modo
1793 1567 1991 1617 recurrit,
2012 1565 2117 1607 adeo
2137 1574 2183 1607 ut
2202 1566 2396 1608 omnibus
2412 1568 2499 1608 istis
2517 1567 2617 1609 locis
2642 1584 2737 1612 cum

1498 1629 1689 1671 Fabricio
1706 1629 1862 1676 τούτους
1880 1626 2157 1683 supplendum
2182 1642 2268 1669 oese
2287 1643 2372 1670 non
2394 1630 2448 1671 sit
2470 1644 2567 1672 vero
2588 1633 2735 1675 simile.
2778 1625 2783 1628 ‚

1502 1692 1519 1746 ΙΙ
1538 1715 1596 1723 -
1612 1705 1678 1734 10.
1696 1691 1812 1733 Putei
1829 1691 1896 1731 isti
1912 1698 1954 1731 et
1964 1698 2193 1731 castrorum
2208 1690 2390 1746 reliquiae
2410 1706 2541 1747 quum
2555 1692 2608 1735 ad
2621 1694 2740 1738 Delta

1495 1752 1592 1795 Indi
1610 1753 1654 1796 fl.
1677 1754 1926 1810 pertineant,
1943 1751 2067 1794 verba
2086 1753 2172 1808 περὶ
2186 1753 2274 1802 τοὺς
2294 1754 2433 1803 τόπους
2453 1754 2601 1797 eodem
2615 1770 2738 1800 sensu

1496 1815 1607 1858 dicta
1621 1825 1720 1858 sunt
1747 1830 1832 1872 quo
1850 1814 2044 1871 deinceps
2064 1815 2187 1856 verba
2216 1816 2355 1869 ταύτης
2373 1820 2441 1869 τῆς
2473 1819 2618 1874 χώρας.
2648 1820 2665 1874 ΙΙ
2684 1843 2742 1854 —·
2765 1831 2776 1837 ·

1501 1891 1567 1920 11.
1593 1877 1720 1920 κατὰ
1741 1875 2049 1933 Ἀστάκαπρα
2069 1878 2218 1933 πέραν
2239 1878 2284 1920 Β.
2305 1880 2320 1935 ]
2343 1879 2440 1921 κατὰ
2457 1880 2555 1922 ἄστα
2573 1881 2638 1923 καὶ
2652 1883 2742 1938 τρά-

1496 1955 1613 1997 περαν
1639 1942 1689 1983 Β.
1712 1940 1793 1982 hoc
1814 1940 1907 1982 loco
1928 1939 2075 1992 codex,
2103 1940 2174 1981 sed
2195 1940 2339 1996 infras
2367 1943 2419 1992 43
2443 1942 2488 1984 τὸ
2507 1944 2579 2000 πρὸ
2609 1943 2740 1988 Ἀστα-

1497 2004 1683 2059 κάμπρων
1705 2002 1940 2059 ἀκρωτήριον
1963 2002 1988 2055 ἡ
2011 2001 2164 2054 Παπικὴ
2184 2003 2396 2060 λεγομένη.
2428 2005 2586 2048 Collato
2605 2007 2741 2050 Ptole-

1498 2080 1603 2107 moeo
1620 2067 1725 2117 VH,
1748 2079 1765 2107 1
1785 2097 1797 2118 ,
1814 2068 1837 2119 S
1856 2069 1932 2116 60,
1954 2065 2026 2107 ubi
2047 2064 2284 2122 Ἆστάκαπρα
2301 2077 2570 2120 memoratur,
2592 2071 2742 2114 Nostra

1497 2136 1771 2170 correxerunt
1798 2127 1992 2170 editores.
2030 2129 2113 2170 Pro
2135 2130 2268 2185 πέραν,
2300 2130 2413 2186 quod
2443 2131 2574 2173 codex
2599 2132 2737 2186 babet,

1499 2192 1637 2232 nescio
1654 2204 1730 2231 cur
1745 2189 1928 2232 ἀπέναντι
1942 2190 2118 2232 voluerit
2140 2190 2361 2233 Salmasius
2378 2191 2549 2249 eJusque
2565 2202 2736 2238 sectato·

1499 2267 1580 2294 res.
1605 2254 1669 2294 De
1689 2253 1771 2293 situ
1800 2252 1880 2293 loci
1908 2251 2099 2293 dissentit
2133 2252 2393 2305 Ptolemaeus,
2427 2256 2496 2298 cui
2518 2258 2741 2315 Astacapra

1499 2317 1541 2356 in
1564 2312 1875 2356 mediterraneis
1902 2329 1927 2356 a
1950 2316 2136 2371 Syrastra
2160 2316 2252 2357 vico
2274 2316 2444 2359 boream
2465 2331 2622 2362 versus.
2645 2322 2663 2375 ΙΙ
2684 2345 2742 2355 -
2794 2370 2797 2374 ,

1504 2378 1567 2419 13.
1587 2378 1778 2430 Παπικῆ
1792 2394 1809 2426 ς
1826 2378 1843 2434 ]
1865 2378 2205 2419 Promontorium
2221 2378 2305 2420 hoc
2317 2379 2469 2422 iterum
2486 2390 2744 2425 memoratur
2790 2386 2798 2420 ’ἰ

1499 2438 1607 2481 infra
1628 2442 1651 2493 S
1671 2439 1742 2490 43.
1766 2440 1961 2482 Ceterum
1992 2439 2167 2492 Παπικῆς
2191 2441 2360 2483 nomine
2382 2456 2468 2484 non
2489 2441 2622 2486 solum
2643 2458 2744 2501 pro—
2776 2435 2798 2475 Ῐ

1500 2503 1759 2544 montorium
1776 2502 2028 2559 appeliatum
2039 2516 2127 2544 esse
2142 2502 2321 2554 videtur,
2335 2502 2407 2546 sed
2422 2505 2547 2548 etiam
2561 2505 2744 2563 projecta
2799 2551 2801 2555 ,

1499 2565 1537 2605 ei
1557 2564 1829 2621 scopulorum
1849 2566 1970 2607 taenia
1984 2596 1996 2616 ,
2010 2579 2104 2621 quae
2120 2565 2217 2608 inde
2231 2580 2255 2608 a
2272 2566 2406 2619 Gogeh
2422 2567 2638 2611 meridiem
2653 2583 2746 2614 ver«-
2772 2578 2777 2581 ’
2798 2566 2803 2623 ζ

1499 2641 1571 2668 sus
1588 2641 1671 2669 orae
1692 2626 1981 2685 praetenditur.
2011 2627 2224 2669 Fabricius
2246 2630 2447 2670 Guzeraee
2465 2630 2644 2685 regionis
2665 2646 2744 2674 no-
2773 2675 2776 2678 ,
2797 2635 2802 2673 ἱ

1499 2703 1596 2730 men
1622 2689 1816 2731 Indicum
1848 2687 1901 2731 ad
1930 2690 2265 2746 promontorium
2301 2689 2550 2733 transferens
2580 2693 2743 2749 scripsit
2799 2714 2803 2733 ι

1500 2753 1679 2807 Λσφικῆς.
1711 2750 1838 2805 Quod
1858 2765 1942 2793 non
1974 2765 2283 2802 memorassem,
2308 2753 2388 2794 nisi
2416 2766 2568 2796 nomen
2596 2756 2743 2799 Ritteri
2771 2791 2773 2793 .
2795 2766 2797 2772 ’

1500 2814 1647 2868 (XIV,
1676 2827 1720 2871 p.
1736 2812 1841 2870 393)
1855 2814 2063 2856 conamini
2079 2828 2155 2855 suo
2170 2823 2324 2857 temere
2345 2815 2632 2872 pmtenderet.
2658 2820 2745 2874 11-
2766 2838 2767 2842 =
2795 2831 2797 2863 j

1505 2877 1570 2918 13.
1589 2891 1644 2932 τρ
1659 2876 1804 2932 ισχιλ
1819 2876 1899 2917 (ων
1914 2878 1945 2930 J.
1960 2877 2044 2918 Ter
2063 2876 2173 2918 mille
2191 2877 2321 2919 stadia
2342 2877 2507 2922 indeab
2527 2880 2623 2923 Indi
2636 2882 2744 2925 ostio
2756 2920 2759 2921 γ

1501 2938 1646 2981 Rechel
1655 2947 1697 2980 et
1712 2938 1935 2980 Barbarico
1949 2953 2060 2995 emp.
2078 2952 2208 2995 usque
2223 2939 2276 2982 ad
2295 2942 2630 2997 promontorium
2648 2956 2743 3000 per-
2797 2935 2800 2951 ¹

1501 3002 1634 3043 tinent
1654 3000 1769 3057 quod
1787 3015 1911 3058 supra
1935 3001 2120 3043 Dlmulia
2135 3002 2274 3044 locum
2292 3004 2517 3059 procurrit.
2538 3005 2743 3055 Promon·
2806 3054 2808 3062 γ

1501 3066 1610 3105 torio
1628 3063 1787 3119 adjacet
1804 3064 2070 3120 scopulorum
2090 3066 2227 3116 taenia,
2249 3063 2401 3116 Παπικὴ
2426 3066 2570 3122 peripli
2593 3069 2768 3118 nostri.
2807 3065 2808 3068 ¹

1501 3127 1610 3167 Hinc
1630 3126 1683 3168 ad
1708 3126 1874 3168 boream
1899 3141 1972 3168 ora
2005 3127 2146 3178 flectit,
2171 3129 2366 3182 sinusque
2395 3136 2627 3171 coarctatur
2646 3145 2741 3173 ean·
2766 3126 2770 3127 ⁷

1500 3187 1679 3243 demque
1710 3189 1794 3229 fere
1815 3187 2073 3229 latitudinem
2097 3202 2227 3243 usquc
2251 3188 2303 3230 ad
2324 3190 2517 3231 intimum
2535 3203 2742 3235 recessum

1501 3251 1665 3292 retinet.
1690 3252 1808 3291 Hanc
1830 3250 2066 3291 interiorem
2090 3251 2203 3291 sinus
2225 3259 2384 3306 partem
2403 3259 2549 3294 auctor
2569 3253 2761 3310 nppdht

1503 3311 1633 3367 ἔτερον
1647 3311 1794 3353 κόλπον
1813 3312 1948 3367 (τόπον
1961 3310 2090 3353 codex
2105 3327 2207 3363 ;em.
2222 3315 2414 3355 Mannert
2425 3314 2480 3365 V,
2499 3327 2537 3366 1,
2554 3328 2598 3371 p.
2622 3316 2698 3359 165
2737 3326 2751 3358 -J

1501 3375 1636 3430 aptius
1654 3374 1822 3416 dixisset
1837 3373 2036 3430 ἐνδότερον
2049 3375 2219 3427 κόλπον;
2237 3376 2308 3418 sed
2326 3375 2426 3419 illud
2440 3378 2592 3434 potuit,
2611 3392 2668 3435 qu
2696 3400 2714 3413 υ
2740 3394 2750 3409 ³

1501 3436 1807 3492 Barygazenum
1828 3437 1966 3478 sinum
1989 3438 2126 3478 statim
2156 3446 2249 3493 post
2266 3439 2445 3481 Baracen
2464 3440 2644 3497 incipere
2693 3461 2697 3475 ε
2728 3479 2746 3493 „

1501 3500 1627 3540 tuerit
1670 3499 1765 3556 (Cf.
1808 3499 2014 3541 Ptolemaei
2053 3499 2211 3541 tabulas
2234 3500 2274 3557 ),
2316 3500 2503 3558 adeoque
2537 3502 2685 3561 quidq·
2739 3499 2749 3545 ζ

1500 3562 1688 3616 sequitur
1707 3561 1804 3603 inde
1823 3562 1876 3603 ab
1895 3561 2136 3604 occidentali
2153 3566 2355 3606 Guzemte
2367 3562 2592 3621 peninsulae
2608 3576 2679 3606 ex
2719 3555 2728 3574 *
2798 3603 2800 3606 .

1502 3625 1658 3676 mitate,
1676 3640 1725 3666 eo
1742 3626 1911 3666 nomine
1926 3623 2266 3682 comprehendat.
2739 3638 2745 3652 ⁴

1556 3689 1686 3740 342,
1711 3687 1738 3728 Ι.
1774 3691 1839 3737 14.
1871 3686 1966 3729 ἔσω
1984 3688 2251 3745 κυμάτων]
2277 3690 2416 3731 nescio
2448 3703 2501 3731 an
2525 3689 2651 3732 suerit.
2697 3714 2706 3720 -

1499 3753 1575 3790 τῶν
1596 3750 1791 3805 κυμάτων.
1816 3753 1833 3804 ΙΙ
1859 3774 1915 3783 -
1941 3754 2006 3793 16.
2028 3750 2287 3807 Βαιώνης]
2317 3750 2439 3806 vulgo
2459 3750 2633 3794 insulam
2673 3748 2730 3795 ’ᾗ
2783 3756 2808 3787 -÷

1502 3826 1614 3853 nunc
1641 3812 1794 3855 dictam
1819 3813 2066 3868 intelligunt,
2098 3827 2192 3869 quae
2222 3814 2265 3854 in
2296 3814 2573 3856 narrationem
2608 3834 2649 3849 w

1503 3875 1673 3916 minime
1703 3875 1894 3931 quadrat.
1931 3872 2095 3918 Iudicat
2131 3883 2277 3917 auctor
2310 3875 2484 3918 insulam
2522 3876 2607 3925 exi

1501 3950 1593 3992 qua·
1606 3968 1617 3989 ,
1658 3953 1681 3978 e
1706 3939 1874 3993 regione
1912 3937 2149 3982 Nerdubbae
2176 3938 2289 3979 fluvii
2305 3969 2316 3989 ‚
2355 3941 2557 3981 Gau-mee
2607 3958 2613 3972 ·
2703 3959 2706 3970 2

1501 4000 1598 4042 sulae
1621 3999 1794 4056 adjacet.
1823 4002 1839 4056 11
1862 4025 1919 4034 -
1945 4014 2011 4057 ¹7·
2033 4000 2185 4057 Μάϊς]
2214 4000 2340 4043 hodie
2363 4001 2485 4045 Maka·
2515 4014 2572 4044 ou
2602 3997 2778 4056 Istra·
