2756 4354
1014 198 1094 243 DE
1127 170 1431 247 ANoNYMo
1475 189 1687 249 POETA.

23 308 26 310 ἱ
85 322 291 368 colonias
305 333 472 380 graecas
503 316 619 361 alius
642 329 778 359 nemo
805 323 1009 358 recenset
1032 312 1229 372 plenius.
1256 339 1316 347 —-

28 415 37 423 ’
86 399 153 443 De
191 396 307 442 mari
350 395 574 438 Adn'atico
610 388 802 449 ejusque
835 388 998 433 insulis
1039 387 1316 447 populisque

86 471 286 532 Illyricis
307 463 654 526 Theopompum
678 463 886 523 sequitur
913 461 1019 524 (370
1043 459 1180 523 sqq.),
1201 477 1314 506 non-

57 536 69 553 ⁵
85 555 257 601 nullise
271 551 440 598 Timaeo
457 559 500 594 et
517 546 812 592 Eratosthene
828 544 900 605 adj
908 544 1070 591 unctis.
1089 543 1313 588 Graeciam

82 646 140 676 ex
177 628 381 689 Ephoro,
411 634 462 670 ut
496 625 596 684 ipse
635 623 874 684 profitetur
901 619 1023 681 (472)
1070 619 1311 674 describit,

83 704 173 750 nisi
191 702 314 762 quod
337 702 393 747 de
411 701 571 745 Atticae
597 698 762 743 incolis
786 696 1120 756 antiquissimis
1143 711 1200 740 ex
1224 699 1314 740 He-

15 767 19 770 *
83 779 245 826 rodoto
263 778 487 839 quaedam,
509 777 697 821 fortasse
706 785 750 819 et
772 775 873 835 ipsa
888 776 943 818 ab
959 773 1145 832 Ephoro
1162 773 1311 829 allata,

82 856 346 917 interponit.
363 854 418 898 In
432 853 635 898 Ponticis
654 851 851 911 denique
860 850 1020 895 ducem
1032 849 1315 910 praecipuum

83 932 290 992 sequitur
311 930 593 976 Demetrium
612 928 913 973 Calatianum.

146 1024 165 1052 1
178 1023 246 1064 17.
262 1007 343 1052 nis
359 1006 613 1062 delineatis,
624 1013 888 1066 superestut
903 1003 1199 1064 quaestionem
1220 1011 1315 1047 tan-

78 1099 180 1142 gam
199 1084 475 1129 intricatam.
498 1082 683 1127 Scilicet
721 1080 1026 1141 geographica
1054 1095 1135 1124 sua
1153 1078 1316 1123 Noster

80 1159 339 1219 composuit
359 1157 416 1202 ad
439 1157 700 1217 exemplum
726 1155 1059 1200 chronicorum
1089 1153 1316 1214 philologi

79 1234 247 1290 Attici,
280 1249 416 1293 quem
450 1230 782 1292 Apollodorum
808 1244 905 1275 esse
928 1245 1021 1274 uno
1055 1243 1135 1272 ore
1158 1242 1315 1272 omnes

79 1308 365 1367 profitentur.
387 1306 490 1351 «lam
517 1321 627 1350 vero
643 1303 952 1364 Apollodorus
976 1303 1055 1347 ille
1077 1303 1214 1347 etiam
1236 1317 1313 1362 pe·

79 1382 275 1440 riegesin
310 1396 447 1426 versu
485 1379 660 1424 comico
697 1377 899 1438 scripsit,
938 1377 1065 1435 cujus
1100 1377 1314 1437 frequens

78 1456 200 1516 apud
236 1455 515 1516 Stephanum
549 1453 819 1513 Byzantium
855 1453 1026 1497 mentio
1054 1462 1216 1497 exstat.
1251 1451 1314 1496 Ex

79 1530 345 1590 fragmentis
370 1539 516 1574 autem
546 1528 771 1572 nonnulla
798 1528 861 1572 ita
897 1537 1003 1572 sunt
1026 1537 1310 1587 comparata,

82 1616 130 1650 ut
149 1606 228 1650 vix
251 1605 494 1665 quisquam
511 1602 794 1648 dubitaverit
816 1602 1007 1647 alterum
1028 1605 1312 1662 periegeseos

76 1690 306 1728 auctorem
348 1679 408 1724 ob
438 1678 597 1724 oculos
624 1677 841 1724 habuisse
865 1680 1072 1723 alterum.
1106 1677 1218 1722 Nam
1249 1678 1313 1722 ita

75 1754 235 1799 Noster
259 1755 343 1813 391
371 1771 381 1798 :

139 1841 316 1888 Ἑνετῶν
337 1841 500 1903 ἔχονται
517 1845 681 1906 Θρᾷκες
703 1840 863 1902 Ἴστρον.
877 1842 1091 1902 λεγόμενοι

74 1913 380 1978 Apollodorus
399 1933 511 1962 vero
537 1917 657 1979 apud
680 1917 835 1978 Steph.
857 1918 967 1977 Byz.
987 1934 1034 1962 v.
1062 1916 1242 1967 Ὑλλεῑς.

138 1991 270 2056 εΥπὲρ
291 1993 332 2038 δὲ
352 1991 443 2044 τοὺς
465 1991 646 2045 ’Υλλους
665 1993 863 2055 Λιὸυρνοὶ
887 1993 958 2038 καί
976 2012 1079 2045 τινες

137 2065 295 2130 Ἴστροι
318 2067 531 2129 λεγόμενοι
547 2070 728 2131 Θρᾷκες.

73 2144 218 2207 Porro
239 2144 288 2188 in
308 2144 476 2189 nostris
494 2161 539 2190 v.
564 2144 652 2197 405
675 2161 685 2187 ε

136 2219 259 2275 Ἑξῆς
282 2219 323 2264 δὲ
348 2220 509 2279 μεγάλη
533 2218 792 2280 Χερσόνησος
815 2217 990 2272 εΥλλική

136 2294 236 2356 πρὸς
254 2293 325 2350 τὴν
352 2293 664 2350 Πελοπόννησόν
689 2312 726 2337 τι
747 2293 1007 2352 ἐξισουμένη·

139 2371 276 2421 πόλεις
298 2373 333 2415 δ’
359 2373 398 2414 ἐν
419 2372 522 2431 αὐτῇ
549 2387 648 2431 φασι
675 2367 794 2413 πέντε
819 2367 889 2413 καὶ
915 2367 1012 2412 δέκα

135 2444 315 2495 ’Ύλλους
337 2450 557 2491 κατοικεῖν.
855 2445 857 2447 ’

74 2519 383 2581 Apollodorus
405 2534 519 2563 vero
539 2513 617 2578 ap.¹
638 2517 794 2577 Steph.
820 2517 853 2561 1.
892 2517 906 2561 l
927 2532 938 2562 :

137 2593 280 2643 ‘rme
302 2592 516 2653 πρόκειται
534 2590 781 2653 χερρόνησος
795 2624 807 2646 ,
833 2589 957 2645 ἡλίκη

138 2668 320 2729 μάλιστα
345 2668 676 2722 Πελοπόννησος,
696 2663 751 2717 ὥς
769 2683 887 2728 φασι.

297 2779 306 2789 .
345 2776 358 2798 ,
400 2773 825 2788 .........
862 2739 982 2783 πέντε
1007 2738 1078 2783 καὶ
1103 2738 1201 2783 δέκα

138 2819 275 2871 πόλεις
295 2818 445 2881 ἔχουσα
466 2815 744 2877 παμμεγέθεις
765 2815 1020 2874 οἰκουμένας.

78 2907 206 2952 Adde
215 2906 337 2966 quod
349 2906 512 2951 urbem
528 2906 723 2965 Bospori
733 2903 991 2961 Cimmerii,
1006 2918 1107 2963 quae
1122 2903 1315 2964 reliquis

80 2981 292 3026 omnibus
330 2982 473 3036 Κῆποι
515 2979 702 3037 dicitur,
737 2978 905 3024 Nostro
949 2987 994 3022 et
1033 2978 1315 3039 Apollodoro

83 3059 168 3118 (ap.
195 3056 256 3101 St.
279 3057 328 3102 B.
344 3072 389 3101 v.
410 3053 708 3116 Ἑρμώνασσα)
729 3055 870 3107 Κῆπος
886 3062 1087 3110 vocatur.
1106 3053 1314 3098 Ceterum

72 3132 195 3177 'alius
231 3131 518 3191 periegeseos
542 3129 657 3174 ordo
677 3129 727 3174 in
752 3128 938 3182 Nostro,
965 3129 1085 3173 alius
1109 3128 1159 3172 in
1181 3129 1318 3189 Apol-

81 3205 266 3262 lodoro;
297 3221 401 3250 nam
425 3205 501 3250 hic
534 3215 640 3266 post
661 3204 823 3264 Hyllos
847 3213 1070 3249 memorat
1085 3203 1316 3249 Liburnos

83 3290 125 3323 et
148 3279 288 3324 Istros
302 3314 314 3336 ,
336 3296 362 3324 a
383 3279 575 3324 meridie
596 3279 784 3323 boream
802 3294 960 3323 versus
983 3279 1286 3339 progrediens
1300 3314 1312 3335 ,

83 3355 190 3398 dum
201 3354 361 3399 Noster
372 3371 398 3399 a
411 3355 554 3400 borea
566 3355 622 3400 ad
636 3365 841 3400 austrum
860 3354 1092 3416 procedit,
1106 3355 1318 3400 similiter

84 3430 134 3473 in
157 3428 361 3488 Bosporo
392 3429 641 3475 Cimmerio
661 3430 969 3490 Apollodorus
993 3445 1067 3490 ap.
1091 3430 1245 3491 Steph.
1271 3448 1314 3477 V.

87 3502 365 3565 Ἑρμώνασσα
375 3517 477 3566 post
487 3507 835 3552 Hermonassam
847 3507 1122 3553 memoravit
1130 3507 1299 3569 Cepum
1306 3542 1317 3562 ,

85 3580 194 3624 dum
208 3580 419 3626 inversus
442 3583 555 3627 ordo
575 3584 696 3643 apud
713 3584 928 3629 Nostrum
949 3583 1142 3631 obtinet.
1163 3584 1251 3637 Sed
1264 3583 1318 3627 de

84 3656 277 3715 majoris
308 3658 441 3701 etiam
476 3660 692 3704 momenti
716 3659 853 3705 rebus
882 3670 1089 3706 auctores
1128 3660 1178 3705 hi
1201 3660 1319 3705 inter

89 3746 136 3776 se
170 3730 405 3775 differunt.
431 3731 506 3776 Sic
528 3734 852 3793 Apollodorus,
875 3752 1017 3796 quum
1052 3735 1195 3780 Laum
1220 3735 1319 3780 Lu—

88 3805 229 3850 caniae
247 3804 407 3850 urbem
436 3806 578 3862 dicat,
600 3809 730 3852 novit
753 3809 998 3857 Lucaniam
1023 3811 1316 3867 maritimam,

89 3880 196 3926 dum
229 3881 393 3928 Noster
437 3883 623 3927 nonnisi
661 3884 1038 3932 mediterraneam
1079 3897 1315 3948 memorat

2461 237 2604 273 Lxxtx

1386 314 1613 361 Praeterea
1632 317 1732 362 loca
1755 319 1975 363 nonnulla
2011 335 2067 364 ex
2089 322 2357 380 Apollodori
2390 333 2607 390 periegesi

1379 389 1661 446 afferuntur,
1689 408 1884 451 quorum
1912 393 2032 453 apud
2055 393 2266 439 Nostrum
2300 405 2466 446 mentio
2493 406 2607 452 desi-

1386 462 1586 508 deratur.
1615 465 1731 510 Hinc
1759 466 1901 524 igitur
1933 468 2143 524 quamvis
2187 479 2335 527 pateat
2372 484 2610 538 utrumque

1386 552 1503 596 opus
1543 539 1758 585 habuisse
1803 541 1893 585 sibi
1935 543 2148 602 propria,
2192 559 2284 588 non
2320 548 2426 593 satis
2467 562 2611 599 tamen

1386 611 1626 671 intelligis,
1656 629 1746 672 qua
1768 614 1823 658 de
1867 631 2001 660 causa
2033 615 2210 673 Noster,
2237 621 2274 662 si
2298 631 2401 678 post
2422 624 2612 683 Apollo-

1386 687 1554 732 dorum
1586 690 1844 748 periegesin
1867 691 2102 747 condidit,
2141 694 2324 738 nonnisi
2346 695 2401 740 de
2423 697 2614 745 Chroni-

1387 764 1452 809 cis
1473 763 1573 823 ejus
1602 765 1746 810 verba
1782 766 1935 819 faciat,
1968 768 2105 812 missa
2141 769 2370 816 mentione
2392 776 2545 833 operis
2566 777 2615 825 in

1386 840 1546 884 eodem
1581 856 1771 900 prorsus
1799 852 2065 900 argumento
2095 845 2317 888 versantis
2345 857 2388 890 et
2430 848 2486 893 ab
2514 851 2614 911 ipso

1386 917 1610 976 usurpati.
1632 915 1704 960 An
1720 915 1844 961 dices
1858 917 2188 977 Apollodorum
2203 952 2215 973 ,
2239 934 2378 978 quum
2394 922 2614 970 Chronica

1383 989 1478 1050 jam
1513 1007 1634 1035 anno
1666 999 1750 1045 145
1778 1007 1818 1037 a.
1843 991 1892 1037 C.
1911 992 2061 1036 Attalo
2085 992 2384 1053 Philadelpho
2409 997 2614 1043 dedicas-

1388 1077 1477 1121 set,
1525 1067 1647 1110 circa
1686 1082 1854 1111 annum
1890 1066 2070 1111 demum
2113 1083 2171 1125 90
2207 1083 2248 1111 a.
2284 1068 2334 1112 C.
2360 1073 2614 1130 periegesin

1388 1141 1734 1201 geographicam
1770 1142 2106 1202 composuisse,
2146 1157 2291 1202 eoque
2319 1146 2500 1203 negotio
2527 1147 2615 1191 No-

1388 1217 1470 1260 stri
1494 1231 1659 1276 poema
1677 1215 1904 1261 imitatum
1921 1218 2047 1261 esse?
2075 1216 2241 1261 Parum
2264 1217 2349 1261 hoc
2373 1219 2614 1279 probabile

1389 1291 1517 1337 foret.
1543 1291 1630 1336 Sed
1651 1292 1853 1349 attigisse
1877 1306 1972 1336 rem
1991 1291 2088 1351 jam
2108 1292 2214 1336 satis
2237 1291 2398 1337 habeo.

1453 1395 1471 1422 1
1487 1380 1557 1423 18.
1579 1382 1823 1424 Ediderzmt
1844 1380 2101 1441 periegesin
2120 1379 2205 1425 sub
2223 1383 2443 1425 Marciani
2462 1387 2614 1427 Hera-

1385 1458 1538 1499 cleotoe
1559 1456 1745 1500 nomine
1771 1457 2046 1499 Hoesclzelius
2073 1472 2174 1500 cum
2209 1455 2393 1515 Scylace
2425 1457 2616 1518 aliisque

1386 1530 1662 1589 geographis
1684 1547 1709 1575 e
1741 1531 1899 1576 codice
1924 1531 2132 1576 Palatino
2158 1542 2202 1576 et
2237 1533 2499 1593 apographo
2526 1534 2615 1579 Ca-

1385 1606 1670 1653 sauboniano
1703 1599 1876 1653 codicis
1906 1607 2163 1665 Pithoeani,
2196 1611 2408 1667 Augustae
2447 1609 2612 1655 Vinde-

1383 1679 1581 1728 licoruni
1616 1686 1750 1740 1600,
1773 1683 1926 1740 in-80,
1945 1699 1993 1744 p.
2034 1684 2170 1739 1-303
2200 1683 2364 1728 deinde
2382 1699 2481 1728 cum
2501 1700 2613 1728 ver—

1384 1759 1513 1803 sione
1537 1760 1724 1805 metrica
1754 1762 1884 1809 Fred‚
1923 1762 2137 1803 Morellus
2166 1759 2355 1804 Parisiis
2390 1761 2520 1804 1606.
2545 1761 2609 1815 8⁰,

1383 1843 1426 1877 et
1450 1850 1553 1878 cum
1577 1835 1786 1887 versione
1810 1834 2019 1896 prosaria
2037 1834 2249 1893 notisque
2270 1837 2478 1878 Erasmus
2503 1837 2547 1876 V
2543 1840 2607 1876 in-

1381 1912 1557 1965 dingius
1586 1913 1725 1953 Pauli
1747 1909 1819 1966 f.,
1861 1909 2037 1954 Hafniae
2093 1910 2227 1964 1662,
2265 1910 2327 1955 8⁰.
2371 1909 2480 1953 Post
2517 1909 2612 1952 haec

1383 1983 1470 2027 sub
1501 1986 1698 2041 Scymuii
1738 1986 1843 2029 Chii
1883 1984 2070 2028 nomine
2096 1983 2282 2028 excudit
2313 1986 2538 2027 Hadsonw
2563 1983 2611 2027 in

1382 2057 1548 2116 Geogr.
1575 2059 1688 2102 min.
1715 2069 1823 2104 tom.
1863 2058 1934 2114 ΙΙ,
1970 2058 2116 2104 Oxon.
2135 2074 2209 2103 an.
2238 2058 2352 2115 1793
2388 2073 2478 2102 una
2506 2073 2609 2103 cum

1385 2133 1665 2190 fragmentis,
1682 2149 1783 2192 quae
1793 2149 1848 2177 ex
1865 2133 2094 2194 Anonymi
2105 2132 2284 2193 periplo
2298 2132 2433 2176 Ponti
2448 2131 2611 2177 Euxini

1383 2207 1646 2251 Holstenius
1670 2217 1714 2251 et
1738 2206 1925 2256 Vossius
1949 2217 2179 2262 eruerant,
2218 2216 2262 2250 et
2294 2206 2610 2250 dissertatione

1380 2281 1619 2327 Dodwelli.
1672 2282 1789 2326 Hinc
1846 2282 2065 2340 repetitus
2118 2281 2340 2339 Scymnus
2393 2281 2441 2324 in
2502 2281 2607 2325 edit.

1382 2355 1552 2414 Geogr.
1577 2354 1836 2400 Vindobon.
1868 2354 1961 2398 vol.
1998 2354 2034 2399 1.
2072 2354 2286 2413 Sequitur
2319 2354 2458 2398 editio
2500 2358 2608 2398 Gai-

1382 2433 1508 2472 Iicma
1526 2430 1575 2473 in
1595 2428 1760 2488 Geogr.
1779 2429 1888 2473 min.
1910 2437 2020 2471 tom.
2047 2426 2109 2482 11,
2129 2427 2273 2471 Paris.
2292 2427 2423 2470 1828.
2447 2427 2606 2473 Varie-

1382 2514 1515 2547 tatem
1538 2503 1744 2547 lectionis
1765 2518 1822 2546 ex
1847 2502 2005 2546 codice
2022 2501 2231 2544 Parisino
2260 2502 2346 2553 443
2371 2500 2604 2561 Supplem.

1381 2580 1506 2623 dedit
1541 2582 1636 2624 Em.
1679 2582 1883 2622 Miller-us
1914 2577 1970 2621 ad
1997 2577 2163 2621 calcem
2185 2577 2450 2631 voluminis,
2484 2577 2607 2636 quod

1381 2654 1682 2699 inscribitur:
1712 2657 1887 2712 Pe‘riple
1918 2656 1975 2696 de
1995 2655 2195 2696 Marcion
2224 2651 2495 2707 d'Heracle'e,
2520 2662 2605 2697 etc.

1381 2733 1515 2773 Paris
1536 2730 1668 2788 1839,
1691 2730 1753 2774 8⁰.
1777 2728 1938 2772 Paullo
1967 2737 2072 2787 post
2094 2728 2143 2772 in
2170 2727 2315 2771 lucem
2339 2725 2610 2786 prodierunt
2675 2785 2681 2789 ἱ

1382 2809 1647 2865 Fragments
1659 2806 1735 2848 des
1744 2804 1921 2863 poemes
1935 2803 2289 2862 geographiques
2321 2803 2375 2844 de
2398 2803 2609 2860 Scymnus

1382 2885 1438 2925 de
1476 2884 1582 2926 Chio
1610 2893 1652 2925 et
1669 2884 1726 2924 du
1732 2880 1861 2936 faux
1874 2882 2134 2937 Dice'arque,
2172 2880 2363 2921 restitue's
2381 2882 2608 2936 principa-

1384 2961 1547 3001 lemenc
1580 2955 1760 3014 cl’ctpres
1792 2971 1848 2998 un
1885 2959 2124 2998 manuscrit
2156 2955 2211 2995 de
2249 2953 2297 2997 la
2326 2952 2610 3009 bibliotheque

1382 3037 1557 3091 royale,·
1584 3034 1795 3092 pre'ce'deir
1827 3030 2163 3075 d’observations
2201 3031 2431 3072 litte'raires
2461 3028 2506 3071 et'
2528 3033 2590 3070 cri
2596 3052 2608 3061 -

1384 3117 1522 3170 tiques
1556 3126 1635 3153 sur
1665 3125 1736 3152 ces
1762 3107 2048 3165 fragments,
2079 3122 2154 3149 sur
2186 3107 2372 3161 Scylax,
2409 3106 2608 3146 Marcien

1382 3189 1415 3230 d
1421 3188 1644 3229 'He'racle'e
1655 3219 1666 3238 ,
1698 3186 1865 3227 Isidore
1880 3185 1935 3225 de
1957 3182 2163 3235 Charax,
2186 3183 2225 3222 le
2237 3181 2473 3222 stadim-me
2494 3179 2547 3219 de
2565 3179 2610 3219 la

1387 3263 1722 3308 Me‘diterraHe'e
1734 3277 1751 3313 ,·
1783 3266 1898 3317 pom·
1922 3262 2057 3301 servir
2081 3258 2135 3298 de
2165 3259 2272 3297 suite
2293 3264 2338 3296 et
2363 3255 2417 3295 cle
2438 3254 2609 3310 supple'-

1385 3356 1426 3383 m
1431 3341 1540 3383 entc'z
1554 3349 1688 3383 tontes
1698 3339 1759 3380 les
1770 3338 1953 3379 editions
1965 3335 2041 3376 des
2047 3336 2178 3390 petits
2184 3329 2456 3390 geographes
2461 3343 2585 3386 grecs
2590 3361 2601 3381 ,

1373 3433 1469 3475 par
1486 3418 1555 3459 M.
1583 3418 1812 3458 Letronne.
1832 3414 1965 3455 Paris
1990 3426 2003 3452 1
2017 3411 2123 3463 840,
2150 3407 2215 3453 8⁰.
2235 3432 2296 3439 —
2310 3406 2489 3459 Scymnz·
2507 3405 2612 3448 Chii

1379 3495 1614 3551 pet-Iegesis
1626 3491 1696 3534 ed.
1714 3488 2006 3534 B.Fab1‘icius
2018 3498 2117 3528 cum
2133 3490 2286 3526 annot.
2302 3479 2472 3537 critica,
2484 3477 2611 3538 Lips.

1392 3586 1407 3612 1
1419 3570 1473 3619 84
1482 3569 1526 3625 6,
1544 3568 1591 3611 8ο
1610 3564 1696 3626 (Cf.
1713 3562 1914 3623 ejusdem
1932 3565 2153 3604 Lectiones
2164 3559 2459 3614 Scymnianoe.
2478 3555 2589 3598 Dres
2598 3580 2613 3586 -

1386 3645 1470 3689 dae.
1496 3645 1610 3696 1844
1625 3676 1637 3698 ,
1661 3640 1751 3702 8⁰).
1774 3666 1835 3673 ———
1871 3640 2050 3696 Scymni
2070 3636 2173 3680 Chii
2190 3637 2427 3693 periegesis
2447 3641 2490 3674 et
2510 3633 2610 3673 Dio-

1386 3726 1502 3779 nysii
1537 3722 1771 3777 descriptio
1799 3719 2003 3759 Groecioe.
2032 3713 2288 3756 Emendavit
2307 3711 2365 3752 A.
2395 3707 2609 3750 Meineke.

1386 3799 1586 3841 Berolin.
1613 3794 1748 3850 1846,
1766 3792 1829 3836 8⁰.
1856 3789 2079 3836 Praecedit
2098 3786 2410 3833 commentatio
2434 3781 2607 3827 critica.

1150 4060 1563 4089 -ὒοῦ--ψ
