2808 4342
474 28 548 85 Ὀ

715 121 758 165 0

213 189 305 228 520

210 282 506 329 τιν’ἰκόάλλων
530 263 683 338 nim-qv
699 310 715 336 ‚
746 274 838 332 ἥτις
865 276 923 328 είς
940 274 1011 321 τὸν
1034 274 1193 322 Πόντον
1229 273 1359 330 ἐξίησι
1377 275 1448 321 τὸν

209 344 703 408 καλούμενον.Εὗξεινον.
769 341 860 399 Τὴν
887 340 931 389 δὲ
963 341 1124 398 Διὸύην
1147 341 1221 388 σὺν
1244 346 1306 406 τῇ
1329 342 1449 408 Ἀσία

210 418 372 478 διορίζει
395 414 479 460 α’πὸ
511 412 587 474 μὶν
615 416 689 469 τῆς
711 410 919 474 Εὐρώπης
938 413 961 456 ὁ
989 409 1284 475 προειρημένος
1305 409 1449 476 Ἡρά-

209 488 341 538 κλειος
361 482 567 547 πορθμὸς,
590 482 673 527 ἀπὸ
688 479 731 527 δὲ
753 483 825 536 τῆς
841 479 980 533 Ἀσίας
998 479 1046 526 τὸ
1071 479 1327 540 καλούμενον
1352 483 1448 528 Κα-

165 573 185 600 s
204 553 378 599 νωὸικὸν
394 556 463 599 τοῦ
488 551 639 600 Νείλου
662 548 812 609 στόμα·
827 548 903 605 τὴν
921 547 964 595 δὶ
987 548 1128 596 Ἀσίαν
1150 548 1253 612 πρὸς
1277 548 1353 610 μὲν
1369 548 1447 607 τὴν

207 621 411 687 Εὐρώπην
430 620 591 682 διορίζει
608 621 629 664 ὁ
643 617 938 682 προειρημένος
951 617 1111 672 Τάναϊς
1128 617 1330 679 ποταμὸς,
1345 620 1449 681 πρὸς

205 693 248 739 δὲ
291 690 365 746 τὴν
399 688 558 744 Λιὸύην
597 687 644 734 τὸ
679 687 882 752 πορρηθὲν
918 687 1166 736 Κανωὸικὸν
1186 692 1257 735 τοῦ
1295 688 1448 736 Νείλου

205 760 365 819 στόμα,
400 756 509 803 καθὰ
546 756 871 819 προειρήκαμεν.
939 756 994 805 Ἦ
1034 757 1166 804 τοίνυν
1204 760 1299 804 καθ’
1335 761 1448 819 ἡμᾶς

204 829 391 873 θάλασσα
425 825 498 872 καὶ
529 826 795 873 συνάπτουσα
818 828 879 890 τῷ
904 826 1055 890 δυτικῶ
1077 829 1250 891 ὠκεανῷ
1281 826 1348 873 διὰ
1373 831 1445 875 τοῦ

145 913 182 942 w
203 894 451 959 Ἡρακλείου
482 900 692 958 πορθμου,
730 896 974 960 περιγράφει
1007 895 1081 949 τὰς
1117 897 1224 959 τρεῖς
1255 895 1448 961 ἠπείρους

201 960 335 1012 τόνδε
337 966 405 1011 τὸν
425 965 594 1028 τρόπον.

263 1054 301 1083 5.
337 1037 426 1092 Τῆς
446 1034 520 1096 μὲν
545 1034 751 1099 Εὐρώπης
765 1073 777 1094 ,
799 1034 1131 1101 περιπλεομένων
1152 1037 1233 1082 τῶν
1253 1036 1345 1082 κατ’
1370 1038 1446 1082 αὐ·

200 1105 273 1162 τὴν
307 1105 474 1152 κόλπων
509 1108 550 1152 ἐν
579 1110 631 1170 τῇ
665 1107 757 1152 καθ’
795 1110 907 1167 ἡμᾶς
939 1107 1151 1170 θαλάσσῃ,
1182 1110 1209 1163 ἡ
1245 1105 1447 1169 παράλιος

201 1176 319 1238 χώρα
342 1174 416 1231 τὴν
447 1174 582 1238 ἀρχὴν
618 1174 707 1238 ἔχει
731 1175 815 1222 ἀπὸ
838 1180 907 1223 τοῦ
931 1176 1139 1228 Τανάϊδος
1160 1178 1351 1235 ποταμοῦ
1374 1174 1445 1221 καὶ

140 1264 178 1295 15
202 1244 430 1307 καταλήγει
452 1245 521 1291 ἐπὶ
537 1245 605 1291 τὸν
628 1244 880 1307 Ἡράκλειον
899 1245 1083 1309 πορθμὸν
1101 1244 1172 1292 καὶ
1192 1244 1244 1291 τὰ
1264 1243 1444 1308 Γάδειρα

199 1314 276 1370 τὴν
309 1317 448 1371 νῆσον·
472 1314 544 1360 καὶ
576 1314 686 1360 ἔστιν
713 1316 736 1359 δ
758 1314 928 1375 σύμπας
947 1315 1075 1371 αὐτῆς
1097 1314 1318 1377 περίπλους
1341 1332 1443 1360 στα-

202 1384 297 1430 δίων
326 1385 391 1432 Μ.
415 1384 456 1436 ς·’
486 1383 558 1430 καὶ
580 1389 629 1446 ,θ.
695 1386 784 1439 Τῆς
814 1383 857 1429 δὲ
880 1383 1038 1441 Λιὸύης
1060 1383 1142 1429 ἀπὸ
1162 1383 1345 1444 Τίγγεως
1367 1382 1441 1429 πό·

200 1454 302 1506 λεως
341 1453 466 1516 μέχρι
501 1457 573 1499 τοῦ
612 1452 862 1500 Κανωὸικοῧ
899 1456 971 1498 τοῦ
995 1453 1150 1499 Νείλου
1186 1452 1390 1511 στόματος
1421 1455 1443 1498 ὁ

198 1521 442 1584 παράπλους
459 1522 547 1568 ἐστὶ
565 1521 741 1567 σταδίων
763 1524 823 1568 Μ.
842 1520 880 1580 γ’
896 1519 967 1566 καὶ
986 1520 1073 1569 σπ’.
1142 1522 1228 1576 Τῆς
1248 1520 1290 1567 δὲ
1308 1520 1443 1574 Ἀσίας

136 1603 178 1633 20
200 1590 274 1636 σὺν
322 1593 373 1651 τῇ
412 1590 613 1653 Αἰγύπτῳ
661 1590 745 1636 ἀπὸ
782 1594 854 1637 τοῦ
895 1590 1146 1638 Κανωὸικοῧ
1181 1594 1253 1637 τοῦ
1292 1590 1442 1639 Νείλου

197 1659 401 1720 στόματος
417 1661 541 1725 μέχρι
560 1665 631 1707 τοῦ
643 1665 831 1722 ποταμοῦ
850 1665 922 1708 τοῦ
939 1660 1145 1714 Τανάϊδος
1161 1663 1182 1706 ὁ
1197 1659 1443 1724 παράπλους

198 1730 284 1776 ἐστὶ
318 1730 497 1777 σταδίων
545 1733 606 1778 Μ.
645 1730 680 1776 δ’
715 1730 787 1777 καὶ
826 1731 907 1794 ρκ’.
975 1730 1029 1779 Ἡ
1070 1731 1204 1778 τοίνυν
1237 1730 1441 1793 σύμπασα

197 1799 316 1861 χώρα
327 1801 549 1884 παράλιος
584 1804 658 1856 τῆς
683 1799 905 1857 θαλάσσης
938 1804 1011 1858 τῆς
1040 1801 1131 1847 καθ’
1172 1804 1283 1861 ἡμας
1310 1801 1437 1860 ἐστιν,

198 1869 226 1924 ἥ
241 1887 284 1914 τε
302 1889 374 1926 της
395 1869 599 1933 Εὐρώπης
618 1869 690 1915 και
709 1873 782 1926 τῆς
803 1868 961 1926 Λιὸύης
981 1889 1052 1916 και
1070 1873 1143 1926 τῆς
1166 1869 1320 1932 Ἀσίας,
1338 1888 1440 1941 στα-

137 1954 177 1982 25
200 1938 377 1987 δίωνΜ.
401 1939 479 2002 ιγ’
482 1939 559 1988 θυ’.

260 2025 293 2055 s.
330 2005 389 2056 F
393 2028 458 2055 στι
472 2009 514 2055 δὲ
534 2010 679 2071 πρώτη
700 2007 776 2070 μὲν
789 2012 870 2056 τῶν
886 2010 1068 2073 ἠπείρων
1088 2009 1283 2071 μεγέθους
1303 2007 1436 2055 ἕνεκεν

197 2080 224 2131 ἡ
245 2077 388 2138 Ἀσία,
420 2078 590 2142 δευτέρα
625 2078 667 2124 δὲ
698 2082 724 2134 ἡ
764 2079 928 2136 Λιὸύη,
954 2078 1071 2141 τρίτη
1103 2079 1145 2124 δὲ
1174 2083 1200 2135 ἡ
1237 2079 1437 2141 Εὐρώπη.

198 2147 296 2193 Τῶν
319 2145 362 2192 δὲ
395 2149 518 2210 τριῶν
542 2149 764 2194 θαλασσῶν
798 2151 857 2211 τῷ
887 2149 1048 2208 μεγέθει
1072 2147 1270 2211 τυγχάνει
1291 2147 1437 2211 πρώτη

197 2215 273 2273 μὲν
285 2219 311 2271 ἡ
330 2215 439 2261 κατὰ
456 2215 503 2261 τὸ
522 2214 694 2261 Ἰνδικὸν
715 2216 908 2277 πέλαγος·
925 2216 1093 2279 δευτέρα
1114 2213 1157 2262 δὲ
1179 2220 1203 2272 ἡ
1220 2218 1312 2262 καθ’
1328 2220 1438 2276 ἡμᾶς

133 2298 175 2328 30
196 2288 222 2338 ἡ
260 2283 412 2344 μεταξὺ
435 2284 596 2341 Λιὸὗης
631 2283 703 2329 καὶ
743 2283 969 2347 Εὐρώπης,
996 2283 1206 2348 ἀρχομένη
1242 2283 1317 2343 μὲν
1354 2284 1437 2330 ἀπὸ

199 2351 409 2415 Ιαδείρων
439 2353 532 2409 ἤτοι
565 2357 636 2399 τοῦ
660 2352 913 2416 Ἡρακλείου
937 2357 1148 2416 πορθμοῦ,
1169 2353 1367 2410 διήκουσα
1391 2353 1432 2399 δὲ

197 2423 319 2492 μέχρι
344 2426 414 2479 τῆς
435 2422 586 2476 Ἄσίας·
612 2424 728 2486 τρίτη
753 2425 796 2469 δὲ
821 2428 846 2480 ἡ
882 2423 1099 2487 εΥρκοινιά.

260 2491 483 2552 Μέγεθος
461 2491 503 2538 οὲ
523 2496 609 2560 τῆς
618 2492 870 2554 οἰκουμένης,
882 2492 929 2539 τὸ
949 2492 1023 2553 μὲν
1047 2491 1128 2538 ἀπὸ
1145 2494 1343 2549 άνατολῆς
1366 2493 1433 2539 ἐπὶ

196 2561 309 2607 δύσιν
332 2562 669 2625 ἀναμεμέτρηται
696 2564 873 2609 σταδίων
900 2565 962 2610 Μ.
984 2562 1032 2619 ζ’,
1068 2562 1222 2626 ηφμε’
1245 2567 1316 2609 τοῦ
1319 2582 1363 2609 το
1390 2562 1434 2608 δέ

250 2697 336 2746 55,
359 2708 424 2749 17.
443 2695 499 2735 Μ.
520 2694 594 2751 ς’]
617 2696 672 2737 Μ.

194 2755 325 2797 codex
348 2757 470 2798 habet
489 2760 549 2799 Μ.
576 2757 627 2809 δ’,
652 2767 693 2799 et
715 2759 789 2800 lin.
814 2773 967 2815 aatpro
993 2759 1049 2799 M.
1083 2757 1119 2798 δ’
1136 2758 1292 2814 praebet
1310 2757 1438 2809 Μ.ς-’;

198 2818 432 2860 emendavit
448 2821 685 2861 Iioistenius
702 2822 744 2861 in
765 2821 899 2862 latinis
914 2829 955 2863 et
975 2822 1225 2863 Iaetronnius
1241 2820 1268 2861 1.
1291 2820 1319 2861 l.
1337 2820 1441 2861 Vui-

195 2890 328 2935 gaiam
360 2891 597 2936 corruptam
631 2898 716 2922 csse
744 2883 835 2923 luce
863 2883 1028 2934 clarius,
1058 2899 1187 2939 quum
1212 2882 1439 2925 absurdum

194 2945 246 2985 sit
271 2959 294 2985 a
327 2944 513 2985 Gadibus
550 2945 601 2985 ad
632 2946 772 2985 Nilum
804 2954 999 2999 quattuor
1029 2946 1250 3001 myriades,
1289 2946 1340 2987 ad
1362 2947 1440 2988 Ta-

194 3006 306 3047 naim
330 3021 427 3048 vero
440 3007 603 3048 nonnisi
624 3015 704 3047 tres
719 3007 950 3048 stadiorum
971 3007 1175 3062 myriades
1190 3010 1436 3061 computari.

193 3069 473 3126 Transpositis
490 3068 763 3125 myriadibus,
786 3069 1126 3125 peripluminaris
1148 3070 1296 3108 interni
1316 3069 1438 3109 babes

193 3132 387 3182 eundem,
420 3147 562 3188 quem,
597 3131 705 3173 salva
726 3145 958 3187 paucorum
980 3129 1208 3171 stadiorum
1241 3129 1436 3171 differen-

193 3196 264 3246 tia,
285 3195 452 3236 exhibet
475 3194 774 3249 Agathemerus
795 3196 836 3245 1,
865 3195 888 3235 3
915 3206 933 3236 .-

818 3359 1048 3388 nncumvs.
1116 3327 1422 3403 acturus-saud

879 3425 998 3459 ⁶⁹,0oo

878 3486 999 3523 avano

882 3550 935 3586 ιο.
944 3550 1000 3579 120

861 3627 1000 3665 139,400

237 3423 346 3457 Juxta
368 3423 548 3466 Europam
566 3422 743 3466 pei-ipius.

236 3486 345 3520 Juxta
369 3486 521 3528 Libyam
538 3485 710 3530 perimus.
736 3511 746 3521 .

236 3546 345 3581 Juxta
368 3547 490 3581 Asiam
510 3546 684 3591 perimus.
701 3569 711 3582 .
736 3570 746 3581 .

445 3625 594 3658 Summa
600 3646 745 3658 .....

192 3751 317 3794 Unde
339 3753 455 3808 petiti
486 3754 569 3793 sint
597 3754 777 3804 numeri,
808 3768 891 3794 non
919 3753 1077 3809 iiquido
1099 3762 1231 3810 patet,
1257 3754 1435 3795 Artemi-

194 3815 338 3865 dorus,
359 3829 484 3870 quem
510 3815 552 3855 in
573 3816 711 3856 multis
732 3815 1031 3869 Agatbcmerus
1049 3817 1263 3871 expressit,
1288 3829 1432 3871 quem·

195 3891 274 3931 quc
290 3879 331 3917 in
346 3877 447 3918 mari
465 3877 628 3918 interno
639 3885 825 3918 secutum
835 3892 921 3918 csse
935 3879 1190 3919 Marcianum
1208 3877 1430 3933 putaveris,

185 3939 271 3980 *alia
294 3939 346 3979 de
370 3939 433 3980 bis
448 3939 588 3991 tradit,
610 3940 643 3981 si
663 3939 765 3981 fides
779 3948 840 3980 est
857 3939 1069 3981 codicibus
1092 3941 1301 3982 Plinianis.
1327 3940 1431 3981 Nam

197 4013 222 4040 a
238 4001 424 4042 Gadibus
445 4001 497 4043 ad
519 4003 693 4043 Tanaim
730 4001 1018 4044 Artemidorus
1049 4011 1088 4044 et
1120 4002 1306 4043 Isidorus
1325 4003 1342 4054 (
1361 4016 1429 4057 ap

1080 174 1391 222 MARCIANI
1423 175 1883 227 RERACLEENsts

694 2694 902 2751 γέοάσκς
921 2704 1064 2737 contra
1084 2695 1140 2736 lin
1167 2709 1214 2749 ¹9
1231 2709 1308 2751 pro
1331 2695 1386 2736 M.
1405 2694 1447 2750 γ’

2689 0 2705 32 i„
2766 0 2808 52 ³2⁴4·

2803 54 2808 75 !

2641 189 2692 249 (⁷
2704 189 2808 254 ⁸)-

1518 283 1562 324 in
1584 284 1798 326 Euxinum
1815 293 1994 341 pontum
2008 289 2108 334 exit.
2165 291 2347 335 Africam
2365 302 2505 336 autem
2524 294 2577 337 ab
2591 297 2808 361 Europa

1517 388 1763 445 praedictum
1794 391 1983 434 Herculis
2011 392 2180 447 fretum,
2205 397 2369 443 abAsia
2396 402 2653 445 Canobicum
2678 379 2808 449 Ntii

1516 497 1670 538 ostium
1685 496 1918 553 distinguit.
1952 500 2091 541 Asiam
2115 515 2214 543 vero
2235 502 2288 545 ab
2311 505 2479 564 Europa
2499 518 2662 566 separat
2681 512 2746 555 Ta*

1513 599 1604 644 hais
1626 602 1793 670 ssuyius,
1815 603 1867 645 ab
1886 603 2023 646 Africa
2053 605 2311 650 Canobicum
2330 610 2500 663 ostIum,
2524 613 2577 656 de
2605 615 2760 672 quibus
2800 633 2808 668 ι,

1517 711 1646 754 modo
1670 713 1869 756 diximus.
1901 717 2100 759 Nostrum
2125 719 2261 774 itaque
2282 734 2410 772 mare,
2428 722 2544 777 quod
2563 737 2637 780 per
2653 725 2761 767 Her·
2795 674 2808 792 i

1515 822 1617 862 culis
1637 821 1788 865 fretum
1817 839 1915 867 cum
1937 825 2179 869 occidentali
2199 844 2354 871 oceano
2374 830 2655 887 conjungitur,

1515 931 1600 972 inas
1618 933 1877 974 continentes
1898 933 1979 975 hoc
1997 934 2125 976 modo
2147 935 2309 980 definit.

1573 1043 1613 1084 5.
1646 1045 1854 1088 Maritima
1878 1047 2057 1104 Europae
2078 1062 2167 1101 ora,
2199 1049 2345 1106 sijquis
2362 1064 2507 1095 omnes
2521 1052 2610 1110 ejus
2634 1055 2750 1097 sinus

1514 1144 1586 1201 qui
1619 1144 1671 1186 ad
1702 1155 1891 1189 nostrum
1924 1163 2035 1191 mare
2074 1158 2197 1201 sunt,
2227 1151 2571 1208 circumnaviget,
2615 1156 2756 1215 incipit

1513 1255 1536 1281 a
1568 1242 1699 1283 Tanai
1722 1242 1865 1295 fluvio,
1902 1252 2026 1300 atque
2063 1246 2105 1287 in
2134 1247 2385 1290 Herculeum
2422 1248 2574 1293 fretum
2604 1250 2760 1296 Gades-

1513 1351 1595 1392 que
1624 1337 1799 1380 insulam
1836 1338 2008 1392 desinit,
2047 1350 2189 1398 estque
2223 1344 2440 1386 universus
2461 1344 2549 1400 ejus
2580 1347 2761 1391 ambitus
2772 1359 2781 1366 ’

1514 1440 1653 1491 69000
1687 1439 1933 1482 stadiorum.
1994 1441 2146 1483 Africae
2171 1443 2351 1485 ambitus
2384 1458 2408 1486 a
2444 1445 2566 1501 Tingi
2601 1415 2763 1504 oppido¹

1511 1535 1565 1576 ad
1585 1537 1841 1580 Canobicum
1860 1521 1941 1581 Nili
1967 1542 2120 1582 ostium
2143 1541 2373 1585 stadiorum
2387 1552 2449 1587 est
2470 1545 2630 1597 3ο28ο;
2651 1546 2758 1588 Asiae
2778 1583 2779 1586 ,

1510 1640 1647 1673 autem
1666 1633 1845 1676 ambitus
1864 1650 1947 1677 una
1974 1650 2069 1678 cum
2092 1637 2195 1693 AEgy
2197 1645 2270 1693 pto
2292 1652 2316 1680 a
2336 1638 2548 1681 Canobieo
2575 1640 2684 1682 ostio
2703 1640 2755 1682 ad
2776 1658 2779 1692 3

1507 1728 1682 1770 Tanaim
1704 1730 1877 1771 fluvium
1894 1738 1954 1771 est
1982 1730 2214 1774 stadiorum
2238 1734 2393 1783 40120.
2453 1711 2662 1776 Universa
2680 1710 2756 1776 ita·
2772 1763 2774 1766 ψ

1509 1836 1592 1877 que
1610 1822 1724 1876 regio
1746 1822 1917 1863 litoralis
1936 1824 2066 1864 nostri
2090 1826 2215 1865 maris
2229 1838 2303 1880 per
2317 1826 2551 1882 Europam,
2573 1825 2753 1870 Africam

1509 1918 1732 1972 Asiamque
1770 1916 2002 1959 stadiorum
2024 1926 2085 1960 est
2125 1918 2302 1973 139400.

1563 2018 1604 2055 6.
1635 2014 1831 2069 Princeps
1870 2014 1978 2055 inter
2016 2013 2137 2054 hasce
2177 2021 2313 2069 partes
2366 2014 2653 2071 magnitudine
2692 2024 2756 2059 est

1508 2085 1621 2135 Asia,
1653 2082 1835 2125 secunda
1863 2082 2018 2133 Africa,
2042 2090 2251 2138 postrema
2283 2085 2468 2141 Europa.
2529 2086 2593 2127 Ex
2614 2084 2754 2129 tribus

1506 2161 1646 2194 autem
1669 2151 1851 2193 maribus
1880 2152 2136 2207 praecipuum
2158 2151 2446 2207 magnitudine
2477 2161 2539 2194 est
2559 2153 2753 2198 Indicum

1506 2220 1673 2275 pelagus
1686 2218 1893 2270 ,secundo
1904 2219 1996 2260 1000
2007 2226 2197 2260 nostrum
2214 2233 2329 2261 mare
2345 2228 2422 2272 est,
2438 2219 2553 2277 quod
2570 2221 2753 2265 Asu-imm

1506 2290 1801 2344 Europamque
1835 2288 2051 2339 interfluit,
2092 2289 2375 2345 incipiensque
2395 2304 2420 2332 a
2454 2289 2642 2333 Gadibus
2669 2293 2756 2335 sive

1505 2356 1695 2399 Herculis
1719 2356 1824 2398 freto
1843 2355 1896 2398 ad
1928 2357 2069 2399 Asiam
2093 2370 2224 2412 usque
2245 2357 2442 2414 pertingit
2455 2373 2468 2409 ;
2490 2359 2659 2402 tertium
2693 2368 2759 2405 est.

1506 2428 1761 2482 Hyrcanum.

1563 2493 1894 2549 Magnitudinem
1914 2501 2050 2535 autem
2074 2493 2245 2535 habitati
2269 2492 2383 2535 orbis
2400 2493 2453 2536 ab
2486 2502 2584 2537 ortu
2605 2493 2659 2538 ad
2681 2509 2752 2538 oe·

1505 2576 1645 2604 casum
1674 2562 1907 2604 metiuntur
1928 2561 2064 2617 78545
2081 2561 2244 2613 stadiis;
2270 2575 2400 2618 eaque
2427 2576 2452 2604 a
2487 2563 2657 2619 Gangis,
2690 2562 2752 2605 111·
2776 2606 2781 2611 ,

1514 2694 1624 2737 Plin.
1649 2696 1726 2745 IV,
1748 2696 1800 2747 37
1825 2697 2054 2750 >putarunt
2076 2693 2187 2736 miiia
2210 2696 2316 2743 8214
2343 2694 2405 2736 vel
2427 2696 2535 2745 8411.
2560 2694 2749 2746 ve18415
2807 2709 2808 2749 3

1511 2759 1529 2812 (
1554 2757 1690 2812 65712
1717 2757 1779 2798 vel
1801 2758 1939 2812 67312
1963 2756 2025 2798 vel
2058 2757 2197 2812 67320
2218 2755 2324 2798 stad.
2343 2759 2383 2811 );
2411 2771 2436 2800 a
2452 2757 2574 2811 Tingi
2598 2755 2651 2799 ad
2674 2757 2751 2800 Ca·
2807 2751 2808 2766 ³

1509 2834 1667 2876 nopum
1710 2818 2000 2862 Artemidorus
2046 2820 2064 2873 (
2083 2833 2151 2875 ap.
2192 2818 2253 2861 Pl.
2295 2819 2352 2869 V,
2391 2822 2417 2862 6
2437 2821 2454 2874 )
2499 2820 2608 2875 3559
2645 2819 2774 2865 mill

1512 2882 1527 2938 (
1554 2885 1693 2938 28472
1727 2881 1833 2923 stad.
1857 2884 1895 2936 )‚
1928 2880 2114 2923 Isidorus
2145 2881 2253 2937 3599
2285 2880 2609 2938 111111.(28792
2637 2889 2688 2924 st.
2711 2883 2754 2939 ).

1511 2947 1701 3001 Denique
1724 2946 1862 2988 Asiam
1894 2958 1990 2986 cum
2014 2945 2190 3001 AEgypto
2219 2958 2351 2999 usque
2367 2942 2420 2986 ad
2436 2944 2611 2986 Tanaim
2630 2946 2665 2988 A
2718 2974 2725 2979 -
2750 2940 2802 2989 »53

1508 3008 1697 3049 midorus
1720 3015 1761 3049 et
1777 3006 1962 3056 Isidorus
1981 3008 1997 3060 (
2016 3006 2086 3049 ad.
2106 3006 2212 3048 Piin.
2241 3022 2266 3061 9
2284 3008 2301 3061 )
2325 3004 2496 3048 tradunt
2514 3006 2623 3062 6375
2643 2990 2749 3053 mill
2779 2995 2801 3070 Ι

1508 3072 1526 3123 (
1545 3084 1618 3110 seu
1644 3071 1779 3112 51000
1797 3068 1902 3110 stad.
1929 3069 1961 3125 ).
1983 3068 2036 3110 Ni
2062 3068 2194 3118 fallor,
2215 3068 2451 3110 Mancianus
2482 3066 2526 3109 11.
2549 3067 2577 3109 Ι.
2605 3067 2749 3110 Prota·
2785 3119 2787 3123 Ι

1507 3145 1617 3183 gorae
1635 3131 1902 3172 stadiasmum
1922 3131 2141 3186 expressit;
2162 3138 2287 3184 atque
2305 3129 2391 3171 haec
2413 3141 2534 3170 eausa
2549 3127 2673 3170 suis-0
2689 3127 2775 3170 vi·

1505 3191 1643 3241 detur,
1675 3207 1750 3232 cur
1768 3193 1847 3233 boc
1868 3192 1959 3234 loco
1975 3199 2167 3232 retractet
2185 3204 2277 3245 quae
2295 3197 2485 3231 tractasse
2496 3187 2584 3245 jam
2601 3187 2748 3234 debuit
2776 3187 2782 3210 ³·

1507 3254 1547 3294 in
1568 3256 1759 3310 Epitome
1772 3253 2106 3296 Artemidori.—
2122 3255 2139 3308 ΙΙ
2162 3267 2225 3308 17.
2250 3251 2338 3295 Ἀπὸ
2352 3252 2487 3309 Τίγγις
2501 3250 2747 3296 componis
2764 3296 2766 3298 ,
2790 3303 2792 3306 ¹

1418 3311 1422 3321 '
1505 3317 1626 3357 etiam
1651 3315 1726 3357 ἀπὸ
1744 3316 1902 3370 Τιγγός.
1934 3315 1950 3369 ΙΙ
1970 3339 2026 3347 -
2040 3316 2109 3356 23.
2129 3317 2239 3370 χώρα
2259 3319 2326 3368 τῆς
2343 3314 2532 3371 παραλίου
2551 3314 2760 3371 θαλάσσης

1505 3378 1599 3421 cod.
1619 3387 1658 3420 et
1680 3379 1798 3421 editt.
1830 3380 1847 3433 ΙΙ
1867 3402 1923 3410 -
1943 3381 2013 3428 24.
2048 3380 2159 3420 σταδ.
2178 3379 2292 3430 cod„
2315 3387 2361 3421 ut
2379 3378 2638 3436 plerumque.
2661 3377 2745 3426 uu

1505 3442 1671 3495 integris
1686 3441 1812 3482 literis
1824 3454 1902 3482 vox
1916 3440 2149 3493 exhibetur,
2163 3455 2325 3497 semper
2338 3440 2421 3483 sere
2435 3439 2561 3484 habes
2579 3440 2752 3488 στάδιοι.-ι

1560 3506 1642 3557 So,
1668 3503 1695 3545 Ι.
1718 3507 1770 3545 26
1792 3518 1884 3559 sqq.
1907 3503 2150 3545 Ptolemaeus
2171 3505 2269 3554 vn,
2298 3503 2339 3554 5,
2357 3504 2415 3546 8:
2439 3502 2512 3544 Καὶ
2536 3501 2744 3559 Ῐτιπρῶτη

1506 3564 1572 3620 μὲν
1591 3570 1665 3607 τῶν
1690 3563 1856 3621 ἠπείρων
1897 3566 2079 3621 μεγέθους
2114 3565 2240 3607 ἕνεκέν
2261 3564 2370 3608 ἔστιν
2392 3563 2509 3615 Ἆ,σία
2535 3563 2747 3627 δευτέρα

1504 3629 1594 3668 mes
1578 3645 1637 3681 η,
1663 3628 1768 3684 τρίτη
1795 3627 1835 3671 δὲ
1863 3627 2043 3684 Εὐρώπη.
2071 3625 2238 3683 Ὁμοίως
2268 3626 2326 3670 δὲ
2338 3627 2403 3669 καὶ
2433 3630 2510 3669 τῶν
2534 3625 2699 3683 εἶρημέ

1504 3689 1795 3745 ἐμπεριὲγεσθαι
1831 3694 1879 3747 τῆ
1911 3693 1965 3747 γῇ
1995 3689 2179 3732 θαλασσδ
2181 3706 2200 3730 ν
2223 3691 2353 3744 πρώτη
2386 3688 2454 3744 μέν
2481 3686 2560 3730 ἔστι
2591 3686 2742 3751 μεγίθε

1503 3753 1619 3793 πάλιν
1635 3752 1659 3804 ἢ
1677 3752 1774 3794 κατὰ
1790 3752 1834 3793 τὸ
1856 3752 2018 3794 Ἰνδικὸν
2039 3752 2227 3807 πέλαγος,
2251 3752 2407 3806 δευτέρα
2421 3748 2461 3792 a}
2484 3748 2508 3802 ἦ
2526 3750 2612 3792 καθ
2623 3748 2708 3803 ἡ”’

1503 3814 1584 3868 τρτί
1588 3830 1609 3866 η
1626 3814 1665 3855 δὲ
1694 3814 1718 3866 ἡ
1747 3813 1972 3870 Ὑρκανίαὴ
1996 3815 2060 3856 καὶ
2086 3814 2250 3856 Κασπία.
2274 3814 2291 3867 ΙΙ
2319 3837 2376 3845 -
2395 3814 2462 3862 31..
2482 3810 2733 3908 ἀναμετρῆ-[ςἸ

1503 3877 1655 3926 codem
1682 3876 1911 3933 ἂναμετρεῖτ
1913 3892 1952 3917 αι
1970 3876 2108 3927 editt
2136 3875 2234 3917 iliud
2259 3890 2358 3917 usus
2376 3875 2620 3931 scriptoris·
2707 3896 2709 3899 ·
2775 3921 2778 3924 ,

1505 3939 1573 3979 iat.
1597 3941 1772 3992 11—34.
1803 3939 1951 3981 ProM.
1976 3938 2013 3987 ζ’
2031 3938 2370 3981 Hossinannusin
2390 3928 2652 3992 Agathemeri
2703 3945 2726 3978 κ’
2774 3938 2777 3941 ’

1506 4001 1659 4042 iumine
1682 4017 1724 4057 p.
1757 4005 1838 4045 380
1857 4000 2121 4043 scribendum
2142 4016 2228 4043 csse
2250 4007 2387 4042 censet
2402 3998 2459 4041 Μ.
2481 3996 2537 4050 ς’,
2570 3996 2714 4041 adeo
2718 3994 2719 3997 ¹
