2808 4342
184 256 276 297 εοο
527 269 568 311 0

181 348 250 395 διὰ
270 348 351 392 τῶν
370 335 608 406 ἦμερησίων
628 339 767 396 πλῶν,
789 339 836 383 οὗ
855 337 923 390 διὰ
952 339 1034 383 τῶν
1061 335 1238 383 σταδίων
1256 335 1310 383 τὰ
1331 338 1423 383 δια-

180 415 375 472 στήματα
384 415 458 468 τῆς
472 409 683 464 θαλάσσης
696 407 925 463 ἐδήλωσαν.
953 405 1038 453 Καὶ
1058 405 1188 470 ἕτεροι
1205 405 1247 452 δὲ
1258 405 1423 460 πλείους

181 482 300 543 εἰσὶν,
320 479 390 533 οὓς
410 477 602 543 περιττὸν
619 470 736 538 οἶμαι
756 480 1040 539 καταριθμεῖν.

243 567 279 599 8.
314 548 438 598 Μετὰ
474 547 525 604 δὴ
562 545 715 593 τούτων
754 544 847 598 τοὺς
881 543 1096 597 πλείστους
1130 543 1426 609 Ἀρτεμίδωρος

140 635 160 664 s
182 626 203 668 ὁ
226 618 415 684 Ἐφέσιος
435 614 675 679 γεωγράφος
697 613 769 661 καὶ
788 613 1008 678 Στράὸων,
1033 613 1296 678 γεωγραφίαν
1317 616 1424 676 ὁμοῦ

182 690 252 736 καὶ
269 687 489 750 περίπλουν
508 683 806 736 συντεθεικότες
819 721 831 741 ,
857 682 1068 737 Μένιππός
1086 702 1131 730 τε
1149 686 1171 729 δ
1191 686 1424 747 Περγαμη-

186 758 251 810 νὸς
280 755 476 807 διάπλους
509 753 702 818 γράψας,
722 750 1022 817 ’ἀκριὸέστεροι
1062 754 1224 799 δοκοῦσι
1258 751 1424 799 πάντων

183 830 263 872 τῶν
282 823 590 890 προειρημένων
608 821 842 885 τυγχάνειν.
909 821 1015 886 Περὶ
1030 814 1087 868 ὧν
1111 822 1280 869 διελθεῖν
1302 826 1428 887 ἀναγ-

185 897 299 940 καῖον
314 928 327 950 ,
348 895 404 946 ὡς
426 891 476 938 ἂν
496 891 623 953 μηδὲν
648 890 893 953 ἀγνοήσαιεν
913 893 951 937 οἱ
975 890 1070 954 περὶ
1090 895 1210 938 τοῦτο
1229 892 1276 939 τὸ
1306 893 1428 956 μέρος

125 978 163 1007 ιο
188 967 256 1020 τῆς
285 962 547 1026 γεωγραφίας
570 962 883 1015 σπουδάζοντες.
930 961 1204 1021 ·Τιμοσθένης
1234 961 1308 1023 μὲν
1331 964 1428 1028 γὰρ,

186 1032 245 1079 ἔτι
269 1035 349 1079 τῶν
371 1031 576 1078 πλείστων
608 1034 680 1087 τῆς
709 1030 922 1086 θαλάσσης
950 1030 1236 1092 ἀγνοουμένων
1269 1035 1429 1097 μερῶν,

185 1105 245 1166 τῷ
267 1101 503 1161 Ῥωμαίους
526 1101 701 1163 μηδέπω
723 1100 896 1164 πολέμῳ
917 1099 1220 1164 κεκρατηκέναι
1242 1101 1398 1149 τούτων
1414 1138 1427 1161 ,

187 1171 281 1234 περὶ
313 1170 493 1232 λιμένων
528 1171 768 1234 συγγράψας
812 1169 980 1232 βιὸλία,
1018 1172 1063 1216 οὗ
1093 1178 1217 1217 πᾶσιν
1251 1172 1431 1235 ἀκριὸῶς

189 1239 383 1299 ἐπεξῆλθε
405 1247 491 1295 τοῖς
513 1240 645 1287 ἔθνεσι
669 1246 752 1292 τοῖς
774 1243 826 1303 τῇ
847 1239 937 1285 καθ’
958 1242 1071 1301 ἡμᾶς
1094 1244 1339 1306 παροικοῦσι
1357 1245 1431 1288 θα·

128 1323 165 1352 15
188 1309 335 1374 λάττῃ.
405 1310 568 1372 Ἀμέλει
586 1314 659 1366 τ’ῆς
682 1308 755 1370 μὲν
777 1308 981 1371 Εὐρώπης
1001 1309 1048 1355 τὸ
1072 1307 1325 1374 Τυρρηνικὸν
1348 1310 1433 1358 πέ-

189 1382 315 1442 λαγος
337 1382 492 1433 ἀτελῶς
515 1380 809 1443 περιέπλευσε,
831 1378 884 1423 τὰ
908 1377 949 1424 δὲ
970 1378 1065 1442 περὶ
1095 1378 1166 1426 τὸν
1189 1379 1432 1442 Ἡράκλειον

190 1448 373 1513 πορθμὸν
408 1449 502 1496 οὔτε
535 1453 607 1506 τῆς
630 1449 721 1494 καθ’
752 1452 863 1508 ἡμᾶς
894 1447 986 1493 οὔτε
1024 1452 1096 1503 τῆς
1119 1448 1196 1502 ἔξω
1229 1450 1435 1508 θαλάττης

191 1518 340 1582 ἴσχυσε
362 1522 532 1580 γνῶναι.
600 1516 749 1565 Tentat&
769 1518 811 1562 δὲ
830 1516 902 1562 καὶ
925 1516 1034 1563 κατὰ
1060 1516 1134 1574 τὴν
1164 1518 1324 1576 Λιὸύην
1355 1522 1433 1565 πέ-

189 1592 358 1645 πονθεν,
397 1587 478 1633 ἀπὸ
509 1590 581 1645 τῆς
618 1586 887 1650 Καρχηδόνος
921 1587 1078 1640 πάντας
1112 1587 1207 1641 τοὺς
1241 1588 1434 1636 ἐπέκεινα

126 1667 170 1699 2⁰
192 1657 284 1720 περὶ
304 1656 372 1703 τὸν
406 1656 658 1720 “Ηράκλειον
678 1655 862 1719 πορθμὸν
895 1656 990 1719 περί
1014 1676 1056 1702 τε
1080 1657 1155 1714 τὴν
1178 1658 1256 1712 ἔξω
1276 1659 1434 1705 θάλασ-

190 1746 267 1773 σαν
289 1727 495 1790 ἀγνοήσας
516 1728 678 1780 τόπους.
744 1726 912 1774 Τούτων
938 1728 980 1773 δὲ
1000 1731 1080 1774 τῶν
1106 1728 1130 1774 ι’
1154 1729 1325 1791 βιὸλίων
1345 1731 1436 1776 ἐπι·

189 1796 319 1857 τομὴν
343 1799 384 1843 έν
401 1797 460 1843 ἐνὶ
482 1797 706 1855 πεποίηται
727 1797 890 1860 βιὸλίῳ·
915 1790 986 1843 εἶτ’
1013 1800 1054 1844 ἐν
1080 1798 1206 1862 ἑτέρῳ
1229 1801 1355 1847 πάλιν
1379 1799 1435 1847 ἑνὶ

189 1868 271 1911 τῶν
292 1866 560 1927 καλουμένων
586 1868 855 1927 σταδιασμῶν
876 1867 1103 1931 ἐπιδρομήν
1125 1887 1215 1914 τινα
1237 1869 1437 1932 συνέγρα-

189 1937 279 1999 ψεν.
347 1935 424 1983 Ἔν
449 1935 585 1982 ἅπασι
611 1935 654 1982 δὲ
677 1934 832 1989 τούτοις
863 1936 977 1982 οὐδὲν
1002 1936 1156 1983 τέλειον
1185 1937 1277 1984 οὐδὲ
1311 1937 1438 2002 σαφὲς

129 2017 171 2047 25
195 2006 444 2066 ἀπαγγεῖλαι
461 2005 694 2062 δεδύνηται.
764 2005 1064 2069 Ἐρατοσθένης
1081 2007 1123 2053 δὲ
1141 2010 1162 2053 δ
1188 2010 1435 2071 Κυρηναῖος,

87 2079 91 2082 ’
192 2077 265 2121 οὗκ
290 2067 380 2119 οἶδα
400 2074 439 2119 τί
455 2074 618 2133 παθὼν,
643 2075 690 2120 τὸ
709 2079 748 2123 Τ
753 2075 983 2134 ιμοσθένους
1009 2076 1241 2139 μετέγραψε
1263 2076 1437 2138 βιῦλίον,

195 2144 356 2207 βραχέα
374 2142 466 2188 τινὰ
484 2143 670 2205 προσθεὶς
683 2179 695 2200 ,
711 2146 764 2195 ὡς
782 2143 887 2203 μηδὲ
908 2148 978 2189 τοῦ
1000 2146 1217 2206 προοιμίου
1236 2149 1308 2191 τοῦ
1332 2164 1437 2205 μνη-

194 2211 454 2273 μονευθέντος
489 2210 767 2274 ἀποσχέσθαι,
802 2213 899 2257 ἀλλ’
931 2214 1073 2265 αὐταῖς
1106 2213 1241 2267 λέξεσι
1273 2215 1440 2260 κάκεῖνο

192 2285 264 2328 τοῦ
284 2281 433 2327 οἰκείου
460 2285 673 2343 προθεῖναι
694 2281 1032 2343 συγγράμματος.
1101 2281 1262 2342 Ὅμοια
1287 2282 1330 2329 δὲ
1352 2282 1438 2332 τού·

130 2364 172 2396 ³⁰
195 2369 275 2404 τοις
295 2351 366 2397 καὶ
390 2352 425 2397 οἱ
445 2350 562 2396 ἄλλοι
581 2350 859 2410 πεπόνθασιν,
882 2353 1053 2415 ἀσαφεῖς
1075 2352 1145 2397 καὶ
1166 2352 1437 2413 πεπλανημέ-

194 2440 265 2473 νας
283 2420 355 2473 τὰς
371 2419 549 2473 ἐκδόσεις
561 2421 853 2481 ποιησάμενοι.
904 2421 1198 2485 Ἀρτεμίδωρος
1218 2425 1259 2470 δὲ
1277 2427 1298 2469 ὁ
1314 2422 1438 2487 Ἐφέ·

198 2509 282 2542 σιος
303 2489 541 2553 γεωγράφος
559 2490 668 2537 κατὰ
684 2489 756 2546 τὴν
778 2489 1004 2546 ἑκατοστὴν
1029 2490 1250 2548 ἑξακοστὴν
1270 2492 1439 2549 ἐννάτην

195 2560 464 2621 Ὀλυμπιάδα
486 2560 660 2621 γεγονὼς
675 2598 688 2622 ,
722 2560 768 2606 τὸ
790 2561 832 2607 δὲ
855 2562 1048 2608 πλεῖστον
1078 2563 1199 2624 μέρος
1221 2567 1294 2621 τῆς
1326 2562 1437 2616 ἐντὸς

195 2629 266 2676 καὶ
293 2632 384 2677 καθ’
414 2634 528 2691 ἡμᾶς
550 2629 834 2692 τυγχανούσης
857 2630 1060 2687 θαλάττης
1085 2633 1409 2695 ἐκπεριπλεύσας
1423 2669 1436 2691 ,

132 2710 172 2741 ³7·
195 2699 443 2758 θεασάμενος
466 2701 508 2747 δὲ
532 2699 603 2745 καὶ
623 2701 697 2755 τὴν
720 2702 843 2755 νῆσον
863 2699 915 2744 τὰ
935 2700 1115 2763 Γάδειρα
1134 2701 1204 2747 καὶ
1225 2702 1330 2765 μέρη
1348 2701 1440 2749 τινὰ

196 2772 269 2824 τῆς
298 2769 412 2822 ἐκτὸς
449 2769 678 2826 θαλάττης,
712 2770 763 2826 ἢν
800 2770 980 2815 ὠκεανὸν
1018 2772 1216 2828 καλοῦσι,
1250 2776 1325 2828 τῆς
1365 2771 1440 2833 μὲν

201 2838 389 2899 ἄκριὸοῧς
422 2839 684 2902 γεωγραφίας
712 2837 920 2895 λείπεται,
944 2839 1013 2885 τὸν
1038 2839 1079 2885 δὲ
1110 2840 1333 2903 περίπλουν
1363 2844 1437 2897 τῆς

197 2906 305 2958 ἐντὸς
338 2906 588 2969 Ἡρακλείου
610 2912 795 2969 πορθμοῦ
821 2910 1032 2965 θαλάσσης
1067 2910 1138 2955 καὶ
1166 2910 1240 2967 τὴν
1279 2911 1436 2972 ἀναμέ·

196 2992 341 3043 τρησιν
378 2975 533 3031 ταύτης
566 2976 672 3035 μετὰ
706 2979 779 3031 τῆς
811 2978 1097 3038 προσηκούσης
1129 2980 1363 3039 ἐπιμελείας
1395 2983 1435 3027 ἐν

133 3057 179 3087 ει)
199 3042 341 3090 ἕνδεκα
367 3044 549 3101 διεξῆλθε
574 3042 772 3107 βιὸλίοις,
801 3048 855 3097 ὡς
884 3046 1142 3108 σαφέστατον
1176 3048 1246 3092 καὶ
1271 3049 1436 3111 ἀκριὸέ-

198 3130 347 3159 στατον
370 3114 595 3176 περίπλουν
622 3116 695 3169 τ’ἧς
715 3113 807 3160 καθ’
830 3117 942 3174 ἡμᾶς
961 3115 1196 3179 ἀναγράψαι
1216 3117 1434 3173 θαλάττης.

202 3181 417 3235 Μένιππος
434 3183 477 3228 δὲ
497 3186 517 3228 δ
534 3182 823 3245 Περγαμηνὸς,
836 3181 915 3249 [ὃς]
931 3184 1001 3230 καὶ
1021 3185 1140 3238 αὐτὸς
1155 3188 1227 3241 τῆς
1240 3185 1352 3239 ἕντὸς
1368 3189 1437 3232 θα-

198 3250 349 3308 λάττης
364 3252 587 3314 περίπλουν
613 3254 654 3297 ἐν
678 3252 808 3315 τρισὶν
828 3253 991 3316 ἤθροισε
1019 3254 1204 3316 βιὸλίοις,
1226 3255 1435 3318 ἱστορικήν

198 3339 288 3365 τινα
306 3321 378 3366 καὶ
399 3321 688 3384 γεωγραφικὴν
710 3321 935 3378 ἐποιήσατο
957 3323 1029 3379 τὴν
1055 3324 1323 3386 ἐπαγγελίαν.

204 3453 304 3493 mari
326 3452 443 3495 rubr.
470 3454 560 3497 init.
578 3469 589 3505 ;
617 3468 867 3510 quamquam
884 3456 1087 3511 periplum
1109 3456 1161 3499 ab
1181 3472 1231 3499 eo
1244 3459 1443 3515 scriptum

202 3527 288 3555 oese
307 3529 391 3556 non
408 3515 587 3557 traditur
604 3518 689 3570 (V.
712 3518 782 3559 Fr.
796 3518 902 3558 Hist.
919 3526 948 3559 t.
971 3520 1026 3568 11,
1049 3533 1090 3574 p.
1111 3520 1237 3574 370).
1254 3544 1311 3552 —
1325 3520 1443 3563 Alius

201 3578 457 3633 geographus
476 3578 644 3620 aliunde
674 3593 758 3621 non
793 3588 916 3621 notus
946 3589 1005 3621 est
1035 3584 1213 3623 ancoras
1234 3581 1437 3633 Rhodius,

201 3650 326 3693 quem
350 3652 431 3680 una
457 3654 550 3681 cum
586 3642 841 3683 Euctemone
870 3652 1054 3684 recenset
1086 3645 1268 3686 Avienus
1287 3646 1349 3686 De
1374 3659 1439 3687 or.

201 3713 307 3743 mar.
342 3703 411 3757 47.
444 3703 551 3743 Fieri
590 3705 711 3746 etiam
750 3713 899 3760 potest,
935 3714 980 3746 ut
1017 3707 1060 3747 in
1091 3706 1288 3756 ΒωτΟαΐος
1322 3707 1442 3750 lateat

201 3759 418 3812 Βοττιαῖος,
446 3763 550 3805 adeo
568 3772 613 3806 ut
640 3780 791 3807 nomen
821 3768 948 3822 ipsius
977 3769 1196 3825 geographi
1222 3784 1245 3811 e
1272 3770 1441 3812 Bottioea

202 3823 457 3867 Macedonia:
475 3827 641 3881 regione
660 3828 826 3869 oriundi
851 3829 1064 3871 exciderit.
1100 3833 1115 3885 ΙΙ
1143 3855 1198 3863 —-
1219 3845 1256 3873 1.
1278 3831 1438 3887 πλῶν]

203 3882 314 3941 ἠχῶν
337 3886 451 3937 cod.;
475 3888 554 3929 leni
578 3904 701 3931 manu
730 3905 812 3932 em.
837 3893 1100 3934 Lctronnius.

261 3949 345 4000 S8,
373 3947 401 3989 l.
421 3954 461 3990 6.
495 3949 734 4005 Περγαμινὸς
759 3951 855 3993 cod.
883 3956 898 4006 ΙΙ
918 3977 972 3984 -
992 3966 1030 4006 7.
1053 3955 1076 3993 ’ὂ
1092 3954 1317 4011 ιάπλους]
1344 3955 1440 3997 sort.

207 4006 337 4050 suerat
360 4011 562 4065 περίπλους
574 4013 638 4054 καὶ
652 4013 858 4065 anda-,2025
884 4024 991 4057 certe
1014 4031 1184 4072 curprae
1202 4018 1348 4058 ceteris
1362 4017 1445 4058 διά·

207 4068 316 4111 πλων
349 4075 502 4114 mentio
543 4075 610 4117 liic
643 4075 745 4118 sacta
787 4078 863 4128 sit,
904 4078 1012 4121 haud
1054 4081 1306 4134 intelligitur.
1334 4081 1350 4135 ΙΙ
1387 4103 1445 4112 -

1065 235 1369 284 hammam
1405 199 1855 284 HERACLEENSIS

2523 243 2580 303 (⁶³
2595 244 2743 305 -⁶⁵·)‘

1489 343 1761 399 navigationis
1773 342 1921 385 diebus
1934 358 2019 386 non
2031 358 2131 395 τσο
2144 346 2287 389 stadiis
2299 348 2512 391 distantias
2526 363 2600 406 per
2614 363 2747 395 marr

1489 409 1742 453 indicarunt.
1802 411 1883 453 Alii
1901 412 2025 454 etiam
2040 412 2273 469 complures
2294 424 2406 467 sunt,
2431 430 2538 473 quos
2556 415 2733 460 enumei·

1488 497 1581 525 rare
1595 496 1945 539 supervacaneum
1964 482 2089 526 duco.

1545 551 1587 592 3.
1619 552 1717 593 Post
1763 551 1916 592 horum
1962 550 2155 607 equidem
2202 551 2403 608 plurimos
2443 557 2733 600 Artemidorus

1489 623 1691 680 Ephesius
1715 624 1973 680 geographus
1994 631 2035 665 et
2055 624 2227 676 Strabo,
2259 626 2331 681 qui
2364 627 2655 684 geographiam
2674 631 2729 672 si-

1490 695 1578 738 mul
1598 704 1639 739 et
1658 697 1866 754 periplum
1898 708 2238 756 composuerunt,
2269 708 2309 742 et
2330 702 2553 758 Menippus
2583 704 2731 759 Perga·

1491 781 1655 821 menus,
1676 768 1975 825 transjectuum
1997 772 2300 814 maritimorum
2324 773 2515 829 scriptor,
2537 773 2735 820 omnibus
2752 780 2780 838 ἢ,

1491 845 1607 896 prius
1629 841 1868 883 memoratis
1885 843 2160 885 accuratiores
2177 857 2263 885 esse
2285 843 2495 888 videntur.
2556 847 2619 888 De
2639 847 2734 903 qui-
2759 843 2797 907 {f

1492 912 1570 954 bus
1593 912 1794 957 disserere
1819 929 1982 957 necesse
2011 923 2087 967 est,
2119 923 2166 957 ut
2199 915 2303 959 nihil
2331 931 2501 974 prorsus
2526 921 2732 975 ignorent,

1494 988 1566 1044 qui
1588 1002 1675 1031 sese
1694 989 1737 1030 in
1759 989 1836 1031 hac
1856 988 2114 1046 geographiae
2131 998 2248 1046 parte
2269 999 2478 1035 exercent.
2534 994 2642 1037 Nam
2662 995 2734 1037 Ti·
2804 993 2808 1002 '

1494 1061 1752 1113 mosthenoe,
1772 1061 1964 1119 plurimis
1986 1062 2112 1103 maris
2129 1062 2316 1118 partibus
2333 1062 2524 1108 nondum
2542 1068 2733 1124 cognitis,

1495 1147 1627 1190 quum
1644 1133 1751 1176 bello
1770 1134 1819 1176 iis
1839 1135 2014 1176 Romani
2040 1133 2229 1177 nondum
2248 1130 2369 1192 potiti
2394 1144 2545 1190 esseut,
2567 1136 2621 1182 de
2639 1153 2736 1197 poe-

1497 1206 1621 1248 tubus
1643 1206 1800 1249 libellos
1822 1207 2088 1250 conscribens
2102 1238 2114 1259 ,
2137 1222 2221 1250 nou
2255 1222 2399 1251 omnes
2433 1218 2623 1252 accurate
2643 1225 2736 1269 per-

1497 1281 1656 1322 censuit
1684 1289 1825 1336 gentes
1845 1295 1958 1323 mare
1987 1289 2175 1323 nostrum
2211 1280 2453 1324 accolentes.
2512 1282 2674 1327 Scilicet
2694 1284 2738 1327 in
2760 1292 2766 1342 j

1498 1356 1666 1411 Europa
1682 1347 1851 1411 quidem
1868 1355 1993 1396 maris
2009 1356 2255 1411 Tyrrhenici
2276 1355 2481 1413 periplum
2498 1370 2585 1400 non
2606 1358 2741 1402 absol·
2790 1375 2808 1397 ’-

1499 1428 1579 1480 vit;
1610 1442 1702 1483 quae
1733 1442 1831 1469 vero
1863 1429 1973 1470 circa
2006 1427 2158 1470 fretum
2180 1429 2434 1474 Herculeum
2461 1439 2558 1474 sunt
2590 1433 2740 1475 sivein
2795 1427 2808 1479 ’τ’

1500 1509 1644 1542 nostro
1662 1501 1766 1543 mari
1788 1501 1873 1543 sive
1899 1502 1943 1542 in
1965 1509 2138 1543 externo
2152 1532 2164 1552 ,
2189 1516 2437 1556 cognoscere
2458 1502 2574 1547 haud
2598 1504 2738 1548 valuit.

1501 1574 1657 1616 Eadem
1682 1583 1723 1616 et
1749 1575 1858 1616 circa
1893 1574 2076 1617 Africam
2112 1589 2256 1631 passus
2284 1584 2360 1629 est,
2391 1590 2523 1635 quum
2555 1577 2740 1629 locorum
2786 1565 2808 1609 ,¹

1502 1651 1691 1692 omnium
1714 1665 1805 1707 quae
1823 1659 1920 1692 sunt
1943 1650 2052 1692 ultra
2080 1651 2370 1706 Carthaginem
2388 1651 2441 1695 ad
2461 1651 2611 1695 fretum
2639 1654 2743 1696 Her·
2779 1663 2781 1665 '

1500 1724 1663 1767 culeum
1689 1733 1730 1766 et
1758 1739 1872 1767 mare
1905 1732 2140 1776 externum,
2173 1724 2326 1767 nullam
2348 1725 2517 1770 haberet
2532 1726 2742 1769 notitiam.
2784 1755 2788 1758 -

1501 1802 1663 1841 Horum
1679 1814 1778 1842 vero
1793 1799 1936 1842 decem
1952 1800 2155 1842 librorum
2174 1801 2384 1855 epitomen
2402 1814 2487 1843 uno
2503 1799 2598 1843 fecit
2611 1799 2719 1843 libro
2728 1816 2743 1852 3

1501 1872 1653 1915 deinde
1673 1872 1754 1914 alio
1785 1886 1928 1914 rursus
1962 1887 2046 1914 uno
2079 1871 2322 1914 stadiasmos
2343 1873 2428 1914 sive
2463 1872 2744 1916 dimensiones
2797 1899 2808 1927 Ι

1503 1955 1621 1989 terrae
1652 1946 1882 1988 secundum
1912 1945 2042 1988 stadia
2066 1946 2247 1987 breviter
2281 1947 2521 2003 complexus
2558 1956 2635 1991 cst.
2694 1950 2745 1991 In
2789 1930 2808 1948 ἢ

1503 2020 1566 2061 his
1577 2020 1772 2061 omnibus
1783 2019 1887 2061 nihil
1901 2018 2144 2076 perfectum,
2163 2018 2265 2059 nihil
2279 2019 2543 2075 perspicuum
2559 2018 2746 2076 proferre

1503 2089 1654 2143 potuit.
1715 2088 2007 2129 Eratosthenes
2039 2095 2178 2128 autem
2209 2087 2457 2142 Cyrenaeus,
2491 2087 2631 2129 nescio
2662 2101 2748 2144 quo

1502 2164 1639 2211 pacto,
1649 2155 1930 2197 Timosthenis
1940 2155 2093 2196 librum
2110 2156 2381 2211 transcripsit,
2398 2169 2528 2212 pauca
2541 2157 2744 2213 quaepiam
2798 2156 2808 2218 ξ

1502 2222 1721 2278 adjiciens,
1736 2222 1840 2264 adeo
1859 2230 1973 2264 utne
1987 2222 2192 2278 prooemio
2207 2221 2375 2278 quidem
2395 2222 2554 2280 prael'ati
2567 2224 2748 2267 auctoris
2801 2223 2808 2251 4

1503 2292 1763 2341 abstinuerit,
1777 2290 1849 2332 sed
1865 2289 2011 2331 iisdem
2028 2289 2165 2332 verbis
2179 2289 2281 2331 illud
2298 2290 2413 2347 operi
2424 2304 2502 2333 suo
2517 2304 2748 2350 psaeposue-
2806 2302 2808 2307 '

1504 2363 1574 2403 rit.
1634 2360 1789 2402 simma
1811 2359 1926 2401 mset
1940 2357 2204 2416 amplasque
2218 2357 2436 2411 admiseoe,
2450 2357 2750 2417 deser-iptio„
2801 2351 2808 2383 ¹

1505 2431 1701 2472 obscuras
1721 2437 1762 2471 et
1777 2442 1967 2470 errorum
1983 2427 2124 2483 plenas
2141 2426 2413 2482 divulgantes.
2457 2427 2748 2473 Artemidorus
2800 2393 2808 2487 l

1506 2515 1604 2542 vero
1642 2499 1845 2556 Ephesius
1893 2497 2151 2555 geographus
2164 2529 2175 2549 ,
2215 2498 2286 2553 qui
2337 2498 2447 2546 circa
2481 2499 2746 2542 centesimam
2801 2493 2808 2532 i

1504 2569 1797 2624 sexagesimam
1817 2581 1970 2609 nonam
1986 2565 2274 2623 Olympiadem
2293 2566 2449 2617 ssomit,
2466 2574 2507 2608 et
2525 2567 2747 2610 maximam
2803 2622 2808 2633 ⁵

1504 2647 1663 2695 partem
1675 2637 1800 2679 maris
1814 2635 1967 2678 interni
1983 2634 2196 2691 nostrique
2215 2635 2516 2678 circumvectus
2530 2642 2606 2687 est,
2626 2642 2748 2693 etque
2802 2654 2808 2680 ³

1505 2711 1591 2752 suis
1613 2709 1742 2751 oculis
1764 2707 1869 2750 vidit
1887 2716 1976 2750 tum
1995 2707 2132 2750 Gades
2147 2707 2322 2749 insulam
2337 2715 2425 2749 tum
2441 2715 2578 2764 partes
2591 2706 2747 2764 aliquas
2798 2696 2808 2745 i

1507 2779 1632 2820 maris
1655 2778 1836 2828 externi,
1858 2775 1972 2832 quod
2002 2777 2214 2818 Oceanum
2243 2775 2462 2831 appellant,
2487 2774 2540 2817 ab
2557 2782 2747 2818 accurata

1508 2846 1677 2902 quidem
1700 2846 1813 2888 orbis
1836 2854 2039 2887 terrarum
2069 2844 2346 2901 descriptione
2376 2843 2498 2900 lunge
2519 2843 2649 2897 abest,
2674 2842 2749 2887 ted

1508 2915 1711 2972 periplum
1739 2915 1863 2955 maris
1886 2914 1993 2955 intra
2014 2913 2163 2955 fretum
2194 2911 2444 2954 Herculeum
2463 2913 2554 2965 siti,
2577 2909 2751 2969 ejusque

1508 2982 1808 3024 dimensionem
1834 2996 1881 3023 ea
1910 2995 1991 3036 qua
2013 2995 2088 3037 par
2117 2988 2178 3022 est
2210 2994 2307 3022 cura
2339 2981 2382 3021 in
2414 2978 2607 3023 undecim
2635 2978 2752 3023 tibris
2779 2988 2793 3037 ξ

1509 3059 1782 3106 persequutus
1796 3058 1856 3091 est
1872 3063 1880 3091 z
1896 3049 2000 3090 adeo
2012 3057 2057 3090 ut
2072 3048 2276 3105 periplum
2290 3049 2419 3090 nostri
2435 3048 2560 3091 maris
2571 3048 2750 3090 maxime
2783 3043 2797 3091 ².

1510 3122 1774 3176 perspicuum
1804 3128 1845 3160 et
1864 3119 2216 3160 accuratissimum
2249 3116 2511 3174 descripsisse
2543 3115 2746 3159 videatur.

1508 3188 1728 3243 Menippus
1774 3201 1870 3227 vcro
1905 3189 2205 3239 Pergamenus,
2241 3186 2312 3240 qui
2340 3186 2424 3240 ipse
2452 3197 2620 3240 quoque
2642 3184 2747 3227 iute—
2787 3197 2801 3220 s

1509 3257 1630 3296 rioris
1645 3257 1768 3296 maris
1788 3255 1991 3310 pcriplnm
2013 3254 2143 3295 tribus
2168 3253 2281 3294 libris
2299 3252 2538 3309 complexus
2554 3261 2631 3306 est,
2656 3268 2750 3297 mr-

1508 3326 1710 3367 rationem
1735 3325 1971 3365 historicam
1991 3322 2112 3363 simul
2133 3331 2171 3363 ct
2193 3321 2504 3378 geographicam
2520 3321 2632 3365 fecit.

1517 3472 1557 3512 7.
1586 3457 1850 3513 ἀκριβέστερον
1869 3471 2011 3513 apogr.
2037 3457 2135 3497 Vat.
2161 3457 2178 3510 ΙΙ
2198 3479 2254 3487 -
2281 3456 2346 3497 13.
2378 3455 2489 3511 περὶ
2515 3454 2728 3511 λιμένων

1514 3522 1599 3576 περὶ
1630 3520 1757 3573 νήσων
1783 3519 1878 3561 cod.
1916 3518 2062 3560 Strabo
2092 3520 2168 3568 IX,
2200 3532 2242 3573 p.
2270 3521 2346 3567 (021
2376 3516 2429 3559 de
2447 3517 2716 3561 Timosthene
2734 3530 2755 3573 ε

1513 3583 1534 3624 ὅ
1555 3584 1617 3624 καὶ
1632 3584 1717 3631 τοὺς
1732 3583 1888 3638 λιμένας
1901 3581 2080 3630 συντάξας
2099 3580 2138 3622 ἐν
2157 3581 2248 3622 δέκα
2265 3579 2441 3636 βιόλίοις,
2460 3578 2513 3622 de
2527 3593 2613 3636 quo
2626 3587 2757 3636 op„

1515 3647 1618 3687 bene
1641 3654 1814 3688 constat.
1844 3647 1905 3686 De
1929 3644 2070 3686 insulis
2096 3657 2202 3699 opus
2224 3642 2367 3684 decem
2402 3642 2602 3685 librorum
2626 3655 2755 3686 nemo
2807 3684 2808 3688 ,

1513 3709 1547 3748 ci
1572 3709 1768 3759 vindicat,
1800 3722 1875 3749 nec
1903 3706 2110 3762 quadrant
2131 3706 2173 3746 in
2203 3703 2405 3759 ejusmodi
2434 3705 2634 3761 scriptum

1514 3779 1742 3825 sequuntur
1763 3768 1871 3825 apud
1887 3769 2144 3811 Marcianum
2174 3779 2183 3808 :
2211 3765 2255 3807 οὗ
2284 3769 2428 3809 πᾶσι...
2457 3765 2645 3823 θαλάττῃ.
2669 3767 2752 3808 De-

1514 3833 1638 3887 nique
1661 3832 1823 3873 NllCmv
1846 3840 1886 3873 ct
1908 3830 2111 3873 ΛΙΜι-ἲνων
2135 3844 2254 3871 voces
2270 3830 2311 3871 in
2329 3828 2455 3872 codd.
2485 3843 2568 3871 non
2591 3828 2647 3871 ita
2662 3826 2691 3870 d

1513 3885 1679 3936 similes.
1706 3894 1790 3948 11-
1804 3897 1868 3936 18.
1888 3891 2043 3935 ταῦτᾶι
2063 3894 2076 3948 ]
2094 3894 2214 3934 ταῦτα
2236 3890 2349 3942 cod.;
2366 3906 2449 3933 em.
2464 3889 2598 3932 Miller
2609 3889 2685 3932 taei
2715 3894 2718 3895 ⁷

1519 3958 1534 4009 ΙΙ
1563 3981 1617 3988 -
1632 3958 1698 4006 34.
1724 3957 1787 3997 καὶ
1808 3957 1905 4011 [τῆς]
1920 3956 2005 3997 καθ’
2027 3954 2128 4011 ἡμᾶς
2141 3969 2190 3995 ex
2210 3954 2427 3996 Hoesclielii
2448 3951 2624 4008 conject.
2643 3948 2729 3995 scri

1514 4019 1590 4072 psit
1621 4019 1770 4060 Miller.
1802 4022 1818 4073 ΙΙ
1845 4043 1899 4051 —
1922 4021 1991 4068 42.
2009 4019 2051 4067 ὃς
2068 4017 2268 4073 supplevit
2284 4016 2435 4059 Miller.
