2808 4342
100 231 325 291 ποταμίους
347 231 494 292 λέγεθ’
470 249 532 276 οτι
548 230 725 294 φέρουσι.
795 234 829 294 (9
831 234 844 293 )
870 236 967 280 Ἰων
986 253 1029 279 τε
1046 235 1267 296 ἀνθρώπων
1284 240 1326 282 αἱ

101 299 205 344 ἰδέαι
230 303 274 346 οὐ
297 299 432 355 πάντη
458 298 681 344 ἀπάδουσιν
706 302 747 345 αἱ
771 301 911 347 Ἰνδῶν
932 320 975 347 τε
1005 302 1075 348 καὶ
1105 305 1324 349 Αἰθιόπων·

100 369 136 412 οἱ
156 367 230 426 μὲν
261 366 362 428 πρὸς
379 367 496 411 νότου
529 367 681 424 ἀνέμου
707 368 829 415 Ινδοὶ
848 373 954 415 τοῖσι
978 370 1143 434 Αἰθίοψι
1168 372 1325 432 μᾶλλόν

98 454 137 480 τι
155 435 330 491 ἐοίκασι,
349 434 519 495 μέλανές
537 454 580 480 τε
601 435 757 481 ἰδέσθαι
777 437 877 493 εἶσὶ,
893 438 967 483 καὶ
989 442 1013 494 ἡ
1037 440 1146 499 κόμη
1168 443 1326 487 αὐτοῖσι

34 517 58 544 5
101 502 288 562 μέλαινα·
307 502 415 558 πλήν
434 522 480 564 γε
497 502 590 559 δὴ”
566 522 627 549 οτι
645 504 758 564 σιμοὶ
777 507 855 567 οὐχ
870 505 1067 558 ὡσαύτως
1089 508 1179 553 οὐδὲ
1208 508 1325 554 οὐλό-

97 589 236 633 κρανοι
258 575 310 623 ὡς
330 572 535 623 Αἰθίοπες·
556 575 591 617 οἱ
619 571 661 618 δὲ
684 573 925 636 βορειότεροι
951 574 1104 620 τούτων
1128 579 1220 621 κατ’
1246 578 1320 624 Αἰ·

94 639 285 701 γυπτίους
309 640 530 699 μάλιστα“λ
509 659 556 686 αν
573 645 651 686 εἰεν
671 641 723 686 τὰ
743 641 933 702 σώματα.

157 707 448 757 Vll.''E0v1-:<z
463 709 504 755 δὲ
525 709 734 757 ΗΙνδικὰ
697 728 824 756 εικοσι
843 711 1070 757 καιὲκατὸν
1090 712 1142 758 τὰ
1160 712 1324 760 ἅπαντα

93 779 202 840 λέγει
219 779 498 841 Μεγασθένης,
519 781 625 825 δυοῖν
645 780 802 827 δέοντα.
873 781 958 828 Καὶ
978 783 1112 828 πολλὰ
1130 782 1204 843 μὲν
1222 777 1322 830 εἶναι

30 863 71 891 10
93 848 207 895 ἔθνεα
229 849 380 896 Ἰνδικὰ
401 850 470 895 καὶ
488 849 603 901 αὐτὸς
621 850 880 914 συμφέρομαι
905 852 1190 912 Μεγασθένεϊ,
1216 853 1261 899 τὸ
1281 854 1322 899 δὲ

28 939 31 942 ·
93 917 256 979 ἀτρεκὲς
289 920 364 964 οὔκ
398 919 491 981 ἔχω,
515 919 681 965 εἰκάσαι
711 918 819 972 ὅπως
847 920 1037 980 ἐκμαθὼν
1073 922 1321 985 ἀνέγραψεν,

91 987 181 1032 οὐδὲ
200 987 424 1033 πολλοστὸν
443 988 560 1050 μέρος
583 992 654 1044 τ’ῆς
674 989 813 1035 Ἰνδῶν
829 993 901 1050 γῆς
918 989 1117 1047 ἐπελθὼν,
1132 990 1222 1036 οὐδὲ
1239 993 1321 1036 ἐπι-

92 1055 223 1115 μιξίης
246 1065 349 1102 πᾶσι
369 1065 448 1109 τοῖς
468 1058 622 1118 γένεσιν
643 1058 785 1114 ἐούσης
808 1061 846 1110 ἐς
867 1059 1082 1114 ἀλλήλους.
1153 1060 1203 1122 (2)
1230 1060 1321 1107 Πά-

89 1126 159 1168 λαι
186 1124 258 1185 μὲν
284 1125 333 1181 δὴ
357 1126 540 1186 νομάδας
572 1119 678 1172 εἶναι
702 1126 877 1185 Ἰνδοὺς,
916 1128 1104 1188 κατάπερ
1130 1128 1319 1175 Σκυθέων

27 1204 67 1232 ⁴5
89 1193 180 1246 τοὺς
206 1198 278 1241 οὐκ
301 1198 531 1258 ἀροτῆρας,
555 1195 594 1242 οἳ
616 1197 682 1242 ἐπὶ
712 1201 829 1260 τῇσιν
854 1197 1037 1259 ἁμάξῃσι
1059 1197 1319 1258 πλανώμενοι

91 1262 236 1309 ἄλλοτε
272 1265 403 1321 ἄλλην
437 1270 508 1320 τῆς
542 1266 720 1324 Σκυθίης
755 1266 1019 1326 ἀμείὸουσιν,
1047 1267 1139 1313 οὔτε
1175 1268 1319 1320 πόλιας

88 1331 284 1384 οἰκέοντες
304 1333 396 1379 οὔτε
427 1334 517 1396 ἱερὰ
541 1339 639 1381 θεῶν
671 1335 869 1388 σε’ὅοντες·
897 1338 947 1398 (3)
973 1336 1078 1382 οὕτω
1102 1336 1206 1396 μηδὲ
1237 1337 1318 1384 Ἰν-

89 1402 191 1445 δοῖσι
226 1402 372 1454 πόλιας
406 1397 507 1448 εἶναι
546 1404 651 1462 μηδὲ
676 1405 767 1467 ἱερὰ
793 1409 892 1451 θεῶν
923 1406 1193 1466 δεδομημένα·
1231 1407 1319 1452 ἀλλ’

88 1469 370 1531 ἀμπίσχεσθαι
406 1471 479 1530 μὲν
512 1472 631 1534 δορὰς
666 1475 848 1537 θηρείους
880 1474 985 1521 ὅσων
1023 1476 1317 1532 κατακάνοιεν,

18 1551 64 1580 20
88 1538 288 1584 σιτέεσθαι
315 1539 356 1584 δὲ
373 1544 452 1585 τῶν
473 1540 669 1604 δένδρεων
688 1543 756 1588 τὸν
784 1545 937 1603 φλοιόν·
963 1543 1182 1590 καλέεσθαι
1206 1545 1247 1590 δὲ
1266 1546 1317 1590 τὰ

87 1607 251 1671 δένδρεα
287 1614 418 1654 ταῦτα
453 1614 504 1672 τῇ
538 1611 678 1657 Ἰνδῶν
721 1616 834 1674 φωνῇ
859 1615 1007 1670 Τάλα,
1043 1615 1112 1657 καὶ
1150 1613 1318 1674 φύεσθαι

87 1676 149 1721 ἐπ’
173 1679 305 1723 αὐτῶν
317 1678 536 1742 ,κατάπερ
559 1682 639 1725 τῶν
664 1679 854 1742 φοινίκων
875 1680 944 1725 ἐπὶ
968 1684 1062 1742 τῇσι
1081 1699 1317 1743 κορυφῃσιν,

85 1738 151 1790 οἷά
177 1765 254 1808 περ
286 1746 480 1799 τολύπας.
553 1750 602 1810 (4)
641 1748 855 1795 Σιτέεσθαι
880 1748 921 1793 δὲ
953 1750 1024 1794 καὶ
1050 1769 1129 1794 των
1168 1750 1317 1812 θηρίων

84 1813 159 1858 δ’σα
180 1813 308 1860 ἕλοιεν
341 1817 682 1878 ὠμοφαγέοντας,
708 1817 804 1880 πρὶν
837 1818 885 1872 δὴ
911 1818 1105 1864 Διόνυσον
1130 1820 1257 1864 ἐλθεῖν
1282 1822 1319 1870 ἐς

20 1897 62 1927 25
83 1882 157 1938 τὴν
177 1884 316 1945 χώρην
340 1889 420 1931 τῶν
440 1886 599 1932 Ἰνδῶν.
670 1887 724 1949 (5)
757 1887 951 1933 Διόνυσον
984 1887 1026 1932 δὲ
1050 1888 1242 1944 ἐλθόντα,
1265 1891 1318 1940 ὡς

83 1953 278 2014 καρτερὸς
299 1953 455 2013 ἐγένετο
475 1954 616 2000 Ἰνδῶν
631 1990 643 2011 ,
663 1955 809 2007 πόλιάς
838 1975 880 2001 τε
902 1956 1054 2001 οἷκίσαι
1074 1956 1144 2002 καὶ
1173 1957 1319 2016 νόμους

84 2019 223 2066 θέσθαι
246 2025 341 2083 τῇσι
361 2023 545 2081 πόλισιν,
567 2023 673 2070 οἴνου
689 2043 733 2069 τε
754 2026 905 2087 δοτῆρα
927 2026 1092 2071 Ἰνδοῖσι
1114 2026 1316 2084 γενέσθαι,

82 2090 268 2153 κατάπερ
292 2089 496 2149 εΈλλησι,
529 2092 600 2137 καὶ
635 2092 813 2155 σπείρειν
849 2093 1008 2146 διδάξαι
1038 2093 1110 2149 τὴν
1133 2098 1232 2155 γῆν,
1257 2096 1318 2139 δι-

85 2159 203 2204 δόντα
239 2159 359 2205 αὐτὸν
395 2162 644 2223 σπέρματα,
682 2161 784 2221 (6)
762 2181 788 2216 η
824 2164 897 2206 οὐκ
930 2162 1151 2213 ἐλάσαντος
1186 2162 1314 2223 ταύτῃ

16 2235 61 2265 30
82 2228 393 2291 Τριπτολέμου,
414 2248 480 2274 οτε
503 2248 581 2312 περ
616 2232 661 2274 ἐκ
698 2230 920 2292 Δήμητρος
955 2231 1108 2286 ἐστάλη
1134 2230 1313 2291 σπείρειν

82 2293 156 2350 τὴν
175 2315 251 2356 γην
274 2304 410 2341 πᾶσαν
424 2332 435 2352 ,
457 2296 483 2352 ἢ
503 2297 583 2358 πρὸ
603 2297 888 2358 Τριπτολέμου
913 2317 972 2348 τις
992 2302 1103 2346 οὗτος
1126 2298 1316 2349 Διόνυσος

84 2365 263 2409 ἐπελθὼν
284 2365 357 2421 τὴν
377 2365 513 2412 Ἰνδῶν
531 2370 607 2427 γῆν
623 2367 841 2428 σπέρματα
858 2367 992 2428 σφίσιν
1012 2367 1136 2412 ἔδωκε
1155 2385 1313 2428 καρπου

36 2440 41 2447 “
83 2437 152 2477 τοῦ
173 2432 342 2495 ἡμέρου·
378 2434 425 2497 (7)
467 2433 564 2494 βόας
591 2453 634 2479 τε
657 2435 724 2479 ὑπ’
757 2435 922 2497 ἀρότρῳ
953 2435 1087 2488 ζεῦξαι
1119 2435 1312 2481 Διόνυσον

83 2505 266 2563 πρῶτον,
296 2503 366 2547 καὶ
403 2505 605 2565 ἀροτῆρας
633 2504 722 2548 ἀντὶ
760 2505 947 2564 νομάδων
973 2508 1143 2559 ποιῆσαι
1177 2505 1312 2550 Ἰνδῶν

14 2579 59 2608 35
83 2570 174 2622 τοὺς
209 2571 412 2631 πολλοὺς,
450 2572 520 2616 καὶ
552 2572 720 2617 ὁπλίσαι
753 2572 915 2619 ὅπλοισι
944 2580 1072 2619 τοῖσιν
1113 2569 1312 2636 ἀρηίοισι·

135 2733 232 2781 VII,
249 2734 289 2773 8.
302 2731 492 2771 Eundem
504 2714 688 2785 gentium
699 2746 921 2772 numerum
935 2733 950 2786 (
963 2747 1013 2772 ex
1023 2733 1310 2786 Megasthene)

81 2793 251 2834 tradidit
266 2795 416 2834 Seneca
428 2808 494 2848 ap.
506 2794 770 2844 PliniumVI,
793 2808 860 2834 21.
883 2796 898 2849 Η
918 2820 973 2826 -
986 2798 1025 2836 8.
1039 2794 1173 2835 ἑκατόν
1191 2811 1227 2835 τι
1244 2796 1311 2836 ἅπ.

83 2855 225 2906 codd.;
243 2871 324 2896 em.
347 2856 491 2896 Dfibn.
519 2857 535 2910 Η
554 2880 612 2887 --
630 2870 695 2898 10.
714 2855 1022 2912 ξυμφέρομαιΟΒ
1041 2866 1082 2898 et
1100 2872 1193 2912 vgo.
1221 2859 1235 2911 ll
1259 2882 1315 2888 —

86 2922 150 2958 16.
173 2920 238 2959 18.
266 2918 413 2971 πόληας
424 2920 511 2960 CD.
542 2919 557 2973 ΙΙ
580 2943 637 2950 -
661 2933 725 2973 19.
746 2919 1007 2974 ἀμπίσχεσθαι
1029 2922 1161 2969 ΑΒΙ);
1188 2919 1314 2974 ἀμπή-

81 2981 217 3034 χεσθαι
240 2982 293 3031 C;
313 2980 552 3037 ἀμπέχεσθαι
570 2996 663 3036 vgo.
685 2984 699 3036 (Ι
720 2983 957 3037 -θηρείους
968 2985 1066 3033 AD;
1087 2983 1226 3037 θηρίων
1241 2984 1312 3023 CD

51 3043 54 3046 ’
81 3057 173 3096 vgo.
197 3044 213 3097 ll
232 3044 548 3085 -κατακάνοιεν
564 3046 602 3084 D
614 3060 625 3094 ;
644 3045 907 3086 κατακαίνοιεν
931 3046 1023 3095 BC;
1041 3046 1311 3086 κατακτάνοιεν

84 3106 170 3145 LA.
192 3106 209 3159 Η
221 3119 352 3148 -20,
371 3107 536 3161 δένδρων
552 3107 634 3147 BC.
658 3107 674 3161 Η
689 3131 746 3138 -
761 3120 829 3148 21.
844 3107 965 3148 τάλα
984 3108 998 3162 ]
1014 3108 1208 3148 sanserite
1225 3107 1312 3147 tella

83 3167 145 3206 vel
153 3169 274 3208 etiam
284 3168 490 3223 trinam‘ja
504 3170 752 3222 <herbarum
767 3172 881 3224 rex),
895 3171 1125 3226 palmarum
1141 3171 1308 3225 species,

86 3225 606 3285 bol-assusflabelliformis.
630 3233 686 3272 V.
708 3233 854 3273 Ritter.
871 3234 927 3283 V,
951 3247 994 3288 p.
1014 3232 1116 3282 8543
1140 3234 1307 3274 Lassen.

84 3288 336 3341 Incl.Alt.1,
356 3305 400 3346 p.
418 3295 514 3342 264,
528 3293 600 3347 qui
615 3293 788 3334 eandem
800 3295 991 3335 alborem
1003 3295 1154 3348 signari
1177 3304 1313 3336 censet

85 3364 151 3416 ap.
163 3351 352 3393 Strabon.
363 3367 405 3407 p.
419 3355 515 3407 693,
532 3354 1064 3411 ubieNeaiwchopioditur:
1080 3357 1197 3398 καὶδε
1189 3358 1311 3412 ’νδρον

88 3410 189 3452 εἶναι
210 3415 461 3469 καρποφόρον·
489 3414 530 3455 ἐκ
557 3415 599 3456 δὲ
619 3419 686 3456 τοῦ
706 3422 851 3471 καρποῦ
884 3419 994 3472 μεθυε
1000 3434 1058 3469 ιν;
1083 3420 1235 3460 scilicet
1262 3435 1313 3460 ex

85 3490 224 3525 succo,
238 3477 309 3530 qui
324 3491 375 3516 ex
388 3478 517 3518 inciso
531 3478 633 3519 fl01e
649 3456 838 3530 destillat,
856 3482 1001 3521 vinum
1015 3482 1231 3524 conficitur
1243 3499 1314 3535 ga-

82 3537 174 3589 gorc‘
192 3538 254 3577 vel
266 3552 367 3589 gago
352 3539 432 3579 creri
450 3529 623 3581 dictum.
642 3541 928 3583 Schmiederus
946 3544 1005 3583 sic
1014 3543 1168 3585 habet:
1196 3562 1212 3582 «
1227 3546 1314 3586 Vo-

84 3614 175 3640 cem
201 3599 331 3640 Tala
320 3601 456 3640 lnveni
477 3602 521 3640 in
536 3603 679 3643 Burm.
713 3604 824 3644 Flor.
852 3605 1066 3660 Zeylanica
1084 3607 1312 3660 significare

83 3662 283 3717 palmam;
298 3661 491 3702 scribitur
511 3664 614 3703 Tala
630 3673 671 3704 et
684 3665 883 3717 Talglaala
902 3675 942 3707 et
955 3667 1035 3707 Tul
1049 3676 1090 3708 et
1099 3669 1309 3721 similiter3

85 3723 149 3778 cuj
155 3738 200 3763 us
221 3723 377 3764 fructus
389 3732 429 3764 et
442 3725 689 3766 teneriorem
707 3728 901 3768 corticem
917 3729 968 3769 ab
978 3729 1093 3770 Indis
1104 3729 1170 3771 edi
1189 3732 1312 3773 etiam

84 3786 241 3826 Rennel
261 3786 418 3827 asserit.
438 3788 491 3826 In
515 3789 648 3828 Horto
666 3789 926 3831 Malabarico
946 3793 983 3840 Ι,
1019 3806 1061 3863 p.
1089 3806 1134 3832 11
1160 3793 1293 3835 deseri

83 3848 197 3888 bitur
215 3847 340 3888 arbor
361 3847 647 3899 Galim-Pam),
680 3849 796 3905 cujus
818 3851 910 3893 duae
933 3854 1085 3908 species
1105 3869 1130 3895 a
1153 3857 1312 3896 Brami-

83 3912 148 3951 nis
176 3911 325 3951 Talaea
330 3909 456 3952 'modo‘
471 3920 685 3953 vocantur.
702 3914 836 3965 Prior,
854 3915 906 3956 ab
929 3916 1099 3956 incolis
1087 3932 1130 3957 m
1151 3918 1313 3973 Ze>lam

91 3972 214 4025 Tala„
200 3972 301 4013 naha
317 3981 473 4026 vocata,
491 3974 544 4015 ad
559 3974 714 4030 palmas
741 3976 1003 4018 flabellisotias
1029 3979 1251 4033 pertinens,
1273 3981 1315 4020 in

1100 101 1386 189 nis‘roRIA
1422 139 1643 186 1Nn1cA.

2532 172 2619 212 31⁷

1396 259 1562 302 quoque
1578 249 1621 290 in
1643 250 1692 290 iis
1714 264 1800 291 esse
1822 252 2076 294 Onesicritus
2099 256 2237 298 tradit.
2298 261 2359 314 (9)
2383 268 2437 303 At
2455 279 2503 305 ne
2523 268 2621 311 sacia

1396 313 1566 367 quidem
1594 331 1642 357 ac
1678 317 1793 358 vultu
1829 319 2006 360 multum
2042 322 2148 363 inter
2169 338 2211 364 se
2239 324 2436 370 disserunt
2463 333 2555 374 Indi
2581 347 2621 378 et

1394 382 1620 438 AEthiopes.
1680 386 1800 426 Certe
1838 387 1910 441 qui
1941 387 1994 428 ad
2027 398 2212 431 ausuum
2247 403 2414 437 ventum
2450 413 2622 455 vergunt

1394 450 1489 491 Indi
1514 452 1773 507 AEthiopibus
1810 455 1938 508 magis
1970 455 2120 497 similes
2154 468 2263 509 sunt,
2302 462 2417 515 nigra
2451 465 2550 508 sacie
2581 479 2621 511 et

1394 520 1512 572 nigia
1529 535 1667 570 coma,
1700 521 1772 562 sed
1798 537 1883 563 non
1904 538 2018 577 aeque
2040 525 2132 566 simi
2164 542 2297 583 neque
2319 531 2374 571 ita
2392 533 2525 588 crispo
2557 551 2621 578 ca-

1393 588 1538 643 pillitio
1557 597 1604 629 ut
1625 590 1834 645 AEthiopes
1853 605 1863 632 :
1889 593 1960 646 qui
1977 608 2073 634 vero
2088 597 2214 650 magis
2233 598 2285 638 ad
2303 604 2620 654 septentrionem

1394 655 1606 704 incolunt,
1635 657 1844 712 AEgyptios
1859 661 1995 714 potius
2011 665 2193 717 corporis
2218 664 2348 708 forma
2367 668 2562 712 referunt.

1449 726 1546 767 VII.
1579 727 1733 767 Gentes
1747 727 1910 769 Indicas
1924 739 2089 771 centum
2104 732 2383 789 duodeviginti
2396 739 2437 778 in
2456 741 2619 782 univer-

1394 808 1486 834 sum
1514 796 1653 847 statuit
1682 797 1979 850 Megasthenes.
2038 801 2125 853 Ego
2154 816 2250 842 vero
2279 804 2426 846 multas
2450 807 2618 861 quidem

1393 863 1522 905 Indiae
1555 874 1693 919 gentes
1713 880 1798 907 esse
1813 898 1824 916 ,
1849 882 1942 908 cum
1972 870 2232 923 Megasthene
2256 875 2451 915 senserim
2473 889 2484 916 ;
2508 877 2619 919 unde

1393 941 1529 973 autem
1548 934 1648 974 certi
1664 934 1817 989 aliquid
1837 938 2088 989 cognoverit,
2114 939 2346 994 conjectura
2360 946 2519 999 assequi
2534 961 2617 987 non

1391 1016 1575 1057 possum,
1597 1018 1727 1058 quum
1746 1005 1935 1058 exiguam
1954 1007 2162 1061 quandam
2183 1009 2312 1052 Indiae
2329 1022 2486 1067 partem
2503 1029 2619 1070 pera-

1392 1071 1533 1124 grarit,
1559 1086 1694 1126 neque
1724 1088 1867 1114 omnes
1889 1073 1975 1128 ejus
2008 1085 2145 1129 gentes
2167 1081 2411 1121 commercia
2442 1082 2548 1123 inter
2574 1098 2618 1124 se

1390 1139 1557 1191 agitent.
1620 1141 1682 1193 (2)
1702 1140 1811 1181 Olim
1833 1141 2000 1195 quidem
2016 1143 2142 1184 Indos
2161 1145 2356 1187 nomades
2379 1147 2502 1190 fuisse
2526 1148 2619 1205 (di-

1391 1206 1446 1247 cit
1466 1208 1746 1261 Megasthenes
1762 1210 1794 1262 ),
1812 1210 2160 1263 quemadmodum
2181 1222 2221 1255 et
2241 1215 2512 1270 Scythas,‚qui
2529 1231 2619 1259 ara-

1391 1276 1544 1317 tionem
1564 1292 1649 1318 non
1665 1287 1870 1329 exercent,
1888 1279 1959 1320 sed
1978 1281 2020 1320 in
2036 1281 2226 1335 plaustris
2241 1282 2432 1337 degentes
2453 1286 2619 1328 incertis

1370 1341 1555 1386 'sedibus
1570 1355 1783 1399 vagantur,
1804 1362 1939 1402 neque
1958 1348 2081 1388 urbes
2103 1349 2302 1399 incolunt,
2323 1365 2455 1405 neque
2471 1351 2620 1408 templu

1390 1413 1564 1454 deorum
1584 1415 1726 1456 colunt
1748 1429 1757 1456 :
1791 1415 1850 1472 (3)
1883 1417 1939 1457 ita
1960 1431 2093 1472 neque
2114 1417 2228 1459 Indis
2251 1419 2374 1460 urbes
2405 1420 2529 1462 fuisse
2547 1436 2618 1462 ne-

1390 1496 1468 1536 que
1484 1482 1632 1537 templa
1651 1482 1729 1523 diis
1744 1493 1949 1524 exstructa
1960 1516 1970 1534 ,
1985 1485 2057 1525 sed
2076 1485 2255 1526 ferarum
2271 1501 2372 1541 quas
2393 1488 2619 1530 occiderint

1389 1550 1546 1590 exuviis
1569 1565 1610 1590 se
1633 1551 1838 1591 vestivisse
1856 1567 1867 1600 ;
1891 1551 2088 1592 arborum
2109 1554 2331 1595 corticibus
2355 1556 2461 1596 vesci
2479 1556 2617 1597 solitos

1390 1617 1512 1657 fuisse
1527 1634 1538 1667 ;
1560 1619 1697 1658 vocari
1720 1627 1856 1658 autem
1874 1618 2077 1659 Indorum
2095 1620 2234 1673 lingua
2252 1635 2318 1662 eas
2335 1622 2502 1663 arbores
2519 1624 2617 1665 Tala

1389 1693 1428 1724 et
1447 1685 1603 1725 innasci
1620 1686 1683 1733 iis,
1698 1685 2049 1740 quemadmodum
2068 1688 2111 1727 in
2132 1689 2353 1730 verticibus
2367 1690 2612 1745 palmarum,

1389 1753 1512 1793 veluti
1532 1753 1701 1806 glomos.
1764 1756 1825 1807 (4)
1842 1756 1963 1794 Vesci
1979 1756 2101 1795 etiam
2115 1756 2253 1797 solitos
2263 1757 2387 1798 fuisse
2402 1758 2498 1799 feris
2513 1773 2615 1813 quas

1389 1828 1538 1860 venatu
1573 1822 1757 1876 ceperint
1790 1821 1956 1872 crudis,
1979 1823 2223 1877 priusquam
2256 1825 2381 1865 Liber
2410 1825 2464 1865 ad
2487 1826 2614 1866 Indos

1389 1889 1578 1930 venisset.
1641 1888 1699 1945 (5)
1732 1891 1870 1940 Hunc,
1891 1898 2111 1945 postquam
2129 1892 2304 1933 venisset
2331 1907 2482 1947 eosque
2504 1893 2616 1934 devi-

1389 1958 1522 2008 cisset,
1539 1957 1660 1998 urbes
1670 1957 1873 1998 Indorum
1889 1956 2134 2009 condidisse,
2147 1959 2277 2014 iisque
2287 1959 2393 2014 leges
2407 1962 2585 2001 sanxisse
2603 1975 2613 2002 2

1390 2026 1474 2066 vini
1508 2026 1629 2066 etiam
1652 2040 1775 2066 usum
1805 2025 1922 2066 Indis
1950 2025 2135 2077 dedisse,
2161 2036 2209 2068 ut
2239 2036 2279 2068 et
2311 2029 2484 2079 Graecis,
2519 2028 2616 2070 dato

1389 2094 1511 2134 etiam
1534 2094 1690 2134 semine
1711 2094 1913 2134 rationem
1936 2093 2098 2134 serendi
2117 2109 2186 2135 eos
2201 2094 2390 2136 docuisse
2412 2109 2422 2137 :
2451 2095 2509 2152 (6)
2532 2098 2616 2137 sive

1388 2161 1503 2215 quod
1523 2161 1826 2214 Triptolemus,
1852 2175 1983 2214 quum
2016 2175 2040 2201 a
2068 2163 2217 2202 Cerere
2243 2161 2296 2202 ad
2319 2163 2614 2204 conserendam

1387 2233 1621 2272 universam
1657 2239 1811 2272 terram
1833 2231 1980 2271 missus
2012 2230 2168 2282 fuisset,
2202 2231 2255 2272 ad
2286 2247 2376 2273 eam
2405 2235 2613 2287 regionem

1386 2315 1472 2340 non
1495 2300 1748 2354 pervenerit,
1770 2299 1854 2338 sive
1878 2297 1991 2352 quod
2019 2307 2113 2339 ante
2134 2300 2438 2354 Triptolemum
2459 2301 2526 2341 hic
2545 2303 2613 2342 Li-

1385 2368 1474 2417 ber,
1513 2366 1699 2421 quisquis
1732 2366 1798 2414 sit,
1838 2364 1890 2405 ad
1926 2364 2052 2405 Indos
2084 2365 2292 2420 profectus
2333 2366 2501 2421 frugum
2533 2370 2611 2408 mi-

1384 2436 1488 2475 tium
1511 2434 1665 2474 semina
1679 2433 1727 2472 iis
1746 2431 1920 2472 dederit.
1981 2432 2041 2488 (7)
2066 2433 2253 2473 Primum
2271 2435 2392 2474 etiam
2414 2435 2612 2477 Liberum

1384 2503 1508 2543 boves
1527 2509 1663 2542 aratro
1679 2500 1865 2555 junxisse
1879 2531 1891 2550 ,
1923 2508 1963 2540 et
1976 2500 2194 2556 plerosque
2208 2500 2411 2542 Indorum
2430 2517 2481 2543 ex
2500 2517 2612 2544 erro·

1385 2571 1508 2611 nibus
1537 2578 1717 2611 aratores
1740 2569 1900 2618 fecisse,
1935 2570 2175 2624 martiisque
2202 2571 2326 2610 armis
2357 2573 2572 2613 armavisse
2597 2586 2608 2613 ε

1385 2732 1522 2772 medio
1549 2729 1717 2771 caudice
1749 2729 1961 2770 corculum
1989 2729 2110 2770 molle
2125 2729 2262 2779 habet,
2283 2738 2324 2770 et
2340 2730 2521 2785 insuper,
2541 2731 2613 2772 ubi

1386 2794 1578 2834 foliorum
1604 2793 1759 2833 laciniae
1778 2791 1839 2831 vel
1854 2791 2045 2831 divisurae
2066 2792 2286 2846 incipiunt,
2303 2791 2509 2834 filamenta
2525 2793 2614 2847 plu-

1384 2858 1508 2905 rima,
1539 2855 1680 2895 teretia
1694 2885 1705 2904 ,
1729 2852 1912 2907 ejusdem
1928 2867 2024 2893 eum
2044 2853 2200 2893 laciniis
2214 2853 2496 2907 longitudinis,
2522 2869 2613 2909 quae

1384 2917 1562 2958 deorsim
1581 2915 1855 2971 propendent.
1883 2915 2004 2955 Nunc
2027 2916 2162 2956 vocari
2188 2915 2289 2956 solet
2311 2917 2513 2957 Lontarus
2537 2917 2612 2958 do-

1383 2981 1572 3028 mestica,
1598 2978 1650 3018 de
1689 2977 1805 3032 cujus
1834 2977 2048 3032 multiplici
2067 2992 2146 3018 usu
2167 2978 2260 3018 vide
2288 2979 2541 3032 Rumphium
2569 2980 2612 3019 in

1384 3042 1512 3083 Herb.
1534 3041 1658 3083 Amb.
1680 3049 1712 3081 t.
1732 3043 1768 3091 I,
1789 3055 1830 3096 p.
1855 3042 1906 3089 45
1923 3055 2012 3095 sqq.
2033 3042 2185 3081 Succus
2200 3039 2286 3094 ejus
2307 3041 2410 3094 sapit
2433 3049 2476 3080 ut
2494 3040 2612 3082 dulce

1385 3106 1552 3155 vinum;
1578 3119 1628 3145 ex
1664 3118 1714 3144 eo
1747 3103 1963 3144 conficitur
1980 3103 2185 3154 Schagara
2211 3103 2238 3142 i.
2269 3116 2306 3142 e.
2339 3101 2500 3143 fuscum
2526 3117 2610 3143 sac-

1383 3168 1555 3209 charum
1572 3167 1587 3219 (
1602 3166 1652 3207 Id
1662 3167 1772 3206 enim
1784 3164 2028 3206 vocabulum
2040 3165 2239 3218 originem
2251 3163 2372 3204 habet
2385 3164 2606 3218 indicam).

1385 3232 1559 3271 Fructus
1581 3228 1668 3283 ejus
1686 3228 1807 3268 variis
1839 3227 1972 3267 modis
1992 3227 2207 3281 praeparati
2233 3224 2426 3267 eduntur.
2451 3227 2488 3267 T
2489 3241 2610 3268 enera

1384 3293 1471 3348 ejus
1490 3292 1586 3333 folia
1612 3289 1787 3331 discindi
1802 3297 1988 3344 possunt,
2015 3297 2137 3342 atque
2165 3287 2366 3328 nectendo
2391 3297 2539 3342 tegetes
2557 3304 2608 3330 ex

1384 3356 1433 3395 iis
1448 3354 1739 3401 conficiuntur,
1771 3350 1980 3391 interdum
2010 3350 2267 3405 persubtiles.
2294 3351 2419 3406 Apud
2448 3353 2609 3392 Forste·

1383 3432 1495 3467 rum,
1520 3430 1560 3456 v.
1586 3415 1668 3465 cll.‚
1695 3428 1746 3455 ex
1769 3412 1874 3454 foliis
1902 3412 2077 3453 discissis
2105 3412 2304 3453 arborum
2326 3412 2530 3454 confectas
2552 3422 2610 3454 te-

1384 3488 1492 3534 getes
1531 3477 1615 3518 vidi
1650 3490 1798 3531 easque
1842 3474 2139 3516 subtilissimas.
2184 3475 2293 3516 Huic
2330 3475 2468 3516 arbori
2512 3476 2611 3517 Tala

1384 3542 1549 3584 Arriani
1566 3540 1741 3581 maxime
1759 3539 1979 3579 convenire
1994 3537 2174 3579 videtur.
2203 3555 2219 3576 »
2249 3538 2266 3592 ss
2295 3561 2352 3569 -—
2385 3538 2453 3578 25.
2477 3538 2608 3579 Διόνυ-

1385 3620 1504 3645 σον...
1525 3603 1654 3643 Ἰνδῶν
1671 3615 1755 3641 om.
1774 3601 1821 3640 C.
1842 3601 1930 3654 11-
1945 3604 2014 3642 26.
2030 3600 2208 3655 κρατερὸς
2221 3602 2254 3641 Β
2269 3617 2280 3650 ;
2294 3599 2441 3651 πολῆας
2455 3609 2495 3641 et
2513 3600 2607 3641 dein

1382 3668 1537 3709 πόλεσιν
1557 3666 1676 3706 BCD.
1696 3665 1758 3704 De
1771 3663 1933 3704 Baccho
1945 3663 2108 3718 (δίψαν)
2121 3671 2161 3704 et
2180 3663 2349 3704 Hercule
2366 3663 2605 3716 (Krislma),

1383 3729 1524 3771 confer
1544 3741 1634 3782 quae
1667 3740 1717 3767 ex
1752 3725 1899 3767 eodem
1929 3727 2193 3780 Megasthene
2228 3727 2371 3767 Graeca
2406 3733 2446 3765 et
2467 3723 2608 3764 Indica

1383 3790 1742 3834 moreGraecanico
1758 3789 1961 3830 conflante
1976 3787 2343 3844 excerpsitDiodor
2347 3801 2391 3827 us
2406 3788 2461 3835 ΙΙ,
2481 3786 2532 3826 38
2541 3799 2603 3839 sq

1381 3864 1420 3895 et
1443 3861 1531 3894 not.
1553 3852 1605 3893 ad
1623 3851 1871 3904 Megasthen.
1898 3850 1950 3892 fr.
1981 3852 2050 3901 23,
2084 3866 2126 3906 p.
2162 3854 2256 3899 [⁸20.
2283 3850 2300 3902 ΙΙ
2323 3872 2379 3882 -
2409 3848 2475 3887 31.
2498 3843 2607 3895 οὗτος

1380 3932 1462 3957 om.
1485 3918 1536 3956 A.
1563 3915 1578 3968 ΙΙ
1616 3937 1672 3948 -·—
1700 3914 1768 3954 33.
1796 3916 1864 3954 τοῦ
1886 3912 2070 3967 ἡμετέρου
2094 3913 2186 3963 LC.{
2211 3912 2226 3964 ΙΙ
2252 3934 2308 3945 -—
2327 3908 2393 3950 35.
2416 3907 2605 3949 καιὸπλί-

1381 3995 1441 4021 σαι
1461 3993 1543 4019 om.
1563 3978 1609 4018 C.
1640 3977 1656 4030 ΙΙ
1675 4000 1730 4008 -
1765 3977 1833 4018 35.
1855 3975 1981 4031 ἀρήισι
2005 3976 2110 4016 BCD
2126 4006 2136 4024 ,
2158 3974 2236 4015 nisi
2265 3971 2375 4028 quod
2397 3972 2437 4012 in
2460 3972 2498 4011 D
2516 3984 2609 4011 cor-
