2808 4342
11 0 35 8 a..

2 0 39 127 i}

14 125 27 141 ’ἐ

17 316 22 330 .—
95 282 182 317 ,t45.
221 266 319 312 Ἀπὸ
336 264 558 327 Χαλάδρου
584 265 650 310 ἐπὶ
681 268 803 321 νῆσον
826 265 1084 324 καλουμένην
1101 265 1278 328 Μακρὰν

5 335 198 406 ξ-στάδιοι
220 336 262 382 ι’.

105 420 178 450 146.
217 403 317 450 Ἀπὸ
350 406 527 465 Μακρᾶς
550 403 673 458 νήσου
707 403 775 448 ἐπὶ
810 403 856 449 τὸ
878 406 1096 465 Νυμφαῖον
1121 404 1278 449 στάδιοι

39 474 91 521 ν’.
160 473 210 518 Ὁ
238 471 279 518 δὲ
302 471 394 525 ὅλος
415 472 640 535 περίπλους
659 472 811 535 τραχύς
842 474 949 517 ἔστιν
980 472 1061 517 ἀπὸ
1083 477 1152 518 τοῦ
1189 476 1277 519 Κα-

0 534 145 590 ἰὕσίου.
213 544 371 588 Τοῦτον
392 540 460 587 τὸν
484 542 607 587 τόπον
638 540 854 603 παράπλεε
878 540 961 585 ἀπὸ
986 544 1057 595 τῆς
1079 544 1153 602 γῆς
1177 540 1277 586 στά-

0 605 1 608 “
41 610 136 662 δίοις
156 610 210 658 κ’.

6 736 15 746 .
103 695 180 727 147.
217 678 319 724 Ἀπὸ
342 678 564 742 Νυμφαίου
581 677 649 723 ἐπὶ
669 677 788 723 πόλιν
809 677 1077 738 Ἀντιόχειαν,
1099 678 1276 740 ἔχουσαν

0 748 235 810 Ι-ζὲέμπόριον
258 748 329 794 καὶ
359 747 460 809 παρ’
484 747 609 801 αὑτὴν
633 746 819 806 ποταμὸν
840 746 1042 807 Ὀρόντην
1069 746 1275 807 καλούμε-

0 804 118 880 {vom
143 817 297 863 στάδιοι
316 815 365 861 υ’·
386 816 472 861 ἔστι
499 817 541 861 δὲ
559 818 579 861 ὃ
599 815 784 876 ποταμὸς
805 815 886 861 ἀπὸ
909 816 1084 861 σταδίων
1106 817 1165 864 ιε’.

0 881 28 997 ἓ
101 902 176 933 148.
216 884 316 931 Ἀπὸ
345 888 417 930 τοῦ
441 890 631 946 ποταμοῦ
666 887 721 938 εἷς
746 885 992 932 Σελεύκειαν
1016 886 1174 931 στάδιοι
1210 887 1272 946 μ’.

0 954 120 1036 έάπὸ
136 953 178 999 δὲ
200 958 270 1000 τοῦ
292 954 508 1000 Ποσειδίου
537 954 604 1000 τὸν
629 955 825 1016 ἐπίτομον
846 957 900 1008 εἷς
928 948 1174 1002 Σελεύκειαν
1198 974 1272 1001 πε-

0 1023 146 1086 ξρσόντι
165 1024 187 1048 *
210 1023 369 1086 ζεφύρῳ
393 1024 554 1070 στάδιοι
576 1025 643 1086 ρι’.

0 1087 31 1149 {d
99 1109 174 1141 149.
211 1092 310 1138 Ἀπὸ
335 1093 576 1145 Σελευκείας
598 1096 665 1139 ἐπὶ
689 1092 740 1139 τὰ
765 1092 952 1155 Γεώργια
978 1093 1135 1138 στάδιοι
1156 1091 1270 1153 ρμβ’.

99 1178 173 1209 150.
211 1162 310 1208 Ἀπὸ
329 1163 408 1207 τῶν
445 1164 662 1225 Γεωργίων
698 1165 763 1209 ἐπὶ
798 1163 863 1209 τὸν
887 1163 1091 1209 Ῥωσαῖον
1123 1162 1275 1208 κόλπον

0 1227 194 1292 {soz-&Sion
210 1231 261 1277 τ’·
291 1232 373 1277 ἀπὸ
396 1231 438 1276 δὲ
463 1237 534 1276 τοῦ
563 1231 782 1279 Ποσειδίου
819 1230 1076 1292 ἀκρωτηρίου
1104 1229 1171 1275 ἐπὶ
1208 1230 1273 1275 τὸν

3 1349 5 1351 ,
34 1299 186 1347 κόλπον
210 1300 441 1362 οὖριώτατα
466 1301 622 1346 στάδιοι
640 1301 692 1347 σ’.

33 1432 331 1487 quinquaginta
347 1431 399 1472 ab
418 1447 491 1473 ora
513 1432 668 1483 stadiis,
695 1434 727 1473 si
750 1441 904 1473 rectam
919 1431 1070 1473 lineam
1088 1430 1271 1480 duxeris,

33 1493 243 1535 distantes.
278 1494 418 1534 Alium
439 1494 637 1550 Χάραδρον
658 1495 889 1535 videbimus
910 1493 1033 1538 infra.

87 1558 110 1609 ἓ
137 1558 234 1598 145.
254 1556 487 1612 Μακρὰν]
510 1558 607 1597 Haec
636 1558 816 1597 maxima
837 1565 898 1597 est
916 1571 939 1596 c
958 1556 1087 1597 tribus
1111 1554 1271 1603 insulis,

24 1631 123 1672 vquae
148 1618 324 1671 Pigeons
340 1619 454 1660 roclcs
475 1621 490 1672 (
516 1619 802 1660 columbarum
826 1632 950 1673 rupes
968 1620 984 1671 )
1010 1625 1210 1660 vocantur
1230 1617 1274 1656 in

32 1694 182 1737 mappa
207 1682 409 1737 Chesneyi
428 1684 444 1735 (
467 1683 547 1723 The
567 1682 679 1722 river
701 1681 936 1737 Euphrates
962 1680 1061 1720 witlz
1092 1679 1156 1719 the
1174 1679 1272 1719 Cili-

6 1740 125 1783 Jcian
150 1747 313 1785 Taurus
337 1743 424 1784 and
435 1744 641 1785 Nor-thern
659 1743 777 1797 Syria
790 1743 821 1798 ).

87 1809 109 1858 S
146 1810 241 1850 146.
272 1806 328 1847 τὸ
357 1805 656 1861 Νυμφαῖον]
702 1805 769 1845 τὸν
803 1806 856 1845 Ν.
891 1803 1037 1847 codex.
1068 1805 1273 1845 Memorat

17 1867 177 1909 'strabo
213 1882 257 1923 p.
287 1867 364 1922 751
385 1881 394 1908 ε
421 1866 531 1908 Μετὰ
566 1864 637 1918 τὴν
671 1866 897 1907 Σελεύκειαν
933 1866 972 1906 αἱ
1010 1865 1169 1906 ἐκδολαὶ
1204 1869 1272 1907 τοῦ

37 1927 235 1985 Ὀρόντου,
255 1929 343 1971 εἶτα
358 1930 403 1970 τὸ
423 1929 642 1985 Νυμφαῖον,
663 1928 852 1980 σπήλαιόν
870 1944 907 1969 τι
923 1928 1039 1983 ἱερόν.
1065 1929 1080 1982 Η
1099 1944 1189 1968 -τ
1202 1944 1272 1983 ρα-

0 1992 115 2050 χ’ξύς
143 1993 247 2034 ἐστι
272 1994 281 2048 Ι
310 1995 395 2034 013
412 2007 555 2048 aspera
580 1993 724 2047 incipit
745 2006 768 2033 a
809 1995 892 2047 Cap
925 1991 1072 2032 Posidi
1103 1990 1272 2032 desinit-

7 2052 110 2110 si'que
131 2057 275 2110 viginti
294 2055 379 2096 fere
395 2055 537 2096 stadiis
559 2063 652 2110 post
676 2054 827 2095 insulas
850 2057 872 2107 S
908 2054 983 2103 145
1007 2063 1267 2095 memoratas,

24 2118 158 2172 'Igitur
194 2118 293 2159 hinc
330 2132 496 2172 quoque
530 2118 736 2171 colligitur
763 2125 873 2157 recte
902 2131 978 2157 nos
1003 2118 1188 2157 statuisse
1217 2117 1269 2158 ad

77 2181 169 2229 143.

4 2182 52 2296 „s
84 2245 106 2296 S
149 2248 245 2285 147.
282 2242 559 2298 Ὀρόντζην]
587 2240 748 2296 Ὤρέτην
772 2239 885 2291 cod„
917 2255 998 2280 em.
1025 2242 1131 2282 Gail.
1165 2243 1179 2295 Η
1213 2267 1270 2278 -.-

29 2305 221 2346 στάδιοι
243 2303 307 2359 υ’]
334 2306 432 2345 Haec
453 2318 539 2345 non
555 2303 653 2343 falsa
675 2311 771 2343 sunt
785 2333 796 2352 ‚
823 2311 870 2342 ut
886 2303 1087 2357 putabant
1110 2304 1268 2344 Gailius

28 2374 69 2408 et
83 2367 276 2421 LapieUS.
297 2367 403 2407 Nam
419 2367 476 2406 ita
495 2366 731 2420 Chesneyus
750 2365 791 2404 in
808 2365 984 2404 Journal
996 2364 1120 2417 oftlze
1135 2366 1264 2406 Lond.

28 2430 127 2483 Roy.
160 2432 305 2481 Geogr.
340 2433 427 2469 Soc.
455 2437 485 2469 t.
517 2430 642 2477 VIII,
677 2442 720 2481 p.
743 2427 824 2468 230
860 2439 869 2466 :
898 2427 1028 2467 «The
1063 2427 1267 2482 windings

27 2491 117 2546 give
145 2507 168 2532 a
203 2491 385 2532 distance
411 2491 460 2532 of
490 2491 617 2531 about
640 2489 846 2545 sorty-one
874 2489 1005 2538 miles,
1033 2490 1168 2536 whilst
1199 2491 1268 2531 the

16 2550 200 2608 ‘journey
218 2553 273 2609 by
285 2554 380 2594 land
396 2555 429 2593 is
445 2553 541 2608 only
556 2550 712 2592 sixteen
728 2551 843 2591 miles
862 2550 944 2591 and
958 2565 981 2591 a
998 2550 1097 2593 half.
1118 2568 1133 2589 υ
1157 2553 1266 2595 Con-

26 2616 150 2656 sentit
182 2616 305 2656 etiam
337 2613 487 2657 Strabo'
516 2629 558 2670 p.
597 2614 675 2668 751
705 2627 714 2654 ζ
739 2612 932 2660 ἀνάπλους
945 2613 979 2652 δ’
1015 2612 1056 2654 ἐκ
1077 2613 1267 2667 θαλάττης

27 2675 128 2719 ἐστὶν
143 2677 194 2726 εἰς
208 2676 277 2729 τὴν
304 2677 535 2732 Ἀντιόχειαν
554 2676 609 2717 αὖ
624 2676 741 2732 θήμε
755 2691 805 2731 ρο
819 2690 853 2716 ν.
881 2676 976 2730 11-
1006 2674 1093 2717 ἀπὸ
1127 2678 1263 2718 σταδ.

29 2739 109 2795 ιε’]
142 2755 200 2782 50.
228 2739 303 2782 ἀπὸ
335 2743 403 2781 τοῦ
426 2740 654 2795 Νυμφαίου,
690 2753 774 2778 000
796 2752 893 2778 vero
917 2736 981 2778 ἀπ’
1010 2736 1262 2792 Ἀντιοχείας,

8 2800 142 2856 ,cujus
164 2802 280 2843 urbis
294 2816 389 2857 pars
408 2801 469 2842 101
495 2801 536 2842 in
555 2800 687 2841 insula
709 2801 825 2841 fluvii
847 2808 948 2851 erat,
970 2799 1073 2841 adeo
1096 2809 1139 2841 ut
1154 2801 1265 2841 dice-

0 2873 2 2875 ’
25 2878 70 2904 re
87 2864 226 2904 liceret
247 2865 381 2905 Plinio
403 2867 459 2914 V,
492 2878 540 2918 17
568 2877 577 2904 z
603 2863 831 2904 Antiochia
857 2866 1004 2903 Oronte
1018 2878 1134 2905 amne
1154 2863 1266 2904 clivi-

23 2925 155 2967 ditur.

80 2991 103 3041 §
134 2993 229 3032 148.
255 3004 308 3029 στ
319 2989 387 3029 αδ.
413 2987 485 3043 μ’]
509 2988 573 3028 Cf.
609 2989 754 3045 Strabo
777 3003 786 3028 :
823 2985 955 3044 πρὸςῇ
984 2990 1000 3042 (
1021 2988 1225 3044 Σελευκείᾳ
1247 2989 1261 3046 )

3 3051 89 3107 4καὶ
110 3051 176 3099 τὰς
209 3050 370 3099 ἐκὸολὰς
400 3051 421 3091 ὁ
454 3050 640 3106 Ὀρόντης
668 3053 850 3101 ποιεῖται,
883 3053 1063 3106 διέχουσα
1087 3056 1163 3092 τῶν
1196 3051 1262 3107 μὲν

27 3110 196 3153 ἔκὸολῶν
218 3113 391 3161 σταδίους
408 3112 464 3169 μ’,
493 3115 561 3165 τῆς
582 3113 616 3152 δ’
644 3112 874 3168 Ἀντιοχείας
889 3113 962 3168 ρκ’.
999 3115 1014 3168 ΙΙ
1046 3137 1103 3146 -—
1122 3115 1258 3155 σταδ.

12 3175 332 3231 ’ρι’]1)01101)3ῐ.
382 3175 460 3231 ρο’.
493 3177 508 3230 Η
533 3200 590 3207 -
618 3177 818 3217 πεσόντι
857 3176 1071 3232 ζεφύρῳ]
1097 3176 1264 3218 cadente

23 3239 223 3293 Zephyro,
247 3238 362 3293 quod
383 3238 569 3279 hocloco
585 3239 702 3279 nihili
717 3247 791 3280 est.
809 3237 1043 3292 Conjeceris
1059 3238 1263 3294 ἐμπεσόντι

23 3299 86 3340 vel
106 3299 322 3340 ἐπιπεσόντι
343 3303 400 3350 ζ.,
432 3300 494 3339 vel
525 3301 678 3340 πνέοντι
697 3300 860 3356 ζεφύρῳ,
883 3301 946 3341 vel
964 3302 1087 3342 etiam
1106 3301 1262 3343 πλέοντι

23 3362 186 3418 ζεφύρῳ,
223 3362 260 3402 ei
276 3362 489 3417 quiflante
518 3363 703 3416 Zephyro
736 3363 924 3414 navigat.
952 3366 1101 3404 Parum
1123 3373 1261 3405 tamen

22 3422 104 3464 hoc
125 3432 314 3464 accurate
337 3423 495 3463 dictum
530 3423 635 3463 foret
650 3455 660 3473 ‚
686 3438 816 3477 quum
844 3434 979 3465 rectus
1001 3440 1143 3466 cursus
1164 3441 1262 3468 ven-

0 3493 2 3496 '
23 3492 113 3526 tum
131 3486 310 3541 postulet
326 3500 451 3540 quem
473 3485 651 3526 dicimus
669 3485 1131 3541 Szcd·01teSt-quart·sud
1134 3520 1142 3528 .
1161 3489 1193 3528 F
1195 3503 1261 3528 or-

23 3554 126 3589 tasse
145 3550 269 3602 igitur
296 3548 507 3602 legebatur
522 3547 572 3597 εἰς
585 3549 696 3589 νότον
719 3549 970 3603 μεταπεσόντι
986 3549 1048 3589 vel
1064 3548 1262 3592 ἐκπεσόντι

22 3623 60 3650 τι
78 3611 240 3667 ζεφύρῳ.
276 3612 470 3652 Ceterum
496 3612 622 3652 situm
654 3611 846 3652 Seleuciae
879 3613 946 3662 τῆς
974 3612 1126 3666 Πιερίας
1143 3613 1206 3653 vel
1222 3613 1260 3654 ἐν

23 3671 158 3727 Πιερίᾳ
179 3673 241 3714 vel
255 3676 322 3726 τῆς
346 3674 438 3729 πρὸς
458 3673 669 3729 Ἀντιοχείᾳ
692 3673 753 3713 νο1
774 3676 842 3725 τῆς
864 3673 956 3728 πρὸς
980 3673 1154 3730 θαλάσσῃ
1174 3674 1261 3716 suse

23 3732 218 3776 describit
235 3736 429 3791 Polybius
458 3738 514 3786 V,
544 3736 610 3789 59,
629 3744 675 3776 ut
698 3744 875 3776 ceteram
903 3737 1066 3776 testium
1097 3737 1261 3779 turbam

25 3797 183 3838 mittam
202 3797 253 3838 de
268 3798 370 3838 urbe
387 3799 614 3838 notissima.
639 3798 750 3837 Nihil
772 3799 922 3838 Noster
939 3797 991 3838 de
1011 3801 1173 3853 egregio
1191 3802 1261 3842 Se-

24 3856 164 3900 leuciae
184 3869 331 3914 portu;
354 3861 474 3900 sicuti
491 3861 532 3899 10
554 3874 667 3914 seqq.
686 3860 788 3899 nibil
808 3861 886 3900 nisi
905 3862 1075 3901 nomina
1093 3862 1259 3904 urbium

25 3930 306 3976 apponuntur.
336 3924 399 3962 De
421 3922 551 3962 ruinis
581 3936 664 3976 prae
698 3923 841 3963 ceteris
873 3921 968 3963 vide
997 3923 1184 3980 Chesney
1217 3927 1259 3966 in

26 3983 202 4025 Journal
227 3983 282 4036 os
308 3984 373 4024 the
405 3987 455 4026 R.
489 3987 633 4036 Geogr.
670 3988 758 4025 Soc.
782 3994 813 4026 t.
839 3986 956 4036 VIII,
982 4000 1010 4040 p
1060 3987 1138 4027 230
1164 4002 1252 4042 sqq.

15 142 25 194 ί
166 212 173 219 ·
889 161 1281 210 STADIASMUS.
1310 163 1498 210 MARls
1533 164 1752 211 MAGNI.

2500 180 2589 219 475

1411 271 1502 321 145.
1536 275 1573 314 A
1589 272 1792 327 Sidonia(
1808 273 1882 315 ἀπὸ
1898 274 2112 327 Σιδωνίας)
2129 275 2181 315 ad
2201 276 2374 317 insulam
2392 292 2482 332 quae
2499 281 2586 321 Ma-

1350 353 1419 379 cra
1444 354 1516 380 seu
1540 342 1683 395 Longa
1699 350 1883 392 vocatur,
1907 341 2034 383 stadia
2063 356 2144 384 10..

1410 410 1501 456 146.
1536 410 1572 448 A
1604 410 1743 449 Macra
1789 409 1921 450 insula
1957 409 2010 450 ad
2044 411 2317 466 Nymphaeum
2352 413 2481 455 stadia
2519 415 2583 458 50.

1349 477 1496 516 Omnis
1511 479 1863 532 praeternavigatio
1888 477 1985 519 inde
2006 493 2029 519 a
2048 479 2169 530 Casio·
2189 494 2329 536 aspera
2348 491 2421 523 est.
2449 486 2588 536 Quare

1348 543 1462 584 hunc
1480 552 1656 584 tractum
1675 547 1971 599 praeternaviga
1992 559 2046 587 2ο
2072 561 2095 587 3
2116 548 2352 590 continente
2370 549 2527 592 stadiis.

1408 615 1501 665 147.
1534 614 1568 653 A
1593 613 1821 667 Nymphaeo
1843 612 1894 654 ad
1914 613 2060 654 urbem
2081 615 2342 656 Antiochiam
2359 648 2369 666 ‚
2395 632 2487 672 quae
2501 633 2587 660 em-

1347 681 1512 735 porium
1528 680 1651 722 habet
1669 690 1708 722 et
1729 681 1848 736 juxta
1866 697 1907 722 se
1922 684 2121 724 Orontem
2142 698 2320 735 amnem,
2342 686 2472 728 stadia
2488 691 2586 737 400.

1348 749 1514 790 Fluvius
1532 764 1558 789 α
1574 751 1796 806 Nymphaeo
1817 751 1940 791 distat
1961 751 2091 792 stadia
2114 753 2178 794 15.

1408 821 1501 866 148.
1533 818 1599 859 Ab
1624 821 1772 859 Oronte
1794 820 1920 860 fluvio
1942 819 1994 860 ad
2018 821 2242 862 Seleuciam
2266 822 2397 864 stadia
2420 827 2488 873 [40.
2549 829 2586 867 A

1347 885 1512 927 Posidic
1529 895 1663 927 autem
1677 886 1728 927 ad
1740 888 1963 928 Seleuciam
1980 902 2105 929 cursu
2119 890 2443 945 compendiario,
2451 894 2586 947 flante

1347 954 1526 1009 zephyro
1546 963 1688 1005 vento,
1721 955 1850 996 stadia
1869 969 1946 1010 170
1964 955 2073 1010 (po').

1408 1027 1500 1077 149.
1535 1026 1571 1065 A
1594 1021 1775 1065 Seleucia
1796 1024 1848 1065 ad
1871 1026 2048 1080 Georgia
2066 1026 2192 1067 stadia
2217 1031 2270 1076 4ο
2289 1028 2351 1083 (μ’
2363 1029 2414 1082 ?).

1408 1092 1497 1133 150.
1532 1094 1569 1132 A
1591 1093 1779 1146 Georgiis
1795 1092 1847 1133 ad
1866 1094 2065 1134 Rhosium
2088 1096 2303 1150 scopulum
2330 1097 2343 1152 (
2361 1097 2548 1139 σκόπελον
2566 1105 2582 1152 )

1347 1160 1475 1200 stadia
1490 1162 1542 1201 80
1567 1160 1656 1215 (π’).
1717 1163 1752 1201 Α
1776 1161 1942 1201 Posidio
1955 1171 2092 1206 autem
2112 1165 2400 1217 promontorio
2423 1164 2475 1204 ad
2496 1179 2583 1205 sco-

1343 1227 1488 1283 pulum
1511 1230 1766 1282 navigatione
1786 1230 2014 1270 felicissima
2034 1230 2163 1274 stadia
2175 1243 2259 1285 270
2278 1231 2390 1286 (σο’).
2408 1233 2477 1287 [A
2495 1248 2583 1274 sco-

1342 1297 1445 1352 pulo
1466 1297 1525 1349 ad
1548 1298 1725 1338 Rhoszcm
1742 1298 1878 1338 urbem
1896 1297 2038 1338 stadia
2058 1300 2109 1339 80
2125 1299 2158 1352 ].

1402 1431 1423 1481 §
1456 1433 1551 1471 149.
1576 1427 1631 1468 τὰ
1658 1428 1688 1467 Τ
1702 1429 1828 1483 εώργ
1841 1443 1884 1467 ια
1903 1429 1917 1484 ]
1937 1429 2036 1468 Loci
2055 1428 2220 1468 aliunde
2238 1443 2324 1469 non
2352 1431 2440 1470 noti
2459 1433 2583 1473 situm

1346 1489 1518 1531 definire
1541 1491 1679 1531 nescio
1695 1521 1705 1540 ,
1728 1505 1858 1544 quum
1881 1499 1922 1531 et
1935 1505 2133 1531 numerus
2149 1490 2242 1546 ρμβ’
2255 1493 2382 1546 etqui
2399 1495 2584 1548 sequitur

1345 1555 1367 1604 S
1394 1552 1466 1592 151
1507 1551 1543 1593 τ’
1576 1552 1738 1594 admitti
1762 1553 1830 1593 vix
1862 1553 2035 1608 possint.
2059 1555 2224 1594 Etenim
2253 1568 2452 1595 numerus
2476 1557 2580 1610 ρμβ’,

1344 1616 1414 1669 qui
1439 1629 1512 1669 per
1534 1629 1576 1655 se
1594 1622 1806 1669 suspectus
1818 1623 1879 1655 est
1891 1646 1902 1664 ,
1923 1628 2037 1655 oram
2052 1614 2251 1668 legentem
2268 1615 2436 1656 duceret
2453 1631 2583 1672 usque

1344 1677 1397 1718 ad
1409 1678 1574 1717 initium
1597 1678 1709 1716 sinus
1726 1677 1841 1716 Issici
1856 1693 1867 1726 ;
1882 1675 1935 1716 ad
1951 1677 2064 1717 hunc
2083 1691 2180 1718 vero
2193 1679 2329 1718 sinum
2349 1679 2391 1718 in
2409 1693 2582 1734 sequen-

1343 1740 1452 1780 tibus
1479 1738 1647 1779 demum
1669 1738 1878 1788 ducimur,
1906 1738 2009 1779 adeo
2029 1747 2075 1779 ut
2101 1748 2244 1780 nostro
2268 1739 2359 1781 loco
2388 1755 2465 1795 pro
2489 1742 2582 1797 ρμβ’

1342 1802 1514 1842 fortasse
1534 1799 1601 1855 μβ’
1618 1803 1695 1852 et§
1715 1799 1792 1841 150
1810 1814 1887 1854 pro
1901 1801 1933 1840 τ’
1952 1800 2217 1841 scribendum
2237 1802 2289 1841 sit
2310 1800 2360 1842 π’.
2388 1803 2580 1844 Ceterum

1342 1877 1444 1902 num
1471 1864 1514 1902 in
1538 1877 1613 1902 ora
1633 1862 1710 1901 hac
1734 1875 1951 1916 peraspera
1973 1861 2086 1901 100115
2108 1862 2159 1902 ab
2179 1863 2286 1902 arvis
2308 1862 2481 1917 Γεώργια
2500 1864 2582 1905 dici

1341 1925 1538 1979 potuerit,
1575 1938 1626 1964 an
1646 1932 1890 1978 corruptum
1921 1938 2073 1964 nomen
2093 1925 2166 1975 sit,
2187 1933 2236 1965 tu
2257 1923 2409 1965 videas.
2431 1927 2583 1966 Beatis-

1342 1987 1444 2027 sima
1473 1986 1662 2042 planities
1699 1999 1790 2039 quae
1824 2000 1847 2025 a
1881 1985 2055 2025 meridie
2082 1985 2273 2026 Seleuciae
2302 1985 2354 2026 ad
2379 1988 2578 2028 Orontem

1342 2049 1490 2099 tendit,
1516 2064 1539 2089 a
1562 2048 1665 2092 serie
1686 2048 1933 2088 narrationis
1953 2047 2082 2088 aliena
2103 2056 2179 2088 est.

1397 2115 1418 2164 S
1457 2115 1551 2154 150.
1596 2109 1830 2150 Ῥωσαΐον
1879 2109 2057 2150 κόλπον
2082 2112 2095 2164 ]
2130 2110 2191 2151 ἐπὶ
2223 2115 2299 2151 τῶν
2359 2109 2580 2152 Ῥωσσαίων

1340 2173 1496 2213 κόλπων
1516 2171 1668 2220 codex3
1695 2186 1776 2211 em.
1803 2172 1974 2214 Gailius.
1997 2173 2144 2212 Nescio
2176 2187 2227 2212 an
2246 2173 2384 2226 potius
2405 2173 2582 2214 scriben-

1340 2232 1441 2273 dum
1461 2234 1513 2273 sit
1536 2232 1597 2273 ἐπὶ
1615 2232 1681 2272 τὸν
1710 2231 1901 2272 Ῥωσαῖόν
1922 2233 1984 2272 vel
2010 2231 2171 2272 Ῥώσιον
2194 2233 2399 2274 σκόπελον.
2425 2236 2580 2285 Quam÷

1339 2309 1464 2349 quam
1504 2296 1616 2335 enim
1650 2295 1788 2344 sinus,
1825 2309 1950 2348 quem
1978 2295 2100 2348 vulgo
2129 2296 2302 2336 Issicum
2325 2310 2533 2346 vocamus,
2556 2313 2578 2339 a

1339 2359 1448 2397 Roso
1484 2356 1588 2397 urbe
1610 2356 1733 2396 etiam
1766 2353 1976 2406 Ῥωσαῖος,
2007 2355 2164 2404 Ῥώσιος
2187 2357 2250 2396 vel
2286 2355 2467 2405 Ῥωσικὸς
2495 2358 2576 2400 dici

1338 2420 1493 2473 potuit,
1521 2419 1642 2459 sicuti
1679 2432 1746 2472 ap.
1781 2417 2043 2458 Herodotum
2069 2419 2350 2473 Myriandicus
2382 2419 2434 2459 ab
2473 2421 2577 2462 urbe

1338 2482 1583 2535 cognomine
1613 2489 1782 2520 vocatur
1805 2494 1813 2520 :
1839 2480 2069 2520 notandum
2091 2489 2228 2521 tamen
2264 2490 2325 2521 est
2360 2481 2455 2521 alibi
2478 2497 2576 2523 nus-

1337 2558 1460 2598 quam
1484 2558 1574 2584 eam
1590 2543 1902 2598 appellationem
1925 2544 2094 2598 reperiri
2111 2574 2121 2592 ,
2144 2551 2289 2584 contra
2310 2558 2409 2583 vero
2426 2545 2441 2595 (
2459 2547 2574 2598 Bas)

1340 2605 1528 2646 Kleanzir
1552 2605 1610 2660 (i.
1636 2619 1674 2645 e.
1697 2605 1819 2660 porci
1848 2614 1974 2660 caput
1997 2607 2013 2658 )
2037 2604 2119 2645 dici
2156 2605 2347 2646 σκόπελον
2389 2604 2573 2646 Ῥωσικὸν

1336 2667 1446 2721 apud
1468 2667 1736 2709 Ptolemaeum
1761 2674 1801 2706 et
1818 2667 2070 2722 Stephanum
2089 2668 2331 2722 Byzantium
2350 2682 2388 2708 v.
2413 2665 2572 2717 Ῥωσός,

1336 2736 1376 2768 et
1398 2729 1449 2769 ab
1476 2729 1566 2783 ipso
1595 2729 1716 2768 etiam
1745 2729 1896 2768 Nostro
1924 2729 2188 2781 memorari§
2220 2731 2313 2778 164,
2344 2728 2414 2769 ubi
2442 2743 2574 2782 quum

1336 2790 1466 2831 codex
1479 2790 1658 2846 praebeat
1674 2803 1682 2830 :
1701 2789 1774 2831 ἀπὸ
1791 2793 1859 2831 τοῦ
1875 2791 2048 2832 σκοπέλ
2060 2806 2153 2832 ου..
2177 2790 2235 2831 ἐπ’
2257 2790 2399 2838 εὐθείας
2419 2790 2575 2833 πλέοντι

1337 2853 1387 2900 εἰς
1415 2853 1662 2908 Ἀντιόχειαν,
1683 2861 1792 2907 patet
1812 2853 2002 2894 σκόπελον
2019 2853 2144 2893 istum
2165 2867 2250 2893 esse
2272 2850 2338 2893 τὸν
2369 2851 2572 2905 Ῥωσικὸν,

1335 2915 1461 2970 idque
1482 2930 1635 2956 nomen
1658 2914 1872 2956 excidisse.
1896 2916 2006 2955 Hinc
2028 2915 2155 2968 igitur
2175 2914 2338 2968 colligas
2357 2915 2572 2969 scopulum

1335 2979 1458 3018 istum
1488 2979 1532 3018 in
1555 2976 1771 3018 antecedd.
1792 2976 1878 3031 jam
1914 2977 2036 3017 fuisse
2073 2985 2370 3026 memoratum,
2395 2976 2572 3030 ideoque

1334 3048 1476 3080 nostro
1494 3039 1585 3080 loco
1597 3038 1883 3093 reponendum
1903 3053 2004 3079 esse.
2026 3040 2219 3079 Ceterum
2239 3052 2290 3077 ne
2309 3045 2426 3091 putes
2447 3040 2468 3089 S
2492 3041 2568 3091 149

1335 3102 1565 3143 stadiorum
1581 3116 1802 3142 numerum
1821 3110 1930 3141 recte
1949 3101 2098 3141 habere
2112 3108 2152 3140 et
2170 3099 2222 3139 ad
2245 3100 2456 3139 Rossicum
2475 3113 2570 3153 pro-

1333 3165 1587 3204 montorium
1617 3163 1781 3211 ducere,
1807 3163 1886 3202 hoc
1915 3170 2050 3201 autem
2088 3160 2178 3200 loco
2204 3168 2345 3200 notam
2365 3158 2570 3201 distantiae

1332 3228 1539 3280 pertinere
1571 3225 1622 3265 ad
1658 3226 1787 3279 ipsam
1823 3224 1965 3264 urbem
2002 3223 2199 3270 Rhosum,
2225 3222 2273 3261 iis
2300 3220 2567 3275 impedimur,

1333 3303 1424 3342 quae
1446 3287 1498 3328 de
1513 3301 1636 3328 cursu
1658 3294 1770 3326 recto
1796 3300 1819 3326 a
1837 3284 2003 3325 Posidio
2026 3284 2314 3338 promontorio
2342 3282 2568 3337 subjiciun-
2617 3290 2624 3295 ’

1332 3358 1421 3399 tur;
1448 3350 1534 3390 haec
1553 3351 1664 3390 enim
1686 3349 1893 3403 aptissime
1916 3355 2154 3395 monentur,
2181 3347 2213 3385 si
2237 3345 2288 3386 de
2309 3346 2568 3399 navigatione

1331 3427 1351 3452 a
1375 3412 1663 3467 promontorio
1679 3410 1729 3451 ad
1745 3410 2079 3465 promontorium
2092 3407 2307 3461 dirigenda
2331 3422 2466 3447 sermo
2482 3417 2562 3459 est,

1332 3476 1469 3515 minus
1486 3489 1604 3523 vero,
1631 3475 1662 3513 si
1690 3473 1890 3523 terminus
1916 3471 1975 3511 ad
1999 3485 2114 3526 quem
2145 3470 2250 3510 foret
2282 3470 2444 3510 Rhosus
2468 3470 2563 3512 urbs

1331 3539 1374 3577 in
1395 3539 1484 3593 ipso
1499 3538 1590 3577 sinu
1603 3537 1748 3591 posita.
1768 3535 1925 3575 Mentio
1943 3533 2066 3587 hujus
2081 3532 2195 3573 urbis
2214 3532 2412 3572 excidisse
2429 3534 2567 3587 potius

1333 3599 1547 3640 censenda.
1588 3601 1647 3639 Ac
1684 3597 1837 3637 lacunae
1876 3595 2074 3636 indicium
2117 3595 2220 3635 inest
2255 3593 2391 3635 verbis
2424 3597 2445 3646 5
2490 3594 2563 3634 151

1334 3661 1408 3702 ἀπὸ
1445 3660 1591 3700 Ῥωσοῦ
1630 3658 1822 3713 Τερδνίας,
1862 3659 2014 3712 quippe
2036 3671 2127 3711 quae
2154 3657 2196 3696 in
2234 3654 2567 3696 antecedentibus

1332 3740 1415 3765 non
1440 3724 1592 3764 habent
1628 3736 1711 3775 quo
1741 3720 1984 3761 reserantur.
2011 3721 2027 3774 ll
2050 3743 2107 3750 -—
2122 3718 2183 3760 ἐπὶ
2205 3727 2299 3759 ante
2321 3717 2386 3758 τὸν
2421 3717 2566 3757 κόλπον

1332 3785 1483 3827 excidit
1505 3786 1547 3825 in
1570 3798 1711 3839 apogr.
1739 3783 1876 3823 Iriart.
1917 3783 1932 3837 Η
1962 3806 2018 3813 —
2035 3781 2250 3836 ούριώτα
2262 3780 2352 3833 τα]
2379 3779 2436 3817 sic
2463 3777 2564 3818 solet

1330 3850 1499 3897 Noster;
1529 3846 1759 3901 οὖριώτατον
1797 3844 1950 3894 0οἀοΧ;
1983 3845 2112 3900 possis
2139 3856 2149 3883 z
2176 3842 2295 3896 [τὸν]
2331 3839 2561 3894 ούριώτατον

1331 3926 1387 3951 50.
1406 3911 1542 3952 πλοῦν.
1574 3910 1589 3963 ll
1609 3933 1665 3940 —
1687 3908 1882 3948 στάδιοι
1906 3901 1971 3966 σ’]
1998 3905 2182 3947 Debebat
2211 3902 2283 3943 σο’.
