2782 4348
21 247 23 251 ⁴
84 232 190 273 rhot.
207 231 494 295 σφοδροτέραν,
519 245 742 292 τηνικαῦτα
769 245 856 290 ε’ντὸ

211 129 303 191 (ω.)

199 297 340 352 λόντες
366 303 491 365 ἱερεῖα
513 306 618 366 πρὸς
636 308 709 363 τὴν
725 311 961 377 ἐπιθυμίαν,
987 320 1094 367 οὕτω
1114 332 1429 389 παρεσκεύασαν

196 369 391 430 χειροήθη
416 371 485 416 καὶ
502 381 632 436 πρᾷον
649 377 717 422 τὸν
742 380 896 443 ἄγριον,
917 386 1022 434 ὥστε
1040 393 1167 449 μηθὲν
1189 400 1269 443 τῶν
1292 401 1428 450 ἄλλων

168 523 177 532 ·
194 499 328 542 αλλων
351 502 463 561 ζῳων
481 505 736 568 ἀθεωρήτους
753 515 822 559 καὶ
841 522 1092 581 παραδόξους
1116 528 1255 590 φύσεις
1277 535 1419 592 ἐποίη-

1031 588 1104 634 Διὸ
1126 593 1198 637 καί
1220 613 1322 648 τινες
1337 603 1419 644 τῶν

185 632 386 687 κυνηγῶν,
423 636 593 695 ὁρῶντες
615 640 690 696 τὴν
714 651 782 690 τοῦ
799 698 802 701 ,
820 652 1020 709 βασιλέως
1043 662 1354 725 μεγαλοψυχίαν
1378 670 1418 714 ἐν

182 702 269 747 ταῖς
290 698 486 763 δωρεαῖς,
510 712 805 773 συστραφέντες
835 720 890 771 εἷς
919 724 1056 770 ἱκανὸν
1077 731 1230 784 πλῆθος
1256 732 1416 794 ἔκριναν

180 767 501 827 παραὸαλέσθαι
526 783 615 830 ταῖς
646 782 820 844 ψυχαῖς,
855 789 925 835 καὶ
956 795 1037 838 τῶν
1070 799 1261 859 μεγάλων
1285 802 1415 866 ὄφεων

178 832 248 878 ἕνα
284 839 550 900 θηρεύσαντες
580 849 829 908 ἀνακομίσαι
870 861 1001 911 ζῶντα
1037 867 1092 918 εἷς
1115 867 1187 924 τὴν
1213 869 1411 927 Ἀλεξάν-

113 913 152 943 10
176 903 311 964 δρειαν
338 909 437 970 πρὸς
455 912 522 958 τὸν
548 918 823 980 Πτολεμαῖον.
892 932 1090 995 Μεγάλης
1123 937 1165 982 δὲ
1189 938 1314 998 οὔσης
1339 946 1409 992 καὶ

172 975 402 1034 παραδόξου
436 985 514 1036 Δτῆς
547 986 764 1051 ἐπιὸολῆς,
803 998 829 1050 ἡ
871 999 976 1062 τύχη
1006 1007 1293 1068 συνεργήσασα
1319 1021 1409 1069 ταῖς

170 1041 366 1098 ἐπινοίαις
403 1051 535 1097 αὐτῶν
570 1056 642 1103 καὶ
661 1059 707 1105 τὸ
741 1062 854 1117 τέλος
878 1070 1023 1116 οἰκεῖον
1057 1080 1319 1137 περιεποίησε
1334 1088 1406 1141 τῆς

167 1111 364 1173 πράξεως.
432 1121 743 1183 Σκοπεύσαντες
757 1132 836 1196 γὰρ
856 1136 926 1182 ἕνα
944 1143 1024 1186 τῶν
1041 1142 1171 1206 ὄφεων
1182 1151 1402 1211 τριάκοντα

165 1186 311 1243 πηχῶν
349 1187 612 1252 διατρίὸοντα
645 1201 739 1261 περὶ
769 1203 842 1256 τὰς
866 1210 1081 1265 συστάσεις
1112 1220 1192 1262 τῶν
1222 1220 1397 1285 ὑδάτων,

102 1265 140 1295 15
164 1248 230 1293 τὸν
248 1251 320 1310 μὲν
337 1255 460 1302 ἄλλον
471 1262 617 1322 χρόνον
639 1268 829 1327 ἀκίνητον
845 1281 916 1321 τοῦ
933 1279 1124 1340 σώματος
1138 1284 1182 1332 τὸ
1195 1287 1396 1352 κύκλωμα

162 1326 387 1382 τηροῦντα,
422 1329 531 1375 κατὰ
551 1333 592 1378 δὲ
626 1336 698 1389 τὰς
732 1342 968 1407 ἐπιφανείας
985 1354 1064 1396 τῶν
1083 1353 1148 1399 διὰ
1172 1356 1245 1413 τὴν
1273 1361 1394 1424 δίψαν

132 1438 134 1440 ‚
159 1387 271 1449 ζῴων
295 1395 528 1454 φοιτώντων
554 1402 622 1449 ἐπὶ
651 1406 718 1452 τὸν
755 1411 879 1459 τόπον
913 1417 1025 1481 ἄφνω
1063 1423 1390 1492 διανιστάμενον,

155 1457 224 1500 καὶ
250 1462 306 1520 τῷ
331 1462 405 1520 μὲν
444 1467 619 1527 στόματι
663 1475 955 1540 διαρπάζοντα,
991 1491 1048 1551 τῷ
1074 1492 1114 1536 δὲ
1138 1498 1390 1560 σπειράματι

153 1529 465 1579 καταπλέκοντα
508 1537 577 1583 τὸν
609 1540 730 1603 ὄγκον
767 1553 847 1594 τῶν
872 1555 1077 1614 φανέντων
1114 1563 1245 1626 ζῴων,
1282 1568 1386 1617 ὥστε

87 1607 128 1638 20
151 1596 294 1653 μηδενὶ
315 1601 454 1666 τρόπῳ
478 1605 675 1656 δύνασθαι
701 1613 747 1660 τὸ
771 1625 1010 1681 παραπεσὸν
1034 1631 1243 1692 ἐκφυγεῖν·
1274 1657 1383 1701 προ-

148 1663 301 1722 μήκους
321 1663 389 1715 οῦν
412 1672 522 1728 ὄντος
539 1683 612 1724 τοῦ
637 1681 740 1745 ζῴου
764 1687 836 1733 καὶ
852 1695 1004 1755 νωθροῦ
1026 1697 1099 1753 τὴν
1121 1702 1238 1763 φύσιν
1264 1709 1383 1755 ἐλπί-

147 1752 289 1788 σαντες
311 1740 474 1803 βρόχοις
496 1747 568 1793 καὶ
590 1761 742 1815 σειραῖς
775 1761 1018 1825 κυριεύσειν,
1052 1768 1097 1813 τὸ
1122 1772 1196 1830 μὲν
1219 1781 1379 1839 πρῶτον

143 1809 335 1867 παρῆσαν
358 1813 423 1855 ἐπ’
449 1816 548 1861 αὐτὸ
582 1824 901 1886 τεθαρρηκότες,
933 1832 1096 1896 ἔχοντες
1125 1841 1377 1906 ἐξηρτυμένα

140 1873 276 1919 πάντα
302 1876 354 1922 τὰ
373 1881 474 1943 πρὸς
496 1884 569 1942 τὴν
591 1892 756 1951 χρείαν·
779 1900 833 1949 ὡς
849 1900 886 1943 δ’
902 1904 1164 1967 ἐπλησίαζον,
1186 1914 1248 1958 ἀεὶ
1269 1921 1374 1976 μᾶλ-

76 1951 116 1980 25
137 1941 205 1986 λον
224 1943 516 2004 ἐξεπλήττοντο
539 1959 596 2020 τῶ
633 1960 733 2019 δέει,
769 1970 1007 2030 θεωροῦντες
1031 1976 1147 2037 ὄμμα
1178 1989 1371 2047 πυρωπὸν

135 2010 204 2055 καὶ
226 2015 495 2078 λιχμωμένην
516 2027 651 2091 πάντῃ
680 2033 753 2089 τὴν
780 2039 982 2099 γλῶτταν,
1005 2045 1063 2092 ἔτι
1083 2049 1125 2094 δὲ
1146 2056 1196 2114 τῇ
1214 2058 1368 2118 τραχύ-

117 2564 352 2629 ἐπεστραφη
384 2576 491 2633 μετὰ
520 2582 674 2628 πολλοῦ
713 2590 952 2649 φυσήματος
981 2606 1348 2661 καταπληκτικῶς·

55 2646 95 2676 :35
115 2633 185 2677 καὶ
211 2635 279 2682 τὸν
303 2640 378 2698 μὲν
397 2647 558 2705 πρῶτον
587 2650 761 2712 ἁρπάζει
791 2660 850 2721 τῷ
878 2663 1053 2723 στόματι
1081 2677 1348 2737 μετεωρισθὲν

114 2702 214 2764 ὑπὲρ
235 2709 307 2762 τῆς
327 2715 533 2774 κεφαλῆς,
556 2720 627 2764 καὶ
649 2721 719 2775 τὰς
740 2726 896 2789 σάρκας
919 2732 979 2777 ἔτι
1010 2739 1152 2793 ζῶντος
1174 2762 1346 2793 κατεσι-

112 2777 245 2835 τεῖτο,
273 2777 338 2823 τὸν
364 2782 407 2826 δὲ
438 2784 624 2849 δεύτερον
659 2793 859 2855 φεύγοντα
882 2805 934 2864 τῇ
963 2807 1112 2871 σπείρᾳ
1137 2811 1342 2878 πόρρωθεν

111 2841 395 2908 ἐπεσπάσατο,
426 2854 497 2900 καὶ
533 2863 786 2920 περιειληθὲν
818 2867 984 2934 ἔσφιγγε
1006 2875 1079 2932 τὴν
1102 2883 1259 2930 κοιλίαν
1283 2893 1340 2952 τῷ

108 2910 270 2977 δεσμῷ,
294 2919 330 2963 οἱ
352 2919 394 2966 δὲ
414 2923 549 2986 λοιποὶ
567 2929 717 2985 πάντες
737 2936 1008 3001 ἐκπλαγέντες
1032 2946 1097 2991 διὰ
1120 2954 1191 3008 τῆς
1211 2960 1340 3017 φυγῆς

39 2996 85 3041 ¹40
107 2978 179 3036 τὴν
218 2989 424 3052 σωτηρίαν
458 2995 717 3061 ἐπορίσαντο.
786 3009 848 3053 Οὐ
883 3010 965 3069 μὴν
995 3017 1239 3078 ἀπέγνωσαν
1263 3026 1336 3083 τὴν

105 3049 246 3115 θήραν,
272 3059 609 3124 ὑπερὸαλλούσης
638 3075 710 3127 τῆς
745 3075 826 3122 ἀπὸ
846 3084 917 3124 τοῦ
947 3085 1148 3143 βασιλέως
1169 3091 1335 3155 χάριτος

102 3120 171 3165 καὶ
199 3124 351 3185 δωρεᾶς
381 3131 473 3186 τοὺς
506 3138 587 3184 ἀπὸ
608 3144 681 3197 τῆς
711 3146 855 3207 πείρας
886 3152 1161 3215 ἐγνωσμένους
1195 3165 1331 3210 κινδύ-

78 3206 82 3209 ·
101 3206 217 3252 νους,
236 3195 474 3265 ’φιλοτεχνίᾳ
499 3206 541 3251 δὲ
558 3210 629 3255 καὶ
650 3212 755 3277 δόλῳ
778 3216 824 3262 τὸ
845 3223 897 3282 τῇ
917 3222 988 3286 βίᾳ
1014 3227 1330 3293 δυσκαταγώνι-

101 3274 192 3304 στον
214 3264 507 3331 ἐχειρώσαντο,
527 3278 686 3326 τοιάνδε
714 3284 804 3331 τινὰ
826 3292 1017 3353 μηχανὴν
1038 3302 1323 3363 πορισάμενοι.

36 3334 75 3362 35
99 3328 419 3386 Κατεσκεύασαν
437 3343 518 3390 ἀπὸ
533 3348 696 3409 σχοίνου
713 3360 869 3413 πυκνῆς
880 3366 1092 3427 περιφερὲς
1107 3370 1324 3432 πλόκανον,

94 3397 152 3457 τῶ
182 3397 254 3456 μὲν
275 3402 390 3469 τύπῳ
412 3412 494 3465 τοῖς
515 3414 676 3478 κύρτοις
695 3424 888 3488 ἐμφερὲς,
919 3435 976 3493 τῷ
1001 3435 1042 3479 δὲ
1067 3439 1228 3499 μεγέθει
1252 3445 1322 3489 καὶ

94 3468 145 3525 τῇ
168 3467 355 3534 διαλήψει
387 3481 457 3534 τῆς
478 3482 619 3546 χώρας
647 3490 869 3552 δυνάμενον
904 3500 1093 3553 δέξασθαι
1112 3507 1180 3554 τὸν
1199 3510 1319 3571 ὄγκον

91 3540 161 3580 τοῦ
186 3540 338 3601 θηρίου.
406 3549 769 3613 Κατοπτεύσαντες
799 3558 867 3610 οῦν
905 3569 971 3614 τὸν
1004 3577 1159 3635 φωλεὸν
1195 3583 1318 3628 αὐτοῦ

89 3604 158 3648 καὶ
184 3607 256 3663 τὴν
280 3610 389 3672 ὥραν
417 3621 487 3672 τῆς
510 3640 553 3666 τε
588 3626 654 3670 ἐπὶ
675 3628 748 3684 τὴν
781 3635 908 3693 νομὴν
941 3639 1075 3692 ἐξόδου
1100 3647 1170 3692 καὶ
1191 3651 1314 3698 πάλιν

25 3687 65 3715 εἰ
87 3692 157 3728 της
176 3679 396 3739 ἐπανόδου,
418 3689 470 3738 ὡς
489 3689 651 3753 τάχισθ’
670 3695 860 3759 ὥρμησεν
892 3707 958 3752 ἐπὶ
986 3710 1059 3766 τὴν
1089 3714 1218 3779 ἄγραν
1240 3721 1312 3773 τὴν

88 3746 238 3804 συνήθη
260 3753 338 3795 τῶν
362 3755 599 3817 ἑτερογενῶν
627 3764 756 3827 ζῴων,
783 3771 829 3815 τὸ
853 3773 927 3832 μὲν
951 3784 1216 3847 προϋπάρχον
1240 3797 1311 3836 τοῦ

86 3818 243 3874 φωλεοῦ
267 3820 400 3881 στόμα
425 3826 547 3880 λίθοις
576 3833 809 3895 εὐμεγέθεσι
841 3843 910 3887 καὶ
933 3851 987 3908 γῇ
1011 3856 1309 3917 συνῳκοδόμη-

3 3919 11 3926 ,
40 3938 44 3942 η
85 3900 173 3941 σαν,
194 3886 261 3931 τὸν
283 3890 324 3935 δὲ
344 3893 516 3949 πλησίον
540 3902 611 3954 τῆς
632 3903 791 3965 λόχμης
821 3911 942 3958 τόπον
968 3919 1167 3981 ὑπόνομον
1188 3929 1306 3983 ποιή-

81 3970 221 4007 σαντες
252 3958 321 4004 καὶ
360 3961 403 4007 τὸ
437 3966 639 4015 πλόκανον
677 3976 732 4026 εἷς
766 3978 887 4025 αὐτὸν
919 3984 1092 4041 ἐνθέντες
1128 3994 1304 4043 ἐναντίον

1095 157 1174 204 DE
1209 161 1367 212 MAR1
1404 148 1770 230 ERY'THRAEo.

860 265 878 297 ς
899 253 979 295 τοῦ
992 254 1228 314 πλέγματος
1255 266 1434 326 περιδα-

2643 239 2725 280 163.

1469 301 1474 308 ·
1505 283 1852 336 vehementiorem
1881 311 1981 340 escae
2010 307 2235 358 appetitum
2265 314 2484 373 injecisset,
2507 335 2593 370 tum
2623 336 2726 381 intra

1502 362 1629 395 crates
1654 359 1828 403 victimis
1850 365 1902 406 ad
1922 366 2172 415 desiderium
2198 378 2284 431 ejus
2304 385 2615 448 circumpositis,
2647 411 2724 447 tam

1500 420 1679 465 cicurem
1702 435 1741 468 et
1762 430 1970 484 placidum
1996 453 2081 480 esse
2104 441 2271 497 factum,
2301 459 2347 492 ut
2366 468 2441 496 nec
2463 463 2602 506 mitius
2620 470 2727 513 inter

1498 552 1579 592 vim
1599 556 1676 597 sibi
1693 569 1960 618 comparavit,
1980 579 2106 626 utque
2121 576 2208 617 aliae
2222 582 2335 633 prius
2351 599 2434 628 non
2452 592 2544 634 visae
2562 606 2600 637 et
2616 600 2722 642 inso-

1491 632 1618 676 lentes
1637 637 1858 687 bestiarum
1878 652 2031 704 species
2058 656 2100 695 in
2117 661 2305 704 notitiam
2322 668 2561 717 Graecorum
2579 691 2721 732 perve-

1488 715 1626 759 nirent
1655 721 1805 767 effecit.
1867 731 1932 771 Ob
1958 733 2001 774 id
2023 747 2233 782 venatores
2262 749 2446 804 quidam,
2468 770 2596 811 quum
2615 767 2720 818 regis

1484 797 1529 838 in
1552 805 1793 848 muneribus
1808 809 2026 866 largiendis
2039 823 2381 874 magnificentiam
2402 836 2607 894 viderent,
2634 859 2719 888 me-

1483 878 1615 923 diocri
1646 891 1868 932 consociati
1906 909 2096 951 numero,
2132 918 2227 946 cum
2251 911 2341 952 vitae
2363 929 2445 957 suae
2480 919 2716 971 discrimine

1479 977 1611 1008 unum
1623 969 1675 1011 de
1689 979 1948 1029 serpentibus
1968 983 2044 1024 illis
2057 994 2366 1043 praegrandibus
2388 1003 2525 1048 vivum
2539 1010 2713 1056 Alexan-

1476 1045 1611 1091 driam
1647 1053 1701 1094 ad
1732 1071 1870 1112 regem
1899 1060 2177 1121 transportare
2199 1074 2481 1129 decreverunt.

1474 1140 1596 1186 ceptu
1613 1136 1743 1179 ardua
1766 1149 1807 1181 et
1831 1143 1981 1188 effectu
1997 1148 2173 1194 difficilis
2195 1168 2295 1211 erat,
2314 1164 2383 1205 sed
2403 1167 2566 1215 fortuna
2588 1191 2708 1220 cona-

1470 1219 1537 1253 tus
1572 1216 1729 1271 adjuvit
1765 1231 1805 1263 et
1834 1237 1967 1282 coepta
2008 1233 2060 1273 ad
2097 1235 2253 1281 felicem
2290 1247 2445 1290 exitum
2480 1244 2701 1307 promovit.

1467 1295 1634 1339 Etenim
1655 1315 1731 1355 per
1756 1309 2078 1360 speculationem
2105 1318 2349 1375 indagarunt
2372 1344 2599 1386 serpentem
2632 1343 2704 1382 tri-

1465 1377 1576 1431 ginta
1594 1383 1830 1429 cubitorum
1855 1392 1898 1432 in
1915 1398 2066 1450 stagnis
2082 1399 2381 1460 demorantem,
2404 1415 2475 1467 qui
2491 1425 2697 1477 ceteroqui

1462 1462 1582 1515 spiris
1600 1463 1763 1518 jacebat
1790 1472 1997 1528 immotis;
2025 1495 2154 1534 quum
2170 1488 2352 1540 primum
2374 1508 2471 1537 vero
2489 1497 2627 1543 bestiae
2646 1507 2697 1545 ad

1459 1541 1569 1583 sitim
1598 1543 1812 1591 levandam
1833 1553 1914 1595 illic
1932 1559 2125 1602 accedere
2150 1565 2410 1624 videbantur,
2436 1578 2573 1622 subito
2593 1588 2695 1626 exsi-

1455 1619 1557 1665 liens
1580 1640 1755 1683 corpora
1770 1632 1931 1678 illarum
1958 1653 2039 1694 qua
2066 1644 2174 1686 rictu
2196 1651 2278 1690 oris
2302 1666 2490 1712 correpta
2514 1676 2593 1716 qua
2611 1668 2692 1721 spi-

1453 1704 1509 1744 ris
1527 1705 1705 1763 implexa
1719 1720 1813 1755 tam.
1823 1726 1933 1759 arcte
1948 1726 2265 1782 constringebat,
2281 1743 2326 1775 ut
2341 1738 2450 1780 nulla
2470 1757 2688 1789 occurrens

1450 1786 1604 1830 malum
1623 1793 1823 1837 evadendi
1844 1810 1947 1842 esset
1962 1802 2145 1849 facultas.
2206 1815 2348 1865 Quum
2372 1819 2498 1872 igitur
2516 1825 2570 1866 ob
2588 1841 2686 1882 pro-

1447 1865 1646 1912 lixitatem
1672 1879 1857 1931 corporis
1873 1889 1913 1921 et
1940 1892 2096 1928 naturae
2125 1894 2338 1944 segnitiem
2361 1913 2452 1954 spes
2476 1903 2630 1960 laqueis
2645 1920 2684 1951 et

1446 1948 1600 1988 catenis
1622 1953 1818 2005 potiundi
1841 1957 2046 2012 subesset,
2084 1967 2308 2012 confidenti
2340 1977 2523 2029 primum
2543 1985 2681 2026 animo

1442 2020 1686 2078 incurrunt,
1729 2035 1886 2074 cunctis
1920 2036 1972 2077 ad
2004 2053 2246 2093 praesentem
2276 2063 2397 2092 usum
2425 2063 2674 2113 praeparatiS.

1439 2100 1494 2138 At
1526 2115 1609 2154 quo
1642 2108 1813 2161 propius
1846 2113 2070 2167 accedunt,
2104 2135 2152 2160 eo
2181 2123 2272 2177 plus
2301 2132 2469 2172 terroris
2500 2135 2672 2189 invadit,

1436 2188 1566 2228 quum
1590 2181 1730 2222 oculos
1751 2185 1834 2237 igni
1861 2192 1976 2241 quasi
2001 2193 2190 2238 ardentes
2206 2209 2245 2240 et
2260 2214 2427 2247 exsertae
2449 2209 2596 2265 linguae
2615 2218 2672 2256 vi-

1432 2250 1596 2295 bratum
1609 2259 1907 2317 strepitumque
1929 2267 2153 2313 immanem·
2175 2280 2388 2330 asperitate
2407 2298 2667 2339 squamarum

1431 2336 1470 2367 et
1492 2330 1666 2384 virgulta
1701 2324 1987 2389 prosternente
2019 2346 2179 2390 incessu
2212 2356 2433 2401 excitatum
2474 2372 2514 2403 et
2547 2380 2666 2408 enor-

1427 2405 1559 2447 mium
1593 2407 1783 2454 dentium
1826 2421 2153 2471 magnitudinem
2206 2428 2526 2492 adspectumque
2579 2446 2662 2485 oris

1425 2483 1703 2528 truculentum
1725 2498 1765 2530 et
1786 2495 1988 2546 peraltum
2011 2501 2130 2554 spirae
2160 2504 2302 2566 orbem
2326 2509 2656 2566 deprehendunt.

1420 2558 1500 2598 Per
1517 2566 1645 2602 totam
1674 2564 1800 2617 igitur
1830 2567 1974 2612 faciem
1997 2583 2328 2624 consternatione
2352 2588 2492 2640 pallidi
2513 2594 2656 2638 timide

1419 2632 1612 2688 laqueum
1635 2640 1775 2682 caudae
1794 2644 1997 2698 injiciunt.
2059 2655 2142 2705 Qui
2158 2657 2328 2701 simulac
2343 2677 2492 2720 corpus
2507 2671 2652 2724 attigit,

1418 2722 1512 2749 cum
1525 2711 1645 2754 sibilo
1664 2730 1706 2756 se
1721 2728 1952 2763 monstrum
1970 2724 2180 2771 horrendo
2195 2741 2453 2791 retorquenS,
2470 2743 2650 2796 primum

1415 2798 1539 2840 super
1557 2799 1680 2845 caput
1702 2791 1788 2847 ejus
1806 2809 1892 2837 sese
1911 2801 2092 2854 arrigens
2113 2806 2220 2848 rictu
2237 2825 2312 2852 suo
2332 2825 2525 2871 arreptat,
2553 2810 2651 2863 vivi-

1414 2873 1495 2913 que
1524 2862 1661 2906 adhuc
1690 2881 1833 2910 carnes
1855 2871 2049 2927 devorat3
2068 2883 2302 2926 secundum*
2325 2892 2470 2943 procul
2495 2909 2545 2936 ex
2564 2898 2648 2952 ipsa
2671 2901 2675 2908 '

1411 2934 1505 2990 fuga
1523 2940 1643 2994 spirae
1661 2942 1816 2986 innexu
1834 2950 2016 3002 attrahit,
2043 2963 2083 2995 et
2112 2958 2438 3008 circumvolvens
2453 2984 2494 3010 se
2510 2973 2646 3015 medio

1409 3015 1679 3058 constrictum
1707 3030 1849 3063 ventre
1872 3024 2045 3069 firmiter
2067 3039 2191 3075 tenet.
2220 3038 2379 3094 Reliqui
2410 3052 2521 3085 metu
2552 3062 2642 3102 per-

1406 3087 1507 3129 culsi
1544 3089 1639 3146 fuga
1661 3097 1895 3140 consulunt.
1961 3102 1976 3158 ζ
2002 3107 2098 3160 Cap.
2130 3109 2234 3163 37.)
2257 3113 2342 3154 Nec
2371 3123 2506 3158 tamen
2546 3122 2638 3163 ideo

1404 3166 1612 3220 capiendae
1627 3169 1769 3213 belluae
1790 3189 1930 3217 curam
1948 3179 2160 3233 abjiciunt.
2222 3189 2356 3241 Regiae
2375 3193 2485 3233 enim
2502 3200 2636 3238 muni-

1401 3239 1574 3285 ficentiae
1592 3259 1682 3300 spes
1703 3251 1997 3304 periculorum,
2020 3270 2110 3310 quae
2140 3264 2293 3315 experti
2322 3275 2451 3317 erant,
2477 3279 2631 3314 metum

1399 3316 1565 3360 evincit.
1624 3322 1734 3375 Ergo
1764 3325 1877 3378 quod
1904 3329 1942 3367 vi
1965 3344 2198 3385 expugnare
2227 3340 2522 3395 nequiverant,
2546 3356 2631 3389 arte

1396 3391 1575 3449 doloque
1604 3396 1797 3440 edomare
1819 3402 2023 3455 nituntur,
2054 3405 2291 3461 hujusmodi
2327 3412 2380 3453 ad
2416 3430 2505 3458 eam
2537 3433 2623 3462 rem

1392 3469 1564 3511 artificio
1584 3474 1662 3512 usi.
1688 3476 1804 3529 Opus
1828 3478 1936 3518 vitile
1959 3495 2007 3519 ex
2028 3492 2215 3525 conserto
2228 3484 2357 3540 junco
2380 3501 2619 3546 contexunt,

1391 3543 1523 3587 forma
1542 3550 1669 3589 nassis
1687 3544 1876 3603 assimile,
1908 3563 2111 3612 tantaeque
2134 3564 2430 3616 magnitudinis
2445 3578 2486 3610 et
2504 3586 2621 3626 capa·

1388 3623 1542 3673 citatis,
1588 3634 1635 3665 ut
1668 3635 1796 3669 totam
1825 3631 1931 3673 intra
1973 3648 2015 3675 se
2049 3635 2226 3680 belluam
2264 3644 2614 3699 complecteretur.

1386 3697 1611 3739 Observato
1642 3701 1766 3755 igitur
1801 3704 1970 3749 latibulo
1998 3709 2084 3764 ejus
2114 3721 2154 3753 et
2187 3723 2372 3780 tempore
2401 3722 2532 3761 exitus
2564 3723 2614 3762 ad

1381 3783 1543 3828 pastum
1565 3791 1613 3817 ac
1641 3777 1812 3832 reditus,
1845 3797 1973 3837 quum
1995 3787 2177 3841 primum
2205 3790 2257 3831 ad
2291 3802 2524 3834 consuetam
2549 3795 2611 3835 di-

1382 3851 1486 3891 versi
1509 3853 1666 3905 generis
1697 3855 1920 3901 bestiarum
1954 3865 2211 3906 venationem
2242 3869 2445 3921 perrexit,
2470 3871 2607 3923 pristi-

1381 3940 1480 3966 num
1511 3928 1714 3982 speluncae
1752 3934 1903 3976 ostium
1939 3940 2248 3992 praegrandibus
2278 3943 2381 3982 saxis
2420 3951 2606 4000 terraque

1376 4001 1621 4056 obstruunt,
1651 4015 1689 4047 et
1727 4009 1766 4048 in
1803 4011 1937 4052 vicino
1967 4013 2052 4066 ejus
2073 4014 2161 4055 loco
2189 4017 2423 4058 cuniculum
2460 4030 2599 4073 agunt,

2382 4105 2430 4134 ΙΙ.
