2756 4354
161 259 388 294 Lxxxvtu

159 365 282 395 nnnc
300 365 327 393 a
341 347 574 408 Baghdad
591 345 648 391 ad
675 345 918 390 Hamadan
945 339 1222 399 (Ecbatana)
1249 338 1390 401 proti·

158 424 410 477 ciscuntur,
434 421 542 466 dum
567 419 751 477 vulgata
772 415 908 462 lectio
925 414 981 459 ad
996 411 1209 472 ambages
1230 413 1392 459 confu-

158 496 267 558 gere
308 511 394 543 nos
434 503 631 553 cogeret.
674 489 900 536 Defecerit
921 487 1140 533 Chalasar
1168 503 1262 549 quo
1282 497 1393 534 tem-

155 590 270 637 pore
291 587 479 630 surgere
507 569 646 629 coepit
680 563 1028 611 Sassanidarum
1065 563 1194 623 regia
1230 567 1392 615 Dasm.

154 651 271 708 ger-d
301 648 371 691 vel
412 643 676 703 &erugat-d,
714 638 769 684 ad
813 654 950 699 quam
991 638 1243 685 refeoendae
1283 651 1391 686 sunt

156 734 292 767 vastae
331 720 498 772 ruinae,
519 731 620 777 quae
654 714 835 759 nonita
867 713 1005 774 longe
1026 729 1054 759 a
1091 713 1206 760 Silla
1241 714 1388 762 fluvio

154 796 320 841 dissita:
340 790 708 847 Eski-Bagledad
722 803 844 834 nunc
855 788 1013 835 vocari
1027 787 1192 835 solent.
1209 788 1386 843 Quodsi

154 870 364 918 nonnulli
382 883 458 914 eas
489 866 545 912 ad
562 866 782 911 Chalasar
802 865 903 911 sive
920 865 1145 911 Artemita
1160 866 1390 926 pertinere

153 954 393 1008 putarunt,
431 952 508 988 aut
556 940 858 999 neglexerunt
892 938 1035 985 verba
1075 938 1273 995 Isidori,
1313 950 1390 986 aut

151 1023 306 1079 Dje'ala
331 1019 519 1064 ssuvium
542 1027 741 1062 mutasse
759 1029 945 1061 cursum
969 1014 1217 1062 finxerunt.
1240 1016 1388 1076 Caput

149 1096 427 1160 provinciae,
467 1093 789 1156 Apolloniam,
827 1107 920 1137 non
949 1101 1173 1137 memorat
1207 1090 1386 1149 Noster,

149 1173 273 1235 quod
289 1183 415 1220 extra
434 1172 555 1218 viam
573 1169 689 1216 urbs
710 1168 878 1230 posita,
905 1183 998 1213 non
1020 1183 1150 1226 vero,
1171 1178 1221 1213 ut
1250 1167 1389 1214 Rittc·

148 1265 229 1294 rus
250 1248 362 1312 (lx,
389 1265 437 1309 p.
466 1247 582 1305 508)
607 1244 888 1306 suspicatur,
915 1242 1039 1305 quod
1063 1241 1244 1289 viribus
1279 1252 1387 1289 tunc

150 1325 290 1369 fracta
306 1333 424 1369 esset
448 1321 517 1385 (²).

215 1418 233 1446 1
245 1406 318 1453 Aa.
330 1402 609 1445 Custoxrris
618 1397 764 1457 regio,
776 1395 1103 1458 quaedeinceps
1114 1396 1321 1455 sequitur
1330 1398 1386 1440 ab

148 1475 492 1539 Apolloniatide
515 1484 752 1536 separatur
762 1472 880 1534 jugo
899 1481 1134 1529 montano,
1168 1479 1220 1526 ¹4
1243 1472 1386 1517 sclioe-

147 1552 220 1599 nis
242 1551 302 1598 ab
319 1552 554 1598 Artemitis
576 1550 801 1612 sejuncto.
820 1549 967 1611 Caput
994 1549 1249 1610 provinciae
1271 1548 1385 1593 Cha·

146 1635 192 1680 la
219 1634 332 1680 urbs
366 1634 571 1692 (Heli-an
608 1633 789 1692 ruinae)
830 1647 856 1676 a
887 1629 1060 1676 linibus
1092 1629 1300 1675 occiduis
1338 1631 1384 1675 in

146 1721 305 1757 nostra
325 1709 406 1755 via
420 1708 558 1755 distat
580 1707 794 1754 schoenos
823 1707 876 1751 15
892 1740 903 1760 ,
932 1720 958 1750 a
979 1704 1115 1764 Zagri
1148 1704 1355 1750 saucibus
1371 1739 1384 1764 ,

147 1801 230 1848 per
264 1800 379 1847 quas
419 1784 467 1829 in
503 1783 699 1828 Mediam
734 1782 1003 1827 inferiorem
1034 1779 1379 1838 descendimus,

145 1861 359 1908 schoenos
377 1861 430 1906 5:
453 1858 567 1904 adeo
589 1868 639 1903 ut
657 1859 740 1903 viae
754 1856 997 1917 longitudo
1013 1856 1073 1901 sit
1091 1855 1382 1901 scboenorum

146 1954 231 1995 20,
253 1953 340 1999 pro
359 1935 530 1998 quibus
549 1936 597 1980 in
622 1934 780 1980 codice
801 1950 854 1978 αι
882 1932 1058 1978 schoeni
1082 1932 1381 1991 colliguntur,

145 2030 238 2061 tmo
265 2014 469 2060 alterove
502 2028 694 2058 numero
733 2020 966 2071 corrupto.
1001 2010 1240 2055 Distantiae
1269 2008 1384 2053 bene

142 2088 329 2135 habent.
356 2088 480 2134 luter
503 2088 632 2132 vicos
648 2086 879 2147 quinque,
902 2085 982 2145 qui
1006 2084 1182 2143 regioni
1207 2083 1378 2129 adscri-

141 2162 316 2209 buntur
339 2164 528 2209 sortasse
546 2172 676 2208 erant
697 2158 742 2207 'A
752 2158 887 2223 ρραέα
928 2160 941 2218 (
961 2174 1018 2203 an
1041 2162 1258 2203 Reum-ata
1292 2158 1332 2203 Τ
1335 2176 1383 2203 a·

139 2239 263 2286 hulae
286 2240 475 2301 Peut.?)
504 2250 550 2284 et
573 2240 738 2299 Σοῦρα,
760 2251 879 2297 quos
902 2236 950 2281 in
971 2235 1059 2280 hoc
1083 2234 1384 2281 tractu'habet

141 2314 429 2360 Ptolemaeus.
475 2313 639 2359 Nescio
674 2328 730 2357 an
767 2311 1028 2372 pertineant
1062 2308 1120 2354 ad
1143 2309 1302 2355 ruinas
1333 2310 1381 2355 in

139 2389 377 2435 hodiernis
392 2389 506 2433 locis
535 2390 673 2431 Kasri
696 2387 854 2431 Chire‘n
887 2395 932 2430 et
956 2384 1285 2428 Hauch-Kerek
1310 2382 1378 2446 (V.

140 2466 285 2511 Ritter
307 2464 386 2521 lx,
416 2466 521 2518 486.
548 2460 684 2524 542).
1158 2516 1161 2519 Α

210 2541 310 2592 143.
330 2539 492 2584 Meum
510 2552 767 2584 ixi-amonis
785 2535 960 2581 schoeni
986 2551 1043 2579 22
1069 2550 1095 2579 a
1112 2534 1249 2593 Zagri
1274 2550 1380 2594 por-

141 2616 199 2661 tis
223 2615 451 2676 pertinent
472 2613 527 2659 ad
552 2613 786 2664 Isara-Su,
819 2611 899 2671 qui
935 2610 983 2655 in
1007 2610 1156 2653 Kerka
1185 2609 1377 2653 fluvium

140 2707 430 2744 exoneratur.
472 2696 691 2741 Proxime
733 2703 839 2755 post
874 2692 1070 2751 Zagrum
1106 2701 1174 2736 est
1212 2690 1381 2735 Carina

141 2774 303 2835 regio,
346 2773 478 2833 cujus
507 2773 648 2817 fuisse
684 2771 836 2816 locum
862 2768 1212 2828 cognominem,
1241 2765 1379 2828 Καίρι-

139 2867 214 2894 ναν
249 2848 387 2910 (hod.
420 2849 600 2900 Kire‘nd,
636 2848 818 2903 Kemue,
853 2846 1059 2895 Kanmcl,
1105 2843 1295 2886 Kurund
1323 2841 1378 2886 ad

140 2923 246 2986 fluv.
270 2938 402 2982 cogn.
429 2920 484 2968 V.
530 2919 689 2966 Ritter.
715 2916 796 2973 lx,
829 2934 876 2978 p.
919 2918 1001 2976 39¹
1031 2918 1095 2977 )e
1133 2915 1379 2960 Ptolemaeo

137 2997 426 3059 intelligitur.
446 2994 492 3043 ls
506 2994 641 3042 fuerit
653 3009 772 3040 unus
790 2992 847 3038 de
859 2994 1063 3053 quinque
1080 2989 1240 3035 lllediae
1259 2990 1378 3034 inse-

140 3075 281 3122 rioris
298 3074 414 3120 vicis
430 3073 517 3119 viae
526 3082 690 3118 nostrae
702 3070 927 3132 appositis
938 3068 1028 3129 (⁶⁶).
1048 3066 1230 3126 Reliqui
1247 3077 1375 3126 quat·

139 3160 247 3196 tuor
257 3148 578 3211 responderint
595 3147 708 3192 locis
725 3145 1016 3196 Haremabad,
1035 3143 1249 3191 &wer-eli,
1275 3143 1377 3184 Μα-

139 3227 340 3280 ΙιίᾰεεΙιι,
361 3223 662 3268 Kimmnclmle
679 3255 692 3277 ‚
714 3235 796 3282 per
815 3235 916 3281 qua·
939 3217 1076 3262 liodie
1108 3217 1193 3261 iter
1218 3216 1360 3260 ducit.

208 3318 223 3346 1
235 3307 310 3356 [04.
323 3299 363 3344 Τ
367 3299 536 3360 rajecto
549 3300 747 3343 Isara-Su
765 3296 905 3341 ssnvio
917 3294 972 3339 ad
989 3293 1222 3340 sinistram
1236 3290 1375 3337 habes

1194 235 1663 286 PROLEGOMENA.

1458 343 1757 396 Baeton-Ta&
1807 352 2006 390 montem
2044 345 2194 391 ruinis
2240 345 2616 405 celeberrimum,

1458 415 1659 478 Baptana
1670 417 1770 463 sive
1784 414 2051 482 Bagistana(
2068 422 2324 479 Bisoutoun)
2346 420 2525 478 urbem,
2540 438 2567 468 a
2584 423 2676 471 dex

1459 499 1527 536 tra
1549 500 1697 538 autem
1725 494 2017 539 (iambus-Ab
2041 494 2057 555 (
2075 496 2362 540 Gambashah
2387 497 2511 554 aliis,
2531 506 2711 558 parunt

1457 577 1666 614 accurate
1689 570 1702 627 )
1724 568 1918 615 fluvium
1933 604 1946 628 ,
1968 570 2048 629 qui
2088 570 2370 616 Cannium:
2401 573 2413 634 (
2433 574 2694 620 Clamaba-
2720 627 2721 630 Ἰ

1456 644 1577 704 dan)
1597 643 1776 703 regioni
1801 660 1968 690 nomen
2008 645 2190 691 dedisse
2208 646 2406 692 videtur.
2437 648 2549 694 Pars
2571 648 2705 710 ejus,-

1459 733 1541 780 per
1576 734 1713 780 quam
1737 718 2033 765 itinerarium
2060 730 2264 765 nostrum
2300 720 2453 778 ducit,
2471 738 2612 783 quum
2635 723 2725 770 ad?

1458 793 1650 839 limitem
1675 809 1702 839 a
1723 793 1966 840 Concobar
1990 797 2299 856 (Kongawar)
2329 795 2478 843 tribus
2495 796 2699 845 scboeuis
2732 818 2733 823 ¹

1457 882 1669 913 occasum
1693 882 1857 915 versus
1879 868 2091 915 dissitum
2117 871 2358 932 pertineat,
2381 872 2469 917 viae
2491 872 2694 932 longitu-
2718 887 2722 893 ·

1457 942 1518 988 do
1536 942 1755 1012 tredecim
1779 943 1992 990 schoenos
2010 945 2231 992 excedere
2251 963 2340 993 non
2359 949 2523 1010 potuit.
2543 948 2705 1003 Quare
2727 976 2729 978 ·

1457 1019 1507 1064 in
1531 1019 1789 1082 Excerptis,
1824 1037 1926 1081 quae
1945 1019 1999 1067 31
2028 1022 2239 1069 schoenos
2273 1023 2575 1072 Cambadenae
2609 1027 2695 1073 tri·

1456 1093 1628 1154 buum,
1670 1105 1870 1141 erratum
1909 1097 2088 1157 aliquid
2122 1112 2221 1143 esse
2253 1098 2406 1156 debet,
2437 1100 2537 1146 sive
2568 1101 2694 1163 quod

1454 1186 1591 1215 voces
1614 1170 1880 1232 τρισκαίδεκα
1903 1181 1948 1217 et
1970 1171 2187 1234 τριάκοντα
2207 1171 2279 1218 ἕνα
2294 1173 2449 1219 scriba
2467 1175 2692 1237 confudit,

1456 1246 1556 1291 sive
1584 1246 1707 1306 quod
1737 1245 1794 1292 ad
1813 1256 2015 1293 nostram
2044 1248 2170 1293 viam
2197 1258 2439 1310 excerptor
2459 1252 2694 1299 transtulit

1456 1338 1558 1384 quae
1579 1325 1620 1368 ἐν
1639 1322 1808 1386 παρόδῳ
1832 1322 2040 1370 Isidorus
2062 1325 2254 1371 sortasse
2274 1337 2537 1383 monuerat,
2561 1327 2691 1375 vide·

1455 1399 1563 1444 licet
1592 1397 1939 1454 Cambadenen,
1966 1400 2004 1445 si
2042 1400 2148 1460 quis
2179 1401 2421 1446 maximam
2455 1401 2555 1462 ejus
2591 1402 2695 1450 lon-

1456 1473 1708 1534 gitudinem
1737 1475 2075 1536 peragraverit,
2097 1490 2195 1521 esse
2211 1475 2501 1522 schoenorum
2522 1477 2693 1537 trigin-

1455 1562 1500 1596 ta
1518 1562 1562 1596 et
1587 1551 1742 1598 unius.
2262 1544 2268 1548 ’

1525 1627 1623 1682 145.
1647 1626 1748 1672 Jam
1767 1629 1975 1690 seqnitur
1991 1628 2142 1674 Manu
2159 1644 2394 1689 summos,
2413 1645 2438 1674 a
2456 1629 2589 1691 cujus
2609 1632 2696 1678 ini·

1455 1706 1522 1751 tio
1543 1705 1600 1750 ad
1622 1703 1864 1750 Concobar
1894 1715 2001 1751 sunt
2024 1706 2199 1751 schoeni
2221 1716 2329 1764 tres,
2353 1706 2461 1751 hinc
2476 1707 2533 1752 ad
2554 1707 2694 1754 Bazi-

1457 1779 1631 1839 graban
1669 1780 1749 1825 alii
1779 1790 1887 1837 tres,
1928 1791 2022 1825 tum
2060 1780 2115 1825 ad
2148 1780 2421 1842 Adrapanan
2450 1792 2726 1845 quattuol-3*⁸

1454 1855 1562 1900 inde
1577 1855 1632 1901 ad
1652 1855 1819 1901 Bataua
1838 1856 1936 1900 sive
1960 1854 2195 1914 Agbatana
2211 1856 2701 1918 (Hamadanfinaltero

1454 1931 1616 1977 codice
1638 1943 1961 1993 computantur
1982 1932 2155 1978 schoeni
2185 1932 2428 1979 duodecim
2443 1968 2456 1990 ‚
2475 1936 2522 1979 in
2546 1933 2713 1982 alteru?

1453 2006 1546 2051 duo
1587 2006 1906 2063 solummodo,
1940 2007 2080 2067 idque
2106 2011 2297 2064 rectius;
2339 2024 2443 2054 nam
2473 2024 2620 2072 usque
2634 2009 2702 2059 a&

1453 2084 1692 2127 Hamadan
1707 2083 1754 2127 in
1766 2081 1972 2144 Kieperti
1985 2098 2148 2143 mappa
2164 2084 2329 2128 metior
2343 2083 2694 2134 schoenoscirci-
2715 2090 2719 2091 ⁷

1453 2168 1521 2203 ter
1539 2157 1800 2219 quindecim
1815 2175 1828 2214 ;
1854 2158 1902 2203 in
1918 2157 2145 2219 excerptis
2159 2158 2329 2204 nostris
2347 2158 2494 2205 forent
2510 2158 2693 2208 duode-

1451 2232 1559 2280 cim.
1586 2232 1768 2293 Reliqui
1790 2231 1950 2278 Mediae
1971 2234 2224 2294 superioris
2247 2232 2423 2279 schoeni
2448 2237 2533 2290 26,
2569 2234 2691 2283 haud
2719 2238 2722 2244 '

1450 2308 1593 2356 dubie
1609 2310 1840 2371 pertinent
1858 2325 2004 2371 usque
2031 2308 2088 2355 ad
2109 2320 2285 2356 montes
2300 2311 2552 2370 libat-agan
2573 2312 2690 2374 (Ἰα-

1451 2385 1584 2430 σόνιον
1606 2384 1696 2447 ὄρος
1720 2385 1989 2444 Ptolemaei),
2003 2400 2202 2445 quorum
2223 2384 2386 2445 jugum
2406 2400 2527 2448 pone
2546 2387 2700 2433 Acoeten

1450 2460 1604 2506 locum
1628 2460 1969 2519 exporrigitur3
2006 2475 2280 2520 quamquam
2313 2460 2556 2517 distantia,
2580 2462 2620 2508 si
2640 2462 2695 2510 in

1450 2538 1590 2598 plano
1608 2537 1828 2593 metiaris,
1841 2537 1996 2597 paullo
2011 2537 2162 2582 minor
2179 2546 2262 2583 est.
2285 2536 2419 2591 Quod
2431 2538 2613 2598 singula
2623 2548 2690 2585 at·

1450 2614 1588 2666 tinet,
1612 2612 1886 2674 Adrapanan
1907 2613 2057 2672 regia,
2079 2612 2195 2658 duos
2211 2611 2269 2659 ab
2284 2612 2530 2674 Agbatanis
2542 2613 2694 2661 scboe·

1450 2705 1534 2735 nos
1560 2689 1759 2745 distans,
1782 2704 1875 2735 non
1900 2690 2083 2735 diversa
2105 2690 2241 2735 suerit
2263 2689 2321 2735 ab
2342 2706 2396 2736 ea
2418 2691 2688 2752 quamDio-
2709 2741 2711 2743 ,

1449 2764 1591 2810 (lorus
1626 2775 1848 2810 memorat
1870 2763 1998 2824 xlx,
2026 2771 2135 2823 alhs
2165 2783 2174 2810 :
2217 2763 2267 2811 Ὁ
2291 2761 2333 2810 δὲ
2369 2764 2589 2828 Ἀντίγονος
2613 2765 2695 2825 τὴν

1449 2839 1621 2898 δύναμιν
1646 2837 1814 2884 ἅπασαν
1842 2837 2062 2884 ἀναλαὸὼν
2097 2841 2153 2891 εἰς
2175 2839 2361 2896 Μηδίαν,
2391 2838 2512 2893 αὐτὸς
2540 2838 2616 2901 μὶν
2645 2836 2687 2887 Β

1447 2932 1526 2959 τινι
1556 2913 1677 2975 κώμῃ
1708 2913 2017 2976 παρεχείμασεν
2046 2913 2147 2975 οὔσῃ
2185 2914 2360 2970 πλησίον
2390 2913 2686 2976 Ἐκὸατᾶνωνζ

1448 2982 1537 3050 ἕνῇ
1563 2990 1636 3043 τῆς
1672 2987 1813 3050 χώρας
1848 2988 2003 3044 ἐκείνης
2037 2988 2124 3033 ἐστὶ
2154 2988 2204 3034 τὰ
2232 2988 2442 3050 βασίλεια.
2477 2989 2686 3051 Baim-

1447 3065 1537 3108 ban
1570 3062 1758 3108 τελώνιον
1792 3063 1848 3108 ad
1875 3063 2025 3109 fauces
2063 3063 2182 3109 inter
2211 3066 2405 3109 Elwend
2438 3074 2483 3110 et
2510 3056 2699 3125 Sanguen?

1451 3149 1626 3184 inoiitcs
1646 3140 1768 3183 circa
1792 3137 2059 3183 hodiernam
2084 3141 2335 3183 Saadabad
2351 3139 2487 3184 situm
2510 3139 2662 3186 suerit.
2695 3167 2697 3170 .

1518 3217 1622 3268 146.
1652 3214 1811 3258 Μεοιε
1829 3214 2073 3259 {luscus-a:
2100 3214 2276 3259 schoeni
2305 3214 2364 3259 58
2382 3229 2411 3259 a
2435 3215 2693 3274 Klmragaae

1449 3300 1602 3334 monte
1630 3305 1772 3350 usquc
1805 3289 1860 3333 ad
1887 3292 2072 3332 Sirdara
2102 3289 2199 3334 sive
2235 3289 2448 3350 Caspium
2482 3292 2692 3337 montem

23 3505 46 3509 “
134 3513 246 3562 greci
261 3511 390 3559 ωαψς
402 3511 619 3559 Witbergus
633 3521 655 3547 e
675 3509 798 3547 latinis
809 3507 913 3546 dedit
925 3509 993 3546 8¹⁹
1005 3506 1079 3552 30⁶,
1099 3509 1164 3545 3⁶·
1183 3502 1257 3547 δυ’.
1270 3503 1395 3542 nescio
1410 3511 1485 3551 qua
1501 3500 1549 3540 de
1568 3502 1720 3548 causa).
1743 3502 1845 3538 Situs
1858 3499 1960 3538 urbis
1975 3500 2165 3539 incertior.
2183 3502 2283 3539 luter
2298 3501 2420 3539 varias
2431 3501 2692 3552 conjecturas„

187 3459 238 3505 (·)
264 3457 492 3496 Ptolemaeus
507 3458 574 3502 Vi,
595 3462 607 3494 1
629 3466 665 3503 p.
685 3458 772 3501 389,
785 3453 849 3501 qui
868 3451 1049 3491 Artemita
1067 3450 1170 3499 ponit
1187 3452 1251 3489 81·
1270 3446 1324 3488 ¹5¹
1336 3446 1453 3495 long..
1473 3445 1536 3485 36·
1550 3445 1633 3492 lat..
1649 3445 1879 3491 Apolloniam
1895 3445 2055 3482 collocat
2074 3447 2138 3482 δι’
2162 3445 2214 3483 10·
2230 3444 2347 3492 long„
2364 3447 2430 3483 36·
2452 3445 2505 3484 10’
2522 3444 2590 3483 lat.
2604 3444 2672 3494 (sit

135 3577 233 3618 quas
250 3567 420 3607 Ritterus
438 3566 592 3614 profert,
614 3564 888 3603 verisimillima
902 3566 958 3601 est
978 3562 1039 3600 illa
1062 3563 1143 3608 (ΙΧ,
1163 3572 1200 3610 p.
1221 3559 1331 3606 513),
1353 3568 1398 3596 ex
1422 3567 1497 3606 qua
1513 3555 1707 3605 Apollonia
1729 3555 1848 3603 quaeri
1866 3554 1978 3594 debet
2001 3554 2038 3592 in
2066 3555 2258 3594 ruinarum
2278 3556 2437 3594 tumulis
2457 3565 2572 3606 prope
2591 3555 2682 3597 uod.

134 3624 256 3664 Rara
292 3624 405 3670 repe.
440 3623 561 3660 Locus
588 3621 649 3659 liic
666 3620 813 3668 adjacet
845 3619 1089 3666 Naum-su)
1115 3616 1246 3662 fluvio,
1278 3618 1318 3654 et
1335 3612 1468 3661 canati,
1487 3621 1576 3660 quoe
1594 3621 1639 3650 ex
1676 3610 1816 3659 Djiala
1838 3609 1876 3648 n.
1909 3610 1945 3647 in
1965 3612 2097 3649 Narin
2118 3613 2207 3649 exit.
2235 3610 2381 3649 positus
2404 3612 2462 3649 est
2483 3609 2520 3649 ln
2548 3617 2684 3660 mappa

133 3677 342 3719 novissima
366 3677 381 3726 (
402 3677 703 3715 vvest-Pernen
735 3668 953 3713 biae-betici
983 3683 1059 3711 von
1083 3673 1262 3720 Κῆρα-ί.
1283 3667 1425 3709 Berlin
1460 3670 1552 3706 ¹852
1570 3669 1582 3714 )
1602 3667 1640 3706 ln
1668 3665 1801 3705 eodem
1837 3665 2078 3713 longitudinis
2108 3667 2225 3714 gradu
2258 3668 2295 3705 in
2320 3676 2396 3716 quo
2421 3664 2624 3706 Howeiselt
2643 3664 2689 3705 4

134 3734 229 3776 Deli
245 3733 440 3781 Δὸἃιηι
461 3724 603 3781 quibu!
622 3730 773 3769 boream
798 3739 930 3767 versus
956 3727 1070 3766 distat
1087 3725 1163 3765 25⁹:
1184 3726 1279 3764 adeo
1309 3727 1352 3763 ut
1380 3722 1624 3771 longitudinis
1643 3725 1732 3760 nota
1751 3721 1851 3770 apud
1882 3723 2125 3761 Ptolemaeum
2160 3723 2199 3761 in
2219 3722 2368 3771 vulgata
2386 3721 2478 3760 satis
2495 3723 2595 3759 recte
2614 3720 2682 3759 lia·

133 3789 237 3839 but,
251 3786 495 3829 nutunnm
517 3797 608 3825 vero
634 3785 672 3824 in
694 3784 819 3823 latinis
836 3782 949 3822 codd.
969 3782 1017 3821 ad
1042 3791 1173 3820 verum
1196 3782 1351 3830 propius
1377 3778 1555 3818 accedere
1577 3778 1730 3818 dixeris.
1756 3778 1941 3817 Montium
1966 3778 2116 3827 jugum,
2135 3778 2237 3828 quod
2258 3779 2367 3827 juxta
2399 3779 2515 3817 Rara
2541 3779 2643 3827 Teps
2658 3772 2696 3816 ι’

132 3848 271 3888 Narin
294 3844 469 3885 fluviona
484 3842 611 3892 Tigrin
631 3840 846 3891 porrigitur,
865 3842 1023 3878 vocatur
1045 3837 1183 3886 Djebel
1201 3838 1393 3883 Hanirin,
1419 3834 1595 3884 idemque
1615 3834 1794 3883 estquod
1815 3834 1982 3883 Ὀρεικον
2001 3834 2083 3883 ὄρος
2102 3834 2195 3874 dicit
2213 3832 2393 3882 Polybius
2412 3834 2461 3879 V,
2480 3837 2543 3879 52,
2559 3837 2594 3879 ³,
2614 3828 2684 3880 ub!

134 3900 325 3939 Molonem
345 3908 368 3938 a
389 3897 499 3937 Duris
514 3900 553 3936 et
574 3895 726 3945 Tigride
754 3894 899 3933 octavis
918 3894 1050 3931 rastris
1067 3894 1244 3941 munerato
1265 3890 1377 3930 orico
1401 3892 1529 3929 monte
1546 3891 1779 3940 Apolloniam
1800 3891 1948 3928 venisse
1967 3890 2094 3929 tradit.
2119 3914 2167 3923 -
2187 3892 2275 3938 Pag.
2297 3890 2369 3928 249
2384 3886 2452 3926 liu.
2474 3887 2544 3926 ult.
2562 3883 2691 3926 deleri?

134 3954 250 3993 velim
269 3953 407 3994 verba:
422 3951 661 4004 quatsuerit
674 3953 814 4000 polius
831 3950 1060 3998 Apollonia.

186 4010 259 4058 (”)
282 4008 378 4047 cod.
404 4008 519 4047 verba
539 4008 565 4054 ἡ
585 4006 692 4057 χώρα
715 4004 880 4056 Κάμνα,
900 4003 978 4053 ἐνῇ
1004 4007 1131 4052 κῶμαι
1155 4001 1197 4048 ε’,
1222 4003 1260 4041 ἐν
1275 4001 1332 4045 αῖς
1351 4001 1511 4050 orata&
1531 3999 1583 4047 (l.
1608 4000 1764 4049 σταθμοί
1783 4002 1811 4048 ),
1839 4001 1890 4039 ita
1911 4001 2089 4050 intellige,
2110 4004 2154 4040 ut
2170 4001 2207 4040 tv
2234 3998 2258 4048 ἦ
2276 3999 2456 4038 referatur
2474 3998 2520 4036 ad
2537 4005 2683 4047 prmae-

138 4062 231 4102 ‹lens
247 4066 271 4108 ἡ
290 4064 426 4108 Μηδία.
445 4060 554 4109 Quod
575 4062 613 4100 in
630 4059 789 4100 barbara
814 4062 1078 4109 excerptorum
1100 4059 1289 4107 graeoitatc
1311 4058 1402 4096 niliil
1425 4055 1541 4096 liabct
1563 4067 1631 4094 cin·
1650 4057 1810 4094 nurci-is.
