2782 4348
134 179 209 238 (⁴13,
222 179 298 237 44.)

132 281 206 336 τὴν
237 281 347 327 ἰδέαν
371 281 492 341 ὁμοία
517 279 698 326 πελέκει.
769 277 893 325 Ἔστι
917 280 995 340 γὰρ
1017 281 1126 326 κατὰ
1156 282 1361 328 θάλατταν

132 352 332 406 πλατεῖα,
349 348 456 395 κατὰ
479 347 519 392 δὲ
537 346 754 407 μεσ-ογείοιν
774 347 1001 408 στενωτέρα
1014 383 1026 407 ,
1045 348 1152 393 κατὰ
1173 350 1215 394 δὲ
1236 350 1363 410 Μέμ-

134 438 203 480 φιν
241 416 474 472 στενωτάτη
510 409 648 470 αὑτῆς·
683 414 823 460 ἔπειτα
858 415 899 460 δὲ
936 418 992 468 εἷς
1028 418 1244 477 μεσογείαν
1281 421 1362 465 ἀπὸ

130 487 338 550 Μέμφεως
361 483 460 528 ἰόντι
476 482 730 544 πλατυτέρα,
756 483 863 528 κατὰ
889 483 930 528 δὲ
950 484 995 529 τὸ
1015 485 1213 548 ἀνώτερον
1237 490 1362 543 αὑτῆς

457 551 518 598 Τὸ
540 551 658 614 μέρος
673 551 719 597 τὸ
744 551 895 598 ἄνωθεν
913 553 1130 616 Μέμφιδος
1147 556 1360 616 Αἰγύπτου

127 623 215 671 ἐστὶ
234 622 279 667 τὸ
301 622 493 666 πλεῖστον
514 619 540 675 ἢ
567 620 612 666 τὸ
636 620 750 684 παρὰ
774 622 1002 669 θάλασσαν.
1070 623 1132 670 Τὸ
1153 624 1194 669 δὲ
1218 628 1361 671 Κανω-

127 690 246 736 πικὸν
284 689 418 748 στόμα
456 689 580 751 ὁρίζει
605 688 743 735 Ἀσίαν
769 689 840 735 καὶ
862 690 1038 747 Λιὸύην.
1105 693 1359 754 Παράπλους

125 760 161 805 δ’
198 759 306 804 ἐστὶν
331 757 546 819 Αἰγύπτου
585 758 667 803 ἀπὸ
702 759 939 815 Πηλουσίου
975 760 1178 821 στόματος
1211 763 1358 808 στάδια

125 829 220 892 ,ατ’.
244 831 332 883 Τῆς
356 825 397 873 δὲ
419 827 591 879 Ἀσίας-ὃ
616 827 868 889 περίπλους(
886 828 970 874 ἔστι
992 830 1072 892 γὰρ
1091 832 1357 894 περιφερὴς),

123 897 370 959 λογιζομένῳ
394 897 500 942 κατὰ
537 896 604 941 τὸν
633 897 756 943 αὐτὸν
777 898 925 961 τρόπον
946 897 989 944 ὃν
1023 899 1118 961 περὶ
1153 900 1357 962 Εὐρώπης

120 967 376 1030 γέγραπται,
412 969 579 1027 ἡμερῶν
609 965 695 1011 ἐστὶ
733 967 816 1020 πζ’.
888 967 988 1014 Ἐπὶ
1012 967 1053 1014 δὲ
1086 972 1144 1032 τῷ
1182 970 1357 1029 στόματι

120 1039 179 1098 τῷ
214 1039 453 1098 Κανωπικῷ
475 1039 560 1080 ἐστι
584 1040 704 1091 νῆσος
726 1036 861 1097 ἐρήμη
878 1072 890 1092 ,
922 1031 950 1098 ᾗ
981 1036 1111 1097 ὄνομα
1137 1039 1355 1091 Κάνωπος·

118 1104 192 1150 καὶ
216 1105 369 1164 σημεῖά
390 1107 496 1149 ἐστιν
516 1107 555 1149 ἓν
575 1107 766 1166 morfia-03
788 1106 998 1166 Μενέλεω,
1019 1111 1089 1151 τοῦ
1105 1106 1356 1168 κυὸερνήτου

121 1178 191 1219 τοῦ
244 1173 326 1219 ἀπὸ
381 1173 561 1234 Τροίας,
600 1166 634 1236 ᾧ
668 1174 798 1234 ὄνομα
836 1174 1062 1231 Κάνωπος,
1102 1175 1148 1220 τὸ
1191 1179 1352 1235 μνῆμα.

122 1242 300 1303 Λέγουσι
325 1241 365 1287 δὲ
390 1242 611 1303 Αἰγύπτιοί
633 1261 677 1287 τε
700 1242 770 1287 καὶ
796 1245 831 1287 οἱ
852 1242 1105 1304 προσχώριοι
1129 1247 1164 1288 οἱ
1184 1246 1266 1294 τοῖς
1287 1243 1354 1288 τό·

122 1330 213 1364 ποις
250 1311 485 1366 Πηλούσιον
520 1310 633 1366 ἥκειν
670 1311 738 1357 ἐπὶ
778 1313 822 1356 τὸ
847 1312 1028 1369 Κάσιον,
1053 1312 1123 1356 καὶ
1147 1312 1352 1357 Κάνωπον

118 1381 230 1436 ἥκειν
254 1380 320 1426 ἐπὶ
340 1380 413 1436 τὴν
444 1384 580 1437 νῆσον,
604 1373 648 1425 οἷ
679 1380 724 1425 τὸ
745 1384 891 1441 μνῆμα
913 1386 985 1426 τοῦ
1010 1381 1279 1444 κυὸερνήτου.

129 553 368 608 πλατυτάτη
378 589 387 599 .

634 1527 830 1573 ΛΙΒΥΗ.

180 1664 253 1695 107.
274 1644 470 1709 Ἄρχεται
489 1650 514 1702 ἡ
533 1646 667 1703 Λιὸύη
686 1647 767 1693 ἀπὸ
786 1653 856 1694 τοῦ
874 1651 1126 1695 Κανωπικοῧ
1148 1650 1348 1708 στόματος

109 1721 183 1763 τοῦ
203 1716 368 1765 Νείλου.
415 1717 783 1764 'AArPMAXIAAL
852 1717 1178 1771 ἜθνοςΛιὸύων
1204 1720 1346 1783 Ἀδυρ-

117 1786 310 1848 μαχίδαι.
380 1786 457 1832 Ἐκ
495 1786 682 1838 Θώνιδος
713 1787 755 1831 δὲ
793 1789 920 1846 πλοῦς,
953 1791 1009 1839 εἰς
1036 1789 1180 1851 Φάρον
1222 1793 1346 1844 νῆσον

114 1856 264 1917 ἔρημον
285 1856 529 1917 [[εὖλίμενος
555 1855 597 1901 δὲ
618 1857 687 1902 καὶ
712 1857 916 1920 ἄνυδρος]
947 1858 1094 1902 στάδια
1131 1858 1202 1920 ρν’.
1272 1859 1344 1904 Ἐν

106 2018 191 2045 em.
220 2004 337 2045 editt.
377 2006 393 2058 Η
415 2029 472 2035 —
490 2005 642 2060 ὁμοία
672 2006 880 2047 πελέκει.
900 2008 915 2062 ]
948 2027 964 2041 «
987 2009 1101 2047 Cette
1121 2007 1351 2060 configura-

108 2068 194 2107 tion
213 2067 318 2107 n’est
335 2075 474 2108 exacte
489 2082 569 2122 que
588 2069 621 2108 si
641 2068 724 2109 l'on
738 2068 904 2109 s’arrete
918 2068 941 2109 a
966 2071 1148 2123 Fagoum
1165 2085 1175 2119 ;
1194 2084 1247 2109 au
1262 2069 1350 2109 dela

104 2129 144 2169 la
160 2129 282 2170 vallee
297 2129 462 2170 devient
481 2130 816 2171 insensiblement
831 2131 883 2171 de
901 2131 993 2186 plus
1009 2146 1059 2171 en
1080 2131 1171 2186 plus
1186 2133 1347 2172 etroite.

107 2191 221 2231 Celui
255 2193 326 2246 qui
349 2207 374 2232 a
405 2193 507 2232 ecrit
540 2201 643 2232 cette
670 2193 923 2248 description
951 2192 1102 2233 n’avait
1130 2192 1240 2232 donc
1265 2194 1349 2254 evi-

107 2252 317 2293 demment
340 2253 494 2306 qu’une
523 2254 813 2293 connaissance
839 2253 1174 2308 tres-imparfaite
1195 2253 1248 2293 de
1270 2253 1351 2294 l’E-

106 2323 227 2369 gypte
249 2329 301 2355 au
317 2314 407 2354 dela
433 2315 485 2354 de
505 2329 550 2354 ce
578 2316 723 2369 point;
754 2316 858 2355 ainsi
880 2316 964 2356 l'on
980 2324 1079 2370 peut
1093 2314 1286 2369 regarder
1304 2330 1350 2356 ce

104 2389 271 2429 passage
291 2391 452 2416 comme
472 2390 555 2416 une
580 2390 735 2431 preuve
754 2376 805 2416 de
829 2376 1100 2417 l’anciennetc':
1122 2376 1194 2417 des
1223 2379 1350 2417 mate-

104 2439 223 2478 riaux
256 2436 355 2478 d'oh
375 2453 398 2478 a
423 2440 486 2478 ete
512 2439 613 2478 tiree
643 2438 681 2479 la
709 2438 961 2494 description
993 2439 1045 2479 de
1074 2439 1112 2479 la
1140 2439 1230 2480 cote
1252 2430 1349 2481 (ΓΕ-

104 2509 240 2555 gypte.
263 2520 280 2536 n
303 2503 581 2541 LETRONNIUS
604 2503 656 2541 P.
676 2504 728 2542 G.
750 2515 794 2556 p.
815 2502 912 2542 225.
937 2500 1126 2543 Aliorum
1148 2501 1200 2542 de
1218 2502 1347 2555 figura

103 2562 265 2616 AEgypti
301 2562 522 2602 sententias
542 2577 582 2602 v.
609 2577 676 2617 ap.
712 2564 885 2618 Dionys.
911 2566 993 2613 242
1012 2564 1114 2618 ibiq.
1135 2565 1343 2614 Eustath„

102 2632 143 2663 et
166 2624 357 2664 Strabon.
378 2639 421 2680 p.
445 2627 542 2678 789.
561 2624 626 2666 Cf.
648 2625 860 2678 Forbiger.
880 2628 937 2676 H,
963 2640 1006 2681 p.
1033 2630 1128 2680 767.
1160 2627 1176 2679 Η
1198 2650 1254 2656 -
1269 2627 1345 2666 αὕ-

102 2689 212 2741 της]
232 2687 368 2737 editt.;
396 2686 510 2738 αὐτῆς
530 2687 625 2728 cod.
649 2688 742 2741 11-
767 2689 1027 2743 Μέμφιδος
1056 2688 1341 2744 Αἰγύπτου]

101 2748 294 2804 Αἰγύπτου
314 2749 355 2789 Μ
362 2781 370 2790 .
394 2748 549 2799 codex3
572 2764 653 2791 em.
672 2749 862 2791 Clausen.
881 2752 995 2791 Fort.
1016 2758 1180 2806 praestat
1199 2750 1345 2804 ejicere

102 2826 142 2852 v.
160 2811 368 2867 Αἰγύπτου,
387 2813 447 2852 uti
468 2812 625 2853 Gailius
641 2812 785 2853 voluit.
809 2813 824 2867 Η
849 2836 906 2844 -—
919 2813 1153 2854 πλεῖστον
1171 2813 1221 2867 ἢ]
1242 2814 1263 2864 ἢ
1284 2814 1345 2853 in-

101 2874 265 2914 terdum
287 2883 380 2930 post
395 2874 664 2930 superlativos
687 2875 788 2929 poni
808 2882 981 2915 constat.
1004 2875 1021 2928 ll
1048 2875 1199 2930 -10‘T'
1215 2876 1248 2928 J,
1270 2875 1346 2930 ,βτ’

96 2935 230 2976 codex
245 2952 256 2986 ;
281 2951 363 2977 em.
390 2937 589 2977 Millerus.
614 2937 780 2977 Etenim
813 2938 919 2978 1300
950 2936 1081 2977 stadia
1102 2945 1345 2992 computant

102 2999 278 3040 Diodor.
302 3002 345 3050 Ι,
373 3000 441 3050 34,
476 3000 623 3040 Strabo
651 3001 790 3049 XVII,
828 3013 873 3055 p.
899 3014 976 3054 791
1015 2999 1088 3055 (p.
1114 2999 1192 3053 587
1216 2999 1340 3040 codd.

100 3061 284 3116 praebent
309 3063 431 3112 3300,
458 3071 498 3102 et
530 3077 574 3117 p.
614 3065 665 3111 64
687 3062 789 3103 stad..
827 3062 933 3104 1500
949 3065 982 3116 );
1017 3062 1174 3103 Plinius
1203 3063 1258 3102 V.
1292 3076 1340 3115 19

100 3123 223 3165 habet·
260 3139 337 3178 170
370 3125 472 3166 mill.
511 3124 572 3181 (i.
610 3140 647 3166 e.
685 3126 791 3166 1360
821 3124 926 3177 stad.
947 3124 980 3180 ).
1007 3125 1022 3178 ll
1059 3127 1340 3176 -νῆσος...

103 3184 251 3240 ἐρήμη
276 3187 472 3228 Κάνωπο
487 3189 527 3242 ς]
553 3207 569 3223 «ι
591 3187 856 3228 1ἐίοι)5ει·νῤ
876 3188 891 3240 (
909 3187 1011 3227 dans
1031 3187 1068 3228 la
1084 3187 1263 3228 traduct.
1287 3188 1339 3229 sr.

102 3246 152 3286 de
173 3249 380 3300 Strabon.,
404 3258 436 3290 t.
455 3251 512 3300 V,
536 3265 580 3305 p.
607 3248 687 3298 359
705 3250 719 3306 )
738 3264 818 3305 que
834 3251 1016 3305 Canope,
1044 3250 1151 3301 ville,
1171 3259 1230 3291 est
1245 3252 1341 3305 pre-

103 3311 238 3350 sentee
267 3311 368 3352 dans
391 3312 428 3352 le
457 3312 616 3367 Periple
641 3327 802 3353 comme
820 3327 903 3353 une
927 3313 1020 3353 ville
1039 3327 1095 3353 ou
1117 3327 1199 3353 une
1229 3327 1341 3368 pres-

102 3369 226 3423 qu’ile
245 3371 448 3412 inhabitee
468 3373 483 3425 (
495 3372 536 3426 je
562 3372 625 3413 dis
644 3387 725 3414 une
738 3375 961 3431 presqu’He
975 3389 1097 3430 parce
1114 3389 1194 3430 que
1225 3378 1340 3426 νῆσος

104 3445 125 3485 a
146 3431 396 3485 quelquefois
416 3449 460 3474 ce
477 3449 569 3474 sens
585 3434 686 3476 dans
702 3436 759 3477 les
773 3438 939 3478 anciens
957 3446 1123 3478 auteurs
1139 3439 1172 3491 )‚
1203 3437 1339 3478 tandis

104 3506 184 3546 que
199 3493 371 3544 Thonis,
393 3497 520 3536 situee
536 3496 751 3552 aupres'de
766 3501 948 3554 Canope,
966 3508 1006 3541 et
1026 3501 1097 3555 qui
1114 3500 1176 3541 fut
1195 3501 1338 3541 ruinee

103 3553 219 3608 apres
245 3554 282 3595 la
315 3555 529 3598 fondation
566 3558 618 3599 de
650 3569 753 3601 cette
786 3560 996 3613 derniere,
1021 3577 1047 3617 y
1079 3570 1139 3603 est
1174 3561 1336 3603 donnee

96 3630 264 3656 comme
283 3631 365 3657 une
392 3618 482 3659 ville
506 3634 654 3661 encore
677 3623 875 3664 existante
894 3636 904 3664 ε
928 3638 977 3665 or
1006 3624 1044 3665 la
1066 3624 1158 3664 ville
1176 3624 1228 3664 de
1257 3626 1332 3665 Ca-

101 3691 210 3732 nope
240 3686 300 3718 est
325 3677 415 3732 deja
451 3680 552 3720 citee
580 3694 654 3735 par
687 3683 860 3738 Eschyle
897 3684 998 3725 dans
1025 3685 1063 3725 le
1091 3686 1334 3727 Prometheo

101 3738 294 3789 lie,'ecrit
311 3754 400 3780 vers
421 3741 501 3789 450
515 3755 580 3782 aV.
598 3744 638 3783 J.
659 3744 706 3783 C.
729 3744 765 3784 Il
784 3753 844 3785 est
862 3745 960 3786 clair
978 3760 1058 3800 que
1084 3755 1187 3787 cette
1202 3748 1333 3802 partie

102 3800 159 3840 du
181 3801 339 3856 Periple
368 3810 429 3842 est
456 3816 510 3842 au
539 3804 673 3844 moins
692 3804 744 3845 de
772 3805 960 3861 l'epoque
989 3807 1262 3859 d'Herodote,
1292 3818 1332 3850 et

100 3863 522 3905 vraisemblablement
550 3865 624 3906 elle
653 3874 713 3907 est.
743 3866 835 3922 plus
866 3869 1064 3911 ancienne
1092 3886 1256 3912 encore.
1285 3875 1332 3912 Je

92 3926 184 3965 ..suis
201 3925 363 3981 dispose
382 3925 406 3968 a
434 3928 567 3968 croire
589 3943 669 3983 que
700 3928 875 3971 l’auteur
892 3945 916 3972 a
936 3945 988 3972 eu
1016 3947 1112 3973 sous
1144 3934 1199 3974 les
1226 3949 1332 3979 γεω(

98 4000 183 4028 une
205 3989 402 4030 ancienne
421 3989 671 4046 description
690 3990 741 4032 de
759 3991 796 4033 la
815 3992 905 4033 cote
923 3983 1124 4050 d’Flgypte
1138 4027 1149 4046 ,
1171 3980 1332 4037 dressee

311 4072 444 4100 GEOGR.

1220 185 1222 188 ’
1242 185 1551 236 PERIPLUS.
1966 184 1969 185 ⁷
2597 227 2648 264 31

1427 303 1474 335 ut
1487 295 1709 351 bipennem
1728 300 1892 341 reserat.
1957 304 2057 344 Lata
2072 308 2180 345 enim
2197 316 2258 348 est
2279 314 2502 356 secundum
2528 334 2653 372 mare,

1425 370 1467 409 in
1489 371 1803 415 mediterraneis
1825 377 2051 429 angustior,
2081 378 2133 418 ad
2161 381 2374 435 Memphin
2404 401 2498 428 vero
2518 397 2652 434 arctis.

1423 442 1542 482 sima.
1603 448 1640 485 A
1662 448 1902 502 Memphide
1922 457 2058 489 autem
2074 450 2126 490 ad
2149 451 2345 494 interiora
2367 460 2597 504 ascendenti
2615 468 2658 507 fit

1422 510 1556 563 latior,
1583 523 1622 554 et
1649 519 1836 571 superior
1862 517 1948 572 ejus
1977 534 2071 574 pars
2101 520 2295 564 latissima
2317 534 2391 566 est.
2452 532 2586 584 Atque
2610 551 2654 577 ea

1420 597 1515 638 pars
1539 599 1631 640 quae
1652 601 1779 642 supra
1792 590 2008 644 Memphin
2027 599 2088 631 cst
2100 623 2110 641 ,
2138 592 2269 646 major
2284 604 2342 635 est
2357 597 2482 639 altera
2504 616 2591 655 quae
2607 606 2657 646 ad

1421 668 1534 695 mare
1554 664 1629 696 est.
1691 659 1855 699 Ostium
1871 669 2009 701 autem
2031 662 2286 717 Canopicum
2305 669 2442 710 Asiam
2468 672 2657 727 Libyam-

1420 740 1501 780 que
1523 725 1796 770 disterminat.
1856 733 2143 781 Praeterveetio
2161 736 2322 791 AEgypti
2343 740 2394 781 ab
2417 745 2522 784 ostio
2539 748 2657 788 Pelu-

1419 799 1529 839 siaco
1562 808 1623 840 est
1653 800 1883 843 stadiorum
1924 805 2045 846 1300.
2084 807 2190 847 Asiae
2232 824 2328 851 vero
2378 822 2657 868 praetervectio

1422 872 1634 929 (tortuosa
1667 884 1805 916 autem
1839 876 1928 933 est)
1966 878 2111 920 eodem
2151 882 2298 934 modo,
2331 894 2377 926 ut
2408 888 2459 928 de
2491 892 2657 948 Europa

1419 946 1618 1002 scriptum
1638 955 1719 999 est,
1747 950 1987 1003 supputanti
2020 959 2079 990 est
2102 951 2261 994 dierum
2288 957 2354 1009 87.
2414 960 2480 1000 Ad
2506 965 2656 1005 ostium

1419 1020 1674 1074 Canopicum
1686 1028 1747 1061 est
1759 1021 1890 1061 insula
1909 1021 2084 1072 deserta,
2099 1037 2188 1077 quae
2200 1027 2422 1080 appellatur
2438 1033 2627 1090 Canopus
2642 1067 2653 1084 ,

1418 1101 1459 1133 et
1481 1101 1752 1135 monumenta
1770 1095 1924 1135 suntin
1940 1095 2002 1135 illa
2021 1097 2211 1148 Menelai,
2230 1101 2380 1142 scilicet
2395 1105 2565 1161 Canopi,
2584 1111 2656 1162 qui

1418 1179 1442 1204 a
1457 1163 1583 1218 Troja
1601 1165 1790 1206 redeunti
1815 1165 2066 1219 gubernator
2087 1177 2195 1219 erat,
2217 1173 2462 1226 sepulcrum.
2523 1180 2654 1220 Aiunt

1417 1242 1556 1273 autem
1583 1235 1762 1289 AEgyptii
1795 1234 2065 1290 locorumque
2088 1238 2235 1279 accolae
2267 1242 2472 1285 Pelusium
2499 1249 2656 1288 venisse

1417 1306 1460 1345 in
1479 1306 1644 1345 Casium
1657 1336 1668 1355 ,
1687 1307 1905 1360 Canopum
1918 1321 2016 1347 vero
2032 1308 2075 1347 in
2099 1309 2296 1362 insulam,
2318 1314 2386 1354 uhi
2409 1330 2654 1359 monumen·

1419 1388 1508 1419 tum
1527 1380 1816 1433 gubernatoris
1835 1381 1959 1436 hujus
1978 1391 2124 1424 exstat.

1939 1528 2139 1576 LlBYA.

1480 1666 1572 1706 107.
1603 1653 1756 1707 Incipit
1792 1651 1923 1707 Libya
1954 1661 2048 1708 post
2076 1654 2330 1710 Canopicum
2366 1658 2447 1699 Nili
2485 1662 2650 1715 ostium.

1418 1724 1770 1763 Anxnmcmnm.
1798 1722 1998 1776 [Prima]
2023 1715 2119 1776 gens
2140 1724 2316 1779 Libyum
2339 1737 2435 1768 sunt
2450 1730 2653 1784 Adyrma-

1418 1789 1565 1830 chidae.
1627 1791 1663 1830 E
1694 1789 1887 1830 Thonide
1916 1804 2014 1830 vero
2044 1793 2246 1845 navigatio
2279 1808 2420 1835 versus
2449 1798 2649 1848 Pharum,

1416 1858 1591 1899 insulam
1603 1858 1807 1898 desertam
1825 1856 2100 1919 [Commodis
2115 1861 2317 1914 portubus
2331 1872 2476 1904 ornata
2494 1874 2566 1915 est,
2581 1867 2652 1906 sed

1417 2021 1492 2061 par
1515 2007 1812 2061 quelques-uns
1842 2007 1913 2047 des
1942 2007 2086 2062 pilotes
2120 2009 2279 2049 ionicns
2307 2011 2404 2064 qui,
2440 2011 2583 2066 depuis
2616 2015 2651 2054 le

1415 2068 1539 2122 regne
1560 2068 1612 2109 de
1628 2070 1967 2119 Psammitichus,
1990 2070 2142 2111 durent
2162 2071 2341 2125 prendre
2364 2087 2443 2113 une
2463 2076 2649 2115 connais-

1414 2145 1535 2171 sance
1564 2146 1673 2171 assez
1691 2127 1848 2187 precise
1871 2131 1923 2171 de
1954 2140 2058 2172 cette
2081 2133 2187 2174 eote.
2210 2153 2226 2168 n
2262 2136 2539 2176 LETRONNIUS
2564 2137 2590 2178 l.
2619 2138 2646 2179 l.

1413 2206 1456 2247 p.
1482 2196 1579 2242 224.
1602 2194 1618 2247 Ι]
1638 2217 1695 2223 —-
1710 2193 1761 2233 τί)
1779 2194 1969 2248 μνῆμα]
1988 2195 2076 2234 Hac
2095 2209 2194 2234 voce
2210 2209 2348 2235 carere
2364 2197 2524 2247 malim3
2545 2199 2647 2239 nihil

1413 2263 1551 2295 tamen
1567 2255 1713 2309 ejicere
1731 2269 1837 2304 eam,
1860 2263 2055 2309 tanquam
2074 2256 2271 2309 glossema
2288 2258 2340 2298 ad
2356 2273 2446 2299 voc.
2468 2262 2644 2313 σημεῖον,

1412 2318 1537 2370 cogit.
1569 2320 1631 2357 De
1654 2316 1789 2357 sabula
1808 2318 1965 2371 Canopi
1995 2317 2058 2357 vel
2075 2319 2237 2364 *rectius
2260 2319 2417 2359 Canobi
2436 2334 2476 2360 ν.
2500 2322 2646 2361 Strabo

1411 2379 1550 2419 XVII.
1586 2393 1629 2434 p.
1661 2381 1765 2428 8013
1790 2379 1963 2432 DionyS.
2001 2379 2047 2418 13
2082 2379 2221 2433 ibique
2251 2381 2457 2430 Eustath.;
2498 2383 2644 2425 Conon

1409 2441 1531 2481 Narr.
1557 2442 1580 2481 8
1599 2457 1609 2491 ;
1633 2440 1779 2481 AElian.
1798 2441 1851 2480 N.
1878 2443 1959 2481 An.
1979 2441 2075 2490 XV,
2102 2441 2174 2490 133
2196 2441 2393 2482 Nicandr.
2414 2443 2540 2484 Ther.
2561 2445 2641 2499 309

1410 2502 1511 2556 ibiq.
1537 2502 1683 2551 sehol.;
1712 2502 1906 2556 Stephan.
1929 2515 1963 2542 S.
1991 2516 2050 2552 v.;
2074 2502 2207 2542 Tacit.
2240 2504 2322 2543 An.
2342 2505 2384 2543 11
2403 2534 2413 2553 ‚
2437 2508 2510 2554 603
2544 2508 2642 2546 Am-

1410 2565 1536 2605 mian.
1555 2566 1695 2614 XXII,
1725 2568 1790 2613 16,
1813 2567 1885 2614 143
1904 2565 2066 2604 Servius
2082 2565 2233 2618 Georg.
2249 2566 2326 2615 IV,
2353 2567 2449 2619 2873
2468 2567 2640 2609 Aristid.

1410 2629 1484 2667 Or.
1507 2627 1598 2680 AEg.
1617 2635 1648 2667 t.
1669 2628 1726 2677 H,
1747 2641 1791 2680 p.
1817 2626 1896 2679 359
1920 2626 2040 2666 Jebb.
2065 2627 2080 2680 Η
2100 2650 2157 2657 -
2171 2627 2275 2677 ἥκειν
2293 2628 2306 2681 ]
2328 2625 2421 2674 ἕξειν
2439 2636 2480 2667 et
2494 2627 2644 2670 deinde

1409 2686 1509 2736 ἥξειν
1536 2688 1696 2738 codex,-
1732 2688 1858 2728 ἐλθεῖν
1890 2688 2078 2728 Vossius.
2114 2689 2129 2742 Ι]
2162 2711 2219 2722 —-
2239 2688 2545 2745 Πηλούσιον]
2582 2694 2643 2732 De

1407 2750 1585 2801 Pelusio,
1603 2765 1626 2790 a
1638 2764 1721 2805 quo
1736 2749 1943 2792 Pelusium
1958 2748 2010 2789 ad
2023 2750 2188 2790 Casium
2203 2748 2419 2789 conditum
2432 2751 2499 2800 sit,
2518 2751 2645 2792 aliun-

1408 2811 1459 2851 de
1481 2827 1564 2852 non
1589 2821 1763 2853 constat.
1782 2811 1848 2853 Ad
1863 2811 2029 2852 Peleum
2046 2811 2281 2851 Phthiotam
2295 2824 2384 2850 rem
2402 2810 2526 2852 refert
2542 2819 2642 2854 Am·

1408 2876 1570 2915 mianus
1590 2877 1729 2926 XXII,
1774 2880 1838 2924 16,
1871 2875 1893 2914 3
1920 2875 1936 2926 (
1951 2873 2161 2914 Pelusium
2188 2882 2248 2913 esc
2275 2872 2473 2929 oppidum
2493 2876 2637 2925 nobile,

1406 2937 1516 2991 quod
1532 2938 1675 2978 Peleus
1697 2936 1878 2979 Achillis
1891 2944 2017 2992 pater
2033 2935 2191 2975 dicitur
2206 2934 2450 2984 condidisse,
2471 2936 2643 2978 lustrari

1406 2997 1571 3039 deorum
1602 2999 1760 3039 monitu
1780 2999 1927 3052 jussus
1959 2996 2001 3037 in
2034 2997 2125 3036 lacu
2152 2996 2225 3051 qui
2254 2995 2430 3050 ejusdem
2452 2996 2641 3037 civitatis

1406 3061 1533 3102 alluit
1550 3061 1713 3102 mcenia.
1729 3063 1744 3115 )
1758 3069 1798 3101 et
1812 3059 2001 3100 Eustath.
2015 3058 2072 3099 ad
2088 3058 2260 3112 Dionys.
2280 3062 2374 3107 260,
2393 3057 2464 3097 ubi
2485 3058 2591 3098 vide.
2619 3062 2634 3111 Η

1404 3121 1527 3164 -οῧ
1559 3125 1641 3180 τὸ]
1662 3123 1753 3165 αὐτὸ
1777 3121 1929 3172 codex;
1950 3135 2031 3161 em.
2049 3120 2220 3161 Gailius.

1463 3188 1604 3240 §107.
1639 3184 2019 3240 Ἀδυρμαχίδαι.
2055 3182 2139 3222 ''EO
2157 3196 2235 3229 νος
2265 3181 2375 3227 Λιὸ.
2408 3180 2635 3235 Ἀδυρμ]

1404 3248 1470 3288 Sic
1488 3248 1618 3288 codex
1631 3246 1648 3298 ;x
1658 3247 1775 3288 editt.
1794 3261 1879 3287 non
1898 3246 1976 3286 nisi
1992 3245 2164 3286 alterum
2180 3259 2272 3285 voc.
2298 3243 2446 3298 Ἀδυρμ.
2468 3244 2634 3284 habent.

1404 3310 1561 3350 Gailius
1584 3323 1594 3350 ε
1620 3312 1635 3362 (
1653 3309 1826 3364 ’Ἀρχεται
1857 3307 1880 3359 ἣ
1904 3307 2037 3359 Λιόύη.
2057 3307 2071 3363 )
2098 3306 2182 3347 Ἀπὸ
2202 3309 2269 3347 τοῦ
2286 3307 2333 3345 Κ.
2358 3307 2547 3361 στόματος
2570 3310 2637 3346 τοῦ

1403 3372 1546 3412 Νείλου
1574 3371 1841 3427 Ἀδυρμαχίδαι
1866 3370 1973 3417 ἔθνος
2002 3371 2046 3410 Λ.
2086 3368 2155 3409 Ἐκ
2180 3368 2226 3409 Θ.
2259 3368 2345 3409 κτλ.
2379 3372 2482 3420 Quae
2502 3368 2638 3409 forent

1403 3435 1686 3474 concinniora.
1714 3435 1902 3475 Fortasse
1934 3446 2010 3486 pro
2035 3431 2142 3479 ἔθνος
2171 3439 2258 3471 erat
2287 3444 2296 3471 :
2338 3435 2486 3485 πρῶτον
2511 3429 2632 3478 ἔθνος.

1403 3497 1468 3538 Cf.
1493 3495 1694 3537 Herodot.
1716 3497 1792 3545 IV,
1823 3497 1899 3536 168
1926 3507 1935 3535 :
1960 3493 2032 3535 Ἀπ’
2050 3493 2241 3549 Αἰγύπτου
2265 3492 2470 3548 ἀρξάμενοι
2496 3498 2638 3547 πρῶτοι

1408 3559 1728 3614 Ἀδυρμαχίδαι...
1744 3557 1963 3612 Παρήκουσι
1978 3558 2089 3612 μέχρι
2103 3556 2272 3612 λιμένος,
2295 3560 2351 3610 τῷ
2371 3555 2518 3610 οὕνομα
2537 3556 2637 3594 Πλυ-

1404 3623 1467 3670 νός
1489 3622 1581 3663 ἐστι.
1603 3619 1732 3661 Aliter
1763 3617 1816 3658 de
1851 3617 2016 3659 sedibus
2052 3632 2198 3658 eorum
2233 3617 2375 3658 statuit
2396 3616 2636 3657 Ptolemaeus

1401 3686 1479 3735 IV,
1506 3683 1545 3731 5,
1567 3697 1610 3738 p.
1629 3695 1726 3736 279.
1748 3679 1813 3721 Cf.
1828 3682 2015 3734 Agroetas
2038 3679 2090 3721 fr.
2113 3693 2130 3720 1
2148 3680 2191 3720 in
2211 3680 2281 3720 Fr.
2303 3679 2410 3719 Hist.
2436 3687 2537 3718 tom.
2557 3680 2630 3727 IV,

1401 3760 1444 3801 p.
1473 3748 1569 3798 294.
1594 3745 1609 3798 Η
1629 3768 1685 3775 -
1704 3742 1942 3798 Θώνιδος]
1974 3742 2100 3783 Urbis
2119 3740 2306 3782 meminit
2324 3739 2468 3780 Strabo
2490 3739 2612 3778 XVII
2628 3768 2637 3783 ,

1402 3822 1445 3862 p.
1469 3809 1570 3855 800;
1609 3803 1784 3845 Diodor.
1803 3806 1839 3855 I,
1864 3818 1938 3855 193
1962 3804 2157 3859 Stephan.
2174 3804 2226 3852 B.
2248 3816 2281 3841 s.
2300 3815 2340 3840 v.
2372 3799 2435 3840 Cf.
2470 3806 2557 3837 not.
2587 3795 2638 3834 ad

1404 3872 1425 3920 S
1453 3872 1544 3909 106.
1572 3867 1588 3920 Η
1611 3890 1668 3897 --
1688 3866 1878 3921 πλοῦς]
1912 3865 2057 3908 πλουσ”
2091 3863 2203 3913 cod.;
2227 3862 2343 3908 πλοῦς
2365 3861 2415 3906 ὡς
2448 3858 2497 3906 εἰς
2525 3860 2587 3899 Ga
2610 3856 2634 3894 l-
2662 3911 2665 3914 Ι

1405 3929 1565 3971 Deinde
1580 3930 1705 3970 verba
1718 3929 1913 3985 εὐλίμενος
1929 3928 1968 3969 δὲ
1980 3927 2044 3969 καὶ
2053 3927 2209 3981 ἄνυδρος
2225 3925 2374 3964 intacta
2388 3920 2548 3974 reliqui,
2574 3930 2583 3953 3
2600 3916 2637 3957 ‘d

1405 4008 1499 4035 cum
1524 3993 1657 4035 Gailio
1672 3993 1789 4034 uncis
1808 3992 1969 4044 inclusi,
2001 3997 2143 4045 utpote
2158 4002 2187 4043 e·
2202 3985 2383 4039 margine
2404 3982 2524 4023 illata.
2543 3982 2558 4034 ll
2577 3998 2642 4014 --

2405 4081 2427 4113 G
