2782 4348
119 205 189 266 (³⁸,
204 220 257 250 ³⁹
261 205 275 265 )

0 312 100 350 Phot.
115 307 266 353 καυλὸν
294 306 564 368 ἐκτρεφούσης
584 303 809 366 παρόμοιον
832 304 924 356 ταῖς
945 304 1252 366 καλουμέναις
1245 310 1341 351 Βου-

113 377 260 424 νιάσιν·
284 379 320 422 οῖ
343 374 385 420 δὲ
407 378 478 429 τῆς
503 373 606 428 ὕλης
621 371 696 428 τὴν
725 371 890 428 ἁπαλὴν
915 376 1139 420 σιτοῦνται.
1208 367 1337 420 Ουτοι

113 446 185 497 τὰς
207 445 281 505 μὲν
304 441 448 493 νύκτας
473 444 697 500 κοιμῶνται
719 440 845 487 τόπον
877 440 959 486 ἀπὸ
982 443 1063 486 τῶν
1088 442 1174 487 ἐκεῖ
1194 442 1343 504 θηρίων

114 515 212 577 πρὸς
230 512 430 576 ὀχύρωσιν
449 509 716 572 ἐξειλεγμένοι
732 509 803 556 καὶ
823 509 1011 574 φυλακὴν
1027 546 1040 571 ,
1059 510 1149 571 ἅμα
1173 510 1215 557 δὲ
1237 512 1342 575 ἡλίῳ

75 596 93 623 5
115 582 219 642 μετὰ
240 580 390 625 τέκνων
409 597 480 624 και
498 581 703 639 γυναικῶν
727 577 796 624 ἐπὶ
817 578 870 623 τὰ
900 577 1046 639 δένδρα
1070 578 1215 632 πάντες
1238 581 1343 625 ἀνα·

114 650 324 705 δαίνουσι,
358 649 515 711 σπουδῇ
547 646 798 694 καταλαὸεῒν
829 651 1045 703 ζητοῦντες
1080 646 1172 700 τους
1196 647 1345 710 ἄκρους

98 720 282 770 κλῶνας·-
300 720 484 763 κάκεῖθεν
500 717 574 773 τὴν
599 716 879 772 ἁπαλωτάτην
896 715 995 770 ύλην
1012 715 1258 778 ἀμέλγοντες
1277 720 1344 763 εὖ·

112 791 252 849 μαρῶς
284 805 506 834 σιτουνται.
575 785 783 843 Τοιαύτην
808 785 851 831 δὲ
881 787 929 832 ἐκ
963 789 1032 831 τοῦ
1064 785 1217 839 παντὸς
1256 787 1343 850 βίου

3 922 5 925 Ι
112 856 356 912 πεποίηνται
394 855 470 911 τὴν
510 854 615 912 ἕξιν,
656 854 763 900 ὥστε
800 855 872 900 καὶ
908 854 960 899 τὰ
997 858 1069 910 τῆς
1112 857 1345 918 ἀναδρομῆς

53 937 89 966 10
112 926 283 972 ἄπιστον
308 924 415 987 ἔχειν
452 924 526 981 τὴν
551 925 645 970 θέαν
668 943 740 970 και
770 923 845 980 τὴν
874 915 1085 970 συντονίαν
1110 926 1154 970 οὐ
1194 928 1343 988 χειρῶν

113 995 233 1055 μόνον
257 1013 329 1040 και
357 994 571 1040 δακτύλων
597 994 669 1040 καὶ
692 995 858 1055 ποδῶν,
885 993 991 1040 ἀλλὰ
1011 995 1082 1039 καὶ
1108 996 1188 1039 Ιτῶν
1209 997 1343 1057 μερῶι

111 1067 191 1109 τῶν
234 1063 466 1109 ὑπολοίπων
502 1064 660 1117 ἁπλῶς.
730 1063 1014 1117 Μεταπηδῶσι
1047 1062 1127 1125 γὰρ
1165 1063 1346 1126 εὐπόρως

112 1133 184 1179 ἀπ’
207 1133 332 1180 ἄλλου
356 1133 455 1196 πρὸς
478 1132 613 1194 ἕτερον
639 1132 864 1195 ἀκρέμονα.
935 1131 1021 1179 Καὶ
1049 1133 1141 1186 τοὺς
1172 1132 1346 1185 κλάδους

113 1204 306 1259 ἀλλήλων
350 1205 548 1255 πολλάκις
588 1206 628 1248 ἐν
679 1206 762 1254 τοῖς
797 1202 1169 1265 ἐπισφαλεστάτοις
1210 1201 1346 1255 τόποις

51 1286 99 1315 15Δ
113 1276 382 1336 ἀφαιροῦνται
396 1309 408 1330 ,
424 1272 495 1318 καὶ
513 1277 683 1318 τοιαῦτα
702 1271 975 1317 ἐνδείκνυνται
997 1270 1103 1333 ὥστε
1121 1271 1189 1316 τὸν
1209 1271 1344 1317 ἰδόντα

115 1342 236 1388 αὐτὸν
257 1341 330 1402 μὲν
362 1341 684 1397 ἐκπλήττεσθαι,
714 1341 771 1401 μὴ
802 1339 942 1400 μέντοι
979 1342 1140 1402 θαρρεῖν
1174 1342 1230 1391 εἷς
1253 1341 1346 1392 τοὺς

115 1411 304 1473 ἀπείρους
320 1410 590 1471 ἐξαγγέλλειν.
659 1410 744 1457 Καὶ
760 1410 897 1456 πάντα
911 1407 953 1454 δὲ
966 1409 1116 1454 κλάδον
1127 1416 1210 1467 τοῖς
1228 1411 1342 1455 ὀδοῦ-

113 1499 175 1525 σιν
200 1480 371 1541 ἔγχυλον
400 1479 737 1541 κατεργάζονται,
761 1478 833 1524 καὶ
857 1485 947 1530 ταῖς
970 1478 1142 1530 κοιλίαις
1164 1478 1345 1541 εὐπόρως

111 1547 315 1594 πέττουσι·
332 1547 403 1593 καὶ
412 1548 456 1593 τὸ
470 1547 623 1610 σφαλὲν
640 1547 790 1593 ἄνωθεν
803 1550 926 1607 σῶμα
947 1547 1014 1593 διὰ
1030 1547 1103 1604 τὴν
1120 1547 1344 1610 ἰσχνότητα

48 1616 156 1664 20“οὓ
183 1617 348 1680 βαρείας
382 1618 577 1679 τυγχάνει
610 1621 682 1672 τῆς
705 1618 880 1675 πληγῆς.
949 1610 1078 1664 Οῧτοι
1115 1617 1156 1662 δὲ
1194 1618 1342 1678 γυμνοὶ

114 1687 188 1748 μέν
202 1689 280 1733 εἷσι
299 1687 460 1742 πάντες,
473 1689 655 1749 χρῶνται
680 1685 722 1731 δὲ
740 1687 887 1738 κοινοῖς
909 1685 980 1731 καὶ
999 1686 1154 1739 τέκνοις
1171 1686 1241 1732 καὶ
1259 1707 1341 1748 γυ-

113 1756 234 1813 ναιξὶ,
254 1757 480 1816 πολεμοῦσι
501 1754 543 1800 δὲ
563 1755 657 1817 περὶ
677 1758 757 1800 τῶν
779 1755 916 1801 τόπων
942 1756 1162 1816 ἀλλήλοις,
1190 1758 1343 1818 μεταλ-

111 1825 306 1871 λάττουσι
319 1824 361 1870 δὲ
379 1826 616 1870 οἱπλεῖστοι
636 1826 747 1888 λιμῷ
758 1825 1006 1885 πιεζόμενοι,
1028 1825 1344 1887 γλαυκωμάτων

112 1893 214 2009 περὶ2
229 1894 280 1939 τὰ
314 1894 568 1950 πεντήκοντα
597 1893 668 1949 ἔτη
704 1895 788 1947 τοῖς
821 1894 1004 1955 ὄμμασιν
1029 1894 1343 1957 ἐπιτρεχόντων.

47 1969 87 1999 25
219 1963 365 2010 ,⁰'Ort
404 1963 510 2024 μετὰ
532 1962 624 2017 τοὺς
655 1963 890 2026 εἰρημένους
925 1963 1027 2010 εἰσὶν
1050 1966 1087 2009 οἱ
1114 1963 1229 2027 παρὰ
1261 1970 1344 2016 τοῖς

0 2095 96 2135 J¹013·
112 2095 369 2157 συναγκείαις
393 2098 597 2185 φυομένης
627 2097 928 2161 προσφέρονται
960 2096 1033 2153 τὴν
1063 2095 1347 2160 προσηνεστά-

109 2181 199 2221 την*
222 2165 367 2229 στερεὰ
387 2165 466 2228 γὰρ
484 2171 585 2212 οὐσα
601 2168 675 2222 τὴν
693 2166 812 2230 φύσιν
834 2167 904 2212 καὶ
920 2166 1115 2213 καυλὸν”
1093 2185 1247 2228 εχουσα
1267 2185 1350 2210 πα-

113 2235 340 2297 ραπλησιον
361 2242 450 2286 ταῖς
472 2236 703 2296 γινομέναις
729 2236 938 2297 βουνιάσιν
964 2237 1166 2298 ἐκπληροῖ
1182 2234 1255 2291 τὴν
1275 2238 1348 2287 τῆς

112 2304 338 2364 ἀναγκαίας
383 2308 536 2367 τροφῆς
580 2303 749 2349 ἔνδειαν.
834 2307 888 2351 Οἱ
926 2304 968 2348 δὲ
1009 2305 1205 2366 ὑλοφάγοι
1243 2303 1349 2360 μετὰ

49 2384 89 2413 30
112 2374 262 2419 τέκνων
287 2373 357 2418 καὶ
383 2377 587 2434 γυναικῶν
620 2373 688 2419 ἐπὶ
718 2372 791 2426 τὰς
820 2372 947 2433 νομὰς
976 2373 1142 2426 ἐξιόντες
1176 2372 1349 2418 ἀνοιδαί-

113 2462 247 2489 νουσιν
281 2443 347 2488 ἐπὶ
385 2442 437 2487 τὰ
459 2442 630 2505 δένδρα,
665 2443 735 2489 καὶ
768 2441 860 2495 τοὺς
893 2442 1077 2494 ἁπαλοὺς
1109 2445 1188 2487 τῶν
1224 2444 1358 2505 ἀκρε-’

115 2513 248 2571 μόνων
272 2510 595 2573 προσφέρονται·
623 2512 816 2567 τοιαύτην
836 2514 869 2557 δ’
893 2515 939 2558 ἐκ
965 2517 1037 2567 τῆς
1061 2516 1231 2574 0·qu70⁶'
1214 2532 1252 2563 .·ς
1278 2530 1350 2571 με·

112 2580 234 2635 λέτης
253 2579 369 2634 τὴν
351 2579 415 2624 επ’
439 2581 588 2641 ἄκρους
606 2580 697 2632 τους
721 2581 896 2633 κλάδους
924 2581 1161 2644 ἀναδρομην
1188 2586 1350 2627 ποιοῦν-

112 2667 180 2693 ται
204 2648 378 2708 πάντες,
406 2647 510 2693 ὥστε
535 2649 707 2695 ἄπιστον
729 2654 832 2695 εἶναι
856 2650 901 2695 τὸ
921 2650 1154 2711 γινόμενον·
1175 2668 1246 2694 και
1271 2649 1350 2710 γὰρ

51 2733 89 2764 35
117 2718 411 2776 μεταπηδῶσιν
449 2716 531 2762 ἀπὸ
570 2721 633 2762 ἑτε
624 2718 707 2779 ’ρου
742 2720 802 2781 ἐφ’
836 2717 971 2780 ἕτερον
1011 2718 1171 2780 δένδρον
1204 2718 1351 2777 ὁμοίως

116 2787 196 2837 τοῖς
221 2786 396 2848 ὀρνέοις,
420 2786 491 2830 καὶ
523 2785 596 2839 τὰς
620 2787 841 2840 ἀναδάσεις
877 2788 945 2833 ἐπὶ
978 2790 1059 2833 τῶν
1088 2788 1349 2833 λεπτοτάτων

115 2855 277 2900 κλάδων
316 2860 528 2901 ποιοῦνται
561 2857 687 2918 χωρὶς
724 2856 936 2904 κινδύνων.
1003 2856 1238 2917 Ἰσχνότητι
1271 2856 1350 2918 γὰρ

116 2923 304 2984 σώματος
323 2923 394 2969 καὶ
413 2924 634 2987 κουφότητι
656 2925 913 2988 διαφέροντες
929 2961 941 2982 ,
968 2925 1134 2971 ἐπειδὰν
1153 2932 1236 2978 τοῖς
1255 2926 1351 2970 ποσὶ

118 2992 397 3055 σφάλλωνται,
419 2997 510 3046 ταῖς
530 2994 672 3058 χερσὶν
695 2995 1083 3056 ἀντιλαμὸάνονται·
1100 2995 1178 3041 κᾶν
1194 2995 1351 3057 τύχωσι

52 3075 93 3104 40
115 3062 304 3114 πεσόντες
333 3065 406 3126 ἀφ’
437 3063 586 3127 ὕψους,
621 3065 734 3110 οὐδὲν
761 3066 972 3128 πάσχουσι
997 3065 1064 3111 διὰ
1090 3064 1165 3121 τὴν
1199 3066 1352 3127 κουφό-

115 3150 236 3186 τητα.
287 3132 374 3178 Καὶ
389 3134 527 3178 πάντα
558 3133 600 3179 δὲ
620 3135 769 3180 κλάδον
790 3135 962 3197 ἔγχυλον
981 3142 1064 3187 τοῖς
1086 3137 1222 3180 ὀδοῦσι
1252 3154 1351 3180 κατ-

118 3200 378 3259 εργαζόμενοι
398 3201 612 3248 πέττουσιν
648 3203 831 3257 εὐκόπως
862 3207 953 3256 ταῖς
968 3204 1156 3256 κοιλίαις.
1226 3198 1352 3250 Οῧτοι

120 3267 152 3310 δ’
176 3268 237 3312 ἀεὶ
260 3273 392 3329 βιουσι
411 3272 559 3332 γυμνοὶ
590 3272 664 3333 μὲν
689 3276 854 3331 ἐσθῆτος
869 3310 881 3331 ,
907 3281 1059 3326 κοιναῖς
1082 3274 1123 3319 δ;
1146 3292 1352 3336 χρωμένοι

119 3337 320 3395 γυναιξίν·
351 3341 582 3394 ἀκολούθως
614 3342 656 3387 δὲ
690 3362 760 3388 και
797 3363 890 3395 τους
917 3343 1179 3404 γεννηθέντας
1202 3345 1353 3395 παῖδας

56 3418 97 3447 45
121 3403 275 3456 κοινους
311 3410 524 3468 ἡγουνται.
593 3412 901 3470 Διαπολεμοῧσι
939 3411 982 3457 δὲ
1017 3413 1117 3474 πρὸς
1151 3411 1353 3467 ἀλλήλους

121 3491 214 3532 περι
232 3476 310 3519 τῶν
331 3475 466 3522 τόπων
490 3478 653 3540 ῥάὸδοις
672 3481 943 3542 ὡπλισμένοι,
963 3481 1033 3526 καὶ
1056 3481 1224 3532 ταύταις
1248 3485 1354 3541 ἀμυ-

123 3540 283 3600 νόμενοι
323 3563 413 3596 τους
450 3546 652 3599 ἐναντίους
690 3550 897 3595 διασπῶσι
932 3550 1025 3602 τους
1061 3549 1350 3612 χειρωθέντας.

123 3613 162 3655 Γ
166 3614 359 3657 ελευτωσι
381 3615 415 3657 δ
437 3615 569 3659 αυτῶν
591 3619 629 3661 οἳ
651 3619 835 3663 πλεῖστοι
857 3621 968 3681 λιμῷ
989 3619 1352 3676 καταπονηθέντες,

127 3678 224 3724 ὅταν
247 3683 327 3725 τῶν
361 3684 558 3742 ὀμμάτων
595 3687 994 3746 ἀπογλαυκωθέντων
1028 3688 1075 3733 τὸ
1107 3691 1230 3748 σῶμα
1255 3706 1353 3733 στε-

49 3767 90 3796 50
131 3752 234 3811 ρηηθῆ
253 3753 324 3804 τῆς
344 3752 567 3835 ἀναγκαίας
586 3755 631 3798 ἐκ
651 3754 804 3809 ταύτης
823 3759 895 3810 τῆς
916 3756 1142 3811 αἰσθήσεως
1159 3757 1317 3819 χρείας.

188 3834 245 3864 52.
285 3819 374 3874 Την
402 3820 445 3864 δὲ
465 3819 554 3876 ἑξῆς
580 3822 719 3885 χώραν
750 3827 832 3869 τῶν
855 3824 1098 3871 Αἰθιόπων’
1080 3844 1151 3871 επε
1134 3827 1294 3888 ,ἔχουσιν
1316 3828 1352 3871 οἷ

1049 204 1130 249 ΒΕ
1165 200 1324 250 ΜΑΒΙ
1358 206 1724 254 ERYTHRAEO.

2552 231 2635 271 143

1412 317 1570 359 caulem
1589 317 1737 359 educat
1754 317 1973 359 assimilem
1987 318 2120 372 napis,
2142 332 2241 373 quas
2256 322 2458 363 Buniades
2480 339 2636 371 vocant,

1411 389 1643 444 Hylophagi
1668 397 1806 430 autem
1841 387 2048 443 quidquid
2069 388 2121 428 de
2150 389 2346 431 arborum
2379 398 2548 437 materia
2584 408 2640 440 te-

1413 472 1562 499 nerum
1584 458 1742 499 exsistit
1763 466 1804 499 et
1825 457 1962 509 molle,
1994 456 2233 498 comedunt.
2293 459 2442 501 Noctes
2477 465 2641 517 quidem

1412 541 1561 567 somno
1579 527 1785 577 tribuunt,
1806 527 1946 568 locum
1963 526 2200 580 deligentes,
2233 528 2305 581 qui
2327 538 2470 571 contra
2492 532 2643 576 belluas

1411 595 1557 637 firmus
1578 597 1632 637 sit
1651 604 1693 637 et
1720 596 1906 637 excubiis
1925 604 2045 651 aptus
2059 611 2071 646 ;
2096 610 2217 636 mane
2242 605 2380 638 autem
2409 613 2531 653 quam
2559 605 2642 657 pri-

1413 678 1530 704 mum
1547 663 1608 704 sol
1622 665 1808 717 emergit,
1833 677 1928 704 cum
1946 663 2085 704 liberis
2102 671 2143 703 et
2160 664 2358 706 uxoribus
2375 666 2541 708 arbores
2555 672 2646 711 uni-

1412 733 1518 773 versi
1552 731 1852 793 conscendunt,
1886 740 1928 773 et
1959 732 2079 772 enixe
2110 746 2292 774 summos
2321 738 2477 791 assequi
2510 753 2645 780 ramos

1414 799 1688 841 contendunt.
1748 801 1857 841 Hinc
1900 799 2094 855 decerpta
2128 801 2394 854 virgultarum
2426 808 2646 850 tenerrima

1413 867 1530 909 facile
1556 866 1702 908 edunt.
1736 858 1739 861 ’
1762 869 1949 921 Eamque
1974 881 2026 907 ex
2050 874 2137 908 tota
2161 868 2238 909 sibi
2261 870 2342 911 vita
2360 871 2644 916 habitudinem

1415 943 1723 992 compararunt,
1737 943 1785 976 ut
1796 934 2048 976 incredibilis
2059 936 2112 976 sit
2125 937 2233 977 visus
2248 937 2409 979 illorum
2426 940 2468 980 in
2480 941 2645 982 arbores

1415 1004 1650 1054 adscensus,
1666 1012 1707 1045 et
1718 1004 1823 1044 mira
1838 1018 1923 1043 non
1943 1011 2105 1044 tantum
2128 1019 2341 1057 manuum,
2367 1006 2590 1061 digitorum
2605 1019 2646 1052 et

1414 1072 1585 1128 pedum,
1604 1071 1676 1114 sed
1692 1072 1736 1113 in
1751 1072 1991 1112 universum
2011 1080 2241 1113 ceterorum
2258 1088 2421 1130 quoque
2438 1077 2645 1118 membro-

1416 1155 1511 1182 rum
1530 1141 1756 1182 contentio.
1777 1140 1883 1180 Nam
1904 1138 2084 1194 expediti
2100 1139 2152 1180 de
2169 1155 2285 1182 ramo
2300 1142 2341 1182 in
2362 1157 2521 1185 ramum
2537 1153 2646 1186 tran-

1416 1209 1572 1258 siliunt,
1597 1216 1639 1249 et
1655 1207 1756 1249 alter
1773 1207 1890 1248 alteri
1908 1207 2108 1258 termites,
2130 1209 2252 1249 etiam
2271 1210 2313 1249 in
2332 1209 2429 1251 locis
2443 1212 2644 1267 periculo·

1415 1276 1600 1327 sissimis‚
1621 1276 1764 1331 eripit3
1782 1283 1823 1316 et
1838 1274 1884 1315 id
1903 1289 2030 1330 genus
2045 1275 2123 1316 alia
2136 1284 2356 1328 ostentant,
2370 1287 2416 1318 ut
2431 1280 2502 1333 qui
2517 1280 2644 1331 videt,

1416 1347 1503 1401 ipse
1521 1344 1691 1400 quidem
1709 1353 1878 1400 stupore
1897 1345 2159 1400 corripiatur,
2179 1345 2251 1385 sed
2276 1346 2496 1401 inexpertis
2517 1363 2648 1389 enun-

1416 1415 1518 1455 tiare
1535 1428 1621 1454 non
1636 1413 1758 1455 ausit.
1817 1414 1905 1454 Nec
1929 1413 2152 1468 quicquam
2175 1413 2334 1454 frondis
2355 1423 2416 1455 est
2433 1417 2542 1457 succi
2564 1417 2648 1472 ple-

1414 1496 1533 1533 num,
1551 1482 1652 1538 quin
1671 1481 1865 1522 dentibus
1879 1481 2165 1522 commolitum
2180 1496 2265 1522 non
2281 1492 2540 1537 concoquant
2554 1499 2650 1525 ven-

1415 1550 1588 1592 triculis.
1648 1550 1845 1605 Corporis
1867 1564 1918 1590 ex
1936 1549 2018 1590 alto
2040 1548 2193 1605 delapsi
2213 1565 2297 1591 non
2315 1551 2446 1604 gravis
2461 1560 2522 1592 est
2535 1552 2650 1607 plaga

1415 1627 1586 1675 propter
1606 1618 1844 1659 exilitatem.
1903 1617 2017 1659 Nudi
2033 1626 2130 1658 sunt
2162 1633 2305 1659 omnes
2337 1621 2650 1675 communisque

1415 1687 1491 1728 illis
1507 1686 1625 1728 liberi
1640 1695 1681 1727 et
1698 1701 1864 1728 uxores·
1926 1687 1992 1727 Fit
2017 1694 2064 1726 ut
2083 1685 2135 1726 de
2163 1685 2262 1726 locis
2293 1686 2401 1727 inter
2429 1702 2471 1727 se
2489 1687 2649 1742 bellige-

1415 1765 1524 1798 rent.
1584 1756 1773 1811 Plerique
1793 1769 1878 1811 prae
1899 1755 2087 1810 angustia
2116 1754 2233 1795 famis
2251 1755 2376 1796 vitam
2399 1770 2494 1796 cum
2516 1766 2648 1798 morte

1415 1818 1688 1876 commutant,
1709 1825 1877 1881 quando
1906 1824 2159 1879 glaucomata
2177 1823 2259 1880 (ad
2278 1839 2434 1865 annum
2461 1824 2505 1865 id
2526 1827 2648 1880 quin-

1416 1895 1701 1950 quagesimum
1719 1893 1869 1935 accidit
1889 1895 1905 1948 )
1925 1893 2066 1934 oculos
2088 1893 2316 1934 incursant.

1473 1970 1541 2011 52.
1572 1971 1671 2011 Post
1699 1968 1787 2024 jam
1812 1968 2038 2023 descriptos
2062 1975 2159 2008 sunt
2184 1982 2288 2022 quos
2323 1969 2551 2008 Venatores
2584 1969 2646 2008 in-

1414 2096 1667 2137 convallibus
1691 2095 1898 2136 umbrosis
1919 2095 2116 2145 nascitur,
2138 2092 2414 2134 dulcissimam
2443 2107 2647 2147 quamque

1413 2171 1652 2212 comedunt.
1714 2175 1856 2224 Quum
1880 2171 1992 2211 enim
2014 2178 2161 2210 natura
2177 2170 2228 2209 sit
2246 2169 2417 2209 solidior
2431 2177 2472 2208 et
2490 2169 2646 2208 caulem

1412 2247 1561 2288 habeat
1574 2246 1627 2288 ad
1642 2246 1873 2287 buniadum
1892 2249 1908 2299 (
1925 2247 2020 2300 napi
2040 2260 2167 2299 genus
2192 2253 2251 2285 est
2267 2244 2281 2300 )
2301 2245 2490 2293 formam,
2510 2259 2645 2284 neces-

1412 2324 1507 2364 sarii
1544 2324 1676 2364 victus
1707 2324 1891 2379 penuriae
1931 2321 2138 2362 satisfacit.
2200 2323 2255 2361 At
2285 2321 2513 2375 Hylophagi
2549 2334 2644 2362 cum

1411 2405 1550 2447 liberis
1571 2413 1612 2446 et
1632 2404 1832 2445 uxoribus
1852 2411 2014 2458 pastum
2036 2402 2210 2456 egressi,
2237 2402 2466 2441 conscensis
2489 2401 2644 2441 arbori-

1411 2485 1489 2526 bus
1504 2499 1641 2526 ramos
1658 2484 1882 2525 teneriores
1897 2482 2187 2538 depascuntur.
2247 2482 2300 2520 Et
2319 2481 2516 2520 continuo
2531 2495 2645 2520 exer-

1412 2568 1616 2608 citationis
1648 2566 1786 2607 studio
1817 2574 1901 2606 tam
1932 2563 2125 2619 expedito
2160 2562 2212 2602 ad
2241 2577 2402 2602 summa
2433 2576 2644 2602 ramorum

1412 2663 1583 2689 ascensu
1616 2662 1759 2688 omnes
1781 2645 2038 2695 attolluntur,
2062 2652 2111 2684 ut
2142 2642 2381 2683 incredibile
2407 2642 2488 2682 hoc
2510 2641 2645 2681 videa-

1413 2735 1496 2770 tur.
1556 2729 1622 2771 Ab
1641 2729 1789 2770 arbore
1808 2728 1921 2781 enim
1940 2728 1984 2767 in
2016 2726 2207 2767 arborem
2222 2756 2233 2776 ‚
2257 2724 2472 2765 volucrum
2500 2737 2616 2763 more
2631 2753 2642 2772 ‚

1413 2810 1671 2861 transiliunt,
1700 2818 1741 2850 et
1773 2823 1897 2863 super
1928 2807 2176 2848 tenuissimis
2219 2818 2431 2848 ramorum
2462 2803 2645 2857 virgultis

1413 2893 1566 2948 absque
1577 2891 1761 2948 periculo
1773 2890 2033 2944 gradiuntur.
2094 2891 2236 2940 Quum
2252 2887 2362 2927 enim
2378 2899 2550 2941 corpore
2566 2886 2647 2925 sint

1414 2974 1641 3015 admodum
1663 2971 1802 3027 gracili
1820 2987 1868 3012 ac
1892 2971 1992 3021 levi,
2017 2968 2193 3025 pedibus
2211 2967 2436 3018 frustratis,
2457 2966 2645 3006 manibus

1414 3053 1629 3100 nituntur;
1654 3050 1783 3090 immo
1806 3063 1857 3089 ex
1891 3047 1972 3088 alto
1995 3046 2145 3101 delapsi
2177 3044 2400 3085 incolumes
2433 3042 2487 3085 ob
2509 3042 2646 3082 levita·

1415 3137 1499 3170 tem
1517 3127 1685 3169 abeunt.
1748 3125 1946 3179 Quemvis
1964 3131 2101 3164 autem
2116 3122 2319 3162 termitem
2343 3119 2451 3159 succi
2474 3118 2642 3173 plenum

1415 3204 1608 3246 dentibus
1637 3201 1928 3244 commolentes
1948 3198 2158 3240 stomacho
2188 3197 2274 3237 sine
2295 3195 2476 3235 molestia
2498 3207 2645 3234 conco-

1416 3294 1564 3342 quunt.
1623 3286 1782 3325 Vivunt
1798 3295 1969 3337 corpore
1985 3293 2146 3334 semper
2163 3277 2335 3326 nudato.
2359 3283 2399 3316 et
2413 3275 2645 3330 promiscue

1415 3363 1615 3404 uxoribus
1634 3367 1823 3410 utuntur,
1848 3366 1889 3398 et
1911 3357 2008 3398 hinc
2029 3363 2146 3396 natos
2163 3353 2311 3394 liberos
2330 3365 2443 3405 aeque
2459 3363 2645 3391 commu-

1416 3455 1487 3481 nes
1506 3453 1591 3479 esse
1611 3444 1796 3478 censent.
1857 3436 1919 3474 De
1932 3433 2024 3473 loco
2046 3442 2346 3484 nonnunquam
2367 3427 2474 3468 inter
2495 3440 2537 3466 se
2563 3424 2646 3465 bel-

1714 3515 1843 3554 Arma
1862 3517 1958 3550 sunt
1980 3508 2120 3558 fustes,
2145 3506 2295 3562 quibus
2323 3519 2365 3545 se
2397 3511 2540 3544 eontra
2570 3502 2644 3541 ho·

2290 3581 2477 3636 Plerique
2495 3579 2645 3619 horum

1415 3518 1652 3572 ligerantur.

1416 3602 1495 3634 stes
1510 3599 1693 3640 tuentur,
1715 3597 1756 3629 et
1772 3587 1961 3628 subactos
1979 3585 2232 3640 discerpunt.

1417 3671 1523 3711 same
1545 3667 1820 3716 emoriuntur,
1859 3677 1988 3719 quum
2019 3662 2270 3716 glaucomate
2299 3657 2495 3712 correptis
2518 3654 2643 3695 oculis

1416 3745 1640 3787 necessaria
1663 3757 1804 3783 sensus
1824 3740 1949 3795 hujus
1971 3738 2158 3779 facultate
2173 3734 2321 3790 corpus
2340 3733 2584 3774 destituitur.

1475 3822 1526 3862 52
1552 3822 1569 3874 (
1589 3824 1686 3876 Cap.
1711 3817 1812 3874 25).
1837 3817 2063 3870 Regionem
2085 3814 2161 3854 illis
2180 3812 2411 3868 proximam
2439 3806 2650 3858 AEthiopes

124 3907 2637 3939 Μ

120 3979 386 4034 γενομένην...
405 3980 540 4034 στερεά
564 3995 606 4038 τε
623 3996 659 4022 τ.
677 3999 717 4037 φ.
732 3984 779 4023 C.
801 3986 819 4037 ΙΙ
836 4007 892 4014 -
910 3987 974 4033 14.
995 3983 1189 4037 ἀλλήλους
1205 3987 1252 4027 C.
1274 3987 1467 4027 Ceterum
1482 3981 1534 4021 de
1552 3977 1909 4036 Spermatophagis
1929 3975 1981 4016 cf.
2004 3971 2253 4016 Artemidor.
2277 3982 2342 4023 ap.
2366 3964 2498 4006 Strab.
2518 3963 2545 4003 l.
2568 3963 2594 4002 l.
2622 3962 2639 4016 Ιξ

121 4065 177 4072 ——
195 4041 246 4082 25
264 4041 350 4089 τοὺς
370 4044 662 4098 προειρημένους
682 4046 729 4086 C.
