2756 4354
787 230 790 235 -
857 205 934 249 DE
973 203 1262 248 HANNONE
1299 193 1851 250 CARTnAfflNtENSE.

90 317 144 363 λὰ
165 317 386 369 κεκτῆσθαι
404 309 474 355 καὶ
495 307 627 369 συχνὰ
645 302 823 368 ἐμπόρια
839 305 909 355 καὶ
927 303 1094 364 λιμένας
1113 303 1183 349 καὶ
1203 303 1320 364 τριή-

94 409 171 453 ρεις
193 387 263 434 καὶ
284 386 438 439 πσλλῆς
454 381 528 442 μὲν
550 385 646 442 γῆς,
677 381 832 435 πολλῆς
856 378 898 424 δὲ
922 378 1131 433 θαλάσσης
1156 377 1316 439 ἄρχειν.

92 462 179 511 Hic
202 463 343 521 igitur
358 459 537 520 primus
555 468 638 513 est,
660 472 795 517 quem
820 455 1130 514 navigationis
1155 464 1322 499 nostrae

91 540 248 585 ducem
274 536 413 580 fuisse
436 534 571 579 statui
595 532 742 594 possit
756 531 826 594 (*),
847 530 1073 591 siquidem
1107 527 1324 588 largiaris

90 622 295 658 nostrum
320 619 548 654 auctorem
578 623 720 652 unum
753 607 893 651 fuisse
915 621 972 650 ex
995 605 1322 670 Hannouibus,

91 702 285 748 quorum
303 685 568 730 memoriam
582 683 776 727 historia
793 683 1062 728 servaverit.
1081 680 1323 730 Hannonis

90 763 213 808 filius
237 761 467 807 Hamilcar
491 759 615 804 bello
635 758 790 803 Siculo
804 758 868 803 ad
895 758 1126 802 Himeram
1149 755 1322 801 cladem

90 854 250 900 passus
269 838 412 898 periit
433 836 576 896 (480),
600 839 762 879 relictis
785 836 1058 893 tribas-filiis,
1092 835 1316 886 Imr’lcone,

89 918 318 967 Hannone,
353 914 535 956 Giscone
554 910 609 970 (J
614 910 754 955 ustin.
774 908 899 967 XIX,
926 910 987 970 2),
1013 908 1092 969 qui
1116 923 1208 953 una
1223 923 1325 953 cum

91 988 391 1034 Hasdrubalis
408 988 517 1033 filiis
536 987 740 1048 publicis
762 987 957 1046 negotiis
973 995 1217 1047 praeerant.
1239 984 1326 1029 Res

90 1075 239 1109 autem
277 1063 724 1121 Carthaginiensium
767 1072 872 1122 post
906 1061 1080 1106 bellum
1121 1060 1325 1105 Siculum

92 1156 172 1202 per
196 1140 482 1202 septuaginta
500 1153 646 1185 annos
672 1139 721 1185 in
746 1140 845 1200 ipsa
865 1148 995 1183 erant
1016 1136 1179 1197 Libya.
1200 1136 1328 1181 Scili-

92 1227 161 1260 cet
196 1219 371 1260 Mauris
395 1219 556 1260 bellum
587 1218 760 1259 illatum
796 1226 838 1258 et
879 1215 1083 1257 adversus·
1108 1213 1327 1256 Numidas

85 1303 330 1351 pugnatum
350 1302 393 1335 et
417 1290 513 1346 Afri
535 1294 748 1349 compulsi
778 1293 1046 1349 stipendium
1073 1291 1187 1332 urbis
1221 1304 1323 1332 con-

90 1370 201 1411 dieoe
241 1366 680 1426 Carthaglniensibus
711 1370 929 1408 remittere
959 1363 1155 1422 (Justin.
1183 1364 1214 1407 l.
1241 1364 1272 1409 l.
1295 1364 1324 1422 ).

89 1439 165 1485 Sic
184 1439 321 1484 rebus
342 1439 606 1484 domesticis
634 1440 934 1497 confirmatis,
968 1439 1118 1483 denuo
1142 1439 1190 1482 in
1210 1438 1326 1483 Sici-

89 1516 195 1560 liam
231 1513 405 1559 bellum
449 1514 644 1559 ducibus
687 1514 948 1558 Hannibale
981 1524 1025 1558 et
1068 1513 1344 1558 Himilcone

91 1594 322 1634 Hannonis
339 1578 440 1647 fih'o
483 1589 648 1649 (Diod.
683 1588 818 1644 Xlll,
862 1592 942 1648 18,
975 1586 1025 1650 2)
1058 1590 1325 1634 translatum

90 1675 152 1709 est
168 1664 309 1727 (440).
344 1663 504 1724 Captae,
523 1664 843 1722 Agrigentum,
877 1663 1015 1719 Gela,
1057 1664 1156 1708 aliae
1189 1664 1326 1709 urbes

89 1739 351 1795 ditissimae3
371 1739 520 1784 victus
541 1739 818 1798 Dionysius,
838 1739 1015 1797 ingenti
1036 1739 1189 1799 praeda
1216 1740 1326 1784 Car-

89 1816 223 1873 thago
255 1814 552 1874 locupletata3
578 1814 732 1858 Sicula
756 1813 1006 1877 Poenmum
1037 1813 1152 1858 ditio
1182 1815 1325 1859 maxi-

88 1903 272 1949 mopere
289 1898 418 1934 aucta
442 1891 561 1949 (4o9·
569 1889 656 1941 405
666 1887 746 1934 ..V
765 1888 959 1935 Diod01.
980 1887 1109 1945 XIII,
1127 1890 1182 1942 54
1200 1905 1322 1950 sqq.‚

90 1966 160 2015 80
174 1980 294 2024 sqq·
266 1998 295 2019 ,
334 1981 420 2023 109
445 1966 575 2024 sqq).
604 1964 840 2009 Summum
861 1979 974 2008 vero
1001 1964 1090 2008 hoc
1107 1967 1323 2025 potentiae

90 2028 320 2097 fastigium
358 2038 600 2084 subsecuta
638 2050 744 2084 sunt
783 2049 990 2099 tempora
1040 2041 1320 2097 calamitosa,

90 2130 238 2174 neque
259 2115 423 2160 Hanno
438 2116 606 2174 aliquis
625 2115 672 2160 in
692 2116 889 2160 historia
902 2127 1088 2176 apparet
1101 2127 1203 2161 ante
1223 2133 1324 2161 eum

39 2216 51 2221 „
86 2190 167 2249 qui
229 2200 390 2236 contra
444 2191 738 2250 Agathoclem
807 2194 1028 2251 pugnavit
1098 2191 1110 2251 (
1133 2192 1322 2236 Diodor.

85 2265 186 2326 XX,
212 2265 311 2327 10).
337 2267 407 2311 Ad
423 2266 561 2326 hujus
585 2283 695 2311 vero
713 2276 886 2311 aetatem
912 2274 1050 2326 quum
1073 2277 1227 2311 nostra
1247 2283 1326 2311 na-

88 2340 260 2398 vigatio
278 2341 510 2400 pertinere
539 2350 750 2399 nequeat,
781 2341 988 2398 sequitur
1022 2350 1098 2384 aut
1119 2341 1324 2398 ignotum

89 2414 287 2473 aliquem
303 2413 568 2457 Hannonem
585 2413 942 2472 Libyphoenices
962 2413 1205 2457 deduxisse
1218 2449 1230 2469 ,
1252 2425 1328 2458 aut

89 2499 264 2549 patrem
307 2489 580 2533 Hamilcaris
601 2499 678 2533 aut
709 2489 872 2534 filium.
903 2488 1133 2550 Tempora
1160 2489 1325 2536 horum

90 2564 153 2609 ita
172 2564 263 2609 fere
279 2564 557 2608 constituere
577 2563 685 2609 licet
710 2579 722 2609 ε

217 2639 419 2683 560-500
445 2640 608 2683 Hanno
627 2639 663 2694 Ι,
681 2648 809 2699 pater
836 2639 1124 2684 Hamilcaris.

218 2717 422 2768 520-480
446 2714 753 2777 Hamilcar(†
773 2715 903 2774 480).

219 2794 420 2850 4904140
441 2791 602 2834 Hanno
626 2789 671 2833 lI
694 2800 739 2835 et
761 2790 976 2845 Himilco,
1004 2790 1275 2835 Hamilcaris
1296 2791 1325 2837 f.

219 2869 414 2926 460-396
438 2868 651 2922 Himilco,
671 2867 906 2911 Hannonis
934 2867 965 2914 s.
996 2866 1048 2929 (†
1078 2857 1201 2929 39'6).

156 2946 227 2991 31.
239 2944 333 2990 Sub
348 2945 569 2989 Hannone
580 2954 707 3005 patre
717 2944 992 2988 Hamilcaris
1009 2944 1132 2988 circa
1143 2960 1217 2991 an.
1240 2945 1264 2988 5
1277 2961 1328 2989 10

93 3036 134 3068 a.
156 3021 207 3067 C.
224 3022 558 3080 navigationem
578 3021 832 3066 institutam
846 3036 944 3065 0550
966 3037 1068 3065 cum
1083 3021 1186 3066 aliis
1206 3022 1327 3066 haud

92 3097 249 3156 paucis
278 3106 429 3141 censet
453 3096 714 3140 Fridericus
750 3095 1004 3155 Kluge(**),
1025 3097 1105 3156 qui
1140 3097 1328 3141 alterius

95 3171 329 3216 Hannonis
354 3187 412 3216 ne
447 3172 721 3215 mentionem
748 3171 932 3230 quidem
957 3170 1078 3217 fecit.
1107 3171 1329 3216 Videlicet

95 3247 349 3293 Herodotus
371 3247 479 3313 (lv,
511 3249 623 3307 196)
651 3248 790 3293 refert
813 3242 1063 3293 secundum
1094 3248 1325 3306 Carthagi-

97 3322 321 3367 niensium
340 3323 649 3367 narrationem
668 3333 798 3367 extra
821 3324 1054 3368 columnas
1083 3323 1328 3368 Herculeas

98 3409 193 3439 esse
208 3396 364 3457 Libyae
391 3399 620 3456 regionem
637 3432 649 3452 ,
671 3398 720 3442 in
745 3413 835 3457 qua
849 3398 1006 3453 Poeni,
1034 3413 1205 3442 merces
1223 3413 1327 3442 suas

100 3484 199 3512 cum
220 3485 330 3515 auro
347 3472 666 3530 indigenarum
686 3483 1014 3517 commutantes
1028 3508 1040 3528 ,
1056 3489 1149 3518 non
1173 3472 1330 3517 verbis

2523 236 2609 267 xxt

1392 304 1469 348 sed
1512 315 1637 350 muta
1668 306 1861 365 quadam
1899 307 2099 363 ratione,
2124 327 2255 368 quam
2292 314 2432 360 fusius
2463 331 2616 365 auctor

1392 378 1626 435 describit,
1650 379 1706 424 de
1734 381 1882 439 pretio
1903 380 2024 424 inter
2057 396 2103 426 se
2124 387 2408 431 conveniant.
2438 390 2488 434 ld
2509 408 2618 438 vero

1391 454 1658 498 commercii
1690 469 1831 512 genus
1863 463 2039 498 constat
2075 470 2228 500 earum
2259 473 2354 503 esse
2384 464 2615 519 regionum

1390 528 1698 572 auriferarum
1731 545 1831 587 quae
1870 539 1975 574 sunt
2011 545 2037 573 a
2061 532 2238 574 Sahara
2260 533 2434 578 deserto
2464 553 2620 584 versus

1390 604 1645 648 meridiem.
1680 625 1697 644 «
1726 608 1908 664 Itaque,
1934 605 2126 664 Klugius
2158 607 2244 662 ait,
2282 621 2386 652 ante
2415 614 2621 657 Herodoti

1389 690 1567 723 oetatem
1597 678 1996 737 Carthaginienses
2035 682 2090 725 ad
2129 697 2225 726 eam
2256 684 2421 728 Africae
2463 702 2587 730 oram
2607 723 2619 745 ,

1391 772 1492 816 quae
1511 772 1633 801 nunc
1651 755 1848 811 aurifera
1873 756 2061 811 dicitur,
2089 759 2304 816 navigare
2322 761 2552 818 solebant,
2579 773 2625 807 et

1391 831 1543 876 insula
1564 831 1733 887 Cerne,
1765 845 1899 890 quam
1925 830 2101 890 primus
2124 835 2294 892 reperit
2315 835 2494 894 Hanno,
2513 852 2625 882 mer-

1392 906 1627 952 catoribus
1648 907 1744 967 jam
1770 907 1851 950 illo
1887 916 2092 966 tempore
2116 918 2211 951 erat
2238 909 2418 955 itineris
2439 912 2559 956 finis.
2587 934 2621 959 ».

1393 982 1526 1036 Quod
1561 982 1629 1026 uti
1666 981 2006 1027 concedendum
2046 991 2138 1036 est,
2175 983 2240 1026 sic
2278 983 2394 1027 nihil
2434 986 2623 1046 impedit

1392 1059 1640 1117 quominus
1660 1059 1772 1103 alter
1796 1057 1977 1114 Hanno,
1995 1057 2119 1103 filius
2137 1057 2430 1117 Hamilcaris,
2447 1063 2623 1122 primus

1392 1132 1570 1177 Cernen
1595 1134 1782 1189 adierit;
1806 1149 1909 1177 nam
1945 1133 1984 1177 si
2015 1133 2169 1177 decem
2193 1135 2265 1178 vel
2300 1136 2432 1180 etiam
2459 1138 2624 1196 viginti

1391 1208 1525 1254 annis
1566 1220 1669 1270 post
1706 1209 1851 1270 patris
1888 1208 2064 1254 obitum
2104 1209 2264 1254 Hanno
2305 1211 2392 1255 iter
2426 1215 2624 1274 suscepit

1396 1273 1611 1346 (470101
1639 1288 1728 1339 460
1750 1302 1792 1333 a.
1828 1286 1876 1331 C.
1903 1287 1937 1346 )‚
1973 1287 2293 1347 percommode
2313 1287 2368 1331 de
2392 1289 2480 1332 isto
2502 1306 2621 1333 com-

1393 1363 1564 1407 mercio
1584 1363 1841 1424 comperire
1867 1363 2043 1422 aliquid
2064 1364 2212 1423 potuit
2232 1363 2512 1421 Herodotus,
2545 1368 2623 1424 qui

1393 1455 1513 1483 anno
1532 1447 1623 1495 470
1649 1455 1764 1499 puer
1783 1449 1878 1483 erat
1895 1455 2119 1484 annorum
2144 1440 2522 1499 quattuordecim.

1459 1516 1532 1558 32.
1552 1514 1783 1559 Praeterea
1800 1514 1994 1572 Klugius
2015 1514 2205 1559 alterum
2224 1515 2359 1560 affert
2378 1531 2623 1574 argumen-

1393 1600 1506 1648 tum,
1527 1605 1620 1649 quo
1634 1589 1971 1647 navigationem
1995 1589 2231 1634 Hannonis
2248 1600 2349 1634 ante
2361 1589 2532 1635 bellum
2554 1591 2622 1635 Si-

1393 1666 1544 1709 culum
1570 1665 1693 1709 circa
1716 1680 1791 1710 an.
1826 1665 1914 1708 510
1940 1665 2191 1708 institutam
2214 1679 2310 1709 esse
2343 1665 2622 1725 comprobet.

1394 1741 1629 1799 «Legitur,
1647 1741 1817 1800 inquit,
1835 1742 1883 1785 in
1898 1741 2084 1801 Periplo
2100 1741 2216 1785 hanc
2237 1741 2571 1801 expeditionem
2597 1759 2623 1786 a

1392 1818 1552 1862 Poenis
1581 1834 1678 1862 esse
1706 1818 1956 1873 decretam,
1988 1827 2038 1862 ut
2065 1817 2202 1862 urbes
2237 1817 2620 1879 Libyphoenicum

1394 1895 1714 1940 conderentur.
1735 1895 1968 1938 Diodorus
1988 1893 2100 1954 (XX,
2126 1894 2199 1954 55)
2221 1894 2419 1938 Africam
2443 1895 2492 1939 in
2513 1911 2623 1954 qua-

1393 1981 1497 2014 tuor
1527 1971 1768 2015 hominum
1800 1987 1965 2030 genera
2003 1970 2197 2014 divisam
2233 1986 2330 2015 esse
2364 1971 2501 2015 tradit
2541 1973 2622 2015 :in

1392 2045 1587 2101 Poenos,
1613 2046 1693 2105 qui
1711 2046 2031 2104 Carthaginem
2053 2046 2276 2099 colerent,
2303 2045 2352 2089 in
2372 2044 2622 2105 Libyphoe-

1392 2120 1515 2164 nices
1532 2155 1543 2177 ‚
1587 2121 1695 2179 qui,
1741 2121 1865 2180 quod
1890 2121 2054 2164 multas
2085 2119 2269 2164 urbium
2293 2118 2622 2164 maritimarum

1395 2204 1602 2238 tenerent
1619 2204 1662 2238 et
1675 2194 2071 2238 matrimoniorum
2090 2193 2423 2238 necessitudine
2446 2192 2624 2237 Cartha-

1395 2268 1683 2325 giniensibus
1721 2268 1919 2311 devincti
1952 2278 2124 2322 essent,
2168 2284 2194 2311 a
2234 2283 2353 2311 nexu
2389 2267 2623 2312 affinitatis

1394 2342 1692 2400 compositam
1740 2341 1856 2383 hanc
1908 2341 2258 2399 appellationem
2311 2351 2619 2399 reportarent3

1394 2414 1613 2473 majorem
1647 2413 1812 2457 deinde
1848 2423 1891 2456 et
1920 2414 2331 2457 vetustissimarum
2367 2414 2620 2460 incolarum

1392 2500 1569 2547 partem
1607 2489 1823 2532 Afrorum
1859 2487 2078 2550 (Λιὸύων)
2113 2503 2278 2532 nomen
2316 2488 2556 2541 habuisse,
2580 2501 2623 2536 et

1393 2574 1648 2624 postremos
1673 2562 1853 2606 tandem
1874 2563 2014 2606 fuisse
2029 2562 2248 2606 Numidas
2263 2597 2274 2618 ,
2296 2573 2446 2608 vastos
2466 2563 2623 2623 Libyae

1394 2648 1564 2682 tractus
1586 2652 1731 2696 usque
1763 2636 1818 2679 ad
1852 2636 2028 2680 deserta
2057 2646 2346 2696 occupantes.
2372 2636 2446 2680 llli
2476 2648 2622 2682 autem

1394 2713 1752 2775 Libyphoenices
1776 2728 1831 2756 ex
1871 2713 2072 2772 antiquis
2105 2713 2402 2757 Phoenicibus
2425 2714 2621 2773 primum

1395 2806 1496 2834 cum
1540 2789 1796 2848 indigenis,
1839 2799 1997 2850 postea
2015 2816 2017 2818 >
2037 2804 2137 2833 cum
2174 2788 2624 2847 Carthaginiensibus

1395 2867 1528 2911 mixti
1543 2877 1675 2926 atque
1692 2866 1887 2930 cognati,
1909 2882 1934 2910 a
1952 2864 2108 2910 Poenis
2125 2864 2271 2926 pluris
2289 2864 2626 2910 aestimabantur

1396 2957 1532 3002 quam
1563 2941 1700 2986 ceteri
1728 2942 1936 3002 ipsorum
1958 2941 2125 2985 ditioni
2146 2941 2338 3001 subjecti
2369 2943 2553 3002 populi,
2583 2953 2626 2985 et

1397 3030 1528 3063 cauta
1552 3018 1746 3078 quadam
1776 3017 2086 3062 tractabantur
2105 3007 2368 3077 prudentia,
2396 3017 2518 3076 quod
2539 3033 2625 3061 eo-

1396 3111 1497 3139 rum
1525 3095 1596 3139 vis
1613 3104 1656 3138 et
1677 3103 1874 3154 potestas
1899 3092 2166 3154 reipublicae
2199 3093 2449 3153 perniciem
2482 3094 2624 3136 mina-

1396 3181 1536 3226 retur,
1571 3170 1609 3214 si
1644 3169 1935 3228 liberiorem,
1970 3184 2104 3228 quam
2130 3170 2193 3213 sas
2227 3179 2370 3226 esset,
2412 3168 2624 3227 spiritum

1396 3257 1643 3302 sumerent,
1666 3246 1879 3290 atrociter
1897 3261 1922 3289 a
1934 3245 2175 3304 metropoli
2190 3244 2452 3288 divitiarum
2469 3244 2625 3302 acqui·

1387 3312 1643 3366 'rendarum
1682 3321 1936 3365 facultatem
1967 3329 2181 3379 petentes.
2214 3318 2314 3371 Qua
2345 3329 2549 3362 recusata
2572 3318 2626 3361 ti-

1401 3396 1614 3441 mendum
1648 3406 1770 3450 erat,
1799 3410 1855 3439 ne
1881 3394 1936 3438 ad
1961 3395 2071 3438 alias
2088 3394 2330 3438 deficerent
2349 3404 2501 3451 gentes
2519 3392 2627 3436 Car-

1398 3471 1751 3529 thaginiensium
1773 3469 1950 3514 nomini
1970 3469 2302 3513 infestissimas.
2325 3469 2463 3514 Nulla
2481 3478 2625 3512 autem

148 3599 195 3647 (*)
222 3601 452 3638 Memoratur
481 3614 569 3641 sane
591 3607 728 3642 Hanno
754 3604 908 3652 quidam
935 3603 1140 3651 antiquior,
1161 3603 1206 3640 ad
1229 3613 1344 3651 quem
1370 3601 1572 3640 Anachars‘
1544 3613 1608 3648 515,
1626 3600 1870 3649 philosophus
1889 3600 1951 3638 ille
1982 3599 2194 3646 ScythicuS,
2218 3599 2414 3646 epistolam
2438 3587 2627 3645 scripsisse

100 3654 1081 3712 110ςί01131101001011.Τ1150.00.ν,3211011001οι
1105 3659 1354 3698 Anacharsis
1376 3661 1575 3696 Hannoni
1597 3658 1786 3695 salutem.
1810 3657 1911 3695 Mihi
1932 3657 2182 3693 amictuiesc
2200 3654 2430 3701 Scythicum
2455 3656 2624 3699 1119111011,

95 3709 424 3754 calciamentum,
440 3711 617 3749 solorum
638 3703 818 3759 ‘callum
833 3713 979 3760 cubile,
1013 3716 1152 3760 τον1α;
1173 3714 1505 3762 pulpamentum,
1527 3714 1692 3762 sames,·
1724 3714 1843 3758 lacte,
1867 3723 1995 3760 casce,
2025 3722 2148 3750 carne
2171 3721 2319 3750 vescor.
2351 3712 2484 3754 Quare
2506 3712 2552 3745 uc
2572 3707 2628 3745 ad

96 3765 280 3825 quietum
299 3773 361 3801 me
384 3764 476 3802 licet
495 3769 649 3804 venias.
671 3771 842 3807 Munera
866 3772 1005 3808 autem
1026 3772 1118 3816 ista,
1143 3770 1289 3820 quibus
1306 3781 1346 3808 es
1363 3769 1602 3814 delectatus,
1621 3769 1683 3808 vel
1703 3769 1854 3807 civibus
1877 3771 1959 3806 tuis
1980 3768 2044 3806 vel
2065 3768 2143 3805 diis
2172 3769 2318 3804 immor
2322 3766 2473 3803 talibus
2500 3763 2621 3800 dona

96 3818 170 3856 Sed
187 3818 251 3855 vix
267 3819 337 3864 est,
353 3828 422 3855 cur
441 3818 571 3857 doctos
590 3831 807 3862 moneamus
826 3836 939 3872 quam
959 3826 1008 3863 sit
1024 3827 1126 3864 nulla
1147 3826 1330 3874 0111511150ᾶί
1347 3825 1592 3874 epistolarum
1617 3826 1843 3872 auctoritas,
1857 3825 1895 3862 in
1917 3824 2053 3871 quibus
2076 3823 2251 3871 sophistae
2268 3820 2425 3857 celebria
2453 3818 2624 3862 nomina,

96 3874 274 3920 neglectis
294 3875 527 3922 temporibus
551 3878 589 3913 et
605 3877 768 3916 historiae
788 3881 884 3926 tide,
901 3893 1126 3929 componere
1143 3883 1328 3920 solebant.
1352 3883 1460 3920 Mitto
1479 3882 1592 3919 etiam
1614 3877 1864 3926 nescioquem
1892 3881 2128 3924 Hannonem,
2157 3877 2243 3923 qui,
2265 3874 2407 3923 (Plinio
2427 3874 2531 3918 Vlll,
2554 3875 2626 3918 36)

97 3930 206 3975 teste,
223 3930 365 3976 primus
380 3930 527 3968 leonem
546 3933 832 3972 mansuefecisse
850 3935 1001 3982 dicitur,
1023 3939 1062 3974 et
1083 3938 1129 3974 ad
1149 3938 1413 3985 occupandum
1436 3936 1524 3975 dolo
1551 3946 1708 3982 reguum
1728 3945 1815 3972 aves
1841 3935 1891 3971 ita
1916 3932 2105 3979 docuisse,
2132 3935 2173 3969 ut
2198 3940 2317 3977 regem
2342 3929 2462 3975 ipsum
2486 3927 2625 3994 saluta·

97 3986 180 4022 rent
206 3984 289 4031 (cf.
316 3984 452 4023 AElian.
472 3988 517 4023 H.
546 3991 615 4024 An.
640 3989 686 4031 V,
713 3991 783 4032 39;
808 3989 996 4027 Plutarch.
1027 3995 1120 4030 Mor.
1144 4002 1180 4041 p
1206 3996 1299 4039 799,
1320 3995 1420 4031 Max.
1442 3994 1530 4039 Tyr.
1547 3993 1595 4037 ll,
1615 3996 1650 4029 3.
1668 3991 1697 4037 ).

150 4037 217 4084 (**)
241 4040 431 4078 Hannonis
446 4039 646 4088 navigatio.
667 4041 725 4079 ed.
752 4044 1299 4094 F1·.G.1<lnge.1.ips.1829.
