2808 4342
937 202 1317 272 STAmAsM‘us
1353 225 1540 273 MAms
1575 227 1795 274 MAGNI.

82 330 147 378 εἷς
173 326 374 387 Κέρκιναν
405 326 469 350 **·
498 324 605 370 κατὰ
632 326 647 386 [
669 325 742 380 τὴν
764 327 780 386 J
800 324 916 370 πόλιν
936 325 1072 387 βράχη
1099 327 1184 372 ἐστὶ
1208 328 1332 390 φερό-

95 413 198 452 μενα
221 394 321 454 πρὸς
340 393 412 447 τὴν
435 394 571 440 πόλιν.
642 394 740 439 Ἀπὸ
766 393 966 456 Κερκίνης
982 396 1037 446 εἷς
1061 396 1207 458 Θάψον
1232 397 1328 442 στά-

93 463 169 506 διοι
188 461 247 523 ψ’·
265 461 349 522 ἔχει
370 463 412 507 δὲ
431 466 552 517 νῆσον
578 462 709 518 καλὴν
727 499 738 520 ,
760 462 985 522 πελαγίαν,
1006 464 1197 523 κειμένην
1221 464 1329 510 κατὰ

92 532 238 590 Θάψον
272 531 372 591 πρὸς
409 535 579 595 βορρᾶν,
618 532 859 593 ἀπέχουσαν
888 532 1077 584 σταδίους
1099 534 1156 577 π’·
1184 533 1269 595 ἔχει
1293 534 1334 579 δὲ

46 613 69 640 f>
85 600 237 659 ,λιμένα
258 600 328 645 καὶΙ
349 601 473 663 ὕδωρ.
544 594 675 647 Αῧται
693 603 734 644 αἱ
759 603 874 654 νῆσοι
893 601 1130 662 περιέχουσι
1152 601 1197 647 τὸ
1220 603 1332 649 Ἰκά-

85 686 177 729 ,ριον
191 667 394 728 πέλαγος.

485 789 683 823 AOIIION
714 790 936 824 ΦΟΙΝΙΚΗ
946 816 953 823 .

156 907 230 938 113.
255 892 364 947 ,Ἀπὸ
385 892 536 955 Θάψου
562 896 616 945 εἷς
638 893 793 939 Λέπτιν
811 893 887 949 τὴν
911 894 1061 956 μικρὰν
1088 895 1243 940 στάδιοι
1266 895 1336 957 ρο’·

94 961 210 1012 πόλις
235 961 362 1023 μικρά
393 963 494 1007 ἐστι·
519 967 739 1025 καταφανῆ
766 964 850 1024 ἔχει
878 964 1031 1025 βράχη·
1058 964 1128 1008 καὶ
1157 969 1182 1020 ἡ
1209 982 1350 1025 κατα(

86 1030 208 1091 -γωγή
230 1033 338 1076 ἐστιν
359 1031 429 1075 ἐπὶ
453 1036 502 1093 τῇ
528 1032 644 1077 πόλει
669 1031 861 1083 δύσκολος
879 1032 1011 1084 πάνυ.

30 1113 74 1142 ‹10
161 1114 236 1146 114.
275 1099 374 1145 Ἀπὸ
416 1100 610 1152 Λέπτεως
648 1103 703 1152 εἷς
739 1100 910 1163 Θερμὰς
939 1102 1094 1146 στάδιοι
1129 1100 1172 1154 ξ’·
1215 1101 1337 1161 κώμη

11 1175 16 1181 ’
96 1168 196 1213 ἐστί·
220 1168 288 1214 τὸν
320 1171 355 1214 δ’
376 1169 496 1214 αὐτὸν
514 1172 662 1232 τρόπον
687 1170 757 1215 καὶ
773 1164 852 1215 ὧδε
875 1170 1011 1232 βράχη
1034 1171 1120 1215 ἐστὶ
1145 1172 1334 1216 δυσκατ-

96 1238 255 1299 ἄγωγα.

164 1323 235 1354 115.
273 1308 371 1352 Ἀπὸ
398 1310 577 1369 Θερμῶν
604 1307 782 1359 πλεύσας
808 1308 995 1359 σταδίους
1019 1309 1062 1366 μ’
1087 1308 1177 1370 ὄψει
1202 1310 1336 1370 ἀκρω-

95 1513 284 1550 Fortasse
299 1510 387 1550 haec
403 1508 533 1549 stadia
552 1513 631 1551 600
646 1510 910 1564 pertinebant
925 1524 1055 1563 usque
1071 1509 1123 1549 ad
1142 1509 1343 1564 oppidum

95 1580 137 1612 et
160 1580 328 1626 portum
354 1571 495 1610 insulae
528 1572 647 1624 longe
670 1579 882 1625 porrectae.
920 1574 1182 1625 Quamquam
1208 1571 1280 1610 ubi
1309 1572 1343 1610 is

98 1634 200 1675 situs
217 1633 356 1681 fuerit,
379 1632 516 1672 dicere
538 1647 622 1672 non
646 1632 791 1672 habeo.
819 1633 834 1685 Η
859 1656 915 1664 --
944 1631 1035 1672 ἀπο
1065 1632 1240 1686 Θένης]
1268 1631 1342 1672 ἀπὸ

96 1694 239 1746 Θίθνης
258 1695 404 1735 codex.
424 1694 488 1735 Cf.
507 1703 594 1735 not.
613 1693 664 1734 ad
688 1697 710 1746 5
734 1696 826 1734 108.
845 1693 984 1733 Verba
1002 1694 1088 1733 haec
1110 1695 1143 1732 si
1169 1694 1273 1733 bene
1296 1694 1339 1734 h.

99 1756 126 1796 l.
145 1757 319 1806 habent,
348 1765 441 1810 post
461 1770 500 1796 v.
520 1757 701 1810 Κέρκιναν
720 1769 942 1795 numerum
973 1754 1201 1794 stadiorum
1236 1757 1343 1796 exci-

93 1819 206 1859 disse
224 1818 493 1873 probabiliter
511 1819 651 1857 statuit
671 1817 844 1857 Gailius.
863 1817 972 1856 Tum
989 1831 1141 1856 nomen
1160 1818 1341 1872 Κέρκιναν

99 1881 151 1921 (16
169 1881 269 1921 111116
287 1880 470 1934 intelligo
483 1911 492 1929 ‚
512 1879 689 1933 ideoque
705 1888 798 1919 ante
815 1879 927 1920 πόλιν
948 1880 1100 1919 inserui
1123 1881 1342 1922 articulum

94 1943 293 1985 dubitans
306 1953 462 1984 tamen.
480 1943 589 1983 Vide
601 1958 651 1983 an
667 1942 790 1983 fuerit
813 1956 822 1983 ε
843 1942 893 1990 εἷς
911 1943 956 1982 Κ.
980 1943 1131 1998 [νῆσον]
1148 1944 1212 1983 καὶ
1229 1944 1342 1985 πόλιν

105 2006 352 2060 [στάδιοι*].
375 2007 508 2061 Βράχη
535 2003 615 2045 ἐστὶ
633 2006 845 2060 φαινόμενα
867 2004 959 2059 πρὸς
983 2009 1030 2061 τῇ
1053 2005 1179 2046 πόλει.
1198 2008 1260 2046 De
1271 2021 1344 2061 op-

100 2068 200 2122 pido
219 2077 259 2109 et
277 2077 401 2123 portu
417 2067 470 2108 cf.
493 2068 649 2108 Plinius
663 2069 718 2117 V,
738 2082 762 2122 7
775 2084 785 2117 ;
800 2067 976 2108 Diodor.
994 2069 1047 2117 V,
1067 2081 1115 2107 12
1132 2084 1142 2117 ;
1162 2069 1334 2123 Dionys.

101 2133 192 2171 Per.
218 2132 273 2180 V,
301 2144 375 2180 123
399 2131 540 2171 Livius
560 2131 759 2180 XXXIII,
783 2132 859 2179 483
882 2131 1040 2170 Hirtius
1063 2131 1161 2170 Bell.
1184 2131 1274 2171 Asr.
1303 2147 1339 2172 c.

103 2193 171 2241 34.
194 2192 244 2233 ΑΙ
268 2192 432 2233 Beki-il.
448 2192 476 2231 l.
498 2207 540 2246 p.
572 2195 652 2239 466
679 2205 688 2231 z
713 2209 728 2228 «
755 2190 956 2231 Vis-a-vis
979 2191 1030 2230 de
1059 2192 1244 2241 Sasakes,
1260 2191 1282 2232 a
1307 2193 1344 2233 la

99 2253 284 2295 distance
300 2254 517 2294 d'environ
552 2267 685 2294 10000
703 2267 774 2307 pas
804 2261 864 2292 est
882 2267 964 2292 une
992 2253 1042 2292 ile
1061 2253 1224 2307 appelee
1244 2258 1346 2294 Kar-

103 2317 243 2367 kenelz,
264 2318 390 2357 situee
410 2331 463 2356 au
479 2316 617 2355 milieu
638 2315 763 2355 d'une
784 2330 872 2354 mer
896 2323 1108 2368 stagnante
1122 2347 1133 2364 ,
1151 2330 1232 2370 peu
1246 2330 1343 2370 pro-

104 2378 243 2429 fonde,
259 2388 299 2419 et
313 2379 416 2419 dont
427 2379 484 2418 les
497 2393 598 2418 caux
610 2378 726 2417 n’ont
739 2392 872 2417 aucun
889 2386 1168 2417 mouvement.
1182 2379 1245 2417 En
1260 2378 1344 2419 face

98 2441 155 2481 (16
174 2456 219 2482 66
239 2442 319 2481 11611
335 2473 344 2491 ,
361 2456 410 2481 611
433 2441 565 2496 pleine
578 2455 681 2489 mer,
700 2449 740 2480 et
755 2438 778 2480 a
792 2439 961 2479 l’entree
977 2439 1048 2479 des
1068 2439 1280 2479 bas-fonds
1293 2473 1302 2489 ‚
1322 2439 1344 2481 a

96 2505 276 2544 environ
292 2507 344 2552 40
358 2503 488 2543 milles
503 2502 561 2542 du
573 2503 801 2551 continent,
814 2516 868 2541 on
886 2503 970 2541 voit
985 2515 1039 2540 un
1056 2501 1199 2541 edifice
1217 2501 1340 2550 eleve‚

104 2567 174 2620 qui
187 2575 268 2606 sert
281 2565 331 2606 de
347 2567 464 2620 point
479 2565 530 2604 de
542 2565 878 2604 reconnaissance
893 2578 1000 2618 pour
1016 2563 1072 2603 les
1089 2564 1344 2616 navigateurs

103 2629 176 2683 qui
206 2630 386 2670 arrivent
415 2626 721 2676 d'Alexandrie,
751 2626 802 2666 de
826 2626 862 2666 la
892 2627 1005 2680 Syrie
1027 2634 1067 2665 et
1092 2625 1143 2665 (16
1165 2625 1342 2667 Barka-h.

107 2691 332 2746 Lorsqu’ils
350 2692 613 2746 apercoivent
635 2690 672 2729 le
695 2698 833 2729 centre
860 2688 912 2729 de
934 2703 979 2728 66
996 2688 1211 2736 batiment,
1235 2689 1282 2728 ils
1304 2704 1346 2729 se

105 2754 370 2803 (1610111116111,
395 2762 435 2793 61
458 2753 549 2794 sont
573 2753 677 2792 voile
697 2767 786 2792 vers
812 2752 867 2792 les
885 2752 995 2791 lieux
1025 2749 1081 2791 ou
1104 2751 1150 2790 ils
1178 2750 1346 2791 doivent

106 2817 300 2857 relacher.
342 2816 443 2856 L’ile
466 2815 518 2855 de
540 2815 764 2864 Karkeneh
796 2813 999 2854 renferme
1037 2813 1108 2853 des
1131 2814 1269 2853 ruines
1295 2813 1346 2854 de

106 2879 408 2918 constructions
427 2879 630 2931 antiques,
652 2886 691 2917 et
706 2877 777 2917 des
798 2878 971 2917 citernes
988 2876 1188 2916 (1651111665
1208 2874 1231 2916 ὲ
1250 2891 1346 2916 eon-

104 2955 243 2980 server
274 2940 395 2980 l’eau.
432 2941 604 2979 Comme
627 2940 700 2979 elle
730 2948 790 2979 est
817 2938 1063 2979 decouverte
1088 2938 1347 2979 d'excellents

106 3004 321 3057 paturages
332 3033 343 3052 ‚
372 3002 428 3041 les
460 3002 667 3041 habitants
698 3001 750 3040 de
786 3001 948 3041 Safakes
971 3016 996 3055 y
1030 3002 1222 3041 envoient
1238 3001 1346 3041 leurs

107 3065 316 3104 cheveaux
340 3072 379 3103 et
411 3063 520 3102 leurs
554 3070 801 3116 troupeaux.
834 3062 849 3115 ΙΙ
876 3086 933 3092 -
961 3064 1099 3102 σταῧ.
1122 3062 1189 3117 ψ’]
1219 3064 1347 3104 Linea
1374 3087 1377 3090 ·

108 3135 217 3166 recta
236 3126 400 3166 nonnisi
422 3125 503 3166 500
521 3124 750 3164 stadiorum
770 3133 829 3164 est
844 3141 854 3174 3
873 3133 913 3164 at
928 3140 950 3164 a
968 3126 1139 3165 Cercina
1153 3139 1282 3179 usque
1295 3125 1344 3165 ad

108 3191 192 3229 Rus
215 3188 454 3235 Kadidclza,
488 3202 571 3227 non
591 3188 727 3241 potuit
749 3189 860 3227 recta
886 3188 1089 3241 navigari,
1111 3187 1182 3227 sed
1203 3189 1267 3227 via
1287 3197 1346 3228 te-

109 3251 244 3293 nenda
283 3259 382 3299 erat,
411 3264 540 3304 quam
558 3250 730 3290 navibus
755 3249 894 3290 brevia
916 3250 1222 3304 permittebant.
1251 3251 1265 3304 Η
1291 3275 1348 3281 --

109 3329 128 3352 ν
143 3317 165 3364 ῆ
182 3329 203 3353 σ
215 3328 266 3353 ον
298 3311 420 3362 καλὴ
434 3328 451 3352 ν
474 3321 551 3352 etc.
568 3314 582 3366 ]
607 3313 745 3352 Insula
762 3327 852 3366 quae
869 3327 890 3352 a
908 3316 991 3352 Bas
1009 3312 1155 3352 Dimas
1178 3313 1346 3353 boream

108 3390 250 3415 versus
271 3378 323 3416 80
343 3375 426 3414 fere
452 3373 592 3414 stadiis
612 3373 749 3423 distat,
771 3373 895 3414 hodie
912 3383 1082 3414 vocatur
1104 3375 1343 3427 Couiglidra,

108 3453 216 3492 pone
248 3452 371 3491 quam
396 3445 455 3477 651
476 3436 599 3476 311613
615 3435 767 3475 Kar-iat
787 3435 910 3476 dicta.
938 3437 1012 3475 Hae
1036 3437 1348 3492 511111Ταριχεῖάι

105 3500 320 3540 Strabonis
343 3514 384 3554 p.
413 3499 491 3546 834
505 3529 515 3547 ‚
541 3497 795 3551 Λαρουνησίαι
811 3497 962 3552 (λάρων
980 3498 1144 3553 νησίαΡ)
1164 3500 1230 3538 δύο
1250 3502 1346 3540 Ρ10-

111 3561 254 3602 lemaei.
283 3560 586 3615 Lampadusam
604 3560 701 3606 ins„
720 3559 857 3598 nescio
873 3573 956 3612 quo
974 3567 1110 3612 pacto,
1131 3560 1213 3601 huc
1224 3563 1348 3602 traxit

111 3624 282 3664 Gailius.
307 3625 321 3677 Η
344 3648 400 3654 -—
429 3622 639 3677 Ἰκάριον
663 3623 678 3676 ]
702 3620 828 3673 Quod
865 3619 1028 3674 Ἰκάριον
1065 3630 1218 3661 veteres
1242 3624 1347 3677 pela-

102 3698 184 3737 zgus
207 3685 428 3734 dixerunt,
457 3686 539 3724 huc
561 3699 644 3724 non
672 3684 864 3738 pertinet.
884 3683 1025 3737 Scylax
1049 3692 1141 3737 post
1166 3684 1345 3739 Thapsi,

114 3749 251 3802 Leptis
278 3756 318 3788 et
345 3747 563 3788 Adrumeti
596 3746 849 3786 mentionem
875 3744 989 3785 addit
1011 3745 1062 3785 ab
1088 3746 1152 3785 his
1175 3746 1348 3788 urbibus

110 3824 253 3850 versus
272 3808 487 3849 meridiem
504 3809 665 3848 flectere
687 3808 823 3847 sinum
843 3821 1038 3860 magnum
1051 3839 1062 3858 ‚
1084 3809 1155 3862 qui
1174 3810 1348 3864 appelle-

107 3878 181 3910 1tur
198 3870 328 3923 Σύρτις
338 3868 467 3922 ,μικρὰ
487 3869 509 3919 ἢ
532 3869 755 3922 Κερκινῖτις.
775 3869 1072 3921 Agathemerus
1094 3884 1136 3924 p.
1159 3874 1206 3919 14
1225 3871 1349 3912 refert

108 3933 220 3970 2inter
242 3932 456 3971 Cercinam
472 3939 510 3970 61
525 3931 759 3983 Meningem
784 3932 913 3985 Syrtis
936 3946 1021 3972 esse
1037 3933 1203 3972 ostium.
1229 3934 1348 3987 Simi-

109 3993 205 4032 liter
224 3993 371 4032 Noster
392 3992 534 4031 insulis
554 3992 639 4031 istis
661 3991 816 4032 includi
835 3992 987 4033 dixerit
1006 3992 1050 4032 τὶ)
1067 3993 1182 4048 Κερκ
1197 4009 1234 4034 ιν
1249 3997 1347 4034 αῖον

117 4054 284 4108 πέλαγος
309 4053 368 4094 vel
392 4053 435 4094 τὸ
468 4056 534 4105 τῆς
565 4055 697 4109 μικροῖς
725 4054 893 4109 Σύρτεως
920 4052 1100 4106 πέλαγος.
1137 4058 1240 4109 Quae
1258 4064 1349 4111 post

1404 418 1543 443 versus
1572 405 1717 445 urbem
1740 404 1933 445 tendunt.

2549 239 2640 277 469

1404 336 1617 375 Cercinam
1641 335 1784 376 stadia
1797 337 1827 375 *.
1890 337 1925 376 E
1942 326 2110 390 'regione
2133 335 2248 376 urbis
2265 335 2402 378 brevia
2428 346 2538 388 sunt,
2557 352 2649 392 quae

1995 407 2031 446 A
2054 405 2226 445 Cercina
2247 405 2298 445 ad
2321 407 2534 461 Thapsum
2550 416 2647 448 sunt

1714 473 1847 513 Habet
1869 473 2045 514 insulam
2068 474 2270 528 pulcram,
2294 475 2336 514 in
2358 475 2500 529 pelago
2526 477 2646 516 sitam

1406 554 1427 579 e
1470 541 1636 593 regione
1675 541 1828 595 Thapsi
1860 555 1999 581 versus
2036 541 2203 582 boream
2238 542 2452 585 intervallo
2495 543 2649 583 stadio-

1406 623 1501 648 rum
1526 611 1592 650 80.
1654 611 1827 650 Portum
1846 610 1970 650 habet
1992 618 2032 650 et
2052 624 2216 664 aquam.
2276 612 2350 651 Hae
2370 611 2510 653 insulae
2534 626 2646 653 com-

1407 675 1644 729 plectuntur
1672 678 1926 717 Cercinaeum
1951 677 2227 731 (Κερκιναῗον)
2250 678 2428 732 pelagus.

1405 472 1532 512 stadia
1558 487 1651 526 700.

1691 804 1942 844 SEQUITUR
1977 804 2126 837 REGIO
2163 806 2362 838 PUNICA.

1470 914 1486 938 1
1498 900 1561 939 13.
1596 902 1631 940 Λ
1646 900 1812 955 Thapso
1831 900 1884 941 ad
1901 902 2047 955 Leptin
2064 902 2265 942 minorem
2283 901 2411 942 stadia
2431 916 2527 956 1703
2551 903 2649 943 urbs

1408 981 1534 1021 parva
1563 976 1647 1016 est;
1682 969 1906 1022 conspicua
1938 969 2062 1008 habet
2097 968 2257 1018 brevia,
2297 978 2338 1010 et
2366 970 2559 1025 appulsus
2595 971 2647 1011 ad

1410 1035 1555 1074 urbem
1575 1043 1634 1074 est
1653 1034 1879 1075 admodum
1895 1035 2087 1076 difficilis.

1471 1107 1637 1159 1¹4·.A.
1659 1105 1778 1158 Lepti
1797 1103 1849 1144 ad
1867 1105 2066 1145 Thermas
2086 1105 2215 1146 stadia
2240 1110 2315 1157 603
2341 1107 2454 1147 vicus
2477 1115 2561 1156 est,
2591 1107 2648 1147 ibi

1413 1185 1582 1224 quoque
1606 1171 1802 1211 brevibus
1822 1172 2000 1212 eundem
2022 1174 2062 1212 in
2085 1173 2257 1214 modum
2278 1175 2470 1230 appulsus
2492 1190 2648 1230 praepe-

1411 1238 1539 1279 ditur.

1471 1307 1563 1347 115.
1604 1310 1635 1348 A
1663 1308 1854 1348 Thermis
1886 1317 2106 1363 postquam
2138 1313 2390 1365 navigaveris
2434 1313 2563 1355 stadia
2596 1319 2649 1362 40

1415 1510 1552 1563 Syrtin
1586 1509 1878 1563 sequebantur,
1916 1525 2046 1564 quum
2088 1511 2355 1565 aliquomodo
2391 1513 2651 1554 inscribenda

1413 1581 1561 1622 essent,
1583 1571 1697 1612 saber
1712 1573 1925 1612 titulorum
1941 1574 2148 1628 inscripsit
2167 1574 2348 1626 Φοινίκη,
2374 1575 2493 1626 Regio
2508 1579 2649 1617 Poeno-

1412 1649 1516 1674 rum.
1540 1635 1609 1675 Sin
1640 1635 1844 1684 lacunam,
1871 1650 1961 1689 quae
1985 1644 2173 1690 est-post,
2197 1640 2219 1689 5
2257 1650 2348 1690 127,
2382 1637 2467 1691 jam
2500 1641 2652 1693 reperit

1412 1696 1545 1736 scriba
1562 1697 1690 1735 nostri
1716 1696 1884 1746 codicis,
1913 1713 2008 1737 cum
2031 1699 2165 1739 Gailio
2187 1707 2364 1739 statuere
2384 1700 2490 1750 licet,
2513 1702 2651 1755 inepte

1411 1757 1624 1798 librarium
1648 1759 1834 1811 Φοινίκην
1854 1759 1934 1799 1106
1952 1760 2041 1800 1060
2060 1761 2320 1816 adscripsisse
2335 1793 2346 1812 ,
2365 1776 2493 1816 quum
2514 1763 2610 1803 inde
2628 1778 2651 1804 a

1414 1821 1435 1871 5
1461 1822 1536 1860 128
1558 1821 1777 1860 Phoeniciae
1802 1821 1924 1861 urbes
1945 1832 2246 1863 recenseantur.

1469 1885 1491 1934 S
1514 1887 1609 1925 113.
1653 1882 1740 1923 ’Aah
1773 1882 1922 1938 Θαψους
1952 1883 2002 1931 εἰς
2030 1885 2177 1937 Λέπτην
2201 1885 2314 1934 cod.;
2337 1899 2417 1925 em.
2454 1886 2558 1926 Gail.
2591 1889 2653 1926 De

1414 1946 1533 1999 Lepti
1552 1959 1591 1984 v.
1618 1954 1766 1999 praeter
1781 1946 1961 1986 Plinium
1980 1955 2020 1987 61
2041 1946 2189 1986 Μ613111
2211 1947 2392 1987 Hirtium
2421 1947 2521 1987 Bell.
2557 1948 2647 1988 Asr.

1413 2021 1450 2046 c.
1479 2021 1542 2048 10.
1562 2020 1631 2060 29.
1651 2012 1718 2048 62.
1742 2022 1795 2061 97
1811 2024 1822 2058 ;
1841 2009 1931 2049 Asr.
1959 2024 1995 2050 c.
2014 2013 2082 2050 62.
2101 2010 2246 2050 Ruinae
2258 2024 2386 2064 prope
2400 2010 2649 2052 hodiernum

1412 2069 1548 2109 vicum
1573 2073 1730 2110 Lemta.
1752 2073 1926 2110 Portum
1952 2071 2066 2119 olim,
2089 2085 2262 2125 parvum
2282 2071 2388 2121 licet,
2420 2072 2566 2112 urbem
2582 2073 2653 2113 ha·

1412 2130 1548 2170 11111556
1561 2131 1764 2183 colligitur
1778 2147 1828 2171 ex
1843 2133 1979 2172 Hirtio
2002 2135 2050 2172 B.
2076 2132 2166 2172 Afr.
2185 2148 2221 2172 6.
2251 2137 2301 2173 62
2322 2146 2331 2172 :
2358 2136 2529 2174 Varus..
2553 2138 2651 2189 Lep-

1402 2193 1476 2252 'tin
1498 2202 1638 2233 vectus
1653 2208 1778 2233 naves
1794 2194 2016 2241 onerarias,
2037 2209 2127 2248 φησι)
2145 2194 2304 2244 longius
2320 2210 2345 2234 (ι
2354 2205 2483 2249 portu
2507 2195 2549 2235 in
2565 2197 2652 2236 salo

1411 2256 1597 2305 stabant,
1625 2255 1819 2295 incendit.
1842 2257 1980 2295 Nostri
2002 2265 2186 2310 tempore
2206 2256 2442 2296 obstructus
2458 2255 2545 2309 jam
2563 2257 2650 2298 sue·
2685 2264 2688 2266 '

1412 2318 1480 2366 rit,
1504 2319 1621 2357 sicuti
1639 2332 1751 2357 nunc
1770 2319 1811 2357 in
1836 2332 1908 2358 ora
1926 2318 2072 2357 humili
2094 2326 2134 2357 et
2149 2318 2202 2357 ob
2217 2318 2356 2358 brevia
2369 2332 2532 2359 accessu
2547 2319 2653 2360 diffi-

1413 2380 1479 2418 cili
1496 2379 1654 2419 nullum
1674 2388 1858 2434 superest
1873 2388 2017 2434 portus
2030 2381 2259 2432 vestigium.
2284 2381 2299 2433 Η
2318 2404 2375 2410 —-
2393 2396 2415 2419 κ
2427 2395 2512 2420 ατα
2525 2397 2548 2435 φ
2559 2396 2582 2420 α
2594 2397 2611 2421 ν
2625 2385 2648 2433 ἤ

1415 2440 1498 2495 ἔχε
1517 2443 1556 2496 ι]
1584 2442 1694 2488 πόλις
1717 2443 1831 2496 μικρά
1873 2442 1973 2490 ἐστι,
1999 2439 2215 2496 καταφανὴς
2243 2441 2307 2481 καὶ
2325 2442 2470 2495 βραχέα
2500 2442 2646 2484 codex.

1412 2504 1522 2543 Urbs
1545 2519 1674 2558 quum
1691 2505 1732 2544 in
1749 2505 1917 2559 planitie
1939 2506 2015 2544 sita
2036 2505 2103 2554 sit,
2132 2519 2215 2544 non
2238 2505 2374 2558 potuit
2400 2506 2536 2544 nautis
2568 2505 2649 2546 dici

1413 2566 1644 2620 καταφανής.
1677 2567 1819 2606 Brevia
1856 2581 1952 2606 vero
1981 2567 2060 2606 hoc
2095 2566 2186 2606 loco
2225 2569 2421 2620 καταφανῆ
2453 2566 2652 2607 (11611111111

1413 2628 1557 2668 60(16111
1579 2643 1699 2668 5611511
1718 2643 1800 2683 quo
1821 2629 1916 2669 alias
1935 2637 2216 2668 memorantur
2235 2629 2359 2683 βράχη
2377 2630 2601 2683 φαινόμενα.
2630 2632 2645 2683 Η

1413 2714 1468 2721 —
1491 2690 1587 2745 po']
1614 2692 1815 2731 Distantia
1829 2692 1970 2731 nimia.
1997 2690 2133 2731 Stadia
2152 2699 2247 2731 sunt
2273 2690 2357 2730 fere
2383 2699 2563 2731 centum.

1471 2756 1492 2805 §
1512 2758 1604 2795 114.
1631 2752 1680 2801 εἷς
1699 2753 1850 2808 Θέρμαν
1876 2754 2021 2793 Ι113116
2043 2762 2186 2793 6011113
2202 2767 2324 2807 quam
2340 2752 2486 2794 codex..
2510 2754 2648 2793 Malim

1416 2815 1466 2863 εἰς
1485 2815 1638 2871 Θερμά,
1659 2817 1721 2856 1111
1740 2824 1799 2855 651
1821 2819 1842 2867 5
1870 2829 1962 2856 120.
1979 2817 2137 2856 Locum
2155 2816 2384 2855 eonomine
2407 2815 2508 2854 alius
2529 2830 2651 2856 nemo

1415 2887 1630 2918 memorat,
1666 2877 1908 2918 Ptolemaeus
1937 2886 1976 2916 et
1997 2877 2101 2918 Tab.
2143 2879 2259 2917 P-eut.
2299 2877 2407 2916 inter
2440 2878 2585 2931 Leptin
2613 2887 2652 2918 et

1415 2937 1691 2980 Adrumetum
1736 2947 1898 2994 ponunt
1935 2939 2144 2993 Rhuspina
2195 2939 2208 2994 (
2233 2938 2459 2979 Ῥουσπῖνον
2515 2939 2648 2979 Strab.

1414 3016 1457 3056 p.
1484 3004 1559 3043 831
1581 3002 1612 3058 ),
1647 3016 1770 3056 quem
1795 3001 1931 3041 locum
1958 3015 2042 3040 non
2069 3000 2171 3040 adeo
2194 3000 2312 3052 longe
2333 3014 2356 3039 a
2380 3001 2495 3053 Lepti
2519 3008 2558 3039 et
2579 3014 2651 3039 ora

1414 3066 1619 3105 maritima
1635 3063 1810 3105 abfuisse
1829 3078 1877 3103 ex
1894 3063 2030 3102 Hirtio
2058 3065 2103 3101 B.
2126 3063 2215 3104 Afr.
2228 3062 2444 3114 colligitur.
2466 3062 2650 3100 Fortasse

1416 3126 1467 3166 acl
1490 3126 1666 3166 eundem
1688 3126 1892 3180 pertinent
1916 3125 2106 3165 Thermae
2122 3132 2284 3163 nostrae.

1472 3192 1610 3241 5115.
1640 3186 1972 3242 ἀκρωτήριον]
2008 3189 2091 3225 Rus
2123 3184 2273 3225 Mistir
2295 3198 2388 3223 cum
2420 3183 2570 3224 Mistir
2589 3185 2651 3225 vel

1415 3251 1627 3291 Monastir
1666 3248 1835 3303 oppido,
1887 3248 2219 3301 promontorium
2271 3260 2483 3294 saxosum,
2534 3246 2650 3286 olivis

1416 3315 1618 3353 consitum
1636 3327 1646 3360 ;
1687 3311 1872 3365 adjacent
1887 3309 2032 3349 insulae·
2047 3317 2127 3348 tres
2147 3322 2314 3357 saxosae,
2333 3322 2506 3362 quarum
2527 3323 2610 3348 una
2628 3323 2651 3349 a

1416 3376 1638 3424 columbis,
1676 3389 1765 3428 quae
1794 3375 1834 3413 in
1859 3374 2042 3413 cavernis
2075 3373 2241 3426 rupium
2260 3371 2495 3425 fissurisque
2511 3371 2649 3412 nidifi-

1416 3448 1508 3480 cant
1524 3471 1534 3489 ,
1557 3446 1728 3478 vocatur
1743 3435 1970 3476 Hamdmelz
1996 3453 2008 3482 ;
2026 3435 2192 3488 reliquae
2211 3433 2318 3483 duae,
2340 3449 2423 3474 orae
2438 3436 2651 3489 propiores

1416 3501 1506 3541 Sidi
1525 3499 1729 3540 Fert-adela
1746 3506 1786 3538 et
1807 3496 1897 3536 Sidi
1915 3496 2053 3535 Salalz.
2071 3495 2228 3549 Majore
2250 3504 2425 3536 utuntur
2443 3495 2495 3536 ad
2529 3497 2650 3536 thun-

1416 3577 1491 3602 nos
1514 3559 1747 3614 capiendos.
1783 3558 2062 3598 Promontorii
2093 3565 2133 3597 et
2171 3557 2396 3597 insularum
2433 3558 2540 3597 saxis
2576 3557 2652 3596 sre-

1418 3632 1587 3678 quentes
1607 3622 1720 3660 incisi
1745 3620 1923 3659 cuniculi
1940 3634 1987 3659 ac
2017 3634 2208 3668 camerae;
2235 3633 2326 3673 quae
2349 3619 2445 3659 item
2484 3619 2651 3658 thunnis

1417 3683 1623 3739 capiendis
1646 3682 1876 3721 inserviisse
1899 3681 2107 3722 videntur.
2132 3683 2188 3722 V.
2213 3682 2358 3722 Barth.
2383 3696 2425 3735 p.
2454 3680 2545 3733 157.
2574 3681 2651 3732 l}—

1417 3745 1496 3784 ὃύο
1535 3760 1585 3796 νη
1601 3745 1707 3797 σία]
1759 3743 1938 3783 Διονύσια
1980 3743 2131 3791 codex;
2171 3758 2296 3784 manu
2326 3742 2529 3782 lenissima
2568 3755 2648 3780 em.

1418 3807 1564 3846 Hasius
1590 3820 1656 3860 ap.
1682 3805 1807 3846 Gaii..
1843 3806 1983 3845 Potuit
2012 3821 2108 3846 sane
2135 3806 2378 3859 Dionysium
2403 3804 2458 3843 ibi
2479 3817 2579 3850 esse,
2604 3803 2654 3841 si-

1418 3869 1500 3908 cuti
1522 3876 1662 3922 postea
1692 3875 1779 3907 erat
1813 3869 2108 3907 monasterium
2150 3865 2288 3921 (unde
2316 3865 2527 3907 Monastir
2551 3877 2650 3918 opp.

1417 3931 1574 3970 dictum
1594 3932 1625 3983 )‚
1659 3939 1699 3970 et
1727 3929 2080 3984 quemadmodum
2116 3929 2160 3968 in
2193 3936 2386 3982 sequente
2408 3941 2490 3967 01·ae
2520 3934 2652 3966 tractu

1418 4001 1510 4047 post
1531 3992 1807 4033 Adrumetum
1840 3992 2080 4032 Ptolemaeus
2106 3989 2399 4044 Aphrodisium
2435 3996 2649 4028 memorat.

1420 4058 1475 4095 At
1498 4063 1584 4094 tum
1610 4053 1719 4094 haud
1738 4053 1864 4093 dubie
1879 4061 2021 4093 auctor
2042 4052 2210 4092 dixisset
2228 4051 2440 4092 Διονύσιον.
2463 4051 2654 4092 Barthius
