2808 4342
521 25 567 75 Ο

489 108 497 118 ’
735 111 773 152 ο

235 202 324 242 378

228 383 372 412 8025&-

297 451 350 480 u.
388 431 733 495 Παραμείψαντες
753 428 796 473 δὲ
814 428 884 473 τὸν
910 427 1153 491 Ἀστέλεφον
1173 429 1232 480 εἰς
1253 427 1468 476 tesnard-

229 503 348 548 πολιν
369 500 525 561 ἥκομεν
548 499 629 560 πρὸ
662 496 944 561 μεσημὸρίας,
978 497 1061 544 ἀπὸ
1083 496 1241 544 Χῶὃου
1261 498 1467 560 ὁρμηθέν-

187 588 208 618 s
228 589 318 627 τις,
347 570 534 619 σταδίους
552 567 682 618 εἴκοσι
704 564 776 612 καὶ
810 566 959 612 ἑκατὸν
980 565 1074 619 τοὺς
1093 565 1176 612 ἀπὸ
1210 564 1466 629 Ἀστελέφου·

226 643 282 692 ὡς
313 638 384 684 καὶ
407 637 480 691 τὴν
514 634 765 699 μισθοφορὰν
803 635 885 698 τοῖς
917 634 1189 699 στρατιώταις
1218 636 1357 682 δοῦναι
1393 639 1467 694 τῆς

227 710 352 761 αὐτῆς
377 703 538 766 ἡμέρας
558 702 632 749 καὶ
654 702 746 755 τοὺς
778 701 929 757 ἵππους
958 703 1032 750 καὶ
1053 701 1106 750 τὰ
1138 704 1247 750 ὅπλα
1268 704 1366 751 ἰδεῖν
1394 703 1467 751 καὶ

224 774 314 825 τοὺς
336 771 489 824 ἱππέας
523 773 825 830 ἀναπηδῶντας
860 772 930 820 ἐπὶ
966 771 1061 827 τοὺς
1089 771 1242 827 ἵππους
1266 773 1339 820 καὶ
1373 772 1466 828 τοὺς

222 843 453 903 κάμνοντας
475 841 548 902 καὶ
572 842 639 888 τὸν
658 843 767 889 σῖτον
785 879 798 900 ,
824 842 896 888 καὶ
920 842 967 889 τὸ
990 844 1124 907 τεῖχος
1146 845 1371 906 περιελθεῖν
1394 843 1465 890 καὶ

164 926 202 957 ω
222 912 296 968 τὴν
319 912 489 976 τῶρρον.
558 912 729 960 Στάδιοι
746 912 829 958 ἀπὸ
852 912 926 973 μὲν
951 912 1103 962 Χώὅου
1127 916 1183 965 εἰς
1202 912 1466 960 Σεόαστόπο-

219 985 283 1028 λιν
322 982 546 1045 τριάκοντα
585 982 656 1028 καὶ
686 982 916 1039 ἑξακόσιοι,
955 984 1039 1030 ἀπὸ
1075 986 1386 1046 Τραπεζοῦντος
1420 982 1464 1029 δὲ

221 1051 276 1104 εἷς
307 1051 619 1099 Σεὸαστόπολιν
653 1051 852 1107 ἑξήκοντα
888 1052 960 1099 καὶ
987 1053 1189 1099 διακόσιοι
1221 1052 1293 1099 καὶ
1323 1052 1463 1116 δισχί-

219 1122 313 1170 λιοι.
381 1119 436 1168 Ἥ
464 1122 507 1167 δὲ
524 1121 836 1175 Σεὸαστόπολις
858 1122 991 1168 πάλαι
1010 1122 1281 1185 Διοσκουριὰς
1303 1124 1463 1170 ἐκαλεῖ·

217 1208 265 1236 το
280 1226 292 1247 ,
317 1190 485 1243 ἄποικος
508 1190 743 1248 Μιλησίων.

158 1278 196 1308 ιο
283 1276 334 1308 ts.
371 1257 504 1317 Ἔθνη
523 1261 566 1307 δὲ
588 1261 918 1325 παρημείψαμεν
937 1262 1051 1310 τάδε.
1119 1261 1464 1325 Τραπεζουντίοις

219 1330 324 1391 μὲν,
355 1330 542 1395 καθάπερ
572 1332 644 1377 καὶ
686 1335 882 1395 Ξενοφῶν
918 1331 1054 1393 λέγει,
1094 1332 1253 1394 Κόλχοι
1292 1331 1459 1395 ὅμοροι·

217 1399 289 1445 καὶ
313 1397 380 1453 οὓς
398 1398 510 1460 λέγει
541 1399 633 1452 τοὺς
657 1400 983 1462 μαχιμωτάτους
1013 1400 1084 1447 καὶ
1104 1400 1376 1463 ἐχθροτάτους
1399 1393 1456 1445 εἶ-

216 1487 284 1515 ναι
298 1476 382 1522 τοῖς
399 1470 745 1533 Τραπεζουντίοις
758 1506 770 1529 ,
794 1471 947 1523 ἐκεῖνος
963 1470 1038 1531 μὲν
1056 1470 1237 1534 Δρίλλας
1256 1471 1461 1530 ὀνομάζει,

216 1538 309 1599 ἒμοὶ
336 1538 378 1585 δὲ
401 1540 591 1585 δοκοῦσιν
614 1542 651 1586 οἱ
673 1541 823 1587 Σάννοι
847 1533 957 1585 οὗτοι
978 1533 1097 1588 εἶναι.
1171 1539 1256 1586 Καὶ
1278 1538 1357 1600 γὰρ
1378 1558 1457 1599 μα-

150 1626 194 1656 20
213 1606 450 1670 χιμώτατοί
483 1610 585 1654 εἰσιν
606 1610 663 1661 εἷς
683 1612 802 1655 τοῦτο
836 1608 898 1654 ἔτι
918 1608 989 1655 καὶ
1010 1611 1093 1662 τοῖς
1120 1608 1463 1672 Τραπεζουντίοις

213 1676 478 1739 ἐχθρότατοι,
501 1675 573 1723 καὶ
603 1676 739 1740 χωρία
763 1676 895 1740 ὀχυρὰ
930 1678 1108 1734 οἰκοῦσι,
1131 1677 1203 1723 καὶ
1227 1676 1335 1729 ἔθνος
1358 1677 1460 1723 ἀδα-

215 1745 415 1803 σίλευτον,
455 1746 588 1791 πάλαι
613 1743 687 1806 μὲν
725 1747 795 1791 καὶ
830 1745 953 1809 φόρου
993 1745 1187 1798 ὑποτελὲς
1209 1745 1455 1806 Ῥωμαίοις,

213 1814 294 1860 ὑπὸ
317 1814 358 1861 δὲ
381 1820 452 1861 τοῦ
485 1814 700 1877 λῃστεύειν
728 1817 802 1860 οὐκ
831 1814 1047 1877 ἄκριὸοῦσι
1074 1815 1147 1870 τὴν
1177 1814 1319 1878 φοράν·
1346 1814 1453 1859 ἀλλὰ

214 1887 285 1930 νῦν
307 1902 353 1945 γε
391 1884 566 1936 διδόντος
602 1888 693 1929 θεοῦ
719 1884 1043 1947 ἅκριὸώσουσιν,
1077 1883 1105 1940 ἢ
1129 1883 1343 1942 ἐξελοῦμεν
1379 1885 1456 1929 αὗ-

149 1969 190 1999 25
211 1952 320 2005 τούς.
386 1952 559 2000 Τούτων
593 1952 635 1998 δὲ
670 1953 835 2015 ἔχονται
871 1954 1114 2016 Μαχέλονες
1146 1953 1217 1998 καὶ
1256 1953 1452 2015 Ἡνίοχοι·

213 2114 366 2168 signari
382 2112 579 2168 proclivis
592 2121 652 2155 est
669 2112 923 2169 conjectura.
941 2114 1136 2155 Ceterum
1153 2114 1341 2155 nonnulli
1358 2115 1460 2168 Hip-

212 2189 316 2232 pum
334 2183 376 2216 et
398 2176 611 2230 Cyaneum
634 2176 677 2216 in
700 2175 867 2216 Phasim
890 2175 1064 2216 influere
1082 2174 1268 2226 tradunt,
1292 2176 1377 2226 siye
1395 2175 1459 2216 di·

213 2251 353 2279 venos
377 2251 519 2278 amnes
551 2238 821 2291 cognomines
843 2235 927 2278 dici
961 2245 1095 2292 putes,
1129 2237 1215 2278 sive
1248 2237 1379 2278 aliena
1406 2237 1458 2279 ad

213 2297 415 2341 celebrem
436 2298 589 2340 Phasin
622 2298 768 2340 referri
799 2298 984 2340 mavelis.
1020 2300 1077 2341 V.
1101 2307 1191 2342 not.
1217 2299 1270 2340 ad
1302 2299 1457 2355 Scylac-

212 2362 308 2414 581
340 2375 383 2417 p.
410 2364 479 2411 61,
512 2360 585 2403 ubi
618 2359 725 2402 adde
747 2360 863 2416 quod
896 2360 1189 2403 Eratosthenes
1223 2376 1289 2417 ap,
1326 2362 1455 2403 schol.

212 2423 350 2479 Apoll.
373 2421 511 2465 Rhod.
528 2424 605 2473 IV,
637 2424 710 2464 131
735 2424 911 2478 Τιτῆνα(
926 2423 1091 2476 Τίτηνον
1112 2423 1207 2466 cod.
1227 2425 1321 2465 Par.
1345 2424 1359 2480 )
1385 2424 1459 2466 ssu-

214 2486 326 2528 vium
349 2494 577 2537 memorat,
616 2500 639 2527 a
674 2500 759 2541 quo
794 2486 1037 2529 Colchidem
1073 2486 1257 2539 Τιτήνιδα
1290 2485 1381 2527 αἶαν
1407 2487 1460 2529 ab

212 2548 436 2604 Apollonio
455 2549 591 2590 vocari
624 2549 842 2591 scholiasta
874 2549 1015 2592 refert.
1042 2550 1059 2604 ΙΙ
1086 2573 1143 2580 -
1172 2563 1208 2590 1.
1240 2548 1458 2591 Ἀστέλε-

211 2627 291 2666 φος
314 2613 330 2669 ]
357 2613 519 2653 Nomen
545 2627 588 2653 in
606 2608 819 2670 Stclippon
841 2622 881 2654 et
904 2618 1087 2669 Stempco
1117 2612 1219 2654 abiit
1241 2614 1282 2654 in
1303 2614 1456 2667 Geogr.

213 2676 314 2715 Rav.
346 2684 387 2716 et
418 2674 524 2716 Tab.
550 2676 668 2717 Peut.
707 2677 917 2717 Pertinere
945 2676 1028 2717 huc
1058 2690 1211 2716 nomen
1241 2675 1457 2731 Ascalaphi

211 2736 342 2777 Marte
365 2738 476 2787 nati,
512 2752 598 2792 quo
631 2736 738 2779 duce
766 2739 939 2780 Achaeos
977 2740 1018 2779 in
1047 2740 1227 2780 Pontum
1264 2738 1458 2793 migrasse

211 2796 337 2839 refert
352 2799 586 2840 Priscianus
597 2801 755 2854 Perieg.
772 2805 867 2849 666,
884 2803 1079 2857 opinatur
1088 2799 1453 2843 Raoul-Rochette.

210 2859 356 2901 Btahl.
379 2862 435 2909 11,
456 2875 498 2915 p.
525 2865 606 2909 420
624 2870 712 2903 not.

266 2924 291 2976 S
326 2926 390 2972 1⁴,
409 2921 436 2963 l.
469 2922 510 2963 3.
529 2923 835 2974 Σεὸαστόπολις,
854 2925 950 2965 olim
982 2926 1239 2975 Dioscurias,
1275 2926 1455 2967 Milesio-

210 2996 306 3026 rum
325 2983 504 3035 colonia,
531 2992 578 3026 ut
597 2984 703 3026 infra
727 2987 929 3027 Arrianus
948 2993 1104 3026 monet.
1134 2986 1286 3026 Fabula
1313 2987 1455 3028 condi-

210 3045 526 3104 tooesperhibet
542 3045 603 3089 vel
623 3048 732 3103 ipsos
752 3048 977 3089 Dioscuros
1002 3046 1137 3102 (Mela
1155 3049 1190 3095 Ι,
1214 3060 1276 3099 ¹9·
1300 3049 1450 3102 Hygin.

210 3105 294 3149 snb.
311 3102 394 3164 275
419 3108 434 3165 )
458 3107 520 3150 vel
535 3123 681 3151 eorum
703 3110 865 3164 aurigas
886 3109 972 3150 sive
988 3107 1192 3163 ἡνιόχους,
1219 3109 1452 3149 Heniocho-

208 3183 302 3212 rum
314 3171 447 3227 gentis
467 3179 671 3223 auctores,
693 3170 939 3228 Amphitum
956 3171 974 3224 (
991 3169 1318 3226 Amphistratum
1339 3174 1452 3210 Stra-

210 3232 288 3288 bo)
318 3243 358 3276 et
378 3233 596 3276 Telchium
621 3234 846 3287 (Cer-cium
886 3236 1041 3281 dmm„
1078 3231 1270 3273 Rheciam
1293 3233 1449 3281 Str-ab„

208 3295 405 3352 lea-seim).
419 3298 474 3338 V.
494 3296 652 3339 Plinius
665 3297 743 3347 VI,
766 3298 788 3339 5
807 3300 830 3350 S
850 3300 921 3347 16;
938 3294 1066 3338 Solin.
1083 3309 1122 3336 c.
1145 3307 1220 3350 19;
1239 3295 1447 3336 Ammian.

209 3359 348 3411 XXII,
378 3362 420 3411 8,
446 3363 526 3410 α4;
555 3359 703 3402 Strabo
721 3374 764 3416 p.
787 3363 893 3415 4963
914 3358 1077 3401 Charax
1108 3371 1177 3415 ap.
1198 3355 1327 3399 schol.
1351 3358 1450 3398 Dio-

208 3433 298 3475 nys.
323 3422 419 3477 687.
445 3421 511 3463 Cf.
542 3422 695 3463 Justin.
718 3423 854 3473 XLII,
894 3421 942 3472 3;
974 3419 1126 3462 Isidor.
1158 3420 1234 3472 Or.
1270 3420 1367 3469 XV,
1412 3433 1448 3462 ι.

208 3482 292 3524 Sita
313 3484 550 3526 Dioscurias
556 3486 689 3541 juxta
705 3482 1211 3539 Anthemuneemfluvium
1232 3495 1314 3524 sec.
1342 3481 1446 3523 Plin.

209 3542 238 3584 1.
260 3543 288 3585 l.
313 3548 336 3598 S
356 3547 419 3587 15.
441 3549 530 3589 Sec.
556 3548 800 3591 Strabonem
823 3562 867 3605 p.
902 3550 984 3602 499
1010 3546 1097 3603 περὶ
1111 3543 1182 3598 τὴν
1203 3545 1449 3601 Διοσκουριά·

209 3604 259 3646 δα
271 3604 367 3661 ῥεΐδ
387 3608 501 3662 Χάρις
519 3610 712 3667 ποταμός,
735 3611 779 3652 ἰιι
798 3609 950 3666 quibus
964 3609 1228 3652 Charientem
1243 3606 1287 3649 ss.
1308 3622 1331 3649 a
1346 3606 1451 3650 Pha·

207 3665 309 3709 sidis
331 3669 479 3711 vicinia
499 3686 712 3727 perperam
742 3673 827 3715 huc
841 3672 1051 3714 transferri
1068 3670 1238 3728 quidam
1261 3668 1448 3712 eredide-

207 3737 333 3782 mnu
350 3730 418 3773 alii
434 3731 682 3775 hodiernum
701 3735 839 3777 Kodor
854 3745 976 3791 atque
989 3735 1143 3791 Κόρακα
1161 3732 1367 3776 Ptolemaei
1385 3733 1447 3774 in·

208 3790 332 3848 telligi
343 3805 395 3835 eo
405 3795 577 3838 nomine
589 3796 811 3838 volunt.1d
827 3812 923 3839 sane
937 3796 1191 3854 probabilius
1202 3803 1277 3839 ast.
1295 3797 1450 3850 Quam-

207 3868 334 3910 quam
373 3857 513 3899 nescio
538 3871 591 3900 an
633 3858 805 3910 fluvius,
851 3875 975 3915 quem
1017 3860 1070 3902 ab
1101 3859 1339 3902 amoenitate
1379 3858 1446 3901 alii

206 3917 533 3978 ..anthemuntem
556 3930 773 3972 vocarunt,
793 3921 845 3963 ab
872 3923 961 3964 aliis
982 3924 1111 3979 Χάρις,
1137 3922 1189 3964 ab
1211 3922 1300 3964 aliis
1328 3920 1445 3964 deni·

207 3992 288 4035 que
307 3980 613 4038 Chrysorrhoas
640 3982 777 4026 dictus
804 3985 871 4025 sit.
901 3986 1020 4026 Certe
1042 4000 1164 4041 quem
1183 3985 1340 4028 Plinius
1358 3983 1386 4025 Ι,
1414 3982 1443 4025 l.

209 4044 232 4094 S
253 4046 299 4092 14
317 4058 411 4086 cum
430 4045 680 4103 Sebastopoli
700 4046 863 4089 castello
884 4050 1095 4104 componit
1116 4046 1442 4104 Chrysorrhoain

1369 190 1636 240 ARRIANI

230 294 303 342 καὶ
320 293 467 341 ἑκατὸν
492 254 632 357 bii-zei·
654 292 724 338 καὶ
755 295 826 337 τοῦ
848 290 1003 338 Ἵππου
1026 292 1048 335 ὁ
1081 288 1319 352 Ἀστέλεφος
1350 291 1470 353 τριά-

2731 0 2808 18 4,.

2619 190 2777 271 (mats)
2805 255 2808 257 ,

1530 309 1699 345 centum
1719 310 1761 346 et
1781 305 2082 361 quinquaginta
2098 307 2240 350 stadiis
2260 306 2406 359 distat;
2428 308 2480 350 ab
2502 309 2643 365 Hippo
2656 300 2808 358 Asis-,4

1529 368 1675 427 nepum
1696 371 1865 427 tragum
1882 371 2039 416 sudis..
2087 395 2096 401 -
2770 363 2803 425 '-;

1592 441 1657 488 ¹4·
1699 438 1968 497 Astelephum
2005 438 2104 484 vero
2142 446 2419 499 proten-vecti,
2474 437 2808 503 sebastopolim}

1530 520 1795 574 pervenimus
1830 529 1927 563 ante
1957 521 2191 576 meridiem,
2214 538 2345 581 quum
2368 541 2392 568 a
2413 528 2561 571 Chobo
2596 511 2797 585 profecti*

1528 612 1725 652 essentum
1737 602 1912 657 peractis
1922 611 2090 645 centum
2103 611 2146 646 et
2152 604 2451 663 vigintiptadiis
2459 607 2512 650 ab
2522 609 2741 667 Astelepho
2756 622 2768 652 ι

1529 680 1801 736 quamobrem
1822 681 1971 724 eodem
2000 682 2069 726 die
2092 692 2135 726 et
2159 685 2359 727 militibus
2385 686 2589 744 stipendia
2611 690 2766 744 persol-
2795 679 2797 681 ¹

1528 761 1687 812 vimus,
1722 769 1763 803 et
1798 775 1951 818 equos,
1990 778 2131 815 arma,
2173 767 2332 821 equites
2366 767 2484 822 equis
2520 767 2794 820 insilientes..

1529 854 1682 896 aegros,
1716 856 1926 884 annonam
1956 844 2151 896 yisimus,
2185 855 2227 888 et
2256 862 2424 889 murum
2455 850 2767 892 circumivimus
2791 831 2797 837 ἢ

1527 922 1775 978 fossamque.
1836 922 1975 965 Stadia
1990 938 2015 966 a
2028 924 2176 967 Chobo
2190 925 2241 967 ad
2265 928 2562 985 Sebastopolim
2580 939 2783 973 sexcenta*

1526 1017 1567 1050 et
1589 1009 1783 1064 triginta;
1809 1024 1831 1050 a
1849 1009 2110 1066 Trapezunte
2135 1010 2188 1051 ad
2210 1011 2507 1070 Selmstopolim
2535 1014 2622 1058 duo
2645 1017 2772 1060 millia

1526 1092 1706 1134 ducenta
1731 1101 1772 1134 et
1793 1093 2017 1148 sexaginta.
2078 1093 2355 1151 Sebastopolis
2374 1106 2511 1141 autem
2531 1101 2769 1143 Dioscurias

1526 1177 1626 1220 olim
1646 1176 1724 1219 {hit
1742 1178 1955 1220 nominata
1968 1208 1980 1228 ,
2004 1177 2261 1220 Milesiorum
2283 1179 2459 1223 colonia.

1586 1265 1652 1307 15.
1686 1266 1839 1307 Gentes
1853 1274 1995 1307 autem
2009 1267 2449 1322 praeternavigavimus
2471 1268 2608 1312 hasce.
2665 1273 2766 1315 Tra-

1525 1330 1753 1385 pezuntiis‚
1786 1338 1832 1370 ut
1866 1329 2103 1385 Xenophon
2141 1330 2315 1382 (Anah.
2356 1331 2396 1381 5,
2432 1344 2474 1383 2,
2508 1331 2568 1390 a)
2606 1348 2769 1391 quoqu«-

1524 1390 1683 1442 scribit,
1712 1390 1879 1433 finitimi
1911 1400 2011 1433 sunt
2038 1391 2198 1433 Colchi.
2259 1395 2398 1449 Atque
2429 1408 2535 1450 quos
2563 1395 2629 1438 ille
2658 1396 2768 1440 helli-

1525 1453 1758 1495 cosissimos
1780 1468 1869 1495 esse
1897 1462 1938 1495 et
1954 1453 2243 1509 Trapezuntiis
2262 1453 2545 1498 infestissimos
2576 1458 2648 1508 ait,
2682 1459 2767 1515 ipsc

1525 1514 1697 1571 quidem
1727 1515 1878 1557 Drillas
1901 1524 2035 1567 vocat,
2061 1516 2164 1558 mihi
2189 1530 2286 1559 vero
2308 1516 2434 1560 iidem
2456 1533 2543 1560 oese
2562 1520 2686 1562 Sanni
2709 1522 2766 1561 vi·

1525 1577 1695 1620 dentur.
1756 1579 1811 1620 Hi
1843 1579 1956 1620 enim
1985 1577 2039 1620 ad
2072 1578 2152 1619 hoc
2172 1592 2303 1634 usque
2331 1582 2530 1637 temporis
2549 1581 2769 1624 bellicosis-

1527 1642 1685 1683 simiae
1700 1641 1987 1697 Trapezuntiis
2000 1641 2272 1682 inimicissimi
2293 1651 2407 1693 sunt,
2420 1651 2462 1685 et
2477 1643 2565 1686 loca
2582 1645 2768 1687 incolunt

1528 1704 1710 1754 munita,
1750 1717 1978 1759 regumque
2010 1703 2185 1759 imperio
2222 1718 2321 1757 gens
2355 1713 2482 1747 caret.
2541 1707 2769 1750 Tributarii

1526 1766 1624 1808 olim
1645 1765 1814 1808 fuerunt
1836 1766 2054 1816 Romanis,
2079 1774 2119 1807 at
2140 1780 2253 1807 nune
2284 1766 2509 1810 latrociniis
2540 1768 2671 1812 dediti
2696 1771 2769 1814 tri·
2806 1811 2808 1813 .

1526 1828 1724 1871 butorum
1744 1827 1992 1870 solutionem
2015 1828 2226 1883 negligunt
2245 1842 2256 1870 ι
2281 1844 2373 1885 quae
2387 1830 2558 1886 quidem
2581 1832 2768 1888 posthae,

1524 1891 1605 1933 deo
1630 1890 1824 1946 juvante,
1849 1899 2039 1933 accurate
2060 1890 2311 1947 persolvent,
2336 1901 2408 1934 aut
2430 1908 2500 1935 eos
2519 1896 2768 1938 extermina·

1526 1952 1678 1994 bimus.
1740 1953 1828 1994 Hos
1853 1953 2061 2007 attingunt
2082 1952 2343 1995 Machelones
2361 1964 2402 1997 et
2423 1956 2643 2007 Heniochi,
2664 1972 2769 2013 quo·

1530 2114 1720 2163 fluvium,
1748 2113 1801 2154 ab
1833 2112 2116 2155 Anthemunte
2138 2112 2258 2168 juxta
2284 2115 2621 2167 Dimemiadem,
2651 2116 2769 2172 cujus

1529 2188 1580 2215 ex
1606 2174 1686 2215 alio
1705 2173 1860 2227 fontes
1882 2175 1929 2216 15
1955 2183 2171 2226 memorat,
2195 2176 2261 2216 vix
2276 2174 2462 2219 diversus
2485 2177 2622 2220 fuerit.
2647 2179 2770 2222 Nunc

1527 2244 1589 2276 est
1625 2235 1880 2276 Salamacho.
1919 2235 2032 2277 Urbs
2060 2236 2290 2292 (Διοσκορὶς
2318 2238 2362 2278 in
2386 2238 2561 2296 Scylacis
2585 2240 2766 2299 codice)

1528 2297 1626 2339 olim
1647 2297 1994 2339 commerciorum
2016 2298 2132 2353 quasi
2144 2312 2218 2340 arx
2241 2298 2430 2354 quaedam
2446 2302 2463 2355 (
2479 2315 2520 2344 ν.
2535 2302 2768 2347 'Timosthe-

1528 2373 1599 2400 nes
1620 2373 1687 2415 ap.
1711 2358 1819 2400 Plin.
1834 2358 1867 2415 )‚
1884 2358 2006 2401 Plinii
2025 2367 2142 2402 aetate
2155 2359 2316 2403 deserta
2326 2369 2429 2413 erat,
2446 2361 2655 2406 castellum
2672 2378 2768 2409 vero

1529 2422 1585 2463 ibi
1608 2430 1696 2464 erat
1717 2421 1993 2478 Sebastopolis
2018 2421 2032 2478 (
2056 2421 2110 2463 cf.
2136 2424 2310 2480 Procop.
2338 2425 2387 2466 B.
2407 2425 2462 2467 G.
2479 2425 2556 2476 lv,
2578 2429 2603 2477 4
2619 2440 2662 2484 p.
2685 2428 2765 2483 473

1527 2483 1595 2525 ed.
1628 2486 1764 2526 Bonn.
1781 2484 1813 2541 ),
1850 2483 1970 2540 cujus
2003 2484 2243 2541 praesidium
2293 2486 2573 2531 exercendum
2609 2492 2765 2533 curavit

1528 2547 1745 2589 Arrianus.
1772 2548 1896 2589 Nunc
1913 2547 1970 2588 ibi
1987 2550 2142 2600 Isgaur
2166 2549 2279 2590 vicus
2300 2563 2431 2606 prope
2452 2550 2650 2595 Iskuriah
2669 2567 2766 2610 pro·

1529 2610 1799 2651 montorium.
1814 2610 2009 2651 Ceterum
2021 2608 2075 2651 cf.
2089 2610 2236 2652 Strabo
2246 2625 2290 2667 p.
2306 2614 2377 2667 47.
2401 2612 2477 2655 125
2488 2626 2553 2670 sq.
2571 2617 2668 2670 497.
2683 2619 2764 2671 499
2781 2651 2789 2662 ,

1526 2680 1567 2712 et
1589 2671 1731 2727 steph.
1756 2673 1854 2728 Byz.
1888 2686 1927 2712 v.
1947 2671 2207 2728 Διοσκουριάς.
2238 2674 2254 2728 ΙΙ
2291 2696 2348 2705 —
2370 2676 2411 2724 4.
2441 2675 2556 2717 Inter
2572 2676 2762 2720 Chobum

1525 2741 1567 2774 et
1588 2733 1872 2789 Sebastopolin
1897 2747 2101 2789 nusquam
2117 2735 2319 2776 Arrianus
2333 2735 2512 2792 appulit,
2525 2737 2598 2780 sed
2618 2754 2643 2781 a
2656 2741 2765 2783 Cho·

1525 2793 1580 2836 bo
1602 2795 1812 2851 profectus
1833 2795 2034 2837 continuo
2055 2810 2180 2838 cursu
2202 2798 2256 2838 ita
2276 2798 2497 2853 navigavit,
2522 2808 2569 2843 ut
2585 2811 2765 2846 anteme-

1524 2855 1687 2899 ridiano
1709 2866 1895 2914 tempore
1911 2857 2195 2915 Sebastopolin
2212 2861 2383 2902 veniret.
2408 2862 2553 2918 Itaque
2569 2873 2663 2921 post
2678 2880 2763 2908 me·

1524 2919 1671 2962 ridiem
1703 2919 1786 2963 diei
1822 2920 2099 2963 antecedentis
2131 2936 2155 2964 a
2181 2922 2327 2965 Chobo
2366 2922 2575 2980 profectus
2609 2942 2696 2971 esse
2722 2937 2762 2972 et
2796 2915 2808 2956 *¹³

1524 2990 1727 3025 nocturna
1744 2983 1867 3025 etiam
1883 2984 2142 3038 navigatione
2159 2998 2258 3026 usus
2276 2998 2363 3027 esse
2378 2985 2555 3031 videtur.
2796 2963 2808 3023 l

1578 3048 1682 3098 515,
1699 3045 1728 3087 1.
1748 3047 1812 3088 18.
1826 3046 1886 3101 Δρ
1900 3045 2079 3102 ίλλας].
2099 3048 2153 3088 V.
2168 3048 2404 3104 Xenophon
2421 3052 2502 3091 An.
2517 3050 2573 3100 V,
2591 3062 2633 3102 a,
2650 3065 2757 3109 tsq„
2795 3024 2808 3070 1

1523 3106 1592 3146 ubi
1621 3107 1744 3149 habes
1763 3108 1915 3163 Δρίλας.
1942 3108 2006 3150 Cf.
2027 3109 2222 3164 Stephan.
2250 3123 2260 3150 τ
2281 3109 2422 3164 apaan
2443 3110 2616 3166 (Δρυλαὶ
2634 3113 2758 3157 codd.

1521 3177 1664 3210 contra
1685 3170 1763 3211 litt.
1785 3171 1930 3211 scriem
1950 3173 1983 3224 ),
2003 3171 2174 3211 συνοικία
2193 3174 2260 3222 τῆς
2284 3171 2493 3222 Ποντικῆς,
2517 3172 2758 3228 Τραπεζοῦν-

1521 3245 1584 3279 τος
1617 3230 1661 3271 οὗ
1686 3232 1830 3286 πόρρω.
1857 3232 2052 3286 Ξενοφῶν.
2098 3232 2204 3273 Alibi
2238 3233 2447 3274 Drilarum
2484 3237 2641 3278 mentio
2674 3252 2758 3281 non

1520 3294 1715 3335 occurrit.
1747 3296 1763 3348 ΙΙ
1790 3317 1845 3325 -
1869 3307 1933 3347 ¹9·
1966 3294 2163 3335 Σάννοι.
2190 3295 2286 3350 ]Cf.
2310 3295 2457 3337 Strabo
2478 3309 2521 3352 p.
2545 3298 2625 3348 548
2652 3299 2760 3355 ιΤῆς

1520 3355 1561 3397 δὲ
1578 3355 1865 3411 Τραπεζοῦντος
1881 3356 2129 3413 ὒπέρκεινται.
2142 3387 2169 3399 ..
2192 3358 2358 3409 Σάννοι,
2381 3358 2447 3407 οὓς
2465 3360 2650 3417 πρότερον
2670 3361 2759 3406 ἔπιέ·

1520 3417 1613 3459 λουν
1632 3419 1860 3474 Μάκρωνας.
1875 3420 1937 3461 De
1954 3420 2221 3461 Macronibus
2235 3435 2307 3463 seu
2320 3422 2643 3479 Macrocephalis
2658 3426 2757 3470 Tru·

1518 3483 1732 3536 pezuntica
1755 3482 1795 3523 in
1816 3497 1887 3524 ora
1919 3497 1957 3523 v.
1981 3482 2125 3538 Scylax
2155 3486 2178 3536 S
2200 3485 2251 3527 85
2278 3498 2322 3540 p.
2348 3485 2400 3526 63
2427 3493 2533 3537 not„
2558 3487 2752 3544 Stephan.

1517 3545 1614 3600 Byr..
1640 3557 1650 3586 ε
1681 3563 1696 3582 ι
1727 3545 1961 3601 Τιὸαρηνίην
1994 3546 2059 3587 καὶ
2087 3545 2259 3600 Χαλδίην
2283 3547 2347 3589 καὶ
2369 3546 2556 3601 Σαννικήν
2586 3551 2604 3604 (
2625 3550 2758 3598 Σανῦο-

1518 3606 1588 3659 κήν
1605 3607 1766 3662 codd.).
1785 3627 1801 3644 ι
1823 3608 1979 3650 Plinius
1994 3604 2073 3660 VI,
2091 3611 2132 3660 4,
2151 3609 2205 3651 ita
2226 3621 2237 3650 ε
2255 3611 2307 3650 In
2322 3622 2395 3650 om
2410 3618 2507 3651 ante
2523 3612 2755 3670 Trapezun-

1517 3678 1562 3710 ta
1583 3671 1740 3724 flumen
1774 3671 1959 3723 Pru-ius,
1983 3671 2096 3713 ultra
2119 3685 2214 3713 vem
2235 3685 2333 3724 gens
2357 3675 2582 3715 &turcorum
2602 3675 2755 3719 Henio-

1515 3731 1695 3774 chorum.
1729 3732 1849 3789 Apud
1879 3733 2127 3790 Procopium
2160 3735 2209 3775 B.
2238 3734 2292 3775 G.
2325 3735 2402 3785 IV,
2425 3747 2461 3776 ι.
2484 3747 2523 3776 a.
2558 3736 2620 3779 De
2641 3735 2774 3783 aedif.
2799 3746 2808 3786 j

1515 3794 1591 3842 111,
1618 3799 1658 3835 6.
1684 3796 1759 3845 ιν,
1793 3799 1861 3850 67,
1891 3795 1982 3849 (cr.
2002 3795 2191 3837 sustam.
2215 3794 2268 3837 ad
2291 3796 2465 3853 Dionys.
2492 3788 2808 3987 χεσμοηῶἕ

1516 3857 1694 3904 nominis
1717 3857 1930 3899 barbarica
1955 3866 2242 3899 memorantur
2257 3856 2425 3909 Τζάνοι,
2455 3857 2622 3912 Τζανικὴ
2641 3876 2671 3917 χ
2753 3856 2760 3907 ᾗ

1514 3927 1552 3959 et
1568 3919 1735 3966 Τζανικὰ
1749 3921 1835 3976 ὅρη,
1865 3920 1917 3962 de
1944 3919 2095 3976 quibus
2122 3919 2334 3976 Acampsis
2362 3920 2512 3963 fluvius
2539 3921 2708 3967 labitur.-

1513 4006 1569 4013 —-
1593 3982 1661 4023 25.
1690 3982 1979 4038 Μαχέλονες
2016 3981 2097 4023 καὶ
2139 3979 2400 4037 Ἡνίοχοι]
2439 3982 2504 4025 Cf.
2539 3975 2756 4042 Anonym}

1515 4045 1664 4101 Peripl.
1690 4049 1712 4099 S
1732 4049 1800 4097 42,
1821 4046 1892 4087 ubi
1915 4044 2175 4087 Machelones
2192 4052 2233 4087 et
2255 4043 2456 4086 Heniochi
2475 4046 2627 4101 priscas
2647 4042 2748 4088 Ece-
