2756 4354
853 234 933 279 ni:
968 233 1287 279 1111110111Νο
1322 223 1768 286 HERACLEENSE.

62 354 106 389 et
130 344 315 388 fortasse
349 335 452 384 aliis
473 323 622 383 affert
641 341 686 380 et
707 350 809 379 cum
841 334 1077 379 Ptolemaei
1102 349 1289 394 geogra-

64 418 174 478 phia
194 417 346 476 inepte
380 412 561 466 miscet,
597 409 784 454 nonnisi
817 409 1052 454 rarissima
1084 409 1291 469 quaedam

65 497 308 536 occurrunt
326 502 352 531 a
370 485 548 533 Claudii
571 483 727 528 verbis
747 483 894 527 ali’ena
906 519 918 540 ‚
943 498 1002 527 ex
1016 483 1166 543 iisque
1182 499 1293 528 non-

59 566 186 610 nulla
203 569 294 608 non
325 571 411 605 tam
445 559 500 604 ad
519 559 634 603 alios
659 558 803 602 fontes
834 573 971 617 quam
993 558 1049 602 ad
1070 550 1290 603 Marciani

61 640 135 689 vel
171 636 466 695 librariorum
506 634 826 692 negligentiam
876 633 1114 678 referenda
1167 645 1286 679 sunt.

3 739 6 742 ·
58 712 174 759 Novi
191 722 248 757 ne
266 712 409 756 hilum
429 710 612 770 quidem
627 725 652 753 e
674 709 909 753 Marciano
925 708 1162 755 discimus.
1177 709 1288 754 Nam

40 802 191 849 *quem
224 786 479 848 Stephanus
509 800 566 830 ex
598 799 652 828 eo
680 783 832 829 laudat
858 782 1138 839 Λαδισανίτην
1177 785 1289 830 Ara-

54 863 145 908 biae
167 864 316 909 sinum
342 864 355 924 (
380 879 427 908 v.
451 849 498 922 p.
522 862 628 917 528,
650 858 739 922 26)
775 860 991 905 sumsisse
1011 859 1145 905 debet
1167 876 1191 904 e
1214 877 1288 905 co-

53 939 156 985 dice
188 940 457 1000 depravato,
483 939 530 982 in
554 954 646 997 quo
669 937 807 980 literae
828 938 965 982 ΛΑΔΙ
985 936 1033 980 111
1057 938 1165 982 MAI
1190 924 1288 980 mu-

53 1014 200 1067 tandae
215 1025 358 1060 erant.
380 1013 599 1070 Unicum,
618 1013 666 1058 ni
689 1012 839 1068 fallor,
863 1013 1070 1057 locorum
1097 1027 1281 1068 nomen,

54 1089 177 1148 quod
198 1089 248 1133 in
282 1089 527 1133 Ptolemaeo
566 1096 724 1131 nostro
759 1101 852 1130 non
886 1086 1111 1144 legimus,
1145 1085 1285 1130 habes

47 1178 102 1223 p.
135 1164 240 1220 523,
273 1180 350 1223 29,
387 1162 468 1208 ubi
509 1164 552 1207 οἳ
591 1160 770 1222 δρόμοι
802 1164 873 1216 τῆς
900 1160 1083 1214 Ἀζανίας
1117 1177 1288 1206 11101110-

54 1247 232 1294 rantur,
253 1253 369 1297 quos
389 1237 644 1282 accuratius
676 1236 890 1281 novimus
910 1251 967 1280 ex
990 1236 1141 1282 Anon.
1165 1237 1286 1295 peri-

50 1312 129 1371 plo
155 1313 293 1357 maris
312 1311 566 1372 Erythraei,
586 1310 845 1354 Marcianus
862 1325 974 1353 vero
994 1325 1018 1353 e
1036 1309 1288 1368 Protagora

51 1384 291 1445 habuerit,
311 1385 446 1431 sicuti
466 1401 565 1443 quae
584 1383 642 1431 de
660 1383 973 1443 magnitudine
989 1383 1028 1429 Τ
1032 1383 1285 1444 aprobanes

48 1459 208 1504 insulae
247 1461 321 1520 (p.
359 1459 465 1519 534)
502 1469 544 1503 01
567 1459 624 1503 de
661 1460 790 1503 sinus
817 1459 970 1517 Magni
1009 1469 1053 1503 01
1088 1459 1282 1504 aliorum

49 1534 375 1578 nonnullorum
400 1533 628 1578 mensuris
661 1549 687 1577 a
713 1533 947 1577 Ptolemaei
979 1543 1192 1593 computo
1215 1534 1284 1579 di-

46 1615 180 1653 versa
204 1608 625 1669 deprehenduntur.
652 1608 858 1654 Ceterum
882 1608 1145 1667 Protagorae
1165 1626 1255 1668 quo
1269 1639 1282 1645 -

49 1697 138 1743 que
150 1684 445 1743 geographia,
466 1699 602 1743 quam
618 1683 678 1728 de
697 1695 825 1744 parte
841 1683 1158 1729 mathematica
1182 1704 1282 1745 γεω-

47 1757 215 1820 μετρίαν
229 1759 416 1803 Ρ11011115
430 1758 581 1802 dicere
600 1759 771 1819 potuit,
791 1759 838 1803 in
860 1759 1092 1819 plerisque
1123 1759 1279 1804 Ptole-

46 1833 146 1876 maei
163 1833 289 1892 operi
304 1842 612 1893 superstructa
627 1833 767 1878 fuisse
783 1833 981 1889 videtur,
995 1834 1106 1878 adeo
1117 1844 1167 1878 ut
1179 1851 1280 1894 quae

46 1905 263 1964 gradihus
282 1907 377 1963 ille,
395 1907 471 1952 1110
490 1907 741 1952 stadiorum
763 1909 965 1953 numeris
981 1908 1214 1967 definiret,
1236 1920 1280 1953 et

44 1992 262 2042 praeterea
291 1982 498 2027 locorum
527 1983 865 2027 maritimorum
887 1983 1125 2027 distantias
1152 1999 1176 2027 e
1199 1999 1276 2028 va-

45 2057 128 2102 riis
163 2059 360 2118 periplis
405 2059 653 2116 colligeret.
700 2058 985 2118 Quamquam
1022 2061 1277 2104 accuratius

43 2133 281 2194 quidpiam
311 2135 367 2179 de
401 2135 488 2179 hoc
518 2136 757 2195 scriptore,
795 2135 927 2194 cujus
961 2150 1017 2179 ne
1060 2136 1116 2178 de
1151 2146 1276 2180 aetate

43 2207 227 2267 quidem
251 2219 441 2263 constat,
469 2210 628 2268 nequit
650 2210 919 2254 asseverari.

105 2283 211 2328 223.
246 2283 403 2327 Tertio
428 2284 531 2327 1000
554 2284 673 2327 inter
703 2284 872 2343 scripta
893 2283 1111 2327 Marciani
1141 2285 1273 2343 posui

42 2357 258 2401 titulum:
284 2357 419 2418 Περὶ
456 2360 552 2401 τῶν
593 2358 685 2400 ἀπὸ
710 2356 914 2414 Ῥώμὴς
938 2357 1019 2401 ἐπὶ
1043 2356 1128 2407 τὰς
1169 2360 1275 2402 ἐπι-

40 2431 233 2491 σήμους
270 2436 356 2486 τῆς
379 2431 687 2491 οἰκουμένης
724 2432 899 2483 πόλεις
923 2431 1271 2489 διαστάσεων,

41 2508 121 2566 qui
135 2522 275 2566 quum
289 2508 338 2551 in
358 2507 562 2551 indiculo
580 2507 776 2566 capitum
792 2507 962 2567 peripli
980 2507 1115 2551 maris
1131 2509 1271 2552 exteri

40 2581 191 2627 locum
211 2583 422 2627 ultimum
444 2582 673 2640 0111111031,
707 2598 799 2627 non
834 2598 949 2642 opus
968 2584 1268 2642 particulare,

40 2659 117 2704 sed
137 2659 433 2719 appendicem
449 2659 630 2719 periplo
653 2658 904 2715 subjectum
929 2659 1122 2718 prodere
1141 2660 1269 2703 vide-

38 2744 126 2778 tur.
144 2734 296 2794 Ipsum
309 2735 527 2795 scriptum
540 2750 632 2779 una
645 2750 745 2779 cum
757 2744 957 2778 extrema
966 2735 1063 2794 peri
1069 2735 1133 2794 pli
1147 2746 1272 2794 parte

37 2809 87 2854 in
111 2809 265 2854 codice
301 2811 464 2871 periit;
499 2813 635 2855 semel
672 2820 948 2855 memoratur
984 2826 1009 2854 a
1044 2810 1271 2870 Stephano

40 2884 252 2942 Byzantio
269 2901 312 2930 v.
334 2883 488 2944 ’Ἀμισα
528 2888 602 2944 (v.
625 2901 671 2944 p.
715 2885 835 2940 565).
857 2887 1098 2929 Auctorem
1130 2884 1178 2927 in
1202 2885 1271 2928 di-

38 2961 212 3006 stantiis
228 2961 321 3006 illis
346 2962 484 3007 fuisse
501 2961 689 3005 miliarii
706 2961 832 3004 aurei
853 2971 898 3004 et
919 2961 1266 3004 itinerariorum

0 3062 1 3092 1
38 3034 329 3093 publicorum
355 3036 489 3080 fidem
515 3046 715 3080 secutum
746 3045 897 3080 censet
923 3037 1068 3081 Lucas
1093 3035 1270 3079 Holste·

39 3110 147 3154 nius⁴
166 3111 215 3155 in
237 3111 318 3172 Ep.
351 3112 407 3156 ad
445 3112 727 3156 Peirescium
749 3127 888 3172 supra
906 3111 999 3170 jam
1023 3110 1201 3155 laudata
1220 3110 1268 3171 (*)

37 3182 256 3229 Similiter
302 3187 395 3230 alii.
437 3186 531 3245 Ego
577 3187 641 3230 ita
680 3187 906 3232 existimo.
962 3186 1269 3240 Quemadmo-

38 3254 145 3299 dum
176 3256 448 3303 Ptolemaeus
473 3259 594 3303 libro
633 3260 794 3304 ultimo
831 3260 879 3303 in
910 3259 1093 3304 πινάκων
1119 3259 1271 3303 indice

41 3331 179 3375 tradit
195 3347 399 3391 quaenam
421 3335 479 3379 sit
494 3336 835 3396 praecipuorum
854 3337 979 3381 orbis
993 3335 1267 3396 oppidorum

40 3404 97 3449 ab
117 3405 390 3451 Alexandria
406 3408 622 3454 distantia-
638 3409 742 3471 (⁴⁰⁶),
768 3411 978 3455 similiter
999 3411 1051 3454 in
1071 3426 1152 3454 sua
1168 3428 1270 3469 γεω-

40 3479 185 3542 μετρίᾳ
221 3482 324 3526 ‘sive
364 3484 600 3546 γεωγραφίᾳ
638 3486 794 3530 fecerit
841 3487 1112 3546 Protagoras
1128 3521 1139 3541 ,
1180 3487 1268 3530 nisi

38 3554 161 3613 quod
193 3556 378 3601 calculis
408 3559 502 3602 suis
525 3574 551 3603 a
571 3559 714 3604 Roma
734 3561 871 3615 urbe,
912 3562 960 3605 in
1005 3559 1095 3620 qua
1126 3562 1266 3605 vitam

50 3685 137 3733 (*)
159 3685 455 3746 Wesselingius
445 3698 482 3724 in
499 3690 641 3735 praefat.
674 3690 719 3727 ad
736 3692 821 3729 ltin
848 3702 886 3739 p.
909 3698 958 3729 2:

2387 272 2577 315 cxxxut

1363 340 1506 396 egerit
1518 348 1539 396 ,'
1554 342 1920 400 proficisceretur
1935 354 1978 389 et
1994 350 2336 397 astronomicum
2354 356 2579 409 Ptolemaei

1363 424 1623 472 computum
1664 416 1719 460 ad
1764 417 2015 462 stadiorum
2059 435 2298 467 numerum
2336 443 2578 481 revocaret,

1361 484 1398 528 E
1410 485 1659 546 Protagora
1676 490 1841 535 deinde
1851 491 1983 535 etiam
2002 491 2097 537 haec
2108 497 2301 540 corrasit
2312 496 2579 552 Marcianus.

1363 560 1568 620 Oppida,
1622 579 1819 622 quorum
1869 568 2040 613 mentio
2082 568 2218 614 fiebat
2233 604 2244 625 ,
2290 573 2439 618 eadem
2466 576 2585 625 haud

1361 635 1501 680 dubie
1521 649 1651 682 erant
1680 655 1781 699 quae
1813 643 1933 702 apud
1960 643 2253 690 Ptolemaeum
2281 647 2432 694 habes.
2458 652 2586 700 Certe

1362 725 1500 769 quam
1527 727 1665 755 unam
1690 728 1746 757 ex
1779 715 1866 759 hoc
1895 718 2066 777 scripto
2097 718 2315 764 Marciani
2334 722 2583 784 Stephanus

1360 784 1515 830 laudat
1537 787 1735 832 Amisam
1766 788 2036 847 Germaniae,
2067 794 2253 839 eandem
2277 795 2410 843 etiam
2435 798 2586 847 Ptole-

1361 877 1500 907 maeus
1536 862 1711 922 praebet
1744 856 1868 920 V'lll,
1896 866 1942 920 6,
1974 867 2017 920 3,
2050 866 2131 911 ubi
2153 867 2278 913 haec:
2324 872 2432 916 Τῶν
2458 871 2508 918 δὲ
2539 877 2586 920 ἐν

1361 939 1419 995 τῇ
1447 936 1718 1057 Γερμανίία
1754 937 2024 997 διασήμων
2066 941 2263 986 πόλεων
2295 946 2320 998 ἡ
2347 943 2435 1002 μὲν
2459 945 2588 1006 Ἀμι-

1653 1030 1766 1067 ιστην
1793 1011 1950 1072 ἡμέραν
1974 1012 2058 1074 ἔχει
2084 1017 2198 1076 ωρῶν
2238 1015 2291 1067 ις’
2317 1017 2356 1061 .'.'
2361 1054 2373 1077 ,
2396 1019 2464 1064 καὶ
2481 1021 2586 1066 διέ-

1690 1087 1898 1148 ξανδρείας
1936 1088 2037 1149 πρὸς
2075 1089 2203 1142 δύσεις
2247 1092 2356 1138 δυσὶν
2399 1094 2579 1156 ἔγγιστα.

1359 1162 1532 1223 Scripsi
1560 1111 1716 1221 Ἄμισία
1754 1181 1838 1225 pro
1877 1164 2029 1223 Ἀμάσε
2035 1183 2099 1221 ια,
2133 1170 2254 1227 quod
2285 1170 2505 1217 editiones
2541 1184 2585 1217 et

1357 1237 1444 1282 hoc
1473 1239 1575 1284 loco
1597 1239 1832 1284 113110111οῑ
1869 1239 1931 1296 ll,
1970 1258 2039 1299 10,
2068 1258 2115 1302 p.
2148 1243 2230 1296 154
2269 1245 2340 1289 ed.
2367 1247 2584 1306 Wilberg.

1358 1317 1417 1359 At
1446 1313 1569 1358 libro
1591 1315 1789 1359 secundo
1822 1317 1853 1362 1.
1877 1316 1909 1362 Ι.
1930 1317 2073 1361 codex
2091 1318 2305 1364 editionis
2329 1322 2585 1379 Argentinae

1356 1405 1402 1448 p.
1444 1390 1498 1432 18
1527 1389 1702 1449 praebet
1725 1390 1888 1449 Ἀμισία
1915 1392 2165 1452 (Ἀμεισία,
2191 1394 2375 1455 Ἀμεσία,
2409 1396 2585 1455 Ἀμεσύα

1357 1464 1435 1508 alii
1454 1465 1583 1510 codd.
1605 1482 1677 1526 ap.
1700 1466 1877 1528 Wilb.),
1895 1469 2017 1527 quod
2038 1470 2157 1530 apud
2177 1471 2449 1531 Stephanum
2474 1490 2584 1533 quo-

1357 1554 1446 1597 que
1480 1542 1791 1600 reponendum
1820 1542 1957 1587 fuerit
1989 1560 2075 1604 pro
2108 1543 2261 1603 Ἄμισα
2282 1547 2354 1590 vel
2389 1545 2584 1606 Αμισσα,

1355 1613 2219 1678 sicutAmisialegiturap.TacitumC‘*
2222 1618 2388 1680 *)Ann.
2407 1620 2466 1676 ll,
2484 1623 2526 1682 8,
2541 1634 2585 1667 et

1354 1688 1522 1734 fluvius
1562 1692 1852 1752 propinquus
1880 1695 1891 1751 (
1915 1694 2022 1738 hod.
2055 1698 2188 1752 Ems)
2215 1706 2402 1742 vocatur
2443 1702 2580 1741 Ami-

1351 1771 1438 1808 ssus
1454 1767 1526 1810 vel
1549 1771 1715 1811 Amisia
1732 1785 1805 1828 ap.
1828 1771 1969 1814 Tacit.
1992 1772 2109 1815 Ann.
2142 1771 2180 1826 I,
2199 1773 2274 1815 60.
2297 1766 2372 1816 63.
2396 1790 2470 1828 70,
2488 1774 2579 1818 Me-

1353 1841 1439 1884 lam
1462 1842 1524 1898 ΙΙ,
1552 1844 1574 1885 3
1603 1854 1646 1887 01
1668 1844 1870 1889 Plinium
1892 1845 1968 1901 lv,
1991 1852 2058 1896 14.
2079 1845 2242 1890 Strabo
2262 1863 2306 1906 p.
2324 1863 2412 1906 290
2431 1858 2474 1891 01
2492 1864 2573 1905 291

1351 1916 1430 1974 qui
1455 1916 1585 1962 urbis
1611 1934 1702 1962 non
1728 1920 1952 1978 meminit,
1987 1920 2178 1964 fluvium
2213 1931 2346 1966 vocat
2366 1921 2577 1980 Ἀμασίαν,

1352 1988 1538 2034 fortasse
1570 1994 1726 2050 patriae
1782 1993 1967 2036 nomine
2006 1993 2233 2039 seductus.
2270 1994 2306 2037 E
2355 1994 2577 2040 Strabone

1349 2073 1497 2107 autem
1538 2066 1693 2109 nescio
1729 2081 1785 2109 an
1820 2066 2025 2111 fluminis
2056 2082 2220 2111 nomen
2259 2066 2456 2125 Ἀμασίας
2489 2068 2575 2127 jam

1347 2137 1526 2196 pridem
1551 2139 1600 2183 in
1624 2139 1914 2184 Ptolemaeum
1940 2140 2002 2194 ΙΙ,
2046 2158 2118 2194 11,
2149 2158 2194 2201 p.
2220 2143 2325 2196 148,
2354 2158 2378 2185 2
2402 2143 2574 2187 1113111111

1347 2211 1417 2266 511,
1439 2228 1579 2270 quum
1604 2214 1859 2258 consentire
1879 2214 1934 2257 de
1953 2229 2006 2258 eo
2033 2215 2164 2258 codd.
2188 2216 2429 2260 videantur
2449 2218 2462 2274 (
2485 2218 2573 2261 nisi

1346 2286 1468 2344 quod
1495 2285 1673 2343 Ἀμάσου
1695 2304 1780 2345 Ρ10
1801 2287 1993 2345 Ἀμασίου
2017 2288 2189 2345 praebet
2220 2289 2359 2332 editio
2386 2294 2564 2347 Argen-

1348 2359 1439 2403 tina
1460 2360 1494 2418 ),
1522 2376 1602 2404 nec
1626 2361 1859 2405 dissentiat
1875 2361 1970 2404 Mai
1973 2377 2128 2407 cianus
2155 2379 2200 2421 p.
2223 2362 2278 2405 5
2256 2363 2328 2415 15,
2358 2379 2424 2407 11.

1350 2477 1352 2479 ,
1409 2442 1512 2487 224.
1544 2436 1645 2479 Haec
1665 2452 1804 2494 quum
1829 2435 2124 2490 italiabeant‚
2151 2436 2294 2480 facilis
2315 2438 2569 2492 conjectura

1344 2519 1410 2552 est
1438 2509 1654 2553 Marciani
1675 2510 1921 2569 periplum,
1948 2525 1972 2553 e
1990 2510 2219 2553 Ptolemaei
2244 2510 2437 2553 maxime
2460 2526 2566 2554 cen-

1344 2583 1526 2627 tonibus
1547 2584 1782 2627 collectum
1798 2618 1810 2639 ‚
1851 2585 1934 2628 etsi
1956 2585 2110 2643 copias
2131 2584 2452 2643 geographicas
2476 2600 2567 2628 non

1345 2669 1528 2716 augeat,
1550 2669 1697 2702 tamen
1715 2675 1806 2702 non
1826 2669 1875 2703 ut
1890 2674 2078 2718 prorsus
2101 2659 2307 2702 inutilem
2324 2657 2567 2718 projicien-

1343 2734 1449 2777 dum
1476 2750 1588 2780 esse.
1610 2734 1717 2779 Nam
1744 2744 1919 2778 constat
1945 2744 2127 2779 nostros
2145 2734 2374 2778 Ptolemaei
2392 2733 2568 2778 codices

1343 2820 1529 2855 cunctos
1558 2810 1643 2854 aevi
1666 2825 1762 2854 esse
1787 2810 2037 2865 citerioris,
2060 2825 2110 2854 ac
2127 2808 2271 2854 verba
2289 2810 2485 2853 auctoris
2508 2820 2569 2853 to·

1345 2885 1429 2929 ties
1449 2885 1666 2945 descripti
1698 2885 1810 2930 locis
1839 2885 2093 2929 innumeris
2117 2884 2411 2929 librariorum
2438 2884 2565 2943 culpo

1344 2972 1559 3020 corrupta
1598 2972 1641 3005 et
1694 2961 1928 3005 doctorum
1967 2961 2156 3004 arbitrio
2191 2970 2383 3015 curtata,
2421 2969 2564 3015 aucta,

1343 3036 1616 3095 transposita
1638 3036 1707 3080 vel
1723 3036 1813 3079 alio
1829 3035 1962 3079 modo
1981 3050 2077 3079 esse
2098 3045 2282 3079 mutata.
2306 3034 2433 3078 Haud
2451 3050 2566 3077 con-

1344 3111 1612 3154 temnendus
1646 3111 1787 3168 igitur
1810 3120 1966 3154 auctor
1987 3109 2066 3168 qui
2095 3109 2215 3152 circa
2234 3109 2439 3167 quintum
2465 3117 2566 3166 post

1343 3184 1450 3231 Chr.
1475 3186 1675 3229 seculum
1701 3199 1807 3228 suos
1825 3183 2058 3227 Ptolemaei
2082 3182 2258 3226 codices
2290 3181 2565 3225 verbotenus

1343 3274 1460 3318 saepe
1476 3259 1732 3318 exscripsit.
1755 3258 1889 3317 Spem
1912 3257 2095 3316 quidem
2113 3255 2320 3300 utilitatis
2341 3255 2387 3298 in
2411 3255 2563 3298 Ptole-

1344 3349 1503 3378 maeum
1526 3334 1634 3377 hinc
1657 3332 1975 3376 redundaturae
1995 3331 2090 3374 fore
2111 3330 2343 3374 minimam
2365 3328 2563 3372 credide-

1344 3409 1429 3464 ris,
1459 3409 1578 3467 quod
1612 3408 1832 3451 Marciani
1866 3408 2006 3450 codex
2034 3406 2266 3449 Parisinus
2299 3404 2566 3448 mendorum

1343 3485 1475 3542 copia
1507 3483 1697 3539 laborat,
1738 3482 1849 3525 adeo
1870 3492 1919 3524 111
1941 3497 1965 3526 0
1991 3480 2233 3524 Ptolemaeo
2258 3478 2423 3538 saepius
2449 3478 2564 3523 Mar-

1343 3560 1499 3604 cianus
1513 3574 1646 3617 quam
1672 3558 1744 3601 1110
1761 3573 1815 3600 cx
1837 3557 1917 3601 illo
1942 3555 2239 3614 corrigendus
2257 3555 2339 3607 sit3
2358 3553 2563 3598 eandem·

1361 1009 1444 1055 σία
1468 1010 1542 1066 τὴν
1571 1030 1621 1114 μο

1360 1105 1552 1141 στηκεν

990 3691 1240 3729 «Hadrianus
1258 3694 1280 3728 J
1285 3700 1394 3727 11111115
1415 3691 1598 3727 Βαίαυὲᾱι2
1618 3699 1696 3726 suae
1715 3698 1797 3735 pag.
1819 3692 1888 3725 263
1913 3686 2142 3724 Mai-danum
2161 3686 2274 3723 1111101
2276 3695 2315 3721 al
2318 3695 2353 3721 10
2372 3686 2560 3720 auctorem

38 3739 140 3776 dedit
151 3739 265 3787 ,qui‚
287 3740 500 3787 stephano
491 3753 526 3778 111
547 3743 679 3791 Αμισα
695 3746 804 3791 10510,
829 3707 1062 3783 [11110131111111
1085 3746 1132 3783 ab
1153 3746 1244 3784 urbe
1260 3749 1377 3783 Roma
1397 3745 1444 3781 ad
1459 3743 1598 3781 nobilia
1618 3742 1755 3790 oppida
1775 3742 1945 3789 scripsit;
1972 3751 2087 3787 quam
2109 3740 2300 3786 0011]οο1111
2302 3749 2361 3775 im
2385 3738 2437 3773 vii·
2462 3746 2564 3782 egre-

36 3791 119 3838 gius
144 3794 223 3831 sine
243 3793 358 3830 dubio
380 3794 615 3841 damnasset,
636 3798 666 3834 si
691 3774 870 3837 Marciani
890 3800 1065 3848 reliquias
1081 3811 1167 3837 cum
1198 3800 1269 3837 hoc
1292 3800 1491 3838 ltinerario
1521 3797 1787 3836 contendisset.
1812 3797 2009 3837 Diversum
2031 3799 2131 3833 enim
2161 3805 2276 3842 genus
2295 3796 2328 3830 et
2352 3793 2561 3837 discrepans

41 3846 233 3895 utriusque
259 3847 472 3886 institutum
497 3853 567 3888 est.
589 3864 609 3883 11
630 3851 812 3889 Dodwelli
835 3854 1097 3892 llariolationes
1118 3856 1235 3902 legere
1250 3857 1307 3893 est
1323 3855 1422 3902 apud
1442 3854 1662 3891 Hudsonum
1684 3856 1775 3890 tom.
1799 3856 1825 3897 l,
1847 3863 1880 3899 p.
1909 3854 1989 3888 14¹2.

86 3902 162 3949 (**)
182 3902 276 3940 Ptol.
294 3905 399 3949 VIII,
419 3909 438 3941 2
456 3904 564 3941 init.:
579 3905 902 3951 Υποτάσσοντες
883 3909 921 3945 οὲ
937 3914 1026 3947 τῶν
1046 3911 1141 3946 καθ’
1161 3910 1363 3955 ἑκάστην
1396 3911 1546 3959 χώραν
1569 3910 1848 3975 διασέμωνῑ.
1840 3909 1945 3943 πόλτ-
1961 3920 2017 3942 ωι
2046 3919 2089 3942 τα
2118 3906 2158 3952 μὲ
2161 3920 2179 3938 ν
2185 3904 2351 3995 ἐξάραᾱ
2352 3913 2381 3935 2
2400 3913 2441 3947 μ-·
2445 3912 2481 3935 ῖΞ
2467 3899 2559 3940 θη·

39 3956 128 4001 μένα
144 3958 193 4001 εἰς
214 3957 260 3995 τὰ
274 3958 407 4006 μεγέθη
433 3973 505 3996 -ων
522 3972 558 3996 ει
575 3973 695 4003 αυτοι
712 3962 892 4008 ueri-‘51:001
917 3966 1075 4011 ἡμερῶν,
1096 3966 1159 4007 τὰς
1175 3966 1212 4002 δὲ
1236 3967 1331 4003 κατὰ
1362 3970 1474 4013 μῆκος
1492 3966 1627 4013 ἐποχὰς
1659 3966 1708 4006 εἰς
1730 3964 1786 4006 ·σ“ι;
1804 3964 1875 3999 ἀπὸ
1894 3966 1957 3999 τοῦ
1979 3961 2024 3997 δι’
2046 3962 2133 3997 Αὶε
2123 3973 2181 4001 ςνα

40 4011 243 4056 διαστάσεις
261 4014 339 4051 κτλ.

2227 3963 2298 3998 είςα
2319 3955 2560 4002 osez-*mavei

42 4066 180 4116 (***)
206 4068 312 4107 Haud
326 4069 424 4108 enim
440 4069 587 4109 diversa
605 4071 715 4111 suerit
728 4073 844 4111 Taciti
862 4073 950 4111 iubs
962 4072 1008 4111 ab
1030 4076 1221 4131 Ptolemaei
1243 4077 1355 4125 urbe,
1377 4077 1436 4114 cui
1457 4086 1529 4112 non
1547 4084 1656 4112 suum
1679 4073 1801 4111 locum
1827 4071 2047 4109 Ptolemaeus
2061 4066 2268 4115 assignavit.
