2756 4354
643 66 691 114 ο
734 30 749 35 ,

164 205 362 243 cxxvii!
460 208 511 257 ·

169 305 335 344 uorum
355 291 656 340 barbarorum
679 302 898 374 oppressa
915 295 1012 332 erat
1029 287 1044 344 (
1063 300 1099 329 c.
1120 283 1208 336 364
1232 299 1282 345 p.
1300 281 1355 328 C.
1371 281 1403 343 ).

125 428 132 436 ὑ
168 369 420 419 Ptolemais
438 382 549 414 vero
569 364 781 427 quamvis
795 361 943 409 adhuc
966 368 1084 406 esset
1098 357 1215 410 πόλις
1227 356 1403 418 mim

173 448 218 509 (5
173 444 338 509 (55),
373 454 555 508 portum
592 452 740 487 tamen
786 437 884 499 jam
926 434 1142 482 obrutum
1186 432 1405 481 babuisse

170 520 325 578 debet,
359 533 499 581 quum
541 515 656 561 nihil
686 513 743 558 de
773 512 877 557 loco
905 519 1065 556 auctor
1091 500 1275 556 moneat
1314 509 1404 555 nisi

170 597 300 643 baec:
323 591 518 642 ἐπίσαλός
552 592 659 635 (oter
696 590 719 632 ὁ
738 584 885 641 τόπος,
927 584 1195 647 ἂσφαλίζου.
1220 584 1335 630 adeo
1353 594 1405 631 ut

171 664 459 728 cogitandum
474 665 533 710 sit
547 663 604 708 de
623 672 831 721 tempore
847 659 1222 717 inter-florentem
1240 658 1402 705 urbem

168 754 212 789 et
232 758 257 787 a
278 740 542 787 Justiniano
556 744 854 782 restauratam
874 733 1041 781 medio.
1062 732 1188 779 ldem
1209 733 1331 780 cadit
1353 734 1403 780 in

168 817 441 868 Berenicen,
481 811 612 873 cujus
639 820 805 872 portus
833 809 973 856 hodie
1000 810 1206 872 parvulis
1228 819 1402 855 tantum

167 891 365 949 navigiis
398 898 536 950 patet,
572 885 727 931 Nostri
761 894 910 931 autem
934 894 1064 930 aetate
1102 883 1235 945 pejus
1265 884 1402 930 etiam

167 967 379 1014 habuisse
396 964 603 1019 videtur3
630 977 735 1008 nam
765 961 1007 1022 signantur
1025 960 1210 1021 quidem
1242 959 1405 1006 brevia

161 1044 294 1105 juxta
337 1041 588 1088 Berenicen
622 1037 828 1085 cavenda
866 1049 913 1084 et
952 1033 1321 1100 promontorium
1346 1037 1404 1084 ad

164 1118 287 1181 quod
307 1133 446 1164 naves
464 1116 672 1163 sistendae
700 1116 812 1174 sint,
846 1114 903 1161 de
925 1124 1062 1176 portu
1081 1123 1230 1159 autem
1262 1113 1402 1159 altum

163 1194 412 1239 silentium.
445 1192 655 1252 Denique
694 1189 1031 1236 animadvertas
1063 1189 1111 1234 in
1139 1189 1288 1248 Syrtis
1320 1203 1405 1234 ora

163 1268 362 1330 Eperum
391 1267 485 1313 dici
518 1269 747 1311 castellum
785 1264 1117 1324 barbarorumffi
1140 1264 1238 1322 86),
1278 1264 1403 1323 quod

164 1345 253 1389 nisi
273 1342 454 1389 labante
475 1341 570 1402 jam
605 1342 654 1386 in
675 1339 835 1385 Africa
861 1339 1169 1384 Romanorum
1199 1339 1404 1399 potentia

163 1419 316 1466 locum
336 1417 504 1463 babere
524 1417 602 1462 vix
628 1417 796 1478 potuit.

227 1512 281 1542 ai
296 1512 336 1541 ι.
368 1493 673 1541 Transeamus
706 1495 752 1538 in
777 1492 998 1555 Cyprum.
1030 1492 1311 1540 Memor-atur
1335 1491 1402 1539 ibi

165 1574 208 1638 (5
227 1572 331 1634 301.)
362 1573 480 1625 πόλις
515 1571 664 1633 ἔρημος
708 1569 1004 1631 Ἀμμόιωστος
1041 1568 1269 1630 λεγομένη,
1301 1586 1403 1631 quae

164 1664 308 1710 quum
345 1649 393 1694 in
427 1647 586 1693 eodem
622 1657 765 1692 tractu
799 1654 1013 1707 ponatur,
1040 1645 1087 1690 in
1121 1661 1214 1706 quo
1239 1644 1403 1691 Strabo

165 1723 425 1770 Leucollam
449 1734 493 1769 et
514 1724 743 1769 Arsinoen
765 1720 983 1778 collocat,
1015 1721 1087 1767 vel
1117 1721 1231 1778 haec,
1254 1731 1303 1767 ut
1317 1736 1402 1780 ego

162 1811 336 1862 putem,
369 1801 442 1846 vel
464 1800 544 1845 illa
559 1810 773 1859 tanquam
793 1796 907 1843 urbs
926 1797 1079 1842 arenis
1098 1795 1264 1842 obruta
1280 1796 1400 1858 apud

161 1874 377 1923 Nostrum
414 1875 715 1936 significatur,
744 1884 791 1919 ut
814 1874 1014 1935 primum
1047 1873 1134 1919 hoc
1158 1883 1305 1935 pateat
1328 1888 1403 1934 pe-

162 1950 333 2013 riplum
363 1950 605 1997 Strabonis
632 1960 761 1995 aetate
790 1949 1026 2009 juniorem
1060 1963 1173 1994 esse.
1214 1948 1265 1992 Et
1288 1964 1401 2008 quo-

164 2027 285 2071 niam
315 2026 585 2072 Ptolemaeus
622 2039 808 2086 quoque
844 2039 991 2085 neque
1032 2024 1257 2069 Arsinoen
1286 2024 1402 2069 hanc

163 2116 312 2161 neque
328 2100 589 2148 Leucollam
614 2100 763 2154 novit,
778 2099 872 2160 jam
890 2099 1114 2145 desertam
1133 2109 1240 2145 tunc
1265 2099 1403 2144 fuisse

162 2190 299 2237 quam
321 2176 431 2222 dicit
449 2175 611 2222 Noster
636 2173 798 2221 urbem
824 2174 1109 2232 conjicimus.
1130 2174 1275 2219 Simul
1290 2189 1402 2220 vero

164 2252 386 2299 concedes
431 2253 710 2314 ἀμμόχωστον
749 2266 841 2296 non
889 2250 1028 2296 fuisse
1069 2265 1234 2296 nomen
1273 2249 1403 2296 urbis

163 2327 403 2388 proprium
421 2363 434 2383 ‚
457 2327 534 2372 sed
563 2326 753 2372 desertae
792 2325 941 2370 ruinis
965 2325 1178 2380 inditum,
1211 2340 1403 2385 eamque

163 2401 513 2462 appellationem
557 2401 705 2446 serius
738 2400 944 2455 demum,
976 2415 1116 2459 quum
1157 2401 1400 2461 proprium

165 2492 329 2521 nomen
346 2477 394 2521 in
418 2475 700 2521 oblivionem
724 2477 818 2533 jam
835 2474 1040 2530 abiisset,
1061 2491 1147 2521 usu
1165 2477 1399 2520 communi

161 2567 259 2598 esse
290 2563 513 2612 receptam
539 2553 607 2611 (*).

164 2627 337 2673 redolet
346 2628 468 2688 quod
481 2626 727 2690 Ἱεράπυτνα
738 2626 918 2673 Cretica
931 2626 1041 2672 urbs
1058 2627 1177 2688 apud
1189 2626 1399 2672 Nostrum

103 2744 110 2751 .
163 2704 276 2749 utin
298 2704 444 2748 Dione
462 2703 620 2749 Cassio
632 2714 675 2747 et
693 2702 904 2747 Hierocle
923 2701 1171 2764 Ἱεράπυδνα
1192 2714 1399 2750 vocatur.

163 2777 291 2823 Adde
306 2779 333 2837 5
353 2780 440 2823 302
465 2789 509 2822 et
534 2779 616 2822 311
647 2780 815 2823 formas
842 2778 1071 2839 Κουριακὸν
1094 2789 1138 2824 et
1166 2781 1401 2839 Κρομμυα-

162 2852 234 2898 xcv
270 2868 356 2913 pro
382 2851 557 2912 Κουριὰς
581 2853 685 2914 ἄκρα
715 2862 759 2897 et
794 2852 1021 2912 Κρομμύου
1044 2853 1174 2914 ἄκρα,
1202 2870 1398 2914 quorum

162 2927 270 2984 hoc,
291 2928 374 2973 etsi
399 2927 563 2973 leviter
580 2937 868 2987 corruptum,
895 2928 993 2987 ipse
1023 2927 1186 2973 Noster
1204 2929 1252 2973 in
1281 2930 1402 2974 Asia:

105 3043 107 3046 .
163 3001 359 3049 Minoris
391 3002 583 3065 paraplo
610 3001 651 3065 (5
680 3003 779 3061 197)
802 3000 950 3046 habet.
974 3002 1060 3046 Sed
1085 3002 1276 3047 levioris
1306 3004 1403 3049 haec

164 3078 380 3124 momenti
400 3088 566 3123 suntet
589 3078 778 3123 sortasse
803 3078 848 3122 in
875 3077 1101 3138 Κρομμύσυ
1126 3078 1266 3139 ἄκρον,
1302 3082 1404 3125 Κου-

168 3152 256 3216 ped<
274 3152 399 3216 ἄκρον
433 3152 709 3213 refingenda.
731 3153 941 3198 Ceterum
965 3154 1083 3198 inter
1102 3153 1241 3213 Cypri
1265 3153 1402 3199 urbes

160 3232 369 3294 periplus
391 3231 664 3277 Salaminem
695 3240 925 3291 recenset,
946 3246 1082 3291 quam
1112 3230 1404 3276 Constantini

163 3306 316 3368 Magni
329 3323 451 3354 anno
472 3323 532 3368 29
549 3317 680 3355 terrae
693 3317 819 3354 motu
835 3305 1034 3353 dirutam
1053 3315 1211 3369 etpost
1227 3316 1401 3354 restau-

214 3441 248 3488 (·
253 3441 266 3487 )
289 3440 399 3485 Quod
425 3441 516 3480 olim
533 3442 570 3479 in
593 3441 784 3480 Ptolemaei
801 3443 865 3488 (V,
890 3446 932 3481 ¹³
958 3440 1218 3489 ›editionttms
1248 3451 1270 3480 e
1294 3438 1405 3479 codd.
1428 3439 1573 3489 aliquot
1593 3439 1783 3489 legebatur
1810 3441 2085 3491 Ἁμμὸχωστος,
2106 3439 2168 3478 ubi
2187 3440 2359 3480 meliores
2388 3439 2502 3480 codd.
2524 3441 2598 3480 n

34 3538 38 3539 ⁷
164 3495 274 3545 ἄκρον
295 3495 449 3542 habent.
468 3508 490 3535 e
510 3500 599 3535 nota
630 3496 822 3545 marginali
856 3496 1001 3535 illatum
1024 3497 1095 3535 est.
1117 3496 1264 3534 Etenim
1294 3505 1411 3545 quum
1437 3500 1565 3544 postea
1588 3497 1623 3534 in
1657 3497 1781 3534 locum
1809 3496 1912 3535 urbis
1935 3496 2094 3535 ‹laertm
2118 3507 2216 3535 nova
2237 3496 2327 3535 urbs
2348 3494 2657 3558 successisset,

17 3545 59 3573 ⁴¹⁹>
71 3554 94 3593 ‘''i
162 3560 302 3590 nomen
321 3551 393 3589 loci
418 3550 578 3597 deserti,
608 3553 710 3600 quod
748 3562 818 3590 usu
843 3552 1071 3598 invaluerat,
1095 3553 1332 3589 conservavit
1357 3549 1572 3599 (hodierna
1611 3553 1923 3600 anmaqusla)
1948 3552 2046 3591 lianc
2070 3551 2243 3590 librarius
2266 3550 2420 3601 quidam
2449 3531 2661 3602 cyprius

161 3605 246 3646 not.
262 3604 310 3644 sd
329 3605 352 3655 §
370 3607 466 3653 307)
491 3606 650 3655 margini
671 3605 884 3654 adscripsit,
903 3607 1029 3655 postea
1055 3607 1148 3645 alius
1167 3606 1204 3643 in
1221 3607 1368 3645 textum
1385 3606 1539 3656 recepit,
1556 3610 1593 3645 et
1610 3617 1726 3655 quum
1746 3606 1931 3655 graduum
1954 3607 2101 3646 numeri
2122 3618 2196 3646 non
2214 3606 2410 3656 adessent,
2423 3607 2461 3646 iu
2480 3607 2617 3647 noto

164 3660 324 3711 uniam
348 3660 540 3701 Pedalium
555 3671 677 3710 prom.
704 3661 825 3710 eiecit.

184 3737 283 3786 (¹²⁹)
304 3738 346 3776 ln
364 3747 442 3776 orae
469 3737 616 3786 Libyca·
636 3737 727 3775 locis
753 3743 818 3778 127
839 3749 951 3787 supra
977 3739 1128 3785 triginta
1147 3740 1366 3785 occurrunt,
1382 3748 1544 3787 quorum
1568 3738 1708 3775 mentio
1729 3737 1827 3786 apud
1852 3738 2099 3777 Ptolemaeum
2120 3748 2195 3777 non
2216 3739 2398 3777 occurrit.
2420 3734 2514 3777 Vide
2530 3734 2555 3786 ς
2569 3738 2608 3778 0.
2649 3710 2659 3721 Ἴ

163 3795 228 3833 34.
250 3796 311 3833 30.
334 3797 396 3834 ⁸2.
414 3796 475 3833 ⁴².
497 3795 557 3832 44.
577 3797 702 3833 5841
717 3797 779 3832 64.
798 3799 859 3833 66.
882 3797 942 3833 67.
961 3798 1026 3832 69·
1031 3796 1090 3832 71.
1115 3797 1179 3832 76·
1186 3797 1244 3832 78.
1266 3799 1333 3833 80·
1339 3800 1399 3832 82.
1426 3797 1486 3832 9⁶.
1510 3795 1570 3831 97
1596 3799 1675 3832 100.
1704 3798 1782 3831 101.
1813 3798 1890 3833 114.
1912 3798 1990 3834 110.
2020 3798 2101 3834 ¹20.
2126 3796 2205 3834 124.
2649 3801 2651 3804 ⁴

1211 175 1689 234 Pttomeoussm.

656 2551 883 2595 Praeterea
924 2552 1181 2596 citeriorem
1227 2562 1400 2596 aetatem
1443 2548 1445 2550 ³

2332 45 2455 76 ,err-*i
2486 44 2553 77 ἔζης,
2585 60 2602 70 κ

2395 91 2397 94 .
2477 80 2481 81 ⁷
2502 81 2517 99 ι..
2534 98 2547 107 ,7
2572 77 2587 111 J*

1476 271 1698 327 rationem
1732 278 2044 326 Constantiam
2081 277 2250 324 dictam
2287 292 2383 325 esse
2416 288 2606 327 constat.

1473 354 1710 411 Quatenus
1734 357 1878 416 igitur
1898 371 1956 401 ex
1980 355 2272 401 tenuioribus
2294 354 2483 401 indiciis
2500 371 2532 417 p
2569 379 2589 398 ι,
2603 377 2622 394 ··

1476 431 1583 478 liter
1605 432 1782 494 aliquid
1805 432 1962 491 colligi
1993 441 2160 493 potest,
2177 430 2348 492 peripli
2371 440 2546 493 partem
2567 446 2596 478 n
2623 458 2657 467 ··

1474 521 1573 552 cam
1604 521 1709 553 eum
1745 522 1840 553 orae
1864 505 2105 552 maritimae
2134 514 2328 561 statum,
2357 508 2437 567 qui
2471 515 2571 553 erat

1477 598 1619 643 regna
1639 583 1800 630 Severi
1822 593 1867 629 et
1889 582 2202 637 Constantini,
2225 581 2420 643 prodere
2444 591 2490 628 et
2514 597 2573 629 ex
2593 582 2607 630 l
2675 642 2677 646 .

1475 659 1596 704 inter
1615 674 1760 705 annos
1778 659 1996 705 aso-300
2012 675 2059 720 p.
2080 658 2132 705 C.
2157 658 2330 719 scripto
2351 657 2601 706 desumtam

1477 750 1656 782 censeo.
1691 735 1915 782 Nauticon
1939 746 2170 782 auctorem
2188 735 2471 795 antiquiores
2485 733 2582 797 περὶ
2598 736 2626 782 λ

1474 828 1553 856 νων
1576 810 1722 857 libros
1743 812 1944 866 Cleonis,
1976 811 2306 866 Timosthenis,
2328 810 2368 855 T
2372 811 2576 872 imageti,
2598 808 2689 865 Cri

1474 885 1598 942 tetis,
1637 885 1834 932 aliorum
1868 887 1916 932 in
1951 901 2063 932 usus
2092 901 2201 932 suos
2227 886 2510 931 convertisse
2537 900 2626 932 suu

1475 960 1598 1006 licet.
1618 961 1907 1023 Quamquam
1927 962 1985 1025 de
2005 961 2080 1007 his
2102 977 2196 1007 non
2217 962 2362 1022 magis
2377 971 2554 1008 constat
2576 977 2627 1023 q
2671 968 2685 1017 ᾗ

1475 1034 1533 1080 de
1578 1034 1864 1097 temporibus
1906 1034 2079 1097 quibus
2119 1046 2274 1082 noster
2310 1036 2519 1099 periplus
2560 1051 2668 1085 secu
2695 1059 2701 1076 ·

1475 1122 1640 1174 quarto
1659 1113 1730 1157 vel
1756 1112 1920 1173 quinto
1941 1112 2014 1157 vel
2032 1111 2181 1158 serius
2208 1126 2234 1157 e
2256 1112 2419 1168 variis,
2443 1126 2562 1173 quos
2585 1111 2685 1159 indi

1476 1190 1697 1247 cavimus,
1725 1186 1928 1233 sontibus
1945 1187 2149 1248 primum
2173 1186 2531 1244 consarcinatus,
2548 1185 2687 1236 deind

1476 1265 1609 1310 vario
1634 1265 1773 1310 modo
1791 1274 1834 1309 et
1855 1275 2014 1311 auctus
2028 1275 2073 1311 et
2091 1274 2325 1316 truncatus
2343 1265 2418 1310 sit.

1541 1356 1651 1387 212.
1682 1339 2017 1387 Enumerandis
2033 1341 2162 1387 vitiis
2185 1340 2355 1401 quibus
2385 1339 2504 1387 liber
2522 1340 2688 1389 foedstu

1477 1416 1735 1463 innumeris
1748 1432 1841 1463 non
1855 1417 2097 1463 immoror.
2117 1416 2289 1462 Paucas
2303 1416 2493 1477 paginas
2505 1416 2698 1464 lustrem

1477 1490 1659 1538 abunde
1681 1492 1848 1552 cuique
1871 1507 1943 1538 res
1958 1490 2149 1554 patebit.
2174 1490 2350 1537 Sortem
2368 1490 2485 1536 hanc
2505 1491 2607 1552 iniq
2681 1516 2701 1532 ··

1476 1578 1602 1613 tanto
1621 1569 1858 1614 molestius
1876 1568 2065 1614 serimus
2082 1577 2253 1628 quanto
2273 1567 2441 1613 clarius
2464 1567 2534 1613 vel
2555 1568 2604 1614 in
2617 1577 2693 1615 nn

1476 1653 1520 1687 ta
1543 1642 1646 1688 labe
1678 1644 1876 1705 pretium
1914 1644 2125 1706 opusculi
2149 1644 2371 1689 eximium
2405 1643 2696 1703 cognoscitur

1473 1718 1659 1765 Nullum
1684 1720 1795 1765 novi
1821 1718 2011 1775 librum,
2037 1719 2117 1780 qui
2152 1719 2199 1764 in
2232 1719 2438 1765 locorum
2460 1718 2651 1766 mariti
2674 1735 2714 1785 ³3

1475 1811 1576 1842 rum
1612 1810 1804 1842 recensu
1831 1796 1988 1857 copias
2010 1806 2251 1855 expromat
2270 1794 2526 1842 uberiores.
2565 1802 2572 1819 '
2658 1847 2687 1859 .
2709 1789 2711 1792 ⁴

1473 1887 1544 1918 me
1566 1871 1741 1917 accedit
1760 1871 2050 1928 Ptolemaeus,
2073 1871 2217 1917 multo
2240 1874 2390 1917 tamen
2412 1870 2606 1919 inferior
2653 1859 2692 1922 ’.ζ

1472 1948 1690 1994 Nauticus
1722 1963 1835 1993 vero
1873 1949 2010 2005 liber,
2066 1948 2244 2009 qualem
2291 1946 2448 2008 Libyan
2482 1957 2529 1993 et
2557 1993 2563 1999 ,
2644 1981 2648 1985 ⁴
2676 1937 2690 1961 '²

1471 2025 1719 2086 descriptio
1738 2024 1954 2084 ostendit,
1972 2025 2136 2070 unicus
2155 2035 2223 2070 est
2246 2039 2380 2085 quem
2403 2039 2462 2070 ex
2489 2033 2585 2071 tota

1471 2103 1646 2164 quitate
1667 2101 1889 2148 habemus
1905 2102 2150 2162 reliquum.
2171 2099 2316 2160 Cujus
2335 2110 2507 2161 quanta
2526 2100 2589 2148 sit
2615 2109 2621 2138 ῑ
2645 2125 2649 2134 ·

1470 2179 1575 2223 etin
1593 2178 1905 2239 situlocorum
1925 2176 2186 2223 definiendo
2201 2175 2393 2232 utilitas,
2413 2174 2583 2222 recenti
2647 2202 2649 2207 ‚

1473 2253 1669 2298 maxime
1694 2252 2085 2314 peregrinatura,
2122 2252 2171 2297 in
2198 2251 2332 2297 Creta
2364 2249 2641 2312 Pashleyus,

1472 2328 1626 2390 Libya
1639 2329 1983 2376 strenuissimus
2000 2326 2215 2373 Barthius
2236 2337 2390 2373 noster
2406 2325 2535 2388 pates
2565 2349 2579 2365 ι
2606 2348 2609 2352 ’
2645 2350 2649 2363 ι
2675 2380 2677 2383 ι

1473 2407 1733 2466 saepiusque
1745 2407 1861 2465 grati
1877 2420 1928 2450 ac
1944 2403 2208 2449 mirabundi
2225 2402 2421 2464 professi
2433 2411 2554 2450 sunt.
2576 2408 2591 2442 Ι
2618 2423 2622 2441 ¹
2674 2465 2679 2468 ἱ

1472 2482 1767 2527 vehementer
1801 2481 2008 2527 dolemus
2031 2479 2288 2540 Smythium
2333 2489 2379 2525 et
2401 2477 2594 2525 Beeche

1474 2559 1646 2617 Anglos
1669 2557 1830 2622 ‹loctos
1864 2557 2213 2616 diligentesque,
2254 2554 2425 2616 quibus
2464 2555 2632 2617 plurim
2648 2574 2667 2592 ιι

1473 2651 1556 2680 nos
1584 2633 1820 2689 debemus,
1842 2649 1983 2694 quum
2007 2631 2306 2694 amplissimis
2325 2631 2473 2693 copiis
2502 2632 2678 2680 instru.

1475 2710 1634 2772 Libyae
1653 2726 1780 2756 oram
1806 2720 1928 2756 terra
1961 2709 2168 2769 marique
2187 2708 2498 2774 explorarent,
2533 2707 2631 2756 Sta·
2671 2756 2682 2774 ,ἡ

1471 2788 1556 2837 smi
1600 2787 1743 2832 nostri
1779 2786 1917 2832 fuisse
1937 2787 2241 2831 immemores.
2265 2783 2410 2839 Quem
2438 2784 2575 2830 sino

1474 2862 1592 2907 haud
1606 2878 1752 2921 pauca
1771 2861 2114 2907 constituissent
2133 2859 2389 2905 accuratius
2404 2859 2639 2906 vitassen·
2677 2849 2679 2851 ¹

1471 2955 1521 2983 e·
1525 2954 1651 2984 rores
1667 2953 1783 2999 quos
1804 2937 2048 2983 Ptolemaeo
2067 2935 2172 2982 duci
2197 2935 2342 2983 infido
2362 2934 2534 2983 addicti
2549 2948 2661 2983 cav

1472 3030 1497 3056 ι
1507 3015 1551 3058 ix
1577 3022 1802 3075 poter.ant

1538 3091 1646 3135 213.
1684 3091 1717 3135 E
1720 3090 1851 3134 diden
1856 3100 1935 3134 unt
1976 3089 2207 3150 periplum
2251 3088 2415 3134 lriarte
2450 3098 2495 3134 et
2530 3086 2657 3135 Gai2²
2750 3085 2753 3118 3

1474 3174 1517 3208 et
1541 3164 1858 3210 llossmannus.
1887 3165 2100 3209 Codicem
2131 3163 2282 3208 denuo
2302 3162 2496 3208 contulit
2526 3162 2576 3210 E.
2648 3160 2672 3196 ·³

1475 3240 1613 3284 lerus.
1641 3240 1865 3287 Videnot.
1891 3240 1948 3283 ad
1971 3255 2073 3299 pag.
2117 3246 2223 3294 427.

2752 3490 2756 3565 i
