2808 4342
94 136 245 200 (14,15.)
280 152 282 154 ·
958 148 1251 200 PERIPLUS
1266 189 1268 191 -
1285 155 1469 202 PONTI
1502 159 1730 208 EUXlNl.
2528 191 2612 231 385

93 239 220 298 ράκην
246 241 507 297 ἐνενήκοντα·
542 245 792 307 Σανδαράκη
825 246 948 310 ὅρμος
983 251 1102 296 ναυσὶ
1130 262 1311 315 μικραῖς.

91 306 275 354 Ἐνθένδε
307 311 361 360 εἷς
399 311 606 371 Κρηνίδας
639 312 850 369 ἑξήκοντα.
923 318 1007 364 Καὶ
1040 321 1120 365 ἀπὸ
1149 322 1316 384 ,Κρηνί-

90 377 168 420 δων
200 379 254 428 εἷς
293 376 473 423 Ψύλλαν
507 380 700 442 ἐμπόριον
737 385 970 446 τριάκοντα.
1039 388 1225 442 Ἐνθένδε
1261 394 1317 444 εἷς

87 444 208 500 Τίον,
231 444 347 489 πόλιν
385 444 610 501 Ἑλληνίδα
647 449 858 508 Ἰωνικὴν,
883 454 951 498 ἐπὶ
973 457 1155 518 θαλάττῃ
1183 460 1314 505 οἰκου-

21 509 238 570 ’5’με’νην,
263 513 497 569 (Μιλησίων
527 516 598 561 καὶ
632 519 786 574 ταύτην
825 520 1018 578 ἄποικον,
1055 524 1311 580 ἐνενήκοντα.

84 578 180 625 Ἀπὸ
213 579 254 632 δὲ
285 581 387 627 Τίου
420 585 474 635 εἷς
503 586 697 632 Βιλλαῖον
734 582 921 649 ποταμὸν
955 591 1112 638 στάδιοι
1142 594 1308 643 εἴκοσιν.

35 661 39 667 “
82 647 180 693 Ἀπὸ
201 648 242 694 δὲ
283 650 476 697 Βιλλαίου
509 654 576 698 ε’πὶ
599 653 666 699 τὸν
691 656 917 718 Παρθένιον
941 661 1128 720 ποταμὸν
1155 663 1312 709 στάδιοι

81 716 241 764 ἑκατόν.
311 718 581 782 Μέχρι-τοῦδε
604 724 769 786 Θρᾷκες
788 727 823 771 οἱ
843 728 1008 774 Βιθυνοὶ
1027 730 1233 789 νέμονται·
1253 727 1309 778 ὧν

78 784 149 828 καὶ
173 786 365 850 Ξενοφῶν
392 791 432 833 ἐν
460 793 510 850 τῇ
532 797 747 856 συγγραφῇ
773 794 939 856 μνήμην
975 799 1222 862 ἐποιήσατο,
1247 801 1309 848 ὅτι

18 861 56 893 10
79 851 368 914 μαχιμώτατοι
388 850 466 902 εἷεν
486 861 565 903 τῶν
600 861 708 906 κατὰ
726 862 800 917 τὴν
824 863 981 923 Ἀσίαν,
1004 867 1074 912 καὶ
1103 867 1154 914 τὰ
1174 872 1308 916 πολλὰ

74 921 183 966 κακὰ
203 927 228 978 ἡ
261 927 435 986 στρατιὰ
468 929 548 972 τῶν
574 927 785 986 Ἑλλήνων
819 933 880 979 ὅτι
904 937 943 979 ἐν
974 937 1070 996 τῇδε
1106 941 1156 1000 τῇ
1189 939 1307 1001 χώρα

74 987 245 1047 ἔπαθεν,
269 994 410 1050 ἐπειδὴ
431 997 775 1058 ἀπεχωρίσθησαν
795 1003 830 1046 οἱ
853 1002 1042 1065 Ἀρκάδες
1063 1007 1146 1051 ἀπό
1168 1025 1211 1052 τε
1233 1012 1306 1064 τῆς

73 1058 319 1122 Χειρισόφου
343 1063 412 1107 καὶ
436 1068 507 1120 τῆς
534 1068 797 1125 Ξενοφῶντος
818 1072 986 1133 μερίδος.

135 1144 191 1175 20.
230 1130 296 1176 Τὰ
315 1131 357 1176 δὲ
381 1133 461 1178 ἀπὸ
479 1137 595 1180 τοῦδε
613 1136 692 1192 ἤδη
711 1141 999 1201 Παφλαγονία.
1069 1143 1166 1190 Ἀπὸ
1185 1147 1301 1208 Παρ-

0 1213 37 1243 15
73 1198 202 1243 θενίου
226 1201 279 1251 εἷς
301 1198 542 1264 Ἄμαστριν,
562 1205 679 1250 πόλιν
704 1206 951 1267 Ἑλληνίδα,
976 1213 1132 1258 στάδιοι
1163 1215 1304 1270 ἐνενή-

72 1283 210 1310 κοντα·
229 1267 351 1329 ὅρμος
366 1271 523 1319 ναυσίν.
592 1270 738 1320 Ἔνθεν
762 1278 818 1329 εἷς
834 1277 1064 1340 Ἐρυθίνους
1086 1282 1299 1338 ἑξήκοντα.

1387 273 1427 304 et
1445 279 1467 305 a
1487 267 1735 308 Crenidibus
1757 269 1809 310 ad
1829 270 2001 325 Psyllam
2023 276 2254 327 emporium
2279 280 2457 332 triginta.
2516 289 2616 329 Inde

1386 343 1437 383 ad
1456 345 1596 395 Tium,
1614 347 1759 387 urbem
1773 350 1959 390 Graecam
1977 353 2177 404 Ionicam,
2200 355 2242 395 in
2259 360 2380 399 maris
2395 375 2465 402 ora
2481 366 2614 417 sitam,

1385 423 1640 466 Milesiorum
1660 427 1863 468 coloniam
1877 459 1888 479 ,
1916 432 2150 484 nonaginta.
2212 438 2248 476 A
2271 437 2348 478 Tio
2366 441 2416 480 ad
2436 444 2616 489 Billaeum

1385 503 1559 546 fluvium
1582 508 1725 561 viginti
1746 509 1892 550 stadia.
1951 514 1987 552 A
2009 513 2146 554 Billaeo
2171 516 2222 556 ad
2250 520 2515 565 Parthenium
2538 528 2614 568 ssu-

1383 584 1497 624 vium
1526 595 1693 627 centum
1724 588 1869 629 stadia.
1925 592 2148 647 Hucusque
2168 596 2347 641 Thraces
2368 603 2534 659 Bithyni
2557 621 2616 648 se-

1382 662 1477 703 dem
1527 673 1683 707 tenent.
1744 671 1936 721 Quorum
1984 654 2217 729 Xenophon
2258 679 2300 718 in
2337 695 2409 723 sua
2445 683 2614 729 historia

1384 744 1550 799 (Anah.
1571 752 1610 799 6,
1639 750 1692 802 3.)
1717 753 1967 795 mentionem
1990 755 2097 807 fecit,
2121 773 2271 815 eosque
2295 767 2483 808 omnium
2506 772 2612 812 Asiae

1379 828 1629 882 populorum
1655 831 1982 877 bellicosissimos
2013 853 2098 880 esse
2120 842 2203 892 ait,
2233 858 2412 898 quorum
2435 849 2479 889 in
2502 858 2610 894 terra

1378 910 1605 950 exercitum
1628 912 1869 955 Graecorum
1896 917 2022 958 multa
2042 920 2145 961 mala
2179 936 2416 978 perpessum
2438 943 2524 971 esse
2553 940 2609 973 te·

1376 999 1518 1043 statur,
1553 1003 1768 1050 postquam
1801 1000 1979 1040 Arcades
2010 1017 2033 1042 a
2068 1004 2300 1062 Chirisophi
2328 1018 2450 1065 atque
2470 1014 2608 1055 Xeno-

1374 1070 1542 1124 phontis
1564 1076 1749 1128 partibus
1775 1077 2021 1122 defecerant.

1430 1164 1498 1193 20.
1526 1155 1635 1195 Hinc
1652 1157 1936 1220 Paphlagoniae
1951 1170 2011 1202 est
2028 1163 2204 1206 initium.
2265 1170 2302 1209 A
2320 1171 2539 1214 Parthenio
2554 1176 2605 1215 ad

1375 1221 1597 1262 Amastrim
1617 1223 1764 1264 urbem
1794 1227 1979 1268 Graecam
1995 1260 2005 1279 ,
2028 1230 2099 1271 ubi
2116 1234 2289 1275 navibus
2307 1239 2427 1279 statio
2442 1271 2453 1290 ,
2475 1255 2605 1283 nona-

1375 1287 1487 1339 ginta
1521 1289 1666 1331 stadia.
1739 1292 1842 1333 Inde
1875 1295 1927 1334 ad
1959 1298 2181 1352 Erythinos
2214 1305 2442 1357 sexaginta;
2473 1317 2513 1349 et
2553 1310 2604 1350 ab

100 1361 2587 1414 ἉᾺ

70 1400 219 1440 tiarum
239 1401 292 1442 ad
323 1418 460 1444 veram
479 1421 561 1447 orae
589 1408 888 1463 longitudinem
921 1417 1048 1469 magis
1083 1417 1254 1459 accedit.
1282 1421 1297 1473 Η

67 1485 123 1492 -
145 1476 180 1502 1.
202 1462 232 1501 Σ
243 1479 267 1502 α
277 1478 294 1503 ν
309 1465 330 1503 δ
343 1479 366 1503 α
378 1480 397 1519 ρ
411 1466 464 1506 άκ
477 1482 499 1518 η
514 1469 529 1521 ]
549 1470 736 1512 Fortasse
754 1487 906 1515 nomen
919 1476 1032 1517 locus
1044 1492 1068 1519 a
1082 1479 1302 1521 sandaraca

67 1524 124 1565 ibi
143 1527 409 1579 proveniente
428 1538 573 1571 nactus
603 1541 677 1573 est.
702 1537 752 1575 In
785 1538 925 1592 Steph.
947 1540 1065 1581 Thes.
1089 1556 1128 1582 v.
1155 1542 1302 1583 Σανδα-

66 1588 166 1641 ράχη
188 1587 379 1629 laudatur
397 1593 641 1646 Anonymus
660 1597 722 1635 De
744 1599 1015 1642 architectura
1036 1603 1113 1643 sub
1131 1605 1300 1646 Palladii

66 1651 234 1689 nomine
252 1665 276 1691 a
292 1652 445 1692 Vineto
475 1654 610 1694 editus
631 1669 639 1695 :
661 1658 897 1700 &melas-acu
911 1661 1111 1716 plurimis
1129 1665 1172 1705 in
1201 1666 1301 1708 locis

62 1721 292 1760 generatur,
310 1713 384 1753 sed
398 1715 557 1769 optima
578 1717 620 1757 in
642 1721 774 1759 Ponto
790 1730 829 1760 et
836 1723 968 1775 juxta
983 1725 1140 1777 flumen
1155 1729 1204 1766 H
1203 1742 1299 1782 rpu-

62 1769 216 1810 nicam.
251 1773 332 1812 Pro
366 1788 419 1827 90
444 1776 586 1816 stadiis
612 1780 857 1835 Anonymus
872 1791 912 1823 et
933 1785 1167 1826 Marcianus
1195 1787 1299 1829 non-

62 1831 141 1885 nisi
157 1834 211 1880 4ο
225 1833 330 1874 stad.
347 1845 491 1877 notant
501 1854 511 1887 ;
530 1853 762 1895 perperam,
780 1852 827 1884 ut
843 1845 1006 1900 opinor.
1021 1849 1161 1889 Exstat
1174 1850 1298 1892 hodie

63 1891 176 1933 locus
208 1890 462 1948 Sangaldaik
486 1901 539 1941 ad
569 1904 779 1945 Tschurak
807 1907 926 1959 ssuv.,
961 1910 1031 1949 sed
1057 1911 1218 1965 longius
1245 1915 1296 1955 ab

58 1954 218 1997 Oksina
233 1968 416 2000 remotus
433 1976 557 2016 quam
573 1974 619 2006 ut
631 1980 684 2019 90
699 1969 864 2010 Arriani
881 1971 1009 2012 stadia
1024 1972 1076 2013 ad
1091 1988 1183 2014 eum
1201 1990 1294 2030 per-

61 2016 232 2070 tingant.
254 2021 372 2073 11—2.
392 2024 485 2079 Κρη
501 2041 519 2066 ν
533 2026 571 2065 ίδ
586 2043 601 2067 ε
615 2030 656 2082 ς]
674 2030 768 2070 Non
786 2035 853 2082 60,
869 2033 940 2073 sed
953 2042 1006 2076 20
1019 2036 1295 2092 stadiaaprae-

60 2079 229 2121 cedente
247 2082 338 2124 loco
357 2097 579 2130 numerant
603 2092 838 2133 Marcianus
856 2103 897 2134 et
923 2098 1182 2152 Anonymus.
1205 2102 1292 2141 Me-

59 2142 181 2184 minit
192 2145 416 2188 Crenidum
431 2163 481 2189 ex
490 2152 688 2207 Menippo
697 2155 819 2195 etiam
832 2157 1061 2210 Stephanus
1076 2174 1116 2200 v.
1128 2161 1289 2204 Ψύλλα.

59 2202 176 2244 Idem
195 2207 424 2261 Stephanus
457 2223 467 2250 :
493 2211 686 2265 Κρανίδες,
709 2217 895 2266 συνοικία,
926 2219 1018 2273 πρὸς
1043 2226 1099 2275 τῷ
1129 2222 1288 2279 Πόντῳ,

60 2264 267 2320 Παρθένιος
284 2267 324 2308 ἐν
361 2268 556 2328 Ἀνθίππῃ.
586 2275 640 2315 Τὸ
670 2275 817 2318 ἐθνικὸν
852 2280 1050 2334 Κρανΐται.
1082 2284 1217 2324 Locus
1239 2286 1291 2327 ad

63 2328 274 2369 Tschurulc
297 2331 394 2372 fluv.
418 2333 679 2383 collocandus
708 2337 826 2380 foret.
858 2341 872 2394 ΙΙ
899 2365 956 2372 -
975 2343 1014 2383 3.
1041 2343 1246 2386 Ψύλλαν
1271 2350 1287 2403 ]

57 2389 209 2429 Praeter
225 2392 469 2447 Menippum
497 2397 608 2450 apud
633 2400 830 2441 Marcian.
856 2409 896 2442 et
920 2405 1058 2445 Anon.
1081 2414 1121 2446 et
1146 2408 1285 2462 Steph.

55 2451 152 2504 Byz.
187 2466 225 2492 v.
252 2453 402 2495 Ψύλλα
437 2465 477 2497 et
505 2458 606 2508 Τίος,
642 2460 779 2502 locum
812 2474 1014 2506 memorat
1047 2468 1289 2512 Ptolemaeus

54 2525 96 2565 p.
129 2513 225 2563 312,
258 2528 325 2565 20,
353 2517 423 2558 ubi
455 2519 633 2561 Ψύλλων
664 2522 822 2578 (gradu
853 2525 1067 2569 dimidiato
1085 2530 1137 2570 ab
1159 2533 1286 2574 Hera-

55 2573 141 2615 clea
173 2575 367 2631 distans)
398 2588 438 2620 et
468 2582 572 2623 Tab.
610 2586 939 2640 Peutingeriana‚
979 2590 1050 2631 ubi
1095 2604 1288 2651 corrupte

53 2636 246 2689 Scylleum
268 2638 428 2694 (Sileon
455 2643 498 2682 in
518 2646 669 2699 Geogr.
690 2650 790 2689 Rav.
818 2649 848 2704 )‚
873 2651 926 2692 30
955 2653 1055 2694 mill.
1078 2654 1130 2695 ab
1158 2658 1286 2700 Hera-

54 2697 138 2738 clea
153 2698 358 2741 dissitum.
383 2705 582 2747 Ponenda
596 2708 729 2763 Psylla
747 2710 800 2750 ad
815 2711 915 2753 hod.
933 2727 1068 2768 prom.
1095 2718 1283 2761 Kalimli.

52 2760 115 2799 De
133 2760 325 2806 distantia
346 2779 441 2806 curn
462 2769 640 2809 Arriano
660 2770 756 2812 facit
773 2775 1038 2830 Anonymus;
1066 2779 1286 2836 Menippus

52 2835 118 2876 ap.
135 2825 334 2867 Marcian.
353 2836 392 2868 et
404 2830 544 2885 Steph.
558 2834 655 2888 Byz.
676 2835 704 2875 l.
726 2836 753 2876 l.
775 2828 940 2879 nonnisi
954 2853 1006 2881 20
1021 2841 1126 2883 stad‘.
1141 2858 1164 2884 a
1187 2846 1285 2886 Cre-

51 2884 218 2926 nidibus
232 2900 468 2933 numerant.
494 2894 509 2947 Η
526 2918 582 2926 —
600 2900 640 2944 4.
661 2897 791 2953 Τίον]
811 2900 875 2941 Cf.
893 2902 1036 2956 Scylax
1053 2906 1074 2955 §
1094 2918 1161 2957 90,
1180 2907 1281 2963 ibiq.

51 2955 157 2998 not.;
186 2949 316 2991 stadia
345 2967 399 3005 90
430 2955 552 2995 etiam
581 2959 826 3014 Anonymus
851 2971 967 3004 notat
993 2973 1033 3004 et
1063 2966 1284 3022 Menippus

51 3019 117 3063 ap.
137 3011 394 3055 Marcianum
410 3024 449 3056 et
468 3017 735 3072 Stephanum.
762 3024 858 3077 Byz.
884 3039 924 3065 v.
951 3026 1038 3073 Τίος
1059 3036 1098 3067 et
1117 3028 1279 3081 Ψόλλα,

53 3071 126 3111 nisi
139 3073 251 3126 quod
271 3074 328 3114 ibi
343 3076 505 3118 codices
522 3079 563 3123 ς’
577 3094 654 3134 pro
670 3072 723 3132 5'3
739 3085 926 3125 nonnulli
941 3088 1062 3128 etiam
1078 3088 1119 3129 π’
1140 3089 1153 3144 (
1170 3093 1282 3145 quod

50 3132 92 3171 in
115 3134 207 3174 cod.
239 3136 378 3179 Aldin.
414 3154 451 3180 v.
475 3141 562 3188 Τίος
593 3143 692 3184 abiit
724 3146 767 3185 in
791 3146 855 3203 τ’)
891 3149 1108 3201 exhibent,
1132 3152 1282 3196 deinde

49 3202 182 3235 autem
197 3198 415 3253 Menippus
426 3202 502 3243 ista
514 3204 643 3246 stadia
658 3208 863 3261 pertinere
875 3211 930 3251 ait
949 3226 1078 3266 usque
1093 3214 1145 3254 ad
1156 3217 1278 3258 Tium

49 3263 88 3294 et
106 3256 302 3308 Billaeum,
328 3263 443 3313 quasi
458 3264 510 3304 ad
533 3267 666 3320 ipsum
688 3269 863 3311 fluvium
882 3274 959 3313 sita
973 3275 1072 3314 urbs
1091 3286 1207 3318 esset.
1229 3281 1279 3319 In

48 3316 149 3356 Tab.
169 3319 356 3373 Peuting.
376 3337 398 3362 a
413 3325 562 3378 Psyllio
577 3328 629 3367 ad
643 3331 767 3371 Tium
790 3342 886 3374 sunt
910 3348 959 3374 12
979 3336 1098 3387 mill„
1121 3339 1163 3377 in
1182 3342 1278 3381 Pto-

47 3377 189 3417 lemaeo
203 3392 416 3434 perperam
429 3386 578 3437 gradus
594 3389 779 3433 dimidia.
797 3394 932 3436 Hodie
953 3397 1054 3438 Tius
1072 3407 1132 3440 est
1147 3401 1278 3443 Filios

48 3439 132 3478 sive
164 3439 330 3494 Filijas.
356 3446 418 3484 De
442 3448 599 3501 origine
627 3452 742 3492 urbis
765 3456 992 3509 Stephanus
1015 3471 1024 3498 :
1047 3460 1148 3510 Τίος,
1168 3463 1277 3512 πόλις

47 3500 318 3556 Παφλαγονίας
334 3509 400 3544 τοῦ
418 3507 582 3560 Πόντου,
606 3511 679 3553 ἀπὸ
699 3514 789 3554 Τίου
809 3516 940 3571 ἱερέως
955 3519 999 3559 τὸ
1022 3522 1131 3574 γένος
1145 3523 1275 3577 Μιλη-

47 3562 145 3612 σίου,
171 3562 221 3609 ὡς
250 3563 400 3605 Φίλων.
422 3566 666 3624 Δημοσθένης
693 3574 727 3612 δ’
762 3574 800 3616 ἐν
823 3578 1060 3629 Βιθυνιακοῖς
1079 3597 1170 3636 φησι
1198 3601 1276 3627 κτι-

47 3621 140 3673 στὴν
163 3625 230 3674 τῆς
243 3624 391 3685 πόλεως
409 3631 584 3682 γενέσθαι
613 3633 789 3690 Πάταρον
818 3637 957 3680 ἑλόντα
978 3642 1270 3699 Παφλαγονίαν,

49 3684 113 3723 καὶ
133 3683 174 3724 ἐκ
193 3688 260 3725 τοῦ
275 3689 388 3740 τιμᾶν
422 3690 488 3730 τὸν
508 3691 578 3732 Δία
607 3695 696 3735 Τίον
725 3705 1043 3755 προσαγορεῦσαι.
1062 3705 1126 3746 Ad
1149 3708 1274 3751 Tium

49 3747 170 3786 etiam
203 3747 416 3790 referenda
443 3766 533 3806 quae
560 3755 751 3809 leguntur
773 3774 838 3815 ap.
871 3763 998 3805 schol.
1025 3768 1158 3821 Apoll.
1189 3772 1270 3814 Rh.

44 3809 99 3855 ΙΙ,
128 3810 207 3860 780
228 3825 240 3859 ;
267 3809 341 3851 ἀπὸ
360 3812 400 3852 δὲ
423 3813 550 3855 Τιτίου
572 3818 683 3871 φασὶν
713 3821 839 3863 Τίτιον
861 3825 1037 3880 (ΤίονΡ)
1063 3827 1131 3879 τὴν
1158 3833 1271 3875 πόλιν

45 3869 248 3921 κληθῆναι.
273 3873 345 3913 Est
368 3888 466 3916 vero
487 3878 620 3918 Titius
642 3880 706 3920 ille
730 3883 791 3922 vel
819 3885 931 3926 Jovis
952 3887 1058 3928 filius
1081 3891 1142 3931 vel
1164 3907 1270 3934 unus

45 3943 92 3969 ex
114 3930 230 3971 Idaeis
247 3934 425 3989 Dactylis
455 3938 657 3994 Rheaeque
675 3956 850 3985 assessor
876 3947 947 3999 (v.
974 3949 1135 4003 Fragm.
1170 3953 1266 3996 hist.

210 4015 338 4043 crocu.
361 4015 389 4049 ι,

1371 1428 1472 1462 tom.
1497 1425 1573 1472 III,
1591 1438 1634 1478 p.
1665 1429 1728 1473 14,
1753 1442 1788 1478 9.
1818 1429 1893 1477 IV,
1929 1444 1973 1483 P·
2007 1432 2102 1480 354,
2126 1447 2149 1473 2
2177 1443 2216 1474 et
2236 1439 2361 1490 448,9
2383 1442 2415 1492 ).
2440 1442 2602 1483 Cultum

1370 1482 1493 1536 hujus
1511 1487 1624 1525 Jovis
1651 1488 1711 1526 vel
1732 1490 1881 1529 Bacchi
1907 1491 2109 1545 indigenae
2132 1497 2173 1535 in
2197 1498 2274 1538 Tio
2297 1501 2399 1541 urbe
2420 1503 2604 1546 floruisse

1371 1543 1517 1585 fabulis
1546 1546 1674 1588 allatis
1697 1548 1916 1591 indicatur.
1938 1555 1986 1592 In
2015 1557 2152 1596 numis
2173 1559 2238 1598 Tii
2256 1560 2402 1614 legitur
2421 1564 2506 1605 Διο
2520 1581 2538 1606 ν
2552 1583 2571 1606 υ
2586 1592 2602 1599 -

1370 1620 1442 1645 σιο
1458 1623 1473 1654 ς
1495 1623 1552 1648 κτ
1566 1623 1576 1647 ι
1590 1624 1702 1660 στης
1721 1611 1838 1662 (Vid.
1857 1613 2025 1655 Eckhel.
2044 1618 2099 1666 II,
2118 1631 2159 1671 p.
2181 1620 2296 1673 438).
2313 1645 2368 1653 ·—
2384 1628 2422 1664 6.
2447 1627 2602 1670 DeBil·

1368 1667 1442 1709 lzeo
1461 1670 1587 1711 ssuvio
1603 1672 1619 1724 (
1639 1672 1738 1712 hod.
1757 1673 1910 1728 Filijas
1927 1677 1942 1729 )
1959 1677 2012 1718 cf.
2031 1680 2222 1733 Apollon.
2247 1683 2383 1725 Rhod.
2405 1689 2460 1736 H,
2485 1704 2564 1743 792
2588 1706 2597 1732 :

1368 1728 1687 1784 Παφλαγόνες,...
1720 1735 1830 1782 ὅσους
1851 1737 2047 1779 Βιλλαίοιο
2081 1742 2200 1795 μέλαν
2219 1747 2464 1801 περιάγνυται
2482 1751 2597 1807 ὕδωρ,

1367 1790 1432 1831 Ad
1462 1807 1553 1845 quae
1578 1795 1706 1836 schol.
1738 1810 1747 1836 ε
1782 1798 1990 1850 Βιλλαῖος,
2028 1808 2334 1860 περισπωμένως.
2363 1811 2463 1852 οὕτω
2487 1817 2599 1868 φησὶν

1373 1850 1607 1908 Ἡρωδιανὸς
1630 1855 1668 1897 ἐν
1693 1862 1747 1913 τῷ
1771 1861 1930 1917 πέμπτῳ
1952 1866 2018 1914 τῆς
2051 1866 2235 1907 καθόλου·
2261 1868 2343 1910 ἔστι
2370 1872 2410 1912 δὲ
2431 1877 2602 1931 ποταμὸς

1365 1913 1651 1971 Παφλαγονίας,
1678 1919 1714 1959 οἱ
1739 1920 1779 1961 δὲ
1798 1922 1991 1978 Φρυγίας,
2016 1934 2056 1966 et
2073 1926 2186 1969 aliud
2213 1942 2222 1970 :
2248 1927 2367 1980 Οὗτος
2389 1934 2428 1974 δὲ
2451 1936 2513 1976 διὰ
2535 1943 2602 1990 τῆς

1366 1974 1601 2033 ἐπικειμένης
1622 1981 1794 2036 Φρυγίας
1812 1983 1906 2038 ῥέων
1938 1985 2054 2039 ἐξίησι
2076 1990 2164 2044 παρ’
2194 1990 2310 2043 αὐτὴν
2334 1993 2403 2046 τὴν
2428 1997 2597 2041 Τιτάνων

1364 2039 1381 2090 (
1403 2039 1430 2079 l.
1454 2040 1602 2082 Τιανῶν
1625 2044 1642 2096 )
1662 2044 1792 2086 πόλιν.
1825 2047 2037 2103 Scriptura
2056 2052 2235 2093 nominis
2266 2055 2309 2095 in
2331 2058 2528 2102 Marcian.
2559 2072 2599 2103 et

1362 2100 1556 2155 stephan.
1587 2104 1615 2145 l.
1641 2105 1668 2145 l.
1698 2115 1738 2147 et
1757 2108 1971 2151 Constant.
2010 2113 2214 2168 Porphyr.
2251 2118 2313 2157 De
2348 2119 2474 2162 them.
2508 2124 2538 2173 Ι,
2573 2140 2596 2178 7

1362 2161 1533 2204 fluctuat
1544 2165 1650 2205 inter
1660 2167 1856 2218 Βιλλαῖος,
1870 2170 2037 2220 Βίλαιος,
2051 2174 2243 2222 Βίλλαιος.
2262 2179 2423 2233 Duplex
2437 2181 2462 2221 λ
2473 2185 2593 2226 etiam

1360 2224 1476 2262 numi
1491 2225 1689 2278 praebent.
1714 2229 1768 2268 v.
1793 2220 1948 2271 Eekhel
1963 2234 2016 2272 D.
2035 2234 2087 2273 N.
2111 2235 2190 2275 vol.
2213 2239 2268 2288 11,
2287 2253 2329 2292 p.
2356 2242 2452 2294 439.
2471 2245 2595 2286 Billis

1360 2291 1418 2323 est
1438 2299 1504 2339 ap.
1522 2288 1627 2329 Plin.
1648 2291 1723 2338 VI,
1750 2304 1786 2330 1.
1812 2292 1826 2344 ΙΙ
1846 2316 1902 2322 -
1917 2309 1956 2347 7.
1977 2295 2270 2354 Παρθένιον]
2297 2304 2538 2358 Anonymus
2553 2317 2593 2349 et

1358 2345 1591 2389 Marcianus
1609 2364 1633 2390 a
1648 2350 1784 2391 Billaeo
1799 2352 1851 2392 ad
1866 2355 2131 2397 Parthenium
2146 2362 2375 2409 accuratius
2394 2375 2591 2419 exputant

1358 2406 1487 2448 stadia
1512 2411 1604 2461 130,
1623 2412 1679 2452 ita
1700 2421 1746 2453 ut
1761 2417 1814 2454 60
1835 2415 1965 2456 stadia
1983 2417 2065 2457 sint
2079 2418 2132 2458 ad
2159 2421 2352 2463 Psilidem
2375 2425 2418 2465 ss.
2437 2427 2453 2479 [
2468 2427 2590 2470 Ψίλι-

1358 2467 1420 2517 δα,
1442 2469 1508 2510 τὸν
1530 2474 1594 2512 νῦν
1611 2472 1825 2529 λεγόμενον
1846 2476 2042 2519 Παπάνιον
2059 2482 2180 2536 An.],
2198 2482 2296 2524 hInc
2312 2499 2408 2527 vero
2424 2488 2477 2529 ad
2490 2492 2589 2532 Par-

1357 2529 1544 2572 thenium
1566 2534 1694 2575 stadia
1715 2550 1781 2589 70.
1805 2537 1991 2580 Alterum
2010 2539 2193 2594 ejusdem
2216 2547 2395 2588 nominis
2415 2550 2588 2594 fluvium

1350 2590 1437 2645 jam
1477 2594 1655 2636 vidimus
1687 2612 1810 2653 supra
1822 2615 1833 2650 3
1866 2609 2089 2657 utrumque
2131 2617 2332 2653 memorat
2360 2611 2587 2666 Stephanus

1355 2668 1387 2693 s.
1408 2669 1446 2696 ν.
1465 2657 1724 2700 Hodiernum
1739 2675 1891 2702 nomen
1907 2664 2021 2704 fluvii
2041 2666 2148 2706 inter
2164 2667 2343 2710 Billaeum
2364 2680 2405 2712 et
2419 2675 2586 2716 Parthe-

1355 2717 1470 2757 nium
1491 2719 1631 2771 medii,
1654 2736 1738 2763 non
1751 2725 1912 2778 reperio
1923 2741 1935 2776 ;
1954 2725 2110 2780 adjacet
2124 2730 2160 2769 ei
2183 2729 2298 2785 locus
2314 2732 2485 2775 Kisa-E
2488 2737 2584 2779 lma.

1411 2781 1518 2830 §20‚
1541 2781 1568 2821 l.
1598 2785 1996 2839 14.Paphlagouiam,
2019 2803 2109 2842 quae
2127 2792 2292 2832 Arriani
2311 2801 2425 2835 aetate
2457 2811 2587 2853 usque

1353 2839 1405 2879 ad
1423 2842 1690 2884 Parthenium
1705 2847 1950 2900 pertinebat,
1971 2851 2191 2906 Menippus
2209 2854 2347 2895 Billaeo
2371 2860 2582 2901 terminari

1353 2901 1487 2956 dixit<
1501 2918 1540 2944 ν.
1556 2907 1755 2948 Marcian.
1774 2911 1911 2950 Anon.
1931 2911 2129 2964 );eodem
2146 2915 2272 2957 modo
2290 2917 2446 2960 Plinius
2465 2922 2539 2971 VI,
2559 2937 2583 2963 2

1352 2971 1393 3003 et
1408 2965 1621 3007 Constant.
1639 2969 1843 3028 Porphyr.
1865 2971 1893 3012 l.
1910 2972 1937 3012 l.
1956 2985 1965 3013 ε
1987 2974 2142 3029 διορίζει
2162 2975 2285 3028 δὲτὴν
2308 2979 2581 3035 Παφλαγονίαν

1352 3024 1462 3074 Ἅλυς
1479 3027 1545 3082 μὲν
1575 3031 1746 3085 ποταμὸς
1769 3031 1807 3080 ἐξ
1826 3033 2040 3086 ἀνατολῶν,
2069 3038 2160 3091 πρὸς
2177 3038 2217 3079 δὲ
2235 3040 2378 3094 δυσμὰς
2402 3042 2422 3081 ὁ
2442 3043 2581 3083 καλού-

1353 3102 1464 3141 μενος
1482 3090 1678 3139 Βίλλαιος.
1702 3093 1819 3133 Idem
1840 3095 1961 3136 urbes
1977 3099 2260 3152 Paphlagoniae
2279 3103 2500 3144 maritimas
2519 3119 2581 3146 re-

1350 3158 1486 3191 censet
1504 3153 1698 3208 Sinopen,
1721 3157 1967 3207 Amastram,
1989 3159 2033 3198 τὸ
2055 3159 2170 3210 Τήιον
2194 3160 2258 3200 καὶ
2274 3160 2343 3212 τὴν
2363 3162 2577 3218 λεγομένην

1355 3209 1525 3266 Ἀμινσόν
1562 3215 1647 3271 (sic
1661 3215 1691 3264 ).
1717 3217 1839 3272 Apud
1857 3219 2093 3273 Scylacem§
2114 3236 2166 3275 90
2181 3230 2220 3262 et
2232 3224 2423 3278 Apollon.
2439 3227 2574 3269 Rhod.

1349 3276 1476 3329 magis
1498 3278 1619 3318 etiam
1639 3292 1830 3319 occasum
1850 3294 1987 3320 versus
2010 3296 2139 3336 usque
2160 3283 2211 3324 ad
2231 3286 2408 3327 Oxinam
2434 3302 2467 3327 s.
2488 3290 2577 3331 Cal-

1347 3336 1550 3379 lichorum
1566 3340 1609 3378 fl.
1623 3340 1896 3394 Paphlagonia
1913 3343 2164 3385 extenditur.
2183 3345 2247 3386 Cf.
2267 3347 2388 3387 etiam
2408 3349 2516 3390 Mela
2530 3352 2573 3400 Ι,

1349 3413 1418 3452 91,
1441 3402 1512 3454 qui
1523 3401 1647 3441 Tium
1658 3401 1744 3455 jam
1763 3417 1848 3443 esse
1863 3404 1918 3444 ait
1932 3404 2005 3444 soli
2028 3407 2239 3460 gentisque
2250 3409 2572 3463 Paphlagonum.

1345 3462 1400 3501 V.
1413 3462 1619 3503 Mannert.
1633 3465 1708 3514 VI,
1725 3464 1764 3513 3,
1781 3479 1823 3519 p.
1845 3464 1939 3519 547.
1956 3490 2012 3497 -
2023 3469 2084 3507 De
2099 3470 2278 3510 Amastri
2287 3470 2405 3525 plura
2417 3472 2575 3527 collegit

1344 3525 1602 3578 Anonymus,
1635 3525 1706 3578 qui
1739 3524 1790 3564 ab
1812 3526 2006 3568 Heraclea
2028 3543 2158 3583 usque
2183 3530 2236 3571 ad
2255 3533 2465 3574 Amastrin
2487 3549 2574 3576 esse

1343 3583 1443 3624 dicit
1465 3585 1591 3625 stadia
1626 3599 1705 3639 700
1715 3601 1725 3634 ;
1751 3599 1801 3625 ex
1822 3588 2000 3629 Arriano
2031 3591 2278 3645 colliguntur
2309 3594 2440 3636 stadia
2465 3600 2570 3650 6903
2606 3640 2609 3642 ,

1343 3647 1490 3700 singuli
1516 3649 1723 3702 Anonymi
1743 3650 1904 3689 numeri
1931 3653 2096 3692 nonnisi
2116 3658 2196 3695 660
2217 3655 2347 3697 stadia
2364 3657 2568 3707 efficiunt,

1345 3717 1392 3749 ut
1412 3724 1517 3750 unus
1548 3724 1746 3750 numerus
1775 3722 1994 3768 corruptus
2026 3730 2111 3756 esse
2139 3716 2299 3760 debeat.
2339 3721 2570 3760 Marcianus

1339 3771 1472 3811 -stadia
1489 3771 1567 3824 590
1578 3781 1772 3813 recenset.
1796 3774 1811 3828 Η
1827 3798 1883 3805 -
1899 3779 1963 3817 16.
1983 3776 2046 3825 εἰς
2077 3776 2151 3833 ’Ep
2164 3780 2213 3819 υθ
2229 3780 2296 3820 ίνο
2308 3781 2382 3835 υς]
2397 3782 2565 3821 Homer.

1342 3833 1390 3873 Il.
1411 3846 1450 3883 2,
1474 3834 1550 3874 853
1575 3846 1585 3874 z
1611 3834 1651 3874 οἵ
1669 3834 1714 3889 ῥα
1735 3836 1911 3891 Κύτωρον
1937 3837 2031 3893 ἔχον
2052 3839 2116 3881 καὶ
2129 3841 2310 3896 Σήσαμον
2335 3840 2569 3896 ἀμφενέμον-

1342 3909 1456 3943 το,...
1483 3895 1670 3949 Κρῶμνάν
1694 3897 1728 3936 τ’
1758 3897 1943 3952 Αἰγιαλόν
1979 3915 2020 3941 τε
2042 3901 2107 3941 καὶ
2136 3901 2301 3956 ὓψηλοῦς
2335 3900 2564 3957 ἘρυΟίνους.

1341 3956 1532 4011 Apollon.
1551 3958 1683 3999 Rhod.
1711 3961 1766 4009 II,
1792 3963 1868 4013 941
1899 3974 1908 4001 :
1940 3961 2121 4017 Σήσαμον
2146 3963 2332 4011 αἰπεινούς
2355 3980 2393 4004 τε
2417 3965 2569 4020 παρεξε-
