2808 4342
504 26 553 80 Ο

722 109 761 151 O

169 165 256 204 3³8

177 279 265 308 σου·
289 259 448 307 στάδιοι
466 259 505 303 οἱ
529 254 679 307 ’.ντες
703 249 987 309 ἐδδομήιιοντα
1006 251 1079 294 τοῦ
1098 247 1307 293 satamon,-
1334 245 1408 292 καὶ

173 328 244 376 ἐπί
260 347 306 374 τε
322 331 394 374 τοῦ
422 326 610 387 αἰγιαλοῦ
638 321 804 381 δένδρεα
829 311 882 374 ’ἦν
900 314 1037 362 πολλὰ
1058 314 1131 361 καὶ
1154 313 1308 375 δασέα,
1337 313 1411 361 καὶ

166 401 195 454 ἡ
216 400 339 453 νῆσος
372 393 451 455 ὅλῃ
483 388 659 451 παντοίῃ
695 385 877 437 σύσκιος.
946 383 1000 447 (a)
1034 381 1146 430 ‘rub
1172 380 1216 428 δὲ
1247 380 1323 439 τὴν
1352 379 1410 430 lm

170 465 329 512 ἔπλωον
365 461 443 516 ἔξω
465 463 538 515 τῆς
558 457 681 512 νήσου
716 452 824 499 κατὰ
848 451 1000 516 ῥηχίην
1029 451 1206 510 στεινήν·
1230 450 1291 499 ἔτι
1324 451 1406 516 γὰρ
1429 520 1432 523 .

129 546 149 575 δ
172 532 379 585 ἀνάπωτις
393 529 573 589 κατεῖχε.
642 521 894 575 Πλώσαντις
905 520 950 568 δὲ
963 522 1004 575 ἐς
1022 520 1169 568 ἑκατὸν
1188 520 1261 568 καὶ
1275 519 1407 568 εἴκοσι

170 601 359 652 σταδίους
378 596 613 660 ὁρμίζονται
633 593 677 637 ἓν
694 593 755 655 τῷ
779 590 959 650 στόματι
979 595 1052 638 τοῦ
1073 590 1260 654 Ἀράδιος
1277 608 1407 638 ποτα-

171 675 265 731 μοῦ·
289 668 360 714 καὶ
391 662 517 723 λιμὴν
554 660 686 723 μέγας
711 659 785 707 καὶ
818 659 945 713 καλὸς
980 659 1084 723 πρὸς
1116 662 1178 724 τῷ
1212 659 1404 720 στόματι·

168 738 275 798 ὕδωρ
298 734 340 779 δὲ
367 734 440 778 οὐκ
462 726 511 787 ἧν
535 730 724 790 πότιμον·
754 733 826 775 τοῦ
851 727 934 792 γὰρ
962 727 1152 792 Ἀράδιος
1171 731 1214 775 αἱ
1233 728 1404 775 ἐκδολαὶ

166 873 368 926 Superato
383 868 495 909 enim
521 866 628 908 freto
644 879 719 922 per
742 877 822 908 120
836 862 977 906 adhuc
986 862 1118 905 stadia
1135 862 1415 918 navigandum

166 940 268 982 erat,
285 930 421 972 donec
434 928 487 971 ad
503 929 656 970 ostium
677 927 826 970 Arabis
845 927 959 968 fluvii
981 927 1277 983 pervenirent(
1292 928 1316 979 S
1340 929 1365 977 8
1380 926 1415 983 ),

171 992 375 1046 etfiluvins
393 992 479 1047 ipse
493 1003 643 1046 parum
659 987 838 1031 habebat
854 1001 972 1044 aquae
989 986 1003 1044 (
1021 986 1157 1029 Anab.
1171 988 1249 1038 VI,
1269 999 1339 1035 21,
1354 985 1415 1038 8).

170 1053 309 1095 Insula
322 1054 461 1108 ignota
471 1061 532 1094 est
546 1068 557 1103 ;
580 1051 687 1094 fossa
699 1050 805 1093 forte
816 1064 931 1092 nunc
941 1049 1098 1106 repleta
1107 1057 1184 1091 est.
1201 1066 1218 1087 ι
1234 1049 1419 1091 Scamm-

169 1131 269 1158 naa.
309 1116 326 1171 11
366 1139 424 1147 -
447 1119 488 1157 6.
530 1113 752 1170 Ἀράδιος
786 1112 1049 1169 ποταμοῦ]
1086 1113 1149 1153 De
1180 1111 1351 1154 nomine
1375 1114 1416 1152 v.

172 1188 246 1220 not
267 1178 320 1220 ad
342 1193 380 1220 c.
404 1192 474 1229 20,
495 1178 525 1219 l.
551 1180 620 1227 40.
648 1176 816 1219 Fluvius
837 1184 900 1218 est
924 1173 1028 1217 hod.
1054 1174 1265 1229 Pourally.
1295 1191 1312 1212 α
1338 1176 1419 1215 Ae-

172 1241 346 1296 cording
367 1250 412 1283 to
429 1240 648 1283 D'Anville
666 1238 749 1281 and
772 1238 826 1280 de
844 1239 884 1281 la
905 1237 1105 1281 Rochette
1127 1238 1159 1278 it
1173 1236 1253 1278 still
1267 1236 1420 1278 retains

173 1305 243 1346 the
257 1319 379 1347 name
390 1303 439 1346 of
453 1303 609 1354 Araba,
624 1302 727 1347 with
739 1302 809 1343 the
827 1299 1057 1343 additional
1071 1298 1317 1356 appellation
1329 1297 1379 1339 of
1390 1298 1424 1339 il

174 1367 315 1409 Mend.
334 1366 466 1408 Their
477 1366 686 1421 authority
702 1363 856 1407 lknow
872 1371 961 1405 not.
984 1380 1000 1401 ι
1020 1363 1238 1404 νικοιιιτ.
1255 1376 1298 1418 p.
1321 1360 1417 1404 205.

175 1430 273 1470 Exit
301 1429 450 1470 fluvius
471 1429 512 1469 in
540 1428 663 1469 maris
685 1440 910 1476 recessum,
934 1425 1002 1468 cui
1018 1423 1178 1481 adjacet
1202 1418 1439 1479 Somneany'

175 1490 304 1542 locus,
333 1504 457 1545 quem
486 1490 775 1546 Kempthorne
797 1489 827 1531 l.
860 1488 888 1530 l.
914 1502 957 1544 p.
991 1490 1072 1537 264
1098 1501 1176 1543 pro
1195 1485 1421 1530 Alexandri

174 1560 299 1607 portu
325 1551 472 1602 habet3
500 1552 582 1593 hoc
609 1550 780 1607 quidem
814 1552 980 1607 inepte,
1003 1558 1186 1591 ceterum
1209 1550 1265 1591 ita
1284 1549 1423 1591 locum

175 1613 371 1655 describit
390 1626 400 1654 ε
428 1634 444 1648 ι
478 1614 714 1670 Sonmeany
737 1614 771 1654 is
790 1627 817 1655 a
838 1612 955 1654 small
977 1620 1088 1654 town
1110 1626 1161 1653 or
1181 1612 1332 1667 fishing
1349 1612 1424 1653 vil-

174 1675 277 1730 lage,
300 1675 478 1717 situated
506 1685 548 1717 at
574 1676 645 1717 the
663 1675 813 1718 mouth
836 1675 886 1717 of
907 1690 931 1716 a
949 1674 1072 1717 creek
1086 1674 1224 1716 which
1245 1689 1347 1716 runs
1366 1688 1425 1730 up

176 1753 289 1779 some
311 1737 496 1780 distance
513 1738 671 1780 inland.
693 1741 731 1780 It
753 1740 786 1779 is
808 1737 1019 1793 governed
1040 1737 1094 1794 by
1107 1752 1131 1779 a
1152 1736 1320 1788 sheikh;
1341 1737 1425 1779 and

177 1801 247 1843 the
266 1800 519 1843 inhabitants
537 1816 690 1858 appear
706 1810 749 1842 to
770 1801 824 1842 be
850 1815 947 1856 very
965 1814 1086 1856 poor,
1116 1799 1265 1856 chiefly
1292 1799 1424 1841 subsi-

176 1865 285 1918 sting
307 1879 361 1905 on
388 1863 507 1904 dried
527 1864 604 1905 fish
622 1863 705 1905 and
724 1864 808 1904 rice
836 1862 931 1917 [Cf.
954 1862 1111 1904 Plinius
1129 1863 1227 1913 VII,
1250 1875 1275 1903 2
1295 1875 1305 1903 ε
1333 1862 1426 1904 Ori·

180 1935 247 1968 tas
276 1925 330 1967 ab
361 1925 481 1967 Indis
519 1925 650 1967 Arbis
667 1924 834 1981 fluvius
866 1923 1146 1965 disterminat.
1179 1923 1426 1967 Hi'nullum

179 1988 309 2030 atium
321 1988 459 2030 cibum
477 2003 621 2030 novere
635 2003 759 2045 quam
768 1986 970 2046 piscium,
991 2000 1093 2044 quos
1113 1986 1318 2040 unguibus
1336 1987 1426 2030 clis-

182 2060 312 2092 sectos
333 2050 417 2092 sole
452 2059 634 2092 torreant
669 2060 793 2107 atque
818 2049 879 2091 ita
898 2064 1049 2107 panem
1072 2064 1123 2091 ex
1147 2049 1214 2091 his
1234 2049 1423 2104 saciant,

183 2121 230 2154 ut
249 2112 372 2167 resi-rt
391 2112 637 2155 Clitarchus.
655 2114 728 2169 ]...
751 2115 783 2155 A
797 2127 895 2168 very
914 2113 1123 2154 extensive
1141 2111 1216 2154 bar
1236 2127 1286 2154 or
1304 2113 1427 2154 sand-

181 2172 294 2215 bank
315 2188 416 2215 runs
426 2189 564 2216 across
586 2174 656 2215 the
674 2174 821 2215 mouth
841 2173 891 2215 of
901 2174 983 2215 this
1003 2173 1116 2224 inlet,
1131 2173 1214 2215 and
1230 2189 1340 2217 none
1356 2175 1431 2218 but

185 2236 328 2278 vessels
351 2236 401 2277 of
416 2236 533 2278 small
554 2236 737 2277 burthen
758 2250 835 2277 can
861 2243 928 2291 get
956 2250 1057 2277 over
1076 2236 1121 2287 it,
1146 2250 1247 2278 even
1266 2245 1308 2278 at
1330 2237 1430 2293 high

183 2306 331 2350 water;
349 2298 425 2340 but
444 2297 576 2340 inside
595 2298 664 2340 the
675 2306 802 2340 water
817 2299 850 2339 is
865 2297 987 2354 deep,
1008 2297 1093 2340 and
1114 2312 1138 2340 a
1153 2299 1279 2341 v‘essel
1293 2300 1343 2342 of
1350 2315 1431 2342 one

182 2375 232 2402 or
247 2369 329 2402 two
352 2360 546 2402 hundred
567 2370 660 2402 tons
679 2360 803 2402 could
822 2361 874 2402 lie
894 2361 995 2402 here
1013 2361 1114 2402 with
1135 2361 1292 2418 perfect
1314 2378 1431 2405 secu·

184 2424 280 2479 rity,
313 2423 518 2465 sheltered
541 2423 650 2465 from
672 2423 723 2465 all
755 2422 904 2464 winds.
936 2441 952 2461 υ
979 2423 1070 2465 Alia
1090 2422 1143 2465 de
1171 2425 1297 2466 Arabi
1317 2425 1434 2469 dabit

183 2487 410 2541 Pottinger.
438 2486 623 2528 Travels.
655 2501 701 2543 p.
725 2489 794 2528 28.
814 2499 913 2541 299,
931 2500 1016 2542 quo
1026 2485 1134 2528 libro
1150 2487 1209 2528 uti
1226 2487 1327 2529 mihi
1347 2504 1432 2531 non

185 2548 315 2591 licuit.
337 2550 446 2591 Num
471 2549 618 2606 aliquis
632 2550 991 2605 peregrinatorum
1011 2548 1211 2591 excelsam
1232 2551 1430 2604 insulam,

186 2611 306 2666 cujus
346 2613 549 2654 Arrianus
571 2613 782 2664 meminit,
817 2612 1134 2664 memoraverit,
1170 2627 1327 2668 quaero.
1371 2617 1434 2657 De

187 2687 304 2728 aquae
325 2675 516 2729 potabilis
534 2676 709 2731 penuria
727 2677 942 2717 Potterum
965 2683 1109 2716 testem
1140 2674 1310 2718 adducit
1331 2678 1435 2719 Vin-

189 2744 332 2776 centus
343 2751 385 2791 p.
407 2741 510 2779 206:
537 2757 552 2773 ι
571 2738 819 2779 Licutenant
833 2740 976 2780 Potter
989 2750 1106 2793 says:
1128 2757 1145 2773 ι
1168 2739 1302 2794 Every
1317 2738 1436 2795 thing

189 2797 223 2837 is
244 2810 396 2849 scarce,
428 2814 528 2839 even
554 2808 696 2851 water,
719 2800 856 2841 which
881 2801 914 2840 is
934 2798 1141 2856 procured
1157 2799 1212 2855 hy
1230 2799 1399 2857 digging
1412 2818 1436 2845 a

188 2858 283 2901 bole
306 2859 384 2901 five
399 2875 448 2901 or
467 2862 528 2901 six
553 2860 632 2902 feet
650 2861 771 2917 deep,
796 2861 878 2903 and
894 2876 938 2902 as
957 2876 1081 2917 many
1107 2862 1148 2903 in
1172 2861 1374 2905 diameter
1393 2865 1435 2906 in

190 2935 215 2963 a
230 2920 345 2978 place
363 2921 499 2964 which
516 2936 598 2963 was
621 2922 816 2979 formerly
831 2938 854 2963 a
870 2937 1051 2978 swamp;
1073 2923 1156 2964 and
1175 2924 1210 2964 if
1220 2925 1288 2965 the
1311 2934 1437 2968 water

185 2997 326 3034 onzes,
363 2984 498 3026 which
523 2985 554 3025 it
575 2985 811 3025 sometimes
833 2983 933 3025 does
967 2992 1056 3035 not,
1092 2986 1126 3025 it
1158 2999 1292 3026 serves
1323 2986 1435 3029 them

191 3046 280 3088 that
308 3045 407 3103 day1
430 3045 511 3088 and
535 3046 713 3103 perhaps
744 3046 813 3088 the
840 3054 960 3097 next,
987 3046 1110 3087 when
1133 3047 1164 3087 it
1188 3055 1304 3088 turns
1324 3052 1437 3103 quite

191 3107 402 3160 brackish,
420 3109 559 3163 owing
573 3116 617 3150 to
633 3108 703 3150 the
727 3109 887 3150 nitrous
909 3107 1064 3164 quality
1084 3107 1135 3149 of
1151 3108 1218 3150 the
1240 3111 1370 3151 earth.
1398 3130 1433 3153 n.

192 3192 248 3201 --
265 3171 396 3212 Oram
408 3169 675 3212 Arabitarum
696 3171 898 3213 Arrianus
918 3170 983 3226 (c.
1006 3169 1075 3221 25,
1091 3172 1114 3219 I.
1136 3169 1251 3226 )esse
1265 3170 1366 3212 dicit
1385 3172 1436 3213 ad

193 3231 325 3275 stadia
358 3232 489 3283 mille,
518 3233 801 3275 consentiente
834 3233 1024 3275 Nearcho
1044 3232 1153 3289 apud
1190 3233 1436 3278 Strabonem

193 3308 236 3350 p.
264 3309 360 3350 720.
397 3298 501 3349 Qua!
532 3295 763 3338 stadiorum
791 3310 952 3338 summa
973 3295 1179 3351 colligitur
1198 3312 1247 3339 ex
1271 3299 1438 3354 singulis

194 3357 398 3400 distantiis
424 3373 516 3414 qua:
545 3357 769 3400 traduntur
792 3358 889 3401 inde
914 3359 966 3401 ah
995 3360 1175 3411 Coreati,
1213 3359 1326 3403 unde
1356 3364 1440 3418 pri·

197 3433 312 3461 mum
334 3420 547 3462 Oceanum
568 3420 704 3462 classis
722 3421 900 3477 ingressa
921 3429 998 3463 est.
1020 3424 1214 3465 Attamen
1231 3420 1439 3466 desidera-

197 3488 264 3521 tur
275 3480 467 3524 distantia
485 3498 509 3523 a
524 3483 704 3525 Crocalis
723 3483 775 3526 ad
793 3483 962 3526 Bihacta
982 3482 1241 3541 (stadiorum
1264 3498 1341 3528 100
1354 3500 1437 3529 sec.

197 3540 303 3583 Plin.
326 3542 340 3598 )
360 3551 402 3584 et
428 3558 451 3585 a
474 3546 664 3601 Sarangis
685 3545 738 3587 ad
762 3546 914 3589 Sacala.
936 3549 1077 3601 Quare
1099 3560 1204 3590 1000
1222 3546 1289 3590 illa
1309 3547 1440 3591 stadia

198 3616 284 3645 non
299 3618 323 3646 a
339 3605 500 3647 Coreati
520 3607 590 3649 sed
604 3623 627 3650 a
648 3617 774 3665 portu
793 3608 1034 3660 Alexandri,
1051 3607 1164 3651 unde
1179 3617 1271 3666 post
1285 3613 1337 3661 al,
1351 3609 1439 3654 die-

199 3679 295 3708 rum
318 3671 687 3712 commorationem
725 3673 870 3713 etesias
890 3681 1034 3714 nactus
1061 3672 1272 3715 Nearchus
1302 3672 1437 3726 solvit,

198 3727 479 3785 computanda
501 3729 678 3787 ideoque
702 3734 779 3777 150
808 3734 937 3776 stadia
957 3733 1185 3791 supplenda
1206 3749 1292 3778 esse
1312 3744 1436 3789 recte,

198 3797 319 3846 puto,
345 3792 504 3834 censuit
529 3793 783 3837 Gosselinus.
806 3798 910 3838 Sanc
940 3797 1109 3853 quidem
1130 3797 1239 3840 mille
1264 3799 1339 3841 ista
1358 3808 1439 3842 sta·

201 3851 270 3894 dia
291 3853 444 3895 rectius
474 3852 702 3906 habebunt,
728 3858 760 3897 si
798 3858 850 3899 ab
886 3859 992 3900 Indo
1027 3860 1318 3916 proficiscaris5
1342 3875 1439 3904 nam

201 3928 342 3956 revera
363 3924 495 3957 sunta
510 3915 621 3959 Pitti
640 3919 745 3960 ostio
767 3933 897 3975 usque
913 3919 964 3962 ad
980 3925 1200 3978 Somne-any
1215 3930 1256 3965 et
1276 3922 1441 3965 Purattu·

205 3974 378 4025 fluvium
405 3977 534 4021 stadia
561 3981 813 4031 10404080.
837 3982 916 4025 Sed
941 3993 1230 4040 argumentum
1250 3986 1347 4028 hinc
1367 3999 1438 4043 pe·

1311 141 1567 191 samam

1478 265 1567 293 esse
1591 249 1765 294 effossus
1793 250 2027 305 vider-etun
2045 256 2302 312 septuaginta
2324 254 2366 297 in
2383 256 2625 298 universum
2641 265 2725 300 sta·
2792 308 2795 310 ,

1479 317 1651 361 diorum
1674 332 1725 360 ea
1740 319 1946 374 navigatio
1974 319 2124 365 fuerat.
2144 323 2288 365 Multae
2306 331 2424 365 erant
2442 322 2663 379 densaeque
2679 325 2726 368 in
2790 364 2791 367 ,

1479 386 1616 429 littore
1646 385 1840 436 arbores,
1875 385 2093 443 insulaque
2116 388 2204 445 ipsa
2227 391 2351 432 variis
2377 390 2487 432 silvis
2510 389 2781 463 umbrosa..)

1481 454 1544 511 (8)
1563 454 1651 496 Sub
1669 453 1804 496 lucem
1822 467 1897 510 per
1918 462 2140 509 angustum
2160 464 2203 499 ot
2215 466 2438 501 aestuosum
2460 458 2596 501 locum
2609 467 2725 501 extra
2750 455 2783 506 οξ,

1478 519 1657 564 insulam
1681 519 1953 576 navigarunt5
1973 520 2114 564 adbuc
2134 523 2247 565 enim
2262 538 2446 568 recessus
2467 528 2593 569 maris
2615 526 2725 568 obti·
2759 554 2764 555 ⁷

1477 590 1605 633 nebat
1634 603 1645 632 :
1675 590 1997 646 continuataque
2015 591 2276 647 navigatione
2306 590 2358 633 ad
2381 602 2548 636 centum
2579 595 2723 650 viginti

1476 659 1630 711 stadia,
1653 660 1767 717 apud
1782 661 1935 702 ostium
1955 660 2104 703 Arabis
2125 662 2258 704 amnis
2271 663 2560 716 constiterunt,
2577 673 2616 706 et
2631 678 2727 720 por·
2786 715 2789 719 ⁴

1477 737 1571 771 tum
1595 728 1767 785 quidem
1798 730 1855 771 ibi
1884 729 2070 787 amplum
2102 738 2143 772 et
2168 730 2440 772 commodum
2465 732 2575 774 nacti
2605 740 2726 784 sunt,
2780 735 2781 739 ’

1487 872 1575 906 tere
1589 865 1658 906 vix
1679 863 1789 915 lieet,
1812 878 1942 920 quum
1960 865 2031 907 hie
2052 879 2160 906 unus
2185 866 2289 906 foret
2316 874 2484 915 tractus,
2506 865 2624 922 quus
2638 866 2729 909 lon·
2771 876 2775 907 t

1487 926 1719 980 gitudinem
1750 934 1861 968 reete
1891 926 2104 969 Nearchus
2142 929 2443 980 constituissct;
2481 930 2523 971 in
2563 929 2732 985 reliquis
2791 923 2799 933 '⁵

1487 989 1601 1030 enim
1621 988 1835 1031 distantias
1852 988 1976 1030 habet
1999 987 2120 1044 justis·
2144 989 2264 1044 longe
2281 990 2479 1047 majorem
2512 993 2571 1034 sic
2592 993 2731 1035 Orita-

1489 1065 1584 1092 rum
1599 1065 1674 1093 ora
1688 1065 1813 1107 quam
1831 1053 1939 1094 1600
1952 1049 2182 1093 stadiorum
2193 1052 2308 1104 dicit,
2324 1055 2488 1096 nonnisi
2505 1068 2523 1096 ι
2533 1068 2611 1098 100
2622 1054 2729 1097 stad.

1490 1121 1577 1167 aet5
1601 1112 1923 1170 Ichthyophagis
1949 1121 2089 1155 autem
2119 1112 2217 1155 litus
2238 1115 2384 1158 tribuit
2413 1130 2546 1160 10000
2577 1116 2730 1159 stadio·
2780 1150 2783 1158 2

1490 1189 1602 1227 rum,
1620 1190 1751 1232 quum
1771 1177 1840 1217 vix
1868 1175 1976 1219 5000
2004 1174 2181 1218 dicenda
2199 1175 2386 1220 fuissent.
2407 1181 2549 1232 Quare
2569 1179 2636 1223 alii
2664 1194 2733 1236 pe-

1491 1237 1645 1279 culiare
1666 1236 1897 1279 stadiorum
1920 1252 2048 1293 genus
2068 1239 2112 1281 in
2141 1253 2262 1281 usum
2291 1238 2414 1295 huj'us
2437 1240 2595 1297 parapli
2612 1256 2733 1284 exco-

1490 1299 1688 1354 gitarunt,
1704 1299 1771 1341 alii
1787 1309 1896 1342 recte
1911 1309 2165 1343 monuerunt
2184 1302 2455 1357 navigationis
2474 1301 2736 1347 difficultates
2782 1353 2786 1356 ‚

1490 1368 1532 1402 et
1553 1360 1851 1417 impedimenta
1873 1363 1916 1404 in
1941 1363 2213 1406 causa'fuisse
2245 1373 2291 1406 ut
2325 1364 2532 1408 distantiae
2550 1366 2736 1409 locorum

1491 1423 1623 1465 multo
1642 1423 1820 1479 majores
1851 1439 1976 1481 quam
2003 1434 2123 1468 erant
2139 1440 2227 1469 esse
2252 1426 2509 1470 viderentur.
2530 1430 2738 1473 Hactenus

1492 1484 1545 1527 de
1561 1486 1769 1529 Nearcho.
1799 1486 1924 1543 Apud
1943 1487 2211 1531 Ptolemaeum
2231 1489 2413 1532 Arabitae
2428 1491 2559 1533 multo
2578 1491 2738 1546 longius

1492 1549 1715 1604 pertinent,
1754 1563 1935 1605 eumque
1961 1558 2140 1592 tractum
2174 1551 2384 1603 obtinent,
2429 1567 2556 1609 quem
2589 1555 2740 1597 Noster

1493 1610 1676 1653 Arabitis
1707 1620 1748 1653 et
1780 1612 1909 1654 Oritis
1938 1612 2100 1654 tribuit.
2137 1614 2275 1655 Oritas
2303 1613 2547 1658 Ptolemaeus
2567 1619 2740 1660 omnino

1494 1686 1580 1715 non
1617 1683 1836 1716 memorat.
1866 1675 2112 1716 Terminum
2153 1675 2417 1718 Arabitai-um
2450 1678 2539 1733 ipse
2570 1693 2740 1735 quoque

1494 1735 1614 1791 ponit
1635 1736 1792 1778 Arabin
1816 1737 1991 1779 fluvium
2006 1769 2018 1789 ,
2054 1752 2105 1779 eo
2132 1746 2271 1779 autem
2301 1740 2471 1781 nomine
2494 1740 2668 1783 fluvium
2687 1744 2741 1784 si-

1495 1805 1594 1851 gnat
1619 1798 1691 1854 qui
1710 1798 1835 1840 hodie
1866 1807 2037 1840 vocatur
2055 1802 2234 1841 Kurmut
2263 1814 2297 1841 s.
2322 1804 2476 1844 Rumra
2494 1817 2529 1846 s.
2554 1803 2738 1855 Kalami,
2790 1855 2791 1858 Ἴ

1495 1858 1549 1901 ad
1567 1873 1693 1916 quem
1721 1860 1886 1903 Calama
1914 1861 2091 1903 Nearchi
2121 1860 2316 1918 ponenda
2335 1871 2445 1905 sunt.
2481 1865 2605 1907 Hunc
2626 1867 2739 1908 enim
2798 1916 2801 1921 1

1497 1922 1672 1966 fluvium
1708 1923 2019 1979 intelligendum
2050 1939 2137 1967 esse
2167 1924 2264 1966 inde
2282 1933 2408 1981 patet,
2431 1926 2546 1981 quod
2575 1926 2741 1971 Ἆσθάλα
2785 1963 2791 1983 s

1499 1989 1614 2039 νῆσος
1638 1986 1765 2029 Arabi
1797 1986 1958 2043 objecta
1979 1997 2119 2044 aperte
2154 1995 2215 2029 est
2243 1987 2344 2030 hod.
2367 1990 2519 2031 Aseola
2554 1991 2685 2035 insula
2721 2008 2744 2036 e

1498 2049 1667 2104 regione
1689 2052 1868 2092 Kurmut
1889 2051 2022 2092 fluvii.
2054 2052 2149 2092 Huc
2170 2049 2343 2101 accedit,
2376 2050 2490 2107 quod
2505 2053 2616 2109 apud
2634 2055 2742 2099 Ptol.

1498 2112 1690 2167 proxime
1709 2121 1804 2169 post
1825 2113 1982 2156 Arabin
2005 2114 2179 2155 fluvium
2198 2114 2385 2169 sequitur
2402 2116 2596 2159 Mosarna
2610 2117 2741 2171 locus,
2793 2142 2798 2147 ἶ

1499 2174 1607 2215 sicut
1627 2172 1737 2215 idem
1759 2175 1873 2216 locus
1895 2183 1989 2230 post
2010 2175 2175 2216 Calama
2207 2184 2464 2218 memoratur
2482 2177 2594 2234 apud
2616 2180 2743 2222 Near·
2795 2178 2808 2194 ²

1499 2235 1643 2278 chum.
1665 2235 1733 2279 Ad
1744 2237 1918 2279 fluvium
1929 2236 2177 2279 Ptolemaeus
2190 2236 2315 2278 habet
2332 2237 2466 2281 Arbin
2479 2239 2642 2294 urbem,
2660 2258 2744 2286 non

1502 2300 1558 2341 ita
1586 2299 1708 2355 longe
1729 2299 1781 2341 ab
1807 2314 1882 2342 ora
1910 2300 2119 2341 maritima
2142 2307 2359 2341 remotam.
2394 2301 2466 2342 Sin
2493 2316 2653 2358 quaeras
2672 2308 2746 2363 qui

1503 2361 1656 2403 factum
1686 2363 1754 2413 sit,
1779 2370 1827 2403 ut
1849 2362 1997 2405 Arabis
2033 2362 2076 2403 ss.
2105 2362 2164 2404 sic
2198 2370 2558 2419 transponeretur,
2589 2365 2744 2422 fefellit,
2780 2403 2784 2422 Ι,

1502 2433 1606 2480 puto
1620 2456 1632 2477 ,
1667 2424 1935 2468 Ptolemaeum
1958 2424 2021 2466 vel
2042 2426 2181 2481 potius
2199 2424 2285 2481 ejus
2307 2434 2497 2469 auctores
2529 2430 2747 2475 nominum
2779 2470 2782 2474 .
2803 2475 2805 2479 ,

1505 2487 1645 2543 Κάρδις
1665 2496 1706 2529 et
1726 2488 1849 2544 Ἄρὸις
1884 2487 2129 2530 similitudo.
2158 2489 2265 2531 Nam
2297 2487 2549 2532 hodiernum
2570 2493 2750 2534 seu-mue
2781 2492 2785 2506 ⁵

1503 2549 1616 2606 apud
1634 2550 1803 2592 Graecos
1831 2550 1930 2592 olim
1957 2550 2099 2606 Κάρδιν
2116 2551 2201 2592 sive
2223 2550 2370 2608 Κάρμιν
2395 2550 2554 2594 dictum
2573 2567 2675 2604 esse,
2697 2567 2750 2596 ex

1504 2626 1555 2654 eo
1572 2613 1795 2668 colligitur,
1827 2612 1942 2669 quod
1973 2612 2228 2669 adjacentem
2251 2614 2466 2667 regionem
2484 2614 2628 2671 Κάρδιν
2647 2615 2751 2659 dicit
2774 2623 2775 2626 ’

1504 2675 1732 2727 Nearchus,
1757 2683 1799 2717 et
1820 2674 1981 2731 objecta
2013 2674 2146 2717 insula
2167 2675 2264 2716 item
2295 2674 2464 2731 Καρδίνη
2488 2676 2551 2718 vel
2573 2677 2748 2734 Καρμίνη

1505 2746 1691 2780 vocatur.
1731 2739 1825 2780 Huc
1845 2737 2004 2779 accedit
2022 2736 2138 2794 quod
2168 2737 2323 2779 Arbita.-
2345 2745 2386 2779 et
2419 2738 2547 2781 Oritoe
2570 2739 2684 2783 facile
2706 2742 2751 2791 in

1506 2814 1633 2842 unam
1648 2809 1813 2856 gentem
1829 2800 1999 2842 conflari
2016 2808 2184 2857 possent
2203 2799 2258 2841 ob
2277 2801 2497 2844 nominum
2518 2800 2695 2859 Ὀρὸἴται
2709 2812 2751 2847 et
2777 2807 2779 2811 ⁴

1511 2861 1677 2919 Ἀρὸῒται
1697 2861 2039 2915 similitudinem;
2062 2877 2156 2904 nam
2173 2876 2250 2919 pro
2270 2861 2445 2919 Ὠρεῖται
2461 2863 2529 2907 alii
2557 2863 2751 2911 dicebant
2776 2914 2778 2918 ,

1513 2923 1706 2981 Ὀρδῖται,
1724 2927 1832 2968 sicut
1848 2927 1971 2968 etiam
1989 2925 2116 2968 hodie
2133 2939 2181 2967 ea
2199 2926 2314 2981 regio
2334 2935 2504 2970 vocatur
2526 2929 2655 2971 Urba.
2673 2931 2749 2973 Su·
2778 2947 2779 2951 ¹

1506 2997 1642 3044 perest
1660 2997 1707 3031 ut
1739 2988 1792 3031 de
1826 2989 1960 3031 Plinio
1997 3002 2258 3031 moneamus.
2294 2991 2333 3030 Is
2365 2990 2491 3045 igitur
2523 2990 2750 3037 Anbiorum
2783 3039 2785 3043 Α

1507 3059 1670 3104 gentem
1687 3051 1790 3094 Arbi
1804 3053 1930 3093 fluvio
1945 3052 1997 3093 ab
2014 3053 2144 3094 Oritis
2162 3050 2438 3093 disterminari
2455 3050 2550 3093 data
2570 3055 2750 3097 occasio-
2778 3099 2781 3102 ,

1508 3126 1559 3152 ne
1576 3113 1700 3154 refert
1718 3128 1768 3154 ex
1788 3113 1996 3155 Clitarcho
2015 3115 2113 3163 vn,
2137 3127 2176 3154 2.
2201 3112 2315 3154 Idem
2333 3114 2409 3164 VI,
2428 3114 2497 3163 25,
2519 3115 2541 3167 S
2558 3114 2634 3169 95:
2661 3115 2750 3158 Atii
2780 3111 2782 3116 ’

1508 3174 1712 3216 Gedrusos
1726 3184 1765 3217 ct
1779 3175 1945 3218 Pasires
1955 3190 2127 3233 posuere
2133 3190 2211 3232 per
2226 3178 2296 3216 CX
2295 3178 2336 3216 Χ
2334 3177 2418 3216 XV
2416 3177 2500 3217 III
2503 3189 2558 3217 ne.
2570 3190 2638 3234 p.,
2654 3192 2751 3220 mox
2783 3199 2785 3202 ·

1509 3235 1837 3294 Ichthyophagos
1869 3237 2027 3287 Oritas,
2050 3236 2240 3294 propria,
2266 3252 2345 3278 non
2375 3236 2587 3287 Indorum,
2608 3238 2750 3293 lingua
2779 3266 2782 3267 ν

1510 3299 1726 3356 loquentis,
1742 3315 1822 3357 per
1841 3304 1904 3341 CC
1914 3301 2003 3341 mil.
2023 3315 2240 3357 passuum.
2271 3299 2596 3358 Icletleyoplaeagos
2617 3302 2751 3347 omnis
2795 3349 2803 3362 ,ἡ

1514 3363 1749 3405 Alexander
1768 3364 1903 3406 vetuit
1919 3364 2112 3421 piscibus
2137 3364 2285 3406 rime.
2309 3363 2467 3406 Deinde
2480 3378 2653 3423 posuere
2665 3369 2765 3419 Alb,⁴

1510 3426 1669 3468 biorum
1692 3436 1851 3480 gentem
1868 3443 1947 3485 per
1963 3431 2025 3470 CC
2046 3427 2153 3470 mitt.
2193 3427 2314 3470 Ultra
2330 3427 2516 3479 deserta,·
2537 3427 2631 3471 dein
2659 3431 2760 3487 Cae!

1509 3487 1650 3529 mania
1662 3496 1700 3530 et
1717 3489 1857 3531 Persis
1871 3499 1993 3547 atque
2011 3489 2191 3532 Arabia.
2208 3492 2257 3532 In
2277 3490 2341 3533 his
2356 3504 2487 3547 quum
2505 3489 2622 3534 Arbii
2643 3486 2759 3537 inter.

1510 3551 1648 3593 Oritas
1668 3560 1711 3594 et
1728 3553 1990 3595 Carmaniam
2003 3553 2271 3605 collocentur,
2297 3552 2412 3599 vides
2426 3552 2642 3612 ponendos
2662 3565 2751 3596 esse
2777 3559 2808 3603 J-

1509 3611 1654 3655 eodem
1691 3614 1783 3656 loco
1820 3629 1905 3671 quo
1931 3615 2174 3659 Ptolemoeus
2206 3615 2365 3659 Arabin
2397 3615 2571 3658 fluvium
2608 3613 2746 3659 habet·
2759 3612 2769 3643 Ψ

1510 3676 1618 3718 Hinc
1646 3676 1769 3718 etiam
1792 3677 2034 3734 explicanda
2062 3692 2156 3735 quse
2174 3678 2367 3735 leguntur
2383 3679 2461 3730 vl,
2494 3682 2547 3723 αδ
2578 3679 2602 3733 S
2635 3687 2754 3734 1092*

1510 3740 1563 3778 In
1589 3739 1816 3781 Carmania·
1836 3740 1987 3793 angulo
2008 3739 2355 3798 caetonophagi...
2380 3739 2592 3795 aflumine
2612 3741 2654 3782 A
2686 3734 2766 3780 νῶΐ,
2785 3761 2808 3797 ‘j

1504 3802 1830 3856 promontorium
1860 3801 1995 3859 ipsum
2037 3802 2289 3845 inhabitant.
2316 3801 2434 3845 Idem
2470 3816 2521 3845 ex
2542 3801 2650 3846 Juba
2669 3802 2751 3846 ω’·
2798 3820 2800 3822 ·

1510 3870 1634 3905 stram
1651 3865 1952 3919 navigationem
1968 3866 2247 3922 perstringens
2259 3866 2314 3908 ita
2329 3864 2430 3908 dicit
2444 3867 2520 3917 VI,
2539 3869 2608 3917 26,
2629 3853 2808 3933 §9741432

1511 3927 1611 3967 Hoec
1627 3936 1760 3969 tamen
1775 3927 2153 3985 dignapmdeneur.
2169 3928 2300 3971 Arbis
2317 3926 2332 3986 (
2347 3929 2405 3971 sic
2420 3942 2500 3970 em.
2519 3923 2742 3975 Harduiim
2775 3933 2808 3985 ᾖ.

1510 3987 1563 4029 ab
1578 3988 1643 4030 leis
1655 3998 1694 4031 et
1711 3990 1840 4033 Abies
1858 3988 1965 4033 codd
1972 4021 1982 4032 .
2003 3989 2020 4048 )
2041 3989 2239 4049 oppidum
2257 4005 2285 4034 a
2307 3990 2494 4035 Nearcho
2511 3985 2744 4038 condidam
2788 3987 2808 4051 ‚³7

2791 4185 2804 4199 ⁵.
