<?xml version="1.0" encoding="UTF-8"?>
<!DOCTYPE html PUBLIC "-//W3C//DTD XHTML 1.0 Transitional//EN"
    "http://www.w3.org/TR/xhtml1/DTD/xhtml1-transitional.dtd">
<html xmlns="http://www.w3.org/1999/xhtml" xml:lang="en" lang="en">
 <head>
  <title>
</title>
<meta http-equiv="Content-Type" content="text/html;charset=utf-8" />
  <meta name='ocr-system' content='tesseract 3.04.00' />
  <meta name='ocr-capabilities' content='ocr_page ocr_carea ocr_par ocr_line ocrx_word'/>
</head>
<body>
  <div class='ocr_page' id='page_1' title='image "./geographigraeci00mueluoft_0227.png"; bbox 0 0 2782 4348; ppageno 0'>
   <div class='ocr_carea' id='block_1_1' title="bbox 86 201 252 263">
    <p class='ocr_par' dir='ltr' id='par_1_1' title="bbox 86 201 252 263">
     <span class='ocr_line' id='line_1_1' title="bbox 86 201 252 263; baseline -0.006 -16"><span class='ocrx_word' id='word_1_1' title='bbox 86 201 252 263; x_wconf 46' lang='lat' dir='ltr'><em>(amas.)</em></span> 
     </span>
    </p>
   </div>
   <div class='ocr_carea' id='block_1_2' title="bbox 6 296 1320 847">
    <p class='ocr_par' dir='ltr' id='par_1_2' title="bbox 6 296 1319 570">
     <span class='ocr_line' id='line_1_2' title="bbox 87 296 1317 358; baseline -0.005 -8"><span class='ocrx_word' id='word_1_2' title='bbox 87 309 218 350; x_wconf 76' lang='grc' dir='ltr'>ταῦτα</span> <span class='ocrx_word' id='word_1_3' title='bbox 253 307 384 349; x_wconf 84' lang='grc' dir='ltr'>κεῖται</span> <span class='ocrx_word' id='word_1_4' title='bbox 423 302 592 354; x_wconf 83' lang='grc' dir='ltr'>Τένεδος</span> <span class='ocrx_word' id='word_1_5' title='bbox 628 298 872 358; x_wconf 84' lang='grc' dir='ltr'>καὶλιμὴν,</span> <span class='ocrx_word' id='word_1_6' title='bbox 904 296 991 344; x_wconf 81' lang='grc' dir='ltr'>ὅθεν</span> <span class='ocrx_word' id='word_1_7' title='bbox 1029 297 1317 358; x_wconf 86' lang='grc' dir='ltr'>Κλεόστρατος</span> 
     </span>
     <span class='ocr_line' id='line_1_3' title="bbox 6 364 1319 435; baseline -0.005 -17"><span class='ocrx_word' id='word_1_8' title='bbox 6 364 11 368; x_wconf 34' lang='grc'><em>’</em></span> <span class='ocrx_word' id='word_1_9' title='bbox 90 377 112 418; x_wconf 79' lang='grc' dir='ltr'>ὃ</span> <span class='ocrx_word' id='word_1_10' title='bbox 147 371 390 435; x_wconf 87' lang='grc' dir='ltr'>ἀστρόλογός</span> <span class='ocrx_word' id='word_1_11' title='bbox 434 372 534 415; x_wconf 82' lang='grc' dir='ltr'>ἔστι.</span> <span class='ocrx_word' id='word_1_12' title='bbox 618 367 703 414; x_wconf 74' lang='grc' dir='ltr'><em>Καὶ</em></span> <span class='ocrx_word' id='word_1_13' title='bbox 747 369 788 411; x_wconf 83' lang='grc' dir='ltr'>ἐν</span> <span class='ocrx_word' id='word_1_14' title='bbox 828 371 878 429; x_wconf 84' lang='grc' dir='ltr'><em>τῇ</em></span> <span class='ocrx_word' id='word_1_15' title='bbox 911 366 1068 429; x_wconf 84' lang='grc' dir='ltr'>ἠπείρῳ</span> <span class='ocrx_word' id='word_1_16' title='bbox 1108 367 1215 426; x_wconf 88' lang='grc' dir='ltr'>Σίγη</span> <span class='ocrx_word' id='word_1_17' title='bbox 1249 367 1319 412; x_wconf 81' lang='grc' dir='ltr'><em>καὶ</em></span> 
     </span>
     <span class='ocr_line' id='line_1_4' title="bbox 87 435 1316 503; baseline -0.006 -16"><span class='ocrx_word' id='word_1_18' title='bbox 87 441 311 503; x_wconf 75' lang='grc' dir='ltr'>Ἀχίλλειον</span> <span class='ocrx_word' id='word_1_19' title='bbox 331 438 402 484; x_wconf 84' lang='grc' dir='ltr'><em>καὶ</em></span> <span class='ocrx_word' id='word_1_20' title='bbox 423 441 640 498; x_wconf 80' lang='grc' dir='ltr'>Κρατῆρες</span> <span class='ocrx_word' id='word_1_21' title='bbox 657 436 849 497; x_wconf 81' lang='grc' dir='ltr'>Ἀχαιῶν,</span> <span class='ocrx_word' id='word_1_22' title='bbox 870 436 1083 491; x_wconf 77' lang='grc' dir='ltr'>Κολωναὶ,</span> <span class='ocrx_word' id='word_1_23' title='bbox 1105 435 1316 498; x_wconf 82' lang='grc' dir='ltr'>Λάρισσα,</span> 
     </span>
     <span class='ocr_line' id='line_1_5' title="bbox 87 503 1253 570; baseline -0.003 -15"><span class='ocrx_word' id='word_1_24' title='bbox 87 509 304 570; x_wconf 78' lang='grc' dir='ltr'>’Ἁμαξιτὸς</span> <span class='ocrx_word' id='word_1_25' title='bbox 323 506 392 552; x_wconf 78' lang='grc' dir='ltr'><em>καὶ</em></span> <span class='ocrx_word' id='word_1_26' title='bbox 411 506 516 568; x_wconf 79' lang='grc' dir='ltr'>ἱερὸν</span> <span class='ocrx_word' id='word_1_27' title='bbox 536 505 810 562; x_wconf 86' lang='grc' dir='ltr'>Ἀπόλλωνος,</span> <span class='ocrx_word' id='word_1_28' title='bbox 827 503 894 549; x_wconf 77' lang='grc' dir='ltr'><em>ἵνα</em></span> <span class='ocrx_word' id='word_1_29' title='bbox 917 504 1082 568; x_wconf 83' lang='grc' dir='ltr'>Χρύσης</span> <span class='ocrx_word' id='word_1_30' title='bbox 1100 508 1253 567; x_wconf 81' lang='grc' dir='ltr'>ἱερᾶτο.</span> 
     </span>
    </p>

    <p class='ocr_par' dir='ltr' id='par_1_3' title="bbox 85 574 1320 847">
     <span class='ocr_line' id='line_1_6' title="bbox 150 574 1319 636; baseline -0.004 -11"><span class='ocrx_word' id='word_1_31' title='bbox 150 595 206 626; x_wconf 83' lang='lat'><em>96.</em></span> <span class='ocrx_word' id='word_1_32' title='bbox 226 580 426 627; x_wconf 77' lang='grc' dir='ltr'><em>ΑΙΟΛΙΣ.</em></span> <span class='ocrx_word' id='word_1_33' title='bbox 469 575 687 621; x_wconf 85' lang='grc' dir='ltr'>Ἐντεῦθεν</span> <span class='ocrx_word' id='word_1_34' title='bbox 714 574 756 619; x_wconf 83' lang='grc' dir='ltr'>δὲ</span> <span class='ocrx_word' id='word_1_35' title='bbox 794 574 935 626; x_wconf 81' lang='grc' dir='ltr'>Αἰολὶς</span> <span class='ocrx_word' id='word_1_36' title='bbox 962 575 1080 636; x_wconf 83' lang='grc' dir='ltr'>χώρα</span> <span class='ocrx_word' id='word_1_37' title='bbox 1117 577 1319 620; x_wconf 88' lang='grc' dir='ltr'>καλεῖται.</span> 
     </span>
     <span class='ocr_line' id='line_1_7' title="bbox 89 643 1317 706; baseline -0.007 -10"><span class='ocrx_word' id='word_1_38' title='bbox 89 647 277 696; x_wconf 76' lang='grc' dir='ltr'>Αἰολίδες</span> <span class='ocrx_word' id='word_1_39' title='bbox 294 644 335 689; x_wconf 84' lang='grc' dir='ltr'>δὲ</span> <span class='ocrx_word' id='word_1_40' title='bbox 358 645 495 696; x_wconf 90' lang='grc' dir='ltr'>πόλεις</span> <span class='ocrx_word' id='word_1_41' title='bbox 519 646 558 689; x_wconf 83' lang='grc' dir='ltr'>ἓν</span> <span class='ocrx_word' id='word_1_42' title='bbox 585 646 687 706; x_wconf 79' lang='grc' dir='ltr'>αὐτῇ</span> <span class='ocrx_word' id='word_1_43' title='bbox 706 643 807 689; x_wconf 79' lang='grc' dir='ltr'>εἰσὶν</span> <span class='ocrx_word' id='word_1_44' title='bbox 836 643 905 688; x_wconf 82' lang='grc' dir='ltr'><em>ἐπὶ</em></span> <span class='ocrx_word' id='word_1_45' title='bbox 926 644 1107 706; x_wconf 81' lang='grc' dir='ltr'>θαλάττῃ</span> <span class='ocrx_word' id='word_1_46' title='bbox 1141 643 1229 688; x_wconf 77' lang='grc' dir='ltr'>αἵδε</span> <span class='ocrx_word' id='word_1_47' title='bbox 1257 645 1317 672; x_wconf 69' lang='lat'><em>&#39;‘²⁴‘-</em></span> 
     </span>
     <span class='ocr_line' id='line_1_8' title="bbox 85 712 1320 777; baseline -0.002 -17"><span class='ocrx_word' id='word_1_48' title='bbox 85 712 274 777; x_wconf 74' lang='grc' dir='ltr'>Κεὸρὴν,</span> <span class='ocrx_word' id='word_1_49' title='bbox 314 715 490 775; x_wconf 75' lang='grc' dir='ltr'>Σκῆψις,</span> <span class='ocrx_word' id='word_1_50' title='bbox 516 713 772 775; x_wconf 84' lang='grc' dir='ltr'>Νεάνδρεια,</span> <span class='ocrx_word' id='word_1_51' title='bbox 803 713 994 761; x_wconf 79' lang='grc' dir='ltr'>Πιτύεια.</span> <span class='ocrx_word' id='word_1_52' title='bbox 1066 713 1320 776; x_wconf 82' lang='grc' dir='ltr'>Παράπλους</span> 
     </span>
     <span class='ocr_line' id='line_1_9' title="bbox 88 781 1049 847; baseline -0.003 -18"><span class='ocrx_word' id='word_1_53' title='bbox 88 783 275 847; x_wconf 80' lang='grc' dir='ltr'>Φρυγίας</span> <span class='ocrx_word' id='word_1_54' title='bbox 300 782 380 828; x_wconf 81' lang='grc' dir='ltr'><em>ἀπὸ</em></span> <span class='ocrx_word' id='word_1_55' title='bbox 399 782 562 834; x_wconf 88' lang='grc' dir='ltr'>Μυσίας</span> <span class='ocrx_word' id='word_1_56' title='bbox 586 782 708 845; x_wconf 82' lang='grc' dir='ltr'>μέχρι</span> <span class='ocrx_word' id='word_1_57' title='bbox 729 781 968 844; x_wconf 85' lang='grc' dir='ltr'>Ἀντάνδρου</span> <span class='ocrx_word' id='word_1_58' title='bbox 989 783 1049 826; x_wconf 46' lang='lat'><em>*⁴2</em></span> 
     </span>
    </p>
   </div>
   <div class='ocr_carea' id='block_1_3' title="bbox 22 962 1347 4079">
    <p class='ocr_par' dir='ltr' id='par_1_4' title="bbox 22 962 1347 4079">
     <span class='ocr_line' id='line_1_10' title="bbox 81 962 1312 1018; baseline -0.001 -16"><span class='ocrx_word' id='word_1_59' title='bbox 81 977 124 1018; x_wconf 87' lang='lat' dir='ltr'><em>p.</em></span> <span class='ocrx_word' id='word_1_60' title='bbox 150 963 251 1016; x_wconf 79' lang='lat'>5953</span> <span class='ocrx_word' id='word_1_61' title='bbox 277 963 417 1017; x_wconf 90' lang='lat' dir='ltr'><em>Steph.</em></span> <span class='ocrx_word' id='word_1_62' title='bbox 445 977 478 1002; x_wconf 94' lang='lat' dir='ltr'><em>s.</em></span> <span class='ocrx_word' id='word_1_63' title='bbox 516 976 574 1012; x_wconf 84' lang='lat' dir='ltr'><em>v.;</em></span> <span class='ocrx_word' id='word_1_64' title='bbox 601 962 711 1002; x_wconf 85' lang='lat' dir='ltr'><em>Mela</em></span> <span class='ocrx_word' id='word_1_65' title='bbox 743 965 786 1012; x_wconf 95' lang='lat' dir='ltr'>I,</span> <span class='ocrx_word' id='word_1_66' title='bbox 826 964 898 1012; x_wconf 88' lang='lat'><em>18,</em></span> <span class='ocrx_word' id='word_1_67' title='bbox 927 962 976 1010; x_wconf 88' lang='lat'><em>5;</em></span> <span class='ocrx_word' id='word_1_68' title='bbox 1001 962 1134 1003; x_wconf 85' lang='lat' dir='ltr'>Plinio</span> <span class='ocrx_word' id='word_1_69' title='bbox 1156 964 1211 1011; x_wconf 91' lang='lat' dir='ltr'><em>V,</em></span> <span class='ocrx_word' id='word_1_70' title='bbox 1245 963 1312 1002; x_wconf 85' lang='lat'><em>33.</em></span> 
     </span>
     <span class='ocr_line' id='line_1_11' title="bbox 89 1023 1317 1080; baseline 0 -16"><span class='ocrx_word' id='word_1_71' title='bbox 89 1023 253 1065; x_wconf 79' lang='grc' dir='ltr'>Ῥοίτιον</span> <span class='ocrx_word' id='word_1_72' title='bbox 285 1039 351 1079; x_wconf 91' lang='lat' dir='ltr'><em>ap.</em></span> <span class='ocrx_word' id='word_1_73' title='bbox 386 1024 578 1080; x_wconf 76' lang='lat' dir='ltr'><em>Thucyd.</em></span> <span class='ocrx_word' id='word_1_74' title='bbox 595 1026 672 1075; x_wconf 90' lang='lat' dir='ltr'><em>IV,</em></span> <span class='ocrx_word' id='word_1_75' title='bbox 695 1023 762 1065; x_wconf 84' lang='lat'><em>52.</em></span> <span class='ocrx_word' id='word_1_76' title='bbox 782 1026 908 1074; x_wconf 89' lang='lat' dir='ltr'>VIII,</span> <span class='ocrx_word' id='word_1_77' title='bbox 943 1038 1036 1065; x_wconf 91' lang='lat'><em>101.</em></span> <span class='ocrx_word' id='word_1_78' title='bbox 1057 1027 1076 1077; x_wconf 77' lang='grc' dir='ltr'>Η</span> <span class='ocrx_word' id='word_1_79' title='bbox 1093 1049 1149 1056; x_wconf 90' lang='grc'><strong>-</strong></span> <span class='ocrx_word' id='word_1_80' title='bbox 1167 1025 1231 1064; x_wconf 88' lang='grc' dir='ltr'><em>Κλ</em></span> <span class='ocrx_word' id='word_1_81' title='bbox 1247 1026 1317 1065; x_wconf 88' lang='grc' dir='ltr'>εό-</span> 
     </span>
     <span class='ocr_line' id='line_1_12' title="bbox 22 1086 1314 1143; baseline 0.001 -16"><span class='ocrx_word' id='word_1_82' title='bbox 22 1093 24 1096; x_wconf 82' lang='grc'><strong>’</strong></span> <span class='ocrx_word' id='word_1_83' title='bbox 81 1103 138 1128; x_wconf 87' lang='grc' dir='ltr'><em>στ</em></span> <span class='ocrx_word' id='word_1_84' title='bbox 151 1103 170 1142; x_wconf 90' lang='grc' dir='ltr'>ρ</span> <span class='ocrx_word' id='word_1_85' title='bbox 184 1103 207 1127; x_wconf 93' lang='grc' dir='ltr'><em>α</em></span> <span class='ocrx_word' id='word_1_86' title='bbox 219 1103 240 1128; x_wconf 90' lang='grc' dir='ltr'>τ</span> <span class='ocrx_word' id='word_1_87' title='bbox 252 1103 272 1127; x_wconf 93' lang='grc' dir='ltr'>ο</span> <span class='ocrx_word' id='word_1_88' title='bbox 283 1089 326 1142; x_wconf 94' lang='grc' dir='ltr'><em>ς]</em></span> <span class='ocrx_word' id='word_1_89' title='bbox 370 1087 646 1142; x_wconf 86' lang='grc' dir='ltr'>Κλειόστρατος</span> <span class='ocrx_word' id='word_1_90' title='bbox 673 1086 820 1127; x_wconf 86' lang='lat' dir='ltr'>codex.</span> <span class='ocrx_word' id='word_1_91' title='bbox 844 1087 1035 1128; x_wconf 85' lang='lat' dir='ltr'><strong>Meminit</strong></span> <span class='ocrx_word' id='word_1_92' title='bbox 1055 1088 1132 1127; x_wconf 91' lang='lat' dir='ltr'><em>viri</em></span> <span class='ocrx_word' id='word_1_93' title='bbox 1162 1089 1314 1143; x_wconf 85' lang='lat' dir='ltr'><em>Hygin.</em></span> 
     </span>
     <span class='ocr_line' id='line_1_13' title="bbox 81 1149 1316 1200; baseline -0.002 -8"><span class='ocrx_word' id='word_1_94' title='bbox 81 1153 224 1192; x_wconf 88' lang='lat' dir='ltr'><em>Poem.</em></span> <span class='ocrx_word' id='word_1_95' title='bbox 247 1159 401 1190; x_wconf 88' lang='lat' dir='ltr'><em>astron.</em></span> <span class='ocrx_word' id='word_1_96' title='bbox 419 1152 475 1200; x_wconf 92' lang='lat' dir='ltr'><em>II,</em></span> <span class='ocrx_word' id='word_1_97' title='bbox 500 1151 547 1190; x_wconf 86' lang='lat'><em>13</em></span> <span class='ocrx_word' id='word_1_98' title='bbox 571 1162 580 1190; x_wconf 91' lang='lat'><strong>:</strong></span> <span class='ocrx_word' id='word_1_99' title='bbox 599 1149 752 1191; x_wconf 70' lang='lat' dir='ltr'><em>Haedos</em></span> <span class='ocrx_word' id='word_1_100' title='bbox 771 1149 1018 1190; x_wconf 82' lang='lat' dir='ltr'><em>Cleostratus</em></span> <span class='ocrx_word' id='word_1_101' title='bbox 1042 1150 1240 1192; x_wconf 84' lang='lat' dir='ltr'><em>Tenedius</em></span> <span class='ocrx_word' id='word_1_102' title='bbox 1255 1150 1316 1191; x_wconf 85' lang='lat' dir='ltr'><em>di-</em></span> 
     </span>
     <span class='ocr_line' id='line_1_14' title="bbox 82 1211 1318 1268; baseline -0.001 -15"><span class='ocrx_word' id='word_1_103' title='bbox 82 1213 194 1254; x_wconf 87' lang='lat' dir='ltr'><em>citur</em></span> <span class='ocrx_word' id='word_1_104' title='bbox 213 1213 318 1253; x_wconf 88' lang='lat' dir='ltr'><em>inter</em></span> <span class='ocrx_word' id='word_1_105' title='bbox 334 1211 472 1253; x_wconf 85' lang='lat' dir='ltr'><em>sidera</em></span> <span class='ocrx_word' id='word_1_106' title='bbox 491 1211 729 1252; x_wconf 82' lang='lat' dir='ltr'><em>ostendisse.</em></span> <span class='ocrx_word' id='word_1_107' title='bbox 755 1212 911 1254; x_wconf 86' lang='lat' dir='ltr'><em>Plinius</em></span> <span class='ocrx_word' id='word_1_108' title='bbox 925 1214 981 1263; x_wconf 88' lang='lat' dir='ltr'><em>H,</em></span> <span class='ocrx_word' id='word_1_109' title='bbox 1003 1215 1027 1253; x_wconf 92' lang='lat'>8</span> <span class='ocrx_word' id='word_1_110' title='bbox 1049 1224 1059 1253; x_wconf 75' lang='lat'>1</span> <span class='ocrx_word' id='word_1_111' title='bbox 1085 1212 1318 1268; x_wconf 85' lang='lat' dir='ltr'><em>Ohliquita-</em></span> 
     </span>
     <span class='ocr_line' id='line_1_15' title="bbox 84 1266 1317 1329; baseline 0 -15"><span class='ocrx_word' id='word_1_112' title='bbox 84 1284 163 1315; x_wconf 86' lang='lat' dir='ltr'><em>tem</em></span> <span class='ocrx_word' id='word_1_113' title='bbox 192 1277 278 1329; x_wconf 86' lang='lat' dir='ltr'><em>ejus</em></span> <span class='ocrx_word' id='word_1_114' title='bbox 312 1273 556 1328; x_wconf 83' lang='lat' dir='ltr'><em>(signiferi)</em></span> <span class='ocrx_word' id='word_1_115' title='bbox 583 1266 829 1314; x_wconf 58' lang='lat' dir='ltr'><em>intellexisse</em></span> <span class='ocrx_word' id='word_1_116' title='bbox 847 1274 1164 1315; x_wconf 78' lang='lat' dir='ltr'><em>Anaximander</em></span> <span class='ocrx_word' id='word_1_117' title='bbox 1197 1274 1317 1315; x_wconf 85' lang='lat' dir='ltr'><em>Mile-</em></span> 
     </span>
     <span class='ocr_line' id='line_1_16' title="bbox 82 1335 1319 1392; baseline -0.001 -15"><span class='ocrx_word' id='word_1_118' title='bbox 82 1337 171 1377; x_wconf 88' lang='lat' dir='ltr'><em>sius</em></span> <span class='ocrx_word' id='word_1_119' title='bbox 189 1336 374 1377; x_wconf 81' lang='lat' dir='ltr'><em>traditur</em></span> <span class='ocrx_word' id='word_1_120' title='bbox 388 1335 551 1392; x_wconf 69' lang='lat' dir='ltr'><em>primus</em></span> <span class='ocrx_word' id='word_1_121' title='bbox 580 1335 739 1391; x_wconf 76' lang='lat' dir='ltr'><em>Olymp.</em></span> <span class='ocrx_word' id='word_1_122' title='bbox 768 1339 850 1377; x_wconf 90' lang='lat' dir='ltr'><em>LV</em></span> <span class='ocrx_word' id='word_1_123' title='bbox 846 1339 929 1377; x_wconf 91' lang='lat' dir='ltr'><em>III</em></span> <span class='ocrx_word' id='word_1_124' title='bbox 935 1354 951 1384; x_wconf 92' lang='lat'><em>,·</em></span> <span class='ocrx_word' id='word_1_125' title='bbox 968 1335 1090 1387; x_wconf 81' lang='lat' dir='ltr'><em>signa</em></span> <span class='ocrx_word' id='word_1_126' title='bbox 1110 1335 1252 1376; x_wconf 89' lang='lat' dir='ltr'><em>deinde</em></span> <span class='ocrx_word' id='word_1_127' title='bbox 1276 1335 1319 1376; x_wconf 90' lang='lat' dir='ltr'><em>in</em></span> 
     </span>
     <span class='ocr_line' id='line_1_17' title="bbox 81 1397 1317 1453; baseline 0 -15"><span class='ocrx_word' id='word_1_128' title='bbox 81 1414 127 1439; x_wconf 84' lang='lat' dir='ltr'><em>eo</em></span> <span class='ocrx_word' id='word_1_129' title='bbox 146 1400 406 1447; x_wconf 82' lang='lat' dir='ltr'><em>Cleostratus,</em></span> <span class='ocrx_word' id='word_1_130' title='bbox 429 1407 468 1438; x_wconf 94' lang='lat' dir='ltr'><em>et</em></span> <span class='ocrx_word' id='word_1_131' title='bbox 478 1397 622 1453; x_wconf 77' lang='lat' dir='ltr'><em>prima</em></span> <span class='ocrx_word' id='word_1_132' title='bbox 643 1397 789 1438; x_wconf 84' lang='lat' dir='ltr'><em>arietis</em></span> <span class='ocrx_word' id='word_1_133' title='bbox 807 1407 847 1438; x_wconf 86' lang='lat' dir='ltr'><em>et</em></span> <span class='ocrx_word' id='word_1_134' title='bbox 873 1397 1105 1449; x_wconf 81' lang='lat' dir='ltr'><em>sagittarii.</em></span> <span class='ocrx_word' id='word_1_135' title='bbox 1128 1399 1317 1438; x_wconf 89' lang='lat' dir='ltr'><em>Censori-</em></span> 
     </span>
     <span class='ocr_line' id='line_1_18' title="bbox 83 1459 1317 1512; baseline -0.001 -11"><span class='ocrx_word' id='word_1_136' title='bbox 83 1474 163 1501; x_wconf 85' lang='lat' dir='ltr'><em>nus</em></span> <span class='ocrx_word' id='word_1_137' title='bbox 179 1463 240 1501; x_wconf 90' lang='lat' dir='ltr'><em>De</em></span> <span class='ocrx_word' id='word_1_138' title='bbox 260 1460 302 1500; x_wconf 95' lang='lat' dir='ltr'><em>d.</em></span> <span class='ocrx_word' id='word_1_139' title='bbox 325 1468 409 1500; x_wconf 88' lang='lat' dir='ltr'><em>nat.</em></span> <span class='ocrx_word' id='word_1_140' title='bbox 428 1475 465 1500; x_wconf 93' lang='lat' dir='ltr'><em>c.</em></span> <span class='ocrx_word' id='word_1_141' title='bbox 482 1473 531 1499; x_wconf 83' lang='lat'><em>21</em></span> <span class='ocrx_word' id='word_1_142' title='bbox 553 1473 562 1500; x_wconf 79' lang='lat' dir='ltr'><em>t</em></span> <span class='ocrx_word' id='word_1_143' title='bbox 582 1462 704 1500; x_wconf 86' lang='lat' dir='ltr'><em>Hanc</em></span> <span class='ocrx_word' id='word_1_144' title='bbox 719 1459 968 1501; x_wconf 87' lang='lat' dir='ltr'><em>octaeterida</em></span> <span class='ocrx_word' id='word_1_145' title='bbox 983 1460 1106 1512; x_wconf 81' lang='lat' dir='ltr'><em>vulgo</em></span> <span class='ocrx_word' id='word_1_146' title='bbox 1120 1460 1317 1501; x_wconf 85' lang='lat' dir='ltr'><em>creditum</em></span> 
     </span>
     <span class='ocr_line' id='line_1_19' title="bbox 84 1521 1320 1577; baseline 0.001 -15"><span class='ocrx_word' id='word_1_147' title='bbox 84 1531 146 1563; x_wconf 87' lang='lat' dir='ltr'><em>est</em></span> <span class='ocrx_word' id='word_1_148' title='bbox 164 1522 217 1562; x_wconf 86' lang='lat' dir='ltr'><em>ab</em></span> <span class='ocrx_word' id='word_1_149' title='bbox 238 1521 413 1562; x_wconf 86' lang='lat' dir='ltr'><em>Eudoxo</em></span> <span class='ocrx_word' id='word_1_150' title='bbox 448 1521 590 1562; x_wconf 81' lang='lat' dir='ltr'><em>Cnidio</em></span> <span class='ocrx_word' id='word_1_151' title='bbox 616 1521 869 1563; x_wconf 89' lang='lat' dir='ltr'><em>institutam.</em></span> <span class='ocrx_word' id='word_1_152' title='bbox 892 1522 970 1562; x_wconf 85' lang='lat' dir='ltr'><em>Sed</em></span> <span class='ocrx_word' id='word_1_153' title='bbox 988 1523 1093 1563; x_wconf 83' lang='lat' dir='ltr'><em>hanc</em></span> <span class='ocrx_word' id='word_1_154' title='bbox 1123 1523 1320 1577; x_wconf 69' lang='lat' dir='ltr'><em>Cleostra-</em></span> 
     </span>
     <span class='ocr_line' id='line_1_20' title="bbox 82 1576 1321 1641; baseline 0.002 -17"><span class='ocrx_word' id='word_1_155' title='bbox 82 1576 173 1625; x_wconf 69' lang='lat' dir='ltr'><em>tum</em></span> <span class='ocrx_word' id='word_1_156' title='bbox 199 1583 386 1626; x_wconf 83' lang='lat' dir='ltr'><em>Cnidium</em></span> <span class='ocrx_word' id='word_1_157' title='bbox 407 1583 588 1640; x_wconf 82' lang='lat' dir='ltr'><em>primum</em></span> <span class='ocrx_word' id='word_1_158' title='bbox 606 1583 757 1637; x_wconf 76' lang='lat' dir='ltr'><em>serant</em></span> <span class='ocrx_word' id='word_1_159' title='bbox 789 1584 1087 1640; x_wconf 80' lang='lat' dir='ltr'><em>composuisse,</em></span> <span class='ocrx_word' id='word_1_160' title='bbox 1119 1595 1158 1625; x_wconf 84' lang='lat' dir='ltr'><em>et</em></span> <span class='ocrx_word' id='word_1_161' title='bbox 1171 1592 1321 1641; x_wconf 82' lang='lat' dir='ltr'><em>postea</em></span> 
     </span>
     <span class='ocr_line' id='line_1_21' title="bbox 84 1646 1316 1702; baseline 0.002 -15"><span class='ocrx_word' id='word_1_162' title='bbox 84 1646 189 1688; x_wconf 88' lang='lat' dir='ltr'><em>alios</em></span> <span class='ocrx_word' id='word_1_163' title='bbox 212 1646 359 1687; x_wconf 73' lang='lat' dir='ltr'><em>aliter.</em></span> <span class='ocrx_word' id='word_1_164' title='bbox 393 1649 593 1688; x_wconf 84' lang='lat' dir='ltr'><em>Praeterea</em></span> <span class='ocrx_word' id='word_1_165' title='bbox 628 1646 938 1701; x_wconf 86' lang='lat' dir='ltr'><em>Theophrastus</em></span> <span class='ocrx_word' id='word_1_166' title='bbox 972 1649 1034 1687; x_wconf 89' lang='lat' dir='ltr'><em>De</em></span> <span class='ocrx_word' id='word_1_167' title='bbox 1063 1647 1168 1701; x_wconf 86' lang='lat' dir='ltr'><strong>sign.</strong></span> <span class='ocrx_word' id='word_1_168' title='bbox 1204 1649 1316 1702; x_wconf 88' lang='lat' dir='ltr'><em>pluv.</em></span> 
     </span>
     <span class='ocr_line' id='line_1_22' title="bbox 82 1708 1321 1765; baseline 0.001 -15"><span class='ocrx_word' id='word_1_169' title='bbox 82 1711 176 1750; x_wconf 78' lang='lat' dir='ltr'><em>init.</em></span> <span class='ocrx_word' id='word_1_170' title='bbox 207 1709 476 1751; x_wconf 89' lang='lat' dir='ltr'><em>Cleostratum</em></span> <span class='ocrx_word' id='word_1_171' title='bbox 509 1708 740 1750; x_wconf 90' lang='lat' dir='ltr'><em>Tenedium</em></span> <span class='ocrx_word' id='word_1_172' title='bbox 763 1717 803 1749; x_wconf 90' lang='lat' dir='ltr'><em>et</em></span> <span class='ocrx_word' id='word_1_173' title='bbox 831 1709 1089 1750; x_wconf 88' lang='lat' dir='ltr'><em>Matricetam</em></span> <span class='ocrx_word' id='word_1_174' title='bbox 1114 1710 1321 1765; x_wconf 88' lang='lat' dir='ltr'><em>Methym-</em></span> 
     </span>
     <span class='ocr_line' id='line_1_23' title="bbox 85 1771 1319 1828; baseline 0.002 -16"><span class='ocrx_word' id='word_1_175' title='bbox 85 1787 222 1812; x_wconf 87' lang='lat' dir='ltr'><em>naeum</em></span> <span class='ocrx_word' id='word_1_176' title='bbox 241 1780 282 1812; x_wconf 87' lang='lat' dir='ltr'><em>et</em></span> <span class='ocrx_word' id='word_1_177' title='bbox 296 1772 510 1813; x_wconf 88' lang='lat' dir='ltr'><em>Phaeinum</em></span> <span class='ocrx_word' id='word_1_178' title='bbox 534 1771 827 1813; x_wconf 84' lang='lat' dir='ltr'><em>Atheniensem</em></span> <span class='ocrx_word' id='word_1_179' title='bbox 848 1773 1043 1824; x_wconf 88' lang='lat' dir='ltr'><em>(Metonis</em></span> <span class='ocrx_word' id='word_1_180' title='bbox 1060 1773 1319 1828; x_wconf 84' lang='lat' dir='ltr'><em>magistrum)</em></span> 
     </span>
     <span class='ocr_line' id='line_1_24' title="bbox 82 1832 1318 1889; baseline 0.003 -17"><span class='ocrx_word' id='word_1_181' title='bbox 82 1832 413 1888; x_wconf 85' lang='lat' dir='ltr'><em>:meteorologicis</em></span> <span class='ocrx_word' id='word_1_182' title='bbox 426 1833 781 1874; x_wconf 82' lang='lat' dir='ltr'><em>observationibus</em></span> <span class='ocrx_word' id='word_1_183' title='bbox 799 1848 967 1889; x_wconf 86' lang='lat' dir='ltr'><em>operam</em></span> <span class='ocrx_word' id='word_1_184' title='bbox 989 1849 1156 1875; x_wconf 90' lang='lat' dir='ltr'><em>navasse</em></span> <span class='ocrx_word' id='word_1_185' title='bbox 1176 1835 1318 1876; x_wconf 82' lang='lat' dir='ltr'><em>tradit.</em></span> 
     </span>
     <span class='ocr_line' id='line_1_25' title="bbox 83 1895 1318 1953; baseline 0.002 -18"><span class='ocrx_word' id='word_1_186' title='bbox 83 1897 150 1935; x_wconf 89' lang='lat' dir='ltr'><em>Ex</em></span> <span class='ocrx_word' id='word_1_187' title='bbox 170 1895 319 1950; x_wconf 90' lang='lat' dir='ltr'><em>quibus</em></span> <span class='ocrx_word' id='word_1_188' title='bbox 344 1896 547 1950; x_wconf 84' lang='lat' dir='ltr'><em>colligitur</em></span> <span class='ocrx_word' id='word_1_189' title='bbox 570 1896 844 1937; x_wconf 88' lang='lat' dir='ltr'><em>Cleostratum</em></span> <span class='ocrx_word' id='word_1_190' title='bbox 861 1896 1007 1936; x_wconf 83' lang='lat' dir='ltr'><em>vixisse</em></span> <span class='ocrx_word' id='word_1_191' title='bbox 1026 1897 1133 1937; x_wconf 90' lang='lat' dir='ltr'><em>inter</em></span> <span class='ocrx_word' id='word_1_192' title='bbox 1152 1897 1318 1953; x_wconf 90' lang='lat' dir='ltr'><em>Olymp.</em></span> 
     </span>
     <span class='ocr_line' id='line_1_26' title="bbox 27 1957 1324 2012; baseline 0.001 -14"><span class='ocrx_word' id='word_1_193' title='bbox 27 1973 30 1976; x_wconf 91' lang='lat'>·</span> <span class='ocrx_word' id='word_1_194' title='bbox 90 1957 140 1998; x_wconf 90' lang='lat'><em>58</em></span> <span class='ocrx_word' id='word_1_195' title='bbox 165 1966 205 1998; x_wconf 88' lang='lat' dir='ltr'><em>et</em></span> <span class='ocrx_word' id='word_1_196' title='bbox 233 1957 398 1999; x_wconf 85' lang='lat' dir='ltr'><em>Eudoxi</em></span> <span class='ocrx_word' id='word_1_197' title='bbox 423 1966 581 1998; x_wconf 89' lang='lat' dir='ltr'><em>aetatem</em></span> <span class='ocrx_word' id='word_1_198' title='bbox 607 1959 623 2010; x_wconf 93' lang='lat'>(</span> <span class='ocrx_word' id='word_1_199' title='bbox 642 1957 823 2007; x_wconf 84' lang='lat'>500-400</span> <span class='ocrx_word' id='word_1_200' title='bbox 843 1959 876 2012; x_wconf 90' lang='lat'><em>).</em></span> <span class='ocrx_word' id='word_1_201' title='bbox 914 1959 1192 1999; x_wconf 89' lang='lat' dir='ltr'><em>Accuratioris</em></span> <span class='ocrx_word' id='word_1_202' title='bbox 1222 1959 1324 1999; x_wconf 88' lang='lat' dir='ltr'><em>nihil</em></span> 
     </span>
     <span class='ocr_line' id='line_1_27' title="bbox 83 2019 1319 2077; baseline 0.002 -17"><span class='ocrx_word' id='word_1_203' title='bbox 83 2028 259 2061; x_wconf 86' lang='lat' dir='ltr'><em>constat.</em></span> <span class='ocrx_word' id='word_1_204' title='bbox 277 2020 476 2061; x_wconf 87' lang='lat' dir='ltr'><em>V.Ideler</em></span> <span class='ocrx_word' id='word_1_205' title='bbox 498 2020 642 2062; x_wconf 77' lang='lat' dir='ltr'><em>Techn.</em></span> <span class='ocrx_word' id='word_1_206' title='bbox 661 2020 843 2061; x_wconf 80' lang='lat' dir='ltr'><em>Chronol.</em></span> <span class='ocrx_word' id='word_1_207' title='bbox 862 2019 904 2060; x_wconf 90' lang='lat' dir='ltr'><em>d.</em></span> <span class='ocrx_word' id='word_1_208' title='bbox 925 2021 1051 2061; x_wconf 87' lang='lat' dir='ltr'><em>Alten</em></span> <span class='ocrx_word' id='word_1_209' title='bbox 1066 2029 1097 2061; x_wconf 89' lang='lat' dir='ltr'><em>t.</em></span> <span class='ocrx_word' id='word_1_210' title='bbox 1116 2023 1204 2077; x_wconf 92' lang='lat' dir='ltr'><em>I,p.</em></span> <span class='ocrx_word' id='word_1_211' title='bbox 1225 2022 1319 2063; x_wconf 86' lang='lat'><em>305.</em></span> 
     </span>
     <span class='ocr_line' id='line_1_28' title="bbox 86 2082 1325 2139; baseline 0 -15"><span class='ocrx_word' id='word_1_212' title='bbox 86 2082 203 2124; x_wconf 82' lang='lat' dir='ltr'><em>Alius</em></span> <span class='ocrx_word' id='word_1_213' title='bbox 241 2083 488 2124; x_wconf 81' lang='lat' dir='ltr'><em>Cleostratus</em></span> <span class='ocrx_word' id='word_1_214' title='bbox 506 2082 714 2124; x_wconf 88' lang='lat' dir='ltr'><em>Tenedius</em></span> <span class='ocrx_word' id='word_1_215' title='bbox 741 2082 887 2136; x_wconf 85' lang='lat' dir='ltr'><em>junior</em></span> <span class='ocrx_word' id='word_1_216' title='bbox 908 2083 1135 2139; x_wconf 85' lang='grc' dir='ltr'>Φαινόμενα</span> <span class='ocrx_word' id='word_1_217' title='bbox 1163 2085 1325 2139; x_wconf 85' lang='lat' dir='ltr'><em>scripsit</em></span> 
     </span>
     <span class='ocr_line' id='line_1_29' title="bbox 84 2146 1324 2201; baseline 0.002 -17"><span class='ocrx_word' id='word_1_218' title='bbox 84 2146 194 2197; x_wconf 82' lang='lat' dir='ltr'><em>(Vit.</em></span> <span class='ocrx_word' id='word_1_219' title='bbox 214 2148 328 2187; x_wconf 90' lang='lat' dir='ltr'><em>Arat.</em></span> <span class='ocrx_word' id='word_1_220' title='bbox 347 2161 388 2201; x_wconf 92' lang='lat' dir='ltr'><em>p.</em></span> <span class='ocrx_word' id='word_1_221' title='bbox 409 2148 459 2200; x_wconf 92' lang='lat'><em>57</em></span> <span class='ocrx_word' id='word_1_222' title='bbox 476 2147 519 2187; x_wconf 91' lang='lat' dir='ltr'><em>in</em></span> <span class='ocrx_word' id='word_1_223' title='bbox 532 2147 666 2201; x_wconf 87' lang='grc' dir='ltr'>Βιογρ.</span> <span class='ocrx_word' id='word_1_224' title='bbox 685 2147 1000 2188; x_wconf 89' lang='lat' dir='ltr'><em>Westermanni</em></span> <span class='ocrx_word' id='word_1_225' title='bbox 1016 2156 1057 2189; x_wconf 88' lang='lat' dir='ltr'><em>et</em></span> <span class='ocrx_word' id='word_1_226' title='bbox 1067 2147 1195 2188; x_wconf 92' lang='lat' dir='ltr'><em>schol.</em></span> <span class='ocrx_word' id='word_1_227' title='bbox 1207 2149 1324 2187; x_wconf 92' lang='lat' dir='ltr'><em>Vati-</em></span> 
     </span>
     <span class='ocr_line' id='line_1_30' title="bbox 84 2208 1322 2266; baseline 0.002 -19"><span class='ocrx_word' id='word_1_228' title='bbox 84 2222 179 2248; x_wconf 84' lang='lat' dir='ltr'><em>can.</em></span> <span class='ocrx_word' id='word_1_229' title='bbox 194 2209 233 2249; x_wconf 91' lang='lat' dir='ltr'><em>in</em></span> <span class='ocrx_word' id='word_1_230' title='bbox 247 2210 393 2265; x_wconf 71' lang='lat' dir='ltr'><em>Eur-ip.</em></span> <span class='ocrx_word' id='word_1_231' title='bbox 408 2210 531 2251; x_wconf 90' lang='lat' dir='ltr'><em>Rhes.</em></span> <span class='ocrx_word' id='word_1_232' title='bbox 551 2209 680 2263; x_wconf 86' lang='lat' dir='ltr'><em>524p.</em></span> <span class='ocrx_word' id='word_1_233' title='bbox 693 2222 773 2261; x_wconf 87' lang='lat'><em>299</em></span> <span class='ocrx_word' id='word_1_234' title='bbox 787 2208 855 2248; x_wconf 87' lang='lat' dir='ltr'><em>ed.</em></span> <span class='ocrx_word' id='word_1_235' title='bbox 872 2209 1043 2262; x_wconf 68' lang='lat' dir='ltr'><em>Cobet.ll</em></span> <span class='ocrx_word' id='word_1_236' title='bbox 1059 2234 1116 2240; x_wconf 89' lang='lat'>—</span> <span class='ocrx_word' id='word_1_237' title='bbox 1130 2209 1167 2250; x_wconf 79' lang='grc' dir='ltr'>ἐν</span> <span class='ocrx_word' id='word_1_238' title='bbox 1190 2209 1322 2266; x_wconf 76' lang='grc' dir='ltr'>αὐτῇ]</span> 
     </span>
     <span class='ocr_line' id='line_1_31' title="bbox 89 2269 1328 2328; baseline 0.001 -17"><span class='ocrx_word' id='word_1_239' title='bbox 89 2269 130 2311; x_wconf 83' lang='grc' dir='ltr'>ἐν</span> <span class='ocrx_word' id='word_1_240' title='bbox 152 2271 253 2328; x_wconf 74' lang='grc' dir='ltr'>αὐτῷ</span> <span class='ocrx_word' id='word_1_241' title='bbox 271 2272 416 2312; x_wconf 89' lang='lat' dir='ltr'><em>codex.</em></span> <span class='ocrx_word' id='word_1_242' title='bbox 439 2274 455 2326; x_wconf 76' lang='grc' dir='ltr'>Η</span> <span class='ocrx_word' id='word_1_243' title='bbox 476 2297 532 2303; x_wconf 86' lang='grc'><strong>-</strong></span> <span class='ocrx_word' id='word_1_244' title='bbox 549 2271 666 2326; x_wconf 90' lang='grc' dir='ltr'>Σίγη</span> <span class='ocrx_word' id='word_1_245' title='bbox 698 2271 775 2310; x_wconf 74' lang='grc' dir='ltr'><em>καὶ</em></span> <span class='ocrx_word' id='word_1_246' title='bbox 799 2269 1093 2326; x_wconf 78' lang='grc' dir='ltr'>Ἀχίλλειον]</span> <span class='ocrx_word' id='word_1_247' title='bbox 1119 2271 1242 2326; x_wconf 90' lang='grc' dir='ltr'>Τοίχη</span> <span class='ocrx_word' id='word_1_248' title='bbox 1263 2273 1328 2313; x_wconf 79' lang='grc' dir='ltr'><em>καὶ</em></span> 
     </span>
     <span class='ocr_line' id='line_1_32' title="bbox 96 2331 1327 2390; baseline 0.002 -18"><span class='ocrx_word' id='word_1_249' title='bbox 96 2331 310 2388; x_wconf 75' lang='grc' dir='ltr'>Ἀγιαλεῗον</span> <span class='ocrx_word' id='word_1_250' title='bbox 331 2334 459 2375; x_wconf 84' lang='lat' dir='ltr'><em>codex</em></span> <span class='ocrx_word' id='word_1_251' title='bbox 475 2350 486 2384; x_wconf 89' lang='lat'>;</span> <span class='ocrx_word' id='word_1_252' title='bbox 503 2349 584 2374; x_wconf 90' lang='lat' dir='ltr'><em>em.</em></span> <span class='ocrx_word' id='word_1_253' title='bbox 607 2334 858 2390; x_wconf 78' lang='lat' dir='ltr'><em>Gronovius,</em></span> <span class='ocrx_word' id='word_1_254' title='bbox 880 2334 1100 2388; x_wconf 87' lang='lat' dir='ltr'><em>Stephan.:</em></span> <span class='ocrx_word' id='word_1_255' title='bbox 1122 2334 1236 2390; x_wconf 72' lang='grc' dir='ltr'>Σίγη,</span> <span class='ocrx_word' id='word_1_256' title='bbox 1256 2336 1327 2375; x_wconf 88' lang='grc' dir='ltr'><em>πό-</em></span> 
     </span>
     <span class='ocr_line' id='line_1_33' title="bbox 88 2395 1329 2451; baseline 0.003 -17"><span class='ocrx_word' id='word_1_257' title='bbox 88 2395 150 2442; x_wconf 84' lang='grc' dir='ltr'><em>λις</em></span> <span class='ocrx_word' id='word_1_258' title='bbox 168 2396 358 2450; x_wconf 82' lang='grc' dir='ltr'>Τρωάδος,</span> <span class='ocrx_word' id='word_1_259' title='bbox 377 2397 427 2444; x_wconf 84' lang='grc' dir='ltr'><em>ὡς</em></span> <span class='ocrx_word' id='word_1_260' title='bbox 450 2396 653 2444; x_wconf 80' lang='grc' dir='ltr'>Ἑκαταῖος</span> <span class='ocrx_word' id='word_1_261' title='bbox 665 2396 782 2451; x_wconf 71' lang='grc' dir='ltr'>Ἀσίᾳ.</span> <span class='ocrx_word' id='word_1_262' title='bbox 803 2397 949 2437; x_wconf 88' lang='lat' dir='ltr'><em>Avien.</em></span> <span class='ocrx_word' id='word_1_263' title='bbox 968 2399 1043 2437; x_wconf 87' lang='lat' dir='ltr'><em>Or.</em></span> <span class='ocrx_word' id='word_1_264' title='bbox 1067 2412 1125 2437; x_wconf 88' lang='lat' dir='ltr'><em>m.</em></span> <span class='ocrx_word' id='word_1_265' title='bbox 1144 2400 1220 2446; x_wconf 85' lang='lat'><em>46:</em></span> <span class='ocrx_word' id='word_1_266' title='bbox 1242 2401 1329 2438; x_wconf 89' lang='lat' dir='ltr'><em>Da-</em></span> 
     </span>
     <span class='ocr_line' id='line_1_34' title="bbox 94 2458 1325 2514; baseline 0.002 -17"><span class='ocrx_word' id='word_1_267' title='bbox 94 2468 244 2499; x_wconf 89' lang='lat' dir='ltr'><em>mastes</em></span> <span class='ocrx_word' id='word_1_268' title='bbox 256 2458 386 2499; x_wconf 87' lang='lat' dir='ltr'><em>nobili</em></span> <span class='ocrx_word' id='word_1_269' title='bbox 399 2468 523 2499; x_wconf 91' lang='lat' dir='ltr'><em>natus</em></span> <span class='ocrx_word' id='word_1_270' title='bbox 537 2460 642 2512; x_wconf 86' lang='lat' dir='ltr'><em>Sige.</em></span> <span class='ocrx_word' id='word_1_271' title='bbox 658 2458 721 2499; x_wconf 89' lang='lat' dir='ltr'><em>Cf.</em></span> <span class='ocrx_word' id='word_1_272' title='bbox 737 2460 900 2511; x_wconf 81' lang='lat' dir='ltr'><em>Fragm.</em></span> <span class='ocrx_word' id='word_1_273' title='bbox 916 2459 1072 2499; x_wconf 90' lang='lat' dir='ltr'><em>Histor.</em></span> <span class='ocrx_word' id='word_1_274' title='bbox 1086 2460 1163 2509; x_wconf 94' lang='lat' dir='ltr'><em>IV,</em></span> <span class='ocrx_word' id='word_1_275' title='bbox 1175 2473 1217 2514; x_wconf 88' lang='lat' dir='ltr'><em>p.</em></span> <span class='ocrx_word' id='word_1_276' title='bbox 1229 2460 1325 2508; x_wconf 83' lang='grc'><em>654.</em></span> 
     </span>
     <span class='ocr_line' id='line_1_35' title="bbox 94 2520 1326 2575; baseline 0.002 -16"><span class='ocrx_word' id='word_1_277' title='bbox 94 2520 288 2560; x_wconf 90' lang='lat' dir='ltr'><em>Ceterum</em></span> <span class='ocrx_word' id='word_1_278' title='bbox 317 2520 413 2575; x_wconf 87' lang='grc' dir='ltr'>Σίγη</span> <span class='ocrx_word' id='word_1_279' title='bbox 436 2520 524 2560; x_wconf 86' lang='lat' dir='ltr'><em>haec</em></span> <span class='ocrx_word' id='word_1_280' title='bbox 550 2529 590 2560; x_wconf 91' lang='lat' dir='ltr'><em>et</em></span> <span class='ocrx_word' id='word_1_281' title='bbox 621 2520 773 2575; x_wconf 83' lang='grc' dir='ltr'>Σίγειον</span> <span class='ocrx_word' id='word_1_282' title='bbox 798 2520 999 2560; x_wconf 87' lang='lat' dir='ltr'><em>Herodoti</em></span> <span class='ocrx_word' id='word_1_283' title='bbox 1031 2522 1114 2574; x_wconf 91' lang='lat' dir='ltr'><em>(V,</em></span> <span class='ocrx_word' id='word_1_284' title='bbox 1134 2521 1201 2561; x_wconf 88' lang='lat'><em>65.</em></span> <span class='ocrx_word' id='word_1_285' title='bbox 1224 2523 1326 2575; x_wconf 83' lang='grc'>94),</span> 
     </span>
     <span class='ocr_line' id='line_1_36' title="bbox 90 2581 1331 2637; baseline 0.002 -16"><span class='ocrx_word' id='word_1_286' title='bbox 90 2581 320 2632; x_wconf 86' lang='lat' dir='ltr'><em>Strabonis,</em></span> <span class='ocrx_word' id='word_1_287' title='bbox 338 2583 514 2623; x_wconf 89' lang='lat' dir='ltr'><em>aliorum</em></span> <span class='ocrx_word' id='word_1_288' title='bbox 529 2613 540 2632; x_wconf 94' lang='lat'><em>,</em></span> <span class='ocrx_word' id='word_1_289' title='bbox 558 2597 644 2622; x_wconf 90' lang='lat' dir='ltr'><em>non</em></span> <span class='ocrx_word' id='word_1_290' title='bbox 663 2590 760 2622; x_wconf 87' lang='lat' dir='ltr'><em>sunt</em></span> <span class='ocrx_word' id='word_1_291' title='bbox 778 2581 953 2633; x_wconf 87' lang='lat' dir='ltr'><em>diversa,</em></span> <span class='ocrx_word' id='word_1_292' title='bbox 974 2591 1022 2623; x_wconf 92' lang='lat' dir='ltr'><em>ut</em></span> <span class='ocrx_word' id='word_1_293' title='bbox 1043 2591 1161 2637; x_wconf 92' lang='lat' dir='ltr'><em>puto.</em></span> <span class='ocrx_word' id='word_1_294' title='bbox 1181 2583 1331 2636; x_wconf 82' lang='lat' dir='ltr'><em>Quoad</em></span> 
     </span>
     <span class='ocr_line' id='line_1_37' title="bbox 100 2641 1327 2700; baseline 0.003 -17"><span class='ocrx_word' id='word_1_295' title='bbox 100 2641 339 2697; x_wconf 79' lang='grc' dir='ltr'>Ἀχίλλειον,</span> <span class='ocrx_word' id='word_1_296' title='bbox 362 2658 402 2684; x_wconf 87' lang='lat' dir='ltr'><em>v.</em></span> <span class='ocrx_word' id='word_1_297' title='bbox 435 2643 636 2684; x_wconf 91' lang='lat' dir='ltr'><em>Herodot.</em></span> <span class='ocrx_word' id='word_1_298' title='bbox 659 2644 714 2693; x_wconf 88' lang='lat' dir='ltr'><em>V,</em></span> <span class='ocrx_word' id='word_1_299' title='bbox 734 2646 815 2697; x_wconf 86' lang='lat'><em>94;</em></span> <span class='ocrx_word' id='word_1_300' title='bbox 837 2644 983 2684; x_wconf 88' lang='lat' dir='ltr'><em>Strabo</em></span> <span class='ocrx_word' id='word_1_301' title='bbox 1001 2645 1130 2695; x_wconf 87' lang='lat' dir='ltr'>XIII,</span> <span class='ocrx_word' id='word_1_302' title='bbox 1151 2659 1194 2700; x_wconf 93' lang='lat' dir='ltr'><em>p.</em></span> <span class='ocrx_word' id='word_1_303' title='bbox 1222 2650 1327 2696; x_wconf 82' lang='lat'>6003</span> 
     </span>
     <span class='ocr_line' id='line_1_38' title="bbox 91 2704 1328 2761; baseline 0.003 -17"><span class='ocrx_word' id='word_1_304' title='bbox 91 2704 250 2745; x_wconf 89' lang='lat' dir='ltr'><em>Plinius</em></span> <span class='ocrx_word' id='word_1_305' title='bbox 267 2706 323 2756; x_wconf 89' lang='lat' dir='ltr'><em>V,</em></span> <span class='ocrx_word' id='word_1_306' title='bbox 346 2706 424 2756; x_wconf 82' lang='lat'><em>333</em></span> <span class='ocrx_word' id='word_1_307' title='bbox 446 2707 611 2747; x_wconf 89' lang='lat' dir='ltr'><em>Arrian.</em></span> <span class='ocrx_word' id='word_1_308' title='bbox 635 2706 769 2747; x_wconf 87' lang='lat' dir='ltr'><em>Anab.</em></span> <span class='ocrx_word' id='word_1_309' title='bbox 805 2708 826 2746; x_wconf 97' lang='lat' dir='ltr'>I</span> <span class='ocrx_word' id='word_1_310' title='bbox 841 2737 851 2754; x_wconf 93' lang='lat'><em>,</em></span> <span class='ocrx_word' id='word_1_311' title='bbox 882 2720 952 2756; x_wconf 93' lang='lat'><em>11;</em></span> <span class='ocrx_word' id='word_1_312' title='bbox 976 2707 1172 2761; x_wconf 88' lang='lat' dir='ltr'><em>Stephan.</em></span> <span class='ocrx_word' id='word_1_313' title='bbox 1203 2722 1235 2748; x_wconf 91' lang='lat' dir='ltr'><em>s.</em></span> <span class='ocrx_word' id='word_1_314' title='bbox 1254 2723 1294 2748; x_wconf 86' lang='lat' dir='ltr'><em>v.</em></span> <span class='ocrx_word' id='word_1_315' title='bbox 1317 2721 1328 2748; x_wconf 92' lang='lat'>:</span> 
     </span>
     <span class='ocr_line' id='line_1_39' title="bbox 89 2765 1333 2825; baseline 0.006 -21"><span class='ocrx_word' id='word_1_316' title='bbox 89 2765 178 2807; x_wconf 76' lang='grc' dir='ltr'>,ἔστι</span> <span class='ocrx_word' id='word_1_317' title='bbox 203 2767 267 2808; x_wconf 79' lang='grc' dir='ltr'><em>καὶ</em></span> <span class='ocrx_word' id='word_1_318' title='bbox 289 2768 398 2816; x_wconf 85' lang='grc' dir='ltr'>πόλις</span> <span class='ocrx_word' id='word_1_319' title='bbox 417 2768 455 2809; x_wconf 80' lang='grc' dir='ltr'>ἐν</span> <span class='ocrx_word' id='word_1_320' title='bbox 482 2774 536 2824; x_wconf 79' lang='grc' dir='ltr'><em>τῷ</em></span> <span class='ocrx_word' id='word_1_321' title='bbox 557 2769 698 2825; x_wconf 82' lang='grc' dir='ltr'>Σιγείῳ</span> <span class='ocrx_word' id='word_1_322' title='bbox 726 2768 958 2824; x_wconf 84' lang='grc' dir='ltr'>Ἀχίλλειον.</span> <span class='ocrx_word' id='word_1_323' title='bbox 981 2772 1072 2822; x_wconf 81' lang='grc'><em>11-</em></span> <span class='ocrx_word' id='word_1_324' title='bbox 1090 2769 1274 2825; x_wconf 84' lang='grc' dir='ltr'>Κρατῆρ</span> <span class='ocrx_word' id='word_1_325' title='bbox 1289 2786 1304 2810; x_wconf 89' lang='grc' dir='ltr'>ε</span> <span class='ocrx_word' id='word_1_326' title='bbox 1317 2787 1333 2818; x_wconf 88' lang='grc' dir='ltr'>ς</span> 
     </span>
     <span class='ocr_line' id='line_1_40' title="bbox 102 2827 1333 2885; baseline 0.003 -16"><span class='ocrx_word' id='word_1_327' title='bbox 102 2827 145 2869; x_wconf 85' lang='lat' dir='ltr'><em>&#39;A</em></span> <span class='ocrx_word' id='word_1_328' title='bbox 157 2844 186 2883; x_wconf 94' lang='grc' dir='ltr'>χ</span> <span class='ocrx_word' id='word_1_329' title='bbox 199 2845 222 2869; x_wconf 90' lang='grc' dir='ltr'><em>α</em></span> <span class='ocrx_word' id='word_1_330' title='bbox 236 2835 318 2871; x_wconf 83' lang='grc' dir='ltr'><em>ιῶν</em></span> <span class='ocrx_word' id='word_1_331' title='bbox 337 2832 351 2885; x_wconf 92' lang='grc'>]</span> <span class='ocrx_word' id='word_1_332' title='bbox 387 2832 551 2871; x_wconf 89' lang='lat' dir='ltr'><em>Nomen</em></span> <span class='ocrx_word' id='word_1_333' title='bbox 574 2832 655 2872; x_wconf 93' lang='lat' dir='ltr'><em>hoc</em></span> <span class='ocrx_word' id='word_1_334' title='bbox 688 2831 854 2872; x_wconf 84' lang='lat' dir='ltr'><em>aliunde</em></span> <span class='ocrx_word' id='word_1_335' title='bbox 894 2846 979 2872; x_wconf 91' lang='lat' dir='ltr'><em>non</em></span> <span class='ocrx_word' id='word_1_336' title='bbox 1012 2840 1163 2872; x_wconf 85' lang='lat' dir='ltr'><em>notum</em></span> <span class='ocrx_word' id='word_1_337' title='bbox 1170 2848 1181 2882; x_wconf 92' lang='lat'>;</span> <span class='ocrx_word' id='word_1_338' title='bbox 1220 2833 1333 2873; x_wconf 91' lang='lat' dir='ltr'><em>locus</em></span> 
     </span>
     <span class='ocr_line' id='line_1_41' title="bbox 98 2893 1333 2950; baseline 0.003 -19"><span class='ocrx_word' id='word_1_339' title='bbox 98 2906 210 2942; x_wconf 86' lang='lat' dir='ltr'><em>vero,</em></span> <span class='ocrx_word' id='word_1_340' title='bbox 235 2894 278 2933; x_wconf 92' lang='lat' dir='ltr'><em>ni</em></span> <span class='ocrx_word' id='word_1_341' title='bbox 303 2893 434 2943; x_wconf 85' lang='lat' dir='ltr'><em>fallor,</em></span> <span class='ocrx_word' id='word_1_342' title='bbox 459 2893 571 2934; x_wconf 89' lang='lat' dir='ltr'><em>idem</em></span> <span class='ocrx_word' id='word_1_343' title='bbox 594 2902 654 2935; x_wconf 90' lang='lat' dir='ltr'><em>est</em></span> <span class='ocrx_word' id='word_1_344' title='bbox 673 2909 769 2935; x_wconf 91' lang='lat' dir='ltr'><em>cum</em></span> <span class='ocrx_word' id='word_1_345' title='bbox 791 2909 841 2935; x_wconf 91' lang='lat' dir='ltr'><em>eo</em></span> <span class='ocrx_word' id='word_1_346' title='bbox 860 2925 871 2944; x_wconf 96' lang='lat'><em>,</em></span> <span class='ocrx_word' id='word_1_347' title='bbox 905 2908 1030 2948; x_wconf 90' lang='lat' dir='ltr'><em>quem</em></span> <span class='ocrx_word' id='word_1_348' title='bbox 1063 2893 1230 2949; x_wconf 82' lang='grc' dir='ltr'>Ἄχαίιον</span> <span class='ocrx_word' id='word_1_349' title='bbox 1262 2911 1333 2950; x_wconf 90' lang='lat' dir='ltr'><em>ap-</em></span> 
     </span>
     <span class='ocr_line' id='line_1_42' title="bbox 95 2954 1332 3013; baseline 0.003 -18"><span class='ocrx_word' id='word_1_350' title='bbox 95 2954 221 3009; x_wconf 78' lang='lat' dir='ltr'><em>pellat</em></span> <span class='ocrx_word' id='word_1_351' title='bbox 246 2957 392 2997; x_wconf 84' lang='lat' dir='ltr'><em>Strabo</em></span> <span class='ocrx_word' id='word_1_352' title='bbox 415 2957 519 2997; x_wconf 85' lang='lat' dir='ltr'>XIII</span> <span class='ocrx_word' id='word_1_353' title='bbox 533 2988 542 3006; x_wconf 94' lang='lat'><em>,</em></span> <span class='ocrx_word' id='word_1_354' title='bbox 576 2971 619 3012; x_wconf 90' lang='lat' dir='ltr'><em>p.</em></span> <span class='ocrx_word' id='word_1_355' title='bbox 657 2957 736 3011; x_wconf 86' lang='lat'><em>596</em></span> <span class='ocrx_word' id='word_1_356' title='bbox 769 2970 778 2998; x_wconf 93' lang='lat'><strong>:</strong></span> <span class='ocrx_word' id='word_1_357' title='bbox 815 2957 965 3012; x_wconf 74' lang='grc' dir='ltr'>Μικρὸν</span> <span class='ocrx_word' id='word_1_358' title='bbox 1000 2957 1041 2998; x_wconf 86' lang='grc' dir='ltr'>δὲ</span> <span class='ocrx_word' id='word_1_359' title='bbox 1081 2958 1332 3013; x_wconf 82' lang='grc' dir='ltr'>προελθοῦσιν</span> 
     </span>
     <span class='ocr_line' id='line_1_43' title="bbox 98 3016 1334 3075; baseline 0.004 -18"><span class='ocrx_word' id='word_1_360' title='bbox 98 3016 175 3058; x_wconf 76' lang='grc' dir='ltr'><em>ἀπὸ</em></span> <span class='ocrx_word' id='word_1_361' title='bbox 201 3021 266 3070; x_wconf 82' lang='grc' dir='ltr'><em>τῆς</em></span> <span class='ocrx_word' id='word_1_362' title='bbox 287 3019 474 3074; x_wconf 88' lang='grc' dir='ltr'>παραλίας</span> <span class='ocrx_word' id='word_1_363' title='bbox 495 3020 633 3072; x_wconf 80' lang='grc' dir='ltr'>ταύτης</span> <span class='ocrx_word' id='word_1_364' title='bbox 662 3022 678 3074; x_wconf 91' lang='grc'>(</span> <span class='ocrx_word' id='word_1_365' title='bbox 694 3035 784 3075; x_wconf 86' lang='lat' dir='ltr'><em>quae</em></span> <span class='ocrx_word' id='word_1_366' title='bbox 803 3028 864 3060; x_wconf 89' lang='lat' dir='ltr'><em>est</em></span> <span class='ocrx_word' id='word_1_367' title='bbox 881 3020 934 3061; x_wconf 90' lang='lat' dir='ltr'><em>ad</em></span> <span class='ocrx_word' id='word_1_368' title='bbox 960 3021 1155 3074; x_wconf 85' lang='lat' dir='ltr'><em>Sigeum)</em></span> <span class='ocrx_word' id='word_1_369' title='bbox 1181 3020 1261 3061; x_wconf 81' lang='grc' dir='ltr'>ἔστι</span> <span class='ocrx_word' id='word_1_370' title='bbox 1290 3022 1334 3062; x_wconf 78' lang='grc' dir='ltr'><em>τὸ</em></span> 
     </span>
     <span class='ocr_line' id='line_1_44' title="bbox 107 3077 1332 3139; baseline 0.004 -19"><span class='ocrx_word' id='word_1_371' title='bbox 107 3077 296 3134; x_wconf 84' lang='grc' dir='ltr'>Ἀχαίιον,</span> <span class='ocrx_word' id='word_1_372' title='bbox 312 3081 384 3135; x_wconf 82' lang='grc' dir='ltr'>ἤδη</span> <span class='ocrx_word' id='word_1_373' title='bbox 394 3083 652 3134; x_wconf 76' lang='grc' dir='ltr'>τῆςΤενεδίων</span> <span class='ocrx_word' id='word_1_374' title='bbox 668 3083 821 3139; x_wconf 88' lang='grc' dir='ltr'>περαίας</span> <span class='ocrx_word' id='word_1_375' title='bbox 834 3083 1023 3138; x_wconf 67' lang='grc' dir='ltr'>ὑπάρχον.</span> <span class='ocrx_word' id='word_1_376' title='bbox 1038 3083 1153 3124; x_wconf 86' lang='lat' dir='ltr'><em>Idem</em></span> <span class='ocrx_word' id='word_1_377' title='bbox 1163 3099 1206 3139; x_wconf 94' lang='lat' dir='ltr'><em>p.</em></span> <span class='ocrx_word' id='word_1_378' title='bbox 1226 3088 1305 3134; x_wconf 91' lang='grc'><em>604</em></span> <span class='ocrx_word' id='word_1_379' title='bbox 1323 3098 1332 3125; x_wconf 87' lang='lat'><strong>:</strong></span> 
     </span>
     <span class='ocr_line' id='line_1_45' title="bbox 102 3142 1334 3202; baseline 0.004 -20"><span class='ocrx_word' id='word_1_380' title='bbox 102 3142 216 3184; x_wconf 66' lang='grc' dir='ltr'>’Ἔστι</span> <span class='ocrx_word' id='word_1_381' title='bbox 238 3145 270 3183; x_wconf 85' lang='grc' dir='ltr'>δ’</span> <span class='ocrx_word' id='word_1_382' title='bbox 292 3144 314 3197; x_wconf 84' lang='grc' dir='ltr'>ἥ</span> <span class='ocrx_word' id='word_1_383' title='bbox 342 3145 438 3200; x_wconf 85' lang='grc' dir='ltr'>μετὰ</span> <span class='ocrx_word' id='word_1_384' title='bbox 457 3143 526 3197; x_wconf 84' lang='grc' dir='ltr'><em>τὴν</em></span> <span class='ocrx_word' id='word_1_385' title='bbox 549 3146 732 3202; x_wconf 88' lang='grc' dir='ltr'>Σιγειάδα</span> <span class='ocrx_word' id='word_1_386' title='bbox 754 3146 872 3202; x_wconf 80' lang='grc' dir='ltr'>ἄκραν</span> <span class='ocrx_word' id='word_1_387' title='bbox 904 3146 970 3187; x_wconf 78' lang='grc' dir='ltr'><em>καὶ</em></span> <span class='ocrx_word' id='word_1_388' title='bbox 992 3146 1035 3187; x_wconf 72' lang='grc' dir='ltr'><em>τὸ</em></span> <span class='ocrx_word' id='word_1_389' title='bbox 1065 3145 1279 3201; x_wconf 79' lang='grc' dir='ltr'>Ἀχίλλειον</span> <span class='ocrx_word' id='word_1_390' title='bbox 1310 3147 1334 3199; x_wconf 85' lang='grc' dir='ltr'>ἣ</span> 
     </span>
     <span class='ocr_line' id='line_1_46' title="bbox 31 3205 1335 3265; baseline 0.007 -21"><span class='ocrx_word' id='word_1_391' title='bbox 31 3221 33 3225; x_wconf 79' lang='grc'><strong>’</strong></span> <span class='ocrx_word' id='word_1_392' title='bbox 102 3205 288 3249; x_wconf 82' lang='grc' dir='ltr'>Τενεδίων</span> <span class='ocrx_word' id='word_1_393' title='bbox 311 3210 447 3264; x_wconf 85' lang='grc' dir='ltr'>περαία</span> <span class='ocrx_word' id='word_1_394' title='bbox 461 3241 472 3260; x_wconf 88' lang='grc'>,</span> <span class='ocrx_word' id='word_1_395' title='bbox 498 3210 548 3253; x_wconf 77' lang='grc' dir='ltr'><em>τὸ,</em></span> <span class='ocrx_word' id='word_1_396' title='bbox 566 3209 732 3265; x_wconf 84' lang='grc' dir='ltr'>Ἀχαίιον</span> <span class='ocrx_word' id='word_1_397' title='bbox 752 3210 817 3251; x_wconf 81' lang='grc' dir='ltr'><em>καὶ</em></span> <span class='ocrx_word' id='word_1_398' title='bbox 848 3207 941 3261; x_wconf 72' lang='grc' dir='ltr'>αὐτὴ</span> <span class='ocrx_word' id='word_1_399' title='bbox 961 3209 985 3261; x_wconf 85' lang='grc' dir='ltr'><strong>ἣ</strong></span> <span class='ocrx_word' id='word_1_400' title='bbox 1008 3210 1235 3258; x_wconf 60' lang='grc' dir='ltr'>Τένεδος...</span> <span class='ocrx_word' id='word_1_401' title='bbox 1256 3211 1335 3253; x_wconf 58' lang='grc' dir='ltr'><em>ἴΗν</em></span> 
     </span>
     <span class='ocr_line' id='line_1_47' title="bbox 99 3268 1339 3328; baseline 0.006 -20"><span class='ocrx_word' id='word_1_402' title='bbox 99 3268 149 3309; x_wconf 76' lang='grc' dir='ltr'>δὲ</span> <span class='ocrx_word' id='word_1_403' title='bbox 164 3274 219 3325; x_wconf 76' lang='grc' dir='ltr'><em>τῷ</em></span> <span class='ocrx_word' id='word_1_404' title='bbox 245 3270 399 3327; x_wconf 81' lang='grc' dir='ltr'>Ἀχαιίῳ</span> <span class='ocrx_word' id='word_1_405' title='bbox 430 3270 591 3327; x_wconf 80' lang='grc' dir='ltr'>συνεχὴς</span> <span class='ocrx_word' id='word_1_406' title='bbox 620 3274 645 3325; x_wconf 82' lang='grc' dir='ltr'>ἥ</span> <span class='ocrx_word' id='word_1_407' title='bbox 667 3289 707 3314; x_wconf 92' lang='grc' dir='ltr'><em>τε</em></span> <span class='ocrx_word' id='word_1_408' title='bbox 740 3274 908 3328; x_wconf 88' lang='grc' dir='ltr'>Λάρισσα</span> <span class='ocrx_word' id='word_1_409' title='bbox 937 3273 1002 3314; x_wconf 77' lang='grc' dir='ltr'><em>καὶ</em></span> <span class='ocrx_word' id='word_1_410' title='bbox 1032 3273 1237 3324; x_wconf 82' lang='grc' dir='ltr'>Κολωναὶ,</span> <span class='ocrx_word' id='word_1_411' title='bbox 1271 3277 1339 3326; x_wconf 83' lang='grc' dir='ltr'><em>τῆς</em></span> 
     </span>
     <span class='ocr_line' id='line_1_48' title="bbox 108 3328 1335 3392; baseline 0.006 -22"><span class='ocrx_word' id='word_1_412' title='bbox 108 3332 195 3379; x_wconf 84' lang='grc' dir='ltr'>Δίας</span> <span class='ocrx_word' id='word_1_413' title='bbox 210 3328 318 3373; x_wconf 68' lang='grc' dir='ltr'>οὖσαι</span> <span class='ocrx_word' id='word_1_414' title='bbox 338 3336 535 3390; x_wconf 85' lang='grc' dir='ltr'>πρότερον,</span> <span class='ocrx_word' id='word_1_415' title='bbox 559 3336 623 3377; x_wconf 81' lang='grc' dir='ltr'><em>καὶ</em></span> <span class='ocrx_word' id='word_1_416' title='bbox 644 3335 668 3388; x_wconf 84' lang='grc' dir='ltr'>ἣ</span> <span class='ocrx_word' id='word_1_417' title='bbox 689 3339 754 3377; x_wconf 77' lang='grc' dir='ltr'><em>νῦν</em></span> <span class='ocrx_word' id='word_1_418' title='bbox 774 3336 953 3391; x_wconf 72' lang='grc' dir='ltr'>Χρύση...</span> <span class='ocrx_word' id='word_1_419' title='bbox 973 3336 1037 3377; x_wconf 74' lang='grc' dir='ltr'><em>καὶ</em></span> <span class='ocrx_word' id='word_1_420' title='bbox 1056 3336 1080 3388; x_wconf 81' lang='grc' dir='ltr'>ἡ</span> <span class='ocrx_word' id='word_1_421' title='bbox 1104 3335 1295 3392; x_wconf 77' lang='grc' dir='ltr'>Ἁμαξιτὸς</span> <span class='ocrx_word' id='word_1_422' title='bbox 1312 3337 1335 3389; x_wconf 84' lang='grc' dir='ltr'>ἣ</span> 
     </span>
     <span class='ocr_line' id='line_1_49' title="bbox 108 3396 1340 3455; baseline 0.006 -22"><span class='ocrx_word' id='word_1_423' title='bbox 108 3399 164 3449; x_wconf 78' lang='grc' dir='ltr'><em>τῷ</em></span> <span class='ocrx_word' id='word_1_424' title='bbox 179 3397 306 3451; x_wconf 82' lang='grc' dir='ltr'>Λεκτῷ</span> <span class='ocrx_word' id='word_1_425' title='bbox 320 3396 545 3454; x_wconf 71' lang='grc' dir='ltr'>ὒποκειμένη</span> <span class='ocrx_word' id='word_1_426' title='bbox 567 3400 729 3454; x_wconf 79' lang='grc' dir='ltr'>συνεχής</span> <span class='ocrx_word' id='word_1_427' title='bbox 746 3415 754 3423; x_wconf 88' lang='grc'><em>·</em></span> <span class='ocrx_word' id='word_1_428' title='bbox 775 3406 840 3440; x_wconf 83' lang='grc' dir='ltr'><em>νῦν</em></span> <span class='ocrx_word' id='word_1_429' title='bbox 857 3401 890 3439; x_wconf 88' lang='grc' dir='ltr'>δ’</span> <span class='ocrx_word' id='word_1_430' title='bbox 914 3399 937 3451; x_wconf 81' lang='grc' dir='ltr'>ἣ</span> <span class='ocrx_word' id='word_1_431' title='bbox 960 3398 1219 3455; x_wconf 82' lang='grc' dir='ltr'>Ἀλεξάνδρεια</span> <span class='ocrx_word' id='word_1_432' title='bbox 1234 3416 1340 3441; x_wconf 83' lang='grc' dir='ltr'>συνε-</span> 
     </span>
     <span class='ocr_line' id='line_1_50' title="bbox 107 3456 1340 3518; baseline 0 -15"><span class='ocrx_word' id='word_1_433' title='bbox 107 3457 182 3511; x_wconf 72' lang='grc' dir='ltr'><em>χής</em></span> <span class='ocrx_word' id='word_1_434' title='bbox 206 3456 283 3496; x_wconf 81' lang='grc' dir='ltr'>ἐστι</span> <span class='ocrx_word' id='word_1_435' title='bbox 307 3463 361 3514; x_wconf 81' lang='grc' dir='ltr'><em>τῷ</em></span> <span class='ocrx_word' id='word_1_436' title='bbox 391 3458 558 3517; x_wconf 83' lang='grc' dir='ltr'>Ἇχαιίῳ.</span> <span class='ocrx_word' id='word_1_437' title='bbox 582 3463 754 3502; x_wconf 87' lang='lat' dir='ltr'><em>Vossius</em></span> <span class='ocrx_word' id='word_1_438' title='bbox 772 3464 931 3518; x_wconf 89' lang='lat' dir='ltr'><em>putavit</em></span> <span class='ocrx_word' id='word_1_439' title='bbox 950 3462 1231 3516; x_wconf 85' lang='lat' dir='ltr'><em>intelligendas</em></span> <span class='ocrx_word' id='word_1_440' title='bbox 1254 3478 1340 3504; x_wconf 88' lang='lat' dir='ltr'><em>esse</em></span> 
     </span>
     <span class='ocr_line' id='line_1_51' title="bbox 111 3518 1342 3580; baseline 0.006 -21"><span class='ocrx_word' id='word_1_441' title='bbox 111 3519 178 3566; x_wconf 83' lang='grc' dir='ltr'><em>τὰς</em></span> <span class='ocrx_word' id='word_1_442' title='bbox 190 3518 496 3573; x_wconf 87' lang='grc' dir='ltr'>λιμνοθαλάττας</span> <span class='ocrx_word' id='word_1_443' title='bbox 510 3523 562 3564; x_wconf 92' lang='lat' dir='ltr'><em>ad</em></span> <span class='ocrx_word' id='word_1_444' title='bbox 573 3525 722 3565; x_wconf 89' lang='lat' dir='ltr'><em>ostium</em></span> <span class='ocrx_word' id='word_1_445' title='bbox 734 3524 988 3575; x_wconf 85' lang='lat' dir='ltr'><em>Scamandri,</em></span> <span class='ocrx_word' id='word_1_446' title='bbox 1002 3525 1054 3566; x_wconf 88' lang='lat' dir='ltr'><em>de</em></span> <span class='ocrx_word' id='word_1_447' title='bbox 1068 3525 1218 3580; x_wconf 87' lang='lat' dir='ltr'><em>quibus</em></span> <span class='ocrx_word' id='word_1_448' title='bbox 1233 3527 1342 3567; x_wconf 89' lang='lat' dir='ltr'><em>Stra-</em></span> 
     </span>
     <span class='ocr_line' id='line_1_52' title="bbox 105 3581 1337 3643; baseline 0.007 -23"><span class='ocrx_word' id='word_1_449' title='bbox 105 3582 167 3621; x_wconf 85' lang='lat' dir='ltr'><em>·bo</em></span> <span class='ocrx_word' id='word_1_450' title='bbox 179 3581 278 3620; x_wconf 91' lang='lat' dir='ltr'><em>dicit</em></span> <span class='ocrx_word' id='word_1_451' title='bbox 287 3583 402 3631; x_wconf 86' lang='lat' dir='ltr'>XIII,</span> <span class='ocrx_word' id='word_1_452' title='bbox 416 3596 458 3637; x_wconf 91' lang='lat' dir='ltr'><em>p.</em></span> <span class='ocrx_word' id='word_1_453' title='bbox 472 3583 548 3637; x_wconf 86' lang='lat'><em>595</em></span> <span class='ocrx_word' id='word_1_454' title='bbox 561 3598 571 3625; x_wconf 80' lang='lat' dir='ltr'><em>t</em></span> <span class='ocrx_word' id='word_1_455' title='bbox 583 3585 693 3626; x_wconf 83' lang='grc' dir='ltr'>Μετὰ</span> <span class='ocrx_word' id='word_1_456' title='bbox 705 3586 797 3627; x_wconf 74' lang='grc' dir='ltr'>δὲτὸ</span> <span class='ocrx_word' id='word_1_457' title='bbox 812 3586 996 3627; x_wconf 88' lang='grc' dir='ltr'>Ῥοίτειόν</span> <span class='ocrx_word' id='word_1_458' title='bbox 1011 3586 1141 3628; x_wconf 73' lang='grc' dir='ltr'>ἔστιτὸ</span> <span class='ocrx_word' id='word_1_459' title='bbox 1151 3588 1318 3643; x_wconf 85' lang='grc' dir='ltr'>Σίγειον.</span> <span class='ocrx_word' id='word_1_460' title='bbox 1329 3620 1337 3629; x_wconf 96' lang='grc'><strong>.</strong></span> 
     </span>
     <span class='ocr_line' id='line_1_53' title="bbox 112 3642 1343 3703; baseline 0.006 -20"><span class='ocrx_word' id='word_1_461' title='bbox 112 3644 178 3683; x_wconf 77' lang='grc' dir='ltr'>καὶ</span> <span class='ocrx_word' id='word_1_462' title='bbox 189 3642 375 3697; x_wconf 79' lang='grc' dir='ltr'>ὁἏχαιῶν</span> <span class='ocrx_word' id='word_1_463' title='bbox 391 3644 524 3699; x_wconf 84' lang='grc' dir='ltr'>λιμήν,</span> <span class='ocrx_word' id='word_1_464' title='bbox 543 3646 607 3687; x_wconf 76' lang='grc' dir='ltr'><em>καὶ</em></span> <span class='ocrx_word' id='word_1_465' title='bbox 618 3647 661 3687; x_wconf 76' lang='grc' dir='ltr'><em>τὸ</em></span> <span class='ocrx_word' id='word_1_466' title='bbox 678 3647 854 3702; x_wconf 72' lang='grc' dir='ltr'>Ἀχαϊκὸν</span> <span class='ocrx_word' id='word_1_467' title='bbox 869 3650 1229 3703; x_wconf 70' lang='grc' dir='ltr'>στρατόπεδονκαὶή</span> <span class='ocrx_word' id='word_1_468' title='bbox 1247 3651 1343 3692; x_wconf 87' lang='grc' dir='ltr'>Στο-</span> 
     </span>
     <span class='ocr_line' id='line_1_54' title="bbox 39 3705 1342 3769; baseline 0.009 -27"><span class='ocrx_word' id='word_1_469' title='bbox 39 3737 42 3740; x_wconf 46' lang='grc'><strong>.</strong></span> <span class='ocrx_word' id='word_1_470' title='bbox 118 3705 289 3760; x_wconf 77' lang='grc' dir='ltr'>ριαλίμνη</span> <span class='ocrx_word' id='word_1_471' title='bbox 310 3705 525 3761; x_wconf 78' lang='grc' dir='ltr'>καλουμένη</span> <span class='ocrx_word' id='word_1_472' title='bbox 549 3708 614 3748; x_wconf 73' lang='grc' dir='ltr'><em>καὶ</em></span> <span class='ocrx_word' id='word_1_473' title='bbox 632 3709 671 3748; x_wconf 78' lang='grc' dir='ltr'><em>αἱ</em></span> <span class='ocrx_word' id='word_1_474' title='bbox 695 3713 763 3750; x_wconf 75' lang='grc' dir='ltr'><em>τοῦ</em></span> <span class='ocrx_word' id='word_1_475' title='bbox 777 3710 1028 3766; x_wconf 83' lang='grc' dir='ltr'>Σκαμάνδρου</span> <span class='ocrx_word' id='word_1_476' title='bbox 1051 3711 1221 3753; x_wconf 73' lang='grc' dir='ltr'>ἐκὸολαί·</span> <span class='ocrx_word' id='word_1_477' title='bbox 1248 3729 1342 3769; x_wconf 85' lang='grc' dir='ltr'>συμ-</span> 
     </span>
     <span class='ocr_line' id='line_1_55' title="bbox 107 3767 1340 3829; baseline 0.006 -20"><span class='ocrx_word' id='word_1_478' title='bbox 107 3769 293 3815; x_wconf 72' lang='grc' dir='ltr'>πεσόντες</span> <span class='ocrx_word' id='word_1_479' title='bbox 311 3767 384 3822; x_wconf 85' lang='grc' dir='ltr'>γὰρ</span> <span class='ocrx_word' id='word_1_480' title='bbox 409 3769 430 3808; x_wconf 81' lang='grc' dir='ltr'>ὅ</span> <span class='ocrx_word' id='word_1_481' title='bbox 445 3784 485 3809; x_wconf 86' lang='grc' dir='ltr'><em>τε</em></span> <span class='ocrx_word' id='word_1_482' title='bbox 500 3770 650 3824; x_wconf 81' lang='grc' dir='ltr'>Σιμόεις</span> <span class='ocrx_word' id='word_1_483' title='bbox 661 3771 726 3811; x_wconf 72' lang='grc' dir='ltr'><em>καὶ</em></span> <span class='ocrx_word' id='word_1_484' title='bbox 749 3772 770 3812; x_wconf 88' lang='grc' dir='ltr'>ὁ</span> <span class='ocrx_word' id='word_1_485' title='bbox 791 3772 1037 3829; x_wconf 79' lang='grc' dir='ltr'>Σκάμανδρος</span> <span class='ocrx_word' id='word_1_486' title='bbox 1063 3774 1101 3816; x_wconf 80' lang='grc' dir='ltr'>ἐν</span> <span class='ocrx_word' id='word_1_487' title='bbox 1124 3779 1179 3815; x_wconf 84' lang='grc' dir='ltr'><em>τῶ</em></span> <span class='ocrx_word' id='word_1_488' title='bbox 1197 3776 1315 3817; x_wconf 85' lang='grc' dir='ltr'>πεδίω</span> <span class='ocrx_word' id='word_1_489' title='bbox 1328 3808 1340 3828; x_wconf 92' lang='grc'>,</span> 
     </span>
     <span class='ocr_line' id='line_1_56' title="bbox 114 3817 1345 3891; baseline 0.006 -21"><span class='ocrx_word' id='word_1_490' title='bbox 114 3826 268 3879; x_wconf 78' lang='grc' dir='ltr'>πολλὴν</span> <span class='ocrx_word' id='word_1_491' title='bbox 287 3831 556 3886; x_wconf 77' lang='grc' dir='ltr'>καταφέροντες</span> <span class='ocrx_word' id='word_1_492' title='bbox 571 3831 670 3883; x_wconf 70' lang='grc' dir='ltr'>ἰλὶιν,</span> <span class='ocrx_word' id='word_1_493' title='bbox 688 3837 900 3888; x_wconf 77' lang='grc' dir='ltr'>προσχοῦσι</span> <span class='ocrx_word' id='word_1_494' title='bbox 915 3833 983 3885; x_wconf 84' lang='grc' dir='ltr'><em>τὴν</em></span> <span class='ocrx_word' id='word_1_495' title='bbox 1000 3817 1188 3891; x_wconf 78' lang='grc' dir='ltr'>παραλίάν</span> <span class='ocrx_word' id='word_1_496' title='bbox 1204 3838 1269 3879; x_wconf 82' lang='grc' dir='ltr'><em>καὶ</em></span> <span class='ocrx_word' id='word_1_497' title='bbox 1282 3819 1345 3880; x_wconf 63' lang='grc' dir='ltr'><em>τυ-</em></span> 
     </span>
     <span class='ocr_line' id='line_1_57' title="bbox 117 3892 1344 3948; baseline 0.009 -18"><span class='ocrx_word' id='word_1_498' title='bbox 117 3892 215 3946; x_wconf 71' lang='grc' dir='ltr'>φλὸν</span> <span class='ocrx_word' id='word_1_499' title='bbox 234 3892 358 3946; x_wconf 82' lang='grc' dir='ltr'>στόμα</span> <span class='ocrx_word' id='word_1_500' title='bbox 376 3908 415 3932; x_wconf 88' lang='grc' dir='ltr'><em>τε</em></span> <span class='ocrx_word' id='word_1_501' title='bbox 428 3892 492 3933; x_wconf 77' lang='grc' dir='ltr'><em>καὶ</em></span> <span class='ocrx_word' id='word_1_502' title='bbox 506 3892 815 3948; x_wconf 82' lang='grc' dir='ltr'>λιμνοθαλάττας</span> <span class='ocrx_word' id='word_1_503' title='bbox 833 3895 897 3936; x_wconf 75' lang='grc' dir='ltr'><em>καὶ</em></span> <span class='ocrx_word' id='word_1_504' title='bbox 913 3897 983 3948; x_wconf 77' lang='grc' dir='ltr'>ἕλη</span> <span class='ocrx_word' id='word_1_505' title='bbox 999 3901 1162 3939; x_wconf 71' lang='grc' dir='ltr'>ποιοῦσι.</span> <span class='ocrx_word' id='word_1_506' title='bbox 1191 3916 1207 3936; x_wconf 78' lang='grc' dir='ltr'><em>ι(</em></span> <span class='ocrx_word' id='word_1_507' title='bbox 1231 3901 1344 3940; x_wconf 84' lang='lat' dir='ltr'><em>Hau-</em></span> 
     </span>
     <span class='ocr_line' id='line_1_58' title="bbox 54 3955 1347 4012; baseline 0.007 -19"><span class='ocrx_word' id='word_1_508' title='bbox 54 3986 57 3989; x_wconf 42' lang='lat'><em>&gt;</em></span> <span class='ocrx_word' id='word_1_509' title='bbox 114 3955 232 3994; x_wconf 77' lang='lat' dir='ltr'><em>‘riunt</em></span> <span class='ocrx_word' id='word_1_510' title='bbox 248 3955 357 3995; x_wconf 90' lang='lat' dir='ltr'><em>enim</em></span> <span class='ocrx_word' id='word_1_511' title='bbox 375 3955 437 3996; x_wconf 86' lang='lat' dir='ltr'><em>hae</em></span> <span class='ocrx_word' id='word_1_512' title='bbox 455 3955 759 4011; x_wconf 86' lang='grc' dir='ltr'>λιμνοθάλατται</span> <span class='ocrx_word' id='word_1_513' title='bbox 777 3966 816 3998; x_wconf 91' lang='lat' dir='ltr'><em>et</em></span> <span class='ocrx_word' id='word_1_514' title='bbox 837 3958 1004 4012; x_wconf 89' lang='lat' dir='ltr'><em>paludes</em></span> <span class='ocrx_word' id='word_1_515' title='bbox 1021 3974 1186 4001; x_wconf 88' lang='lat' dir='ltr'><em>omnem</em></span> <span class='ocrx_word' id='word_1_516' title='bbox 1201 3976 1347 4002; x_wconf 89' lang='lat' dir='ltr'><em>eorum</em></span> 
     </span>
     <span class='ocr_line' id='line_1_59' title="bbox 113 4017 1347 4079; baseline 0.006 -23"><span class='ocrx_word' id='word_1_517' title='bbox 113 4017 343 4058; x_wconf 74' lang='lat' dir='ltr'><em>fluviorum</em></span> <span class='ocrx_word' id='word_1_518' title='bbox 358 4032 505 4073; x_wconf 86' lang='lat' dir='ltr'><em>aquam</em></span> <span class='ocrx_word' id='word_1_519' title='bbox 521 4034 605 4060; x_wconf 93' lang='lat' dir='ltr'><em>non</em></span> <span class='ocrx_word' id='word_1_520' title='bbox 621 4034 735 4061; x_wconf 88' lang='lat' dir='ltr'><em>secus</em></span> <span class='ocrx_word' id='word_1_521' title='bbox 750 4035 797 4061; x_wconf 92' lang='lat' dir='ltr'><em>ac</em></span> <span class='ocrx_word' id='word_1_522' title='bbox 816 4029 1004 4062; x_wconf 87' lang='lat' dir='ltr'><em>crateres.</em></span> <span class='ocrx_word' id='word_1_523' title='bbox 1024 4023 1076 4062; x_wconf 93' lang='lat' dir='ltr'><em>Et</em></span> <span class='ocrx_word' id='word_1_524' title='bbox 1095 4038 1190 4064; x_wconf 87' lang='lat' dir='ltr'><em>sane</em></span> <span class='ocrx_word' id='word_1_525' title='bbox 1207 4038 1347 4079; x_wconf 87' lang='lat' dir='ltr'><em>quem-</em></span> 
     </span>
    </p>
   </div>
   <div class='ocr_carea' id='block_1_4' title="bbox 1203 175 1512 244">
    <p class='ocr_par' dir='ltr' id='par_1_5' title="bbox 1203 175 1512 244">
     <span class='ocr_line' id='line_1_60' title="bbox 1203 175 1512 244; baseline 0.003 -1"><span class='ocrx_word' id='word_1_526' title='bbox 1203 175 1512 244; x_wconf 79' lang='lat' dir='ltr'><em>PEmPLUs.</em></span> 
     </span>
    </p>
   </div>
   <div class='ocr_carea' id='block_1_5' title="bbox 2553 219 2612 256">
    <p class='ocr_par' dir='ltr' id='par_1_6' title="bbox 2553 219 2612 256">
     <span class='ocr_line' id='line_1_61' title="bbox 2553 219 2612 256; baseline 0 0"><span class='ocrx_word' id='word_1_527' title='bbox 2553 219 2612 256; x_wconf 84' lang='lat'><em>69</em></span> 
     </span>
    </p>
   </div>
   <div class='ocr_carea' id='block_1_6' title="bbox 1390 305 2615 428">
    <p class='ocr_par' dir='ltr' id='par_1_7' title="bbox 1390 305 2615 428">
     <span class='ocr_line' id='line_1_62' title="bbox 1391 305 2610 359; baseline 0.007 -13"><span class='ocrx_word' id='word_1_528' title='bbox 1391 314 1451 346; x_wconf 90' lang='lat' dir='ltr'><em>est</em></span> <span class='ocrx_word' id='word_1_529' title='bbox 1477 306 1728 347; x_wconf 86' lang='lat' dir='ltr'><em>Cleostratus</em></span> <span class='ocrx_word' id='word_1_530' title='bbox 1747 305 1991 359; x_wconf 83' lang='lat' dir='ltr'><em>astrologus.</em></span> <span class='ocrx_word' id='word_1_531' title='bbox 2051 307 2181 346; x_wconf 89' lang='lat' dir='ltr'><em>Porro</em></span> <span class='ocrx_word' id='word_1_532' title='bbox 2210 308 2252 347; x_wconf 90' lang='lat' dir='ltr'><em>in</em></span> <span class='ocrx_word' id='word_1_533' title='bbox 2275 312 2499 352; x_wconf 84' lang='lat' dir='ltr'><em>continenti</em></span> <span class='ocrx_word' id='word_1_534' title='bbox 2521 325 2610 355; x_wconf 78' lang='lat' dir='ltr'><em>sunt</em></span> 
     </span>
     <span class='ocr_line' id='line_1_63' title="bbox 1390 374 2615 428; baseline 0.007 -14"><span class='ocrx_word' id='word_1_535' title='bbox 1390 375 1507 426; x_wconf 85' lang='lat' dir='ltr'><em>Sige,</em></span> <span class='ocrx_word' id='word_1_536' title='bbox 1533 374 1780 425; x_wconf 88' lang='lat' dir='ltr'><em>Achilleum,</em></span> <span class='ocrx_word' id='word_1_537' title='bbox 1816 374 2002 425; x_wconf 84' lang='lat' dir='ltr'><em>Crateres</em></span> <span class='ocrx_word' id='word_1_538' title='bbox 2034 374 2304 425; x_wconf 86' lang='lat' dir='ltr'><em>Achivorum,</em></span> <span class='ocrx_word' id='word_1_539' title='bbox 2329 378 2508 428; x_wconf 80' lang='lat' dir='ltr'><em>Colonae‚</em></span> <span class='ocrx_word' id='word_1_540' title='bbox 2538 383 2615 422; x_wconf 88' lang='lat' dir='ltr'><em>La-</em></span> 
     </span>
    </p>
   </div>
   <div class='ocr_carea' id='block_1_7' title="bbox 1389 440 2617 550">
    <p class='ocr_par' dir='ltr' id='par_1_8' title="bbox 1389 440 2617 550">
     <span class='ocr_line' id='line_1_64' title="bbox 1389 440 2617 501; baseline 0.007 -22"><span class='ocrx_word' id='word_1_541' title='bbox 1389 441 1512 489; x_wconf 89' lang='lat' dir='ltr'><em>rissa,</em></span> <span class='ocrx_word' id='word_1_542' title='bbox 1544 442 1788 482; x_wconf 89' lang='lat' dir='ltr'><em>Hamaxitus</em></span> <span class='ocrx_word' id='word_1_543' title='bbox 1824 450 1865 483; x_wconf 89' lang='lat' dir='ltr'><em>et</em></span> <span class='ocrx_word' id='word_1_544' title='bbox 1895 440 2038 482; x_wconf 84' lang='lat' dir='ltr'><em>fanum</em></span> <span class='ocrx_word' id='word_1_545' title='bbox 2070 441 2296 495; x_wconf 88' lang='lat' dir='ltr'><em>Apollinis,</em></span> <span class='ocrx_word' id='word_1_546' title='bbox 2327 444 2399 484; x_wconf 92' lang='lat' dir='ltr'><em>ubi</em></span> <span class='ocrx_word' id='word_1_547' title='bbox 2443 447 2617 501; x_wconf 82' lang='lat' dir='ltr'><em>Chryses</em></span> 
     </span>
     <span class='ocr_line' id='line_1_65' title="bbox 1390 507 1704 550; baseline 0.006 -2"><span class='ocrx_word' id='word_1_548' title='bbox 1390 507 1580 548; x_wconf 89' lang='lat' dir='ltr'><em>sacerdos</em></span> <span class='ocrx_word' id='word_1_549' title='bbox 1602 517 1704 550; x_wconf 88' lang='lat' dir='ltr'><em>erat.</em></span> 
     </span>
    </p>
   </div>
   <div class='ocr_carea' id='block_1_8' title="bbox 1387 570 2620 845">
    <p class='ocr_par' dir='ltr' id='par_1_9' title="bbox 1387 570 2620 845">
     <span class='ocr_line' id='line_1_66' title="bbox 1448 570 2617 626; baseline 0.003 -16"><span class='ocrx_word' id='word_1_550' title='bbox 1448 573 1518 623; x_wconf 89' lang='lat'><em>96.</em></span> <span class='ocrx_word' id='word_1_551' title='bbox 1546 570 1705 611; x_wconf 79' lang='lat' dir='ltr'><em>AEoms.</em></span> <span class='ocrx_word' id='word_1_552' title='bbox 1734 571 1862 623; x_wconf 86' lang='lat' dir='ltr'><em>Regio</em></span> <span class='ocrx_word' id='word_1_553' title='bbox 1899 584 1990 624; x_wconf 87' lang='lat' dir='ltr'><em>quae</em></span> <span class='ocrx_word' id='word_1_554' title='bbox 2018 571 2204 624; x_wconf 87' lang='lat' dir='ltr'><em>sequitur</em></span> <span class='ocrx_word' id='word_1_555' title='bbox 2226 570 2351 611; x_wconf 90' lang='lat' dir='ltr'><em>AEolis</em></span> <span class='ocrx_word' id='word_1_556' title='bbox 2380 573 2617 626; x_wconf 85' lang='lat' dir='ltr'><em>appellatur.</em></span> 
     </span>
     <span class='ocr_line' id='line_1_67' title="bbox 1395 624 2619 681; baseline 0.002 -16"><span class='ocrx_word' id='word_1_557' title='bbox 1395 625 1560 665; x_wconf 87' lang='lat' dir='ltr'><em>AEolicae</em></span> <span class='ocrx_word' id='word_1_558' title='bbox 1582 625 1625 664; x_wconf 89' lang='lat' dir='ltr'><em>in</em></span> <span class='ocrx_word' id='word_1_559' title='bbox 1648 639 1695 665; x_wconf 90' lang='lat' dir='ltr'><em>ea</em></span> <span class='ocrx_word' id='word_1_560' title='bbox 1724 625 1848 665; x_wconf 83' lang='lat' dir='ltr'><em>urbes</em></span> <span class='ocrx_word' id='word_1_561' title='bbox 1868 624 1918 664; x_wconf 90' lang='lat' dir='ltr'><em>ad</em></span> <span class='ocrx_word' id='word_1_562' title='bbox 1948 639 2060 665; x_wconf 90' lang='lat' dir='ltr'><em>mare</em></span> <span class='ocrx_word' id='word_1_563' title='bbox 2079 633 2175 664; x_wconf 89' lang='lat' dir='ltr'><em>sunt</em></span> <span class='ocrx_word' id='word_1_564' title='bbox 2206 625 2267 665; x_wconf 86' lang='lat' dir='ltr'><em>hae</em></span> <span class='ocrx_word' id='word_1_565' title='bbox 2286 638 2294 666; x_wconf 91' lang='lat'><strong>:</strong></span> <span class='ocrx_word' id='word_1_566' title='bbox 2319 626 2494 681; x_wconf 83' lang='lat' dir='ltr'><em>[Assus,</em></span> <span class='ocrx_word' id='word_1_567' title='bbox 2515 632 2619 668; x_wconf 82' lang='lat' dir='ltr'><em>Gar-</em></span> 
     </span>
     <span class='ocr_line' id='line_1_68' title="bbox 1388 679 2620 737; baseline 0.003 -18"><span class='ocrx_word' id='word_1_568' title='bbox 1388 694 1507 730; x_wconf 74' lang='lat' dir='ltr'><em>gara,</em></span> <span class='ocrx_word' id='word_1_569' title='bbox 1535 679 1782 720; x_wconf 84' lang='lat' dir='ltr'><em>Antandrus</em></span> <span class='ocrx_word' id='word_1_570' title='bbox 1796 697 1811 727; x_wconf 88' lang='lat'><em>,·</em></span> <span class='ocrx_word' id='word_1_571' title='bbox 1835 679 1877 720; x_wconf 89' lang='lat' dir='ltr'><em>in</em></span> <span class='ocrx_word' id='word_1_572' title='bbox 1897 679 2202 720; x_wconf 84' lang='lat' dir='ltr'><em>mediterraneis</em></span> <span class='ocrx_word' id='word_1_573' title='bbox 2219 681 2335 721; x_wconf 87' lang='lat' dir='ltr'><em>urbes</em></span> <span class='ocrx_word' id='word_1_574' title='bbox 2356 692 2453 722; x_wconf 86' lang='lat' dir='ltr'><em>sunt</em></span> <span class='ocrx_word' id='word_1_575' title='bbox 2471 682 2486 737; x_wconf 93' lang='lat'>]</span> <span class='ocrx_word' id='word_1_576' title='bbox 2514 695 2522 722; x_wconf 88' lang='lat'>:</span> <span class='ocrx_word' id='word_1_577' title='bbox 2545 684 2620 723; x_wconf 90' lang='lat' dir='ltr'><em>Ce-</em></span> 
     </span>
     <span class='ocr_line' id='line_1_69' title="bbox 1392 733 2619 794; baseline 0.003 -19"><span class='ocrx_word' id='word_1_578' title='bbox 1392 735 1512 786; x_wconf 89' lang='lat' dir='ltr'><em>bren,</em></span> <span class='ocrx_word' id='word_1_579' title='bbox 1550 735 1724 789; x_wconf 89' lang='lat' dir='ltr'><em>Scepsis,</em></span> <span class='ocrx_word' id='word_1_580' title='bbox 1755 733 1979 783; x_wconf 88' lang='lat' dir='ltr'><em>Neandria,</em></span> <span class='ocrx_word' id='word_1_581' title='bbox 2004 735 2151 788; x_wconf 88' lang='lat' dir='ltr'><em>Pityia.</em></span> <span class='ocrx_word' id='word_1_582' title='bbox 2187 737 2469 778; x_wconf 84' lang='lat' dir='ltr'><em>Praetervectio</em></span> <span class='ocrx_word' id='word_1_583' title='bbox 2490 738 2619 794; x_wconf 87' lang='lat' dir='ltr'><em>Phry-</em></span> 
     </span>
     <span class='ocr_line' id='line_1_70' title="bbox 1387 788 2312 845; baseline 0.001 -14"><span class='ocrx_word' id='word_1_584' title='bbox 1387 791 1464 844; x_wconf 84' lang='lat' dir='ltr'><em>giae</em></span> <span class='ocrx_word' id='word_1_585' title='bbox 1484 805 1508 831; x_wconf 88' lang='lat' dir='ltr'><em>a</em></span> <span class='ocrx_word' id='word_1_586' title='bbox 1527 791 1661 845; x_wconf 82' lang='lat' dir='ltr'><em>Mysia</em></span> <span class='ocrx_word' id='word_1_587' title='bbox 1678 804 1808 844; x_wconf 88' lang='lat' dir='ltr'><em>usque</em></span> <span class='ocrx_word' id='word_1_588' title='bbox 1827 788 1879 830; x_wconf 88' lang='lat' dir='ltr'><em>ad</em></span> <span class='ocrx_word' id='word_1_589' title='bbox 1899 789 2162 830; x_wconf 89' lang='lat' dir='ltr'><em>Antandrum</em></span> <span class='ocrx_word' id='word_1_590' title='bbox 2180 799 2242 830; x_wconf 88' lang='lat' dir='ltr'><em>est</em></span> <span class='ocrx_word' id='word_1_591' title='bbox 2258 790 2312 832; x_wconf 80' lang='lat'><em>**.</em></span> 
     </span>
    </p>
   </div>
   <div class='ocr_carea' id='block_1_9' title="bbox 1392 956 2679 4069">
    <p class='ocr_par' dir='ltr' id='par_1_10' title="bbox 1392 956 2679 2765">
     <span class='ocr_line' id='line_1_71' title="bbox 1394 956 2621 1016; baseline 0.004 -15"><span class='ocrx_word' id='word_1_592' title='bbox 1394 961 1568 1002; x_wconf 91' lang='lat' dir='ltr'><em>modum</em></span> <span class='ocrx_word' id='word_1_593' title='bbox 1583 959 1725 1016; x_wconf 83' lang='grc' dir='ltr'>κρατὴρ</span> <span class='ocrx_word' id='word_1_594' title='bbox 1738 961 1906 1016; x_wconf 84' lang='lat' dir='ltr'><em>proprie</em></span> <span class='ocrx_word' id='word_1_595' title='bbox 1932 968 2006 1010; x_wconf 89' lang='lat' dir='ltr'><em>cst,</em></span> <span class='ocrx_word' id='word_1_596' title='bbox 2026 959 2064 1000; x_wconf 82' lang='grc' dir='ltr'>ἐν</span> <span class='ocrx_word' id='word_1_597' title='bbox 2081 956 2114 1015; x_wconf 78' lang='grc' dir='ltr'>ᾧ</span> <span class='ocrx_word' id='word_1_598' title='bbox 2130 975 2166 1000; x_wconf 87' lang='grc' dir='ltr'><em>τι</em></span> <span class='ocrx_word' id='word_1_599' title='bbox 2185 962 2418 1015; x_wconf 83' lang='grc' dir='ltr'>κεράννυται,</span> <span class='ocrx_word' id='word_1_600' title='bbox 2430 965 2487 1004; x_wconf 88' lang='lat' dir='ltr'><em>sic</em></span> <span class='ocrx_word' id='word_1_601' title='bbox 2502 966 2621 1005; x_wconf 88' lang='lat' dir='ltr'><em>etiam</em></span> 
     </span>
     <span class='ocr_line' id='line_1_72' title="bbox 1392 1020 2621 1081; baseline 0.005 -20"><span class='ocrx_word' id='word_1_602' title='bbox 1392 1022 1456 1062; x_wconf 87' lang='lat' dir='ltr'><em>hae</em></span> <span class='ocrx_word' id='word_1_603' title='bbox 1474 1022 1781 1078; x_wconf 82' lang='grc' dir='ltr'>λιμνοθάλατται</span> <span class='ocrx_word' id='word_1_604' title='bbox 1797 1030 1836 1062; x_wconf 93' lang='lat' dir='ltr'><em>et</em></span> <span class='ocrx_word' id='word_1_605' title='bbox 1851 1021 2021 1076; x_wconf 88' lang='lat' dir='ltr'><em>paludes</em></span> <span class='ocrx_word' id='word_1_606' title='bbox 2036 1020 2218 1076; x_wconf 79' lang='grc' dir='ltr'>κρατῆρες</span> <span class='ocrx_word' id='word_1_607' title='bbox 2236 1024 2501 1078; x_wconf 86' lang='lat' dir='ltr'><em>appellantur,</em></span> <span class='ocrx_word' id='word_1_608' title='bbox 2512 1027 2621 1081; x_wconf 90' lang='lat' dir='ltr'><em>quod</em></span> 
     </span>
     <span class='ocr_line' id='line_1_73' title="bbox 1393 1081 2623 1140; baseline 0.004 -17"><span class='ocrx_word' id='word_1_609' title='bbox 1393 1084 1438 1123; x_wconf 90' lang='lat' dir='ltr'><em>in</em></span> <span class='ocrx_word' id='word_1_610' title='bbox 1466 1085 1518 1124; x_wconf 86' lang='lat' dir='ltr'><em>iis</em></span> <span class='ocrx_word' id='word_1_611' title='bbox 1536 1100 1643 1140; x_wconf 87' lang='lat' dir='ltr'><em>aqua</em></span> <span class='ocrx_word' id='word_1_612' title='bbox 1664 1085 1884 1126; x_wconf 85' lang='lat' dir='ltr'><em>Simoentis</em></span> <span class='ocrx_word' id='word_1_613' title='bbox 1904 1092 1944 1124; x_wconf 91' lang='lat' dir='ltr'><em>et</em></span> <span class='ocrx_word' id='word_1_614' title='bbox 1966 1081 2205 1124; x_wconf 86' lang='lat' dir='ltr'><em>Scamandri</em></span> <span class='ocrx_word' id='word_1_615' title='bbox 2223 1085 2454 1126; x_wconf 83' lang='lat' dir='ltr'><em>misceatur.</em></span> <span class='ocrx_word' id='word_1_616' title='bbox 2479 1108 2494 1123; x_wconf 64' lang='grc' dir='ltr'><em>»ι</em></span> <span class='ocrx_word' id='word_1_617' title='bbox 2527 1090 2623 1128; x_wconf 82' lang='lat' dir='ltr'><em>Haec</em></span> 
     </span>
     <span class='ocr_line' id='line_1_74' title="bbox 1392 1144 2624 1204; baseline 0.003 -18"><span class='ocrx_word' id='word_1_618' title='bbox 1392 1147 1564 1187; x_wconf 89' lang='lat' dir='ltr'><em>Vossius</em></span> <span class='ocrx_word' id='word_1_619' title='bbox 1581 1178 1591 1197; x_wconf 97' lang='lat'><em>,</em></span> <span class='ocrx_word' id='word_1_620' title='bbox 1626 1147 1747 1187; x_wconf 83' lang='lat' dir='ltr'><em>etiarn</em></span> <span class='ocrx_word' id='word_1_621' title='bbox 1769 1145 1847 1186; x_wconf 91' lang='lat' dir='ltr'><em>alia</em></span> <span class='ocrx_word' id='word_1_622' title='bbox 1875 1144 2031 1186; x_wconf 89' lang='lat' dir='ltr'><em>addens</em></span> <span class='ocrx_word' id='word_1_623' title='bbox 2050 1159 2141 1199; x_wconf 87' lang='lat' dir='ltr'><em>quae</em></span> <span class='ocrx_word' id='word_1_624' title='bbox 2162 1145 2321 1199; x_wconf 84' lang='lat' dir='ltr'><em>longius</em></span> <span class='ocrx_word' id='word_1_625' title='bbox 2344 1149 2481 1189; x_wconf 90' lang='lat' dir='ltr'><em>omnia</em></span> <span class='ocrx_word' id='word_1_626' title='bbox 2501 1151 2624 1204; x_wconf 89' lang='lat' dir='ltr'><em>petita</em></span> 
     </span>
     <span class='ocr_line' id='line_1_75' title="bbox 1393 1208 2622 1263; baseline 0.003 -15"><span class='ocrx_word' id='word_1_627' title='bbox 1393 1218 1504 1259; x_wconf 91' lang='lat' dir='ltr'><em>sunt,</em></span> <span class='ocrx_word' id='word_1_628' title='bbox 1530 1210 1590 1249; x_wconf 89' lang='lat' dir='ltr'><em>uti</em></span> <span class='ocrx_word' id='word_1_629' title='bbox 1607 1208 1693 1263; x_wconf 89' lang='lat' dir='ltr'><em>jam</em></span> <span class='ocrx_word' id='word_1_630' title='bbox 1710 1208 1947 1249; x_wconf 87' lang='lat' dir='ltr'><em>Gronovius</em></span> <span class='ocrx_word' id='word_1_631' title='bbox 1969 1215 2080 1248; x_wconf 87' lang='lat' dir='ltr'><em>recte</em></span> <span class='ocrx_word' id='word_1_632' title='bbox 2098 1209 2275 1248; x_wconf 89' lang='lat' dir='ltr'><em>monuit.</em></span> <span class='ocrx_word' id='word_1_633' title='bbox 2293 1210 2480 1251; x_wconf 90' lang='lat' dir='ltr'><em>Nominis</em></span> <span class='ocrx_word' id='word_1_634' title='bbox 2502 1213 2622 1262; x_wconf 83' lang='lat' dir='ltr'><em>ratio,</em></span> 
     </span>
     <span class='ocr_line' id='line_1_76' title="bbox 1393 1269 2625 1325; baseline 0.002 -13"><span class='ocrx_word' id='word_1_635' title='bbox 1393 1287 1416 1312; x_wconf 88' lang='lat' dir='ltr'><em>e</em></span> <span class='ocrx_word' id='word_1_636' title='bbox 1448 1272 1541 1312; x_wconf 90' lang='lat' dir='ltr'><em>belli</em></span> <span class='ocrx_word' id='word_1_637' title='bbox 1566 1269 1736 1325; x_wconf 89' lang='lat' dir='ltr'><em>Trojani</em></span> <span class='ocrx_word' id='word_1_638' title='bbox 1765 1270 1936 1322; x_wconf 84' lang='lat' dir='ltr'><em>historia</em></span> <span class='ocrx_word' id='word_1_639' title='bbox 1960 1269 2204 1325; x_wconf 89' lang='lat' dir='ltr'><em>repetenda,</em></span> <span class='ocrx_word' id='word_1_640' title='bbox 2235 1270 2331 1311; x_wconf 91' lang='lat' dir='ltr'><em>latet</em></span> <span class='ocrx_word' id='word_1_641' title='bbox 2351 1286 2441 1313; x_wconf 78' lang='lat' dir='ltr'><em>nos,</em></span> <span class='ocrx_word' id='word_1_642' title='bbox 2469 1275 2625 1314; x_wconf 87' lang='lat' dir='ltr'><em>Eodem</em></span> 
     </span>
     <span class='ocr_line' id='line_1_77' title="bbox 1394 1331 2626 1391; baseline 0.002 -18"><span class='ocrx_word' id='word_1_643' title='bbox 1394 1333 1478 1374; x_wconf 89' lang='lat' dir='ltr'><em>fere</em></span> <span class='ocrx_word' id='word_1_644' title='bbox 1490 1333 1580 1374; x_wconf 92' lang='lat' dir='ltr'><em>loco</em></span> <span class='ocrx_word' id='word_1_645' title='bbox 1596 1331 1839 1388; x_wconf 91' lang='lat' dir='ltr'><em>ponendum</em></span> <span class='ocrx_word' id='word_1_646' title='bbox 1855 1331 2056 1386; x_wconf 90' lang='lat' dir='ltr'><em>oppidum</em></span> <span class='ocrx_word' id='word_1_647' title='bbox 2076 1347 2127 1372; x_wconf 89' lang='lat' dir='ltr'><em>ex</em></span> <span class='ocrx_word' id='word_1_648' title='bbox 2141 1346 2226 1372; x_wconf 94' lang='lat' dir='ltr'><em>uno</em></span> <span class='ocrx_word' id='word_1_649' title='bbox 2246 1334 2435 1374; x_wconf 89' lang='lat' dir='ltr'><em>Hecataeo</em></span> <span class='ocrx_word' id='word_1_650' title='bbox 2457 1334 2501 1391; x_wconf 84' lang='lat' dir='ltr'><em>(f.</em></span> <span class='ocrx_word' id='word_1_651' title='bbox 2529 1339 2626 1390; x_wconf 85' lang='lat'>209)</span> 
     </span>
     <span class='ocr_line' id='line_1_78' title="bbox 1393 1394 2627 1450; baseline 0.001 -14"><span class='ocrx_word' id='word_1_652' title='bbox 1393 1404 1541 1436; x_wconf 89' lang='lat' dir='ltr'><em>notum</em></span> <span class='ocrx_word' id='word_1_653' title='bbox 1568 1408 1578 1436; x_wconf 72' lang='grc' dir='ltr'>ε</span> <span class='ocrx_word' id='word_1_654' title='bbox 1600 1396 1814 1450; x_wconf 79' lang='grc' dir='ltr'>Μυρικοῦς,</span> <span class='ocrx_word' id='word_1_655' title='bbox 1839 1394 1949 1442; x_wconf 80' lang='grc' dir='ltr'>πόλις</span> <span class='ocrx_word' id='word_1_656' title='bbox 1970 1394 2199 1449; x_wconf 65' lang='grc' dir='ltr'>καταντικρὺ</span> <span class='ocrx_word' id='word_1_657' title='bbox 2224 1394 2384 1435; x_wconf 79' lang='grc' dir='ltr'>Τενέδου</span> <span class='ocrx_word' id='word_1_658' title='bbox 2409 1396 2473 1437; x_wconf 67' lang='grc' dir='ltr'><em>καὶ</em></span> <span class='ocrx_word' id='word_1_659' title='bbox 2488 1397 2627 1437; x_wconf 73' lang='grc' dir='ltr'>Λὲσδου</span> 
     </span>
     <span class='ocr_line' id='line_1_79' title="bbox 1397 1456 2629 1514; baseline 0 -16"><span class='ocrx_word' id='word_1_660' title='bbox 1397 1457 1455 1514; x_wconf 92' lang='lat' dir='ltr'><em>(l.</em></span> <span class='ocrx_word' id='word_1_661' title='bbox 1477 1457 1634 1513; x_wconf 75' lang='grc' dir='ltr'>Λήμνου</span> <span class='ocrx_word' id='word_1_662' title='bbox 1650 1457 1683 1514; x_wconf 86' lang='grc'>),</span> <span class='ocrx_word' id='word_1_663' title='bbox 1709 1458 1776 1508; x_wconf 85' lang='grc' dir='ltr'><em>τῆς</em></span> <span class='ocrx_word' id='word_1_664' title='bbox 1793 1456 1943 1511; x_wconf 91' lang='grc' dir='ltr'>Τροίας.</span> <span class='ocrx_word' id='word_1_665' title='bbox 1966 1459 1984 1509; x_wconf 82' lang='grc' dir='ltr'>Η</span> <span class='ocrx_word' id='word_1_666' title='bbox 2000 1480 2057 1501; x_wconf 54' lang='grc' dir='ltr'><em>τ-</em></span> <span class='ocrx_word' id='word_1_667' title='bbox 2079 1456 2178 1496; x_wconf 87' lang='grc' dir='ltr'>Κολ</span> <span class='ocrx_word' id='word_1_668' title='bbox 2191 1471 2251 1496; x_wconf 90' lang='grc' dir='ltr'>ων</span> <span class='ocrx_word' id='word_1_669' title='bbox 2265 1456 2342 1511; x_wconf 72' lang='grc' dir='ltr'><em>αὶ]</em></span> <span class='ocrx_word' id='word_1_670' title='bbox 2373 1457 2542 1498; x_wconf 81' lang='grc' dir='ltr'>κολῶναι</span> <span class='ocrx_word' id='word_1_671' title='bbox 2564 1474 2629 1498; x_wconf 94' lang='lat' dir='ltr'><em>co-</em></span> 
     </span>
     <span class='ocr_line' id='line_1_80' title="bbox 1394 1518 2630 1575; baseline 0.002 -16"><span class='ocrx_word' id='word_1_672' title='bbox 1394 1519 1497 1571; x_wconf 84' lang='lat' dir='ltr'><em>dex,</em></span> <span class='ocrx_word' id='word_1_673' title='bbox 1529 1529 1576 1560; x_wconf 91' lang='lat' dir='ltr'><em>ut</em></span> <span class='ocrx_word' id='word_1_674' title='bbox 1603 1534 1669 1575; x_wconf 89' lang='lat' dir='ltr'><em>ap.</em></span> <span class='ocrx_word' id='word_1_675' title='bbox 1705 1521 1882 1561; x_wconf 87' lang='lat' dir='ltr'><em>Pausan.</em></span> <span class='ocrx_word' id='word_1_676' title='bbox 1903 1519 1970 1569; x_wconf 90' lang='lat' dir='ltr'><em>X,</em></span> <span class='ocrx_word' id='word_1_677' title='bbox 2008 1522 2073 1569; x_wconf 91' lang='lat'><em>14,</em></span> <span class='ocrx_word' id='word_1_678' title='bbox 2110 1532 2127 1558; x_wconf 95' lang='lat'>1</span> <span class='ocrx_word' id='word_1_679' title='bbox 2160 1518 2329 1572; x_wconf 82' lang='lat' dir='ltr'><em>legitur3</em></span> <span class='ocrx_word' id='word_1_680' title='bbox 2361 1518 2434 1560; x_wconf 88' lang='lat' dir='ltr'><em>sed</em></span> <span class='ocrx_word' id='word_1_681' title='bbox 2452 1519 2630 1561; x_wconf 77' lang='grc' dir='ltr'>Κολωναὶ</span> 
     </span>
     <span class='ocr_line' id='line_1_81' title="bbox 1393 1580 2630 1639; baseline 0 -15"><span class='ocrx_word' id='word_1_682' title='bbox 1393 1583 1585 1639; x_wconf 89' lang='lat' dir='ltr'><em>Thucyd.</em></span> <span class='ocrx_word' id='word_1_683' title='bbox 1619 1585 1665 1634; x_wconf 94' lang='lat' dir='ltr'>I,</span> <span class='ocrx_word' id='word_1_684' title='bbox 1704 1584 1804 1632; x_wconf 82' lang='lat'>131;</span> <span class='ocrx_word' id='word_1_685' title='bbox 1837 1582 2032 1637; x_wconf 90' lang='lat' dir='ltr'><em>Xenoph.</em></span> <span class='ocrx_word' id='word_1_686' title='bbox 2073 1580 2178 1623; x_wconf 88' lang='lat' dir='ltr'><em>Hell.</em></span> <span class='ocrx_word' id='word_1_687' title='bbox 2210 1584 2295 1633; x_wconf 94' lang='lat' dir='ltr'>III,</span> <span class='ocrx_word' id='word_1_688' title='bbox 2325 1596 2342 1623; x_wconf 88' lang='lat'>1</span> <span class='ocrx_word' id='word_1_689' title='bbox 2361 1613 2373 1633; x_wconf 91' lang='lat'><em>,</em></span> <span class='ocrx_word' id='word_1_690' title='bbox 2417 1583 2491 1634; x_wconf 78' lang='lat'><em>135</em></span> <span class='ocrx_word' id='word_1_691' title='bbox 2521 1586 2630 1624; x_wconf 87' lang='lat' dir='ltr'><em>Stra-</em></span> 
     </span>
     <span class='ocr_line' id='line_1_82' title="bbox 1394 1642 2629 1702; baseline 0.002 -16"><span class='ocrx_word' id='word_1_692' title='bbox 1394 1646 1450 1686; x_wconf 92' lang='lat' dir='ltr'><em>bo</em></span> <span class='ocrx_word' id='word_1_693' title='bbox 1464 1648 1583 1697; x_wconf 89' lang='lat' dir='ltr'>XIII,</span> <span class='ocrx_word' id='word_1_694' title='bbox 1604 1660 1646 1702; x_wconf 92' lang='lat' dir='ltr'><em>p.</em></span> <span class='ocrx_word' id='word_1_695' title='bbox 1677 1645 1773 1700; x_wconf 84' lang='lat'><em>589.</em></span> <span class='ocrx_word' id='word_1_696' title='bbox 1797 1644 1894 1695; x_wconf 87' lang='lat'><em>605,</em></span> <span class='ocrx_word' id='word_1_697' title='bbox 1911 1653 1988 1686; x_wconf 87' lang='lat' dir='ltr'><em>etc.</em></span> <span class='ocrx_word' id='word_1_698' title='bbox 2011 1646 2029 1696; x_wconf 79' lang='grc' dir='ltr'>Η</span> <span class='ocrx_word' id='word_1_699' title='bbox 2046 1668 2103 1675; x_wconf 87' lang='grc'>-</span> <span class='ocrx_word' id='word_1_700' title='bbox 2127 1642 2165 1684; x_wconf 83' lang='lat' dir='ltr'><em>‘A</em></span> <span class='ocrx_word' id='word_1_701' title='bbox 2181 1643 2412 1700; x_wconf 75' lang='grc' dir='ltr'>μαξιτὸς]</span> <span class='ocrx_word' id='word_1_702' title='bbox 2440 1644 2629 1701; x_wconf 83' lang='grc' dir='ltr'>Ἀμάξιτον</span> 
     </span>
     <span class='ocr_line' id='line_1_83' title="bbox 1395 1706 2679 1763; baseline 0.001 -14"><span class='ocrx_word' id='word_1_703' title='bbox 1395 1708 1509 1758; x_wconf 90' lang='lat' dir='ltr'><em>cod.;</em></span> <span class='ocrx_word' id='word_1_704' title='bbox 1534 1724 1615 1749; x_wconf 91' lang='lat' dir='ltr'><em>em.</em></span> <span class='ocrx_word' id='word_1_705' title='bbox 1652 1707 1878 1750; x_wconf 81' lang='lat' dir='ltr'><em>Fabricius.</em></span> <span class='ocrx_word' id='word_1_706' title='bbox 1901 1710 1956 1748; x_wconf 88' lang='lat' dir='ltr'><em>V.</em></span> <span class='ocrx_word' id='word_1_707' title='bbox 1978 1706 2170 1762; x_wconf 92' lang='lat' dir='ltr'><em>Thucyd.</em></span> <span class='ocrx_word' id='word_1_708' title='bbox 2204 1716 2243 1748; x_wconf 91' lang='lat' dir='ltr'><em>et</em></span> <span class='ocrx_word' id='word_1_709' title='bbox 2274 1708 2467 1763; x_wconf 90' lang='lat' dir='ltr'><em>Xenoph.</em></span> <span class='ocrx_word' id='word_1_710' title='bbox 2500 1709 2540 1750; x_wconf 94' lang='lat' dir='ltr'><em>ll.</em></span> <span class='ocrx_word' id='word_1_711' title='bbox 2566 1710 2628 1761; x_wconf 91' lang='lat' dir='ltr'><em>ll.,</em></span> <span class='ocrx_word' id='word_1_712' title='bbox 2678 1710 2679 1713; x_wconf 69' lang='grc'>’</span> 
     </span>
     <span class='ocr_line' id='line_1_84' title="bbox 1395 1771 2628 1827; baseline 0.001 -15"><span class='ocrx_word' id='word_1_713' title='bbox 1395 1772 1542 1812; x_wconf 91' lang='lat' dir='ltr'><em>Strabo</em></span> <span class='ocrx_word' id='word_1_714' title='bbox 1579 1787 1621 1827; x_wconf 92' lang='lat' dir='ltr'><em>p.</em></span> <span class='ocrx_word' id='word_1_715' title='bbox 1658 1773 1736 1826; x_wconf 82' lang='grc'><em>473</em></span> <span class='ocrx_word' id='word_1_716' title='bbox 1775 1777 1870 1821; x_wconf 87' lang='grc'>604,</span> <span class='ocrx_word' id='word_1_717' title='bbox 1913 1775 2008 1811; x_wconf 85' lang='lat'><em>612.</em></span> <span class='ocrx_word' id='word_1_718' title='bbox 2047 1775 2149 1821; x_wconf 85' lang='lat'>611;</span> <span class='ocrx_word' id='word_1_719' title='bbox 2187 1771 2326 1825; x_wconf 89' lang='lat' dir='ltr'><em>Steph.</em></span> <span class='ocrx_word' id='word_1_720' title='bbox 2367 1773 2463 1826; x_wconf 81' lang='lat' dir='ltr'><em>Byz.</em></span> <span class='ocrx_word' id='word_1_721' title='bbox 2490 1786 2522 1812; x_wconf 90' lang='lat' dir='ltr'><em>s.</em></span> <span class='ocrx_word' id='word_1_722' title='bbox 2559 1788 2628 1824; x_wconf 88' lang='lat' dir='ltr'><em>v.;</em></span> 
     </span>
     <span class='ocr_line' id='line_1_85' title="bbox 1394 1832 2630 1890; baseline 0.002 -16"><span class='ocrx_word' id='word_1_723' title='bbox 1394 1834 1543 1875; x_wconf 88' lang='lat' dir='ltr'><em>AElian.</em></span> <span class='ocrx_word' id='word_1_724' title='bbox 1582 1836 1635 1875; x_wconf 91' lang='lat' dir='ltr'><em>N.</em></span> <span class='ocrx_word' id='word_1_725' title='bbox 1676 1837 1756 1876; x_wconf 93' lang='lat' dir='ltr'><em>An.</em></span> <span class='ocrx_word' id='word_1_726' title='bbox 1794 1836 1891 1884; x_wconf 90' lang='lat' dir='ltr'>XII,</span> <span class='ocrx_word' id='word_1_727' title='bbox 1932 1832 1982 1883; x_wconf 82' lang='lat'><em>53</em></span> <span class='ocrx_word' id='word_1_728' title='bbox 2019 1833 2124 1874; x_wconf 90' lang='lat' dir='ltr'><em>Plin.</em></span> <span class='ocrx_word' id='word_1_729' title='bbox 2163 1835 2218 1884; x_wconf 92' lang='lat' dir='ltr'><em>V,</em></span> <span class='ocrx_word' id='word_1_730' title='bbox 2253 1834 2320 1874; x_wconf 85' lang='grc'><em>33.</em></span> <span class='ocrx_word' id='word_1_731' title='bbox 2349 1835 2366 1886; x_wconf 86' lang='grc' dir='ltr'><em>ΙΙ</em></span> <span class='ocrx_word' id='word_1_732' title='bbox 2398 1857 2454 1865; x_wconf 81' lang='lat'>—</span> <span class='ocrx_word' id='word_1_733' title='bbox 2491 1834 2630 1890; x_wconf 76' lang='grc' dir='ltr'>ἱερὸν</span> 
     </span>
     <span class='ocr_line' id='line_1_86' title="bbox 1403 1895 2632 1954; baseline 0.002 -17"><span class='ocrx_word' id='word_1_734' title='bbox 1403 1896 1640 1953; x_wconf 87' lang='grc' dir='ltr'>Ἂπόλλ.]</span> <span class='ocrx_word' id='word_1_735' title='bbox 1673 1898 1860 1954; x_wconf 83' lang='lat' dir='ltr'><em>Chrysen</em></span> <span class='ocrx_word' id='word_1_736' title='bbox 1888 1895 2170 1951; x_wconf 89' lang='lat' dir='ltr'><em>templumque</em></span> <span class='ocrx_word' id='word_1_737' title='bbox 2205 1895 2406 1950; x_wconf 90' lang='lat' dir='ltr'><em>Apollinis</em></span> <span class='ocrx_word' id='word_1_738' title='bbox 2432 1897 2632 1939; x_wconf 89' lang='lat' dir='ltr'><em>Sminthei</em></span> 
     </span>
     <span class='ocr_line' id='line_1_87' title="bbox 1396 1959 2629 2016; baseline 0.001 -16"><span class='ocrx_word' id='word_1_739' title='bbox 1396 1974 1526 2016; x_wconf 88' lang='lat' dir='ltr'><em>prope</em></span> <span class='ocrx_word' id='word_1_740' title='bbox 1547 1961 1814 2002; x_wconf 87' lang='lat' dir='ltr'><em>Hamaxitum</em></span> <span class='ocrx_word' id='word_1_741' title='bbox 1836 1960 1958 2001; x_wconf 80' lang='lat' dir='ltr'><em>fuisse</em></span> <span class='ocrx_word' id='word_1_742' title='bbox 1979 1967 2151 2000; x_wconf 87' lang='lat' dir='ltr'><em>testatur</em></span> <span class='ocrx_word' id='word_1_743' title='bbox 2171 1959 2318 2000; x_wconf 91' lang='lat' dir='ltr'><em>Strabo</em></span> <span class='ocrx_word' id='word_1_744' title='bbox 2353 1961 2437 2009; x_wconf 91' lang='grc' dir='ltr'>ΠΙ,</span> <span class='ocrx_word' id='word_1_745' title='bbox 2458 1975 2500 2016; x_wconf 91' lang='lat' dir='ltr'><em>p.</em></span> <span class='ocrx_word' id='word_1_746' title='bbox 2525 1965 2629 2012; x_wconf 80' lang='lat'><em>612,</em></span> 
     </span>
     <span class='ocr_line' id='line_1_88' title="bbox 1396 2022 2632 2079; baseline 0.001 -15"><span class='ocrx_word' id='word_1_747' title='bbox 1396 2032 1546 2078; x_wconf 85' lang='lat' dir='ltr'><em>putans</em></span> <span class='ocrx_word' id='word_1_748' title='bbox 1563 2024 1629 2064; x_wconf 87' lang='lat' dir='ltr'><em>ille</em></span> <span class='ocrx_word' id='word_1_749' title='bbox 1648 2024 1833 2079; x_wconf 88' lang='lat' dir='ltr'><em>Chrysen</em></span> <span class='ocrx_word' id='word_1_750' title='bbox 1851 2023 2115 2064; x_wconf 88' lang='lat' dir='ltr'><em>Homericam</em></span> <span class='ocrx_word' id='word_1_751' title='bbox 2134 2023 2254 2062; x_wconf 89' lang='lat' dir='ltr'><em>sitam</em></span> <span class='ocrx_word' id='word_1_752' title='bbox 2274 2022 2397 2063; x_wconf 84' lang='lat' dir='ltr'><em>fuisse</em></span> <span class='ocrx_word' id='word_1_753' title='bbox 2415 2022 2459 2062; x_wconf 90' lang='lat' dir='ltr'><em>in</em></span> <span class='ocrx_word' id='word_1_754' title='bbox 2486 2024 2632 2065; x_wconf 88' lang='lat' dir='ltr'><em>intimo</em></span> 
     </span>
     <span class='ocr_line' id='line_1_89' title="bbox 1396 2084 2633 2142; baseline 0.002 -16"><span class='ocrx_word' id='word_1_755' title='bbox 1396 2087 1491 2127; x_wconf 91' lang='lat' dir='ltr'><em>sinu</em></span> <span class='ocrx_word' id='word_1_756' title='bbox 1522 2087 1820 2142; x_wconf 87' lang='lat' dir='ltr'><em>Adramytteno</em></span> <span class='ocrx_word' id='word_1_757' title='bbox 1853 2099 1983 2141; x_wconf 86' lang='lat' dir='ltr'><em>prope</em></span> <span class='ocrx_word' id='word_1_758' title='bbox 2013 2084 2300 2136; x_wconf 88' lang='lat' dir='ltr'><em>Antandrum,</em></span> <span class='ocrx_word' id='word_1_759' title='bbox 2336 2092 2477 2140; x_wconf 87' lang='lat' dir='ltr'><em>postca</em></span> <span class='ocrx_word' id='word_1_760' title='bbox 2496 2095 2633 2128; x_wconf 81' lang='lat' dir='ltr'><em>autem</em></span> 
     </span>
     <span class='ocr_line' id='line_1_90' title="bbox 1400 2148 2632 2204; baseline 0 -15"><span class='ocrx_word' id='word_1_761' title='bbox 1400 2150 1502 2190; x_wconf 90' lang='lat' dir='ltr'><em>urbe</em></span> <span class='ocrx_word' id='word_1_762' title='bbox 1520 2150 1683 2201; x_wconf 92' lang='lat' dir='ltr'><em>diruta,</em></span> <span class='ocrx_word' id='word_1_763' title='bbox 1706 2164 1867 2191; x_wconf 90' lang='lat' dir='ltr'><em>sacrum</em></span> <span class='ocrx_word' id='word_1_764' title='bbox 1890 2149 2093 2204; x_wconf 88' lang='lat' dir='ltr'><em>Apollinis</em></span> <span class='ocrx_word' id='word_1_765' title='bbox 2116 2149 2357 2189; x_wconf 89' lang='lat' dir='ltr'><em>translatum</em></span> <span class='ocrx_word' id='word_1_766' title='bbox 2389 2163 2474 2189; x_wconf 89' lang='lat' dir='ltr'><em>esse</em></span> <span class='ocrx_word' id='word_1_767' title='bbox 2496 2148 2546 2196; x_wconf 83' lang='grc' dir='ltr'><em>εἰς</em></span> <span class='ocrx_word' id='word_1_768' title='bbox 2563 2148 2632 2200; x_wconf 83' lang='grc' dir='ltr'><em>τὴν</em></span> 
     </span>
     <span class='ocr_line' id='line_1_91' title="bbox 1397 2210 2630 2267; baseline 0.001 -16"><span class='ocrx_word' id='word_1_769' title='bbox 1397 2212 1546 2266; x_wconf 75' lang='grc' dir='ltr'>Χρύσαν</span> <span class='ocrx_word' id='word_1_770' title='bbox 1566 2211 1635 2261; x_wconf 79' lang='grc' dir='ltr'><em>τὴν</em></span> <span class='ocrx_word' id='word_1_771' title='bbox 1656 2212 1757 2253; x_wconf 71' lang='grc' dir='ltr'><em>κατᾶ</em></span> <span class='ocrx_word' id='word_1_772' title='bbox 1776 2210 1983 2267; x_wconf 78' lang='grc' dir='ltr'>Ἀμαξιτόν.</span> <span class='ocrx_word' id='word_1_773' title='bbox 2004 2210 2066 2252; x_wconf 89' lang='lat' dir='ltr'><em>Cf.</em></span> <span class='ocrx_word' id='word_1_774' title='bbox 2085 2211 2144 2251; x_wconf 89' lang='lat' dir='ltr'><em>id.</em></span> <span class='ocrx_word' id='word_1_775' title='bbox 2163 2226 2206 2266; x_wconf 89' lang='lat' dir='ltr'><em>p.</em></span> <span class='ocrx_word' id='word_1_776' title='bbox 2230 2214 2309 2259; x_wconf 91' lang='grc'><em>604</em></span> <span class='ocrx_word' id='word_1_777' title='bbox 2326 2225 2387 2266; x_wconf 90' lang='lat' dir='ltr'><em>sq.</em></span> <span class='ocrx_word' id='word_1_778' title='bbox 2405 2211 2561 2252; x_wconf 89' lang='lat' dir='ltr'><em>Plinius</em></span> <span class='ocrx_word' id='word_1_779' title='bbox 2575 2215 2630 2263; x_wconf 93' lang='lat' dir='ltr'><em>V,</em></span> 
     </span>
     <span class='ocr_line' id='line_1_92' title="bbox 1400 2273 2635 2315; baseline -0.001 0"><span class='ocrx_word' id='word_1_780' title='bbox 1400 2275 1452 2314; x_wconf 84' lang='lat'><em>32</em></span> <span class='ocrx_word' id='word_1_781' title='bbox 1473 2287 1483 2315; x_wconf 70' lang='grc' dir='ltr'>ζ</span> <span class='ocrx_word' id='word_1_782' title='bbox 1507 2274 1836 2315; x_wconf 80' lang='lat' dir='ltr'><em>Promontorium</em></span> <span class='ocrx_word' id='word_1_783' title='bbox 1871 2278 2020 2315; x_wconf 87' lang='lat' dir='ltr'><em>Lecton</em></span> <span class='ocrx_word' id='word_1_784' title='bbox 2058 2273 2353 2314; x_wconf 82' lang='lat' dir='ltr'><em>disterminans</em></span> <span class='ocrx_word' id='word_1_785' title='bbox 2389 2273 2558 2313; x_wconf 89' lang='lat' dir='ltr'><em>AEolida</em></span> <span class='ocrx_word' id='word_1_786' title='bbox 2595 2285 2635 2314; x_wconf 89' lang='lat' dir='ltr'><em>et</em></span> 
     </span>
     <span class='ocr_line' id='line_1_93' title="bbox 1405 2334 2635 2390; baseline -0.002 -13"><span class='ocrx_word' id='word_1_787' title='bbox 1405 2337 1582 2378; x_wconf 84' lang='lat' dir='ltr'><em>Troada.</em></span> <span class='ocrx_word' id='word_1_788' title='bbox 1619 2337 1721 2377; x_wconf 83' lang='lat' dir='ltr'><em>Fuit</em></span> <span class='ocrx_word' id='word_1_789' title='bbox 1745 2346 1783 2376; x_wconf 85' lang='lat' dir='ltr'><em>et</em></span> <span class='ocrx_word' id='word_1_790' title='bbox 1815 2335 2052 2390; x_wconf 82' lang='lat' dir='ltr'><em>Polymedia</em></span> <span class='ocrx_word' id='word_1_791' title='bbox 2073 2334 2228 2375; x_wconf 85' lang='lat' dir='ltr'><em>civitas</em></span> <span class='ocrx_word' id='word_1_792' title='bbox 2250 2344 2289 2375; x_wconf 85' lang='lat' dir='ltr'><em>et</em></span> <span class='ocrx_word' id='word_1_793' title='bbox 2314 2335 2462 2389; x_wconf 59' lang='lat' dir='ltr'><em>Chrysa</em></span> <span class='ocrx_word' id='word_1_794' title='bbox 2491 2344 2530 2374; x_wconf 86' lang='lat' dir='ltr'><em>et</em></span> <span class='ocrx_word' id='word_1_795' title='bbox 2554 2339 2635 2375; x_wconf 77' lang='lat' dir='ltr'><em>La·</em></span> 
     </span>
     <span class='ocr_line' id='line_1_94' title="bbox 1400 2397 2633 2453; baseline -0.001 -14"><span class='ocrx_word' id='word_1_796' title='bbox 1400 2398 1508 2439; x_wconf 88' lang='lat' dir='ltr'><em>rissa</em></span> <span class='ocrx_word' id='word_1_797' title='bbox 1530 2399 1632 2440; x_wconf 87' lang='lat' dir='ltr'><em>alia.</em></span> <span class='ocrx_word' id='word_1_798' title='bbox 1653 2398 1903 2439; x_wconf 80' lang='lat' dir='ltr'><em>Smintheum</em></span> <span class='ocrx_word' id='word_1_799' title='bbox 1928 2397 2121 2453; x_wconf 83' lang='lat' dir='ltr'><em>templum</em></span> <span class='ocrx_word' id='word_1_800' title='bbox 2139 2397 2279 2437; x_wconf 88' lang='lat' dir='ltr'><em>durat.</em></span> <span class='ocrx_word' id='word_1_801' title='bbox 2299 2399 2430 2438; x_wconf 90' lang='lat' dir='ltr'><em>Porro</em></span> <span class='ocrx_word' id='word_1_802' title='bbox 2451 2397 2633 2438; x_wconf 87' lang='lat' dir='ltr'><em>AElianus</em></span> 
     </span>
     <span class='ocr_line' id='line_1_95' title="bbox 1399 2459 2635 2514; baseline -0.002 -13"><span class='ocrx_word' id='word_1_803' title='bbox 1399 2462 1452 2502; x_wconf 91' lang='lat' dir='ltr'><em>N.</em></span> <span class='ocrx_word' id='word_1_804' title='bbox 1477 2464 1556 2502; x_wconf 88' lang='lat' dir='ltr'><em>An.</em></span> <span class='ocrx_word' id='word_1_805' title='bbox 1583 2463 1680 2511; x_wconf 89' lang='lat' dir='ltr'>XII,</span> <span class='ocrx_word' id='word_1_806' title='bbox 1705 2461 1726 2501; x_wconf 91' lang='lat'>5</span> <span class='ocrx_word' id='word_1_807' title='bbox 1757 2460 1809 2501; x_wconf 90' lang='lat' dir='ltr'><em>de</em></span> <span class='ocrx_word' id='word_1_808' title='bbox 1838 2459 2122 2500; x_wconf 89' lang='lat' dir='ltr'><em>conditoribus</em></span> <span class='ocrx_word' id='word_1_809' title='bbox 2145 2459 2286 2514; x_wconf 91' lang='lat' dir='ltr'><em>templi</em></span> <span class='ocrx_word' id='word_1_810' title='bbox 2307 2473 2317 2499; x_wconf 89' lang='lat'>:</span> <span class='ocrx_word' id='word_1_811' title='bbox 2339 2459 2473 2510; x_wconf 84' lang='grc' dir='ltr'>ἥκουσι</span> <span class='ocrx_word' id='word_1_812' title='bbox 2499 2459 2564 2514; x_wconf 83' lang='grc' dir='ltr'>μὲν</span> <span class='ocrx_word' id='word_1_813' title='bbox 2584 2459 2635 2507; x_wconf 84' lang='grc' dir='ltr'><em>εἷς</em></span> 
     </span>
     <span class='ocr_line' id='line_1_96' title="bbox 1400 2520 2633 2579; baseline -0.002 -16"><span class='ocrx_word' id='word_1_814' title='bbox 1400 2520 1469 2573; x_wconf 83' lang='grc' dir='ltr'><em>τὴν</em></span> <span class='ocrx_word' id='word_1_815' title='bbox 1493 2522 1702 2579; x_wconf 82' lang='grc' dir='ltr'>Ἁμαξιτόν.</span> <span class='ocrx_word' id='word_1_816' title='bbox 1719 2525 1769 2563; x_wconf 91' lang='lat' dir='ltr'><em>In</em></span> <span class='ocrx_word' id='word_1_817' title='bbox 1783 2522 1888 2563; x_wconf 81' lang='lat' dir='ltr'><em>Tab.</em></span> <span class='ocrx_word' id='word_1_818' title='bbox 1913 2522 2227 2575; x_wconf 83' lang='lat' dir='ltr'><em>Peutingeriana</em></span> <span class='ocrx_word' id='word_1_819' title='bbox 2240 2521 2486 2562; x_wconf 76' lang='lat' dir='ltr'><em>Sminthium</em></span> <span class='ocrx_word' id='word_1_820' title='bbox 2509 2522 2633 2562; x_wconf 89' lang='lat' dir='ltr'><em>collo-</em></span> 
     </span>
     <span class='ocr_line' id='line_1_97' title="bbox 1401 2582 2636 2638; baseline -0.001 -12"><span class='ocrx_word' id='word_1_821' title='bbox 1401 2595 1517 2626; x_wconf 90' lang='lat' dir='ltr'><em>catur</em></span> <span class='ocrx_word' id='word_1_822' title='bbox 1532 2590 1556 2635; x_wconf 88' lang='lat'>4</span> <span class='ocrx_word' id='word_1_823' title='bbox 1572 2586 1671 2626; x_wconf 90' lang='lat' dir='ltr'><em>mill.</em></span> <span class='ocrx_word' id='word_1_824' title='bbox 1690 2586 1741 2625; x_wconf 91' lang='lat' dir='ltr'><em>ab</em></span> <span class='ocrx_word' id='word_1_825' title='bbox 1754 2584 2002 2626; x_wconf 88' lang='lat' dir='ltr'><em>Alexandria</em></span> <span class='ocrx_word' id='word_1_826' title='bbox 2014 2583 2202 2624; x_wconf 88' lang='lat' dir='ltr'><em>Troadis.</em></span> <span class='ocrx_word' id='word_1_827' title='bbox 2227 2582 2387 2636; x_wconf 88' lang='lat' dir='ltr'><em>Quodsi</em></span> <span class='ocrx_word' id='word_1_828' title='bbox 2402 2584 2482 2623; x_wconf 91' lang='lat' dir='ltr'><em>hoc</em></span> <span class='ocrx_word' id='word_1_829' title='bbox 2499 2585 2636 2638; x_wconf 91' lang='lat' dir='ltr'><em>ipsum</em></span> 
     </span>
     <span class='ocr_line' id='line_1_98' title="bbox 1401 2645 2636 2703; baseline -0.002 -15"><span class='ocrx_word' id='word_1_830' title='bbox 1401 2657 1462 2689; x_wconf 90' lang='lat' dir='ltr'><em>est</em></span> <span class='ocrx_word' id='word_1_831' title='bbox 1480 2648 1595 2699; x_wconf 91' lang='lat' dir='ltr'><em>illud,</em></span> <span class='ocrx_word' id='word_1_832' title='bbox 1614 2647 1727 2703; x_wconf 91' lang='lat' dir='ltr'><em>quod</em></span> <span class='ocrx_word' id='word_1_833' title='bbox 1750 2648 1792 2687; x_wconf 91' lang='lat' dir='ltr'><em>in</em></span> <span class='ocrx_word' id='word_1_834' title='bbox 1808 2647 1971 2702; x_wconf 87' lang='lat' dir='ltr'><em>Periplo</em></span> <span class='ocrx_word' id='word_1_835' title='bbox 1990 2654 2132 2686; x_wconf 91' lang='lat' dir='ltr'><em>nostro</em></span> <span class='ocrx_word' id='word_1_836' title='bbox 2155 2645 2379 2695; x_wconf 89' lang='lat' dir='ltr'><em>indicatur,</em></span> <span class='ocrx_word' id='word_1_837' title='bbox 2401 2660 2636 2687; x_wconf 89' lang='lat' dir='ltr'><em>memoran-</em></span> 
     </span>
     <span class='ocr_line' id='line_1_99' title="bbox 1401 2707 2362 2765; baseline -0.003 -14"><span class='ocrx_word' id='word_1_838' title='bbox 1401 2710 1503 2751; x_wconf 91' lang='lat' dir='ltr'><em>dum</em></span> <span class='ocrx_word' id='word_1_839' title='bbox 1524 2718 1609 2751; x_wconf 84' lang='lat' dir='ltr'><em>erat</em></span> <span class='ocrx_word' id='word_1_840' title='bbox 1631 2725 1715 2750; x_wconf 90' lang='lat' dir='ltr'><em>non</em></span> <span class='ocrx_word' id='word_1_841' title='bbox 1737 2718 1830 2765; x_wconf 91' lang='lat' dir='ltr'><em>post</em></span> <span class='ocrx_word' id='word_1_842' title='bbox 1845 2741 1856 2760; x_wconf 94' lang='lat'><em>,</em></span> <span class='ocrx_word' id='word_1_843' title='bbox 1878 2708 1950 2749; x_wconf 89' lang='lat' dir='ltr'><em>sed</em></span> <span class='ocrx_word' id='word_1_844' title='bbox 1970 2717 2063 2749; x_wconf 89' lang='lat' dir='ltr'><em>ante</em></span> <span class='ocrx_word' id='word_1_845' title='bbox 2081 2707 2362 2748; x_wconf 87' lang='lat' dir='ltr'><em>Hamaxitum.</em></span> 
     </span>
    </p>

    <p class='ocr_par' dir='ltr' id='par_1_11' title="bbox 1403 2770 2661 4069">
     <span class='ocr_line' id='line_1_100' title="bbox 1459 2770 2638 2828; baseline -0.003 -14"><span class='ocrx_word' id='word_1_846' title='bbox 1459 2776 1481 2826; x_wconf 71' lang='grc'>5</span> <span class='ocrx_word' id='word_1_847' title='bbox 1504 2777 1572 2826; x_wconf 85' lang='grc'><em>96.</em></span> <span class='ocrx_word' id='word_1_848' title='bbox 1600 2772 1678 2814; x_wconf 70' lang='grc' dir='ltr'><em>ἐπὶ</em></span> <span class='ocrx_word' id='word_1_849' title='bbox 1712 2772 1924 2828; x_wconf 83' lang='grc' dir='ltr'>θαλάττῃ</span> <span class='ocrx_word' id='word_1_850' title='bbox 1945 2771 1995 2811; x_wconf 81' lang='grc' dir='ltr'><em>αἵ</em></span> <span class='ocrx_word' id='word_1_851' title='bbox 2008 2772 2029 2810; x_wconf 86' lang='grc' dir='ltr'>δ</span> <span class='ocrx_word' id='word_1_852' title='bbox 2043 2771 2088 2825; x_wconf 88' lang='grc' dir='ltr'>ε]</span> <span class='ocrx_word' id='word_1_853' title='bbox 2111 2772 2322 2810; x_wconf 86' lang='lat' dir='ltr'><em>Lacunam</em></span> <span class='ocrx_word' id='word_1_854' title='bbox 2336 2770 2489 2820; x_wconf 87' lang='lat' dir='ltr'><em>notavi,</em></span> <span class='ocrx_word' id='word_1_855' title='bbox 2508 2784 2638 2824; x_wconf 91' lang='lat' dir='ltr'><em>quum</em></span> 
     </span>
     <span class='ocr_line' id='line_1_101' title="bbox 1403 2831 2638 2892; baseline -0.002 -16"><span class='ocrx_word' id='word_1_856' title='bbox 1403 2845 1619 2892; x_wconf 86' lang='lat' dir='ltr'><em>sequentes</em></span> <span class='ocrx_word' id='word_1_857' title='bbox 1638 2836 1761 2876; x_wconf 90' lang='lat' dir='ltr'><em>urbes</em></span> <span class='ocrx_word' id='word_1_858' title='bbox 1783 2850 1868 2876; x_wconf 92' lang='lat' dir='ltr'><em>non</em></span> <span class='ocrx_word' id='word_1_859' title='bbox 1890 2836 1972 2875; x_wconf 90' lang='lat' dir='ltr'><em>sint</em></span> <span class='ocrx_word' id='word_1_860' title='bbox 1989 2834 2205 2874; x_wconf 86' lang='lat' dir='ltr'><em>maritimae</em></span> <span class='ocrx_word' id='word_1_861' title='bbox 2217 2862 2229 2883; x_wconf 88' lang='lat'><em>,</em></span> <span class='ocrx_word' id='word_1_862' title='bbox 2262 2831 2547 2874; x_wconf 88' lang='lat' dir='ltr'><em>desiderentur</em></span> <span class='ocrx_word' id='word_1_863' title='bbox 2567 2849 2638 2874; x_wconf 90' lang='lat' dir='ltr'><em>au-</em></span> 
     </span>
     <span class='ocr_line' id='line_1_102' title="bbox 1403 2894 2634 2948; baseline -0.003 -8"><span class='ocrx_word' id='word_1_864' title='bbox 1403 2908 1486 2939; x_wconf 89' lang='lat' dir='ltr'><em>tem</em></span> <span class='ocrx_word' id='word_1_865' title='bbox 1502 2914 1585 2940; x_wconf 88' lang='lat' dir='ltr'><em>orae</em></span> <span class='ocrx_word' id='word_1_866' title='bbox 1600 2899 1724 2939; x_wconf 89' lang='lat' dir='ltr'><em>urbes</em></span> <span class='ocrx_word' id='word_1_867' title='bbox 1743 2899 1931 2938; x_wconf 82' lang='lat' dir='ltr'><em>maximae</em></span> <span class='ocrx_word' id='word_1_868' title='bbox 1948 2899 2090 2946; x_wconf 79' lang='lat' dir='ltr'><em>Assus,</em></span> <span class='ocrx_word' id='word_1_869' title='bbox 2112 2897 2295 2948; x_wconf 82' lang='lat' dir='ltr'><em>Gargara</em></span> <span class='ocrx_word' id='word_1_870' title='bbox 2312 2902 2352 2934; x_wconf 88' lang='lat' dir='ltr'><em>et</em></span> <span class='ocrx_word' id='word_1_871' title='bbox 2371 2894 2609 2936; x_wconf 89' lang='lat' dir='ltr'><em>Antandrus</em></span> <span class='ocrx_word' id='word_1_872' title='bbox 2623 2927 2634 2946; x_wconf 88' lang='lat'><em>,</em></span> 
     </span>
     <span class='ocr_line' id='line_1_103' title="bbox 1404 2958 2661 3016; baseline -0.006 -14"><span class='ocrx_word' id='word_1_873' title='bbox 1404 2976 1581 3016; x_wconf 89' lang='lat' dir='ltr'><em>quarum</em></span> <span class='ocrx_word' id='word_1_874' title='bbox 1600 2970 1807 3016; x_wconf 89' lang='lat' dir='ltr'><em>postrema</em></span> <span class='ocrx_word' id='word_1_875' title='bbox 1829 2961 1871 3000; x_wconf 91' lang='lat' dir='ltr'><em>in</em></span> <span class='ocrx_word' id='word_1_876' title='bbox 1888 2973 1978 3014; x_wconf 89' lang='lat' dir='ltr'><em>sqq.</em></span> <span class='ocrx_word' id='word_1_877' title='bbox 2005 2959 2061 2998; x_wconf 91' lang='lat' dir='ltr'><em>ita</em></span> <span class='ocrx_word' id='word_1_878' title='bbox 2083 2965 2351 3006; x_wconf 84' lang='lat' dir='ltr'><em>memoratur,</em></span> <span class='ocrx_word' id='word_1_879' title='bbox 2369 2965 2416 2996; x_wconf 90' lang='lat' dir='ltr'><em>ut</em></span> <span class='ocrx_word' id='word_1_880' title='bbox 2433 2965 2568 3011; x_wconf 88' lang='lat' dir='ltr'><em>pateat</em></span> <span class='ocrx_word' id='word_1_881' title='bbox 2586 2958 2638 2998; x_wconf 89' lang='lat' dir='ltr'><em>de</em></span> <span class='ocrx_word' id='word_1_882' title='bbox 2653 2985 2661 2995; x_wconf 89' lang='lat'><em>.</em></span> 
     </span>
     <span class='ocr_line' id='line_1_104' title="bbox 1404 3018 2640 3079; baseline -0.004 -13"><span class='ocrx_word' id='word_1_883' title='bbox 1404 3039 1451 3065; x_wconf 86' lang='lat' dir='ltr'><em>ea</em></span> <span class='ocrx_word' id='word_1_884' title='bbox 1470 3024 1556 3079; x_wconf 89' lang='lat' dir='ltr'><em>jam</em></span> <span class='ocrx_word' id='word_1_885' title='bbox 1576 3024 1734 3064; x_wconf 90' lang='lat' dir='ltr'><em>dictum</em></span> <span class='ocrx_word' id='word_1_886' title='bbox 1758 3037 1843 3064; x_wconf 89' lang='lat' dir='ltr'><em>esse</em></span> <span class='ocrx_word' id='word_1_887' title='bbox 1879 3023 1922 3062; x_wconf 91' lang='lat' dir='ltr'><em>in</em></span> <span class='ocrx_word' id='word_1_888' title='bbox 1945 3029 2101 3062; x_wconf 85' lang='lat' dir='ltr'><em>anteco.</em></span> <span class='ocrx_word' id='word_1_889' title='bbox 2130 3020 2260 3073; x_wconf 83' lang='lat' dir='ltr'><em>Igitur</em></span> <span class='ocrx_word' id='word_1_890' title='bbox 2280 3018 2429 3058; x_wconf 86' lang='lat' dir='ltr'><em>fuerit:</em></span> <span class='ocrx_word' id='word_1_891' title='bbox 2459 3018 2550 3059; x_wconf 78' lang='grc' dir='ltr'>εἰσὶν</span> <span class='ocrx_word' id='word_1_892' title='bbox 2579 3019 2640 3061; x_wconf 81' lang='grc' dir='ltr'><em>ἐπὶ</em></span> 
     </span>
     <span class='ocr_line' id='line_1_105' title="bbox 1406 3080 2638 3143; baseline -0.004 -16"><span class='ocrx_word' id='word_1_893' title='bbox 1406 3087 1576 3143; x_wconf 84' lang='grc' dir='ltr'>θαλάττῃ</span> <span class='ocrx_word' id='word_1_894' title='bbox 1598 3087 1694 3127; x_wconf 81' lang='grc' dir='ltr'>αἵδε·</span> <span class='ocrx_word' id='word_1_895' title='bbox 1720 3085 1895 3139; x_wconf 76' lang='grc' dir='ltr'>[’Άσσος,</span> <span class='ocrx_word' id='word_1_896' title='bbox 1919 3085 2111 3139; x_wconf 87' lang='grc' dir='ltr'>Γάργαρα,</span> <span class='ocrx_word' id='word_1_897' title='bbox 2138 3081 2371 3134; x_wconf 78' lang='grc' dir='ltr'>Ἄντανδρος·</span> <span class='ocrx_word' id='word_1_898' title='bbox 2400 3080 2438 3121; x_wconf 83' lang='grc' dir='ltr'>ἐν</span> <span class='ocrx_word' id='word_1_899' title='bbox 2461 3081 2500 3121; x_wconf 86' lang='grc' dir='ltr'>δὲ</span> <span class='ocrx_word' id='word_1_900' title='bbox 2524 3097 2638 3136; x_wconf 87' lang='grc' dir='ltr'>μεσο-</span> 
     </span>
     <span class='ocr_line' id='line_1_106' title="bbox 1405 3142 2634 3205; baseline -0.005 -15"><span class='ocrx_word' id='word_1_901' title='bbox 1405 3150 1493 3205; x_wconf 80' lang='grc' dir='ltr'>γείᾳ</span> <span class='ocrx_word' id='word_1_902' title='bbox 1509 3151 1605 3190; x_wconf 82' lang='grc' dir='ltr'>αἵδε·</span> <span class='ocrx_word' id='word_1_903' title='bbox 1625 3152 1639 3205; x_wconf 97' lang='grc'>]</span> <span class='ocrx_word' id='word_1_904' title='bbox 1661 3146 1807 3204; x_wconf 73' lang='grc' dir='ltr'>Κεὸρὴν</span> <span class='ocrx_word' id='word_1_905' title='bbox 1826 3148 1912 3189; x_wconf 91' lang='grc' dir='ltr'>κτλ.</span> <span class='ocrx_word' id='word_1_906' title='bbox 1934 3150 2026 3200; x_wconf 78' lang='grc'><em>11-</em></span> <span class='ocrx_word' id='word_1_907' title='bbox 2040 3142 2236 3199; x_wconf 71' lang='grc' dir='ltr'>Κεὸρὴν]</span> <span class='ocrx_word' id='word_1_908' title='bbox 2257 3143 2401 3197; x_wconf 74' lang='grc' dir='ltr'>Κέὸρην</span> <span class='ocrx_word' id='word_1_909' title='bbox 2417 3143 2634 3194; x_wconf 40' lang='lat' dir='ltr'><em>codex.,V.</em></span> 
     </span>
     <span class='ocr_line' id='line_1_107' title="bbox 1406 3205 2639 3265; baseline -0.005 -12"><span class='ocrx_word' id='word_1_910' title='bbox 1406 3212 1625 3254; x_wconf 88' lang='lat' dir='ltr'><em>Arcadius.</em></span> <span class='ocrx_word' id='word_1_911' title='bbox 1651 3214 1714 3252; x_wconf 87' lang='lat' dir='ltr'><em>Dc</em></span> <span class='ocrx_word' id='word_1_912' title='bbox 1738 3226 1821 3252; x_wconf 90' lang='lat' dir='ltr'><em>acc.</em></span> <span class='ocrx_word' id='word_1_913' title='bbox 1844 3225 1887 3265; x_wconf 92' lang='lat' dir='ltr'><em>p.</em></span> <span class='ocrx_word' id='word_1_914' title='bbox 1911 3225 1953 3263; x_wconf 89' lang='lat'><em>9,</em></span> <span class='ocrx_word' id='word_1_915' title='bbox 1978 3224 2019 3262; x_wconf 90' lang='lat'><em>9.</em></span> <span class='ocrx_word' id='word_1_916' title='bbox 2046 3210 2108 3248; x_wconf 90' lang='lat' dir='ltr'><em>De</em></span> <span class='ocrx_word' id='word_1_917' title='bbox 2134 3207 2216 3246; x_wconf 91' lang='lat' dir='ltr'><em>situ</em></span> <span class='ocrx_word' id='word_1_918' title='bbox 2233 3205 2440 3245; x_wconf 86' lang='lat' dir='ltr'><em>Cebreniae</em></span> <span class='ocrx_word' id='word_1_919' title='bbox 2462 3206 2639 3259; x_wconf 83' lang='lat' dir='ltr'><em>regionis</em></span> 
     </span>
     <span class='ocr_line' id='line_1_108' title="bbox 1407 3268 2638 3328; baseline -0.006 -12"><span class='ocrx_word' id='word_1_920' title='bbox 1407 3290 1430 3316; x_wconf 90' lang='lat' dir='ltr'><em>e</em></span> <span class='ocrx_word' id='word_1_921' title='bbox 1452 3276 1663 3316; x_wconf 89' lang='lat' dir='ltr'><em>Demetrio</em></span> <span class='ocrx_word' id='word_1_922' title='bbox 1680 3274 1858 3328; x_wconf 89' lang='lat' dir='ltr'><em>Scepsio,</em></span> <span class='ocrx_word' id='word_1_923' title='bbox 1880 3272 2029 3312; x_wconf 89' lang='lat' dir='ltr'><em>harum</em></span> <span class='ocrx_word' id='word_1_924' title='bbox 2046 3269 2261 3323; x_wconf 86' lang='lat' dir='ltr'><em>regionum</em></span> <span class='ocrx_word' id='word_1_925' title='bbox 2278 3268 2540 3321; x_wconf 86' lang='lat' dir='ltr'><em>peritissimo,</em></span> <span class='ocrx_word' id='word_1_926' title='bbox 2562 3283 2638 3309; x_wconf 91' lang='lat' dir='ltr'><em>nos</em></span> 
     </span>
     <span class='ocr_line' id='line_1_109' title="bbox 1407 3328 2640 3389; baseline -0.007 -10"><span class='ocrx_word' id='word_1_927' title='bbox 1407 3337 1528 3378; x_wconf 86' lang='lat' dir='ltr'><em>docet</em></span> <span class='ocrx_word' id='word_1_928' title='bbox 1543 3337 1687 3378; x_wconf 90' lang='lat' dir='ltr'><em>Strabo</em></span> <span class='ocrx_word' id='word_1_929' title='bbox 1703 3337 1807 3376; x_wconf 91' lang='lat' dir='ltr'>XIII</span> <span class='ocrx_word' id='word_1_930' title='bbox 1820 3365 1831 3384; x_wconf 94' lang='lat'><em>,</em></span> <span class='ocrx_word' id='word_1_931' title='bbox 1852 3348 1895 3389; x_wconf 90' lang='lat' dir='ltr'><em>p.</em></span> <span class='ocrx_word' id='word_1_932' title='bbox 1934 3332 2012 3385; x_wconf 89' lang='lat'><em>596</em></span> <span class='ocrx_word' id='word_1_933' title='bbox 2036 3345 2097 3385; x_wconf 91' lang='lat' dir='ltr'><em>sq.</em></span> <span class='ocrx_word' id='word_1_934' title='bbox 2124 3334 2202 3371; x_wconf 88' lang='lat'><em>606</em></span> <span class='ocrx_word' id='word_1_935' title='bbox 2223 3343 2285 3383; x_wconf 87' lang='lat' dir='ltr'><em>sq.</em></span> <span class='ocrx_word' id='word_1_936' title='bbox 2319 3328 2382 3369; x_wconf 87' lang='lat' dir='ltr'><em>Cf.</em></span> <span class='ocrx_word' id='word_1_937' title='bbox 2403 3330 2640 3384; x_wconf 90' lang='lat' dir='ltr'><em>Xenophon</em></span> 
     </span>
     <span class='ocr_line' id='line_1_110' title="bbox 1407 3390 2641 3451; baseline -0.008 -9"><span class='ocrx_word' id='word_1_938' title='bbox 1407 3400 1564 3442; x_wconf 91' lang='lat' dir='ltr'><em>Hellen.</em></span> <span class='ocrx_word' id='word_1_939' title='bbox 1590 3401 1667 3449; x_wconf 87' lang='lat' dir='ltr'>III,</span> <span class='ocrx_word' id='word_1_940' title='bbox 1694 3412 1710 3438; x_wconf 92' lang='lat'>1</span> <span class='ocrx_word' id='word_1_941' title='bbox 1729 3429 1740 3448; x_wconf 97' lang='lat'><em>,</em></span> <span class='ocrx_word' id='word_1_942' title='bbox 1770 3411 1842 3451; x_wconf 80' lang='lat'><em>173</em></span> <span class='ocrx_word' id='word_1_943' title='bbox 1874 3395 2066 3450; x_wconf 90' lang='lat' dir='ltr'><em>Ephorus</em></span> <span class='ocrx_word' id='word_1_944' title='bbox 2085 3392 2137 3433; x_wconf 91' lang='lat' dir='ltr'><em>fr.</em></span> <span class='ocrx_word' id='word_1_945' title='bbox 2163 3405 2215 3432; x_wconf 87' lang='lat'><em>22</em></span> <span class='ocrx_word' id='word_1_946' title='bbox 2246 3390 2348 3447; x_wconf 90' lang='lat' dir='ltr'><em>(ubi</em></span> <span class='ocrx_word' id='word_1_947' title='bbox 2381 3391 2542 3431; x_wconf 89' lang='lat' dir='ltr'><em>Cebren</em></span> <span class='ocrx_word' id='word_1_948' title='bbox 2560 3393 2641 3433; x_wconf 86' lang='lat' dir='ltr'><em>Cu-</em></span> 
     </span>
     <span class='ocr_line' id='line_1_111' title="bbox 1406 3454 2638 3513; baseline -0.01 -9"><span class='ocrx_word' id='word_1_949' title='bbox 1406 3476 1607 3504; x_wconf 90' lang='lat' dir='ltr'><em>maeorum</em></span> <span class='ocrx_word' id='word_1_950' title='bbox 1639 3460 1800 3501; x_wconf 90' lang='lat' dir='ltr'><em>colonia</em></span> <span class='ocrx_word' id='word_1_951' title='bbox 1832 3458 1985 3498; x_wconf 89' lang='lat' dir='ltr'><em>dicitur</em></span> <span class='ocrx_word' id='word_1_952' title='bbox 2004 3456 2036 3513; x_wconf 88' lang='lat'><em>);</em></span> <span class='ocrx_word' id='word_1_953' title='bbox 2068 3454 2336 3496; x_wconf 84' lang='lat' dir='ltr'><em>Demosthen.</em></span> <span class='ocrx_word' id='word_1_954' title='bbox 2372 3467 2415 3508; x_wconf 90' lang='lat' dir='ltr'><em>p.</em></span> <span class='ocrx_word' id='word_1_955' title='bbox 2452 3458 2547 3508; x_wconf 90' lang='lat'><em>671,</em></span> <span class='ocrx_word' id='word_1_956' title='bbox 2583 3470 2638 3508; x_wconf 89' lang='lat'><em>9;</em></span> 
     </span>
     <span class='ocr_line' id='line_1_112' title="bbox 1408 3516 2641 3579; baseline -0.006 -14"><span class='ocrx_word' id='word_1_957' title='bbox 1408 3524 1549 3579; x_wconf 87' lang='lat' dir='ltr'><em>Steph.</em></span> <span class='ocrx_word' id='word_1_958' title='bbox 1579 3525 1676 3578; x_wconf 87' lang='lat' dir='ltr'><em>Byz.</em></span> <span class='ocrx_word' id='word_1_959' title='bbox 1704 3536 1744 3563; x_wconf 84' lang='lat' dir='ltr'><em>v.</em></span> <span class='ocrx_word' id='word_1_960' title='bbox 1779 3518 1985 3575; x_wconf 75' lang='grc' dir='ltr'>Κεὸρηνία.</span> <span class='ocrx_word' id='word_1_961' title='bbox 2025 3518 2268 3558; x_wconf 84' lang='lat' dir='ltr'><em>Mannertus</em></span> <span class='ocrx_word' id='word_1_962' title='bbox 2288 3530 2331 3570; x_wconf 92' lang='lat' dir='ltr'><em>p.</em></span> <span class='ocrx_word' id='word_1_963' title='bbox 2365 3518 2445 3563; x_wconf 91' lang='grc'><em>466</em></span> <span class='ocrx_word' id='word_1_964' title='bbox 2469 3516 2641 3571; x_wconf 86' lang='lat' dir='ltr'><em>Scylacis</em></span> 
     </span>
     <span class='ocr_line' id='line_1_113' title="bbox 1409 3578 2642 3637; baseline -0.006 -10"><span class='ocrx_word' id='word_1_965' title='bbox 1409 3587 1570 3637; x_wconf 88' lang='lat' dir='ltr'><em>verbis,</em></span> <span class='ocrx_word' id='word_1_966' title='bbox 1605 3586 1665 3625; x_wconf 91' lang='lat' dir='ltr'><em>uti</em></span> <span class='ocrx_word' id='word_1_967' title='bbox 1700 3585 1742 3624; x_wconf 91' lang='lat' dir='ltr'><em>in</em></span> <span class='ocrx_word' id='word_1_968' title='bbox 1774 3582 2024 3624; x_wconf 87' lang='lat' dir='ltr'><em>editionibus</em></span> <span class='ocrx_word' id='word_1_969' title='bbox 2046 3579 2306 3629; x_wconf 84' lang='lat' dir='ltr'><em>exhibentur,</em></span> <span class='ocrx_word' id='word_1_970' title='bbox 2332 3578 2536 3629; x_wconf 89' lang='lat' dir='ltr'><em>innitens,</em></span> <span class='ocrx_word' id='word_1_971' title='bbox 2565 3579 2642 3619; x_wconf 90' lang='lat' dir='ltr'><em>sibi</em></span> 
     </span>
     <span class='ocr_line' id='line_1_114' title="bbox 1409 3642 2642 3705; baseline -0.007 -15"><span class='ocrx_word' id='word_1_972' title='bbox 1409 3649 1609 3705; x_wconf 87' lang='lat' dir='ltr'><em>persuasit</em></span> <span class='ocrx_word' id='word_1_973' title='bbox 1623 3647 1851 3689; x_wconf 89' lang='lat' dir='ltr'><em>Cebrenem</em></span> <span class='ocrx_word' id='word_1_974' title='bbox 1867 3660 1916 3686; x_wconf 90' lang='lat' dir='ltr'><em>eo</em></span> <span class='ocrx_word' id='word_1_975' title='bbox 1932 3645 2024 3686; x_wconf 92' lang='lat' dir='ltr'><em>loco</em></span> <span class='ocrx_word' id='word_1_976' title='bbox 2041 3644 2160 3684; x_wconf 88' lang='lat' dir='ltr'><em>sitam</em></span> <span class='ocrx_word' id='word_1_977' title='bbox 2175 3642 2314 3692; x_wconf 87' lang='lat' dir='ltr'><em>fuisse,</em></span> <span class='ocrx_word' id='word_1_978' title='bbox 2332 3655 2415 3696; x_wconf 94' lang='lat' dir='ltr'><em>quo</em></span> <span class='ocrx_word' id='word_1_979' title='bbox 2431 3650 2570 3696; x_wconf 87' lang='lat' dir='ltr'><em>postea</em></span> <span class='ocrx_word' id='word_1_980' title='bbox 2583 3657 2642 3682; x_wconf 91' lang='lat' dir='ltr'><em>es-</em></span> 
     </span>
     <span class='ocr_line' id='line_1_115' title="bbox 1410 3703 2640 3763; baseline -0.009 -11"><span class='ocrx_word' id='word_1_981' title='bbox 1410 3720 1471 3752; x_wconf 89' lang='lat' dir='ltr'><em>set</em></span> <span class='ocrx_word' id='word_1_982' title='bbox 1502 3713 1628 3753; x_wconf 89' lang='lat' dir='ltr'><em>Assus</em></span> <span class='ocrx_word' id='word_1_983' title='bbox 1661 3709 1774 3750; x_wconf 90' lang='lat' dir='ltr'><em>urbs.</em></span> <span class='ocrx_word' id='word_1_984' title='bbox 1818 3712 1836 3763; x_wconf 78' lang='grc' dir='ltr'>Η</span> <span class='ocrx_word' id='word_1_985' title='bbox 1873 3732 1930 3739; x_wconf 91' lang='lat'><em>-—</em></span> <span class='ocrx_word' id='word_1_986' title='bbox 1964 3705 2274 3760; x_wconf 88' lang='grc' dir='ltr'>Νεάνδρεια]</span> <span class='ocrx_word' id='word_1_987' title='bbox 2310 3705 2373 3744; x_wconf 83' lang='lat' dir='ltr'><em>De</em></span> <span class='ocrx_word' id='word_1_988' title='bbox 2408 3705 2488 3743; x_wconf 90' lang='lat' dir='ltr'><em>situ</em></span> <span class='ocrx_word' id='word_1_989' title='bbox 2527 3703 2640 3742; x_wconf 85' lang='lat' dir='ltr'><em>urbis</em></span> 
     </span>
     <span class='ocr_line' id='line_1_116' title="bbox 1410 3765 2640 3828; baseline -0.01 -13"><span class='ocrx_word' id='word_1_990' title='bbox 1410 3774 1556 3816; x_wconf 87' lang='lat' dir='ltr'><em>Strabo</em></span> <span class='ocrx_word' id='word_1_991' title='bbox 1582 3775 1700 3823; x_wconf 91' lang='lat' dir='ltr'>XIII,</span> <span class='ocrx_word' id='word_1_992' title='bbox 1725 3787 1768 3828; x_wconf 93' lang='lat' dir='ltr'><em>p.</em></span> <span class='ocrx_word' id='word_1_993' title='bbox 1791 3775 1870 3813; x_wconf 90' lang='grc'><em>606</em></span> <span class='ocrx_word' id='word_1_994' title='bbox 1893 3784 1903 3812; x_wconf 79' lang='lat'>2</span> <span class='ocrx_word' id='word_1_995' title='bbox 1928 3771 2004 3822; x_wconf 88' lang='grc' dir='ltr'><em>Τῆς</em></span> <span class='ocrx_word' id='word_1_996' title='bbox 2025 3768 2091 3825; x_wconf 80' lang='grc' dir='ltr'>μὲν</span> <span class='ocrx_word' id='word_1_997' title='bbox 2112 3767 2186 3824; x_wconf 82' lang='grc' dir='ltr'>γὰρ</span> <span class='ocrx_word' id='word_1_998' title='bbox 2212 3765 2404 3822; x_wconf 74' lang='grc' dir='ltr'>Ἁμαξιτοῦ</span> <span class='ocrx_word' id='word_1_999' title='bbox 2423 3765 2640 3818; x_wconf 78' lang='grc' dir='ltr'>Νεανδριεῖς</span> 
     </span>
     <span class='ocr_line' id='line_1_117' title="bbox 1410 3827 2639 3891; baseline -0.011 -13"><span class='ocrx_word' id='word_1_1000' title='bbox 1410 3836 1660 3891; x_wconf 70' lang='grc' dir='ltr'>ὑπέρκεινται,</span> <span class='ocrx_word' id='word_1_1001' title='bbox 1679 3835 1744 3876; x_wconf 86' lang='grc' dir='ltr'><em>καὶ</em></span> <span class='ocrx_word' id='word_1_1002' title='bbox 1759 3833 1867 3874; x_wconf 69' lang='grc' dir='ltr'>αὐτοὶ</span> <span class='ocrx_word' id='word_1_1003' title='bbox 1882 3834 1988 3880; x_wconf 87' lang='grc' dir='ltr'>ὄντες</span> <span class='ocrx_word' id='word_1_1004' title='bbox 2003 3831 2108 3879; x_wconf 77' lang='grc' dir='ltr'>ἐντὸς</span> <span class='ocrx_word' id='word_1_1005' title='bbox 2122 3832 2280 3878; x_wconf 75' lang='grc' dir='ltr'>Λεκτοῦ,</span> <span class='ocrx_word' id='word_1_1006' title='bbox 2298 3827 2585 3883; x_wconf 87' lang='grc' dir='ltr'>μεσογαιότεροί</span> <span class='ocrx_word' id='word_1_1007' title='bbox 2598 3841 2639 3866; x_wconf 85' lang='grc' dir='ltr'><em>τε</em></span> 
     </span>
     <span class='ocr_line' id='line_1_118' title="bbox 1411 3888 2640 3952; baseline -0.011 -13"><span class='ocrx_word' id='word_1_1008' title='bbox 1411 3898 1476 3939; x_wconf 80' lang='grc' dir='ltr'><em>καὶ</em></span> <span class='ocrx_word' id='word_1_1009' title='bbox 1491 3897 1755 3952; x_wconf 86' lang='grc' dir='ltr'>πλησιαίτεροι</span> <span class='ocrx_word' id='word_1_1010' title='bbox 1776 3895 1896 3952; x_wconf 81' lang='grc' dir='ltr'>Ἰλίῳ·</span> <span class='ocrx_word' id='word_1_1011' title='bbox 1916 3896 2087 3949; x_wconf 77' lang='grc' dir='ltr'>διέχουσι</span> <span class='ocrx_word' id='word_1_1012' title='bbox 2101 3891 2175 3947; x_wconf 83' lang='grc' dir='ltr'>γὰρ</span> <span class='ocrx_word' id='word_1_1013' title='bbox 2200 3890 2334 3931; x_wconf 74' lang='grc' dir='ltr'>ἑκατὸν</span> <span class='ocrx_word' id='word_1_1014' title='bbox 2359 3889 2423 3929; x_wconf 80' lang='grc' dir='ltr'><em>καὶ</em></span> <span class='ocrx_word' id='word_1_1015' title='bbox 2439 3888 2640 3942; x_wconf 84' lang='grc' dir='ltr'>τριάκοντα</span> 
     </span>
     <span class='ocr_line' id='line_1_119' title="bbox 1411 3953 2639 4012; baseline -0.011 -11"><span class='ocrx_word' id='word_1_1016' title='bbox 1411 3960 1596 4007; x_wconf 87' lang='grc' dir='ltr'>σταδίους·</span> <span class='ocrx_word' id='word_1_1017' title='bbox 1629 3960 1774 4000; x_wconf 76' lang='grc' dir='ltr'>τούτων</span> <span class='ocrx_word' id='word_1_1018' title='bbox 1801 3958 1841 3999; x_wconf 82' lang='grc' dir='ltr'>δὲ</span> <span class='ocrx_word' id='word_1_1019' title='bbox 1868 3957 2077 4012; x_wconf 67' lang='grc' dir='ltr'>καθύπερθε</span> <span class='ocrx_word' id='word_1_1020' title='bbox 2107 3953 2308 4008; x_wconf 74' lang='grc' dir='ltr'>Κεὸρηνία.</span> <span class='ocrx_word' id='word_1_1021' title='bbox 2335 3953 2450 3991; x_wconf 90' lang='lat' dir='ltr'><em>Hanc</em></span> <span class='ocrx_word' id='word_1_1022' title='bbox 2475 3964 2639 4004; x_wconf 87' lang='lat' dir='ltr'><em>quoque</em></span> 
     </span>
     <span class='ocr_line' id='line_1_120' title="bbox 1411 4011 2643 4069; baseline -0.012 -4"><span class='ocrx_word' id='word_1_1023' title='bbox 1411 4023 1554 4064; x_wconf 87' lang='lat' dir='ltr'><em>urbem</em></span> <span class='ocrx_word' id='word_1_1024' title='bbox 1588 4023 1829 4063; x_wconf 86' lang='lat' dir='ltr'><em>Mannertus</em></span> <span class='ocrx_word' id='word_1_1025' title='bbox 1860 4020 1888 4060; x_wconf 92' lang='grc'><em>1.</em></span> <span class='ocrx_word' id='word_1_1026' title='bbox 1922 4019 1950 4060; x_wconf 90' lang='lat' dir='ltr'><em>l.</em></span> <span class='ocrx_word' id='word_1_1027' title='bbox 1983 4027 2022 4059; x_wconf 92' lang='lat' dir='ltr'><em>et</em></span> <span class='ocrx_word' id='word_1_1028' title='bbox 2051 4015 2379 4069; x_wconf 70' lang='lat' dir='ltr'><em>Forbigerusll,</em></span> <span class='ocrx_word' id='word_1_1029' title='bbox 2411 4026 2453 4067; x_wconf 87' lang='lat' dir='ltr'><em>p.</em></span> <span class='ocrx_word' id='word_1_1030' title='bbox 2480 4014 2558 4060; x_wconf 89' lang='lat'><em>414</em></span> <span class='ocrx_word' id='word_1_1031' title='bbox 2589 4011 2643 4052; x_wconf 78' lang='lat' dir='ltr'><em>ad</em></span> 
     </span>
    </p>
   </div>
  </div>
 </body>
</html>
