2808 4342
701 121 744 162 0

188 194 279 235 ⁴8⁰

237 303 275 335 a.
311 285 411 334 Ἀπὸ
455 264 635 344 Aufidii*
680 282 737 332 εἰς
770 276 994 332 Πλινθίνην
1026 300 1091 311 -
1123 273 1247 324 σάλος
1284 272 1408 319 ἐστίν·

176 359 199 404 ὁ
217 356 340 408 τόπος
362 355 551 415 ἀλίμενος
575 378 630 389 —
652 348 808 396 στάδιοι
829 346 883 407 ζ’.

237 442 275 472 ε.
306 423 409 471 Ἀπὸ
445 420 664 474 Πλινθίνης
696 415 764 462 ἐπὶ
803 412 1036 472 Ταπόσιριν
1063 437 1129 448 -
1148 410 1266 464 πόλις
1303 411 1414 478 ἐστὶν

175 492 379 554 ἀλίμενος·
397 490 504 554 ἱερὸν
526 493 595 534 τοῦ
619 484 825 548 Ὀσίριδος
840 508 906 519 -
927 482 1087 534 στάδιοι
1106 480 1157 535 ζ’.

238 579 275 610 s.
313 559 412 607 Ἀπὸ
445 554 712 616 Ταποσίρεως
744 552 815 599 ἰπὶ
843 550 891 598 τὸ
914 549 1041 612 Χιμὼ
1064 577 1128 587 -
1158 548 1283 612 κώμη
1305 547 1414 596 ἱστί’

135 650 154 679 ι
178 630 317 694 βράχη
341 623 636 690 ἐπιφαινόμενα
658 649 717 658 -
739 620 898 668 στάδιοι
921 620 971 675 ζ’.

175 794 222 827 ut
240 796 381 824 sensus
400 782 453 822 sit
475 794 486 821 ε
510 788 657 836 portus
682 787 745 820 est
765 778 964 825 navibus.
999 791 1178 832 quarum
1203 790 1311 818 onus
1334 790 1419 817 non

174 844 336 887 excedit
355 842 464 884 mille
495 842 677 883 sarcinas
699 841 763 883 vel
781 839 968 891 modios,
990 840 1111 881 sicuti
1135 838 1234 880 alias
1254 837 1381 879 habes
1406 851 1417 879 :

177 906 296 963 λιμήν
317 905 398 947 ἐστι
419 893 582 952 πλοίοιξ
593 903 744 959 μικροῖς
765 901 780 960 (
799 905 823 956 S
842 904 911 952 84.
934 905 1004 956 96.
1030 902 1108 943 128
1131 899 1165 957 ),
1195 899 1311 955 βάθος
1331 914 1422 955 φορ-

176 969 312 1025 τηγοῖς
340 966 392 1024 (S
419 967 494 1021 12)
512 974 552 1007 et
584 979 677 1020 quae
699 964 852 1020 passim
875 970 1102 1005 occurrunt
1123 960 1286 1003 similia.
1317 961 1422 1002 Sunt

175 1036 273 1073 vero
283 1028 472 1086 φορτηγοὶ
492 1028 555 1071 vel
573 1026 695 1070 πλοῖα
711 1026 774 1068 vel
788 1026 950 1075 ὁλκάδες
967 1023 1225 1082 χιλιαγωγοὶ,
1240 1022 1419 1080 χιλιοφό-

172 1105 248 1147 pot,
266 1089 531 1147 χιλιυξόρτοι,
548 1100 670 1129 naves
686 1086 847 1141 generis
865 1086 1064 1137 minoris;
1084 1084 1327 1141 grandiores
1347 1099 1419 1124 vo·

171 1161 319 1196 camur
342 1150 601 1210 μυρῑαγωγοῑ»
627 1150 892 1206 μυριοφόρτοι»
926 1151 1154 1207 μυριοφόροι
1177 1152 1195 1205 (
1206 1165 1246 1194 v·
1273 1149 1416 1207 steph.

173 1219 292 1259 Thes.
306 1231 342 1259 s.
356 1231 443 1267 vv„
458 1217 531 1258 ubi
544 1214 654 1257 adde
663 1214 855 1256 Strabon.
867 1229 910 1271 p.
928 1214 1008 1256 805
1025 1226 1035 1255 ε
1053 1214 1169 1268 βάθος
1183 1214 1276 1254 ὅσον
1289 1211 1421 1268 άρκεῖν

177 1279 395 1336 μυριοφόρῳ
407 1278 524 1335 νηί.).
543 1276 841 1327 Hoffmannus,
858 1277 981 1319 missa
1001 1290 1102 1317 voce
1115 1275 1275 1331 χιλίων,
1296 1274 1421 1316 scribi

175 1343 337 1386 voluit:
361 1342 481 1397 λιμήν
514 1341 616 1383 ἐστιν
653 1339 813 1396 ἀγωγῆς
845 1339 890 1380 οὗ
928 1339 1105 1395 μείζονος
1126 1339 1151 1391 ἢ
1177 1338 1343 1380 σταδίων
1367 1337 1418 1388 ζ’,

181 1426 196 1441 ι
222 1407 279 1447 ita
296 1413 343 1447 ut
363 1404 471 1446 hane
488 1403 715 1445 habeamus
734 1402 979 1444 sententiam
1003 1414 1013 1443 :
1035 1408 1182 1458 portus
1200 1408 1262 1441 est
1284 1398 1422 1441 aditus

173 1468 259 1509 sive
276 1467 360 1509 oris
374 1481 459 1508 non
482 1464 649 1520 majoris
662 1480 790 1522 quam
806 1464 1037 1507 stadiorum
1058 1470 1231 1519 septem.
1253 1482 1269 1498 ι
1295 1460 1421 1515 Quod

167 1537 298 1584 *quam
313 1526 541 1570 absurdum
568 1527 696 1579 soret,
713 1528 885 1569 sensisse
902 1526 1039 1568 editor
1058 1539 1145 1567 non
1168 1523 1346 1565 videtur.
1366 1547 1424 1556 -

176 1591 250 1631 His
281 1590 535 1646 praemonitis
571 1588 627 1633 de
655 1590 846 1630 universa
878 1588 1004 1644 hujus
1033 1587 1228 1641 segminis
1264 1587 1424 1628 ratione

175 1661 359 1710 superest
381 1661 427 1694 ut
447 1660 681 1694 moneatur.
707 1650 823 1706 Quid
845 1651 922 1692 sibi
945 1650 1032 1691 vult
1054 1648 1154 1691 illud
1173 1648 1225 1698 εἰς
1247 1648 1424 1704 Δυσμάςῒ

174 1717 284 1757 Num
303 1730 387 1757 orae
409 1716 630 1757 maritimae
649 1715 764 1757 locus
782 1729 833 1756 eo
853 1715 1022 1756 nomine
1041 1712 1278 1755 indicatur?
1297 1713 1423 1754 Mini-

177 1794 241 1820 me
263 1778 307 1820 id
325 1778 555 1834 probabile.
575 1780 682 1820 Nam
697 1778 830 1820 stadia
848 1786 1005 1834 septem
1029 1777 1071 1818 in
1090 1790 1253 1826 summa
1271 1773 1424 1818 stadio·

176 1855 269 1882 rum
298 1842 404 1883 1550
426 1840 723 1897 comprehendi
740 1847 969 1895 nequeunt,
986 1853 1035 1880 ac
1048 1839 1223 1879 omnino
1240 1845 1322 1878 tam
1343 1840 1426 1879 exi·

175 1916 255 1956 gua
273 1902 486 1944 intervalla
503 1903 546 1943 in
565 1916 638 1943 ora
655 1915 741 1943 non
759 1901 893 1943 solent
907 1901 1058 1941 notari.
1084 1902 1216 1942 Porro
1237 1913 1288 1939 ne
1305 1908 1424 1955 putes

176 1978 254 2020 pro
274 1963 327 2016 ζ’,
344 1973 391 2007 ut
406 1964 518 2014 alias,
541 1966 599 2006 sic
610 1964 690 2006 hoc
701 1978 869 2019 quoque
881 1963 973 2004 loco
983 1961 1250 2004 scribendum
1267 1975 1354 2002 aese
1370 1962 1422 2059 ‘'2'’

177 2026 439 2081 sequentium
454 2026 644 2067 locorum
657 2026 763 2067 ratio
783 2033 907 2066 vetat.
925 2027 1067 2077 Quare
1077 2023 1111 2064 si
1128 2022 1255 2064 verbo
1273 2022 1381 2075 Δυσμ
1410 2036 1425 2067 ς

178 2102 332 2129 nomen
372 2089 590 2144 proprium
626 2087 782 2138 subest,
818 2085 1037 2142 legendum
1070 2086 1150 2126 erit
1185 2083 1235 2132 εἰς
1262 2084 1427 2138 Διδύμας

181 2150 372 2207 [νήσους],
390 2158 514 2206 atque
533 2149 657 2191 verba
678 2149 799 2204 λιμήν
813 2149 894 2190 ἐστι
910 2149 1016 2198 κτλ.,
1030 2162 1160 2203 quum
1179 2147 1222 2188 in
1236 2147 1426 2187 minimas

179 2211 277 2253 istas
298 2210 451 2252 insulas
475 2212 543 2252 vix
569 2209 799 2267 quadrent,
824 2210 877 2252 ad
907 2210 1151 2253 Chersonesi
1171 2216 1340 2264 portum
1364 2221 1428 2247 re-

178 2271 396 2324 trahenda,
421 2281 463 2314 et
485 2287 536 2315 ex
566 2273 751 2327 margine
772 2272 856 2314 hue
881 2270 1075 2313 translata
1106 2284 1195 2311 esse
1222 2269 1428 2311 censenda

180 2344 293 2378 sunt.
331 2336 382 2376 At
418 2336 506 2377 fieri
529 2336 653 2377 etiam
676 2343 813 2391 potest
834 2342 881 2375 ut
913 2334 1000 2390 ipsa
1033 2332 1158 2376 verba
1183 2331 1233 2380 εἰς
1254 2330 1399 2387 δυσμὰς
1414 2363 1424 2382 ,

185 2412 324 2440 versus
341 2412 546 2447 occasum,
568 2397 715 2453 aliquis
736 2394 1124 2451 annotaveritjuxta
1142 2410 1184 2438 v,
1211 2393 1300 2436 ’Δπὸ
1326 2392 1428 2435 Ἀλε-

178 2460 386 2516 ξανδρείας,
397 2474 446 2501 ex
462 2460 595 2515 iisque
606 2459 740 2502 scriba
754 2459 901 2516 aliquis
916 2472 1071 2501 novum
1087 2457 1242 2508 locum,
1259 2455 1426 2513 Δυσμὰς,

179 2524 359 2565 finxerit.
378 2526 515 2579 Atque
528 2523 608 2564 hoc
626 2522 821 2579 equidem
841 2523 1184 2564 verisimillimum
1204 2535 1290 2562 esse
1312 2520 1428 2562 dixe·

180 2588 274 2636 rim,
304 2587 346 2627 in
361 2600 536 2642 eamque
554 2587 798 2627 sententiam
818 2585 942 2626 latina
971 2584 1187 2626 adornavi.

236 2651 258 2701 S
279 2654 319 2690 3.
353 2649 503 2690 Πλινθ
520 2648 632 2701 ίνην
653 2650 667 2704 ]
695 2648 899 2700 Βλινθίνην
924 2647 1039 2698 cod-3
1068 2662 1150 2688 em.
1172 2645 1343 2687 GailiuS.
1368 2647 1429 2685 De

182 2710 388 2752 Plinthine
408 2711 511 2752 urbe
535 2720 576 2752 et
595 2712 689 2752 sinu
710 2710 923 2753 Plinthino
953 2710 1015 2751 vel
1037 2709 1294 2759 Plinthinite,
1313 2709 1383 2763 qui
1406 2722 1429 2749 a

182 2772 439 2813 Chersoneso
458 2788 589 2829 usque
608 2772 660 2814 ad
681 2775 844 2815 Leucen
863 2782 980 2815 acten
1001 2772 1194 2828 pertinet,
1222 2770 1314 2812 vide
1339 2779 1425 2811 not.

184 2832 236 2874 ad
253 2833 407 2890 Scylac.
429 2849 473 2890 p.
500 2838 569 2886 82,
588 2836 660 2877 ubi
677 2834 784 2877 adde
803 2837 1057 2892 Stephanum
1076 2837 1172 2890 Byz.
1193 2847 1203 2875 ε
1222 2833 1426 2886 Πλινθίνη,

183 2896 295 2945 πόλις
321 2899 389 2949 τῆς
410 2896 620 2953 Αἰγυπτίας
646 2898 707 2939 ἐπὶ
725 2901 792 2950 τῆς
811 2899 994 2953 Μαρείας.
1028 2896 1074 2938 ‘O
1094 2897 1255 2949 πολίτης
1270 2896 1430 2937 Πλινθι-

186 2959 302 3012 νίτης.
332 2958 458 3015 Apud
485 2959 748 3001 Herodotum
771 2962 827 3009 11,
848 2964 871 2999 6
899 2974 975 3015 pro
998 2959 1261 3010 Πλινθινήτεω
1283 2959 1430 3000 κόλπου

186 3022 286 3063 item·
321 3019 635 3062 rescribendum
676 3035 763 3062 esse
797 3020 1049 3061 Πλινθινίτεω
1065 3051 1076 3070 ,
1126 3034 1255 3074 quum
1299 3020 1430 3062 fornia

186 3082 451 3135 Πλινθινήτεω
465 3082 518 3125 ab
532 3097 614 3125 usu
635 3083 828 3140 AEgyptio
849 3083 980 3124 aliena
994 3084 1061 3132 sit,
1083 3091 1220 3123 censet
1238 3083 1427 3123 Meinelte

185 3145 237 3187 ad
251 3146 316 3188 St.
339 3147 386 3187 B.
416 3148 479 3188 De
509 3146 603 3188 vitis
621 3145 783 3187 cultura
801 3144 913 3201 apud
927 3145 1187 3187 Plinthinitas
1208 3145 1372 3186 inventa
1387 3160 1424 3186 v.

185 3206 421 3251 Hellanicus
434 3208 485 3250 sr.
506 3209 600 3259 155,
611 3206 706 3250 coll.
720 3206 924 3250 Strabone
938 3221 981 3263 p.
998 3221 1079 3262 799
1096 3219 1107 3248 ε
1125 3205 1282 3247 Εὖοινία
1297 3207 1336 3247 τέ
1350 3205 1429 3248 ἔστι

185 3270 270 3325 περὶ
287 3270 375 3321 tob<
394 3272 533 3320 τόπους
555 3270 568 3327 (
586 3272 728 3312 Mariae
747 3269 887 3327 paludi
917 3269 1074 3311 vicinos
1090 3272 1123 3323 ),
1146 3270 1246 3310 ὥστε
1270 3268 1334 3309 καὶ
1352 3269 1430 3308 δια-

185 3332 343 3385 χεῖσθαι
370 3333 463 3389 πρὸς
484 3332 701 3375 παλαίωσιν
727 3333 794 3374 τὸν
816 3331 1018 3388 Μαρεῶτιν
1045 3329 1172 3372 οἶνον.
1207 3334 1224 3386 ΙΙ
1248 3354 1305 3363 -
1324 3332 1428 3371 στά-

185 3394 281 3434 διοι
303 3393 371 3451 μ’]
391 3395 450 3437 sic
468 3394 623 3445 codex;
641 3395 750 3436 σταδ.
775 3393 817 3444 ς’
837 3392 942 3435 male
953 3392 1103 3448 legerat
1121 3393 1283 3435 Iriarte.
1306 3392 1429 3448 Apud

100 3494 106 3500 .
186 3456 451 3498 Ptolemaeum
464 3459 541 3509 IV,
572 3458 612 3508 5,
631 3471 674 3513 p.
704 3459 785 3500 282
808 3455 1019 3499 Plinthine
1036 3455 1129 3512 (49⁰
1151 3454 1236 3512 45¹)
1257 3470 1281 3498 a
1302 3455 1431 3497 Cher-

187 3531 334 3559 soneso
365 3519 472 3576 (60⁰)
500 3518 624 3561 distat
645 3519 768 3561 unius
788 3519 940 3574 gradus
958 3526 1075 3575 parte
1089 3526 1235 3574 quarta
1257 3517 1320 3560 vel
1337 3533 1431 3559 cen-

188 3588 276 3621 tum
295 3580 438 3621 stadiis
450 3589 491 3623 et
512 3581 650 3637 paullo
666 3582 774 3638 plus.
792 3581 873 3624 Sed
895 3582 958 3623 his
988 3596 1042 3624 ne
1059 3580 1184 3624 fidem
1208 3581 1431 3624 babeamus

186 3656 238 3683 eo
259 3642 528 3698 impedimur,
553 3644 667 3699 quod
689 3644 934 3687 Ptolemaeus
961 3645 1199 3687 Plinthincn
1218 3643 1389 3687 collocat
1408 3659 1431 3686 a

186 3704 374 3760 Taposiri
410 3706 503 3759 (49ο
531 3706 613 3762 5ο’)
649 3722 839 3748 occasum
873 3721 1032 3758 versus,
1067 3722 1196 3763 quum
1229 3708 1429 3750 orientem

191 3780 332 3808 versus
349 3774 531 3823 ponatur
549 3775 639 3809 tum
666 3769 777 3824 apud
800 3771 997 3812 Nostrum
1021 3778 1107 3812 lum
1128 3769 1240 3827 apud
1261 3768 1430 3812 Strabo·

189 3842 303 3871 nem.
324 3829 501 3886 Lapieus
517 3828 572 3871 ad
599 3830 835 3873 Plinthinen
860 3833 1000 3874 rotulit
1018 3834 1157 3875 ruinas
1174 3848 1230 3875 aaa
1251 3831 1432 3875 nord-ese

191 3889 302 3932 dela
332 3900 427 3933 tour
444 3890 515 3934 des
547 3892 736 3943 Arabes,·
761 3908 1040 3950 numerosque
1067 3896 1225 3937 Iriartis
1252 3896 1308 3937 ita
1340 3908 1432 3936 mu·

192 3953 306 4002 tavit,
324 3955 407 4006 utS
427 3967 453 3995 2
471 3967 550 4010 pro
570 3953 608 4003 ζ’
623 3964 796 4011 poneret
812 3955 883 4006 ξζ’,
905 3960 927 4010 S
944 3958 967 3998 3
981 3971 1057 4012 pro
1073 3957 1115 4008 ς’
1133 3957 1328 3999 scriberet
1350 3955 1430 4012 ρς’.

192 4015 214 4065 S
234 4017 256 4063 4
280 4023 416 4056 autem
446 4025 624 4059 servaret
644 4032 866 4060 numerum
894 4018 944 4067 ζ’.
971 4020 1099 4061 Simili
1123 4019 1250 4061 modo
1272 4020 1314 4061 in
1344 4022 1367 4073 S
1391 4019 1431 4060 5.

1313 172 1597 221 ΔΝΟΝΥΜῙ

1536 274 1578 315 3.
1610 275 1648 316 Α
1668 274 1906 317 chersoneso
1920 274 1978 317 ad
1997 275 2236 331 IPlinthinen
2258 300 2315 308 —
2335 276 2473 318 Salum
2494 285 2555 318 est
2567 292 2579 328 ς
2602 285 2731 333 portu

1483 349 1597 383 caret
1614 341 1731 384 locus
1745 365 1802 375 —
1821 335 2028 398 stadiapo
2044 344 2115 401 (1(
2132 344 2166 402 ),
2374 362 2378 365 -
2742 371 2749 381 =

1542 413 1584 459 4.
1618 412 1655 452 A
1684 409 1894 452 Plinthine
1926 408 1979 451 ad
2009 410 2229 467 Taposirin
2249 436 2308 446 ·—
2327 413 2427 455 urbs
2456 414 2544 455 sine
2576 422 2729 470 portui

1488 480 1630 523 sanum
1649 479 1827 522 Osiridis
1843 504 1901 514 -
1917 479 2049 523 stadia
2071 479 2129 535 90'
2145 483 2162 535 (
2178 480 2217 538 ἱ(
2229 484 2263 536 ).

1546 549 1586 591 5.
1619 552 1653 591 Α
1674 550 1864 605 Taposiri
1886 548 1940 591 ad
1961 549 2113 591 Chimo
2132 573 2191 582 —
2209 550 2323 592 vicus
2342 559 2428 603 est;
2452 551 2592 594 brevia
2614 550 2730 607 adja-
2807 599 2808 602 Ἴ

1486 625 1582 659 cent
1599 618 1837 674 apparentia
1855 641 1912 649 —
1925 616 2056 659 stadia
2078 631 2132 672 90
2155 618 2172 671 (
2189 619 2224 673 ιγ’
2238 619 2271 672 ).

1492 776 1534 816 8.
1560 787 1625 815 11.
1656 774 1720 815 13.
1748 774 1814 823 15,
1838 787 1967 829 quum
1988 772 2128 815 redcat
2149 787 2348 815 numerus
2369 772 2406 822 ζ’
2421 782 2462 815 et
2479 783 2620 830 aperte
2639 790 2732 820 eor.

1491 844 1639 892 ruptus
1660 836 1729 887 sit,
1748 836 1927 892 Lapieus
1944 836 2110 891 reponit
2126 850 2320 877 numeros
2338 836 2435 891 ραζ’,
2458 836 2531 891 ρξ’,
2553 836 2629 889 κζ’,
2651 836 2733 894 ρξ’,
2767 876 2770 880 ,

1492 896 1570 954 [ιζ’.
1595 899 1692 939 Haec
1708 912 1806 939 vero
1823 896 2058 951 corrigendi
2074 898 2180 940 ratio
2194 930 2205 949 ,
2226 913 2307 954 qua
2332 898 2434 940 nihil
2452 899 2626 942 arbitrio
2647 914 2732 944 non
2806 950 2808 954 ¹

1491 960 1761 1016 permittitur,
1786 960 1829 1000 in
1862 967 2053 1002 nostrum
2077 968 2305 1011 auctorem,
2337 962 2444 1003 sicut
2475 962 2515 1002 in
2554 962 2734 1019 reliquos
2763 960 2765 963 ⁴
2804 959 2808 998 ἒ

1491 1022 1747 1079 periplorum
1765 1022 2002 1078 scriptores,
2023 1022 2196 1064 minime
2215 1021 2340 1065 cadit.
2365 1024 2470 1066 Nam
2501 1034 2664 1068 constat
2689 1027 2732 1069 in

1491 1084 1719 1140 majoribus
1742 1084 1945 1135 distantiis
1966 1083 2212 1141 plerumque
2237 1077 2409 1127 ’nonnisi
2441 1085 2633 1129 denarios
2657 1102 2734 1131 nu·
2802 1090 2808 1131 ξ

1494 1161 1627 1190 meros
1662 1147 1877 1203 usurpari,
1926 1146 2081 1202 quibus
2126 1160 2223 1188 raro
2266 1145 2479 1189 adduntur
2523 1150 2731 1204 quinarii;
2773 1185 2785 1194 .
2802 1156 2808 1198 ς

1492 1208 1642 1265 quodsi
1676 1209 1827 1266 passim
1852 1208 2129 1249 accuratiores
2151 1207 2273 1249 etiam
2305 1207 2414 1249 tradi
2433 1207 2664 1261 videantur,
2691 1212 2732 1254 hi
2803 1239 2808 1255 .

1493 1287 1656 1329 semper
1678 1272 1763 1314 fere
1781 1273 1968 1328 corrupti
1987 1279 2098 1312 sunt.
2804 1273 2808 1284 ¹

1549 1339 1636 1390 §4-
1667 1335 1932 1390 Ταπόσιριν
1952 1335 1968 1391 ]
1990 1333 2036 1375 *rb
2057 1334 2231 1389 ποσίριον
2246 1336 2325 1386 ct§
2346 1333 2367 1375 5
2386 1332 2461 1375 ἀπὸ
2481 1339 2548 1375 τοῦ
2564 1338 2735 1394 ποσιρίου

1493 1396 1641 1440 codex.
1659 1398 1841 1440 Nomina
1863 1397 1905 1438 in
1932 1413 1962 1446 ις
1987 1397 2180 1438 exeuntia
2203 1396 2426 1452 saepissime
2443 1410 2466 1437 a
2485 1397 2630 1440 scribis
2643 1414 2735 1441 cor-
2805 1435 2808 1437 .

1494 1469 1763 1519 rumpuntur.
1801 1460 2000 1516 Exempla
2033 1460 2093 1501 rei
2121 1468 2211 1501 tum
2241 1459 2422 1515 periplus
2457 1470 2613 1515 noster,
2646 1471 2735 1505 tum
2804 1503 2808 1512 ,

1493 1524 1692 1566 Marciani
1712 1523 1860 1575 codex,
1877 1523 1961 1573 alii,
1975 1522 2162 1579 praebent
2180 1522 2324 1563 multa.
2345 1522 2412 1575 Sic
2429 1522 2593 1565 codices
2611 1526 2736 1566 Pseu·

1493 1586 1797 1629 dooellisthenis
1815 1589 1850 1637 1,
1870 1587 1919 1627 31
1941 1600 1983 1641 p.
2004 1586 2058 1627 32
2075 1594 2117 1626 et
2127 1584 2333 1640 Ταφόσιριν
2352 1584 2540 1640 praebent
2558 1594 2599 1627 et
2614 1586 2739 1643 Τάφο-

1494 1648 1632 1703 σίριον.
1651 1649 1789 1691 Litera
1799 1664 1828 1690 π
1845 1649 1887 1689 iu
1899 1662 1924 1703 φ
1938 1654 2124 1688 mutatur
2133 1646 2225 1687 lusu
2237 1646 2524 1702 etymologico.
2544 1649 2736 1692 Ceterum

1493 1709 1547 1751 de
1558 1710 1740 1752 hocloco
1757 1724 1795 1751 v.
1809 1709 1957 1751 Strabo
1967 1723 2013 1765 p.
2032 1722 2139 1763 799:
2159 1707 2260 1756 Εἶτα
2270 1709 2494 1764 Ταφόσειρις
2510 1709 2740 1768 (Ταπόσιρις

1494 1781 1534 1814 et
1541 1773 1744 1829 Ταφόσιρις
1753 1786 1840 1814 var.
1851 1772 1965 1825 lect.)
1975 1770 2043 1812 οὐκ
2054 1770 2115 1812 ἐπὶ
2128 1771 2534 1828 θαλάττῃ,πανήγυριν
2543 1773 2737 1830 δεχομένη
2787 1824 2790 1830 ⁴

1497 1834 1775 1892 μεγάλην·(κα“ι
1796 1834 1899 1886 άλλη
1916 1834 1951 1874 δ’
1971 1833 2053 1875 ἐστὶ
2066 1834 2289 1889 Ταφόσειρις
2306 1832 2478 1876 ἐπέκεινα
2498 1837 2567 1887 τῆς
2589 1835 2739 1887 πόλεως

1498 1895 1799 1953 (Ἀλεξανδρείας
1817 1898 1898 1951 sc.)
1913 1895 2067 1943 ἱκανῶς.
2085 1895 2150 1936 Cl'.
2171 1909 2214 1951 p.
2236 1898 2318 1939 800
2330 1898 2359 1949 )·
2382 1895 2497 1948 αὐτῆς
2516 1896 2558 1938 δὲ
2572 1897 2739 1951 πλησίον
2789 1944 2791 1946 ,

1495 1960 1683 2015 πετρῶδες
1698 1958 1760 2001 ἐπὶ
1778 1961 1827 2015 τῇ
1847 1958 2019 2015 θαλάττῃ
2039 1958 2185 2013 χωρίον
2206 1957 2271 1999 καὶ
2285 1956 2378 1999 <tietb
2402 1958 2618 2015 δεχόμενον
2640 1960 2738 2003 πολ·

1494 2021 1587 2070 λοὶις
1608 2022 1695 2070 τοὺς
1731 2022 1983 2078 κωμάζοντας
2016 2021 2165 2062 ἅπασαν
2198 2021 2302 2076 ὤραν
2338 2019 2460 2070 ἔτους.
2497 2021 2741 2066 Ptolemaeus

1495 2099 1665 2141 quoque
1683 2086 1777 2139 (tv,
1802 2086 1824 2125 5
1842 2099 1885 2140 p.
1900 2086 2000 2138 282)
2016 2083 2224 2140 Ταπόσιριν
2242 2085 2285 2125 in
2304 2082 2616 2130 mediterraneis
2630 2094 2742 2129 recte

1497 2156 1695 2189 recenset.
1718 2146 1783 2199 Cf.
1807 2146 2042 2188 Dioscorid.
2068 2148 2146 2199 111,
2166 2160 2218 2202 27
2246 2146 2524 2203 (Ταφοῦσιρις),
2547 2150 2742 2205 Synesius

1497 2210 1615 2264 epist.
1640 2223 1688 2262 gr
1708 2212 1732 2258 4
1760 2211 1776 2262 (
1795 2209 1999 2264 Ταφόσιρις
2014 2211 2047 2262 ).
2071 2211 2121 2250 In
2151 2209 2259 2251 Tab.
2284 2210 2476 2264 Peuting.
2511 2218 2553 2253 et
2582 2213 2736 2269 Geogr.

1498 2273 1684 2312 Ravenn.
1716 2272 1771 2320 V,
1802 2285 1827 2325 7
1856 2270 2052 2311 scribitur
2093 2270 2306 2329 Taposiri.
2340 2270 2500 2314 Eodem
2534 2275 2743 2330 pertinere

1501 2336 1697 2390 Caportm
1723 2333 1765 2374 in
1788 2333 1979 2374 Itinerar.
2001 2346 2045 2388 p.
2079 2333 2131 2387 73
2164 2333 2396 2389 suspicatur
2421 2333 2739 2393 Wesselingius.

1499 2396 1727 2451 Procopius
1756 2397 1819 2437 De
1850 2394 1961 2437 aedif.
1999 2396 2076 2446 VI,
2113 2408 2130 2436 1
2160 2408 2170 2436 ε
2211 2395 2322 2444 πόλις
2355 2395 2457 2438 ἐστὶν
2490 2395 2634 2455 ἡμέρας
2664 2398 2743 2450 ὁδῷ

1505 2456 1785 2514 Ἀλεξανδρείας
1795 2458 2001 2515 διέχουσα,
2026 2457 2232 2514 Ταπόσιρις
2254 2458 2400 2515 ὄνομα,
2420 2459 2490 2501 ἵνα
2507 2457 2555 2513 δὴ
2577 2464 2743 2518 ταφῆναι

1499 2521 1566 2562 τὸν
1590 2526 1665 2562 τῶν
1683 2519 1902 2578 Αἰγυπτίων
1925 2521 2012 2563 θεὸν
2039 2519 2190 2577 Ὄσιριν
2209 2520 2405 2577 λέγουσιν.
2433 2523 2571 2575 Quam
2594 2522 2740 2567 urbem
2759 2536 2783 2557 ⁸

1498 2588 1521 2625 J
1527 2586 1757 2627 ustinianus
1780 2586 1883 2641 imp.
1904 2586 2020 2627 curia
2041 2584 2281 2641 balneisque
2302 2585 2480 2627 ornavit.
2506 2587 2568 2628 Ae
2593 2585 2745 2642 proba-
2791 2605 2793 2610 ·

1501 2647 1636 2689 biliter
1649 2646 1702 2689 ad
1716 2650 1740 2689 J
1744 2649 1938 2703 iustiniani
1953 2656 2139 2703 tempora
2151 2647 2329 2703 pertinet
2342 2660 2437 2703 pars
2453 2645 2741 2702 aedificiorum,
2795 2690 2797 2693 ,

1500 2724 1682 2765 quorum
1699 2711 1830 2751 ruina:
1851 2717 2087 2766 supersunt.
2107 2710 2243 2751 Locus
2262 2707 2327 2750 ille
2344 2707 2396 2750 ad
2414 2716 2476 2751 ter
2493 2709 2604 2752 mille
2618 2712 2744 2767 pedes
2786 2757 2791 2760 ,

1500 2772 1552 2813 ab
1586 2772 1771 2814 Arabum
1807 2780 1922 2814 turre
1949 2771 2074 2828 (eom-
2106 2770 2177 2813 des
2209 2770 2402 2826 Arabes)
2432 2770 2604 2825 distans,
2630 2774 2741 2830 apud
2784 2769 2793 2821 ξ.

1500 2834 1657 2877 Arabes
1673 2842 1844 2876 vocatur
1859 2833 2205 2883 man-Aboussir,
2218 2833 2340 2888 vulgo
2349 2832 2521 2877 Boussie·
2529 2834 2591 2877 vel
2607 2836 2746 2880 Abone·
2791 2829 2793 2834 ¹

1499 2897 1576 2938 sir.
1597 2898 1654 2938 V.
1668 2897 1802 2939 Bitter
1811 2898 1846 2947 1,
1864 2910 1908 2952 p.
1924 2898 2005 2951 872
2022 2895 2162 2952 ibique
2180 2894 2334 2937 laudati
2347 2903 2388 2937 et
2406 2895 2544 2939 Pacho
2559 2898 2744 2953 (ἴῳ-αρε

1501 2959 1608 3002 datis
1641 2959 1683 3001 Ia
1707 2958 2007 3015 Marnmrique,
2033 2966 2113 3001 ete.
2139 2960 2268 3001 Paris.
2296 2961 2401 3014 1829
2434 2972 2479 3015 pa
2500 2973 2526 3015 7
2549 2958 2595 3017 ):
2627 2977 2643 3000 ι
2663 2960 2742 3003 J'ai

1504 3022 1736 3063 vainement
1765 3020 1943 3063 cherche
1975 3020 2108 3076 parmi
2134 3018 2191 3061 les
2213 3021 2354 3062 ruine·
2380 3019 2608 3063 d’Abousir
2626 3022 2742 3078 quel·

1502 3098 1603 3137 ques
1636 3083 1807 3137 vestiges
1829 3081 1902 3124 des
1925 3090 2191 3123 monuments
2218 3081 2271 3123 de
2297 3082 2526 3127 l’ancienne
2558 3071 2741 3139 ssgyptcg

1494 3145 1537 3199 jc
1576 3145 1656 3186 n'ai
1690 3159 1746 3200 pu
1778 3143 2000 3186 decouvrir
2021 3144 2093 3199 qui
2126 3157 2178 3184 en
2209 3143 2279 3184 eut
2302 3142 2338 3184 le
2366 3141 2571 3186 caractere
2591 3158 2744 3202 propre

1500 3214 1589 3247 tout
1618 3205 1642 3247 a
1663 3206 1734 3247 fait
1756 3206 1972 3248 distinctis.
1995 3207 2102 3247 nors
2131 3205 2188 3246 1oe
2206 3206 2346 3247 ruinoe
2374 3205 2433 3247 du
2467 3205 2632 3263 temple,
2669 3207 2742 3264 qui

1501 3268 1701 3310 n'ol'l'rent
1722 3282 1803 3324 que
1829 3267 1902 3309 des
1928 3268 2294 3324 rapprocbements
2316 3282 2415 3310 avec
2434 3268 2472 3310 le
2492 3268 2595 3326 style
2619 3270 2745 3327 egyp-
2763 3262 2765 3267 ¹

1501 3332 1607 3382 tien,
1629 3339 1768 3386 etque
1798 3330 1880 3371 l’on
1913 3345 1964 3372 ne
1992 3340 2092 3386 peut
2119 3329 2217 3372 fahe
2249 3339 2460 3373 remonter
2481 3345 2535 3373 au
2550 3329 2645 3375 dela
2670 3333 2759 3376 dea

1500 3394 1700 3450 premier-s
1734 3391 1929 3447 lagides,
1960 3401 2050 3435 tout
2083 3392 2119 3434 le
2150 3400 2257 3434 reste
2289 3401 2350 3435 est
2377 3402 2598 3450 purement
2624 3409 2750 3450 gree„

1501 3457 1660 3498 romain
1689 3470 1743 3497 ou
1766 3454 1903 3497 arabe.
1932 3476 1948 3491 ι
2739 3491 2747 3501 ι,

1558 3522 1642 3572 §5-
1661 3518 1713 3560 xz
1728 3519 1828 3575 μὼ]
1849 3519 1914 3560 Χῖ
1931 3526 1971 3560 et
1996 3521 2019 3571 S
2039 3523 2063 3560 6
2080 3517 2155 3560 ἀπὸ
2179 3518 2223 3560 τὸ
2242 3519 2335 3575 (sie)
2350 3519 2405 3562 Χῖ
2418 3518 2565 3562 codex.
2583 3518 2742 3576 Syll-b·

1504 3583 1566 3638 μὼ
1588 3581 1782 3624 absorbta
1801 3590 1861 3623 cst
1876 3597 1899 3623 a
1920 3590 2116 3637 sequente
2138 3583 2208 3623 κώ.
2243 3581 2367 3639 Apud
2385 3582 2653 3625 Ptolemaeum
2743 3587 2755 3636 j

1502 3646 1647 3701 Χειμώ.
1671 3644 1866 3700 Ejusdem
1891 3645 2072 3686 nominis
2089 3646 2307 3702 corruptio
2324 3645 2559 3701 graecissans
2575 3645 2744 3690 subesse

1504 3707 1668 3750 videtur
1694 3708 1969 3751 Straboniano
1993 3707 2112 3757 Κυνὸς
2130 3709 2250 3764 σῆμα.
2284 3709 2367 3750 Pro
2385 3707 2422 3757 ζ’
2442 3706 2662 3764 legendum
2688 3705 2740 3762 ζ’«ἐ

1502 3771 1660 3813 Gailius
1679 3771 1896 3828 proposuit
1919 3769 1993 3827 ρξ’,
2019 3771 2196 3826 Lapieus
2211 3768 2309 3826 ρκζ’.
2331 3772 2481 3822 Locus,
2503 3771 2569 3813 cui
2592 3770 2669 3814 Chi

1504 3834 1791 3885 vindicandus,
1820 3835 1861 3876 in
1882 3831 2209 3883 mediterraneis,
2227 3831 2371 3887 viginti
2396 3831 2449 3874 ab
2481 3846 2552 3875 ora
2574 3831 2696 3875 stadi‘
2728 3844 2731 3849 ²

1504 3905 1648 3951 puteos
1663 3897 1801 3947 habet,
1823 3898 1893 3952 qui
1910 3890 2024 3938 nnnc¹
2040 3902 2240 3936 vocantur
2252 3892 2436 3936 Bam-dm
2452 3893 2514 3935 vel
2531 3891 2645 3935 Bur-d
2695 3891 2725 3902 f*

1505 3958 1538 3997 E
1564 3958 1729 4011 regione
1751 3955 1876 4012 hujus
1904 3956 1982 3999 loci
2011 3954 2169 4012 scopuli
2199 3962 2395 3997 notantur
2415 3954 2455 3995 in
2478 3965 2627 4009 mappa

1505 4020 1771 4061 inscribitur:
1804 4018 1884 4062 The
1905 4019 2065 4061 lemme
2092 4031 2141 4060 or
2169 4017 2234 4059 elne
2258 4025 2415 4058 eastern
2445 4014 2587 4057 bassin
2613 4012 2697 4069 of!¹
