2808 4342
35 129 199 190 (39,40.)
1015 127 1192 174 olims
1224 126 1599 175 DESCRIPTIO.

1336 249 1432 275 nam
1453 235 1567 290 prius
1587 235 1629 275 in
1648 249 1695 276 ea
1718 234 1841 275 fuisse
1863 234 2033 290 quidam
2052 235 2197 277 dicunt

1336 300 1553 355 Trojanos,
1572 316 1702 357 quum
1717 302 1892 352 Electra,
1917 302 2093 343 Atlantis
2117 304 2211 354 lilia,

1337 371 1561 425 peperisset
1581 371 1824 412 Dardanum
1838 374 1862 412 J
1863 371 2128 426 asionemque
2144 387 2155 422 3

1338 451 1519 491 quorum
1541 440 1750 479 Jasionem
1769 438 1926 480 facinus
1949 439 2125 493 impium

1339 512 1521 559 patrasse
1547 506 1590 545 in
1613 507 1772 547 Cereris
1790 507 1908 546 aiunt
1926 505 2208 558 simulacrum,

1340 580 1382 613 et
1402 572 1533 613 ictum
1548 572 1720 613 fulmine
1735 573 1880 614 divino
1902 575 2097 629 periisse3

1340 641 1584 683 Dardanum
1604 642 1744 696 igitur,
1768 643 1919 683 relictis
1940 643 2016 683 illis
2036 643 2149 694 locis,

1343 710 1396 751 ad
1426 709 1607 751 radicem
1622 708 1708 750 Idae
1723 710 1875 751 montis
1894 709 2128 752 condidisse

1342 778 1490 819 urbem
1519 777 1572 818 de
1586 778 1676 833 ipso
1690 776 1944 819 Dardaniam
1966 787 2177 830 vocatam;

2481 145 2567 184 223

119 231 315 294 πρότερον
332 230 413 293 γὰρ
433 222 539 275 εἷναί
558 245 680 290 φασιν
697 229 737 272 ἒν
757 226 885 287 ταύτῃ
907 226 1010 278 τινές

121 300 212 352 τοὺς
232 303 397 363 Τρῶας,
418 297 647 357 Ἠλέκτρας
670 295 866 352 τεκούσης
882 295 1092 357 Δάρδανον

119 373 190 425 τῆς
213 367 432 429 λεγομένης
453 365 674 431 Ἄτλαντος
695 364 888 411 Ἰασίωνά
907 383 950 410 τε
966 401 979 425 ‚

125 431 182 482 ὧν
205 437 272 482 τὸν
294 435 368 494 μὲν
392 432 588 480 Ἰασίωνα
611 431 855 493 δυσσέὸημοί
875 452 912 477 τι

34 522 94 552 685
121 505 271 568 πρᾶξαι
284 501 378 565 περὶ
397 501 616 564 Δήμητρος
632 501 792 561 λέγουσ’
818 500 989 561 ἄγαλμα
1012 501 1084 548 καί

125 576 263 634 πληγῇ
283 570 591 636 κεραυνωθέντα
613 571 812 632 δαιμονίῳ
829 573 962 617 θανεῖν
977 608 989 631 ,

121 642 188 687 τὸν
212 640 425 702 Δάρδανον
449 639 490 686 δὲ
511 640 598 702 [δὴ]
619 639 791 686 λιπόντα
816 639 908 692 τοὺς
930 640 1078 692 τόπους

121 708 221 771 πρὸς
239 708 314 764 τὴν
342 708 549 772 ὖπώρειάν
573 710 656 770 [γε]
680 712 752 764 τῆς
768 705 1041 764 Ἴδηςκτίσαι

123 777 241 822 πόλιν
266 779 335 837 ἀφ’
361 780 507 822 ἑαυτοῦ
531 776 764 839 Δαρδανίαν
781 776 1054 837 καλουμένην·

33 862 96 894 690
121 845 211 898 τοὺς
228 845 268 891 δὲ
286 849 591 909 Σαμοθρᾷκας,
617 849 765 909 Τρῶας
789 845 904 898 ὄντας
920 849 978 910 τῷ
1003 846 1133 908 γένει,

122 914 202 960 ἀπὸ
221 919 290 960 τοῦ
306 914 431 961 τόπου
454 915 496 960 δὲ
520 917 693 977 Θρᾷκας
709 915 1079 977 ἐπικαλουμένους,

120 985 170 1028 δι’
195 983 404 1029 εὗσέὸειαν
431 987 728 1045 ἐγκαταμεῖναι
747 988 804 1048 τῷ
823 987 952 1048 τόπῳ.

121 1053 196 1099 Ἐν
222 1053 399 1116 σιτοδεία
425 1056 505 1098 τῶν
532 1052 704 1113 Σαμίων
729 1054 762 1100 δ’
787 1057 922 1107 αὐτοῖς
945 1074 1044 1100 ποτε

121 1122 434 1185 ἐπαρκεσάντων
449 1158 462 1179 ,
490 1123 699 1179 τηνικαῦτ’
722 1124 768 1168 ἐκ
796 1127 868 1180 τῆς
891 1124 1039 1185 Σάμου

36 1205 96 1238 695
121 1190 401 1251 ἐπιδεξάμενοί
422 1209 538 1243 τινας
561 1190 767 1242 συνοίκους
789 1191 982 1254 ἔσχοσαν.

121 1259 242 1306 Μετὰ
265 1259 338 1317 τὴν
365 1260 616 1323 Μαρώνειαν
640 1261 719 1321 [δὲ]
742 1261 840 1306 κεῖτ’
858 1254 978 1313 Αἶνος
996 1262 1109 1314 πόλις

121 1328 257 1390 ἔχουσ’
281 1328 468 1381 ἐποίκους
489 1332 534 1374 ἐκ
558 1329 797 1386 Μιτυλήνης
814 1331 992 1382 Αἰολεῖς.

122 1396 173 1443 Ἥ
199 1398 368 1460 Θρᾳκία
393 1398 435 1443 δὲ
456 1398 704 1460 χερρόνησος
726 1398 903 1460 ἐχομένη

121 1467 272 1523 κεῖται,
297 1466 387 1512 καθ’
409 1467 460 1522 ἣν
484 1467 599 1518 πόλις
616 1467 701 1512 ἐστὶ
725 1467 867 1530 πρώτη
895 1469 1056 1530 Καρδία
1072 1503 1083 1525 ,

37 1551 99 1581 700
125 1534 256 1596 ἀρχὴν
280 1535 353 1595 μὲν
378 1536 457 1580 ὑπὸ
481 1535 701 1593 Μιλησίων
726 1541 937 1582 κτισθεῖσα
961 1538 1031 1581 καί

123 1603 414 1663 Κλαζομενίων
428 1639 439 1660 ,
466 1604 592 1649 πάλιν
618 1605 652 1648 δ’
668 1603 893 1659 Ἀθηναίων
910 1604 1012 1665 ὕπο,

123 1671 189 1717 ὅτε
207 1673 439 1729 Μιλτιάδης
460 1672 662 1736 ἐκράτησε
684 1673 991 1736 Χερρονησίων·.

125 1741 345 1805 Προσεχὴς
362 1742 404 1788 δὲ
423 1741 704 1804 Λυσιμάχεια·
727 1742 881 1799 ταύτην
907 1744 943 1788 δ’
969 1743 1125 1789 ἔκτισεν

125 1810 340 1872 ἐπώνυμον
358 1811 602 1874 Λυσίμαχος
621 1814 689 1875 ἀφ’
712 1816 860 1858 ἑαυτοῦ
881 1813 1015 1860 πόλιν.

42 1897 105 1928 705
129 1881 286 1940 Λίμναι
311 1881 345 1926 δ’
365 1880 504 1944 ἐφεξῆς
524 1881 625 1927 εἰσὶν
645 1883 687 1927 αἱ
707 1882 940 1938 Μιλησίων·

127 1942 199 1995 εἶτ’
223 1949 404 1995 Αἰολέων
430 1949 785 2007 Ἀλωπεκόννησος
804 1951 934 2002 πόλις·

45 2081 57 2136 (
81 2082 244 2134 Fragm.
265 2081 373 2121 Hist.
393 2083 449 2131 11,
482 2094 525 2135 p.
554 2080 623 2131 50,
657 2081 758 2134 13).
789 2082 804 2134 Η
837 2105 895 2112 —
921 2083 1017 2124 683.
1048 2080 1283 2127 Ἀτλαντίδος

40 2157 116 2198 pro
136 2142 355 2193 Ἄτλαντος,
374 2143 487 2197 quod
503 2143 635 2183 codex
650 2143 795 2194 habet,
811 2143 1043 2198 conjecerat
1059 2143 1276 2192 Krebsius,

42 2206 195 2261 recepit
212 2205 478 2256 Letronnius,
505 2219 758 2259 quamquam
774 2206 933 2259 vulgata
952 2205 1131 2246 eundem
1147 2204 1284 2245 fundit

42 2279 223 2318 sensum,
240 2267 317 2307 ista
332 2275 469 2307 autem
493 2265 730 2320 conjectura
748 2281 943 2308 numeros
962 2268 1066 2308 mire
1082 2266 1280 2307 debilitat.

50 2330 65 2382 Η
94 2353 151 2359 -
181 2328 276 2370 685.
304 2327 461 2383 λέγουσι
485 2327 646 2382 ἄγαλμα
672 2327 818 2368 codex.
852 2331 915 2370 De
934 2344 978 2369 re
1014 2343 1110 2370 cum
1132 2330 1284 2369 Nostro

43 2391 201 2431 faciunt
219 2390 454 2431 Hellanicus
480 2398 520 2430 et
538 2389 786 2431 Idomeneus
801 2405 868 2446 ap.
894 2391 1022 2433 schol.
1043 2390 1180 2446 Apoll.
1202 2390 1282 2432 Rh.

43 2455 79 2504 Ι,
105 2456 186 2507 916
210 2451 346 2493 ;Φασὶ
370 2453 657 2506 κεραυνωθῆναι
672 2452 786 2494 αὐτὸν
811 2453 1016 2508 ὓ6ρίζοντα
1038 2452 1199 2508 ἄγαλμα
1220 2455 1287 2504 τῆς

44 2513 262 2570 Δήμητρος.
287 2512 482 2555 Similiter
500 2514 646 2554 Conon
668 2514 789 2554 Narr.
812 2528 862 2555 21
889 2529 898 2556 ε
922 2515 1069 2570 Φάσμα
1085 2513 1286 2569 Δήμητρος

46 2575 225 2630 αἰσχῦναι
266 2575 466 2630 βουληθεὶς
497 2574 751 2631 ἐκεραυνώθη.
777 2576 916 2630 Vulgo
949 2576 1066 2617 aliter
1098 2582 1282 2624 narrant,

45 2638 106 2678 uti
130 2644 303 2678 constat.
330 2635 398 2678 Ad
432 2638 581 2677 Nostra
607 2637 796 2691 proxime
818 2636 976 2678 accedit
1006 2636 1152 2678 Strabo
1173 2638 1255 2677 VII
1272 2668 1283 2687 ,

46 2698 192 2753 fragm.
211 2700 280 2748 48.
300 2699 316 2753 ss
336 2723 392 2729 -
405 2701 501 2741 686.
517 2699 697 2754 δαιμονίᾳ
712 2698 830 2740 editt.
850 2709 944 2740 ante
960 2700 1248 2746 Letronnium.
1266 2699 1281 2752 ll

45 2786 102 2793 —
121 2764 216 2816 687.
235 2761 483 2802 Particulam
507 2759 552 2812 δὴ
575 2762 748 2801 inseruit
769 2761 1024 2811 Meinekius,
1042 2769 1136 2802 ante
1164 2775 1287 2815 quem

48 2823 245 2865 edebatur
261 2823 328 2864 τὸν
344 2823 539 2878 Δάρδανον
562 2823 602 2865 δὲ
621 2824 787 2865 λιπόντα
809 2824 897 2872 τοὺς
912 2825 1049 2872 τόπους
1065 2824 1079 2877 [
1094 2826 1235 2878 προτοῦ
1250 2825 1284 2878 ],

47 2884 91 2924 in
119 2898 202 2939 quo
231 2883 407 2925 offendit
437 2899 591 2926 caesura
612 2885 820 2926 trochaica
847 2885 964 2941 pedis
990 2886 1122 2936 tertii;
1153 2886 1289 2940 ipsum

49 2954 244 3001 praeterea
264 2946 597 3002 supplementum
618 2947 754 3002 friget.
776 2949 970 2989 Ceterum
992 2962 1044 2988 ne
1060 2947 1288 2988 Meinekia-

50 3022 102 3048 na
124 3007 294 3063 quidem
322 3011 499 3064 genuina
531 3019 662 3065 poetae
696 3011 821 3051 verba
852 3011 1011 3061 habeo;
1047 3025 1143 3051 nam
1176 3011 1289 3064 quod

52 3081 170 3110 versu
183 3085 267 3126 seq.
282 3071 431 3125 legitur
449 3087 495 3127 γε
514 3087 538 3113 a
551 3072 694 3113 codice
711 3073 824 3114 abest
840 3072 982 3128 (quod
994 3081 1136 3114 notare
1152 3074 1290 3114 omisit

51 3132 196 3172 Miller.
220 3135 252 3187 ),
277 3148 354 3174 nec
372 3147 557 3189 unquam
580 3135 750 3176 inlibris
772 3135 910 3186 fuerit,
930 3150 1060 3190 quum
1081 3136 1120 3175 vi
1135 3150 1208 3176 sua
1226 3151 1290 3176 ca-

52 3203 139 3234 reat
167 3195 212 3235 h.
233 3196 262 3236 l.
295 3197 511 3251 particula.
535 3199 670 3239 Possis
694 3211 703 3238 :
735 3198 802 3239 τὸν
826 3198 1022 3254 Δάρδανον
1043 3198 1083 3239 δὲ
1120 3198 1175 3249 δὴ
1209 3199 1288 3239 λι-

54 3272 80 3296 π
94 3257 166 3296 εῖν
195 3271 216 3296 ϊ
230 3272 246 3296 ε
264 3258 351 3305 τοὺς
379 3260 537 3311 τόπους,
558 3260 650 3316 πρὸς
671 3259 740 3312 τὴν
760 3260 951 3317 ὗπώρειάν
966 3277 1017 3302 τε
1043 3264 1110 3313 τῆς
1135 3260 1181 3301 Ἰ.
1210 3262 1290 3302 κτί-

56 3332 132 3357 σαι.
159 3317 238 3358 Sed
257 3333 386 3373 quum
407 3322 450 3361 in
465 3337 578 3377 seqq.
603 3332 725 3378 poeta
740 3338 906 3365 causam
924 3324 1048 3376 dicat,
1067 3338 1142 3365 cur
1162 3325 1291 3365 Troes

55 3381 301 3430 manserint,
323 3382 371 3421 δι’
388 3382 574 3432 εὖσεῧείας
597 3386 771 3436 scilicet,
790 3385 941 3427 dixerit
956 3388 1078 3427 etiam
1100 3386 1291 3428 disertius

56 3454 131 3481 cur
163 3440 309 3482 abierit
339 3443 572 3486 Dardanus.
597 3447 779 3502 Reliquit
815 3448 1007 3489 insulam:
1028 3448 1287 3504 λυπούμενος,

55 3510 102 3542 ut
113 3502 388 3557 Apollodorus
405 3507 420 3558 (
435 3509 512 3558 III,
534 3522 599 3558 12,
626 3523 643 3549 1
668 3511 683 3563 )
704 3510 773 3560 ait,
797 3510 861 3550 vel
881 3509 941 3551 ἐπὶ
952 3509 1134 3566 τάδελφῷ
1149 3526 1292 3566 συγχυ-

58 3565 148 3615 θείς,
171 3573 218 3605 ut
237 3566 381 3607 Conon
403 3568 431 3608 l.
453 3569 481 3609 l.
504 3572 696 3612 Similiter
714 3573 853 3613 nescio
872 3588 925 3613 an
941 3575 1090 3615 Noster
1109 3573 1259 3615 dixerit
1278 3588 1286 3614 :

56 3627 122 3667 τὸν
130 3626 324 3681 Δάρδανον
336 3629 486 3670 δεδιότα
497 3632 672 3673 δὲλιπεῖν
687 3634 774 3681 τοὺς
783 3636 934 3682 τόπους.
953 3637 968 3688 Η
982 3660 1038 3666 -
1051 3640 1147 3688 691.
1160 3636 1291 3691 Τρῶας

56 3702 133 3742 pro
153 3688 302 3743 Θρᾷκας
319 3689 470 3741 codex3
491 3707 572 3733 em.
592 3695 793 3735 Krebsius
819 3697 952 3736 Lectt.
971 3695 1097 3736 Diod.
1118 3711 1161 3751 p.
1194 3697 1287 3738 153.

63 3749 79 3802 ΙΙ
102 3773 158 3780 -
183 3753 279 3803 694.
301 3756 509 3803 τηνικαῦτα
528 3753 672 3795 codex.
699 3758 801 3796 Rem
820 3758 877 3797 sic
904 3757 1005 3797 alius
1024 3771 1147 3798 nemo
1166 3759 1291 3800 tradi-

57 3810 133 3852 dit.
167 3813 359 3853 Proxime
395 3814 446 3854 ad
485 3824 623 3857 nostra
666 3816 866 3858 accedunt
899 3820 971 3873 qui
1000 3820 1291 3862 Samothracen

58 3872 210 3915 dictam
232 3875 405 3917 insulam
425 3877 593 3919 tradunt
615 3893 638 3919 a
654 3879 797 3920 Samiis
820 3882 1068 3931 extorribus,
1088 3896 1191 3936 quos
1207 3885 1292 3925 sive

59 3935 223 3990 Ephesii
261 3938 344 3979 sive
374 3942 536 3994 tyranni
566 3941 697 3996 patria
731 3940 946 3996 ejecerant.
971 3943 1070 3985 Vid.
1110 3946 1292 3987 Heracli-

1343 846 1628 887 Samothraces
1648 860 1761 897 vero,
1785 845 1987 902 Trojanqs
2011 861 2180 901 genere,

1344 931 1368 958 a
1386 917 1478 958 loco
1497 926 1634 958 autem
1651 917 1832 959 Thraces
1855 919 2189 972 cognominatos,

1343 985 1506 1040 pietatis
1529 1000 1650 1026 causa
1668 986 1711 1026 in
1730 1000 1779 1026 eo
1802 985 1892 1026 loco
1914 988 2198 1041 permansisse.

1346 1057 1396 1095 In
1420 1054 1525 1096 fame
1546 1064 1682 1096 autem
1702 1070 1832 1110 quum
1851 1056 1976 1098 Samii
1995 1056 2093 1111 ipsis
2109 1057 2317 1112 quondam

1348 1124 1530 1164 auxiliati
1552 1132 1702 1174 essent,
1723 1132 1824 1164 tunc
1841 1138 1864 1165 e
1883 1125 2004 1166 Samo
2027 1125 2082 1165 illi

1349 1193 1597 1248 excipientes
1616 1192 1819 1248 quosdam
1841 1193 2105 1235 habitationis
2125 1196 2256 1236 socios
2278 1183 2524 1239 habuerunt.

1349 1262 1448 1302 Post
1465 1263 1707 1302 Maroneam
1729 1262 1805 1302 sita
1823 1270 1884 1302 est
1904 1262 2034 1303 AEnus
2051 1262 2166 1314 urbs,

1349 1329 1506 1370 habens
1528 1328 1680 1370 incolas
1705 1343 1726 1369 e
1740 1329 1936 1384 Mitylene
1950 1330 2100 1371 AEoles.

1349 1398 1527 1439 Thracia
1542 1412 1639 1439 vero
1655 1397 1934 1439 Chersonesus
1953 1398 2128 1440 finitima

1345 1465 1469 1520 jacet,
1491 1466 1534 1506 in
1551 1481 1633 1521 qua
1650 1465 1750 1506 urbs
1769 1474 1828 1506 est
1849 1466 1984 1521 prima
2003 1467 2166 1518 Cardia,

1352 1535 1471 1575 initio
1493 1549 1516 1575 a
1529 1534 1698 1575 Milesiis
1721 1533 1885 1574 condita
1905 1542 1946 1574 et

1353 1602 1637 1653 Clazomeniis,
1654 1616 1796 1642 rursus
1816 1616 1912 1642 vero
1928 1601 1980 1642 ab
2000 1602 2333 1654 Atheniensibus,

1353 1670 1520 1725 quando
1541 1669 1746 1711 Miltiades
1766 1669 1927 1724 subegit
1941 1670 2248 1712 Chersonesios.

1352 1740 1548 1780 Finitima
1565 1747 1655 1779 tum
1676 1738 1957 1793 Lysi1nachia3
1981 1738 2089 1779 hanc
2107 1738 2294 1780 condidit

1353 1808 1621 1864 Lysimachus
1643 1808 1933 1862 cognominem
1956 1807 2033 1847 sibi
2048 1807 2209 1848 urbem.

1353 1881 1512 1921 Limnae
1526 1879 1678 1921 deinde
1696 1888 1793 1921 sunt
1812 1879 2084 1930 Milesiorum,

1353 1961 1443 1993 turn
1461 1953 1627 1995 AEolum
1651 1953 1986 2007 Alopeconnesus
2008 1953 2133 2002 urbs;

1355 2080 1427 2120 des
1446 2082 1644 2122 Ponticus
1659 2081 1781 2122 Polit.
1800 2095 1849 2122 21
1874 2084 1890 2134 (
1905 2084 1975 2123 Fr.
2000 2083 2055 2123 H.
2075 2085 2131 2132 II,
2154 2097 2197 2137 p.
2220 2085 2300 2124 218
2318 2083 2351 2138 )‚
2370 2084 2588 2124 Pausanias

1352 2143 1449 2192 VII,
1476 2144 1517 2192 4,
1551 2143 1591 2192 3,
1617 2142 1833 2196 Antiphon
1859 2142 1953 2197 Περὶ
1984 2145 2051 2183 τοῦ
2080 2143 2340 2198 Σαμοθρᾳκῶν
2370 2145 2486 2199 φόρου
2519 2159 2584 2199 ap.

1352 2203 1522 2244 Suidam
1541 2218 1581 2244 v.
1603 2204 1793 2258 Σαμοθρ.;
1812 2218 1904 2258 quae
1926 2219 1990 2244 res
2012 2206 2149 2246 evenit
2163 2220 2231 2246 an.
2258 2219 2339 2260 209
2356 2215 2449 2261 post
2467 2208 2586 2247 Troi-

1354 2279 1414 2315 ca,
1440 2273 1541 2306 teste
1571 2265 1825 2320 Apollodoro
1848 2265 1898 2306 fr.
1926 2268 2003 2307 180
2042 2266 2141 2321 (Fr.
2163 2267 2217 2307 H.
2242 2269 2277 2316 I,
2299 2281 2342 2322 p.
2365 2270 2442 2316 461
2467 2266 2499 2321 ).
2524 2269 2586 2307 Ex

1354 2327 1528 2368 aliorum
1561 2328 1759 2367 sententia
1793 2328 1975 2381 primum
2007 2327 2140 2367 insula
2167 2329 2326 2379 Samus,
2357 2327 2507 2369 deinde
2535 2329 2587 2368 ab

1354 2388 1522 2430 advenis
1540 2389 1768 2430 Thracibus
1785 2389 2046 2429 Samothrace
2068 2388 2176 2429 dicta
2190 2398 2265 2440 est,
2282 2391 2343 2430 uti
2362 2397 2536 2430 constat.
2566 2391 2582 2443 [1

1353 2476 1409 2482 —-
1418 2456 1513 2506 696.
1525 2451 1566 2492 δὲ
1574 2451 1816 2506 particulam
1828 2450 1988 2491 addidit
2003 2451 2274 2492 Hoeschelius.
2290 2452 2306 2505 11
2318 2476 2376 2482 -
2388 2455 2482 2505 697.
2501 2451 2586 2492 Mu·

1355 2515 1512 2567 τιλήνης
1545 2528 1624 2555 scr.
1650 2513 1903 2566 Meinekius3
1937 2528 2028 2569 quae
2047 2514 2228 2554 nominis
2258 2513 2390 2555 forma
2415 2514 2587 2569 inscrip-

1356 2577 1537 2618 tionibus
1554 2576 1770 2632 probatur,
1791 2576 1917 2616 altera
1934 2584 2070 2616 tamen
2106 2575 2210 2617 adeo
2228 2575 2339 2631 apud
2358 2583 2455 2616 vett.
2477 2584 2586 2617 auct.

1357 2639 1548 2694 frequens
1567 2647 1642 2689 est,
1663 2647 1711 2679 ut
1743 2638 1886 2679 scribis
1919 2638 2113 2693 imputari
2145 2645 2336 2693 nequeat.
2373 2639 2436 2678 De
2470 2651 2516 2678 re
2533 2637 2587 2679 ef.

1356 2701 1547 2743 Strabon.
1576 2703 1674 2751 VH,
1700 2700 1751 2742 fr.
1779 2700 1855 2742 50:
1889 2700 1989 2755 Πρὸς
2005 2699 2045 2740 δὲ
2063 2703 2110 2756 τῇ
2130 2699 2273 2756 ἐκὸολῇ
2298 2701 2367 2741 τοῦ
2390 2697 2587 2754 Ἕὸρου...

1357 2763 1467 2810 πόλις
1482 2761 1599 2810 Αἶνος
1619 2761 1657 2803 ἐν
1674 2767 1731 2818 τῷ
1754 2762 1904 2803 Μέλανι
1926 2762 2060 2817 κόλπῳ
2082 2763 2231 2812 κεῖται,
2253 2761 2396 2816 κτίσμα
2415 2760 2591 2812 Μιτυλη-

1359 2826 1474 2866 ναίων
1511 2825 1576 2866 καὶ
1607 2825 1806 2881 Κυμαίων,
1842 2823 1898 2864 ἐ’τι
1927 2823 1968 2864 δὲ
1999 2824 2182 2879 πρότερον
2217 2822 2589 2875 Ἀλωπεκοννησίων.

1359 2887 1586 2928 Fluxerunt
1603 2887 1691 2928 haec
1711 2901 1762 2927 ex
1790 2886 1975 2941 Ephoro,
2004 2884 2121 2940 cujus
2141 2883 2237 2926 vide
2259 2884 2312 2926 fr.
2335 2885 2403 2939 73.
2422 2883 2486 2925 Cf.
2508 2885 2593 2925 Ste-

1359 2950 1484 3004 phan.
1501 2951 1598 3005 Byz.
1617 2964 1651 2991 s.
1668 2963 1728 2999 v.;
1744 2949 1890 2990 Strabo
1902 2963 1945 3003 p.
1963 2949 2058 3001 319.
2072 2948 2198 2989 Novit
2211 2948 2358 2989 urbem
2370 2948 2589 2997 Homerus,

1359 3011 1407 3051 Il.
1427 3014 1468 3062 4,
1492 3010 1588 3053 520.
1607 3011 1673 3053 Ab
1687 3011 1814 3052 AEnea
1835 3010 2045 3052 conditam
2064 3010 2299 3051 fabulantur
2316 3009 2423 3051 Mela
2438 3011 2494 3058 II,
2514 3021 2538 3048 2
2554 3018 2593 3048 et

1359 3074 1506 3129 Virgil.
1523 3076 1602 3125 ΠΙ,
1626 3076 1690 3115 18.
1709 3075 1765 3115 V.
1778 3076 1986 3115 Mannert.
2004 3076 2102 3124 VH,
2120 3087 2162 3128 p.
2186 3077 2266 3114 206
2283 3086 2345 3126 sq.
2361 3095 2417 3102 —-
2432 3084 2512 3125 700
2527 3084 2588 3123 sq.

1360 3137 1424 3178 Cf.
1465 3137 1611 3179 Strabo
1646 3139 1743 3187 VII,
1780 3136 1832 3177 fr.
1868 3137 1919 3178 50
1953 3151 1961 3177 :
1986 3136 2189 3187 Μιλησίων
2218 3134 2283 3175 καὶ
2319 3133 2590 3187 Κλαζομενίων

1360 3199 1527 3254 κτίσμα,
1573 3198 1729 3253 ὕστερον
1761 3197 1801 3238 δὲ
1838 3197 1902 3237 καὶ
1947 3196 2167 3249 Ἀθηναίων.
2200 3196 2323 3236 Mitto
2351 3193 2463 3234 alios.
2503 3194 2516 3245 Η
2537 3217 2593 3222 -

1362 3262 1458 3315 703.
1480 3262 1701 3316 Λυσιμάχια
1727 3259 1840 3310 cod.;
1866 3273 1947 3299 em.
1971 3258 2099 3299 Mein.
2142 3258 2157 3311 Η
2187 3281 2243 3288 —
2265 3254 2359 3310 705.
2381 3255 2547 3296 Limnas
2569 3269 2592 3294 a

1360 3323 1527 3364 Milesiis
1564 3322 1749 3364 conditas
1770 3336 1821 3362 ex
1866 3322 2122 3363 Anaximene
2164 3320 2442 3373 Lampsaceno
2469 3316 2592 3357 etiam

1361 3386 1507 3428 Strabo
1536 3385 1662 3426 tradit
1679 3386 1796 3435 XIV,
1828 3398 1871 3439 p.
1898 3382 1993 3424 635.
2017 3382 2134 3423 Idem
2158 3382 2202 3422 in
2233 3381 2377 3435 fragm.
2397 3379 2588 3422 vatican.

1361 3449 1433 3490 lib.
1454 3450 1551 3498 VII,
1579 3447 1629 3489 50
1655 3461 1664 3487 2
1689 3445 1798 3488 Μετὰ
1821 3445 1862 3486 δὲ
1886 3444 2051 3500 Καρδίαν
2075 3444 2219 3499 Δράὸος
2236 3442 2301 3484 καὶ
2323 3441 2482 3497 Λίμναι·
2519 3439 2591 3481 εἶτ’

1348 3525 1350 3527 ’
1367 3510 1696 3561 Ἀλωπεκόννησος
1711 3541 1720 3559 ,
1742 3508 1791 3556 εἰς
1809 3509 1854 3560 ἣν
1881 3507 2041 3562 τελευτᾷ
2058 3506 2225 3562 μάλιστα
2244 3505 2265 3544 ὁ
2286 3504 2417 3552 Μέλας
2432 3503 2588 3550 κόλπος.

1361 3576 1458 3615 Haec
1470 3575 1502 3614 si
1519 3587 1613 3614 cum
1629 3572 1794 3621 nostris,
1809 3571 1882 3611 ubi
1897 3569 2039 3610 eadem
2055 3577 2115 3610 est
2128 3569 2316 3610 locorum
2330 3567 2468 3618 series,
2487 3581 2595 3607 com-
2656 3604 2662 3607 ,

1360 3637 1579 3691 paraveris,
1604 3642 1770 3689 apparet
1784 3648 1807 3674 a
1825 3647 1923 3673 vero
1939 3632 2414 3686 aberrasseKiepertum,
2429 3630 2500 3684 qui
2524 3630 2592 3670 Li-

1362 3712 1476 3738 mnas
1490 3697 1541 3737 ab
1567 3697 1876 3751 Alopeconneso
1892 3695 2060 3735 boream
2087 3708 2228 3735 versus
2245 3693 2378 3748 ponit.
2400 3693 2592 3743 Quonam

1362 3760 1452 3800 loco
1478 3759 1811 3813 Alopeconnesus
1833 3757 1910 3797 sita
1932 3756 2056 3797 fuerit
2077 3770 2100 3797 e
2127 3754 2338 3797 Strabonis
2356 3752 2488 3793 verbis
2505 3765 2590 3802 jam

1362 3823 1511 3877 liquet,
1545 3830 1584 3861 ct
1603 3835 1678 3861 acu
1701 3834 1788 3861 rem
1805 3820 1848 3860 in
1874 3834 2024 3874 mappa
2045 3819 2178 3872 tetigit
2199 3814 2464 3858 Reichardus.
2490 3815 2594 3853 Prae-

1363 3894 1473 3925 terea
1485 3885 1728 3924 Limnamm
1748 3883 1920 3931 mentio,
1938 3883 2074 3922 minus
2090 3889 2226 3921 tamen
2240 3884 2440 3926 accurata,
2463 3883 2593 3915 exstat

1363 3961 1428 4002 ap.
1452 3945 1644 4001 Stephan.
1670 3946 1766 3999 Byz.
1792 3957 1800 3984 :
1825 3944 1988 3999 Λίμναι,
2013 3943 2122 3990 πόλις
2147 3940 2184 3981 ἓν
2209 3937 2487 3992 Ἑλλησπόντῳ
2509 3935 2594 3990 περὶ
