2808 4342
60 236 211 299 (asoa.)

59 357 131 390 τας
156 339 304 384 πείθειν
329 339 548 398 ἐθέλοντες,
572 343 772 391 τόπωνιτε
795 349 1070 410 προσηγορίας
1096 350 1166 395 καὶ
1190 369 1289 396 στα-

59 406 156 451 δίων
177 407 574 479 ἀριθμὸνηδιεξιόντες
588 447 599 468 ,
613 413 684 458 καὶ
699 418 830 459 ταῦτα
850 416 916 460 ἐπὶ
935 417 1096 479 χωρίων
1115 415 1142 472 ἢ
1163 419 1287 464 ἐθνῶν

61 475 283 538 βαρὸάρων
299 513 311 536 ,
335 481 390 522 ὧν
411 478 500 524 οὐδὲ
524 480 596 533 τὰς
614 483 889 544 προσηγορίας
909 489 1035 529 εἰπεῖν
1057 485 1219 532 δύναιτο
1239 487 1288 532 ἄν

57 561 144 602 τις,
182 546 300 589 αὐτόν
325 564 393 605 μοι
429 550 593 594 δοκοῦσι
614 549 683 594 τὸν
720 553 917 612 Βεργαῖον
942 552 1159 616 Ἀντιφάνη
1183 573 1288 600 νενι-

0 623 12 650 '›
57 613 227 667 κηκέναι
265 617 322 675 τῷ
362 615 514 678 ψεύδει.
580 616 704 663 σΟσοι
745 618 817 677 μὲν
856 619 934 682 γὰρ
978 622 1145 682 μερικάς
1177 642 1288 676 τινας

59 681 305 736 ἐποιήσαντο
327 684 536 744 περίπλων
558 685 786 742 διηγήσεις,
812 680 867 732 ὧν
891 688 960 732 καὶ
985 689 1034 733 τὰ
1058 693 1190 753 χωρία
1211 710 1285 735 σα-

56 753 139 811 φῶς
177 750 421 810 ἐγίνωσκον,
457 752 528 797 καὶ
563 752 637 807 τὴν
673 755 949 816 ἀναμέτρησιν
981 762 1052 812 τῆς
1082 759 1284 816 θαλάττης

54 820 128 863 οὐκ
145 819 333 878 ἠγνόουν,
354 820 424 864 καὶ
442 819 579 873 πόλεις
592 823 661 866 καὶ
681 823 849 881 λιμένας
865 825 934 870 καὶ
952 825 1003 870 τὰ
1020 828 1284 887 διαστήματα

54 887 207 937 τούτων
227 887 549 945 καταμαθόντες,
574 884 683 935 οὗτοι
708 892 893 938 δοκοῦσιν
912 893 938 949 ἢ
960 895 1094 940 πάντα
1117 896 1143 951 ἢ
1161 895 1211 941 τά
1241 916 1286 957 γε

0 966 31 995 ιο
53 957 229 999 πλεῖστα
256 955 360 1014 μετὰ
379 959 448 1011 τῆς
473 959 738 1019 ἐνδεχομένης
767 962 959 1016 ἀληθείας
979 963 1286 1026 ἐγγεγραφέναι·

53 1021 141 1068 ὅσοι
172 1022 214 1067 δὲ
237 1023 263 1079 ἢ
287 1032 369 1076 τοῖς
398 1027 695 1087 ἀπαγγείλασιν
728 1029 830 1090 ἅπερ
857 1032 930 1075 οὐκ
962 1031 1182 1077 ἐθεάσαντο
1217 1051 1288 1076 πι-

54 1091 318 1149 στεύσαντες,
358 1094 383 1149 ἢ
421 1102 506 1147 τοῖς
545 1097 827 1160 συγγράψασιν
863 1098 967 1160 ἅπερ
999 1102 1177 1162 ἀκριὸῶς
1214 1103 1287 1146 οὐκ

55 1161 238 1221 ἔγνωσαν
260 1163 632 1221 ἀκολουθήσαντες,
657 1167 827 1227 ἐκλογάς
846 1187 957 1219 τινας
980 1170 1189 1230 περίπλων
1217 1175 1287 1226 τῆς

54 1230 293 1289 οἰκουμένης
323 1233 595 1294 ἐποιήσαντο,
636 1228 745 1280 οὗτοι
773 1237 894 1291 δῆλον
934 1241 990 1291 ὡς
1012 1241 1089 1301 οὐχ
1124 1239 1288 1291 ἑαυτοὺς

0 1310 27 1338 [5
53 1298 197 1358 μόνους
216 1300 437 1358 ἠπάτησαν
453 1337 465 1358 ,
498 1302 605 1348 ἀλλὰ
633 1305 703 1350 καὶ
727 1304 817 1356 τοὺς
839 1307 1075 1359 πεισθέντας
1109 1309 1188 1360 τοῖς
1211 1308 1279 1352 ὑπ’

51 1370 186 1415 αὐτῶν
206 1378 491 1432 συγγραφεῖσι.

113 1455 150 1484 2.
180 1441 215 1485 Γ
219 1440 336 1501 ράςριο
360 1440 401 1484 δὲ
424 1445 554 1485 ταῦτα
579 1442 740 1493 πολλοῖς
762 1442 835 1502 μὲν
855 1444 1034 1506 ἐντυχὼν
1059 1445 1285 1506 περίπλοις,

50 1506 179 1550 πολὺν
209 1507 250 1552 δὲ
274 1508 367 1570 περὶ
405 1508 477 1563 τὴν
513 1509 666 1554 τούτων
697 1509 850 1566 εἴδησιν
883 1512 1098 1564 ἀναλώσας
1123 1513 1283 1574 χρόνον.

51 1574 147 1636 Χρὴ
172 1575 303 1622 τοίνυν
325 1577 412 1622 ὅσοι
434 1577 685 1630 παιδεύσεως
710 1580 819 1632 ἐντὸς
834 1582 1110 1638 κατέστησαν,
1135 1582 1286 1627 τούτων

0 1652 28 1682 ῑΟ
50 1642 247 1698 ἐξετάζειν
269 1645 341 1698 τὰς
362 1647 552 1700 τοιαύτας
574 1648 819 1710 φιλομαθίας
847 1652 901 1701 ὡς
931 1649 1034 1710 μήτε
1060 1651 1287 1712 προχείρως

49 1714 254 1759 πιστεύειν
269 1721 350 1767 τοῖς
365 1716 610 1775 λεγομένοις,
627 1717 733 1775 μήτε
748 1717 919 1763 ἄπιστον
933 1717 1005 1774 τὴν
1020 1719 1171 1763 οἰκείαν
1180 1718 1286 1779 γνώ-

17 1822 22 1826 .
50 1801 132 1840 μην
170 1783 400 1846 ἔμπροσθεν
438 1788 510 1840 τῆς
548 1785 710 1830 ἐκείνων
754 1787 960 1847 φροντίδος
1003 1787 1281 1846 ποιουμένους.

48 1855 87 1897 Τ
91 1851 227 1904 ούτους
251 1852 300 1907 δὴ
326 1852 613 1914 ἀκριὸέστερον
631 1854 983 1914 ἐπισκοπήσομεν.
1052 1858 1106 1901 Οἵ
1132 1854 1210 1915 γὰρ
1235 1856 1283 1911 δὴ

51 1921 259 1972 δοκοῦντες
287 1925 418 1966 ταῦτα
453 1920 557 1980 μετὰ
592 1921 726 1982 λόγων
747 1921 1009 1979 ἐξητακέναι,
1033 1923 1297 1983 Τιμοσθένης

0 2002 28 2030 25
49 1993 70 2034 6
89 1989 248 2041 εΡόδιός
269 1991 403 2051 ἐστιν,
437 1990 792 2053 ἀρχικυὸερνήτης
815 1997 884 2037 τοῦ
911 1993 1097 2055 δευτέρου
1127 1995 1286 2039 Πτολε·

50 2060 172 2118 μαίου
190 2058 382 2118 γεγονὼς,
404 2059 474 2103 καὶ
492 2059 580 2117 μετ’
599 2059 750 2104 ἐκεῖνον
771 2059 1083 2122 Ἐρατοσθένης,
1107 2061 1148 2106 ὃν
1168 2064 1286 2116 Βῆτα

49 2128 248 2173 ἐκάλεσαν
275 2130 311 2173 οἱ
336 2132 404 2173 τοῦ
426 2128 633 2174 Μουσείου
657 2129 921 2190 προστάντες,
948 2130 1047 2192 πρὸς
1073 2131 1114 2175 δὲ
1133 2131 1288 2183 τούτοις

50 2196 214 2249 Πυθέας
233 2216 276 2241 τε
310 2200 331 2241 6
355 2197 665 2252 Μασσαλιώτης
693 2198 762 2241 καὶ
799 2198 1006 2259 Ἰσίδωρος
1029 2202 1048 2242 ὁ
1084 2201 1287 2261 Χαρακη-

48 2265 113 2318 νὸς
148 2266 219 2311 καὶ
244 2265 488 2326 Σώσανδρος
521 2269 541 2310 6
575 2266 852 2326 κυὸερνήτης,
887 2267 938 2311 τὰ
961 2267 1067 2311 κατὰ
1101 2267 1174 2322 τὴν
1204 2268 1286 2314 Ἰν-

0 2344 29 2373 ῑΟ
52 2335 166 2390 δικὴν
190 2336 374 2398 γράψας,
400 2335 591 2394 Σιμμέας
610 2354 652 2380 τε
673 2339 693 2379 6
717 2339 789 2390 τῆς
812 2336 1050 2395 οἰκουμένης
1071 2337 1193 2388 ἐνθεὶς
1216 2337 1283 2382 τὸν

49 2405 270 2466 περίπλουν
291 2422 300 2432 ·
327 2403 384 2448 ἔτι
408 2404 488 2462 μὴν
514 2403 711 2456 Ἀπελλᾶς
748 2408 769 2449 ὃ
795 2408 1025 2467 Κυρηναῖος
1056 2406 1126 2450 καὶ
1150 2406 1284 2451 Εὐθυ-

52 2475 173 2533 μένης
206 2476 227 2517 ὃ
259 2472 569 2528 Μασσαλιώτης
601 2473 672 2518 καὶ
705 2473 863 2526 Φιλέας
906 2479 926 2520 6
966 2475 1173 2529 Ἀθηναῖος
1214 2475 1286 2520 καὶ

51 2541 332 2605 Ἀνδροσθένης
368 2545 389 2586 ὁ
420 2542 575 2593 Θάσιος
604 2543 673 2587 καὶ
698 2543 842 2589 Κλέων
867 2547 887 2588 ὃ
912 2544 1185 2599 Σικελιώτης,
1209 2543 1288 2590 Εὔ-

51 2613 159 2665 δοξός
188 2631 232 2657 τε
261 2616 283 2658 6
306 2611 463 2663 Ῥόδιος
492 2612 562 2657 καὶ
585 2612 775 2658 Ἄννωνὸ
802 2614 1106 2675 Καρχηδόνιος,
1141 2617 1177 2659 οἱ
1213 2615 1286 2673 μὲν

0 2696 28 2726 ιτ)
52 2685 187 2744 μερῶν
223 2700 365 2737 τινων,
398 2684 433 2726 οἱ
474 2681 515 2726 δὲ
544 2685 616 2736 τῆς
646 2682 756 2733 ἐντὸς
778 2683 913 2738 πάσης
936 2683 1154 2738 θαλάττης,
1181 2685 1217 2728 οἱ
1245 2683 1286 2728 δὲ

49 2755 120 2806 τῆς
150 2750 264 2802 ἐκτὸς
295 2749 517 2812 περίπλουν
541 2750 865 2814 ἀναγράψαντες·
890 2754 933 2796 οὔ
960 2751 1040 2806 μὴν
1079 2751 1185 2796 ἀλλὰ
1217 2752 1287 2797 καὶ

51 2819 217 2872 Σκύλαξ
241 2823 261 2864 6
288 2819 549 2881 Καρυανδεὺς
578 2820 647 2864 καὶ
669 2821 887 2871 Βωτθαῗος·
909 2813 1017 2865 οὗτοι
1038 2820 1078 2864 δὲ
1105 2821 1288 2882 ἑκάτεροι

51 3026 135 3051 non
153 3011 366 3051 intellexit.
399 3012 415 3065 11
444 3036 500 3042 -
522 3026 559 3054 ῐ.
587 3011 787 3060 ἐθέλοντας
816 3012 958 3063 codd.;
990 3027 1072 3053 em.
1099 3012 1288 3053 Hudson.

57 3074 71 3126 Η
92 3097 150 3104 —-
169 3076 209 3122 4.
234 3074 263 3112 Β
278 3089 294 3113 ε
307 3089 326 3128 ρ
339 3075 486 3128 γαῖον
513 3073 550 3114 ’A
563 3089 581 3114 ν
595 3089 616 3114 τ
630 3076 709 3129 ιφά
723 3076 803 3130 νη]
830 3074 1008 3115 Ἀπίστων
1031 3075 1289 3129 scriptorem,

51 3134 168 3188 cujus
189 3135 469 3175 meminerunt
498 3136 644 3176 Strabo
666 3138 700 3186 I,
726 3150 769 3191 p.
798 3139 867 3190 47.
902 3138 958 3186 H,
986 3151 1029 3192 p.
1066 3150 1159 3178 102.
1186 3139 1289 3187 1043

52 3196 246 3250 Stephan.
261 3205 301 3236 et
316 3196 461 3238 Suidas
475 3212 512 3237 v.
534 3198 672 3252 Βέργη.
696 3199 711 3252 ll
728 3223 785 3229 —
796 3214 837 3252 9.
855 3199 878 3250 ἢ
897 3200 1113 3239 παντάπασι
1128 3198 1293 3239 πλεῖστα

26 3282 28 3284 -
53 3258 197 3298 codex.
224 3259 311 3311 11-
342 3272 407 3299 12.
442 3258 689 3314 ἀκριὸῶς]
720 3275 803 3301 om.
830 3276 970 3316 apogr.
989 3262 1085 3301 Vat.
1111 3262 1126 3315 11
1149 3286 1205 3292 -
1225 3262 1289 3301 13.

55 3319 270 3374 ἐκλογάς
318 3323 479 3376 τινας]
531 3321 804 3377 ἐκλογιστίμας
854 3324 948 3364 cod.
987 3324 1134 3373 Paris.,
1179 3322 1292 3378 quod

54 3381 188 3422 scriba
209 3395 352 3435 apogr.
372 3383 471 3422 Vat.
500 3382 597 3435 legit
616 3383 896 3438 ἐκλογιστιαίας
910 3417 920 3435 ,
938 3386 1049 3426 unde
1068 3385 1292 3426 Hudsonus

54 3443 194 3483 elicuit
216 3442 477 3497 ἐκλογιστίας,
498 3452 659 3484 vertens
676 3447 884 3498 catalogos
899 3447 1168 3502 periplomm.

112 3508 133 3556 S
173 3510 214 3554 2,
241 3518 306 3557 17.
343 3503 574 3560 εἴδησιν]
615 3504 743 3557 ἴδησιν
781 3507 894 3557 cod.;
916 3522 997 3547 em.
1017 3508 1165 3548 Miller.
1196 3509 1210 3562 ΙΙ
1238 3503 1294 3539 ’-

0 3605 1 3610 ,
57 3583 127 3612 2ο.
157 3569 240 3616 τὰς
276 3568 513 3615 τοιαύτας
551 3568 672 3623 φιλο
688 3570 865 3623 μαθίας
899 3569 1012 3624 (non
1044 3569 1293 3624 φιλομαθείας

57 3640 103 3671 ut
126 3645 192 3686 ap.
221 3633 280 3671 M.
305 3630 318 3685 )
337 3633 351 3683 ]
374 3631 431 3670 sic
448 3629 560 3678 cod.;
586 3629 652 3677 τὰς
666 3645 706 3685 φ.
725 3631 899 3678 τοιαύτας
913 3645 1054 3685 apogr.
1082 3633 1178 3671 Vat.
1202 3633 1217 3685 ΙΙ
1238 3655 1294 3663 -—

57 3694 125 3734 25.
157 3692 468 3748 ἀρχικυὸερνίτης
489 3694 557 3732 τοῦ
573 3693 789 3747 δευτεραίου
805 3692 899 3733 cod.
925 3693 940 3747 ΙΙ
965 3717 1024 3724 —
1037 3706 1106 3746 27.
1120 3694 1291 3734 Μουσίου

57 3755 151 3796 cod.
178 3756 194 3809 1]
213 3780 270 3786 ——
287 3768 357 3808 29.
375 3755 567 3794 Σώσανδ
581 3756 685 3809 ρος]
714 3755 878 3808 ignotus
892 3755 1040 3811 hom0;
1064 3764 1206 3796 contra
1220 3756 1292 3797 de-

58 3816 211 3857 sideras
236 3818 497 3857 notissimum
516 3815 738 3857 Alexandri
758 3818 819 3856 M.
847 3816 1160 3870 gubernatorem
1180 3819 1291 3862 One-

59 3879 259 3918 sicritum.
289 3879 305 3932 ll
325 3903 382 3909 -—
399 3879 466 3919 30.
489 3878 704 3933 Σιμμέας
722 3879 737 3933 ]
761 3878 872 3918 haud
898 3878 1024 3919 dubie
1046 3878 1168 3920 fuisse
1195 3879 1290 3935 Σιμ-

62 3940 167 3993 μίας,
193 3941 256 3980 vel
275 3942 425 3980 rectius
442 3940 606 3994 Σιμίας(
623 3954 661 3980 ν.
684 3940 823 3995 steph.
841 3941 964 3981 Thes.
983 3956 1017 3981 s.
1040 3955 1078 3981 v.
1093 3943 1126 3994 )‚
1147 3951 1287 3982 monet

59 4002 249 4043 Hudson.
289 4004 469 4055 Quinam
500 4002 622 4042 suerit
653 4003 906 4057 geographus
935 4004 1123 4044 Sinnnias
1138 4035 1148 4052 ,
1187 4019 1285 4044 num

60 4063 282 4105 Alexandri
303 4079 439 4104 comes
471 4063 485 4120 (
505 4064 668 4105 Arrian.
692 4067 776 4114 ΙΙΙ,
808 4078 859 4118 27
889 4073 966 4105 ctc.
988 4064 1018 4119 ),
1045 4079 1095 4105 an
1120 4065 1288 4106 sortasse

882 247 1149 294 EPlTOME
1183 248 1424 297 PERIPLI
1458 252 1769 300 MEN1PPE1.

2500 274 2588 313 565

1359 361 1530 402 nomina
1549 370 1588 403 et
1620 362 1848 404 stadiorum
1869 378 2088 406 numerum
2117 378 2401 422 percurrentes
2417 402 2428 422 ‚
2466 372 2592 428 idque

1360 431 1412 473 de
1432 435 1670 488 regionibus
1705 437 1976 493 gentibusque
2004 438 2212 491 barbaris,
2239 456 2415 496 quarum
2436 459 2488 486 ne
2517 460 2592 487 no·

1360 504 1472 544 mina
1494 505 1660 559 quidem
1681 506 1849 557 dixeris,
1875 508 2090 550 mendacio
2109 509 2246 565 ipsum
2266 513 2368 554 mihi
2400 513 2592 558 videntur

1360 575 1639 630 Antiphanem
1683 579 1894 631 Bergaeum
1932 594 2156 635 superasse.
2217 583 2434 637 Quotquot
2477 587 2588 626 enim

1358 647 1623 700 particulares
1639 649 1835 702 quasdam
1853 650 2034 692 fecerunt
2049 652 2302 708 periplorum
2318 655 2586 707 narrationes,

1358 731 1538 772 quorum
1557 728 1597 760 et
1614 719 1702 760 loca
1730 721 1850 776 plane
1872 722 2080 777 explorata
2106 724 2357 784 habuerunt,
2385 727 2590 783 marisque

1358 790 1657 832 dimensionem
1688 807 1771 833 non
1795 794 2053 846 ignorarunt,
2074 804 2114 836 et
2138 797 2303 837 urbium
2329 805 2369 838 et
2390 807 2586 853 portuum

1358 876 1405 901 ac
1420 862 1661 920 eorumdem
1683 863 1968 906 distantiarum
1993 868 2177 908 notitiam
2206 870 2393 920 assecuti,
2415 870 2470 911 illi
2492 886 2588 913 sane

1359 932 1552 974 videntur
1569 944 1639 975 aut
1657 937 1796 976 omnia
1814 945 1884 976 aut
1908 937 2025 991 longe
2048 939 2225 994 plurima
2237 942 2444 996 scripsisse
2463 957 2586 998 quam

1357 1003 1446 1044 fieri
1470 1014 1605 1059 posset
1635 1009 1863 1058 verissime3
1883 1018 2087 1064 quotquot
2104 1026 2200 1052 vero
2217 1015 2471 1055 narrantium
2495 1029 2587 1070 quae

1358 1089 1442 1115 non
1466 1076 1658 1117 viderunt
1686 1077 1809 1118 fidem
1843 1081 1993 1129 secuti,
2022 1089 2063 1121 et
2090 1082 2355 1123 scribentium
2378 1098 2468 1138 quae
2501 1099 2586 1126 non

1359 1155 1547 1187 accurate
1566 1158 1850 1202 cognoverunt
1868 1152 2106 1193 auctoritate
2130 1154 2241 1204 nixi,
2262 1154 2441 1196 delectus
2462 1170 2586 1210 quos·

1357 1215 1454 1257 dam
1470 1217 1652 1267 fecerunt
1667 1221 1917 1275 periplorum
1933 1230 2049 1262 terrae
2057 1223 2285 1265 habitabilis
2298 1241 2309 1274 ;
2323 1225 2398 1266 hos
2416 1226 2585 1267 manife-

1358 1296 1467 1328 stum
1481 1298 1541 1329 est
1559 1304 1642 1330 non
1658 1300 1783 1330 semet
1795 1291 1927 1332 solum
1943 1292 2164 1347 decepisse,
2182 1295 2253 1335 sed
2268 1303 2308 1336 et
2321 1296 2420 1336 alios
2437 1298 2484 1337 iis
2496 1312 2587 1352 quae

1359 1372 1680 1417 composuerunt
1699 1379 1928 1418 persuasos.

1415 1459 1453 1487 2.
1487 1448 1583 1487 Haec
1605 1455 1742 1487 autem
1774 1448 1937 1498 scribo,
1974 1449 2112 1489 multis
2143 1451 2364 1504 pervolutis
2394 1454 2584 1508 periplis,

1358 1521 1570 1575 multoque
1611 1523 1655 1561 in
1692 1522 1755 1562 his
1787 1523 2092 1582 perscrutandis
2131 1534 2349 1566 consumto
2386 1535 2585 1583 tempore.

1358 1598 1534 1651 Oportet
1567 1597 1691 1650 igitur
1716 1612 1876 1647 eorum,
1902 1599 1973 1652 qui
1997 1598 2230 1640 eruditione
2255 1601 2416 1654 penitus
2441 1602 2586 1643 imbuti

1356 1680 1469 1721 sunt,
1487 1673 1529 1712 in
1546 1670 1784 1726 hujusmodi
1814 1673 2038 1727 disciplinis
2058 1675 2290 1715 examinare
2312 1676 2499 1730 peritiain
2512 1708 2523 1727 ,
2542 1677 2588 1718 ut

1356 1758 1491 1797 neque
1506 1752 1658 1784 temere
1680 1743 1895 1784 credamus
1914 1743 2035 1784 dictis
2047 1776 2057 1795 ,
2076 1759 2210 1799 neque
2227 1748 2414 1803 proprias
2429 1756 2587 1788 nostras

1357 1814 1714 1868 inexplorataeque
1727 1814 1821 1854 fidei
1837 1816 2051 1869 opinIOnes
2067 1815 2230 1856 illorum
2245 1831 2353 1857 curae
2365 1826 2406 1858 et
2417 1818 2587 1872 diligen-

1356 1886 1422 1925 tiae
1439 1900 1710 1940 opponamus
1772 1889 1858 1927 Hos
1874 1888 2009 1942 itaque
2021 1890 2201 1929 curatius
2218 1890 2583 1932 considerabimus.

1357 1958 1523 1998 Etenim
1543 1959 1616 2012 qui
1645 1973 1740 1999 cum
1760 1961 1917 1999 ratione
1939 1959 1992 2000 de
2015 1960 2078 2000 his
2098 1961 2355 2015 inquisivisse
2378 1963 2586 2013 videntur,

1356 2029 1643 2069 Timosthenes
1677 2029 1864 2069 Rhodius
1895 2031 2086 2085 princeps
2111 2031 2362 2084 gubernator
2386 2033 2464 2073 suit
2492 2036 2589 2074 Pto-

1356 2098 1486 2138 lemaei
1503 2098 1694 2148 secundi,
1721 2107 1760 2138 et
1778 2107 1872 2152 post
1892 2113 1987 2139 eum
2007 2100 2318 2151 Eratosthenes,
2343 2116 2468 2156 quem
2493 2104 2591 2143 Beta

1356 2170 1652 2224 nuncupabant
1674 2170 1853 2224 praefecti
1874 2171 2006 2210 Musei
2027 2171 2293 2211 Alexandrini
2305 2189 2315 2222 ;
2347 2182 2495 2227 praeter
2515 2175 2590 2214 hos

1357 2256 1455 2281 vero
1488 2243 1660 2296 Pytheas
1686 2243 1970 2293 Massiliensis,
1996 2243 2178 2284 Isidorus
2203 2246 2482 2297 Characenus,
2513 2251 2588 2289 So·

1356 2312 1506 2353 sander
1538 2313 1789 2366 gubernator
1821 2315 1893 2367 qui
1912 2328 1975 2354 res
2005 2314 2165 2355 Indicas
2187 2317 2361 2371 scripsit,
2391 2319 2586 2362 Simmeas

1358 2385 1431 2438 qui
1450 2384 1561 2424 orbis
1577 2386 1755 2425 universi
1775 2386 1978 2440 periplum
1995 2388 2239 2441 composuit,
2262 2389 2423 2443 Apellas
2441 2389 2589 2448 (ophe.

1359 2458 1423 2498 las
1436 2459 1668 2512 Cyrenaeus,
1690 2459 1967 2513 Euthymenes
1985 2459 2265 2510 Massiliensis,
2289 2462 2445 2503 Phileas
2463 2465 2589 2505 Athe-

1358 2531 1511 2570 niensis
1526 2562 1537 2580 ,
1575 2530 1884 2571 Androsthenes
1909 2532 2084 2572 Thasius
2099 2563 2109 2580 ,
2143 2532 2269 2573 Cleon
2292 2534 2471 2586 Siculus,
2503 2538 2586 2577 Eu-

1359 2603 1493 2643 doxus
1517 2603 1725 2654 Rhodius,
1756 2606 1905 2645 Hanno
1937 2604 2279 2658 Carthaginiensis
2293 2637 2304 2656 ,
2323 2621 2502 2661 quorum
2519 2609 2584 2649 alii

1359 2678 1539 2731 partium
1560 2677 1858 2731 quarumdam,
1884 2678 1950 2718 alii
1974 2679 2097 2718 totius
2123 2679 2247 2718 maris
2277 2679 2496 2730 interioris,
2520 2682 2586 2722 alii

1360 2748 1485 2787 maris
1512 2748 1724 2789 exterioris
1746 2748 1949 2803 periplum
1969 2749 2325 2803 conscripserunt;
2347 2751 2447 2804 quin
2466 2752 2587 2791 etiam

1360 2829 1402 2861 ct
1423 2820 1563 2875 Scylax
1588 2821 1883 2876 Caryandcnsis
1905 2830 1946 2862 et
1964 2821 2194 2872 Botthaeus,
2219 2836 2397 2876 quorum
2417 2831 2588 2878 uterque

1357 3013 1408 3061 is,
1437 3013 1506 3066 qui
1537 3011 1744 3052 Ptolemaei
1763 3012 1871 3052 tertii
1905 3013 1988 3052 sive
2019 3014 2226 3065 Evergetae
2251 3011 2369 3065 jussu
2395 3012 2588 3066 Ichthyo-

1357 3073 1588 3128 phagorum
1617 3075 1825 3126 regionem
1855 3074 2095 3128 exploravit,
2131 3072 2329 3126 cujusque
2352 3073 2586 3114 testimonio

1358 3133 1680 3187 Agatharchides
1701 3133 1714 3188 (
1734 3136 1756 3185 §
1779 3136 1826 3181 41
1844 3149 1855 3183 3
1880 3148 1946 3188 ap.
1965 3133 2139 3174 Diodor.
2161 3135 2238 3182 ΙΙΙ,
2265 3134 2312 3173 18
2336 3133 2510 3186 >utitur,
2543 3136 2586 3174 in

1358 3197 1498 3238 medio
1531 3197 1732 3250 relinquo.
1756 3197 1771 3249 Η
1804 3219 1861 3226 --
1879 3195 1923 3236 ἐν
1938 3196 1956 3235 θ
1972 3195 2066 3250 εὶς]
2099 3210 2150 3236 an
2178 3194 2319 3242 ἐκθεὶςὶ)
2342 3195 2455 3249 quod
2475 3198 2586 3236 Mar-

1358 3260 1501 3300 cianus
1521 3258 1754 3299 adhibuerit
1776 3271 1852 3312 pro
1878 3256 2088 3312 ἐκθέμενος.
2113 3258 2129 3311 ΙΙ
2148 3281 2203 3287 —-
2224 3257 2290 3297 31.
2322 3255 2395 3297 Ἀπ
2408 3272 2424 3297 ε
2437 3257 2586 3313 λλᾶς]

1358 3320 1454 3362 deb.
1475 3320 1648 3375 Ὀφέλας.
1666 3319 1767 3361 Vid.
1783 3319 1929 3359 Strabo
1941 3334 1983 3374 p.
2003 3322 2098 3361 826.
2109 3320 2186 3372 Η-
2202 3318 2422 3373 Εὖθυμόνης
2438 3318 2583 3370 codex,

1358 3383 1430 3422 sed
1449 3383 1503 3423 ita
1522 3390 1567 3422 ut
1582 3390 1809 3422 correctum
1834 3380 2022 3421 videatur
2051 3395 2100 3421 ex
2116 3379 2347 3434 Εὖθυμώνης
2369 3380 2428 3420 vel
2465 3379 2582 3421 Ebou-

1360 3446 1495 3497 μάνης.
1531 3445 1621 3484 Hoc
1647 3443 1770 3483 habet
1798 3457 1939 3497 apogr.
1975 3445 2091 3492 Vat.;
2125 3457 2203 3482 em.
2235 3442 2381 3482 Miller.
2426 3443 2474 3482 V.
2513 3444 2582 3484 Fr.

1358 3508 1465 3549 Hist.
1490 3515 1592 3546 tom.
1630 3507 1704 3555 IV,
1740 3519 1782 3559 p.
1809 3507 1910 3552 408.
1952 3506 1967 3558 Η
2008 3529 2063 3535 -
2093 3505 2159 3544 33.
2198 3503 2228 3543 Θ
2242 3505 2264 3543 ά
2279 3519 2353 3543 σιο
2367 3505 2414 3559 ς]
2449 3502 2586 3552 Ἰάσιος

1359 3569 1470 3618 cod.;
1489 3583 1569 3608 em.
1583 3567 1772 3608 Hudson.
1791 3568 1845 3607 V.
1864 3569 2027 3620 Fragm.
2043 3567 2190 3620 Script.
2209 3568 2304 3607 Rer.
2320 3567 2436 3608 Alex.
2458 3580 2499 3620 p.
2515 3581 2580 3618 72.

1364 3632 1380 3685 Η
1396 3628 1620 3670 —Deinde
1639 3627 1815 3676 Εὗδόξιος
1827 3627 1917 3668 cod.
1943 3629 1959 3681 ΙΙ
1974 3652 2029 3658 -
2047 3628 2112 3677 34.
2138 3627 2178 3668 ’Ἀ
2192 3643 2207 3668 ν
2223 3643 2309 3669 νων
2325 3629 2339 3682 ]
2354 3629 2411 3668 sic
2427 3628 2556 3667 codex
2570 3644 2581 3678 ;

1358 3708 1443 3734 non
1459 3691 1614 3733 Ἅννων.
1635 3692 1794 3747 11-35.
1809 3692 1827 3731 θ
1842 3691 1899 3730 αλ
1911 3692 1934 3730 ά
1945 3706 1967 3730 σ
1978 3706 2030 3742 ση
2043 3692 2082 3746 ς]
2095 3691 2204 3731 sich.
2215 3691 2243 3731 l.
2257 3698 2295 3731 et
2310 3691 2419 3739 alibi,
2437 3691 2584 3730 fluctu-

1358 3764 1452 3796 ante
1474 3755 1689 3809 scriptura,
1708 3754 1810 3807 utin
1829 3752 1952 3793 codd.
1971 3753 2194 3794 Strabonis.
2219 3754 2234 3805 ll
2252 3775 2309 3783 —
2325 3752 2391 3804 37.
2421 3751 2587 3805 Καρυάν-

1359 3820 1458 3864 δους.
1476 3816 1569 3858 cod.
1591 3818 1678 3871 11-
1702 3817 1730 3855 Β
1743 3817 1918 3856 ωτθαῖο
1929 3818 1964 3868 ς]
1976 3817 2033 3856 sic
2066 3815 2196 3855 codex
2211 3845 2221 3862 ,
2254 3828 2338 3854 non
2366 3814 2558 3861 Βωτταῖος
2570 3845 2581 3864 ,

1360 3889 1405 3920 ut
1415 3879 1598 3920 Millerus
1613 3878 1712 3918 dicit
1729 3894 1740 3928 ;
1763 3878 1948 3924 Βοτθαῖος
1963 3891 2104 3931 apogr.
2120 3878 2216 3916 Vat.
2232 3884 2272 3915 et
2286 3874 2403 3915 editt.
2423 3876 2585 3916 Nomen

1356 3940 1623 3996 probabiliter
1649 3948 1905 3994 corruptum.
1937 3941 1983 3978 In
2009 3946 2187 3978 mentem
2208 3937 2318 3976 venit
2345 3936 2462 3983 Λύκος
2482 3936 2502 3976 ὁ
2522 3936 2587 3977 καὶ

1358 4005 1387 4042 Β
1398 4019 1419 4043 ο
1430 4018 1449 4041 υ
1468 4004 1486 4042 0
1500 4002 1521 4053 ἡ
1534 4017 1553 4056 ρ
1564 4017 1586 4041 α
1599 4018 1615 4049 ς
1626 4033 1637 4052 ,
1683 4001 1876 4055 Ῥηγῖνος,
1916 4014 2036 4054 quem
2080 3998 2348 4040 occidentales
2400 3999 2586 4051 regiones

1357 4064 1537 4119 primum
1572 4063 1799 4103 accuratius
1817 4061 2075 4115 descripsisse
2105 4061 2162 4100 ait
2183 4058 2501 4113 Agatharchides
2522 4060 2586 4099 De
