2808 4342
77 510 96 538 5

0 834 23 882 {⁴
57 856 95 886 ιο

965 118 1365 173 STADIASMUSv
1387 117 1579 164 MARIS
1615 116 1827 163 MAGNI.

121 239 205 282 ριον
241 220 334 283 ἔχον
374 219 549 281 πύργον·
578 220 630 279 (ὃ
667 219 709 265 δὲ
748 219 919 281 πύργος)
961 221 1087 279 λιμήν
1129 223 1216 267 ἐστι
1261 221 1354 267 ἐπί-

120 307 264 348 σημος.

184 373 258 403 102.
295 356 393 402 Ἀπὸ
416 356 639 419 Ζευχάριος
663 357 728 402 ἐπὶ
754 357 901 420 Γέργιν
933 358 1089 403 στάδιοι
1111 358 1185 403 τν’·
1209 358 1359 420 πύργος

120 426 227 481 ἐστὶ,
244 425 314 471 καὶ
339 427 526 488 φρούριον
553 428 640 488 ἔχει
664 427 734 472 καὶ
759 426 904 486 λιμένα
924 427 995 471 καὶ
1012 425 1136 489 ὕδωρ.

185 510 259 540 103.
292 494 391 540 Ἀπὸ
422 495 611 558 Γέργεως
643 498 698 548 εἷς
732 494 926 555 Μήνιγγα
966 496 1122 541 στάδιοι
1150 496 1222 557 ρν’·
1245 496 1360 546 πόλις

118 564 227 609 ἐστὶν
253 563 320 608 ἐπὶ
339 564 465 627 νήσῳ·
486 568 512 620 ἡ
533 563 574 610 δὲ
594 568 715 620 νῆσος
739 564 888 625 ἀπέχει
908 567 980 619 τῆς
1003 567 1076 624 γῆς
1100 564 1285 615 σταδίους
1303 564 1357 621 η’·

118 633 205 695 ἔχει
228 633 271 678 δὲ
294 635 433 686 πόλεις
465 633 633 693 ἱκανὰς,
674 633 924 694 μητρόπολις
957 633 999 677 δέ
1034 634 1142 678 ἐστιν
1169 633 1306 694 [αὕτη
1322 632 1356 697 ].

117 702 238 758 Αὕτη
263 697 331 748 οὖν
365 705 475 748 ἐστιν
498 707 524 758 ἡ
545 705 626 747 τῶν
649 702 915 764 Λωτοφάγων
940 705 1075 757 ν’ῆσος.
1142 701 1290 749 Ἔστιν
1315 707 1355 749 ἐν

118 772 223 831 αὐτῇ
242 771 380 833 βωμὸς
399 771 664 832 Ἡρακλέους·
685 770 877 831 μέγιστος
897 773 1101 816 καλεῖται.
1168 769 1294 816 Ἔστι
1313 771 1354 816 δὲ

114 840 241 899 λιμὴν
263 840 332 885 καὶ
355 838 463 898 ὕδωρ
490 838 591 900 ἔχει.

116 1011 254 1053 Stadia
282 1013 362 1053 300
386 1011 438 1052 ad
468 1014 620 1052 ostium
642 1013 752 1053 lacus
775 1013 957 1063 ducunt,
981 1014 1052 1053 ubi
1076 1014 1118 1052 in
1138 1013 1269 1053 insula
1288 1015 1364 1053 sita

115 1082 175 1114 est
198 1072 332 1114 Biban
355 1089 451 1114 cum
471 1075 649 1115 castello.
675 1077 737 1115 Eo
761 1076 850 1130 ipso
872 1076 914 1114 in
930 1075 1022 1115 loco
1043 1074 1166 1115 fuerit
1186 1075 1363 1130 φρούριον

115 1137 278 1185 Nostri,
335 1145 380 1176 ut
427 1151 523 1177 cum
563 1137 733 1177 Barthio
783 1152 945 1178 censeo.
996 1138 1140 1177 Ruinae
1176 1137 1364 1191 quaedam

118 1213 139 1239 e
171 1198 305 1253 lapide
339 1199 473 1239 coctili
513 1214 641 1254 prope
682 1215 794 1240 mare
826 1199 986 1254 jacent,
1031 1201 1074 1239 in
1114 1200 1265 1254 quibus
1300 1215 1364 1241 ca-

118 1263 261 1301 vitates
280 1262 577 1316 amphorarum
602 1262 779 1303 formam
794 1262 1016 1303 referentes
1039 1261 1358 1316 deprehendun-

119 1332 200 1374 tur,
220 1324 372 1364 similes
395 1339 539 1364 earum
559 1339 650 1379 quae
670 1326 712 1365 in
734 1326 859 1380 Tyria
875 1340 948 1366 ora
966 1323 1244 1379 praeparandae
1263 1339 1362 1379 pur-

118 1399 232 1440 purae
253 1386 530 1427 inserviebant
563 1388 578 1439 (
604 1388 660 1427 V.
690 1388 830 1427 Barth.
868 1402 912 1442 p.
955 1389 1087 1440 270).
1123 1388 1183 1426 Ac
1220 1395 1362 1426 nostro

119 1462 284 1502 quoque
309 1448 401 1488 loco
425 1448 549 1488 fuisse
578 1464 774 1504 purpurae
796 1449 970 1490 fabricas
993 1463 1015 1488 e
1040 1448 1240 1489 Strabone
1266 1463 1364 1489 con-

119 1517 211 1551 stat.
236 1511 368 1551 Lacus
384 1511 584 1561 marinus,
603 1520 776 1565 angusto
795 1513 900 1552 ostio
920 1512 1024 1552 mari
1039 1509 1206 1565 junctus
1225 1510 1364 1565 λιμένα

120 1569 307 1626 ἐπίσημον
333 1572 533 1627 praebuit3
561 1575 695 1613 tenuis
728 1582 865 1614 autem
892 1575 1014 1614 taenia
1042 1574 1149 1613 inter
1165 1573 1299 1613 lacum
1318 1587 1365 1612 ac

120 1648 232 1679 mare
254 1643 420 1675 extensa
439 1635 603 1675 castello
626 1635 762 1676 locum
792 1636 970 1690 praebuit
1001 1643 1158 1689 aptum.
1186 1637 1222 1675 A
1248 1650 1363 1689 φρου-

119 1697 188 1752 ρίῳ
206 1698 346 1738 Nostri
371 1712 456 1738 non
483 1698 695 1738 diversum
714 1706 774 1738 est
791 1697 1039 1753 praesidium
1064 1697 1232 1737 Tabulae
1258 1700 1364 1738 Peu-

118 1761 239 1813 ting„
260 1759 310 1800 35
329 1760 510 1799 millibus
527 1775 570 1814 p.
590 1775 612 1800 a
629 1759 838 1815 Gypsaria
859 1760 1029 1799 taberna
1048 1759 1218 1809 distans,
1240 1775 1364 1814 quam

119 1820 354 1860 distantiam
375 1820 519 1860 decem
540 1822 722 1861 millibus
740 1822 854 1861 auxit
877 1822 1054 1875 Lapieus
1069 1852 1079 1870 ‚
1103 1829 1212 1861 recte
1236 1831 1360 1876 puto,

119 1896 250 1936 quum
266 1882 329 1922 vel
344 1881 528 1922 hocloco
544 1882 607 1921 vel
619 1883 662 1922 in
685 1897 798 1937 seqq.
826 1882 947 1922 salsos
970 1882 1258 1923 distantiarum
1285 1898 1362 1923 nu-

120 1958 254 1984 meros
270 1945 313 1984 in
324 1944 431 1985 Tab.
449 1943 557 1984 tradi
574 1943 689 1984 facile
704 1945 968 1998 intelligatur.
986 1947 1035 1984 In
1049 1945 1190 1986 eadem
1207 1946 1364 1986 Tabula

119 2019 174 2048 20
192 2007 372 2047 millibus
395 2021 419 2047 a
436 2007 638 2062 Gypsaria
652 2007 736 2047 tab.
762 2015 822 2047 est
837 2006 1030 2056 Pisinda,
1054 2022 1144 2062 quae
1160 2008 1362 2048 collocan-

119 2068 172 2109 da
190 2078 250 2110 est
268 2069 320 2110 ad
344 2070 467 2110 maris
480 2084 688 2111 recessum
709 2069 847 2110 Mirsa
870 2070 1028 2110 Bareka
1043 2070 1106 2110 vel
1126 2074 1270 2122 Brega,
1290 2071 1363 2110 ubi

120 2145 250 2185 quum
274 2133 417 2187 portui
439 2133 554 2173 locus
578 2133 631 2172 sit
649 2131 847 2181 idoneus,
871 2134 940 2172 vix
969 2134 1167 2173 erraveris
1191 2133 1363 2173 εἰΠισίν-

119 2194 196 2234 δων
229 2194 368 2250 λιμένα
404 2195 487 2234 huc
516 2195 748 2248 pertinere,
777 2195 1043 2234 Ptolemaeum
1083 2209 1179 2234 vero
1216 2204 1364 2248 praeter

120 2256 309 2297 ordinem
347 2256 461 2296 hunc
493 2264 663 2310 portum
692 2270 941 2295 memorasse
977 2258 1200 2309 putaveris.
1236 2257 1361 2310 Apud

119 2319 299 2360 eundem
314 2319 581 2360 Ptolemaeum
600 2326 694 2373 post
711 2318 879 2359 Sabrata
902 2319 1088 2372 sequitur
1103 2319 1221 2358 tertia
1239 2320 1362 2359 unius

121 2381 273 2435 gradus
291 2390 407 2437 parte
426 2380 630 2435 disjuncta
642 2380 753 2420 Ζειθὰ
769 2381 888 2435 &fr-923
903 2380 1017 2434 quod
1033 2381 1129 2420 item
1146 2395 1362 2435 perperam

120 2443 272 2484 habere
299 2442 478 2493 videtur,
496 2458 627 2497 quum
650 2443 992 2483 verisimillimum
1015 2443 1067 2482 sit
1085 2457 1238 2482 nomen
1261 2443 1362 2484 illud

119 2506 326 2561 pertinere
353 2505 406 2545 ad
426 2519 515 2545 eam
539 2519 698 2555 acram,
728 2505 771 2544 in
802 2519 884 2558 qua
904 2505 1077 2544 Meninx
1099 2504 1230 2544 insula
1266 2519 1361 2545 cum

121 2569 358 2608 continente
376 2566 522 2622 juncta
551 2576 638 2607 erat
659 2575 785 2621 ponte
814 2566 877 2606 vel
900 2565 1022 2616 mole,
1055 2565 1171 2620 cujus
1195 2568 1362 2620 vestigia

123 2629 258 2671 adhuc
280 2638 503 2685 supersunt
534 2631 550 2683 (
573 2644 613 2670 v.
630 2630 773 2670 Barth.
795 2644 838 2684 p.
860 2630 939 2670 263
965 2631 997 2682 ).
1024 2630 1103 2669 Hic
1121 2629 1232 2669 enim
1249 2629 1362 2670 locus

122 2694 251 2732 Ponte
265 2696 302 2735 Z
307 2692 369 2732 ita
389 2692 591 2748 municip.
609 2693 651 2732 in
670 2692 815 2731 Itiner.
838 2700 877 2731 et
900 2686 1052 2744 Geogr.
1074 2693 1174 2731 Rav.
1193 2692 1248 2741 V,
1274 2691 1294 2731 5
1323 2700 1363 2732 et

122 2756 199 2803 III,
227 2754 267 2804 5,
286 2754 393 2796 Lilza
411 2763 606 2810 corrupte
629 2755 671 2794 in
688 2754 794 2795 Tab.
815 2756 934 2795 Peut.
962 2762 1149 2794 vocatur.
1167 2754 1237 2794 Sin
1260 2753 1363 2793 nihil

123 2812 366 2858 Ptolemaeus
388 2818 559 2867 erravit,
585 2816 697 2857 Ζειθὰ
720 2816 817 2871 ἄκρα
835 2816 1051 2857 referenda
1068 2825 1128 2856 est
1147 2816 1198 2856 ad
1218 2816 1363 2870 penin-

124 2878 257 2919 sulare
286 2880 629 2934 promontorium
647 2879 761 2934 quod
781 2894 895 2921 nunc
919 2888 1088 2920 vocatur
1112 2879 1277 2920 Zoaralz
1301 2879 1363 2919 vel

124 2940 370 2995 Ezwarah.ss
388 2963 446 2970 —-
478 2940 498 2980 ὁ
521 2940 568 2981 δὲ
591 2940 709 2996 πύργ
723 2943 800 2996 ος]
823 2942 911 2982 Nisi
934 2940 1088 2982 excidit
1102 2940 1273 2995 aliquid,
1292 2949 1363 2981 aut

125 2999 299 3042 delenda
318 3002 429 3052 haec,
457 3012 527 3043 aut
545 3003 765 3057 legendum
789 3017 798 3044 ε
823 3003 896 3045 ὑπὸ
918 3004 959 3044 δὲ
976 3004 1044 3045 τὸν
1063 3004 1224 3059 πύργον.

182 3066 204 3117 S
232 3069 324 3106 102.
360 3063 434 3106 ἀπὸ
460 3065 645 3121 Ζεύχαριν
675 3066 822 3108 codex.
851 3068 866 3122 Η
898 3090 953 3098 —·
984 3067 1191 3121 Γέργιν]
1218 3066 1363 3120 Γέργην

125 3124 238 3176 cod.;
256 3141 335 3166 em.
350 3127 455 3168 Gail.
475 3130 732 3169 Memoratur
748 3131 895 3183 Gergis
911 3144 934 3170 a
948 3130 1153 3184 Procopio
1168 3131 1230 3169 De
1249 3127 1360 3169 aedif.

124 3187 200 3237 VI,
245 3192 283 3237 4.
325 3191 555 3231 Ru‘inarum
601 3191 715 3232 locus
752 3201 791 3233 et
820 3207 950 3247 prope
990 3193 1111 3233 situm
1153 3191 1361 3232 castellum

294 4022 427 4058 cecc-n.
453 4026 484 4056 1.

2570 131 2660 170 465

1428 235 1488 267 est
1509 235 1667 267 turrem
1693 226 1868 276 habens;
1894 227 1971 267 sub
1994 235 2150 268 turrem
2185 228 2289 282 (ὑπὸ
2308 228 2349 270 δὲ
2371 229 2437 269 τὸν
2469 230 2671 285 πύργονξὶ)

1429 303 1573 350 portus
1595 302 1655 334 est
1684 295 1868 348 insignis.

1492 375 1583 405 102.
1618 365 1651 403 A
1677 362 1877 402 Zeuchari
1894 362 1946 402 ad
1962 364 2117 417 Gergin
2135 363 2266 404 stadia
2286 364 2390 415 3503
2409 367 2536 406 turris
2552 375 2613 407 est
2633 375 2673 406 et

1432 430 1642 470 castellum
1657 430 1782 470 habet
1803 438 1843 470 et
1858 439 2028 485 portum
2045 439 2084 484 et
2107 445 2271 486 aquam.

1436 514 1439 516 >
1492 499 1583 539 103.
1618 501 1654 538 A
1672 499 1796 551 Gergi
1812 497 1864 538 ad
1889 500 2126 553 Meningem
2144 499 2273 540 stadia
2297 500 2399 551 1503
2427 502 2525 542 urbs
2546 511 2608 543 est
2628 504 2672 542 in

1432 567 1575 607 insula.
1637 566 1776 607 Insula
1792 576 1928 608 autem
1951 582 1975 608 a
2004 570 2239 610 continente
2261 569 2385 611 distat
2407 570 2537 611 stadia
2559 580 2665 613 octo.

1430 636 1564 675 Urbes
1600 636 1723 676 habet
1753 650 1838 676 non
1875 651 2047 691 paucas,
2079 638 2166 678 haec
2200 653 2298 679 vero
2320 648 2380 680 est
2412 640 2667 695 metropoliS.

1430 705 1528 743 Haec
1546 704 1670 756 igitur
1688 712 1747 744 est
1759 704 1891 745 insula
1907 706 2259 760 Lotophagorum.
2319 709 2369 747 In
2386 722 2433 748 ea
2449 716 2581 749 exstat
2600 723 2670 748 ara

1428 773 1614 813 Herculis
1633 774 1743 827 (quae
1763 777 1951 829 vocatur)
1972 776 2165 817 maxima.
2213 778 2384 816 Meninx
2414 786 2580 832 portum
2601 777 2672 817 ha-

1428 842 1496 882 bet
1518 851 1558 882 et
1577 857 1739 896 aquam.

1435 1015 1672 1054 etiamnunc
1702 1022 1902 1054 vocantur
1917 1013 2138 1073 Dclmrcliis
2166 1014 2227 1054 vel
2247 1015 2395 1055 Zarsis
2409 1033 2424 1063 ,·
2447 1024 2487 1056 at
2506 1025 2671 1071 portum

1435 1075 1549 1116 locus
1573 1091 1686 1116 nunc
1724 1090 1809 1116 non
1843 1075 1981 1116 habet.
2007 1077 2062 1116 V.
2086 1075 2227 1117 Barth.
2267 1091 2310 1131 p.
2345 1082 2440 1119 266.
2463 1080 2672 1120 Pertinere

1434 1138 1517 1178 huc
1549 1137 1743 1178 videntur
1780 1137 2015 1189 Gergesitoe‚
2046 1139 2116 1192 qui
2147 1153 2197 1178 ex
2234 1141 2257 1178 J
2262 1138 2377 1180 udaea
2415 1141 2458 1179 in
2489 1140 2671 1182 Africam

1434 1201 1640 1239 transiisse
1659 1201 1701 1239 in
1718 1199 1834 1239 libris
1852 1198 2034 1241 Judaicis
2056 1199 2290 1240 traduntur.
2319 1203 2375 1242 V.
2397 1204 2560 1245 Movers
2580 1204 2606 1244 l.
2640 1205 2668 1244 l.

1433 1276 1475 1316 p.
1489 1265 1568 1315 427
1585 1276 1673 1315 sqq.
1693 1261 1789 1309 435.
1809 1262 1824 1316 Η
1844 1286 1900 1291 -
1914 1277 1936 1300 τ
1949 1260 2011 1315 ν’]
2028 1262 2086 1301 sic
2102 1261 2254 1312 codex;
2273 1264 2351 1313 τιν’,
2369 1263 2499 1304 edidit
2510 1267 2667 1306 Iriarte.

1435 1326 1561 1363 Recto
1585 1324 1729 1366 itinere
1748 1324 1912 1362 nonnisi
1939 1325 2016 1363 180
2034 1322 2165 1363 stadia
2182 1333 2488 1378 computantur.
2516 1330 2569 1367 At
2586 1342 2670 1368 non

1433 1386 1568 1439 potuit
1583 1399 1728 1425 cursus
1744 1393 1880 1425 rectus
1900 1385 2073 1433 institui,
2092 1399 2221 1438 quum
2243 1385 2382 1426 brevia
2397 1387 2515 1439 longe
2530 1397 2671 1442 paten-

1434 1449 1490 1488 tia
1505 1456 1697 1501 cogerent
1721 1456 1765 1487 ut
1785 1448 1916 1500 longis
1937 1448 2010 1487 viae
2025 1447 2265 1500 ambagibus
2288 1449 2432 1502 Gergis
2448 1459 2669 1504 peteretur.

1490 1513 1512 1562 S
1537 1515 1628 1552 ¹03.
1653 1510 1775 1565 Γέργ
1791 1526 1806 1550 ε
1820 1510 1908 1564 ως]
1939 1510 2110 1564 Γεργέων
2130 1510 2242 1559 cod.;
2262 1526 2342 1551 em.
2369 1513 2476 1553 Gail.
2511 1515 2671 1554 Deinde

1434 1572 1632 1627 Μήνηγγα
1650 1572 1763 1622 cod.;
1782 1573 1901 1612 tacite
1919 1587 1999 1612 em.
2018 1573 2178 1612 Iriarte.
2200 1574 2214 1626 ΙΙ
2232 1596 2287 1603 —
2303 1574 2415 1613 στάδ
2429 1606 2437 1613 .
2467 1574 2527 1628 ρν’
2550 1576 2565 1630 ]
2587 1577 2674 1616 Sta-

1434 1633 1501 1675 dia
1529 1635 1606 1676 150
1622 1636 1861 1690 pertingunt
1881 1634 1932 1674 ad
1952 1649 2042 1675 eam
2055 1635 2197 1675 insulae
2211 1643 2385 1689 partem,
2401 1650 2492 1690 quae
2507 1651 2530 1676 a
2548 1638 2673 1691 Gergi

1434 1696 1547 1736 abest
1576 1697 1780 1751 proxime,
1810 1704 1850 1735 et
1883 1696 1955 1735 ubi
1976 1710 2089 1735 nunc
2116 1704 2247 1736 exstat
2266 1698 2424 1737 ΒοιιᾸ-αἶ
2439 1698 2670 1749 castellum3

1435 1758 1501 1810 ibi,
1511 1773 1608 1798 vero
1636 1759 1771 1798 nullus
1794 1772 1879 1797 esse
1904 1758 2066 1805 videtur
2084 1767 2252 1812 portus;
2278 1774 2404 1813 quare
2422 1760 2673 1814 probabilius

1435 1829 1495 1860 est
1529 1820 1764 1860 distantiam
1796 1834 1944 1873 parum
1982 1829 2171 1860 accurate
2203 1822 2336 1860 notari
2353 1852 2363 1869 ‚
2399 1829 2439 1861 et
2474 1821 2674 1875 Meningis

1434 1882 1548 1922 urbis
1559 1890 1728 1936 portum
1744 1895 1830 1921 esse
1841 1880 2090 1922 hodiernum
2101 1891 2200 1937 port
2212 1881 2384 1933 Saggia‚
2404 1897 2533 1937 prope
2550 1897 2673 1938 quem

1435 1945 1477 1984 in
1496 1959 1645 1999 mappa
1674 1944 1913 1998 Smythiana
1940 1947 2091 1984 Menax
2112 1944 2225 1984 locus
2245 1953 2427 1985 notatur.
2449 1946 2673 2000 Hucusque

1434 2021 1457 2046 a
1480 2008 1603 2060 Gergi
1629 2015 1740 2047 recto
1762 2007 1908 2045 itinere
1938 2008 2015 2046 180
2042 2006 2124 2046 fere
2158 2015 2254 2046 sunt
2273 2006 2417 2048 stadia.
2446 2008 2461 2061 Η
2485 2032 2542 2038 -
2559 2023 2673 2048 στα-

1434 2070 1454 2108 δ
1470 2070 1509 2109 ίο
1521 2086 1568 2118 υς
1586 2068 1625 2122 η’
1644 2072 1658 2125 ]
1677 2068 1718 2124 γ’
1733 2069 1907 2116 σταδίους
1922 2068 2150 2109 secundum
2167 2069 2373 2124 Scylacem
2388 2083 2431 2123 p.
2452 2072 2520 2124 87,
2539 2072 2674 2111 minus

1434 2141 1638 2173 accurate.
1668 2133 1683 2185 Η
1712 2156 1768 2162 —
1792 2131 1964 2177 πόλεις
1993 2130 2162 2178 ἱκανὰς
2179 2132 2194 2185 ]
2214 2131 2360 2171 Strabo
2384 2132 2463 2172 lsl.
2490 2146 2499 2172 :
2523 2132 2674 2180 πλείους

1434 2195 1466 2233 δ’
1486 2193 1578 2233 εἰσὶν
1599 2192 1637 2233 ἐν
1659 2192 1755 2248 αὐτῇ·
1774 2193 1975 2246 πολίχναι,
2012 2192 2079 2245 μία
2102 2192 2136 2231 δ’
2160 2192 2363 2246 ὁμώνυμος
2387 2196 2435 2247 τῇ
2451 2193 2570 2248 νήσῳ.
2592 2195 2673 2235 Pli-

1433 2257 1525 2295 nius
1548 2257 1604 2295 ita
1618 2256 1673 2304 V,
1698 2269 1721 2307 7
1746 2256 1832 2306 §41
1861 2267 1870 2294 :
1900 2252 2069 2308 Oppida
2091 2253 2212 2292 habet
2232 2251 2327 2302 duo,
2365 2252 2594 2304 Meningem
2620 2257 2672 2295 ab

1432 2317 1592 2370 Asricae
1607 2317 1744 2364 latere,
1764 2326 1802 2356 et
1821 2316 1948 2356 altero
1970 2318 2100 2355 Troar
2116 2314 2300 2367 (Troiar,
2324 2315 2493 2363 Thorar,
2523 2316 2675 2356 Thoiccr

1433 2379 1556 2419 codd.
1580 2393 1664 2419 var.
1688 2378 1799 2427 lect.;
1839 2377 1975 2418 Thoar
1996 2376 2117 2429 vulgo
2141 2384 2236 2418 ante
2257 2376 2455 2430 Silligium
2479 2378 2511 2429 ).
2540 2378 2673 2418 Ptole-

1432 2455 1558 2480 maeus
1580 2442 1621 2480 in
1637 2438 1954 2494 Lotophagitide
1972 2438 2103 2478 insula
2123 2439 2139 2490 (
2154 2452 2197 2492 p.
2214 2451 2310 2492 272,
2336 2452 2354 2478 1
2376 2438 2494 2491 >duo
2515 2453 2672 2480 memo-

1433 2512 1497 2543 rat
1516 2501 1691 2558 oppida,
1710 2502 1849 2556 Γέρραν
1870 2500 1882 2556 (
1901 2501 2036 2554 Γίρραν
2058 2514 2094 2539 v.
2121 2500 2149 2539 l.
2166 2502 2182 2553 >
2201 2500 2272 2552 39⁰
2299 2498 2363 2538 15'
2378 2499 2506 2553 long,
2526 2500 2599 2540 31⁰
2623 2501 2670 2540 15

1432 2564 1520 2614 lat.,
1546 2573 1587 2604 et
1615 2563 1803 2618 Μήνιγγα
1827 2563 1900 2615 39⁰
1938 2561 2003 2603 30'
2026 2562 2154 2615 long,
2193 2562 2266 2601 310
2299 2559 2366 2602 20'
2387 2560 2458 2602 lat.
2479 2563 2529 2601 In
2564 2561 2669 2602 Tab.

1432 2628 1621 2680 Peuting.
1672 2633 1939 2666 recensentur
1978 2636 1987 2664 :
2036 2623 2188 2670 Girba,
2235 2621 2413 2678 Tipasa,
2464 2622 2667 2672 Haribus,

1441 2689 1629 2729 Uchium.
1661 2689 1676 2742 Η
1700 2712 1757 2718 -
1790 2687 1925 2728 ἐστιν
1962 2685 2118 2740 αὕτη]
2147 2700 2186 2725 v.
2215 2684 2308 2736 αὕτη
2333 2684 2518 2739 supplevi
2548 2685 2671 2726 inele-

1433 2760 1576 2805 ganter
1603 2766 1714 2801 sane,
1739 2749 1811 2790 sed
1842 2750 1885 2789 in
1912 2750 2065 2789 Nostro
2087 2762 2170 2788 non
2200 2746 2539 2802 improbabiliter.
2570 2748 2585 2801 Η
2619 2771 2672 2779 —

1440 2812 1661 2868 Ἡρακλέων
1695 2812 1789 2853 cod.
1819 2811 1882 2852 Cf.
1910 2810 2129 2864 Lycophro
2153 2812 2257 2863 871,
2286 2808 2359 2848 ubi
2390 2809 2584 2849 Tzetzes:
2609 2809 2672 2864 Τῷ

1431 2876 1506 2932 γὰρ
1526 2875 1717 2931 Ἡρακλεῖ
1735 2874 1826 2914 ναὸν
1843 2873 1929 2927 περὶ
1947 2873 2081 2926 Σύρτιν
2103 2875 2170 2923 τῆς
2184 2871 2322 2923 Λιὸύης
2342 2870 2478 2912 Ἰασὼν
2497 2871 2670 2926 ἐδείματο

1433 2940 1499 2980 καὶ
1515 2940 1551 2979 οἱ
1566 2939 1699 2979 λοιποὶ
1726 2936 1987 2991 Ἀργοναῦται.
2010 2934 2169 2975 Eodem
2188 2933 2404 2975 reserenda
2425 2933 2588 2973 videtur
2603 2948 2671 2973 ara

1432 3002 1588 3056 Ulyssis
1601 3033 1610 3050 ‚
1634 3014 1758 3054 quam
1779 3007 1965 3039 auctores
1984 2997 2195 3038 Strabonis
2213 3011 2256 3051 p.
2287 2997 2366 3043 834
2393 3009 2561 3048 arguere
2580 3009 2671 3048 per-

1434 3065 1580 3105 hibent
1593 3064 1829 3115 Meningem
1852 3075 1937 3101 esse
1955 3061 2217 3100 Homericam
2240 3057 2576 3111 Lotophagorum
2604 3057 2669 3096 in-

1435 3127 1580 3167 sulam.
1604 3127 1795 3166 Ceterum
1825 3122 1925 3162 illud
1956 3123 2132 3176 μέγιστος
2165 3120 2340 3160 καλεῖται
2362 3132 2461 3158 num
2486 3119 2543 3157 sic
2562 3127 2668 3158 reete

1435 3189 1597 3236 habeat,
1618 3187 1778 3236 nescio;
1797 3198 1946 3238 negare
1964 3191 2100 3223 tamen
2119 3182 2274 3223 malim.
2460 3192 2462 3194 ·
