2808 4342
421 117 1203 329 ΑΝΩΠΥΜΟΥ

290 402 752 487 [ΑΡΡΙΑΝοΥ,
794 404 893 456 ΩΣ
935 388 1317 475 ΦΕΡΕΤΑΙ]

461 551 731 628 ΠΕΡΙ
753 547 996 622 ΠΛΟ
1017 549 1146 620 ΥΣ

324 716 818 785 ΕΥΞΕΙΝΟΥ
881 719 1294 782 ΠΟΝΤΟΥ

188 859 370 907 ἑκατέρων
392 860 467 893 τῶν
485 854 659 903 ἠπείρων,
683 857 757 892 τῶν
779 865 820 891 τε
836 852 939 903 παρὰ
957 853 1025 899 τὴν
1043 851 1166 892 Ἀσίαν
1182 856 1257 891 τῶν
1278 865 1316 891 τε
1328 852 1428 903 παρὰ

236 915 302 959 τὴν
326 912 508 959 Εὐρώπην
527 909 668 957 τόπων,
684 909 815 952 οὕτως·
840 908 1007 952 Βιθυνίας
1027 911 1093 954 τῆς
1114 908 1204 957 πρὸς
1220 912 1275 956 τῷ
1295 908 1428 958 Πόντῳ

232 970 441 1019 περίπλους·
471 965 731 1016 Παφλαγονίας
750 964 964 1014 περίπλους·
986 963 1142 1003 Πόντων
1158 968 1234 1002 τῶν
1249 963 1316 1003 δύο
1331 964 1430 1014 περί-

235 1028 361 1069 πλους·
381 1028 456 1062 τῶν
475 1022 513 1062 ὲν
531 1026 576 1072 τῇ
597 1021 760 1071 Εὐρώπῃ
781 1021 901 1070 μερῶν
914 1019 1006 1070 [τοῦ
1023 1019 1167 1059 Πόντου
1186 1019 1385 1070 περίπλους
1401 1019 1428 1070 ].

189 1225 476 1290 [Τραϊανῷ
510 1222 770 1284 Ἀδριανῷ
805 1219 1059 1284 Σεὸαστῷ
1096 1218 1431 1283 Ἀρριανός.]

252 1359 285 1391 1.
318 1340 442 1390 Κατὰ
463 1340 533 1387 τὸν
555 1338 738 1403 Θρᾴκιον
772 1337 986 1401 Βόσπορον
1020 1337 1092 1384 καὶ
1113 1338 1161 1384 τὸ
1193 1336 1327 1398 στόμα
1360 1342 1431 1383 τοῦ

190 1410 381 1466 Εὐξείνου
396 1410 545 1457 πόντου
562 1410 604 1455 ἐν
619 1414 702 1460 τοῖς
720 1406 861 1461 δεξιοῖς
874 1410 947 1464 τῆς
966 1406 1102 1459 Ἀσίας
1121 1407 1305 1470 μέρεσιν,
1325 1406 1432 1470 ἅπερ

189 1480 276 1529 ἐστὶ
295 1485 366 1527 τοῦ
386 1482 569 1527 Βιθυνῶν
587 1476 748 1537 ἔθνους,
772 1483 907 1523 κεῖται
927 1476 1077 1539 χωρίον
1104 1477 1325 1539 λεγόμενον
1345 1475 1431 1523 Ἱε-

190 1551 285 1615 ρὸν,
313 1553 354 1597 ἐν
387 1543 422 1614 ᾧ
451 1549 545 1601 ναός
573 1549 662 1594 ἐστι
692 1546 786 1598 Διὸς
825 1545 981 1608 Οὐρίου
1008 1545 1429 1609 προσαγορευόμενος.

148 1635 168 1664 s
187 1622 322 1668 Τοῦτο
344 1617 451 1665 δὲτὸ
475 1616 626 1681 χωρίον
646 1615 873 1680 ἀφητήριόν
895 1617 982 1661 ἐστι
996 1618 1079 1662 τῶν
1101 1618 1158 1669 εἰς
1176 1616 1245 1662 τὸν
1269 1615 1428 1664 Πόντον

188 1689 412 1737 πλεόντων.
483 1684 791 1735 Εἶσπλεόσαντι
818 1685 861 1732 δὲ
890 1686 945 1737 εἷς
980 1685 1050 1731 τὸν
1085 1685 1258 1744 Πόντον,
1296 1685 1429 1740 δεξιὰν

164 1760 232 1807 ’δὲ
267 1759 342 1816 τὴν
378 1758 516 1806 Ἀσίαν
546 1757 683 1820 ἔχοντι
717 1756 789 1803 καὶ
822 1755 1082 1819 περιπλέοντι
1107 1756 1154 1802 τὸ
1184 1756 1427 1817 λειπόμενον

190 1828 313 1892 μόρος
344 1831 425 1875 τῶν
455 1829 636 1875 Βιθυνῶν
671 1826 804 1879 ἔθνους
827 1826 874 1872 τὸ
907 1825 1007 1889 πρὸς
1043 1826 1193 1891 Πόντῳ
1216 1826 1427 1888 κείμενον,

189 1902 212 1945 ὃ
230 1897 452 1960 περίπλους
473 1896 580 1942 οὕτω
602 1915 689 1949 πως
712 1895 798 1958 ἔχει
815 1911 825 1921 ·

133 1980 171 2011 ιυ
253 1983 290 2016 2.
323 1967 387 2015 Τὸ
419 1966 548 2030 Ἱερὸν
580 1969 651 2012 τοῦ
675 1965 773 2019 Διὸς
796 1964 939 2027 [τοῦ]
971 1963 1125 2026 Οὐρίου
1163 1963 1312 2028 ἀπέχει
1347 1964 1428 2011 ἀπὸ

193 2036 418 2091 Βυζαντίου
437 2035 584 2082 στάδια
602 2036 679 2098 ρκ’·
698 2035 878 2096 γίνονται
900 2034 941 2079 δὲ
961 2032 1078 2093 μίλια
1097 2033 1169 2086 ις’.
1241 2034 1325 2081 Καὶ
1341 2034 1429 2079 ἔστι

248 2174 346 2214 Duo
372 2178 595 2228 supersunt
620 2168 747 2224 hujus
777 2167 926 2224 peripli
962 2167 1210 2222 fragmenta,
1252 2182 1432 2224 quorum

192 2236 309 2292 prius
330 2236 346 2288 (
362 2237 385 2287 S
414 2232 544 2289 ποίη)
571 2239 702 2273 exstat
731 2232 774 2271 in
804 2230 947 2271 codice
967 2230 1172 2271 Vaticano
1207 2231 1309 2281 143;
1333 2230 1433 2272 hinc

192 2297 411 2353 doecripsit
423 2294 662 2337 Holstenius
677 2325 688 2344 ,
709 2308 758 2334 ex
774 2291 892 2347 cujus
910 2293 1148 2349 apographo
1166 2293 1326 2349 primus
1343 2292 1432 2334 edi-

193 2362 256 2402 dit
277 2358 520 2401 Hudsonus.
554 2359 617 2399 De
639 2357 769 2398 altero
800 2356 1030 2411 fragmento
1053 2369 1093 2397 v.
1118 2364 1207 2398 not.
1232 2356 1286 2398 ad
1310 2358 1333 2410 S
1359 2357 1429 2406 43.

209 2428 227 2476 ΙΙ
244 2447 299 2455 -
322 2420 624 2477 Ἀνωνὺμου]
655 2419 848 2476 Ἀρριανοῦ
866 2419 1014 2470 codex,
1040 2420 1148 2461 sicut
1167 2433 1265 2461 mox
1290 2419 1431 2475 Τραια·

194 2490 283 2543 νῷ..
318 2484 523 2541 Ἆρριανός.
566 2484 693 2525 Hunc
722 2482 888 2524 titulum
920 2484 1007 2539 ipse
1039 2482 1222 2524 fortassis
1256 2481 1434 2538 praefixit

198 2546 457 2597 Anonymus,
478 2540 552 2595 qui
581 2553 713 2595 quum
746 2554 770 2580 e
792 2539 915 2580 variis
952 2538 1191 2580 auctoribus
1215 2552 1289 2580 sua
1311 2538 1432 2580 colle·

196 2606 315 2659 gerit,
339 2604 502 2646 Arriani
532 2602 685 2643 librum
708 2602 824 2657 quasi
850 2601 1166 2643 fundamentum
1196 2602 1433 2657 scriptionis

197 2667 405 2715 sumserit,
437 2665 688 2719 nomineque
712 2665 878 2706 Arriani
897 2678 987 2705 eam
1008 2665 1263 2719 inscripserit
1286 2662 1433 2704 eodem

198 2727 283 2768 sere
316 2726 443 2768 modo
478 2741 564 2781 quo
595 2727 830 2767 Marcianus
863 2727 1050 2782 Menippi
1086 2740 1240 2768 nomen
1275 2725 1435 2782 periplo

197 2790 379 2845 reliquit,
417 2803 667 2844 quamquam
691 2789 743 2830 ab
776 2790 866 2845 ipso
890 2790 1040 2844 partim
1064 2790 1106 2830 in
1139 2787 1434 2846 compendium

197 2852 363 2905 redacto
379 2884 389 2900 .
435 2852 586 2907 partim
637 2852 759 2892 etiam
803 2852 921 2891 novis
962 2852 1147 2893 locorum
1197 2851 1436 2893 nominibus

197 2924 323 2971 atque
338 2913 543 2955 distantiis
568 2921 703 2953 aucto.
734 2914 885 2953 Pneter
904 2914 1119 2954 Arrianum
1142 2915 1292 2955 Noster
1313 2915 1435 2955 etiam

198 2978 445 3033 Menippum
479 2974 542 3017 vel
574 2975 714 3031 potius
741 2975 1017 3015 Marcianeam
1049 2977 1257 3030 Menippci
1297 2978 1436 3031 operis

199 3041 409 3097 epitomen
452 3037 667 3087 adhibuit;
709 3036 888 3092 denique
935 3052 984 3078 ex
1029 3039 1187 3093 poetica
1228 3041 1436 3094 Anonymi

199 3103 401 3157 Periegesi
425 3101 602 3158 plurima
627 3099 753 3142 modo
771 3101 941 3142 servatis
972 3099 1099 3141 modo
1130 3100 1271 3141 solutis
1298 3103 1438 3142 metris

202 3166 245 3206 in
285 3178 358 3206 sua
388 3164 542 3206 intulit.
585 3165 678 3218 11-
707 3162 950 3219 ἒκατέρων
979 3167 1074 3205 τῶν
1104 3162 1189 3204 κτλ.
1217 3164 1231 3219 ]
1269 3163 1362 3204 cod.
1398 3173 1438 3206 et

200 3226 320 3269 editt.
352 3226 538 3283 ἑκατέρων
556 3241 597 3268 τε
620 3224 804 3282 ἠπείρων.
840 3225 991 3282 Peripli
1012 3225 1136 3282 huJus
1154 3225 1370 3268 adornatio
1398 3236 1438 3269 et

200 3288 439 3331 distributio
475 3288 652 3345 ideoque
686 3289 902 3345 praefixum
943 3296 1231 3344 argumentum
1270 3302 1353 3330 non
1388 3304 1438 3330 cx

201 3353 395 3403 Arriano,
416 3351 487 3394 sed
506 3367 530 3394 e
549 3352 749 3409 Menippo
767 3352 900 3393 fluxit.
921 3353 1144 3408 Menippus
1167 3352 1365 3394 Marciani
1384 3353 1439 3394 ita

200 3415 323 3457 habet
344 3430 387 3471 p.
435 3428 511 3457 122
551 3414 621 3457 ed.
652 3414 788 3457 Miller
820 3428 830 3456 ε
855 3414 1008 3457 Πόντου
1037 3412 1213 3463 Εὐξείνου
1237 3414 1440 3470 περίπλους

204 3477 389 3532 ἑκατέρων
410 3483 485 3519 τῶν
509 3477 692 3534 ἠπείρων,
718 3482 794 3519 τῶν
817 3493 858 3519 τε
891 3476 994 3534 παρὰ
1012 3474 1083 3530 τὴν
1108 3476 1248 3529 Ἀσίαν,
1283 3482 1359 3519 τῶν
1398 3493 1438 3519 τε

203 3540 305 3594 παρὰ
328 3539 396 3590 τὴν
418 3540 602 3595 Ιίὗρώπην
629 3542 774 3582 τόπων.
797 3540 855 3582 Τὰ
874 3541 914 3582 δὲ
937 3540 1036 3583 κατὰ
1058 3541 1169 3597 μέρος
1187 3540 1308 3590 οὕτως
1338 3539 1436 3596 ἔχει.

203 3602 288 3643 Τῶν
323 3602 362 3643 ἔν
402 3607 450 3657 τῇ
488 3601 589 3658 Ἀσία
628 3609 752 3659 μερῶν
789 3607 857 3645 τοῦ
890 3604 1041 3645 Πόντου
1077 3603 1295 3660 περίπλους.
1330 3603 1440 3645 Βιθυ·

205 3664 287 3714 νίας
314 3664 531 3720 περίπλους.
561 3665 833 3720 Παφλαγονίας
865 3667 1084 3722 περίπλους.
1116 3667 1276 3709 Πόντων
1304 3670 1380 3709 τῶν
1404 3666 1441 3722 β’

208 3726 428 3785 περίπλους.
454 3727 625 3782 Reliqua
648 3729 778 3783 capita
799 3744 881 3770 non
904 3729 1081 3785 amplius
1094 3729 1309 3771 habemus.
1328 3728 1439 3772 Alte·

209 3802 304 3831 rum
329 3790 459 3832 nostri
488 3789 633 3846 peripli
668 3791 876 3846 exemplar
899 3792 959 3833 vel
988 3800 1097 3834 certe
1132 3790 1314 3848 eJusdem
1335 3792 1442 3848 peri-

205 3850 260 3905 pli
283 3851 359 3894 alia
376 3852 564 3898 recensio
578 3851 717 3893 suboet
733 3854 934 3908 excerptis
953 3868 1044 3909 quae
1065 3862 1222 3897 exstant
1238 3854 1283 3896 in
1301 3853 1444 3896 codiee

205 3913 531 3956 vindobonense
567 3915 655 3966 (V.
689 3914 897 3957 Lambecii
935 3918 1209 3960 Commentat.
1244 3919 1308 3959 De
1338 3916 1439 3959 bibl.

209 3977 388 4019 Caesarea
411 3976 754 4029 vindobonensi,
780 3977 837 4019 ib.
869 3979 925 4029 V,
949 3993 991 4035 p.
1030 3980 1107 4024 534
1125 3980 1157 4037 ).
1181 3981 1443 4023 Praemittun·

210 4044 279 4080 tur
300 4041 348 4082 iis
370 4041 456 4083 haec
491 4055 503 4084 ε
540 4039 734 4101 Ἀρριανοῦ
763 4041 967 4098 περίπλους
989 4042 1166 4092 Εὐξείνου
1193 4044 1342 4086 Πόντου
1380 4044 1444 4086 καὶ

1756 208 2456 338 ΑΝΟΝῩΜΙ

1619 394 2038 473 [ΑΒΒῙΑΝῙ,
2079 399 2185 453 UT
2222 397 2592 476 FERTUR]

1832 544 2389 624 PERIPLUS
2432 542 2439 550 ’

1742 699 2479 780 PONTIEUXJNI

1491 854 1677 902 utriusque
1698 856 1938 897 continentis.
1952 865 2015 893 sen
2035 857 2185 893 sitorum
2202 861 2278 894 tum
2290 859 2327 894 tn
2341 859 2430 894 Asin
2443 861 2519 894 tum
2533 858 2569 894 tn
2586 860 2741 905 Europe

1532 918 1596 946 ora
1610 909 1788 951 locorum.
1803 909 1901 946 hunc
1914 910 1953 945 tn
1974 910 2147 949 modum:
2173 912 2347 955 mihxnsae
2362 913 2407 948 ad
2424 916 2582 949 Pontum
2593 914 2669 949 sita
2680 922 2737 959 pe·

1533 963 1667 1010 ripluss
1681 963 1931 1010 Paphlagonia
1951 965 2132 1009 ροήρίυες
2154 968 2354 1002 Pontorum
2376 966 2531 1003 duorum
2555 969 2734 1014 perinlusz

1534 1022 1787 1064 Europen-um
1814 1020 1923 1055 Ponti
1935 1020 2061 1055 Euxini
2085 1021 2240 1065 partium
2266 1022 2421 1067 periples
2445 1024 2498 1065 [B
2522 1025 2691 1069 Menippo
2702 1025 2733 1068 ].

1494 1221 1774 1286 [Trajano
1804 1221 2076 1264 Hadriano
2105 1225 2349 1277 Augusto
2385 1225 2677 1269 Arrianus.
2710 1224 2733 1290 J

1556 1356 1594 1384 1.
1625 1340 1692 1384 Ad
1719 1341 1946 1396 Thracium
1972 1342 2205 1397 Bosporum
2234 1349 2359 1396 atque
2377 1355 2424 1382 os
2443 1342 2598 1383 Euxini
2624 1344 2739 1400 ponti

1497 1424 1541 1465 in
1563 1422 1713 1465 dextro
1732 1422 1855 1464 latere
1874 1423 2071 1472 Asiatico,
2092 1421 2164 1464 ubi
2184 1422 2298 1477 regio
2319 1422 2612 1479 Bithynorum,
2638 1424 2743 1467 situs

1497 1503 1687 1546 oetlocus
1700 1503 1859 1546 Hieron
1875 1502 2116 1559 appellatus,
2138 1504 2180 1545 in
2201 1518 2286 1559 quo
2306 1504 2506 1560 templum
2517 1506 2631 1546 Jovis
2649 1507 2740 1548 Urii

1498 1584 1617 1626 dicti.
1676 1584 1756 1626 Hic
1783 1583 1899 1625 locus
1921 1591 1983 1624 est
2013 1582 2127 1624 unde
2156 1583 2323 1626 solvunt
2354 1584 2398 1625 in
2428 1586 2608 1627 Pontum
2630 1587 2744 1628 navi·

1499 1661 1648 1715 gaturi.
1707 1662 1898 1715 Ingresso
1914 1667 2053 1701 autem
2072 1662 2251 1702 Pontum
2268 1691 2279 1711 ,
2310 1661 2534 1717 Asiamque
2551 1676 2577 1703 a
2596 1660 2743 1705 dextra
2801 1680 2808 1681 ff

1499 1736 1667 1779 habenti
1698 1745 1740 1778 et
1770 1736 1970 1792 reliquam
1992 1736 2268 1793 Bithynorum
2289 1738 2422 1792 gentis
2444 1746 2603 1794 partem
2619 1769 2631 1789 ,
2652 1752 2749 1795 quae
2803 1744 2808 1790 -J

1499 1815 1635 1856 Ponto
1663 1811 1836 1868 adjacet,
1867 1814 2223 1869 praeternaviganti
2255 1814 2297 1855 in
2327 1813 2441 1856 hunc
2463 1813 2548 1856 sere
2571 1813 2746 1857 modum
2803 1821 2808 1857 ἲ.

1501 1888 1625 1931 habet
1642 1890 1848 1944 navigatio
1868 1890 1885 1943 (
1904 1892 1944 1931 E
1962 1889 2208 1947 Menippo).

1557 1979 1599 2008 2.
1632 1966 1790 2008 Hieron
1816 1966 1902 2007 sive
1926 1967 2085 2007 Fanum
2118 1967 2227 2007 Iovis
2246 1967 2336 2007 Urii
2357 1980 2382 2008 a
2399 1968 2597 2023 Byzantio
2622 1966 2747 2010 distat

1501 2034 1631 2077 stadia
1661 2048 1755 2087 120,
1787 2048 1879 2091 quae
1911 2033 2067 2076 faciunt
2098 2034 2209 2076 milia
2236 2038 2300 2076 16.
2362 2037 2499 2091 Atque
2526 2044 2588 2077 est
2620 2035 2679 2078 ibi
2698 2051 2750 2078 os

1504 2169 1519 2223 [
1538 2169 1580 2188 *¹*
1597 2168 1865 2224 Περίπλους
1882 2170 1897 2225 ]
1917 2169 2099 2217 Βιθυνίας
2127 2171 2195 2222 τῆς
2214 2168 2307 2225 πρὸς
2330 2169 2497 2212 Πόντον.
2535 2169 2750 2227 Περίπλους

1501 2230 1790 2287 Παφλαγονίας.
1817 2230 2031 2287 Περίπλους
2048 2230 2210 2272 Πόντων
2228 2234 2304 2272 τῶν
2327 2231 2410 2273 δύο.
2434 2231 2648 2289 Περίπλους
2670 2238 2746 2275 τῶν

1504 2291 1544 2334 ἔν
1566 2292 1732 2351 Εὖρώπῃ
1751 2297 1875 2350 μερῶν
1898 2296 1968 2335 τοῦ
1990 2293 2156 2335 Πόντου.
2174 2293 2389 2350 Περίπλους
2405 2293 2556 2351 θρᾴιιης
2571 2298 2638 2349 τῆς
2655 2296 2748 2353 πρὸς

1504 2357 1658 2410 Πόντῳ.
1702 2358 1801 2412 11-
1823 2361 1915 2398 τῶν
1940 2356 1987 2399 ἔν
2014 2355 2215 2414 Εὐρώπῃ
2245 2358 2440 2414 μερῶν]
2468 2358 2567 2400 naec
2585 2358 2628 2400 in
2648 2358 2743 2401 cod.

1502 2419 1696 2475 leguntur
1717 2427 1812 2462 ante
1833 2420 1959 2463 verba
1983 2419 2144 2462 Πόντων
2164 2424 2240 2462 τῶν
2264 2420 2332 2462 δύο
2350 2435 2434 2477 περ.
2470 2420 2634 2464 Inclusa
2652 2434 2749 2479 sup·

1532 2482 1627 2525 levi.

1503 2497 1531 2539 P
1558 2548 1582 2599 S
1611 2550 1650 2597 1,
1670 2546 1698 2587 l.
1720 2549 1761 2596 4.
1777 2526 2262 2603 προσαγορευόμενοςἐοά.
2286 2547 2302 2602 ΙΙ
2323 2570 2379 2581 —-
2397 2550 2439 2590 6.
2456 2545 2593 2603 δεξιᾷ..
2609 2546 2655 2590 τὸ
2678 2546 2749 2590 λε-

1504 2609 1673 2664 γόμενον
1692 2609 1804 2664 μέρος
1820 2607 1934 2659 cod.;
1953 2610 2113 2651 correxi
2133 2623 2157 2649 e
2171 2610 2371 2665 Menippo
2385 2609 2584 2651 Marciani
2597 2622 2641 2665 p.
2670 2610 2746 2651 123

1503 2669 1572 2712 ed.
1595 2669 1699 2713 Min.
1722 2672 1857 2712 Possis
1878 2672 2002 2712 etiam
2024 2670 2063 2712 ἔν
2086 2670 2203 2725 δεξιᾷ.
2239 2673 2288 2712 In
2322 2670 2466 2712 codice
2500 2670 2743 2714 Vindobon.

1504 2731 1591 2773 haec
1603 2733 1657 2773 ita
1670 2731 1824 2773 hahent
1845 2745 1855 2773 :
1872 2731 1977 2773 Κατὰ
1992 2732 2059 2773 τ“ον
2078 2731 2244 2787 Θρᾴκιον
2262 2732 2459 2788 Βόσπορον
2476 2731 2541 2773 καὶ
2558 2730 2604 2775 τὸ
2622 2733 2752 2789 στόμα

1504 2798 1574 2836 τοῦ
1589 2794 1765 2843 Εὖξείνου
1780 2796 1923 2837 πόντου
1939 2795 1978 2837 ἐν
1992 2797 2074 2844 τοῖς
2093 2794 2228 2843 δεξιοῖς
2240 2798 2307 2847 τῆς
2323 2793 2442 2843 Ἀσίας
2465 2795 2631 2851 μέρεσιν,
2654 2796 2749 2853 ὅπερ

1508 2856 1590 2899 ἐστὶ
1607 2861 1675 2900 τοῦ
1695 2858 1864 2900 Βιθυνῶν
1885 2857 2031 2908 ἔθνους,
2057 2859 2181 2899 κεῖται
2196 2859 2342 2914 χωρίον
2364 2857 2580 2915 λεγόμενον
2610 2855 2746 2915 Ἱερὸν,

1508 2919 1547 2961 ἐν
1563 2916 1597 2976 ᾧ
1623 2919 1711 2969 ναός
1731 2918 1811 2961 ἔστι
1826 2919 1913 2969 Διὸς
1935 2918 2074 2976 Οὗρίου
2089 2919 2191 2962 οὕτω
2210 2921 2607 2976 προσαγορευομένου.
2624 2919 2754 2962 Τοῦτο

1506 2983 1547 3025 δὲ
1566 2982 1611 3024 τὸ
1630 2982 1776 3039 χωρίον
1801 2981 2003 3039 ἀφετήριόν
2026 2981 2106 3024 ἔστι
2131 2985 2213 3032 τοῖς
2233 2982 2284 3032 εἰς
2302 2983 2369 3025 τὸν
2401 2983 2552 3025 Πόντον
2569 2982 2745 3042 πλέουσι.

1506 3046 1598 3094 Τοῖς
1610 3045 1795 3088 πλεύσασι
1810 3045 1851 3088 δὲ
1870 3045 1922 3094 εἰς
1935 3045 2002 3087 τὸν
2024 3046 2175 3088 Πόντον
2194 3045 2297 3101 δεξιᾷ
2316 3046 2366 3095 εἰς
2387 3046 2401 3103 (
2417 3046 2508 3101 sie)
2526 3043 2597 3097 τὴν
2622 3044 2747 3088 Ἀσίαν

1508 3109 1553 3150 τὸ
1575 3109 1792 3165 λεγόμενον
1812 3109 1922 3166 μέρος
1951 3112 2019 3150 τοῦ
2047 3110 2216 3150 Βιθυνῶν
2247 3108 2378 3157 ἔθνους
2411 3108 2456 3150 τὸ
2484 3108 2576 3165 πρὸς
2599 3107 2748 3151 Πόντον

1468 3201 1471 3204 v
1508 3172 1702 3226 κείμενον,
1725 3171 1747 3213 ό
1768 3171 1972 3227 περίπλους
2010 3171 2129 3220 οὕτως
2158 3170 2255 3226 ἔχει.
2282 3174 2386 3224 Quoe
2408 3169 2577 3226 quidem
2609 3173 2747 3214 omniu
2804 3196 2808 3215 .=

1507 3231 1687 3274 editores
1716 3232 1812 3274 inde
1845 3232 1897 3273 ab
1917 3232 2120 3274 lludsono
2147 3233 2188 3273 in
2210 3233 2435 3287 genuinum
2451 3233 2618 3276 Arriani
2639 3234 2754 3290 peri-
2795 3239 2808 3295 ⁴3

1507 3294 1621 3350 plum
1645 3297 1668 3347 5
1691 3308 1738 3349 ¹7
1767 3303 1859 3350 post
1883 3295 2005 3338 verba
2025 3294 2071 3337 τὰ
2094 3294 2134 3336 δὲ
2157 3294 2232 3337 ἀπὸ
2253 3296 2450 3351 Βοσπόρου
2482 3298 2551 3337 τοῦ
2583 3293 2750 3352 Θρᾳκίου
2791 3311 2796 3337 1

1510 3355 1595 3398 ἔστε
1640 3355 1702 3398 ἐπὶ
1737 3357 2007 3412 Τραπεζοῦντα
2044 3357 2157 3399 πόλιν
2200 3354 2277 3398 ὦδε
2310 3355 2418 3412 ἔχει,
2461 3356 2762 3410 inseruerunt,
2786 3367 2789 3373 “

1510 3433 1639 3474 quum
1668 3426 1974 3478 tamen‘pateat
2005 3421 2127 3462 istum
2156 3418 2252 3462 cod.
2273 3420 2521 3462 Viennensis
2545 3419 2748 3477 periplum

1509 3495 1604 3523 cum
1642 3490 1784 3524 nostro
1823 3496 1910 3524 esse
1945 3482 2347 3526 Pseudo-Arrianeo
2383 3482 2747 3539 componendum,
2781 3503 2783 3506 ·

1510 3545 1678 3600 ipsaque
1701 3544 1823 3587 verba
1842 3545 2020 3588 clament
2033 3546 2120 3589 baec
2137 3546 2190 3588 ab
2208 3544 2499 3589 Nicomedensi
2515 3545 2755 3601 λογοδαιδά·

1510 3606 1570 3663 λῳ
1585 3607 1716 3649 aliena
1734 3622 1846 3659 esse;
1869 3623 1921 3650 ne
1942 3608 2078 3651 dicam
2098 3622 2222 3665 quam
2240 3610 2294 3651 sit
2311 3609 2498 3664 ineptum
2525 3608 2747 3651 Arrianum
2771 3647 2774 3649 A

1510 3670 1681 3712 eandem
1709 3686 1795 3713 rem
1830 3671 1893 3713 bis
1925 3671 2173 3724 obtrudere,
2197 3670 2323 3727 idque
2351 3670 2423 3713 ubi
2447 3671 2588 3727 paucis
2616 3669 2751 3712 verbis
2779 3680 2781 3682 ’

1511 3733 1711 3774 utendum
1731 3741 1818 3775 erat
1830 3765 1840 3784 ,
1858 3749 1988 3790 quum
2005 3734 2118 3777 locus
2135 3734 2241 3777 bene
2260 3741 2383 3776 notus
2401 3731 2614 3774 Hadriano
2628 3740 2748 3783 αισι,
2803 3779 2808 3785 ,

1513 3803 1559 3835 ut
1572 3795 1655 3850 ipse
1672 3796 1870 3837 Arrianus
1886 3795 2040 3838 indicat
2056 3797 2143 3838 istis
2164 3809 2174 3838 ε
2192 3799 2312 3837 ταῦτα
2329 3794 2396 3851 μὶν
2414 3792 2531 3836 εἰδότι
2546 3809 2608 3835 σοι
2627 3793 2745 3851 λέγω.
2783 3785 2808 3882 ³

1572 3861 1594 3909 §
1618 3863 1642 3899 2
1663 3858 1690 3898 Ι.
1712 3871 1776 3900 10.
1795 3858 1914 3915 [τοῦ]
1929 3873 1978 3900 ex
1995 3859 2175 3902 Arriano
2185 3857 2389 3915 supplevit
2400 3856 2571 3899 Gailius.
2590 3852 2791 3907 Deinde]

2783 3897 2808 3913 :Q

1513 3921 1642 3963 codex
1689 3922 1764 3967 ἀπὸ
1799 3926 1867 3964 τοῦ
1905 3923 2136 3975 Βυζαντίου;
2175 3922 2273 3978 ejeci
2298 3921 2532 3964 articulum.
2562 3921 2665 3963 Mox
2696 3930 2748 3960 ex
2792 3914 2808 3955 Ψ

1512 3983 1657 4025 eodem
1676 3986 1853 4027 Arriano
1867 3985 2102 4042 ἀοάζταότῃ
2127 3999 2205 4041 pro
2223 3987 2338 4026 τοῦτο
2357 3983 2402 4026 rb
2428 3982 2567 4039 στόμα.
2592 3977 2752 4024 8ωάίο-

1514 4060 1606 4087 rum
1628 4062 1847 4089 mimorum
1873 4049 1913 4089 in
1947 4048 2071 4090 millia
2094 4050 2273 4089 romana'
2291 4048 2377 4104 ipse
2399 4044 2611 4103 ‘convertit
2631 4044 2746 4085 Ano·
2788 4084 2791 4092 ,

2788 4156 2808 4210 ἰ
