2756 4354
30 272 381 334 }onfirmantur,
401 276 524 337 quod
540 273 688 319 insula
710 287 810 332 quae
833 272 888 316 ad
907 272 1100 332 Hesperi
1120 288 1266 316 cornu

34 359 139 415 sita,
181 356 314 404 aliam
354 351 548 397 insulam
588 349 637 392 in
670 346 982 407 λιμνοθαλάσσῃ
1023 347 1266 407 complecti

12 447 13 471 ῑ
31 434 222 487 dicitur,
246 427 484 474 manifesto
503 434 569 469 est
589 423 816 468 hodierna
833 425 1036 479 chrang.
1060 422 1269 482 Denique

32 524 137 569 quae
160 507 225 552 de
247 503 409 549 ultimo
438 501 524 544 hoc
562 509 709 543 tractu
741 509 986 543 narrantur
1018 497 1183 542 fabulis
1206 498 1269 542 si-

38 583 183 637 milia,
221 577 344 623 facili
374 575 557 635 negotio
586 574 642 619 ad
666 574 905 618 veritatem
930 574 1135 618 revocari
1160 573 1269 618 satis

31 651 128 719 fjam
153 663 343 700 constat.

10 780 13 795 ὁ
34 732 169 796 4³38
191 729 404 789 Superest
424 737 473 771 ut
492 727 650 786 paucis
669 741 952 786 exponamus
965 760 976 781 ‚
1000 741 1102 785 quae
1118 725 1174 769 de
1190 740 1272 769 re—

10 801 249 869 &ionibus
293 813 337 848 ct
368 803 653 847 commerciis
688 801 745 846 ab
774 802 996 846 Hannone
1033 801 1271 862 patefactis

29 883 229 941 §eriores
248 881 494 940 scriptores
512 879 770 939 acceperint
783 911 794 933 ‚
821 889 864 922 et
885 878 1117 938 quomodo
1134 881 1270 922 Han-

35 949 171 1005 nonis
191 957 395 1009 narratio
418 955 564 999 variis
592 956 859 999 commentis
883 940 1040 998 ansam
1075 952 1268 999 dederit.

0 1079 1 1097 φ
36 1037 100 1081 Ac
117 1036 316 1094 primum
335 1032 520 1091 quidem
544 1030 802 1074 Herodotus
825 1029 916 1088 (IV,
948 1029 1052 1089 196)
1082 1037 1235 1072 narrat
1255 1043 1264 1070 :

31 1109 209 1172 Λέγουσι
221 1108 262 1154 δὲ
273 1107 343 1153 καὶ
353 1107 450 1152 τάδε
466 1105 756 1168 Καρχηδόνιοι·
769 1097 872 1149 εἶναι
885 1107 956 1157 τῆς
966 1102 1123 1159 Λιὸύης
1133 1101 1266 1164 χῶρόν

30 1279 140 1320 νους,
162 1262 202 1312 ἐς
218 1259 309 1311 τοὺς
328 1258 451 1305 ἐπεὰν
472 1256 702 1311 ἀπίκωνται
718 1255 789 1300 καὶ
804 1253 1084 1308 ἐξέλωνταιτὰ
1102 1254 1264 1317 φορτία,

31 1335 169 1387 θέντες
203 1333 307 1380 αὐτὰ
342 1331 486 1386 ἐπεξῆς
515 1329 630 1390 παρὰ
666 1330 738 1384 τὴν
776 1330 1044 1391 κυματωγὴν,
1078 1328 1269 1380 ἓσὸάντες

33 1411 71 1462 ἐς
94 1409 147 1455 τὰ
166 1411 289 1454 πλοῖα
313 1406 449 1470 τύφειν
480 1403 658 1451 καπνόν·
683 1404 776 1456 τοὺς
804 1405 838 1449 δ’
861 1405 1104 1467 ἐπιχωρίους
1131 1404 1270 1465 ἰδομέ-

35 1484 213 1536 νους“τὸν
236 1482 390 1529 καπνὸν
431 1482 532 1526 ἰέναι
556 1481 622 1526 ἐπὶ
663 1479 736 1536 τὴν
761 1481 974 1526 θάλασσαν
1009 1481 1078 1526 καὶ
1114 1480 1269 1525 ἔπειτεν

37 1558 126 1604 ἀντὶ
134 1561 214 1604 τῶν
229 1556 402 1621 φορτίων
411 1555 564 1620 χρυσὸν
575 1555 725 1602 τιθέναι
736 1556 807 1601 καὶ
821 1555 1113 1618 ἐξαναχωρέειν
1128 1555 1269 1616 πρόσω

0 1665 1 1673 1
33 1631 112 1680 ἀπὸ
143 1635 222 1678 τῶν
265 1631 458 1695 φορτίων.
499 1630 606 1680 Τοὺς
638 1629 680 1675 δὲ
720 1631 1031 1693 Καρχηδονίους
1069 1632 1270 1682 ἐκὸάντας

33 1707 307 1775 σκέπτεσθαι,
329 1707 399 1753 καὶ
425 1706 475 1762 ἢν
515 1706 587 1766 μὲν
611 1707 807 1770 φαίνηταί
841 1726 910 1770 σφι
947 1708 1052 1760 ἄξιος
1077 1711 1097 1752 ὃ
1119 1708 1271 1769 χρυσὸς

34 1789 112 1832 τῶν
150 1785 344 1848 φορτίων,
385 1783 621 1843 ἀνελόμενοι
656 1784 1019 1841 ἀπαλλάσσονται,
1051 1783 1100 1839 ἢν
1139 1783 1180 1828 δὲ
1211 1782 1268 1843 μὴ

7 1875 8 1910 ξ
35 1858 155 1917 ἄξιος,
170 1859 362 1911 ε’σὸοίντες
379 1858 511 1904 ὀπίσω
526 1861 566 1911 ἐς
588 1858 640 1904 τὰ
656 1861 780 1904 πλοῖα
795 1859 1010 1915 κατέαται,
1030 1862 1066 1904 οἷ
1084 1858 1126 1904 δὲ
1143 1878 1268 1921 προσ-

7 1937 9 1985 ζ
33 1934 210 1987 ελθόντες
231 1934 354 1980 ἄλλον
376 1933 475 1996 πρὸς
494 1926 549 1979 ὧν
587 1933 736 1989 ἔθηκαν
762 1934 935 1996 χρυσὸν,
962 1937 1001 1985 ἐς
1034 1927 1080 1980 οῧ
1101 1934 1149 1979 ἂν
1175 1935 1266 1979 πεί-

8 2012 149 2057 θωσι.
175 2010 365 2057 Ἀδικέειν
403 2009 443 2055 δὲ
476 2010 734 2073 οὐδετέρους·
770 2010 862 2056 οὔτε
899 2011 979 2072 γὰρ
1020 2010 1166 2062 αὐτοὺς
1200 2015 1270 2056 τοῦ

7 2090 187 2148 χρυσοῦ
213 2084 413 2131 ἅπτεσθαι
450 2084 545 2145 πρὶν
578 2084 625 2129 ἄν
661 2103 732 2147 σφι
755 2087 944 2147 ἀπισωθῇ
976 2090 1025 2147 τῇ
1061 2085 1151 2146 ἀξίῃ
1189 2089 1270 2131 τῶν

33 2160 222 2221 φορτίων,
244 2159 326 2206 οὔτ’
349 2159 523 2211 ἐκείνους
544 2162 625 2204 τῶν
650 2160 824 2222 φορτίων
850 2160 1050 2205 ἅπτεσθαι
1075 2160 1270 2222 πρότερον

34 2231 62 2289 ἢ
87 2234 202 2280 αὐτοὶ
225 2234 271 2279 τὸ
288 2234 458 2296 χρυσίον
478 2233 658 2279 Meam.
680 2235 809 2279 Patet
824 2236 919 2278 haec
934 2236 1032 2280 auri
1055 2251 1274 2280 commer-

33 2309 104 2353 cia
119 2309 347 2368 pertinere
364 2309 421 2352 ad
439 2309 648 2366 regiones
673 2325 773 2367 quae
793 2324 819 2352 a
842 2309 1032 2352 meridie
1053 2320 1158 2353 sunt
1178 2325 1270 2352 ma-

34 2385 114 2444 gni
161 2384 352 2439 deserti3
403 2385 626 2427 rationem
669 2399 781 2427 vero
833 2399 968 2442 quam
1011 2384 1270 2428 Herodotus

33 2458 274 2514 describit,
300 2459 435 2502 etiam
458 2456 793 2502 recentioribus
830 2457 1117 2517 temporibus
1143 2458 1273 2502 obti-

34 2550 144 2581 nere
162 2535 363 2579 viatores
387 2541 609 2578 testantur
633 2534 711 2592 (Ἴ.

100 2610 175 2668 39.
207 2608 333 2653 Idem
360 2608 618 2652 Herodotus
646 2607 721 2666 IV,
752 2608 836 2666 195
867 2625 876 2651 :
901 2607 1022 2653 Κατὰ
1042 2606 1206 2659 τούτους
1231 2609 1270 2653 δὲ

5 2705 6 2708 ’
38 2684 153 2747 (τοὺς
187 2683 396 2737 Γύζαντας
417 2683 428 2749 )
450 2683 615 2743 λέγουσι
643 2682 924 2745 Καρχηδόνιοι
955 2677 1119 2728 κέεσθαι
1151 2688 1271 2739 νῆσον

38 2761 87 2821 τῇ
111 2758 266 2818 οὔνομα
291 2751 394 2803 εἶναι
421 2758 645 2819 Κύραυνιν,
675 2762 803 2817 μ’ῆκος
824 2756 896 2818 μὲν
922 2758 1138 2813 διηκοσίων
1163 2778 1274 2805 στα-

6 2831 8 2870 Ᾰ
36 2833 147 2891 δίων,
177 2833 332 2885 πλάτος
375 2834 417 2878 δὲ
452 2832 632 2892 στεινὴν,
675 2833 871 2878 διαδατὸν
909 2836 1047 2890 ε’κ,τῆς
1074 2834 1271 2895 ἠπείρου,

37 2909 205 2956 ἐλαιέων
231 2929 274 2955 τε
304 2909 457 2969 μεστὴν
492 2909 563 2954 καὶ
605 2909 817 2969 ἀμπέλων·
847 2910 996 2970 λίμνην
1033 2910 1073 2955 δὲ
1102 2912 1142 2955 ἐν
1170 2913 1272 2972 αὐτῇ

9 3031 12 3043 .
38 2977 161 3042 εἶναι,
181 2988 225 3031 ἐκ
247 2990 317 3042 τῆς
343 2988 383 3031 αἱ
404 2985 598 3047 παρθένοι
619 2989 697 3030 τῶν
714 2986 944 3049 ἐπιχωρίων
961 2993 1146 3049 πτεροῖσι
1167 2986 1272 3049 ὀρνί-

36 3066 118 3119 θων
129 3062 406 3124 κεχριμένοισι
425 3061 554 3123 πίσσῃ
575 3060 620 3107 ἕῖι
636 3065 707 3117 τῆς
724 3061 834 3113 ἰλύος
851 3063 1000 3125 ψῆγμα
1022 3062 1271 3125 ἀναφέρουσι

38 3143 209 3198 χρυσοῦ.
237 3139 290 3183 In
310 3138 479 3199 quibus
499 3139 736 3199 Cyraunin
754 3140 952 3184 insulam
971 3140 1162 3200 plurimi
1190 3147 1204 3198 (
1227 3150 1276 3185 ut

44 3210 236 3276 Rennel,
258 3216 492 3272 Mannert‚
520 3217 599 3260 alii
623 3217 636 3277 )
664 3216 756 3261 dici
781 3227 965 3261 censent
983 3208 1182 3276 Syrtidis
1206 3218 1276 3261 in-

42 3289 184 3334 sulam
208 3290 442 3335 Cercinam
461 3291 533 3336 vel
554 3286 834 3350 Cercinitin,
862 3292 942 3336 alii
966 3307 1076 3336 vero
1096 3293 1275 3337 Cernen

47 3365 281 3410 Hannonis
303 3367 500 3412 indicari
524 3378 706 3427 putant,
739 3378 790 3411 ut
812 3367 1082 3426 Castiglioni
1105 3384 1131 3412 a
1173 3369 1275 3413 13ae-

43 3441 145 3484 hrio
181 3440 235 3483 ad
270 3441 548 3488 Herodotum
587 3445 618 3489 l.
655 3445 688 3489 l.
723 3444 956 3499 laudatus,
996 3444 1274 3490 Niebuhrius

43 3516 59 3575 (
79 3519 231 3568 Kleine
243 3509 466 3571 Schriften
483 3519 521 3577 Ι,
542 3536 589 3579 p.
619 3520 743 3578 148),
765 3520 1023 3566 Moversius
1044 3520 1121 3579 (in
1139 3522 1275 3564 Ersclz

34 3605 86 3637 ἀ.
111 3593 277 3635 Gruber
287 3601 397 3635 tom.
416 3600 472 3645 24
494 3610 538 3652 p.
561 3596 646 3639 366
667 3594 696 3656 ).
718 3595 901 3640 Certum
921 3606 987 3640 est
1006 3597 1167 3641 insulae
1186 3597 1274 3641 de-

39 4039 179 4096 flilitatc
200 4043 387 4082 Diodorus
409 4043 590 4092 produnt.

796 172 874 216 DE
909 172 944 215 Η
954 171 1205 216 ΑΝΝΟΝΕ
1239 171 1312 217 CA
1323 173 1788 219 RTHAGINIENSE.

31 1203 77 1231 τε
101 1185 172 1231 καὶ
197 1182 431 1247 ἀνθρώπους
452 1181 526 1234 ἔξω
558 1180 800 1242 Ἡρακλέων
825 1179 1005 1235 στηλέων
1022 1176 1287 1237 κατοικημέ-’

2425 200 2560 235 ΧΧΥῘΙ

1332 275 1626 335 scriptionem
1649 290 1796 334 neque
1819 276 1868 319 in
1889 275 2126 320 Cercinam
2151 295 2297 338 neque
2317 284 2364 326 in
2389 284 2564 331 Cernen

1333 347 1628 393 Hannoneam
1655 348 1815 392 cadere
1831 384 1842 403 ‚
1876 349 1999 407 quod
2021 366 2131 394 vero
2163 352 2219 395 de
2240 368 2351 398 auro
2375 368 2418 400 et
2437 363 2563 418 puel-

1332 422 1390 466 lis
1421 423 1637 480 aurilegis
1670 434 1897 476 narratur,
1926 423 2090 468 referri
2119 440 2209 468 non
2233 442 2365 484 posse
2400 433 2488 475 nisi
2509 436 2563 478 ad

1333 497 1491 557 Libyae
1504 498 1819 546 meridionalis
1830 499 2041 558 regiones
2054 500 2292 555 auriferas,
2305 502 2385 546 ubi
2399 504 2565 564 Mungo

1333 573 1454 616 Park
1472 573 1522 617 in
1534 572 1643 618 ltin.
1660 590 1705 632 p.
1728 590 1816 629 270
1831 589 1933 633 sqq.
1960 584 2148 619 testatur
2149 580 2355 630 seminas
2371 578 2419 621 in
2433 594 2568 624 arena

1334 659 1378 692 et
1411 649 1507 693 luto
1543 648 1796 692 fluviorum
1838 665 2000 694 aurum
2041 652 2259 709 colligere
2300 663 2343 697 et
2382 655 2569 700 collecta

1335 738 1474 781 grana
1496 723 1545 768 in
1563 713 1810 781 pennarum
1840 727 2023 767 alveolis
2042 740 2275 784 reponere.
2295 727 2501 772 Ceterum
2522 731 2569 774 in

1336 799 1437 856 ipsa
1462 799 1615 844 insula
1636 814 1799 844 aurum
1825 799 1981 856 colligi
2014 815 2177 859 parum
2212 802 2452 861 probabile
2477 816 2567 862 est⁴3

1336 875 1624 920 subindicari
1657 876 1812 936 potius
1844 876 1997 920 insula
2026 876 2225 933 videtur,
2256 893 2313 922 ex
2344 895 2434 937 qua
2469 881 2574 924 Car-

1339 951 1646 1010 thaginienses
1667 967 1770 995 cum
1800 950 2077 995 continentis
2101 951 2319 1008 aurilegis
2343 967 2476 1010 agere
2500 971 2571 999 so·

1339 1026 1500 1070 lerent.
1527 1025 1646 1070 Fieri
1670 1036 1819 1084 potest
1846 1036 1897 1070 ut
1929 1025 2025 1070 haec
2058 1025 2117 1070 sit
2140 1025 2287 1069 Cerne
2310 1026 2571 1086 Hannonis;

1340 1112 1536 1146 attamen
1564 1118 1706 1161 quum
1744 1117 1893 1161 neque
1928 1117 2097 1146 nomen
2121 1117 2269 1160 neque
2301 1112 2447 1148 cetera
2466 1108 2574 1151 satis

1341 1179 1643 1233 conveniant,
1675 1178 1830 1222 nescio
1868 1194 1924 1223 an
1961 1179 2112 1238 aptius
2140 1179 2365 1222 conferam
2397 1180 2574 1238 mytho·

1341 1254 1491 1312 logica
1516 1254 1706 1299 Diodori
1728 1241 1828 1313 (Ill,
1847 1252 1941 1316 54).
1974 1254 2021 1298 Is
2044 1254 2164 1298 enim
2196 1270 2342 1314 prope
2371 1254 2575 1315 Hesperu

1341 1345 1466 1375 ceras
1499 1331 1631 1375 novit
1660 1329 1923 1391 Κεραύνια
1950 1328 2052 1392 ὅρη,
2074 1340 2116 1375 et
2135 1330 2269 1389 juxta
2287 1330 2403 1375 hanc
2426 1333 2576 1389 regio-

1341 1423 1443 1451 nem
1474 1407 1608 1467 ponit
1645 1407 1910 1467 Hesperiam
1944 1407 2225 1450 Amazonum
2248 1407 2443 1453 insulam
2469 1408 2576 1452 satis

1342 1499 1550 1542 magnam
1575 1500 1625 1528 ac
1651 1482 1861 1542 frugibus
1881 1483 2163 1542 gemmisque
2180 1483 2366 1527 divitem
2384 1501 2396 1539 3
2415 1483 2576 1529 Hanno

1341 1576 1454 1604 vero
1475 1561 1531 1604 ad
1557 1560 1766 1620 Hesperu
1788 1575 1932 1604 cornu
1957 1569 2178 1604 memorat
2193 1562 2315 1613 νῆσον
2338 1561 2575 1621 μεγάλην

1341 1634 1425 1679 καὶ
1465 1636 1514 1679 ἓν
1548 1634 1760 1697 τ’ᾔνήσῳ
1800 1633 1980 1693 λίμνην
2013 1632 2259 1689 θαλασσώδη
2304 1635 2498 1694 (§14):
2529 1646 2577 1679 ut

1341 1711 1457 1756 hanc
1470 1728 1567 1757 esse
1582 1710 1784 1773 Κύραυνιν
1800 1708 2342 1773 He1·0dotiduxerim(**).
2361 1710 2477 1755 Utut
2489 1722 2573 1770 est,

1342 1803 1483 1847 quum
1501 1797 1720 1848 praeterea
1735 1787 1790 1831 de
1810 1788 1897 1831 isto
1918 1787 2018 1830 auri
2036 1787 2326 1841 commercio,
2350 1786 2469 1844 quod
2486 1801 2577 1846 prae

1343 1865 1506 1908 ceteris
1528 1864 1617 1908 huc
1655 1864 1865 1908 allexisse
1903 1861 2304 1920 Carthaginienses
2345 1870 2577 1905 consenta·

1343 1955 1498 1986 neum.
1530 1939 1654 1983 nihil-
1676 1939 1732 1983 ad
1757 1954 1839 1983 nos
1878 1937 2254 1997 transpiraverit,
2290 1936 2419 1981 vides
2440 1951 2574 1995 quam

1343 2015 1501 2060 sedulo
1522 2016 1652 2060 Poeni
1676 2030 1840 2059 arcana
1859 2030 1940 2058 sua
1963 2013 2278 2058 custodierint.

1410 2099 1485 2144 40.
1508 2091 1618 2136 Post
1642 2091 1922 2135 Herodotum
1943 2100 2269 2150 extemporum
2291 2088 2452 2132 ordine
2472 2103 2575 2132 me—

1344 2167 1595 2210 morandus
1613 2166 1823 2209 videatur
1847 2165 2040 2224 Scylax,
2068 2164 2200 2223 cujus
2221 2163 2429 2223 periplus
2463 2164 2575 2208 scri-

1343 2251 1447 2300 ptus
1465 2251 1532 2285 est
1556 2243 1714 2300 paucis
1733 2240 1864 2283 annis
1882 2250 1984 2283 ante
2009 2254 2197 2296 regnum
2218 2237 2465 2281 Alexandri
2482 2238 2575 2283 Ma-
2592 2266 2596 2269 -

1344 2316 1439 2371 gni.
1484 2316 1692 2358 Attamen
1732 2329 1834 2372 quae
1872 2314 1920 2356 in
1965 2312 2164 2370 Scylacis
2202 2312 2383 2370 periplo
2416 2313 2442 2368 S
2491 2329 2508 2354 1
2523 2328 2573 2355 12

1344 2403 1390 2446 p.
1422 2403 1475 2444 91
1499 2403 1600 2444 sqq.
1623 2387 1678 2430 de
1699 2386 1859 2444 Libyae
1882 2399 2050 2428 oceano
2068 2385 2299 2442 leguntur,
2323 2393 2478 2442 postea
2497 2383 2574 2427 de-

1344 2478 1468 2507 mum
1509 2462 1695 2506 aliunde
1734 2476 1911 2505 annexa
1937 2475 2034 2504 esse
2072 2475 2129 2503 ex
2169 2469 2263 2502 toto
2302 2459 2575 2504 narrationis

1344 2539 1504 2584 habitu
1543 2538 1802 2596 colligitur3
1841 2536 2011 2596 quibus
2036 2536 2149 2579 adde
2179 2545 2407 2578 auctorem
2439 2534 2576 2594 hujus

1346 2614 1508 2674 capitis
1532 2613 1648 2656 duos
1669 2610 1934 2655 adhibuisse
1952 2610 2096 2654 fontes
2116 2620 2159 2653 et
2174 2610 2327 2668 inepte
2344 2609 2578 2654 miscuisse

1345 2687 1363 2749 ζ
1383 2705 1427 2732 v.
1466 2698 1562 2732 not.
1598 2703 1645 2747 p.
1675 2687 1781 2745 91).
1818 2685 1883 2729 Ac
1913 2687 2211 2745 posteriorem
2247 2693 2420 2728 aetatem
2444 2685 2578 2728 etiam

1346 2762 1652 2823 geographica
1664 2770 1957 2806 narratorum
1973 2760 2089 2804 ratio
2107 2758 2382 2804 subindicat.
2400 2758 2578 2803 Etenim

1347 2837 1566 2897 Libycam
1591 2853 1718 2881 oram
1748 2852 1840 2880 non
1869 2835 1999 2879 novit
2022 2835 2219 2894 scriptor
2243 2834 2334 2878 nisi
2353 2849 2498 2893 usque
2524 2834 2579 2878 ad

1348 2914 1511 2959 Lixum
1546 2914 1738 2958 fluvium
1775 2923 1819 2957 et
1848 2912 2033 2957 initium
2067 2911 2248 2955 deserti.
2281 2910 2394 2954 Cum
2417 2911 2579 2955 ultimo

1347 3002 1494 3036 autem
1515 3005 1605 3037 01·ae
1630 3000 1749 3034 notae
1766 2993 1960 3034 termino
1978 2988 2214 3048 componit
2230 2987 2364 3031 etiam
2383 2986 2576 3043 Cernen,

1346 3067 1556 3111 ultimam
1589 3081 1724 3125 quam
1750 3073 1942 3110 noverat
1975 3063 2188 3118 insulam,
2210 3062 2451 3106 duodecim
2475 3062 2580 3106 die-

1347 3157 1449 3185 rum
1484 3129 1830 3200 navigatione'a
1853 3140 1967 3183 freto
1994 3138 2260 3196 distantem,
2293 3137 2413 3181 ultra
2445 3152 2578 3195 quam

1348 3233 1471 3262 mare
1490 3217 1714 3262 brevibus
1743 3226 1786 3260 et
1809 3231 1940 3260 coeno
1968 3214 2240 3259 obstruitur.
2267 3212 2430 3256 Verum
2456 3222 2505 3256 ut
2524 3213 2588 3256 de'

1346 3295 1438 3339 situ
1462 3294 1624 3339 insulae
1643 3309 1804 3354 parum
1831 3302 2038 3336 accurata
2053 3291 2122 3335 vel
2147 3289 2321 3349 accepit
2334 3289 2407 3333 vel
2431 3288 2577 3344 finxit,

1346 3371 1413 3414 sic
1432 3370 1487 3414 de
1504 3363 1781 3424 mercatura,
1805 3384 1940 3428 quam
1974 3369 2022 3412 in
2056 3367 2200 3411 Cerne
2225 3365 2378 3410 insula
2399 3379 2578 3409 exerce-

1346 3456 1446 3490 rent
1463 3445 1879 3503 CarthaginienseS,
1899 3443 2007 3488 satis
2026 3443 2168 3486 multa
2185 3441 2320 3485 habet
2347 3456 2447 3501 quae
2463 3441 2579 3485 alius

1347 3537 1480 3565 nemo
1516 3520 1676 3575 tradit3
1703 3519 1804 3564 auri
1840 3529 1987 3562 tamen
2019 3516 2344 3561 commercium
2366 3531 2459 3559 non
2486 3530 2577 3559 me·

1329 3601 1503 3642 ‘mm-at.
1540 3595 1796 3641 Notandum
1821 3596 1954 3639 etiam
1994 3594 2198 3648 Cernen,
2234 3607 2368 3651 quam
2402 3591 2576 3635 colonis

93 3711 141 3759 (³)
159 3713 206 3749 V.
231 3714 281 3749 Dc·
307 3714 446 3750 Marco
467 3713 561 3750 Polo
586 3724 606 3751 e
623 3714 730 3762 deylt
755 3716 859 3754 altri
884 3718 1128 3764 viayqz'acorz·
1157 3717 1372 3755 Veneziani
1405 3718 1479 3764 piu
1502 3717 1660 3754 illustra·
1682 3715 1746 3754 del
1770 3718 1810 3754 P.
1833 3715 1903 3753 Ab.
1934 3718 1980 3753 D.
2009 3713 2158 3752 Placido
2186 3712 2311 3750 Zurla.
2329 3713 2461 3749 Venet.
2486 3714 2574 3748 1818

43 3776 82 3814 P·
105 3770 171 3805 126
194 3777 268 3816 sq·;
293 3767 406 3806 Shaw
434 3769 546 3805 Reise
563 3771 593 3814 Ι,
615 3779 653 3817 p.
677 3774 769 3818 393;
786 3772 886 3810 John
905 3773 1040 3811 Wiede
1065 3776 1178 3812 Reise
1202 3775 1246 3811 in
1271 3772 1337 3811 die
1353 3772 1543 3811 Bel-berei
1567 3775 1659 3810 tom.
1684 3775 1731 3818 11,
1755 3783 1790 3820 p.
1815 3775 1896 3811 143.
1924 3769 2312 3811 HoestNaclzrz‘clzten
2337 3778 2409 3805 von
2439 3770 2513 3805 Fez
2534 3776 2572 3802 u.

45 3823 236 3861 Marolclso
254 3834 289 3871 p.
309 3828 393 3862 279.
414 3823 662 3870 Allqemeine
680 3828 853 3864 Historia
875 3827 948 3865 der
964 3832 1102 3867 Reisen
1114 3832 1144 3868 t.
1163 3833 1211 3876 ΙΙ,
1227 3841 1263 3878 p.
1284 3833 1347 3876 76,
1365 3829 1504 3867 citante
1516 3827 1718 3866 Movet-sio.
1738 3827 1843 3865 Adde
1855 3838 1942 3875 quae
1957 3826 2103 3872 collegit
2124 3825 2232 3863 Baehr
2247 3823 2292 3860 ad
2311 3822 2484 3860 Herodot
2507 3822 2528 3856 l.
2549 3820 2572 3855 l.

97 3878 168 3941 (ξ’)
195 3879 423 3927 Apollonius
440 3879 524 3916 Mir.
551 3888 585 3916 c·
615 3884 659 3917 15
680 3880 763 3918 hoee
775 3881 914 3921 habet:
937 3885 1099 3933 Σκύμνος
1127 3886 1166 3924 δὲ
1184 3887 1204 3923 ὁ
1220 3889 1309 3929 Χῖος
1334 3886 1399 3931 τὴν
1423 3884 1738 3933 Βρεττανικήν
1751 3887 1862 3929 νῆσον
1878 3884 1973 3930 λέγει
1989 3881 2148 3919 σταδίων
2168 3880 2259 3917 εἶναι
2275 3876 2515 3925 τετρακοσίων
2532 3875 2572 3911 τὸ

29 3942 272 3980 ,περιμετροη
290 3933 479 3993 γίγνεσθαι
496 3932 534 3969 δὲ
551 3933 586 3969 ἐν
601 3930 694 3982 αὐτῇ
714 3935 760 3972 τὰ
778 3937 985 3984 γεννήματα
1005 3940 1193 3989 ἀπύρηνα,
1214 3942 1292 3979 οἷον
1317 3942 1382 3985 τὰς
1412 3939 1534 3983 ἐλαίας
1563 3944 1722 3988 πυρῆνας
1747 3940 1796 3988 μὴ
1827 3942 1923 3988 ἔχειν
1945 3938 2035 3986 μηδὲ
2070 3936 2197 3984 βότρυς
2226 3933 2394 3981 γίγαρτον
2418 3931 2506 3978 μηδὲ
2525 3929 2571 3966 τὰ

41 3986 176 4035 Ιἐμφερῆ
194 3989 348 4033 τούτοις.
368 3992 408 4027 ln
432 3989 490 4025 nis
509 3989 636 4026 nescio
652 4000 700 4027 an
724 3990 794 4037 leg.
816 3990 865 4028 sit
881 3993 948 4043 τὴν
965 3996 1202 4042 Κεραυνικήν.
1219 3997 1333 4035 Certe
1355 3996 1545 4044 quadrant
1566 4005 1652 4042 quac
1677 3994 1724 4032 ‹lc
1746 3994 1856 4041 huJus
1875 3993 2006 4031 insulae
2027 3990 2172 4028 ambitu
2189 3988 2416 4032 Herodotus,
2435 3985 2482 4023 dc
2504 3986 2574 4023 scr-
