2808 4342
61 159 222 223 (ιω.)

27 253 30 256 ‚
60 251 228 325 μνήμην
250 260 425 307 ποιεῖται
457 260 479 303 ὁ
506 253 718 317 λογοποιὸς
750 252 984 318 Ἡρόδοτος.
1059 255 1141 302 Καὶ
1184 253 1294 314 λέγει

59 332 223 382 τούτους
239 322 342 375 ὲῖναι
360 326 451 377 τοὺς
470 324 898 388 φθειροτρωκτέοντας·
917 324 1081 387 καὶγὰρ
1103 326 1157 375 εἷς
1177 327 1296 370 τοῦτο

61 399 119 445 ἔτι
140 402 166 454 ἡ
187 397 280 450 δόξα
299 399 325 450 ἡ
350 393 452 449 αὐτὴ
474 392 577 455 ὑπὲρ
600 395 732 438 αὐτῶν
756 392 938 454 κατέχει.
1007 392 1088 438 Ἐκ
1108 392 1149 437 δὲ
1173 394 1292 439 Νιτι-

59 471 132 523 κῆς
156 467 212 518 εἲς
227 462 432 511 Ἄὸασκον
453 462 639 521 ποταμὸν
673 461 832 507 στάδιοι
853 461 1109 516 ἐνενήκοντα.
1177 460 1230 507 Ὁ
1252 460 1292 505 δὲ

0 551 21 582 ⁵
61 528 215 598 Βόργυς
249 531 539 578 τοῧἈὸάσκου
569 531 694 592 διέχει
733 529 919 582 σταδίους
942 529 1089 575 ἑκατὸν
1127 528 1198 574 καὶ
1236 528 1293 574 εἴ-

60 622 164 652 κοσι·
184 602 254 649 καὶ
269 606 290 648 ὃ
305 604 437 658 Νῆσις
452 605 523 646 τοῦ
538 600 736 661 Βόργυος,
751 597 899 660 ἵναπερ
917 597 987 644 καὶ
1009 602 1032 654 ἡ
1052 597 1295 660 Ἡράκλειος

62 675 170 736 ἄκρα
209 671 377 734 ἀνέχει,
415 669 601 720 σταδίους
645 668 854 723 ἑξήκοντα.
920 667 1021 714 Ἀπὸ
1058 666 1098 712 δὲ
1142 667 1296 722 Νήσιος

4 746 8 750 ”
57 746 114 794 εἷς
159 739 422 796 Μασαιτικὴν
470 737 628 783 στάδιοι
664 735 922 792 ἐνενήκοντα.
1010 735 1198 782 Ἐνθένδε
1242 738 1296 787 εἷς

60 812 301 874 Ἀχαιοῦντα
329 807 484 855 στάδιοι
518 806 737 862 ἑξήκοντα·
768 805 897 868 ὅσπερ
927 805 1111 866 ποταμὸς
1136 806 1295 867 διορίζει

2 895 41 925 10
61 879 238 942 Ζιλχοὺς
260 878 330 924 καὶ
354 876 552 938 Σανίγας.
621 879 782 937 Ζιλχῶν
810 874 1001 937 βασιλεὺς
1025 869 1295 938 Σταχέμφαξ·

59 949 131 996 καὶ
151 941 266 1000 οἶτος
284 947 398 1010 παρὰ
419 951 491 993 σοῦ
510 945 583 1001 τὴν
611 944 820 1007 βασιλείαν
844 944 979 1006 ἔσχεν.

123 1034 177 1065 28.
215 1017 314 1064 Ἀπὸ
340 1018 597 1078 Ἀχαιοῦντος
632 1017 685 1066 εἷς
711 1014 955 1075 Ἡράκλειον
991 1013 1121 1076 ἄκραν
1146 1013 1296 1069 πεντή-

60 1106 183 1133 κοντα
203 1086 273 1133 καὶ
295 1086 439 1132 ἑκατὸν
460 1084 635 1130 στάδιοι.
704 1084 889 1130 Ἐνθένδε
909 1085 962 1134 εἷς
984 1083 1128 1144 ἄκραν,
1151 1082 1296 1145 ἵναπερ

63 1155 195 1211 σκέπη
230 1155 339 1200 ἐστὶν
365 1154 516 1214 ἀνέμου
541 1153 736 1214 θρᾳσκίου
759 1153 828 1198 καὶ
855 1156 983 1215 βορρᾶ
999 1188 1009 1208 ,
1047 1151 1296 1212 ὀγδοήκοντα

1 1233 39 1262 ³5
61 1225 132 1271 καὶ
157 1225 319 1270 ἑκατόν.
392 1224 581 1271 Ἐνθένδε
612 1225 666 1275 εἷς
689 1222 763 1279 τὴν
803 1222 1063 1282 καλουμένην
1101 1221 1294 1276 Παλαιὰν

61 1293 247 1348 Λαζικὴν
272 1293 399 1340 εἴκοσι
426 1292 496 1338 καὶ
534 1292 680 1337 ἑκατὸν
705 1292 876 1338 στάδιοι.
944 1291 1130 1337 Ἐνθένδε
1163 1292 1199 1341 ἐς
1224 1290 1295 1345 τὴν

63 1361 257 1408 Παλαιὰν
291 1357 459 1423 Ἀχαΐαν
497 1361 752 1415 πεντήκοντα
783 1359 853 1405 καὶ
885 1359 1051 1404 ἑκατόν·
1084 1358 1153 1404 καὶ
1189 1358 1294 1404 ἔνθεν

63 1432 101 1481 ἐς
126 1429 299 1492 Πάγρας
320 1429 466 1489 λιμένα
490 1428 746 1484 πεντήκοντα
784 1429 853 1474 καὶ
886 1428 1128 1491 τριακόσιοι.
1198 1427 1296 1472 Ἀπὸ

62 1498 104 1544 δὲ
130 1499 303 1560 Πάγρας
327 1498 488 1557 λιμένος
511 1500 566 1549 εἷς
596 1497 728 1559 Ἱερὸν
761 1498 909 1558 λιμένα
941 1497 1190 1559 ὁγδοήκοντα
1226 1497 1295 1541 καὶ

0 1573 41 1602 20
63 1569 219 1614 ἑκατόν.
242 1567 426 1613 Ἐνθένδε
449 1569 503 1617 εἷς
530 1566 724 1620 Σινδικὴν
750 1566 988 1628 τριακόσιοι.

63 1714 104 1742 2.
137 1702 190 1756 epo
202 1717 218 1742 ε
230 1716 356 1756 ιροτρ
369 1716 460 1741 ωκτ
473 1702 545 1741 εὀν
559 1716 579 1740 τ
593 1701 671 1754 ας]
712 1702 774 1740 De
810 1699 1127 1753 Phthirophagis
1157 1700 1197 1739 in
1227 1712 1297 1738 ora

62 1764 232 1804 Pontica
263 1763 317 1804 cf.
352 1763 497 1803 Strabo
529 1777 572 1816 p.
604 1765 702 1815 497.
730 1760 838 1801 Mela
870 1763 906 1801 Ι.
944 1775 991 1813 19
1005 1791 1015 1810 ,
1057 1763 1120 1808 14.
1142 1760 1298 1800 Plinius

61 1826 138 1875 VI,
156 1821 198 1873 4.
211 1825 451 1866 Ptolemaeus
459 1826 514 1874 V,
528 1825 551 1864 8
563 1838 606 1878 p.
620 1824 699 1875 349
712 1822 1039 1877 Phthirophagos
1052 1822 1103 1862 ab
1119 1822 1208 1862 Rha
1224 1822 1299 1861 ssu-

61 1887 130 1927 vio
144 1887 343 1927 orientem
360 1900 497 1926 versus
509 1886 642 1940 ponit.
660 1884 723 1925 Cf.
736 1884 891 1939 Scylac.
906 1887 927 1936 S
941 1886 1008 1925 80.
1029 1885 1162 1938 {1—4.
1179 1883 1218 1924 ”A
1229 1883 1298 1922 ὄα-

63 1963 87 1988 σ
97 1963 120 1989 κ
130 1963 150 1988 ο
161 1963 180 1989 ν
199 1949 215 2003 ]
247 1950 310 1988 De
337 1948 507 2001 Abasgis
542 1946 721 1986 vidimus
752 1961 874 2001 supra
905 1948 926 1998 §
961 1960 977 1985 1
987 1946 1025 1986 5.
1067 1965 1083 1981 ιι
1106 1947 1226 1986 Nunc
1257 1960 1298 1985 se

61 2009 290 2051 extendunt
304 2013 347 2051 A
350 2007 462 2050 bassi
478 2010 519 2049 in
541 2017 627 2050 toto
646 2009 766 2050 litore
784 2023 808 2049 a
824 2023 960 2063 prom.
980 2011 1155 2064 Isussup
1172 2023 1298 2063 usque

61 2071 116 2112 ad
130 2071 473 2112 Soalsoum-lcalelz.
497 2089 512 2109 υ
533 2072 635 2112 Gm
649 2102 658 2111 .
682 2072 697 2125 ss
717 2095 773 2105 —-
790 2070 826 2111 5.
852 2071 880 2110 B
890 2071 910 2110 6
924 2086 942 2125 ρ
955 2086 979 2126 γ
994 2086 1013 2110 υ
1027 2072 1057 2125 ς]
1078 2070 1187 2125 apud
1202 2072 1298 2111 Pto-

64 2134 250 2175 lemaeum
265 2143 433 2175 vocatur
445 2134 611 2188 Βοῦρκας
627 2135 720 2186 (690
734 2157 791 2163 -
803 2137 874 2186 47ο
899 2133 962 2173 15’
978 2134 990 2188 )
1005 2149 1015 2182 ;
1037 2133 1136 2173 11οά.
1156 2134 1299 2188 Liapi-

57 2205 182 2252 psta,
207 2205 251 2237 ut
270 2195 354 2236 vid.
382 2196 397 2249 Η
425 2219 482 2226 -
504 2200 544 2235 6.
566 2195 790 2246 Νῆσις...
830 2193 1123 2248 (Ηράκλειος
1146 2194 1295 2248 ἄκρα]

68 2259 166 2312 Cap.
187 2255 545 2297 Constantinovslci
565 2258 669 2311 (Cap
687 2255 818 2296 Adler
831 2256 874 2295 in
895 2255 1098 2296 Gauttieri
1114 2254 1296 2310 mappa),

48 2318 118 2358 -ad
138 2318 252 2372 quod
274 2318 420 2358 fluvius
438 2316 872 2358 Mezioumta.Plinius
890 2318 965 2366 VI,
979 2317 1018 2366 5,
1035 2321 1082 2357 16
1100 2330 1108 2356 :
1128 2320 1170 2357 A
1182 2316 1300 2356 Dios-

64 2378 232 2419 curiade
243 2377 440 2434 oppidum
454 2378 692 2417 Heracleum
703 2395 718 2426 ;
730 2377 864 2418 distat
879 2392 906 2417 α
919 2377 1172 2433 Sebastopoli
1187 2380 1303 2418 LXX

940 117 1234 200 PERIPLUS
1261 154 1454 200 PONTI
1490 155 1721 216 EUXlNl.

1366 262 1482 316 cujus
1510 261 1747 303 Herodotus
1780 276 1947 317 quoque
1979 262 2196 304 historicus
2232 245 2296 320 (4,
2323 270 2424 322 109)
2453 276 2592 312 memi-

1367 339 1427 378 nit
1452 351 1462 378 :
1487 338 1575 379 illos
1596 345 1733 398 autem
1765 337 1890 378 tradit
1921 338 2120 392 pediculis
2154 341 2259 380 vesci
2297 342 2462 395 solitos;
2504 361 2594 400 quae

1367 412 1536 467 quidem
1559 412 1666 454 sama
1684 412 1736 453 de
1771 413 1820 453 iis
1841 413 2067 454 etiamnum
2095 414 2266 455 obtinet.
2329 420 2366 458 A
2384 419 2515 460 Nitica
2540 422 2592 462 ad

2332 492 2398 533 Ab
2438 495 2596 537 Abasco

1365 564 1490 605 distat
1519 566 1674 619 Borgys
1704 572 1869 604 centurn
1906 572 1946 604 et
1983 565 2125 618 viginti
2162 566 2316 617 stadia,
2352 576 2392 609 et
2415 583 2439 609 a
2463 572 2595 626 Borgy

1370 488 1575 530 Abascum
1623 489 1797 529 fluvium
1839 489 2063 542 nonaginta
2115 490 2257 531 stadia.

1365 641 1506 690 Nesis,
1544 638 1616 679 ubi
1644 639 1892 680 Herculeum
1924 642 2257 695 promontorium
2279 644 2446 696 eminet,
2469 646 2598 688 stadia

1367 716 1588 771 sexaginta.
1651 717 1688 756 A
1720 715 1815 755 Nesi
1838 715 1889 756 ad
1921 717 2167 756 Masaeticam
2197 718 2326 759 stadia
2358 723 2594 775 nonaginta.

1366 793 1469 834 Inde
1491 793 1544 834 ad
1563 793 1835 834 Achaeuntem
1859 792 2029 832 ssuvium
2043 824 2053 842 ,
2073 794 2142 847 qui
2165 794 2324 836 Zilchos
2344 803 2465 851 atque
2482 798 2598 838 Sani·

1367 885 1435 924 gas
1457 878 1640 926 separat,
1663 868 1794 911 stadia
1815 870 2036 924 sexaginta.
2095 871 2327 912 Zilchorum
2349 886 2419 913 rex
2436 882 2495 914 est
2512 875 2599 915 Sta·

1367 947 1594 1002 chemphax
1607 979 1618 998 ‚
1636 948 1707 1002 qui
1726 962 1749 988 a
1771 954 1812 987 te
1831 960 2004 1000 regnum
2025 946 2216 988 obtinuit.

1424 1018 1493 1058 28.
1536 1016 1602 1058 Ab
1637 1017 1864 1058 Achaeunte
1900 1014 1953 1056 ad
1987 1016 2231 1057 Herculeum
2268 1020 2598 1072 promontorium

1367 1085 1497 1126 stadia
1521 1093 1686 1126 centum
1710 1093 1750 1125 et
1780 1084 2091 1140 quinquaginta.
2150 1084 2252 1125 Inde
2276 1084 2327 1127 ad
2359 1098 2598 1143 promonto-

1366 1154 1475 1194 rium
1498 1153 1744 1208 quoddam,
1766 1153 1834 1193 ubi
1866 1160 1955 1194 tuta
1984 1151 2177 1195 adversus
2199 1156 2436 1196 Thrasciam
2458 1164 2498 1197 et
2519 1158 2598 1197 Bo·

1366 1235 1478 1261 ream
1512 1229 1653 1262 ventos
1689 1221 1822 1271 statio,
1864 1229 2030 1262 centum
2055 1230 2095 1262 et
2131 1223 2352 1275 octoginta.
2411 1223 2513 1264 Inde
2546 1223 2598 1264 ad

1365 1292 1559 1332 Veterem
1596 1292 1808 1341 Lazicam,
1850 1305 1941 1346 quae
1980 1299 2165 1341 vocatur,
2207 1291 2333 1332 stadia
2368 1301 2532 1335 centum
2561 1301 2600 1332 et

1367 1361 1524 1414 viginti.
1586 1362 1693 1401 Hinc
1712 1361 1764 1401 ad
1786 1359 1985 1402 Achaiam
2007 1362 2216 1415 antiquam
2237 1369 2403 1401 centum
2426 1369 2466 1401 et
2482 1362 2600 1415 quin-

1367 1431 1566 1484 quaginta
1581 1461 1591 1480 ,
1614 1439 1654 1470 et
1677 1430 1773 1470 inde
1797 1430 1850 1470 ad
1869 1433 2008 1483 Pagrae
2034 1439 2200 1485 portum
2222 1438 2402 1471 trecenta
2423 1438 2462 1470 et
2483 1430 2601 1485 quin-

1370 1498 1577 1552 quaginta.
1640 1500 1676 1538 A
1693 1499 1830 1550 Pagrae
1850 1506 1973 1552 portu
1992 1498 2046 1538 ad
2062 1499 2230 1539 Sacrum
2250 1506 2418 1552 portum
2434 1506 2599 1538 centum

1367 1573 1406 1605 et
1425 1565 1647 1618 octoginta.
1709 1563 1813 1604 Inde
1832 1564 1883 1605 ad
1904 1565 2114 1605 Sindicam
2136 1573 2333 1605 trecenta.

1368 1698 1431 1737 Cf.
1464 1706 1552 1737 not.
1587 1697 1640 1737 ad
1674 1697 1827 1751 Scylac.
1862 1711 1904 1751 p.
1941 1701 2008 1750 76.
2045 1699 2108 1736 De
2140 1695 2305 1737 sedibus
2323 1694 2445 1750 hujus
2471 1696 2600 1749 gentis

1370 1759 1612 1799 fluctuantes
1648 1759 1867 1798 sententias
1901 1773 1983 1797 non
2024 1757 2174 1798 resero.
2218 1759 2234 1811 ll
2271 1781 2327 1789 --
2365 1770 2428 1798 10.
2464 1757 2555 1797 Σαν
2573 1758 2601 1798 ί-

1368 1822 1486 1876 γας]
1507 1821 1675 1874 Σάνιχας
1701 1819 1859 1868 codex;
1891 1819 2032 1858 Σάννοι
2054 1833 2209 1872 margo.
2244 1819 2260 1871 ll
2294 1842 2351 1849 —
2380 1831 2445 1858 12.
2473 1816 2603 1870 Ἡρά-

1369 1882 1538 1923 κλειον
1555 1884 1568 1937 ]
1586 1880 1816 1936 Ἡράκλειαν
1836 1880 1879 1921 11.
1898 1880 1925 1921 l.
1944 1878 2090 1920 codex.
2114 1880 2206 1933 11—-
2224 1879 2289 1919 13.
2307 1878 2486 1934 ἄκραν]
2505 1880 2603 1923 Haec

1372 1944 1494 1986 suerit
1529 1942 1711 1999 Τορετικὴ
1744 1945 1840 1998 ἄκρα
1882 1944 1897 1995 (
1916 1944 1988 1983 680
2020 1965 2078 1972 ·—
2107 1941 2206 1996 470)
2245 1940 2466 1982 Ptolemaei.
2501 1942 2516 1995 {l
2547 1965 2603 1973 —-

1373 2008 1438 2048 15.
1473 2006 1693 2047 Παλαιὰν
1717 2003 1970 2058 Λαζικὴν]
1993 2003 2058 2044 Cf.
2081 2003 2275 2058 Stephan.
2300 2004 2397 2058 Byz.
2426 2004 2598 2053 εΛαζοὶ,

1369 2070 1523 2110 Σκυθῶν
1549 2069 1670 2116 ἔθνος.
1696 2068 1810 2108 ’Ἐστι
1828 2067 1894 2107 καὶ
1915 2066 2061 2121 χωρίον
2082 2064 2236 2105 Παλαιὰ
2254 2063 2397 2115 Λαζικὴ
2414 2096 2425 2115 ,
2450 2066 2500 2113 ὡς
2522 2064 2600 2120 Ἀρ-

1370 2132 1512 2184 ριανός.
1546 2133 1680 2171 Locus
1703 2144 1754 2169 ex
1776 2129 1959 2168 numeris
1986 2129 2153 2168 Arriani
2186 2127 2290 2167 foret
2318 2127 2417 2167 hod.
2440 2128 2597 2179 Nebug.

1369 2192 1496 2246 Apud
1516 2191 1781 2233 Ptolemaeum
1796 2198 1889 2245 post
1910 2187 2117 2244 Τορετικὴν
2142 2189 2259 2243 ἄκραν
2276 2190 2461 2243 sequitur
2481 2189 2602 2237 Ταζός

1370 2253 1481 2294 locus
1505 2254 1522 2306 (
1542 2255 1614 2294 68⁰
1638 2276 1695 2283 --
1713 2252 1786 2304 470
1811 2249 1878 2292 30’
1893 2252 1935 2304 );
1961 2264 2039 2304 pro
2071 2263 2155 2304 quo
2184 2250 2304 2297 Λαζός
2337 2249 2600 2291 scribendum

1369 2315 1546 2355 videtur.
1578 2316 1592 2367 l}
1618 2338 1674 2344 —
1697 2327 1762 2367 17.
1795 2310 2021 2352 Παλαιὰν
2051 2309 2288 2365 Ἀχαΐαν]
2314 2313 2362 2350 In
2382 2310 2599 2352 Ptolemaeo

1369 2378 1553 2430 sequitur
1581 2374 1715 2430 Ἀχαΐα
1737 2376 1847 2428 κώμη
1869 2375 2033 2427 (670-
2050 2376 2122 2426 47ο
2145 2372 2246 2427 3ο’).
2270 2374 2392 2412 Nunc
2421 2372 2477 2412 ibi
2498 2373 2599 2413 Cha-

68 2442 84 2493 (
102 2442 260 2481 LXXX
277 2439 344 2480 ed.
364 2439 597 2493 Delecamp.
621 2441 636 2492 )
660 2454 714 2479 m.
733 2454 781 2494 p.
811 2439 860 2479 Id
882 2439 1081 2494 oppidum
1097 2439 1149 2479 ad
1173 2439 1298 2479 hocce
1361 2438 1539 2493 psuklzo.
1557 2439 1726 2477 Veteres
1746 2435 1989 2476 Achaeorum
2010 2433 2124 2475 sedes
2140 2434 2265 2475 in‘his
2279 2434 2514 2487 regionibus
2536 2435 2598 2474 in-

64 2517 201 2557 prom.
220 2500 505 2542 collocandum
519 2501 638 2551 foret,
665 2515 792 2554 usque
813 2501 865 2541 ad
888 2515 1009 2555 quem
1027 2516 1107 2541 sec.
1130 2502 1294 2542 Arrian.

65 2563 300 2607 suntstadia
311 2577 413 2618 7703
428 2563 585 2603 Plinius
597 2563 761 2602 nonnisi
771 2565 852 2610 480
866 2565 882 2615 (
894 2563 954 2602 vel
969 2563 1075 2616 560)
1091 2570 1295 2611 numerat,

72 2630 184 2669 §icuti
205 2630 246 2668 in
270 2624 534 2682 sequentibus
553 2626 675 2664 etiam
701 2625 830 2678 spatia
841 2623 955 2678 justo
976 2625 1137 2664 minora
1159 2626 1295 2678 ponit;

65 2705 161 2731 nam
176 2691 227 2731 ab
244 2690 441 2730 Heracleo
457 2688 509 2728 ad
527 2687 701 2728 Hierum
722 2695 889 2743 portum
905 2694 1073 2742 exputat
1099 2687 1175 2727 136
1196 2686 1295 2727 mill.

68 2755 154 2806 (=
182 2755 285 2794 1088
309 2751 487 2805 stadia),
510 2765 642 2805 quum
665 2752 814 2791 rectius
844 2765 911 2805 ap.
939 2752 1163 2792 Ari-ianam
1187 2750 1298 2790 colli-

67 2826 216 2869 gantur
252 2815 381 2855 stadia
420 2816 540 2855 1280.
581 2814 597 2867 ll
635 2838 691 2845 ——
725 2816 764 2854 8.
804 2811 1136 2868 Μασαιτικὴν]
1177 2812 1300 2853 fuisse

63 2885 167 2931 puta
187 2875 240 2916 ad
260 2875 365 2916 hod..
386 2875 551 2916 Matisa
567 2876 609 2915 ss.
636 2877 748 2915 Fort.
776 2876 831 2915 ibi
865 2884 950 2915 erat
967 2874 1145 2929 ’Άμψαλις
1163 2874 1272 2921 πόλις
1286 2906 1296 2924 ,

65 2939 272 2979 Ptolemaei
316 2938 415 2992 (68⁰
447 2936 540 2987 30'3
573 2940 645 2990 47ο
687 2938 784 2990 15),
820 2951 1055 2991 quanquam
1086 2935 1216 2990 major
1240 2945 1301 2977 est

66 3014 133 3054 ap.
148 3000 253 3041 Ptol.
275 3014 299 3040 a
315 3001 449 3040 Burca
464 2999 516 3038 ad
536 2999 746 3053 Ampsa‘lin
762 2998 983 3051 distantia(
1000 2998 1052 3039 ad
1068 3002 1149 3047 240
1163 2998 1267 3039 stad.
1284 2998 1297 3054 )

66 3074 191 3114 quam
207 3075 273 3115 ap.
296 3062 462 3102 Arriun.
481 3075 504 3100 a
524 3063 682 3114 Borgye
704 3059 756 3099 ad
772 3061 1003 3100 Masaeticen
1018 3063 1034 3113 (
1051 3061 1127 3102 150
1145 3060 1249 3101 stad.
1265 3061 1296 3116 ).

72 3122 90 3174 ΙΙ
119 3145 176 3152 -—
208 3138 248 3175 9.
281 3120 457 3164 Achaeus
503 3118 769 3176 respondebit
789 3121 993 3162 hodierno
1013 3121 1298 3162 Sotclza-Psta.

74 3183 89 3235 1}
113 3207 168 3213 —
183 3197 245 3223 10.
259 3184 286 3222 Z
300 3184 346 3222 ιλ
358 3184 449 3237 χοῖ)
463 3185 499 3238 ς]
519 3186 585 3224 Sic
599 3183 728 3224 codex
743 3199 754 3234 ;
769 3192 808 3224 et
824 3198 920 3224 mox
935 3182 1086 3237 Ζιλχῶν
1103 3198 1113 3232 ;
1134 3183 1175 3222 in
1192 3197 1300 3223 mar-

64 3244 163 3295 gine
193 3244 330 3297 Σικχοί
344 3275 354 3294 ,
390 3244 504 3297 quod
540 3260 635 3284 sane
668 3245 970 3299 praeserendum
1008 3244 1183 3294 videtur,
1222 3246 1300 3285 nisi

70 3304 186 3344 malis
214 3304 390 3358 Ζιγχούς.
431 3306 577 3359 Ζῆκχοι
618 3306 872 3360 appellantur
908 3305 1018 3361 apud
1051 3307 1300 3361 Procopium

71 3367 134 3405 De
167 3365 260 3405 bell.
295 3366 422 3406 Goth.
458 3368 534 3416 IV,
576 3370 600 3415 4
637 3367 720 3422 (V.
759 3383 883 3422 supra
915 3377 1003 3408 not.
1039 3367 1092 3408 ad
1127 3372 1149 3421 S
1187 3369 1234 3409 15
1255 3372 1297 3423 );

65 3440 197 3481 porro
219 3428 405 3467 Eustath.
429 3427 481 3468 ad
510 3429 681 3482 Dionys,
705 3431 785 3470 680
813 3442 823 3469 :
852 3430 983 3470 Σινδοὶ
1011 3429 1049 3470 οἳ
1075 3431 1139 3471 καὶ
1167 3431 1302 3486 Ζικχοὶ

72 3488 169 3527 κατά
198 3502 315 3535 τινας.
346 3488 587 3529 Ptolemaeus
610 3489 773 3543 Ζιγχοὺς
807 3489 907 3530 dicit
946 3492 1000 3540 V,
1043 3493 1066 3532 8
1092 3505 1132 3545 p.
1167 3493 1247 3546 349
1287 3505 1297 3532 :

71 3549 224 3597 Μεταξὺ
252 3548 292 3590 δὲ
313 3552 380 3601 τῆς
407 3551 624 3597 Μαιώτιδος
645 3551 783 3605 λίμνης
806 3552 870 3590 καὶ
890 3557 966 3592 τῶν
1001 3550 1178 3604 Ἱππικῷν
1201 3553 1299 3608 ὀρῶν

1370 2507 1431 2538 ter
1445 2499 1543 2539 alios
1559 2514 1607 2539 ex
1624 2496 1887 2540 Artemidoro
1906 2506 2022 2539 notat
2036 2498 2181 2538 Strabo
2197 2510 2237 2551 p.
2260 2499 2356 2550 496,
2375 2497 2444 2549 qui
2462 2495 2558 2536 inde
2574 2511 2596 2536 a

1368 2562 1477 2601 Batis
1497 2562 1650 2613 (Hiero
1672 2567 1793 2614 portu
1818 2559 1983 2599 Arriani
2001 2562 2016 2612 )
2030 2558 2148 2613 juxta
2163 2573 2277 2599 oram
2296 2558 2478 2598 habitare
2499 2556 2600 2597 dicit

1370 2624 1555 2663 Cercetas
1579 2637 1652 2677 per
1674 2621 1800 2661 stadia
1832 2622 1929 2671 850,
1962 2621 2056 2661 dein
2081 2621 2219 2662 Achaei
2251 2634 2325 2675 per
2345 2619 2475 2659 stadia
2502 2620 2597 2669 500,

1369 2693 1458 2726 tum
1485 2685 1718 2726 Heniochos
1752 2697 1882 2738 usque
1901 2683 1952 2723 ad
1968 2685 2199 2737 Pityuntem
2222 2697 2296 2737 per
2327 2681 2456 2722 stadia
2479 2695 2597 2731 1000,

1370 2749 1468 2789 hinc
1499 2763 1594 2788 vero
1618 2747 1670 2788 ad
1691 2745 2002 2787 Dioscuriadem
2023 2760 2107 2785 csse
2127 2744 2256 2785 stadia
2277 2745 2373 2793 360,
2395 2743 2497 2783 adeo
2514 2752 2559 2784 ut
2577 2759 2601 2783 a

1368 2812 1477 2851 Batis
1503 2810 1554 2850 ad
1584 2808 1896 2850 Dioscuriadem
1933 2807 2173 2860 colligantur
2203 2807 2311 2847 3110
2342 2804 2486 2854 stadia,
2511 2819 2600 2858 quae

1370 2873 1536 2926 quidem
1553 2886 1713 2912 summa
1725 2869 1837 2924 justo
1853 2870 1970 2922 longe
1988 2868 2116 2922 major
2135 2877 2209 2908 est.
2226 2868 2357 2908 Multo
2373 2868 2601 2907 accuratior

1353 2928 1429 2974 'est
1446 2931 1672 2988 ‘computus
1705 2932 1897 2981 Arriani,
1933 2931 2042 2985 apud
2066 2945 2187 2984 quem
2208 2930 2317 2970 idem
2336 2943 2417 2969 orae
2448 2937 2599 2968 tractus

1370 3005 1431 3036 est
1448 2996 1675 3036 stadiorum
1694 2994 1819 3035 2350.
1847 2995 1862 3047 {l
1885 3017 1941 3023 -
1968 2995 2030 3033 18.
2056 2993 2271 3046 Πάγρας]
2294 2992 2416 3030 Hunc
2434 2998 2600 3043 portum

1371 3059 1530 3098 Dubois
1553 3058 1603 3113 (Ι,
1622 3072 1664 3112 p.
1687 3058 1783 3109 167)
1804 3057 1846 3095 in
1866 3054 1966 3095 hod.
1987 3054 2076 3094 baie
2096 3053 2143 3093 de
2163 3048 2401 3105 Glzelendjilt
2417 3065 2599 3104 quaeren-

1371 3120 1473 3160 dum
1489 3135 1573 3160 esse
1597 3127 1747 3167 censet,
1775 3116 1898 3170 idque
1925 3116 2027 3155 bene
2046 3114 2154 3154 cadit
2185 3115 2225 3153 in
2250 3113 2425 3154 rationes
2444 3111 2598 3152 distan-

1371 3183 1537 3222 tiarum.
1555 3185 1604 3222 In
1627 3179 1800 3233 Scylacis
1833 3177 1990 3231 periplo
2011 3176 2119 3215 idem
2152 3183 2295 3229 portus
2315 3175 2366 3214 de
2395 3174 2599 3215 accolente

1370 3245 1616 3285 Toretarum
1648 3240 1803 3295 populo
1826 3238 1985 3292 Τορετὸς
2020 3237 2299 3292 (Τορετικὸςῗ)
2332 3244 2514 3276 vocatur.
2549 3236 2597 3274 In

1371 3307 1476 3347 Ptol.
1515 3313 1608 3360 post
1645 3300 1801 3356 Ἀχαΐαν.
1832 3302 1964 3355 κώμην
2006 3302 2196 3354 sequitur>
2231 3298 2391 3352 Ψυχρὸς
2430 3297 2600 3351 ποταμὸς

1372 3369 1432 3420 (l.
1468 3367 1629 3421 Ψύχρος
1661 3378 1740 3405 sec.
1780 3363 1969 3404 Eustath.
2006 3361 2058 3402 ad
2091 3361 2238 3415 Odyss.
2275 3363 2326 3406 24
2350 3374 2392 3414 p.
2433 3361 2594 3412 1968),

1373 3433 1445 3485 670
1462 3452 1519 3461 -·
1537 3432 1608 3483 470
1627 3426 1707 3477 30’,
1726 3427 1797 3480 qui
1826 3423 2066 3465 referendus
2087 3423 2247 3463 videtur
2265 3422 2317 3462 ad
2333 3420 2433 3461 hod.
2459 3420 2597 3460 Mezib

1372 3492 1537 3534 Pclziat.
1563 3492 1657 3545 11—-
1682 3502 1747 3541 19.
1779 3486 1932 3541 Ἱερὸν
1961 3485 2095 3540 λιμ.]
2118 3485 2272 3526 Plinius
2287 3482 2369 3532 Vl,
2397 3482 2436 3532 5,
2462 3485 2484 3534 §
2511 3496 2558 3534 17
2585 3495 2594 3521 :

1373 3559 1426 3595 In
1441 3569 1513 3594 ora
1536 3561 1670 3592 (zeelem
1682 3552 1812 3604 juxta
1844 3551 2022 3588 Cercetas
2031 3547 2186 3600 flumen
2216 3548 2390 3586 Icarusa
2409 3558 2500 3584 cum
2529 3558 2598 3598 op-

74 3610 169 3665 μετὰ
195 3611 282 3658 τοὺς
302 3611 534 3666 Σιρακηνοῦς
562 3612 754 3662 Ψήσσιοι,
786 3611 871 3653 εἶτα
894 3613 931 3652 οἱ
964 3613 1206 3667 Θαιμεῶται,
1239 3615 1298 3669 ὑφ’
1364 3615 1469 3672 pido
1495 3614 1619 3654 Hiero
1634 3620 1673 3651 et
1684 3609 1871 3664 flumine,
1896 3609 1948 3649 ab
1963 3607 2159 3649 Heracleo
2182 3608 2398 3648 CXXXVI
2416 3608 2479 3647 Μ.
2499 3604 2599 3644 Inde

71 3673 135 3719 Οὓς
157 3672 372 3728 Τυραμὸθῖ,
399 3671 486 3714 Εἶτα
511 3672 799 3728 Ἀσῖῡυρῑκανῡῖ,
826 3673 911 3714 Εἶτα
938 3676 1050 3729 μέχρι
1079 3678 1146 3715 τοῦ·
1176 3677 1298 3731 Κόρα-
1324 3671 1327 3673 Α
1364 3674 1686 3733 promontorium
1717 3676 1878 3721 Crunoe,
1910 3685 1937 3710 a
1964 3685 2043 3727 quo
2060 3669 2321 3726 supercilium
2346 3667 2519 3708 arduum
2543 3675 2597 3704 te-

70 3750 135 3781 κος
154 3734 262 3789 ὄρους
282 3734 430 3789 ’Άριχοι
449 3735 513 3775 καὶ
530 3736 681 3790 Ζιγχοί.
699 3735 853 3776 Plinius
868 3738 943 3785 VI,
964 3752 1004 3790 7,
1031 3751 1078 3790 19
1100 3751 1109 3778 :
1133 3741 1176 3779 A
1197 3739 1299 3779 Cim-

1370 3749 1463 3780 nent
1484 3742 1659 3784 Toretae‚·
1676 3733 1829 3775 civitas
1847 3732 2015 3773 Sindica
2032 3732 2085 3772 ab
2114 3732 2242 3773 Hiero
2271 3731 2442 3771 LXVII
2462 3730 2522 3768 M.
2555 3730 2596 3765 D

69 3796 194 3836 morio
221 3797 409 3837 accolunt
431 3797 598 3847 Maeoti,
621 3797 756 3845 Sel-bi,
796 3799 993 3847 Arrechi,
1021 3799 1163 3851 Zingi.
1186 3802 1299 3855 Ζιχία
1361 3817 1433 3857 p.,·
1454 3802 1609 3854 flumen
1636 3795 1844 3838 Setheries.
1880 3794 2018 3836 Stadia
2054 3796 2131 3836 180
2159 3794 2365 3848 pertinent
2393 3802 2520 3842 usque
2543 3787 2595 3827 ad

69 3859 182 3911 regio
204 3865 346 3899 eorum
377 3868 545 3900 vocatur
568 3874 632 3914 ap.
655 3860 911 3899 Constantin.
940 3861 1142 3916 Porphyr.
1167 3864 1202 3913 Ι,
1227 3867 1295 3914 42,

72 3928 116 3958 ut
150 3934 274 3974 supra
306 3923 328 3972 S
362 3920 409 3960 15
447 3919 637 3960 vidimus.
676 3921 792 3975 Ζυγοὶ
824 3936 889 3980 ap.
915 3922 1104 3963 strabon.
1130 3938 1171 3977 p.
1202 3939 1294 3979 129.

69 3983 167 4034 492.
191 3981 286 4035 495.
323 3984 418 4034 496.
445 3983 523 4035 839
548 3981 626 4038 (ex
646 3997 728 4036 quo
760 3997 832 4023 sua
854 3984 1045 4038 Stephan.
1068 3998 1109 4026 v.
1134 3983 1295 4042 Ζυγοί).

1369 3862 1458 3903 baie
1475 3861 1522 3901 de
1533 3858 1742 3900 Souclclaeuk
1761 3859 1777 3910 ζ
1788 3856 2049 3897 Sowudclzak.
2075 3852 2381 3906 Sougoud-clzak
2398 3851 2429 3905 ).
2447 3851 2595 3890 Portus

1369 3924 1535 3964 nomine
1575 3920 1791 3961 vernaculo
1837 3927 2004 3959 vocatur
2046 3917 2150 3957 Βάτα
2193 3914 2302 3970 apud
2351 3911 2591 3953 Strabonem

1369 3986 1410 4026 d.
1434 3988 1512 4037 496
1531 3997 1540 4023 2
1565 3983 1637 4024 ἀπὸ
1656 3985 1721 4033 τῆς
1739 3982 2032 4036 Κοροκονῧάμης
2046 3979 2135 4034 πρὸς
2149 3979 2199 4018 ἕω
2222 3976 2287 4031 μὲν
2303 3975 2323 4015 ὁ
2338 3974 2456 4021 πλοῦς
2470 3972 2584 4013 ἐστιν·
2601 4023 2605 4030 ’

2503 175 2587 214 393
2660 158 2663 160 ’
