2756 4354
160 237 233 273 CR

162 320 237 368 taei
259 317 427 365 insulis
459 315 662 362 narratio
688 311 931 359 salsissima
958 310 1041 372 (Ἴ,
1069 309 1213 354 Calon
1236 323 1398 365 mons,

160 394 351 442 Asabon
373 402 551 439 montes
586 406 613 437 e
634 390 823 449 regione
854 385 1024 431 montis
1050 383 1398 441 Semiramidis,

164 469 366 532 Apologi
413 466 671 529 emporium
720 475 864 524 prope
907 459 1078 506 Pasinu
1118 459 1396 517 Characem,

160 544 336 590 Omana
354 541 479 588 aliud
509 536 713 584 Persidis
744 533 1030 594 emporium;
1052 541 1148 596 tum
1182 531 1397 579 Parsida-

160 633 262 666 rum
298 617 424 675 regio
446 613 501 658 ad
532 609 657 656 aliud
696 621 886 665 regnum
912 607 926 666 (
947 605 1223 653 Parthorum
1246 616 1359 669 puto
1382 605 1397 669 )

159 694 393 755 pertinens
414 698 460 734 et
490 687 619 732 sinus
643 684 725 744 qui
745 692 986 745 corrupte,
1010 691 1061 728 ut
1082 682 1284 740 videtur,
1316 685 1393 729 utu

160 761 459 828 Τιράῆδων(··)
473 769 680 815 vocatur,
692 758 740 804 in
749 773 897 819 eoque
908 758 1277 819 promontorium
1291 757 1399 819 (Itur

163 841 343 886 Arubaln
367 838 381 898 )
414 847 458 881 et
486 835 618 880 Oraea
648 833 936 895 emporium;
965 842 1070 894 post
1091 832 1188 878 haec
1210 831 1398 893 Scythia

159 915 337 962 Parthis
372 923 478 957 tunc
514 924 681 971 parens
702 923 805 954 cum
840 906 1006 954 Sintho
1030 906 1176 953 fluvio
1202 905 1397 968 ejusque

155 990 212 1036 ad
235 989 401 1035 ostium
427 985 637 1048 emporio
662 982 923 1030 Barbarico.
948 982 1291 1052 Indoscythiam
1315 998 1398 1029 ex-

155 1065 270 1127 cipit
295 1066 323 1119 ἡ
346 1059 527 1118 Ἰνδικὴ,
551 1062 599 1107 in
623 1075 766 1121 eaque
792 1059 993 1122 primum
1017 1059 1204 1121 quidem
1233 1054 1397 1106 Ariace

153 1140 240 1188 sub
285 1138 523 1186 Mambane
563 1153 693 1197 rege,
738 1135 905 1183 deinde
948 1135 1034 1183 sub
1077 1135 1398 1199 Cepi-obothra

155 1218 406 1279 Limyrioe.
428 1227 523 1261 tum
540 1199 733 1273 regnum
757 1212 1027 1261 Pandionis.
1049 1212 1189 1259 Novit
1212 1212 1393 1270 Noster,

153 1304 278 1356 quod
318 1309 413 1339 non
439 1291 628 1337 novisse
659 1289 844 1335 videtur
880 1289 1179 1344 l’tolemaeus,
1208 1304 1348 1335 oram
1370 1305 1396 1335 a

153 1368 400 1430 Barygazis
423 1365 757 1425 meridiemque
775 1378 936 1409 versus
960 1364 1197 1425 exporrigi
1220 1374 1265 1410 et
1286 1364 1395 1410 hinc

151 1446 283 1495 Indis
325 1459 424 1491 eam
458 1453 626 1489 terram
665 1440 758 1486 dici
800 1439 1169 1486 Dachinabadam
1213 1442 1395 1502 (Dekan

149 1523 303 1583 bod.).
323 1520 494 1567 Litoris
520 1520 638 1565 ratio
664 1518 938 1577 singulaque
961 1517 1169 1578 emporia
1184 1526 1395 1564 accurate

153 1598 477 1646 describuntur
490 1610 637 1657 usque
646 1594 703 1640 ad
715 1593 994 1655 Nelcyndam
1008 1610 1020 1650 3
1034 1596 1270 1654 hucusque
1285 1610 1394 1655 pro·

155 1690 337 1735 gressus
384 1683 546 1720 auctor
597 1672 763 1718 sistens
809 1669 1064 1731 paullulum
1113 1669 1391 1730 periegesin‚

152 1751 210 1798 de
230 1753 382 1798 ventis
411 1750 567 1797 etesiis
588 1759 769 1804 monet,
795 1746 969 1808 quibus
988 1746 1096 1792 inde
1122 1745 1181 1791 ab
1204 1746 1390 1809 Hippali

150 1827 439 1890 temporibus
455 1827 505 1873 in
523 1825 722 1887 Scythiae
743 1834 788 1869 et
815 1823 956 1869 lndiae
975 1825 1069 1868 haec
1091 1824 1297 1878 emporia
1312 1838 1393 1869 na·

151 1904 305 1965 rigari
343 1904 499 1950 soleat.
531 1901 763 1948 Ulteriora
803 1899 996 1945 omnino
1031 1898 1182 1943 rarius
1218 1913 1392 1944 merca-

150 1991 274 2027 tores
298 1979 690 2041 srequentaverint
711 1977 845 2038 (¹⁶⁴⁸),
872 1990 1020 2036 neque
1039 1974 1202 2021 Noster
1224 1975 1392 2021 adiisse

149 2055 381 2117 putandus
403 2064 499 2111 est3
535 2069 639 2100 nam
674 2068 777 2113 quae
812 2053 860 2096 in
892 2048 1190 2111 sequentihus
1219 2050 1276 2096 de
1298 2065 1391 2095 orae

148 2133 518 2194 configuratione
552 2132 784 2191 leguntur,
813 2145 838 2173 a
857 2143 970 2174 vero
1001 2138 1091 2173 tam
1109 2127 1245 2186 longe
1264 2140 1392 2172 rece-

146 2209 279 2267 dunt,
305 2219 356 2255 ut
387 2207 615 2264 αὔτοπτικὴ
638 2206 773 2257 πίστις
801 2209 848 2250 in
871 2205 944 2250 his
967 2203 1148 2250 admitti
1175 2212 1387 2264 nequeat.

144 2284 248 2340 Quo
284 2284 459 2331 accedit
494 2283 620 2345 quod
659 2282 981 2329 distantiarum
1019 2296 1245 2327 mensurae
1296 2296 1389 2325 non

145 2361 343 2421 amplius
365 2371 598 2416 notantur,
626 2375 710 2406 nec
733 2360 823 2405 nisi
845 2358 1157 2421 perfunctorie
1176 2357 1389 2416 regiones

144 2436 487 2485 describuntur.
522 2435 660 2482 Recte
699 2435 884 2496 quidem
926 2444 1087 2481 auctor
1120 2434 1146 2493 5
1183 2433 1242 2478 58
1284 2442 1390 2494 post

143 2511 423 2572 Nelcyndam
438 2512 550 2557 litus
574 2511 681 2556 item
699 2525 861 2555 versus
881 2509 1126 2555 meridiem
1148 2507 1387 2569 exporrigi

142 2588 273 2644 dicit,
302 2587 382 2632 sed
407 2602 549 2647 quum
569 2587 666 2631 haec
696 2601 790 2630 orae
814 2585 1009 2630 directio
1034 2584 1220 2629 nonnisi
1242 2598 1386 2643 usque

144 2663 201 2709 ad
227 2663 417 2708 Comori
450 2678 523 2724 pr.
553 2662 669 2725 (cap
693 2663 900 2706 Cantor-in
921 2662 934 2721 )
958 2660 1206 2722 pertineat,
1222 2658 1386 2703 Noster

143 2739 289 2785 multo
311 2739 497 2798 longius
517 2754 615 2783 eam
646 2737 862 2799 producit
887 2751 1033 2796 usque
1063 2735 1119 2780 ad
1154 2734 1383 2780 Poducam

138 2871 285 2912 Deinde
311 2882 402 2909 vero
420 2871 495 2909 liuc
518 2871 607 2909 iacit
621 2871 723 2919 quod
746 2872 909 2909 Soeotra
938 2879 1093 2918 quoque
1122 2868 1256 2906 iusulae
1285 2876 1423 2905 nomen
1445 2864 1612 2905 indicum
1641 2866 1699 2904 est
1723 2865 1737 2914 (
1750 2864 1878 2914 ἄνδρα
1900 2864 2134 2905 suthalan-a
2160 2866 2185 2903 i.
2205 2877 2239 2904 e.
2269 2865 2645 2916 insulasorluuata
2674 2843 2695 2882 ὓ·

53 2939 59 2945 ·
140 2924 476 2973 Quemadmodum
503 2934 549 2963 ex
575 2925 647 2963 lioc
667 2925 818 2962 nomine
834 2926 916 2962 tum
938 2922 1221 2972 Agatliarcliidss
1239 2927 1345 2967 νῆσοι
1375 2921 1598 2967 ιύδαίμονις,
1625 2923 1707 2959 tum
1734 2921 1863 2970 peripli
1892 2921 2160 2970 Ptolemoeique
2182 2922 2442 2971 Διοσκουρίδος
2459 2926 2569 2970 νῆσος
2601 2941 2606 2955 .
2628 2946 2641 2955 ,η
2674 2938 2687 2945 ι-

139 2983 248 3030 vani,
268 2982 322 3021 sic
337 2981 494 3020 tortasse
512 2991 559 3019 ex
592 2980 813 3020 sto-seiron
837 2982 920 3018 tum
940 2981 1018 3029 ιερὰ
1038 2983 1149 3024 νῆσος
1175 2977 1342 3023 Diodori,
1361 2979 1443 3015 tum
1475 2977 1672 3027 Σεραπίδος
1688 2977 1748 3016 vel
1779 2976 1983 3026 Σαραπίδος
2009 2981 2119 3023 νῆσος
2141 2977 2303 3016 aliorum
2333 2977 2566 3018 deducendo
2660 2996 2661 3003 1

141 3038 372 3079 Ptolemaeus
390 3039 460 3085 vt,
484 3039 505 3076 7
530 3036 583 3076 ita
605 3048 616 3075 ε
638 3035 837 3085 Σεραπίόος
854 3039 979 3082 νῆσος,
1000 3034 1074 3082 1νῄ
1094 3034 1201 3083 ἱερόν.
1224 3032 1390 3071 Eandem
1415 3035 1546 3071 notare
1566 3032 1716 3071 videtur
1748 3033 1970 3071 Ammianus
1993 3032 2232 3071 Marcellinus
2248 3034 2387 3080 ΧΧΙΙΙ,
2409 3038 2448 3080 8,
2467 3034 2515 3073 ⁴7
2536 3032 2587 3074 de
2662 3033 2666 3036 ’

142 3094 215 3134 hie
239 3093 372 3133 insulis
393 3102 505 3142 agens
531 3108 540 3131 ε
562 3093 768 3140 lmiqnior
796 3094 930 3130 tamen
953 3090 1050 3129 aliis
1075 3092 1266 3138 Turqmm
1283 3091 1354 3135 est,
1379 3090 1420 3125 iu
1445 3098 1528 3137 qua
1550 3088 1759 3138 serapidis
1775 3092 2007 3127 maximum
2029 3099 2112 3127 esse
2132 3088 2291 3128 dicitur
2310 3090 2530 3139 templum3
2548 3090 2587 3131 in
2668 3093 2686 3110 ³
2747 3086 2749 3088 ’

138 3148 212 3188 bus
241 3150 440 3197 Turoana
469 3149 529 3187 est
548 3147 715 3196 Ὄργανα
735 3146 950 3193 Ptolemaei,
977 3146 1043 3194 qui
1063 3145 1225 3184 insulam
1250 3144 1346 3181 lianc
1365 3155 1386 3181 a
1409 3144 1595 3193 serapidis
1610 3145 1732 3182 insula
1753 3144 1961 3192 distinguit,
1996 3154 2070 3182 non
2092 3144 2221 3192 procul
2242 3147 2366 3182 tamen
2384 3143 2434 3182 ab
2457 3154 2501 3183 ea
2516 3145 2604 3185 col·
2624 3167 2637 3177 ,.
2670 3143 2686 3194 j·

138 3203 332 3250 Quoeritur
349 3213 398 3242 an
426 3212 556 3243 revera
574 3202 662 3241 duae
681 3202 815 3241 insula:
832 3200 1107 3250 distinguendae
1125 3200 1214 3246 sint,
1242 3210 1290 3237 an
1306 3198 1447 3248 duplex
1467 3198 1588 3237 eidem
1612 3211 1749 3238 nomen
1771 3200 1895 3245 suerit.
1910 3210 1958 3238 au
1982 3199 2144 3248 denique
2163 3199 2328 3249 Ὄργανα
2343 3209 2481 3239 nomen
2504 3209 2553 3239 ex
2580 3227 2581 3231 ι
2663 3198 2666 3199 ’

137 3260 243 3299 sinus
261 3258 397 3299 Persici
417 3268 615 3309 perperam
634 3257 711 3297 liuc
735 3257 962 3297 translatum
988 3257 1052 3304 sit,
1077 3258 1120 3295 ut
1143 3266 1231 3295 cum
1250 3255 1332 3294 aliis
1349 3256 1464 3294 statui
1481 3255 1518 3293 in
1545 3258 1623 3294 not.
1649 3256 1695 3293 ad
1722 3255 1866 3295 Arrian.
1890 3267 1927 3304 p.
1943 3260 2030 3301 458,
2055 3255 2119 3293 ubi
2139 3254 2236 3293 adde
2261 3252 2362 3303 apud
2377 3254 2538 3294 Plinium
2558 3257 2623 3306 vt,
2752 3261 2753 3279 ¹

136 3314 159 3363 ς
189 3319 255 3355 153
282 3324 350 3364 pro
371 3314 523 3363 vulgata
544 3329 554 3354 z
585 3316 728 3363 oqyris
750 3312 928 3353 distata
944 3314 1176 3352 concinente
1197 3312 1296 3350 cxx
1328 3311 1416 3359 (vel
1440 3313 1621 3359 CXXV)
1645 3322 1698 3350 m.
1723 3322 1763 3360 p.
1788 3322 1809 3350 e
1829 3310 1939 3349 codd.
1963 3312 2069 3349 Voss.
2103 3310 2301 3359 legendum
2322 3320 2404 3349 esse
2427 3313 2611 3352 CCXX?
2674 3358 2682 3366 ι

139 3371 286 3409 ccxx
307 3371 434 3419 (2000
455 3368 553 3409 stad.
577 3370 607 3418 ).

487 201 533 247 θ
1198 213 1670 265 ΡιιοιεῦοΜΕΝΑ.

1467 309 1799 373 (Ponde'chety)
1828 323 1873 359 et
1905 316 2165 376 Sopatmam
2209 313 2486 375 (Modras),
2530 325 2575 363 et
2595 315 2665 363 h'

1465 388 1650 436 demum
1660 390 1998 451 navigationem
2009 390 2109 454 πρὸς
2118 388 2321 443 ἀνατολὰς
2327 389 2538 437 &novitius
2548 391 2595 454 (§
2606 395 2669 441 σι,

1464 474 1511 510 et
1531 463 1600 511 ihi
1621 465 1805 512 demum
1837 465 2051 527 objacere
2073 465 2186 511 dicit
2207 464 2549 512 Palaesimundu
2568 464 2677 522 insu

1465 541 1570 598 lam,
1585 557 1722 603 quam
1739 558 1950 590 occasum
1970 557 2133 589 versus
2149 556 2295 604 usque
2308 541 2401 589 fere
2412 542 2469 588 ad
2484 542 2641 592 Azani
2669 568 2688 582 ·=

1463 617 1646 665 extendi
1662 619 1895 681 opinatur.
1915 621 1955 665 A
1972 619 2188 680 Sopatma
2201 628 2350 664 autem
2370 629 2522 665 ortum
2541 634 2648 668 vers
2661 641 2681 658 ¹»
2702 666 2703 670 ,

1464 694 1673 754 navigari
1691 696 1755 741 ait
1771 694 1907 757 juxta
1929 695 2161 742 Masaliam
2188 705 2233 740 et
2267 698 2528 742 Desarenen
2551 711 2704 758 regio-

1463 783 1559 827 nes,
1583 768 1691 815 inde
1712 785 1874 817 versus
1906 770 2097 817 boream
2117 770 2251 831 juxta
2286 780 2443 829 gentes
2475 769 2708 829 barbaras

1465 844 1607 905 (quas
1626 844 1685 891 ab
1705 846 1883 892 oriente
1897 846 2071 907 Gangis
2086 846 2133 892 fl.
2156 847 2429 893 Ptolemaeus
2447 846 2644 895 collocat
2663 846 2706 910 ),
2736 900 2738 903 v

1462 928 1557 965 tum
1577 922 1742 966 iterum
1765 931 1917 967 ortum
1938 936 2101 967 versus
2126 921 2183 967 ad
2206 920 2411 982 Gangem
2435 921 2630 968 fluvium
2657 930 2705 970 et

1463 995 1723 1056 emporium
1740 1027 1755 1051 ,
1783 1010 1811 1041 a
1832 1010 1926 1057 quo
1941 995 2152 1057 sequitur
2171 994 2371 1057 Chryse,
2395 998 2423 1052 ἡ
2445 995 2604 1058 ἐσχάτη
2627 997 2703 1053 τῆς

1462 1069 1666 1125 ἀνατολῆς
1682 1068 1872 1131 ἤπιιρος,
1897 1070 2033 1131 eique
2064 1070 2116 1115 in
2147 1070 2238 1115 alto
2262 1069 2443 1131 objecta
2458 1072 2609 1118 insula
2630 1087 2704 1118 co-

1462 1146 1711 1205 gnominis.
1747 1146 1860 1192 Post
1895 1145 1993 1192 baec
2039 1161 2123 1192 ora
2160 1161 2321 1192 versus
2369 1148 2701 1209 septentriones

1462 1221 1605 1267 tendit
1615 1236 1761 1283 usque
1779 1221 1836 1267 ad
1855 1220 2111 1267 Thinai-um
2137 1221 2287 1267 locum
2305 1221 2531 1280 quendam
2545 1258 2558 1283 ‚
2578 1223 2701 1271 inde

1461 1312 1552 1358 que
1569 1312 1779 1343 occasum
1797 1311 1958 1343 versus
1988 1296 2186 1342 refluens
2215 1310 2414 1343 oceanus
2434 1312 2537 1343 cum
2561 1296 2699 1345 Μωσ-

1462 1371 1556 1419 tide
1578 1372 1744 1434 palude
1766 1387 1908 1433 aquas
1932 1373 2125 1418 miscere
2143 1368 2427 1433 perliib'etur.

1526 1447 1618 1493 Has
1641 1448 1786 1506 igitur
1815 1462 1924 1493 oras
1945 1446 2110 1493 Noster
2131 1446 2353 1493 describit
2373 1457 2418 1493 et
2437 1447 2553 1494 banc
2568 1449 2698 1509 quasi

1462 1533 1689 1569 terrarum
1710 1524 1902 1583 figuram
1923 1524 2105 1585 periplo
2133 1539 2217 1569 suo
2236 1522 2450 1572 delineat.
2467 1524 2578 1579 Quae
2601 1524 2701 1587 ipse

1460 1599 1608 1656 vidit,
1642 1616 1778 1646 nemo
1799 1600 1919 1646 alius
1938 1601 2131 1662 exponit
2158 1600 2444 1658 accuratius,
2472 1602 2519 1647 in
2538 1601 2701 1649 ceteris

1460 1675 1583 1721 inter
1607 1676 1751 1721 multa
1773 1675 1959 1735 egregia
1990 1675 2159 1736 partim
2183 1675 2499 1736 antiquiorum
2518 1690 2705 1735 geogra-

1458 1751 1656 1813 phorum
1681 1752 1927 1813 opiniones
1951 1752 2143 1813 repetit,
2173 1752 2343 1813 partim
2365 1766 2545 1798 errores
2564 1750 2702 1803 habet

1458 1827 1688 1889 proprios.
2719 1835 2725 1875 j

1526 1902 1628 1958 175.
1663 1901 1765 1947 Jam
1785 1901 2025 1946 videamus
2048 1900 2281 1961 quomodo
2298 1911 2436 1947 nauta
2460 1910 2505 1947 et
2528 1916 2706 1965 merca,-¹

1457 1987 1529 2022 tor
1554 1977 1739 2036 negotio
1762 1992 1846 2022 suo
1872 1976 2100 2035 fungatur.
2131 1975 2190 2021 Ut
2206 1992 2232 2021 a
2251 1976 2448 2022 nauticis
2466 1975 2682 2027 exordiar
2695 1971 2701 2022 ζ’

1456 2051 1702 2111 diligenter
1726 2061 1884 2097 auctor
1896 2061 2038 2106 notat,
2059 2068 2249 2110 quonam
2269 2067 2416 2097 mense
2429 2066 2487 2098 ex
2502 2037 2721 2117 AEgypm:
2735 2060 2743 2093 t

1457 2130 1506 2175 in
1530 2139 1654 2175 certa
1683 2129 1839 2190 aliqua
1858 2128 2065 2190 emporia
2087 2126 2285 2190 εὐκαίρως
2310 2127 2714 2191 proficiscendum!
2734 2133 2743 2155 ²

1456 2205 1533 2262 sit,
1557 2204 1736 2250 ratione
1755 2203 1913 2250 habita
1928 2213 2193 2259 ventorum,
2208 2203 2352 2265 quijn
2375 2205 2480 2249 sinu
2497 2201 2666 2251 Arabi
2720 2192 2721 2195 Ἰ

1455 2290 1501 2325 et
1530 2278 1713 2326 Oceano
1731 2279 1861 2325 statis
1877 2277 1987 2324 anni
2011 2278 2355 2340 tempestatibus
2378 2286 2583 2338 regnant.
2603 2266 2710 2325 Ub·‘

1455 2355 1512 2400 de
1541 2355 1838 2414 navigatione
1867 2353 2059 2415 hippalo
2078 2363 2215 2399 vento
2249 2352 2532 2399 instituenda
2552 2350 2710 2401 verbo

1457 2429 1589 2485 facit,
1623 2429 1726 2474 loca
1764 2428 1938 2474 indicat
1972 2427 2095 2473 unde
2128 2428 2309 2473 solvere
2332 2437 2482 2474 nautae
2502 2427 2707 2483 soleant,

1454 2516 1498 2551 et
1528 2505 1715 2565 quinam
1757 2489 1817 2550 si't
1860 2505 2041 2550 itineris
2082 2504 2246 2550 modus
2261 2537 2274 2561 ,
2309 2513 2450 2566 prout
2485 2504 2591 2566 quis
2620 2517 2709 2550 ami

1454 2580 1796 2641 lndoscytliiam
1822 2590 1900 2625 aut
1933 2580 2162 2640 Barygaza
2183 2586 2229 2626 et
2262 2579 2539 2640 Limyricam
2584 2602 2619 2619 ·⁴

1456 2657 1498 2716 (S
1523 2654 1619 2718 57).
1642 2656 1801 2716 Neque
1818 2655 2010 2715 negligit
2030 2661 2160 2712 signa
2179 2654 2391 2711 τοπικὰ,
2413 2670 2516 2716 quae
2536 2656 2585 2701 in
2601 2656 2681 2703 alt

1452 2731 1779 2791 navigantibus
1819 2731 2030 2777 nuntient
2065 2741 2232 2776 terram
2270 2732 2604 2795 propinquam,
2663 2774 2695 2800 ,.

2671 2904 2693 2938 ἲ

186 3425 238 3472 (Ἴ
260 3426 401 3465 cataeu
420 3426 567 3465 insula
587 3424 696 3464 Plinii
720 3426 788 3473 Vl,
805 3430 850 3464 ³2
873 3424 896 3474 ς
931 3428 998 3463 ¹50
1014 3423 1107 3463 niliil
1124 3423 1199 3462 ltuc
1222 3424 1405 3473 pertinere
1425 3422 1503 3461 dixi
1522 3422 1559 3460 in
1580 3423 1659 3460 not.
1682 3431 1718 3469 p.
1745 3424 1830 3460 284.
1856 3419 1960 3459 Adde
1977 3419 2067 3458 illud
2087 3421 2242 3464 Calaeu,
2262 3420 2362 3469 quod
2383 3420 2567 3464 editiones
2582 3433 2606 3465 e
2644 3443 2648 3454 ι
2671 3427 2679 3441 ·²
2754 3420 2756 3430 ¹

137 3478 242 3527 bent,
259 3491 280 3518 a
295 3481 488 3519 itarduino
505 3492 527 3519 e
542 3481 685 3530 periplo
706 3482 835 3519 nostro
853 3480 890 3518 in
912 3480 1073 3519 Plinium
1094 3482 1236 3520 temere
1251 3479 1398 3518 illatum
1420 3487 1514 3517 oese.
1531 3476 1692 3517 Codices
1712 3476 1881 3525 praebent
1899 3505 1908 3514 .
1929 3475 2041 3514 aneu
2060 3477 2097 3514 et
2117 3476 2247 3515 Aliaeu
2280 3478 2329 3514 V.
2355 3478 2520 3528 Prolegg.
2539 3479 2578 3519 in

31 3528 62 3547 “”
136 3534 324 3574 tharcliid.
350 3548 387 3585 p.
407 3547 523 3575 narn.

186 3590 259 3640 (⁴¹⁹)
280 3592 384 3630 Fort.
422 3591 563 3630 suflicit
582 3602 696 3630 manu
717 3591 909 3630 lenissima
931 3591 1116 3640 corrigere
1137 3590 1365 3641 Τεραδαίων.
1388 3590 1439 3630 ut
1459 3587 1697 3629 Marceliinus
1727 3598 1795 3636 pro
1817 3587 1987 3637 Ὄργανα
2018 3586 2131 3626 liabet
2151 3590 2362 3636 Tarauna,
2381 3597 2427 3627 ac
2445 3591 2607 3639 Geogra
2641 3616 2644 3621 ι

133 3646 230 3688 lisv-
250 3646 408 3685 undem
434 3647 627 3685 Gedrosiae
654 3649 803 3693 gentem
828 3648 866 3685 et
896 3649 1055 3685 Ternas
1074 3648 1110 3685 et
1136 3649 1275 3685 Oritas
1290 3645 1416 3685 dicere
1433 3644 1583 3684 videtur
1600 3655 1608 3680 z
1624 3644 1678 3682 sic
1701 3645 1836 3683 Noster
1860 3646 1889 3682 Τ
1893 3643 2084 3693 εραὸαίους
2105 3644 2230 3683 dicere
2256 3645 2381 3693 potuit
2396 3655 2462 3695 pro
2479 3645 2598 3697 Ἆραιι
2634 3668 2639 3675 ι
2666 3643 2667 3646 ’

134 3701 233 3742 adeo
257 3705 301 3741 ut
329 3702 518 3752 Ἀραόαῖοι
549 3702 625 3740 sint
658 3702 840 3751 Ἁραδῐται
874 3701 1079 3741 Ptolemmi.
1112 3705 1166 3741 De
1194 3703 1324 3741 formis
1350 3703 1547 3754 Ἁραδῖται.
1583 3701 1754 3750 Ἁρδῑται,
1778 3701 1958 3751 Ὀρδῖται,
1988 3702 2148 3751 Ὠρεῖται
2176 3704 2305 3742 monui
2326 3704 2363 3742 in
2397 3707 2476 3742 not.
2512 3702 2559 3741 ad
2583 3706 2612 3743 Α
2666 3715 2671 3722 ’

133 3766 315 3799 anum—
333 3758 444 3798 om
455 3757 668 3807 emporium
688 3756 933 3807 probabiliter
948 3761 1004 3795 est
1019 3758 1137 3806 ’Λρὸις
1163 3758 1355 3798 Ptolemaei
1371 3759 1419 3797 ad
1444 3756 1583 3797 Arabin
1608 3756 1779 3798 nuvium.
1798 3760 1837 3795 et
1853 3768 1940 3806 qum
1964 3757 2012 3795 ab
2041 3757 2210 3807 emporio
2225 3761 2367 3809 septem
2386 3757 2531 3797 diemm
2555 3758 2612 3798 iti
2633 3786 2638 3790 -
2664 3758 2701 3773 ’”

137 3812 278 3854 distare
294 3811 434 3852 dicitur
453 3812 688 3862 metropolis,
715 3813 826 3861 cujus
838 3822 973 3851 nomeu
993 3812 1030 3850 in
1049 3813 1178 3852 codice
1204 3814 1335 3863 peripli
1361 3813 1515 3860 excidit,
1542 3811 1642 3850 liaud
1670 3811 1783 3851 dubie
1802 3817 1859 3851 est
1892 3813 2041 3862 ΙΙάρσις,
2065 3814 2266 3863 Γεδρωσίας
2290 3814 2523 3864 μητρόπολις,
2539 3823 2637 3863 quw
2660 3810 2677 3819 ”
2741 3832 2742 3835 =

135 3869 346 3910 Ptolemaeo
369 3868 491 3908 tribus
511 3867 691 3919 gradibus
715 3869 754 3906 et
774 3867 933 3906 dimidio
952 3868 1001 3905 ab
1026 3869 1124 3907 ostio
1151 3868 1282 3907 Arabis
1307 3869 1412 3907 tluvii
1430 3868 1557 3907 distat.
1589 3890 1634 3900 -
1663 3869 1890 3907 Ptolemaeus
1922 3870 2020 3907 enini
2060 3881 2181 3919 quum
2215 3870 2263 3908 ad
2293 3869 2415 3909 Nostri
2440 3879 2590 3918 geogra·
2625 3890 2627 3898 ν
2657 3910 2662 3914 ,

135 3923 309 3964 orexim
336 3922 518 3964 accedere
549 3923 690 3970 soleat,
723 3933 771 3961 ex
806 3922 878 3961 iioc
910 3922 1053 3961 incerta
1089 3924 1224 3972 Peripii
1257 3924 1378 3963 multo
1406 3924 1528 3962 tutius
1555 3923 1801 3973 explicaveris
1826 3935 1942 3973 quam
1963 3935 2008 3963 ex
2043 3925 2291 3975 scriptoribus
2322 3935 2448 3963 rerum
2482 3926 2587 3964 Alex
2611 3942 2614 3957 ·
2634 3941 2651 3955 ··

135 3982 275 4029 Magni.

191 4036 281 4083 (⁴¹¹7
302 4036 362 4074 (ΞΓ.
385 4034 521 4075 Strabo
538 4044 576 4085 p.
597 4037 671 4074 686
690 4048 701 4073 =
724 4034 797 4073 Καὶ
817 4036 852 4073 ol
867 4037 930 4073 νῦν
947 4035 985 4072 ἃ
1001 4034 1037 4078 ἐξ
1058 4034 1244 4082 Ais-‘mres
1259 4035 1424 4078 πὶὲοντες
1442 4034 1632 4083 inuocem}
1647 4039 1700 4084 τῷ
1719 4036 1839 4085 Νείλῳ
1855 4036 1917 4074 καὶ
1936 4039 1990 4085 τῷ
2011 4035 2165 4085 ’Λραῦίῳ
2181 4036 2309 4086 κόλπῳ
2324 4036 2428 4085 μέχρι
2447 4039 2511 4082 τῆς
2529 4034 2615 4075 Ἰνδι
2667 4019 2669 4023 ⁴

138 4090 286 4130 σπάνιοι
303 4091 368 4140 μὲν
386 4089 694 4141 neptunium
714 4089 820 4139 ⁹⁶79
844 4093 905 4129 τοῦ
923 4089 1068 4139 Γάγγου
1088 4090 1150 4128 καὶ
1177 4088 1277 4128 οὗτοι
1290 4090 1332 4148 ’δ’
1355 4090 1498 4128 ἰδιῶται
1513 4091 1575 4128 καὶ
1595 4090 1697 4129 οὐδὲν
1726 4092 1813 4141 πρὸς
1826 4091 1990 4141 ἱστορίαν
2007 4094 2081 4130 τῶν
2096 4090 2220 4130 τόπων
2236 4093 2424 4141 χρήσιμοι.
