2808 4342
931 122 1316 170 STADIASMUS
1351 122 1543 169 MARIS
1578 122 1790 170 MAGNI.

254 239 449 274 ΑΟΙΠΟΝ
482 232 868 290 [ΠΕΝΤΑΠΟΛΙΣ]
902 242 1152 278 ΚΥΡΗΝΗΣ.

16 386 19 392 ,
150 355 208 387 53.
238 338 340 385 Ἀπὸ
373 334 696 392 Ἀπολλωνιάδος
732 343 786 392 εἷς
825 343 1046 388 Φυκοῧντα
1085 343 1242 389 στάδιοι
1271 345 1319 407 ρ’·

84 406 230 465 κώμην
243 406 342 468 ἔχει·
364 406 544 469 ὃρμίζοιο
562 407 610 452 ἂν
627 411 696 454 ὑπ’
714 409 834 459 αὐτὸν
853 412 937 463 τοῖς
956 413 1026 475 ἀφ’
1042 412 1215 475 ἑσπέρας
1227 413 1317 459 ἀνέ-

88 494 192 536 μοις·
214 474 337 538 ὅρμος
359 476 443 522 ἐστὶ
464 477 632 539 θερινός·
656 478 743 540 ἔχει
761 477 887 540 ὕδωρ.

146 561 202 593 54.
242 545 340 591 Ἀπὸ
366 547 602 599 Φυκοῦντος
624 549 680 599 εἷς
704 549 894 595 Ναυσίδα
919 548 1074 596 στάδιοι
1096 549 1170 613 ρζ·
1193 550 1315 611 κώμη

33 626 62 654 Ξ)
83 615 207 660 ἐστίν·
224 614 310 676 ἔχει
330 615 438 679 ὕδωρ
456 619 495 662 ἐν
515 620 572 679 τῷ
597 619 791 680 αἰγιαλῷ.

144 701 201 730 55.
238 685 337 730 Ἀπὸ
362 686 567 737 Ναυσίδος
594 687 650 737 εἷς
674 684 944 746 Πτολεμαΐδα
966 688 1122 733 στάδιοι
1147 688 1221 734 σν’·
1242 687 1315 734 πό-

2533 141 2622 177 447

1519 248 1759 290 SEQurrun
1793 234 2163 297 [PENTAPOLIS]
2199 251 2495 285 cYRENAICA.

1449 349 1516 390 53.
1542 349 1607 390 Ab
1626 349 1896 404 Apolloniade
1917 350 1969 391 ad
1988 351 2241 407 Phycuntem
2262 352 2392 394 stadia
2414 357 2493 395 160
2509 354 2622 409 (ρξ’);

1389 416 1526 457 vicum
1542 416 1687 467 habet;
1705 417 1782 458 sub
1806 432 1901 458 eum
1922 419 2122 474 appellere
2137 419 2230 461 licet
2257 421 2388 462 ventis
2410 421 2461 462 ab
2478 437 2624 464 occasu

1388 485 1606 536 flantibus;
1630 487 1751 528 statio
1765 495 1826 528 est
1844 488 2002 538 aestiva,
2026 488 2230 544 habetque
2253 504 2417 544 aquam.

1447 555 1513 602 54.
1547 556 1580 595 A
1605 554 1818 609 Phycunte
1832 554 1885 596 ad
1904 556 2086 610 Ausigda
2107 555 2340 613 (Αὖσίγδα)
2363 557 2493 599 stadia
2521 573 2597 613 190
2609 575 2620 610 ;

1389 622 1503 661 vicus
1531 629 1616 671 est;
1635 636 1783 676 aquam
1799 623 1924 664 habet
1938 624 1981 663 in
2002 623 2136 666 litore.

1445 690 1511 730 55.
1545 690 1611 731 Ab
1635 690 1826 745 Ausigdis
1847 690 2107 748 (Αὗσίγδων)
2140 693 2193 734 ad
2220 694 2513 736 Ptolemaidem
2546 705 2622 737 sta-

12 794 23 856 ξἱ
82 819 395 859 Catabathmum
424 823 504 860 216
526 834 581 859 m.
600 834 645 879 p.
667 819 680 875 (
703 824 807 874 1728
838 822 962 873 stad.;
990 838 1071 863 sec.
1097 823 1310 865 Stadiasm.

83 893 188 933 1710
206 883 250 933 ):
275 880 378 922 adeo
400 889 448 921 ut
475 881 631 922 Plinius
658 881 806 923 habeat
827 883 931 925 stad.
955 886 1084 935 2430,
1113 885 1183 926 ubi
1205 886 1317 941 apud

14 964 21 1001 ,ζ
77 941 278 982 Nostrum
317 950 414 983 sunt
438 943 570 984 stadia
597 943 721 984 2360.
755 946 947 986 Ceterum
980 947 1093 1001 quod
1123 946 1175 988 de
1193 957 1319 1003 portu

415 1135 734 1171 STADIASMUS.
1067 1136 1262 1172 PLINIUS
1270 1163 1278 1171 .

117 1391 424 1430 52.Ἀπολλωνία.
462 1420 471 1428 .
511 1420 518 1429 .
563 1420 571 1429 .
603 1422 612 1430 .

116 1451 176 1484 53.
194 1450 340 1491 Φυκοῦς
363 1448 431 1495 ἆκρ
436 1475 609 1485 .....

116 1560 176 1595 54.
190 1557 357 1606 Αὐσίγδα
373 1558 496 1607 κώμη.
521 1586 531 1595 .
562 1586 572 1595 .
594 1538 608 1594 Ι.

116 1672 173 1706 55.
187 1668 391 1716 Πτολεμαῒς
396 1695 609 1707 ......

187 1723 284 1767 Ἶλος
299 1728 421 1769 νῆσος.

75 1812 78 1818 ,
116 1784 175 1817 56.
189 1780 368 1829 Τεύχειρα
384 1782 406 1825 ἢ
428 1780 608 1829 Ἀρσινόη.
692 1787 747 1818 ον’

116 1895 175 1930 57.
190 1891 351 1940 Βερνικίς
355 1917 604 1931 .......
693 1895 745 1930 ‘tv'

185 1969 303 2018 Ὁμοῦ
308 1997 608 2009 ........
657 1968 744 2018 Ιοιρν’
760 1958 765 2049 Ι
781 1974 870 2018 ,αρν’

127 2137 240 2186 553.
279 2134 565 2189 Φυκοῦντα]
589 2135 849 2175 Φοινικοῦντα
878 2142 919 2174 et
952 2137 974 2187 §
1007 2134 1056 2175 53
1084 2133 1157 2176 ἀπὸ
1178 2135 1314 2175 Φοινι-

18 2187 22 2195 ⁴
69 2200 228 2245 κοῦντος
251 2196 397 2238 codex.
432 2196 691 2252 Phycuntem
714 2196 873 2238 dictum
897 2211 984 2237 esse
1006 2197 1128 2237 etiam
1152 2197 1317 2238 Phoeni-

64 2268 235 2300 cuntem
269 2259 332 2299 vel
376 2258 428 2299 de
457 2258 724 2299 Phoenicibus
754 2258 936 2315 (Pacho
962 2273 1006 2314 p.
1038 2260 1145 2313 169)
1179 2259 1241 2300 vel
1263 2259 1315 2301 de

68 2321 248 2377 palmeto
285 2321 459 2374 (Barth.
490 2335 534 2376 p.
559 2321 682 2377 =488)
718 2320 909 2361 nonnulli
942 2329 1194 2362 censuerunt
1204 2337 1215 2372 ;
1239 2337 1315 2363 nos

17 2433 20 2436 y
70 2399 155 2425 non
182 2384 422 2425 dubitamus
453 2385 558 2439 quin
587 2384 819 2434 Φοινικοῦς,
845 2397 1000 2423 nomen
1030 2383 1311 2436 tritissimum,

70 2446 335 2488 librariorum
371 2460 512 2487 errore
546 2446 832 2487 introductum
854 2446 921 2486 sit.
949 2445 966 2499 ΙΙ
1003 2469 1061 2476 -
1083 2447 1216 2487 σταδ.
1244 2446 1311 2503 ρ’]

19 2526 23 2530 ’
71 2511 171 2564 Leg.
198 2509 362 2550 videtur
382 2508 451 2563 ρξ’.
475 2509 622 2550 Strabo
641 2524 684 2565 p.
719 2510 800 2563 837
822 2508 949 2549 habet
967 2508 1098 2562 stadia
1117 2523 1209 2564 170,
1235 2510 1316 2551 Pli-

17 2581 38 2593 ·'
71 2572 163 2612 nius
185 2573 240 2622 V,
268 2571 289 2611 5
308 2572 446 2611 minus
462 2579 655 2611 accurate
685 2574 738 2619 24
768 2570 870 2611 mill.
891 2585 999 2626 pass
1022 2569 1036 2627 (
1056 2585 1134 2626 192
1152 2572 1257 2613 stad.
1279 2573 1312 2629 ).

70 2635 108 2675 A
125 2634 298 2674 Taenaro
317 2647 399 2674 sec.
420 2632 529 2674 Plin.
558 2641 600 2673 et
623 2633 760 2674 Strab.
777 2633 940 2688 Phycus
955 2632 1081 2674 distat
1106 2633 1187 2676 350
1211 2636 1312 2677 mill.

70 2696 154 2736 sive
176 2699 286 2739 2800
319 2695 451 2738 stadia
466 2727 477 2746 ‚
502 2710 526 2737 a
553 2697 675 2737 Creta
699 2711 782 2747 sec..
816 2696 924 2737 Plin.
950 2695 1029 2736 225
1051 2697 1193 2738 millia.
1221 2698 1236 2752 ΙΙ
1259 2723 1316 2730 —

7 2809 8 2814 ¹
71 2758 270 2814 ὁρμίζοι
289 2774 310 2798 0
326 2761 377 2801 ἂν
401 2759 502 2801 κτλ.
525 2760 540 2813 ]
562 2759 794 2814 ὁρμίζουσαν
815 2758 892 2801 ὓπὰ
909 2774 932 2800 τ
949 2760 1032 2807 τοῖς
1055 2758 1117 2815 ἀφ’
1141 2758 1314 2815 ἑσπερίου

7 2829 8 2832 ’
72 2820 241 2878 ἀνέμοις·
267 2823 386 2878 ὅρμος
405 2822 486 2864 ἐστὶ
504 2822 648 2878 θερινὸς
663 2822 728 2863 καὶ
754 2821 855 2878 ὕδωρ
875 2821 1022 2863 codex.
1046 2846 1104 2853 —-
1122 2823 1314 2865 Ceterum

70 2885 208 2925 nescio
227 2899 280 2926 an
292 2887 400 2926 inter
415 2886 663 2926 recentiores
678 2885 937 2940 Phycuntem
959 2899 1024 2940 pr.
1050 2884 1065 2941 (
1084 2888 1316 2941 Cap‘Rasat

70 2947 133 2987 vel
160 2949 280 3002 Sem)
299 2948 528 2989 accuratius
564 2947 711 3002 aliquis
746 2946 1023 3003 descripserit.
1056 2949 1120 2988 Ex
1147 2956 1244 2989 vett.
1271 2964 1310 2991 v.

67 3009 214 3065 Scylax
230 3013 252 3064 §
270 3011 338 3061 83,
357 3010 504 3051 Strabo
519 3010 547 3050 l.
566 3009 594 3050 l.
614 3023 623 3050 :
639 3010 791 3058 Φυκοῦς
807 3009 904 3064 ἄκρα
920 3007 1078 3061 ταπεινὴ
1096 3009 1179 3065 μὲν,
1202 3011 1313 3051 πλεῖ-

70 3087 162 3113 στον
192 3073 226 3112 δ’
258 3073 455 3128 ἓκκειμένη
496 3072 588 3128 πρὸς
611 3072 750 3127 ἄρκτον
775 3071 878 3127 παρὰ
903 3070 973 3123 τὴν
994 3072 1120 3125 ἄλλην
1146 3072 1312 3126 Λιδυκὴν

14 3131 16 3134 ’
68 3134 311 3190 παραλίαν...
336 3135 419 3176 ἔστι
440 3135 480 3176 δὲ
513 3136 578 3176 καὶ
606 3135 811 3190 πολίχνιον
842 3135 1018 3190 (χωρίον
1042 3135 1148 3176 Ptol.
1170 3137 1187 3190 )
1207 3135 1313 3192 δμώ-

71 3210 190 3251 νυμον
223 3200 273 3253 τῇ
310 3197 422 3253 ἄκρᾳ.
455 3198 598 3252 Steph.
634 3200 733 3253 Byz.
770 3211 780 3238 ε
805 3191 958 3245 ‘spu-meg
972 3229 982 3248 ‚
1011 3197 1123 3245 πόλις
1146 3198 1286 3252 Ansam
1300 3214 1310 3223 ·

71 3259 193 3299 κεῖται
212 3259 254 3300 δὲ
279 3260 300 3300 ὁ
322 3260 474 3307 Φυκοῦς
494 3259 592 3300 κατὰ
622 3261 667 3301 τὸ
696 3261 885 3316 Ταίναρον
908 3262 975 3312 τῆς
993 3259 1308 3313 Πελοποννήσου.

77 3322 98 3362 ὅ
118 3321 279 3374 πολίτης
304 3321 539 3371 Φυκοὺσιος,
572 3321 699 3373 ἐπειδὴ
726 3323 791 3363 καὶ
818 3322 1015 3362 Φυκουσία
1028 3322 1164 3378 λίμνη.
1190 3313 1313 3367 Plura

79 3399 117 3425 v.
139 3399 205 3440 ap.
227 3385 443 3440 Synesium
467 3386 546 3440 Ep.
571 3384 637 3425 51.
660 3399 752 3426 100.
775 3386 867 3426 113.
891 3398 985 3438 129,
1010 3386 1160 3432 citante
1174 3387 1311 3428 Pacho

69 3461 113 3502 p.
139 3451 216 3501 169
235 3455 276 3488 et
296 3448 466 3488 Barthio
491 3462 535 3503 p.
559 3450 639 3501 494
662 3456 750 3488 not.
778 3448 870 3489 138.
895 3449 957 3488 De
975 3447 1106 3489 hortis
1122 3451 1312 3505 Hesperi-

69 3509 189 3560 dum,
211 3524 315 3564 quos
330 3509 383 3551 ad
393 3511 653 3565 Phycuntem
665 3509 788 3550 fuisse
803 3508 947 3564 Scylax
962 3508 1114 3551 dixisse
1129 3511 1307 3564 videtur,

69 3571 127 3613 cf.
146 3581 235 3613 not.
251 3586 295 3628 p.
318 3572 415 3622 450.

127 3638 149 3689 S
164 3640 232 3678 54.
243 3636 312 3677 Να
323 3651 344 3675 υ
357 3652 379 3677 σ
390 3636 428 3676 ίδ
442 3637 495 3691 α]
511 3636 650 3677 Fuerit
662 3634 804 3675 Αὖσίδα
820 3634 883 3675 vel
893 3633 1078 3689 Αὒσίγδα.
1094 3637 1274 3677 Literam
1289 3652 1307 3678 ν

70 3710 285 3753 perperam
304 3698 544 3739 nominibus
559 3697 766 3752 praefixam
774 3696 862 3752 jam
884 3696 1064 3738 vidimus
1088 3699 1173 3750 §23
1194 3698 1207 3754 (
1225 3699 1310 3739 ναύ-

72 3774 150 3807 τιος
167 3774 244 3815 pro
261 3760 396 3814 ἄπιος)
411 3769 452 3800 et
467 3763 489 3813 S
509 3762 559 3808 45
580 3761 799 3814 (ναζάριδος
812 3774 889 3815 pro
908 3758 1115 3814 ἀζάριδος).
1139 3760 1308 3817 Αὔσίγδα

73 3832 242 3864 vocatur
263 3838 329 3878 ap.
364 3822 472 3864 Ptol.
497 3831 538 3863 et
560 3822 701 3876 Steph.
721 3824 819 3877 Byz.
858 3834 868 3862 :
909 3821 1078 3877 Αὖσίγδα
1108 3823 1307 3879 (Αὔσιγδα

72 3899 161 3925 var.
198 3884 336 3938 lect.)‚
369 3884 480 3932 πόλις
499 3884 659 3937 Αιὸὗης,
697 3883 918 3938 οὐδετέρως,
953 3884 1004 3931 ὡς
1037 3883 1303 3940 Καλλίμαχος.

30 3988 37 4011 ζ
77 3945 282 3994 Ἑκαταῖος
303 3946 343 3987 δὲ
367 3948 483 3999 νῆσον
507 3944 612 3987 οἶδε·
637 3945 680 3987 τὸ
712 3945 859 3987 ἐθνικὸν
879 3944 1081 4001 Λῦσιγὸοι·
1110 3947 1210 3988 οὕτω
1232 3948 1307 4005 γὰρ

1387 825 1614 879 Apolloniae
1636 840 1687 866 ne
1703 826 1829 866 verbo
1857 827 2024 881 quidem
2048 838 2279 880 moneatur,
2307 832 2537 886 excerptori
2560 832 2622 872 vel

1387 886 1555 927 librario
1586 887 1794 928 festinanti
1814 889 2105 944 imputandum
2135 890 2272 932 fuerit.
2297 894 2346 933 In
2369 895 2554 948 sequenti
2575 895 2623 935 ti-

1388 949 1475 991 tulo
1493 959 1587 991 anto
1611 950 1783 1005 Κυρήνης
1798 951 1950 993 inserui
1973 953 2227 1001 Πεντάπολις.

1404 1138 1600 1175 STRABO.
1992 1141 2311 1180 PTOLEMAEUS.
2333 1139 2336 1143 ’

2296 1329 2382 1363 Long.
2475 1331 2511 1357 La
2518 1336 2536 1360 t.

2274 1400 2409 1437 50040'
2434 1402 2583 1440 ‚31⁰40·
2610 1392 2612 1425 ἲ

2273 1456 2338 1492 500
2446 1457 2583 1494 31050‘

2271 1511 2410 1550 49030'
2446 1513 2582 1550 31040'
2610 1560 2611 1564 Ἰ

2271 1567 2409 1605 49030.
2447 1568 2581 1606 31030'
2610 1582 2611 1606 3

2270 1622 2335 1658 480
2351 1624 2408 1659 40’
2445 1625 2511 1660 31⁰
2525 1629 2581 1662 50¹
2609 1630 2611 1655 ;

2271 1677 2408 1715 49005'
2445 1680 2581 1718 31010'
2608 1680 2611 1716 ΐ

1725 1396 1961 1435 Ἀπολλωνία.
1999 1424 2008 1432 .
2040 1425 2049 1434 .
2081 1425 2090 1433 .
2129 1426 2138 1435 .
2178 1426 2186 1435 .
2224 1427 2233 1435 .

1723 1455 1867 1496 Φυκοῦς
1888 1453 1970 1501 ἀκρ.
1988 1466 2023 1490 κ.
2043 1454 2190 1503 χωρίον.
2221 1482 2230 1491 .

1722 1509 1922 1558 Ἀπτούχου
1945 1508 2054 1557 ἱερόν.
2093 1537 2104 1546 .
2141 1538 2151 1548 .
2180 1539 2190 1548 .
2220 1537 2231 1548 .

1722 1566 1890 1611 Λύσίγδα
1893 1592 2229 1604 .........

1723 1621 1874 1669 Μύρμηξ
1896 1624 2018 1666 νῆσος.
2057 1648 2229 1659 .....

1724 1675 1927 1724 Πτολεμαῒς
1934 1702 2229 1715 ........

1463 1452 1530 1487 170
1550 1454 1637 1489 stad.

2271 1788 2335 1824 480
2351 1791 2408 1827 40’

2270 1844 2335 1880 480
2356 1846 2408 1881 15’

2446 1790 2510 1826 31⁰
2525 1795 2581 1828 20¹

2447 1846 2512 1880 31⁰
2525 1844 2582 1883 20¹

1722 1785 1879 1831 Ἀρσινόη
1907 1788 1928 1830 ἡ
1952 1787 2014 1823 καὶ
2038 1782 2229 1836 Τεΰχειρα.

1722 1840 1894 1885 Λάθωνος
1923 1855 2007 1879 ποτ.
2032 1842 2191 1880 ἐκὸολαί.
2222 1871 2229 1880 .

1390 2134 1586 2177 Ἀπόλλων
1615 2138 1786 2192 τιμᾶται.
1818 2137 1943 2192 Apud
1976 2137 2238 2191 Lycophron.
2265 2139 2343 2185 884
2367 2146 2407 2178 et
2433 2139 2619 2178 Tzetzcm

1383 2197 1436 2239 ad
1460 2200 1560 2253 Lyc.
1577 2198 1604 2238 l.
1633 2198 1660 2239 l.
1684 2198 1856 2254 Αὖσίγὸα
1885 2207 2095 2253 tamquam
2128 2199 2329 2254 oppidum
2348 2198 2467 2254 juxta
2497 2202 2620 2255 Ciny-

1382 2261 1514 2316 phum
1548 2262 1722 2302 fluvium
1751 2270 2004 2302 memoratur
2033 2274 2043 2303 ε
2076 2261 2180 2305 adeo
2211 2270 2257 2302 ut
2286 2270 2357 2302 aut
2395 2263 2621 2317 incongrua

1384 2325 1551 2365 misceat
1572 2335 1731 2374 auctor,
1756 2332 1828 2364 aut
1846 2324 1972 2364 alium
1993 2325 2281 2377 cognominem
2299 2324 2438 2365 locum
2469 2326 2619 2378 signifi-

1383 2387 1549 2427 caverit.
1586 2388 1649 2427 De
1672 2387 1842 2427 nomine
1864 2385 2034 2441 Αὖσίγδα
2062 2385 2116 2427 cf.
2152 2388 2317 2426 Movers
2335 2386 2364 2428 l.
2385 2386 2413 2428 l.
2449 2401 2491 2441 p.
2521 2388 2616 2441 590.

1382 2449 1563 2489 Insulam
1587 2463 1713 2503 quam
1748 2450 1960 2490 Hecataeus
1995 2447 2178 2502 Ausigda
2215 2448 2337 2499 dicit,
2375 2449 2619 2491 Ptolemaeus

1382 2512 1635 2566 Myrmecem
1670 2519 1801 2551 vocat.
1846 2511 1862 2564 ΙΙ
1893 2534 1950 2542 -
1982 2525 2034 2551 στ
2048 2511 2114 2551 αδ.
2144 2508 2239 2565 ρξ’]
2268 2510 2326 2551 sic
2362 2509 2518 2559 codex3
2556 2511 2619 2566 ρξ’

1383 2588 1525 2629 apogr.
1535 2573 1925 2627 Iriart.,Ptolemaeus
1940 2573 2047 2614 inter
2060 2573 2318 2627 Phycuntem
2330 2580 2371 2613 et
2395 2573 2618 2627 Ausigdam

1384 2645 1590 2677 memorat
1608 2626 1751 2677 fanum
1773 2635 1954 2691 Aptuchi
1966 2667 1977 2686 ,
2001 2636 2088 2676 aliis
2108 2634 2306 2689 Αὖτούχοι)
2320 2665 2332 2685 ,
2363 2634 2506 2690 Libyci
2526 2635 2615 2687 dei,

1384 2700 1455 2754 qui
1491 2714 1575 2740 non
1599 2698 1784 2739 diversus
1805 2713 1891 2739 esse
1913 2697 2078 2738 videtur
2105 2697 2156 2738 ab
2186 2698 2382 2747 Aristaeo,
2404 2696 2522 2751 cujus
2545 2698 2620 2740 fra-

1383 2770 1488 2802 trem
1511 2762 1613 2802 dicit
1631 2761 1865 2803 Acesander
1887 2759 1986 2816 (Fr.
1999 2762 2076 2809 IV,
2093 2774 2137 2815 p.
2159 2758 2239 2801 285
2260 2758 2312 2800 fr.
2333 2758 2402 2815 5),
2421 2759 2620 2815 cujusque

1383 2839 1536 2865 nomen
1554 2826 1597 2865 in
1617 2825 1704 2865 aliis
1724 2824 1889 2879 Libycis
1902 2824 2091 2864 locorum
2110 2822 2349 2864 nominibus
2367 2821 2618 2876 deprehendi

1384 2896 1522 2928 censet
1549 2889 1715 2928 Movers
1730 2887 1871 2927 Plzoen.
1896 2885 2030 2926 Colon.
2058 2899 2102 2940 p.
2123 2885 2218 2934 564,
2244 2884 2317 2924 ubi
2339 2892 2386 2924 tu
2407 2883 2560 2925 videas.

1440 2953 1462 3002 §
1485 2954 1553 2993 55.
1579 2950 1645 2990 Πτ
1657 2949 1713 2989 ολ
1725 2965 1742 2990 ε
1755 2947 1899 3004 μα’ίδο
1914 2949 1958 3003 ς]
1982 2950 2118 2989 Locus
2134 2956 2343 3002 tamquam
2354 2944 2472 3001 λιμὴν
2489 2946 2509 2986 ὁ
2522 2947 2618 2987 κατὰ

1382 3013 1533 3067 Βάρκην
1557 3019 1812 3052 memoratur
1831 3025 1898 3065 ap.
1926 3009 2079 3064 Scylac.
2104 3024 2147 3064 p.
2182 3010 2248 3050 83.
2282 3026 2297 3046 «
2320 3009 2464 3048 Postea
2485 3008 2617 3049 Ptole·

1382 3074 1561 3115 maidem
1580 3074 1746 3123 urbem,
1769 3073 2083 3114 Ptolemaeorum
2107 3084 2192 3110 aevo
2212 3069 2263 3110 ad
2285 3072 2430 3110 Barces
2447 3077 2615 3123 portum

1382 3136 1608 3187 conditam,
1630 3135 1917 3191 opportuniori
1930 3133 1982 3174 ad
2002 3140 2274 3173 mercaturam
2293 3132 2374 3171 situ
2398 3132 2611 3181 commoti,

1381 3201 1532 3240 sensim
1555 3199 1799 3240 concessisse
1818 3197 1924 3236 cives
1948 3195 2099 3235 Barcaei
2128 3194 2295 3248 plurimi
2321 3191 2529 3234 videntur.
2552 3195 2614 3234 Ita

1381 3271 1519 3303 autem
1539 3262 1691 3303 factum
1717 3268 1791 3309 est,
1817 3267 1878 3308 ut,
1901 3257 2002 3297 dum
2022 3259 2149 3297 Barce
2165 3255 2249 3296 fere
2278 3254 2437 3295 deserta
2465 3256 2611 3305 evasit,

1381 3334 1526 3380 portus
1547 3332 1688 3365 contra
1709 3323 1725 3374 (
1745 3322 1852 3361 inter
1868 3318 1983 3372 cujus
2000 3317 2170 3359 aedificia
2198 3317 2376 3357 maxime
2394 3317 2613 3372 conspicua

1380 3387 1483 3428 Στοὰ
1498 3386 1703 3442 βασίλειος,
1717 3383 1864 3439 judicii
1877 3382 1975 3422 olim
1987 3381 2099 3421 locus
2115 3380 2277 3436 (Synes.
2295 3393 2362 3434 ep.
2381 3378 2432 3433 57
2447 3393 2490 3434 p.
2509 3381 2609 3436 195)

1380 3447 1777 3499 commemoratur),
1810 3444 2090 3498 frequentatus
2120 3443 2172 3482 sit
2196 3450 2236 3482 ct
2254 3440 2454 3482 celebrior
2474 3442 2613 3483 reddi-

1380 3521 1445 3553 tus
1458 3528 1470 3562 ;
1485 3526 1606 3566 quam
1620 3510 1670 3550 ab
1685 3523 1773 3549 rem
1790 3523 1813 3548 a
1830 3506 2050 3548 Ptolcmaeo
2067 3505 2249 3560 ἐπίσημος
2268 3503 2434 3554 dicitur,
2449 3512 2490 3544 et
2503 3505 2613 3559 apud

1379 3575 1628 3629 Procopium
1651 3574 1743 3625 (De
1766 3570 1876 3611 aedis.
1902 3570 1958 3622 V,
1983 3582 2007 3610 2
2027 3571 2043 3622 )
2062 3568 2179 3609 beata
2198 3568 2298 3608 olim
2325 3582 2373 3608 ac
2402 3566 2608 3622 frequens.

1380 3640 1440 3678 Ex
1458 3637 1537 3677 hoc
1553 3637 1676 3689 igitur
1691 3633 1955 3688 explicamus,
1969 3629 2085 3686 quod
2096 3629 2240 3671 eadem
2251 3643 2346 3670 cum
2361 3629 2611 3671 Ptolemaide

1378 3700 1478 3740 urbs
1496 3702 1621 3739 Barce
1644 3712 1665 3737 a
1685 3695 1890 3750 plerisque
1907 3694 1960 3734 sit
1979 3701 2136 3749 putata.
2161 3691 2308 3734 Strabo
2328 3706 2367 3732 v.
2398 3707 2435 3732 c.
2459 3692 2610 3731 Barcen

1377 3760 1642 3817 postmodum
1679 3756 1973 3799 Ptolemaidem
2001 3755 2152 3797 dictam
2181 3769 2267 3795 esse
2298 3753 2435 3794 refert.
2476 3753 2609 3795 Plinio

1381 3824 1466 3879 (V,
1487 3822 1540 3875 5)
1570 3818 1794 3861 Ptolemais
1822 3818 1995 3873 antiquo
2025 3816 2184 3858 nomine
2209 3820 2335 3856 Barce
2360 3813 2585 3868 appellatur
2594 3831 2605 3864 ;

1377 3885 1608 3926 scholiastes
1633 3881 1845 3937 Sophoclis
1875 3882 1890 3934 (
1910 3881 2056 3921 Electr.
2089 3893 2168 3933 727
2190 3881 2222 3931 )‚
2244 3875 2389 3918 Suidas
2417 3890 2455 3917 v.
2479 3876 2606 3930 Βάρκη

1378 3957 1499 4002 atque
1521 3946 1683 3987 Servius
1716 3945 1731 3997 (
1751 3943 1801 3984 ad
1833 3943 1925 3984 AEn.
1950 3944 2026 3993 IV,
2049 3946 2100 3990 42
2121 3941 2133 3997 )
2157 3943 2309 3980 Barcen
2334 3953 2408 3979 suo
2424 3943 2609 3991 temp)re
