2808 4342
127 195 216 258 (25.)

201 299 376 360 πέλαγος
394 297 439 342 τὸ
460 298 661 358 Μυρτῷον
679 295 920 356 λεγόμενον,
941 293 1000 339 ἔτι
1024 294 1066 340 δ”ε
1088 295 1161 340 καί

202 373 274 424 τῆς
299 368 481 421 Ἀττικῆς
499 364 640 426 χώρας
658 363 911 425 μετεχούσας
923 365 1147 415 παντελῶς.

124 454 185 484 135
210 435 358 498 Ἐγγὺς
374 433 491 486 Κέως
508 432 651 495 πρώτη
668 433 907 495 τετράπολις
926 433 1098 479 Σουνίου

201 509 320 560 ν’ἧσος
338 503 548 549 ὑπόκειται
565 502 635 548 καὶ
653 501 793 561 λιμήν·
814 501 954 564 ἔχεται
972 501 1126 554 Κύθνος

201 577 319 628 νῆσος
337 573 453 625 πόλις
474 572 524 628 τ’,
551 565 653 618 εἶτεν
674 571 848 634 Σέριφος
866 571 937 616 καὶ
951 571 1096 630 λιμήν,

205 642 346 687 ἔπειτα
365 641 513 704 Σίφνος
532 641 602 692 καὶ
620 640 814 700 Κίμωλος
833 641 1067 701 ἐχομένη...

201 711 353 773 ἔχουσα
373 710 542 799 λιμένας
562 710 653 755 δύο·
673 712 764 771 μετ’
788 707 913 765 αὐτὴν
938 711 974 754 δ’
995 709 1148 764 ἐστινὴ

121 798 179 828 140
201 783 365 836 Δηλοςε
355 781 443 842 ιερὰ
460 798 580 835 νησος
595 779 796 841 λεγομένη
814 815 826 839 ,
852 798 922 824 και
940 779 1065 839 λιμήν

202 849 298 902 νεώς
320 869 365 895 τε
382 849 659 909 τάπόλλωνος,
684 853 786 894 εἶτεν
808 849 985 911 ἐχομένη

204 919 410 971 Μύκονος·
438 918 543 980 μετὰ
559 918 713 975 ταύτην
733 921 905 974 Γῆνός’
888 938 974 964 εστι
995 938 1065 964 και
1079 917 1225 979 λιμήν,

206 987 370 1051 ’Ἀνδρος
391 1008 435 1034 τε
457 1007 577 1044 νησος
600 989 671 1035 καὶ
695 990 801 1037 κατὰ
829 989 885 1036 l'
867 1007 1050 1051 εραιστον
1072 987 1216 1049 λιμήν.

211 1063 342 1104 Αυται
366 1058 438 1117 μέν
460 1060 537 1104 εἶσι
556 1059 781 1115 Κυκλάδες,
802 1058 938 1132 ἕτεραι
956 1057 1177 1119 λεγόμεναι

124 1146 182 1176 115
206 1128 473 1192 Σποράδες,’
456 1146 496 1174 εκ
517 1132 602 1174 αἱσι
622 1130 791 1184 Μῆλος,
813 1133 914 1174 εἶτεν
932 1130 976 1174 οὗ
994 1127 1098 1174 πολύ

204 1197 416 1270 ἀπέχουσα
437 1197 560 1259 Θήρα
580 1200 715 1254 νῆσος,
738 1202 840 1243 εἶτεν
858 1199 901 1242 οὗ
919 1196 1022 1243 πολύ

203 1266 300 1324 Ἴος,
321 1272 408 1312 εἶτα
429 1267 582 1320 Νάξος·
601 1267 705 1327 μετὰ
725 1266 769 1312 δὲ
789 1266 942 1323 ταύτην
961 1267 1143 1327 πελαγία

205 1339 382 1398 Σκυρος·
407 1336 496 1381 κατ’
518 1336 699 1383 Εὔὸοιαν
717 1338 752 1381 δ’
771 1339 929 1399 ὁρῶμεν
948 1338 1140 1395 κειμένην

205 1404 344 1459 αὐτήν·
367 1405 449 1449 ἀπὸ
474 1404 625 1461 ταύτης
644 1405 753 1452 ἐστὶν
777 1405 978 1467 ἀπέχουσ’
997 1407 1042 1450 οὗ
1062 1404 1166 1450 πολύ

124 1491 181 1520 150
203 1477 322 1530 νῆσος
343 1473 589 1534 Πεπάρηθος
609 1478 633 1529 ἡ
651 1475 835 1537 τρίπολις
852 1475 1144 1534 καλουμένη...

288 1588 625 1651 [ΔῙΚΑΙΑΡΧΟΥ
655 1598 923 1634 ΑΝΑΓΡΑΦΗ
955 1589 1239 1651 ΕΛΛΑΔΟΣ.]

125 1770 218 1810 135.
258 1768 415 1809 Σούνιον
449 1769 561 1818 cod„
597 1784 678 1810 em.
719 1772 843 1811 Voss.
876 1770 1037 1811 Mavult
1072 1770 1303 1811 Meinekius
1343 1783 1352 1810 :

119 1833 249 1886 πρώτη
265 1831 365 1878 Κέως
378 1832 602 1887 τετράπολις
617 1831 731 1888 ἐγγυς
745 1833 921 1874 Σουνίου.
940 1834 1191 1876 Letronnius
1210 1832 1324 1873 dedit
1343 1845 1352 1872 z

122 1893 234 1948 ἐγγὺς
251 1894 352 1942 Κέως
370 1896 500 1950 πρώτη
520 1895 760 1950 τετράπολις,
778 1896 937 1937 Σουνίου
957 1895 1122 1950 [ἀντίον]
1143 1896 1352 1937 ὑπόκειται.

126 1958 140 2010 ΙΙ
161 1980 217 1987 -
231 1957 323 2011 137.
342 1957 453 2005 πόλις
469 1956 545 1999 εἴτε
560 1959 647 2014 Σερ.
667 1958 780 2010 cod.;
799 1975 879 2000 em.
898 1959 1016 2000 editt.
1038 1961 1053 2013 ll
1072 1983 1129 1990 —-
1148 1960 1240 2000 138.
1259 1961 1356 1999 Post

121 2019 298 2074 Κίμωλος
333 2019 394 2075 ἐχ.
434 2020 624 2062 lacunam
663 2024 820 2062 notavit
857 2023 1122 2063 Letronnius.
1160 2024 1263 2073 Quae
1296 2035 1356 2060 se-

121 2091 304 2137 quuntur
329 2096 339 2123 1
362 2082 507 2137 ἔχουσα
525 2084 681 2139 λιμένας
704 2085 770 2124 δύο
793 2085 846 2125 ad
877 2087 1031 2125 Parum
1064 2084 1238 2124 insulam
1263 2098 1355 2138 per-

121 2145 276 2195 tinent,
301 2146 362 2185 uti
381 2160 404 2185 e
437 2146 598 2200 Scylace
631 2147 848 2200 colligitur.
872 2148 1082 2187 Marxium
1113 2148 1183 2200 qui
1222 2148 1263 2185 in
1287 2147 1354 2186 Ci—

121 2206 219 2245 moli
259 2206 397 2247 locum
432 2210 584 2248 Parum
622 2209 833 2249 substituit
854 2240 864 2259 ‚
903 2211 1051 2249 merito
1085 2207 1356 2263 reprehendit

122 2269 386 2310 Letronnius.
403 2269 568 2310 Excidit
594 2270 817 2310 versiculus
832 2301 843 2321 ,
864 2271 907 2310 in
930 2285 1013 2325 quo
1036 2280 1184 2327 praeter
1202 2272 1354 2311 Parum

121 2331 427 2371 memorabatur
463 2333 587 2386 Syrus
621 2340 661 2372 et
696 2334 815 2373 tertia
843 2334 1000 2383 insula,
1039 2347 1132 2387 quae
1162 2332 1355 2387 probabi·

122 2390 213 2430 liter
245 2400 331 2432 erat
370 2393 556 2444 Oliarus;
595 2408 648 2434 ne
668 2394 823 2434 Melum
857 2394 979 2435 fuisse
1012 2401 1180 2449 putem,
1222 2394 1355 2434 obstat

118 2451 236 2506 vquod
268 2454 347 2495 hoc
378 2470 531 2496 nomen
556 2471 595 2496 v.
640 2456 715 2505 145
748 2455 1036 2510 reponendum
1067 2470 1154 2496 esse
1188 2463 1354 2495 servatae

120 2515 247 2556 *literae
273 2517 460 2558 suadent.
492 2520 506 2572 Η
530 2542 586 2549 -—
613 2520 705 2572 139.
735 2518 830 2574 μετὰ
858 2519 998 2570 ταύτην
1020 2517 1141 2569 cod.;
1174 2532 1255 2558 em.
1279 2520 1355 2558 Le-

125 2579 327 2620 tronnius.
358 2582 372 2634 Η
406 2605 462 2611 -
488 2584 579 2629 141.
606 2582 698 2628 νεὼς
719 2581 970 2628 τάπόλλωνος
1001 2580 1123 2631 cod.;
1150 2595 1230 2620 em.
1251 2580 1354 2620 Mei-

120 2639 218 2681 nck.
247 2642 261 2696 Η
282 2667 337 2675 -—-
357 2646 450 2692 142.
468 2644 648 2693 Μύκολος
663 2643 757 2686 cod.
781 2645 797 2700 Η
812 2669 867 2678 —-
888 2646 984 2694 143.Α
1006 2662 1021 2683 «
1043 2645 1110 2686 An
1127 2646 1241 2696 νῆσος
1255 2641 1353 2684 κατὰ

1055 193 1411 241 DESCRIPTIO
1446 180 1726 242 GRAECtAE.
1752 241 1755 244 .

2563 217 2646 255 243

1422 319 1534 345 mare
1554 306 1767 359 Myrtoum
1789 303 1904 360 quod
1918 303 2077 355 dicunt,
2095 319 2171 346 nec
2184 322 2269 347 non

1423 373 1476 414 ad
1495 375 1675 414 Atticam
1697 375 1908 428 regionem
1922 389 2091 430 prorsus
2107 378 2339 419 attinentes.

1421 442 1562 482 Prima
1579 443 1682 482 Ceos
1700 457 1797 484 cum
1812 451 2008 498 quattuor
2031 444 2205 485 urbibus
2226 460 2354 501 prope
2376 449 2547 490 Sunium

1421 509 1555 549 insula
1577 509 1735 564 adjacet
1753 519 1794 551 et
1810 519 1982 566 portus;
2001 512 2186 565 sequitur
2208 513 2393 567 Cythnus

1422 576 1555 616 insula
1576 585 1616 617 et
1626 578 1741 628 urbs,
1762 577 1914 618 deinde
1935 579 2132 633 Seriphus
2161 594 2255 620 cum
2275 590 2419 635 portu,

1422 643 1574 684 deinde
1600 645 1780 700 Siphnus
1798 654 1839 686 et
1857 646 2040 687 Cimolus
2063 647 2365 703 subsequens...

1430 715 1533 752 Tum
1551 715 1686 752 Parus
1704 713 1859 754 habens
1873 722 2018 768 portus
2033 714 2151 755 duos.
2170 719 2266 758 Post
2281 733 2370 759 eam
2389 734 2486 760 vero
2504 729 2562 761 est

1425 780 1550 820 Delus
1562 795 1675 821 sacra
1698 781 1831 822 insula
1851 781 1976 833 dieta,
1998 791 2039 823 et
2060 793 2202 838 portus

1425 849 1706 904 templumque
1725 849 1949 905 Apollinis;
1975 850 2125 892 deinde
2142 855 2325 908 sequitur

1424 918 1627 972 Myconus
1640 933 1650 967 ;
1668 926 1762 972 post
1775 918 1883 958 hanc
1896 919 2036 959 Tenus
2056 928 2115 960 est
2129 935 2223 961 cum
2238 932 2376 977 portu,

1425 984 1676 1040 Andrusque
1690 986 1822 1026 insula
1843 994 1884 1026 et
1909 994 2052 1027 contra
2071 989 2296 1031 Geraestum
2311 1000 2470 1046 portuS.

1425 1059 1499 1097 Hae.
1518 1066 1614 1098 sunt
1637 1057 1852 1113 Cyclades3
1879 1059 1966 1100 aliae
1981 1058 2180 1102 dicuntur

1426 1126 1643 1182 Sporades,
1666 1128 1709 1167 in
1725 1128 1875 1182 quibus
1889 1129 2023 1169 Melus
2037 1145 2048 1180 ;
2064 1130 2160 1171 dein
2180 1132 2291 1174 haud
2309 1133 2426 1188 longe

1427 1197 1582 1238 distans
1599 1198 1736 1239 Thera
1759 1199 1891 1239 insula
1900 1215 1912 1251 3
1930 1200 2028 1241 binc
2050 1215 2134 1242 non
2152 1202 2272 1257 longe

1424 1267 1494 1306 Ius
1506 1297 1517 1316 ‚
1535 1274 1626 1306 tum
1647 1267 1802 1308 Naxus-
1820 1269 1917 1309 Post
1936 1268 2043 1309 hanc
2063 1271 2106 1309 in
2128 1270 2209 1311 alto

1425 1335 1588 1388 Scyrus,
1619 1349 1743 1389 quam
1758 1344 1902 1376 contra
1917 1337 2119 1378 Euboeam
2142 1338 2328 1379 videmus

1425 1403 1560 1443 sitam.
1586 1403 1651 1444 Ab
1666 1404 1743 1444 hac
1765 1419 1849 1444 non
1869 1405 2046 1445 multum
2067 1405 2222 1446 distans

1426 1471 1557 1512 insula
1575 1473 1825 1527 Peparethus
1841 1473 1949 1514 dicta
1968 1488 2058 1528 quae
2076 1474 2199 1515 urbes
2223 1483 2303 1515 tres
2323 1476 2460 1516 habet.

1720 1587 1742 1650 [
1763 1606 2003 1642 mcAEARcm
2031 1607 2283 1634 DESCRIPTIO
2316 1593 2545 1654 amnem-2]

2567 1722 2647 1730 *ἐ

1426 1770 1627 1824 Γέραιστον
1669 1769 1734 1809 καὶ
1774 1768 1918 1824 λιμήνΡ
1956 1785 1972 1807 »
2014 1769 2188 1810 Meinek.
2232 1771 2335 1811 Sane
2371 1772 2458 1825 ipsa
2495 1773 2625 1814 insula
2642 1805 2654 1824 ,

1426 1848 1512 1873 non
1542 1847 1639 1873 vero
1660 1840 1805 1887 portus
1828 1833 2010 1873 Geraesto
2040 1832 2283 1874 obvertitur.
2312 1834 2327 1888 Η
2361 1858 2417 1864 -
2442 1837 2533 1884 144.
2564 1835 2655 1877 εἰσίν

1426 1895 1521 1936 cod.
1545 1896 1561 1949 11
1581 1897 1728 1936 ——Pro
1743 1894 1955 1949 λεγόμεναι
1970 1894 2066 1936 fort.
2087 1894 2209 1935 fuisse
2221 1895 2255 1934 δ’
2269 1894 2451 1949 ἐχόμεναι
2465 1897 2657 1950 opinatur

1424 1957 1670 1998 Meinekius.
1694 1958 1709 2010 ll
1736 1964 1792 1988 -“-
1815 1956 1908 2006 145.
1938 1956 1976 1997 ἐν
1997 1955 2056 2005 αἷς
2079 1957 2258 2012 Κίμωλος
2277 1957 2433 2008 codex3
2457 1960 2612 2000 mutavi
2634 1974 2657 2000 e

1426 2021 1627 2061 sententia
1643 2019 1855 2070 Meinekii,
1874 2021 2060 2074 quamvis
2077 2021 2163 2075 ipse
2183 2019 2299 2061 dedit
2318 2019 2356 2061 ἐν
2375 2018 2455 2060 αἷσι
2485 2020 2653 2071 Σίκινος,

1424 2097 1501 2138 pro
1522 2083 1801 2124 Letronniano
1822 2081 1860 2123 ἐν
1884 2080 1964 2122 αἷσι
1982 2083 2155 2134 Σίκηνος.
2176 2083 2273 2123 Meli
2292 2097 2444 2124 nomen
2461 2082 2514 2124 ad
2528 2084 2655 2124 tradi-

1425 2153 1485 2185 tas
1507 2146 1641 2186 literas
1662 2146 1833 2199 propius
1856 2144 2012 2185 accedit
2026 2177 2037 2195 ,
2062 2145 2275 2199 insulaque
2305 2145 2431 2186 modo
2464 2146 2651 2200 Sporadi-

1424 2207 1501 2247 bus
1533 2206 1660 2247 modo
1682 2205 1926 2260 Cycladibus
1949 2215 2199 2247 accensetur.
2230 2207 2244 2260 Η
2279 2230 2335 2238 -·
2366 2206 2458 2255 145.
2487 2205 2588 2248 εἶτεν
2611 2207 2654 2247 οὗ

1424 2269 1524 2310 πολὺ
1547 2268 1742 2323 ἀπέχουσα
1768 2268 1870 2318 Ἴος,
1907 2265 1993 2308 εἷτα
2014 2267 2150 2316 Νάξος·
2187 2268 2281 2323 μετὰ
2304 2269 2443 2320 ταύτην
2464 2269 2655 2324 πελασγία

1425 2331 1537 2383 cod.;
1558 2346 1638 2371 em.
1667 2330 1856 2371 Meineke
1875 2342 1884 2370 :
1908 2349 1924 2365 α
1946 2331 2033 2370 Etsi
2051 2332 2161 2370 enim
2181 2332 2330 2384 Scyrus
2351 2339 2459 2371 recte
2476 2331 2655 2385 Pelasgia

1424 2394 1615 2448 appellari
1632 2393 1789 2447 potuit,
1825 2406 1909 2432 non
1931 2392 2068 2431 minus
2098 2401 2208 2432 recte
2230 2400 2366 2432 tamen
2402 2401 2570 2433 vocatur
2586 2409 2652 2434 πε-

1424 2455 1557 2509 λαγία,
1581 2454 1781 2509 frequenti
1807 2454 2034 2493 insularum
2065 2453 2270 2507 epitheto;
2292 2451 2486 2507 ἀπέχουσα
2516 2462 2653 2495 autem

1424 2531 1475 2556 ex
1493 2517 1704 2571 superiore
1726 2530 1847 2556 versu
1867 2516 2085 2570 repetitum
2114 2514 2244 2555 videri
2262 2523 2410 2570 potest.
2432 2535 2448 2551 a
2478 2517 2652 2556 Letron-

1425 2580 1518 2618 nius
1555 2581 1724 2619 tentavit
1763 2592 1772 2618 :
1817 2577 1918 2618 εἶτεν
1960 2576 2004 2618 οὔ
2034 2577 2134 2618 πολὺ
2159 2576 2165 2633 Ι
2192 2575 2389 2631 ἀπέχουσ’,
2426 2577 2503 2625 ’Ίος
2517 2609 2528 2628 ,
2566 2576 2652 2618 εἶτα

1426 2640 1559 2690 Νάξος·
1588 2639 1673 2683 εἶτα
1699 2640 1903 2696 πελασγία.
1927 2642 1942 2695 Η
1962 2665 2018 2672 -
2041 2643 2133 2694 149.
2154 2639 2348 2695 ἀπέχουσα
2366 2639 2511 2681 codex.
