2756 4354
114 227 179 261 xc
442 216 490 261 Ο

112 309 343 372 Hyrcania
363 318 409 354 et
432 322 574 369 supra
600 305 891 366 Parthyenen
915 306 1168 347 Astauenos
1195 299 1346 346 collo-

113 385 208 431 cari
250 384 450 441 videret,
501 385 668 429 alteros
717 382 968 425 Astauenos
1018 375 1343 435 distingueret,

114 459 312 522 ideoque
327 459 443 506 mari
462 457 630 518 Caspio
654 454 893 517 proximos
918 451 1100 495 faceret.
1129 475 1191 484 -—
1210 450 1346 506 Quod

113 535 272 581 attinet
289 532 447 581 Ἀσαᾶκ
469 530 628 578 urbem
646 563 659 585 ‚
695 530 737 572 ἐν
759 521 787 587 ᾖ
806 523 1009 586 Ἀρσάκης
1034 526 1195 587 πρῶτος
1220 527 1347 588 βασι.-

62 655 67 659 ,
114 607 210 661 λαὸς
227 607 477 669 ἁπεδείχθη,
500 607 636 650 situm
660 601 764 662 ejus
795 599 1052 657 nescimus3
1074 611 1210 663 caput
1235 616 1348 647 vero

91 684 254 731 {uisse
283 680 484 743 putanda
517 689 583 723 est
614 676 771 735 exigui
799 675 1013 737 imperii,
1036 675 1160 737 quod
1189 676 1238 722 iu
1265 678 1349 722 As-

113 771 275 806 tauene
287 760 407 803 inter
421 756 611 816 Scythas
628 752 869 800 obtinebat
885 754 1091 810 Arsaces,
1106 764 1347 815 antequam

114 836 161 880 in
185 833 466 892 Parthyaeam
501 828 767 886 invaderet,
790 839 843 875 ut
873 828 993 875 bene
1015 834 1169 874 monet
1195 830 1349 876 Lasse-

112 909 217 955 nius
233 909 280 953 in
297 908 434 952 Ersch
454 923 497 953 ιι.
518 908 699 951 Gruber.
718 921 767 954 v.
791 906 1019 959 Par-thien,
1045 904 1212 950 collato
1224 903 1349 949 Stra·

111 983 232 1029 bone
261 999 306 1044 p.
346 983 436 1027 515
464 999 475 1026 ε
509 979 739 1043 Ἀρσάκης,
764 977 868 1040 ἀνὴρ
893 978 1083 1036 Σκύθης,
1121 980 1203 1023 τῶν
1226 979 1351 1024 Δαῶν

110 1076 222 1109 τινας
241 1057 347 1119 ἔχων
373 1055 465 1109 τοὺς
489 1055 678 1118 Πάρνους
700 1053 976 1114 καλουμένους
996 1051 1206 1112 νομάδας,
1231 1070 1351 1115 παρ-

110 1137 319 1186 οικοῦντας
344 1133 413 1179 τὀν
432 1125 594 1196 Ὦχον,
616 1132 790 1188 ἐπῆλθεν
813 1130 882 1177 ἐπὶ
914 1128 988 1186 τὴν
1010 1122 1255 1191 Παρθυαίαν
1280 1128 1351 1175 καὶ

112 1212 338 1274 ἐκράτησεν
371 1212 515 1267 αὐτῆς.

180 1289 282 1336 151.
317 1287 428 1333 Post
448 1286 688 1332 Astauenae
705 1286 966 1330 mentionen
987 1284 1137 1345 pergit
1155 1293 1314 1329 auctor
1338 1300 1349 1329 ε

113 1362 329 1411 Ἐντεῦθεν
360 1358 665 1425 Παρθυηνή·
690 1362 848 1421 σχοῖνοι
872 1358 947 1404 κε’*
976 1352 1025 1414 ἧς
1066 1357 1202 1402 αὐλὼν
1234 1360 1353 1421 [Iap-

113 1437 308 1485 θαῦνισα·
326 1441 353 1494 ἦ
378 1437 498 1489 πόλις
507 1435 590 1481 ἀπὸ
613 1434 787 1498 σχοίνων
800 1435 839 1487 ς’
864 1434 954 1497 (sic
975 1434 1353 1496 interpungas)...

116 1514 325 1570 Ἕλληνες
347 1512 389 1559 δὲ
415 1511 595 1560 Νίσαιαν
612 1510 795 1571 λέγουσι.
813 1509 1042 1555 Nimirum
1059 1524 1116 1555 ex
1135 1509 1356 1569 angustiis

26 1622 35 1631 .
113 1593 233 1637 inter
254 1593 418 1647 Djege'r
446 1597 492 1633 et
521 1587 755 1646 Daghatai
789 1595 966 1630 montes
989 1584 1118 1644 sitis,
1147 1585 1198 1630 in
1218 1601 1361 1645 quam

114 1667 326 1713 desinere
342 1666 593 1709 Astauenes
616 1661 904 1708 itinerarium
923 1660 1048 1716 dixi,
1066 1661 1289 1707 intramus
1307 1662 1356 1707 in

115 1741 282 1787 vallem
299 1741 483 1799 longam
499 1739 754 1798 latamque,
771 1737 875 1782 altis
895 1737 1089 1781 cinctam
1106 1736 1356 1797 montibus,

115 1817 166 1863 in
189 1832 279 1878 qua
299 1825 406 1876 post
427 1816 513 1861 sex‘
533 1814 627 1859 sere
662 1812 875 1858 schoenos
901 1812 1104 1858 occurrit
1133 1823 1268 1874 caput
1293 1827 1358 1857 re·

115 1893 270 1953 gionis
285 1926 298 1949 ,
334 1894 564 1951 Nisapour
586 1905 667 1935 seu
691 1890 954 1949 NIchapoar
979 1888 1111 1935 urbs.
1141 1888 1358 1947 Regionis

116 1966 260 2028 hujus
283 1977 494 2012 naturam
517 1964 830 2011 beatissimam
855 1974 948 2009 tum
975 1964 1221 2009 orientales
1244 1964 1359 2008 scri-

117 2053 272 2105 ptores
288 2053 383 2089 tum
413 2042 613 2088 viatores
632 2041 912 2087 recentiores
928 2040 1120 2086 summis
1143 2040 1359 2085 laudibus

116 2119 394 2181 evehunt(').
407 2119 616 2166 isidorus
634 2118 866 2178 regionem
885 2116 1139 2178 urbemque
1158 2116 1360 2178 Παροαύ-

117 2211 237 2241 νισαν
256 2205 404 2252 vocat,
428 2194 461 2242 i.
478 2210 543 2250 e.,
569 2194 738 2256 opinor
773 2193 905 2239 Nioav
927 2191 1195 2254 Παρθυαίων,
1211 2202 1259 2236 ut
1274 2193 1360 2236 sci·

117 2267 227 2315 lieet
248 2269 556 2328 distingueret
583 2285 609 2313 a
634 2269 750 2314 locis
775 2267 1148 2326 cognominibus.
1174 2266 1249 2313 Sic
1271 2267 1361 2312 alia

116 2345 229 2389 Nisa
244 2354 312 2390 est
333 2346 421 2390 sub
444 2345 581 2388 Aetak
598 2353 751 2388 monte
773 2341 830 2387 ad
842 2343 976 2387 Aer-ek
994 2342 1204 2401 fluvium,
1223 2357 1360 2402 quam

119 2418 332 2465 nonnulli
360 2417 419 2463 ab
436 2417 618 2464 Isidoro
640 2417 838 2463 indicari
861 2426 1097 2479 putarunt.
1114 2444 1177 2452 —
1198 2416 1362 2464 Nostra

115 2494 225 2541 Nisa
250 2494 297 2540 in
315 2493 594 2539 Zendavesta
611 2493 733 2539 inter
748 2492 903 2538 beatas
927 2494 1139 2552 regiones
1158 2509 1361 2539 recense-

119 2581 195 2617 tur
205 2571 391 2616 nomine
400 2573 585 2627 Nisaya‚
603 2580 908 2631 posteamque
923 2572 1118 2627 Haroycl,
1135 2572 1165 2615 i.
1176 2586 1217 2615 e.
1233 2571 1358 2616 Aria.

122 2646 190 2693 De
208 2645 364 2691 eadem
381 2645 546 2691 Strabo
566 2645 627 2690 ΧΙ
658 2661 701 2706 p.
721 2645 811 2704 509
835 2662 845 2689 z
868 2647 940 2699 τῆς
963 2644 1005 2689 δὲ
1029 2643 1252 2706 Ὑρκανίας
1273 2645 1359 2690 ἐστὶ

119 2721 191 2767 καὶ
209 2723 236 2777 ἡ
256 2719 426 2776 Νησαία
439 2738 450 2748 ·
475 2718 578 2770 τινὲς
601 2718 644 2763 δὲ
661 2719 731 2764 καὶ
745 2722 838 2764 καθ’
853 2717 983 2774 αὓτὴν
997 2717 1155 2764 τιθέασι
1177 2718 1251 2774 τὴν
1272 2721 1362 2775 Νη-

121 2794 262 2843 σαίαν.
287 2795 452 2840 Paullo
472 2795 755 2840 accuratiora
793 2794 973 2839 Plinius
993 2793 1072 2851 vl,
1103 2796 1162 2840 26
1183 2795 1211 2855 S
1244 2811 1261 2839 1
1278 2795 1329 2839 13
1349 2812 1358 2839 :

119 2871 191 2918 Ab
207 2887 365 2918 occasu
380 2887 526 2915 eorum
546 2872 558 2929 (
576 2869 846 2915 Parthorum
866 2871 881 2929 )
907 2872 1032 2914 urbes
1049 2887 1159 2929 quas
1171 2873 1360 2916 diximus

119 2946 228 3012 (vl,
256 2962 279 3003 7
297 2947 324 3006 §
347 2952 404 3000 41.
426 2948 459 3005 ),
477 2949 634 2990 Issatis
648 2956 692 2989 ee
717 2947 938 3004 Calliope,
964 2948 1024 2989 ab
1038 2951 1201 2991 oriente
1214 2954 1364 2991 oestivo

117 3026 336 3084 Europum
371 3021 384 3086 (
407 3023 656 3081 Pyropum,
697 3023 914 3080 l’eropum
938 3036 983 3064 v.
1020 3021 1122 3066 lect.
1139 3019 1172 3083 ),
1201 3025 1260 3066 ab
1289 3024 1359 3066 lei-

120 3100 254 3144 berao
270 3099 428 3143 Maria
461 3094 669 3160 (Μαριχῆ
705 3094 940 3141 Ptolemaei
973 3094 1005 3140 1.
1047 3095 1079 3142 1.
1098 3097 1130 3155 ),
1158 3102 1202 3139 in
1223 3100 1364 3141 medio

121 3176 481 3235 Hecatompylos,
513 3178 700 3228 Arsace,
733 3177 859 3231 regio
886 3174 1059 3218 Nesia-a
1090 3174 1366 3227 Par-threnos

122 3249 302 3305 nobitis,
336 3251 413 3294 abi
431 3241 809 3308 Alexandropolis
840 3264 870 3291 α
902 3250 1138 3294 conditore.
1161 3249 1362 3293 Ammia-

121 3341 208 3371 nus
246 3324 417 3382 ΧΧΙΙΙ,
454 3326 502 3380 6,
530 3325 588 3379 51,
618 3326 862 3378 Iasonium,
895 3323 1180 3368 Antiochiam
1204 3334 1249 3368 et
1279 3326 1362 3369 Ni·

168 3485 218 3533 ς’)
244 3483 362 3522 muer
380 3486 486 3531 vill,
503 3495 539 3533 p.
569 3488 639 3523 ³10
660 3495 669 3521 ε
690 3498 709 3516 ι
724 3484 792 3522 Die
821 3483 961 3528 Ebene.
977 3483 1014 3521 in
1032 3483 1196 3522 welclier
1215 3483 1424 3535 Nischapur
1442 3486 1504 3525 die
1519 3485 1629 3526 stadt
1649 3487 1725 3526 und
1742 3486 1802 3525 die
1820 3487 2007 3527 utilreich
2026 3488 2080 3528 sle
2095 3490 2352 3538 umgebenden
2374 3491 2634 3533 Dorisehassen
2648 3522 2659 3542 ,

80 3538 233 3581 “mebt
248 3548 297 3577 an
321 3537 394 3576 den
418 3542 649 3587 Ausgaengen
664 3538 730 3577 der
751 3539 993 3587 Bergreihen,
1018 3538 1055 3577 111
1077 3539 1149 3577 den
1169 3538 1522 3592 Thalvertiestingen
1546 3541 1680 3591 nagan,
1712 3544 1845 3591 gehort
1874 3543 1943 3583 mit
1981 3543 2102 3583 ilii-em
2122 3549 2342 3594 gosegnoten
2371 3547 2503 3587 Anbau
2530 3559 2577 3588 zu
2591 3549 2665 3590 den
2742 3567 2743 3570 ¹

117 3594 336 3642 mutem,
357 3594 589 3634 reitendsten
603 3593 879 3633 Laudscliassen
896 3594 956 3632 die
977 3596 1018 3633 B.
1038 3596 1167 3634 Fcaser
1186 3596 1224 3634 in
1242 3597 1395 3636 Persica
1419 3598 1592 3647 genehen.
1612 3599 1679 3637 Die
1697 3599 1972 3649 Bergabhaenge
1991 3600 2170 3641 bestehen
2192 3613 2294 3642 zwar
2314 3603 2386 3642 allo
2404 3613 2475 3643 aus
2488 3604 2664 3647 melitem
2695 3612 2697 3616 ’

117 3652 221 3700 κίοι,
244 3649 338 3690 abet
361 3651 414 3690 sie
441 3650 524 3689 sind
555 3651 654 3689 reich
681 3662 728 3689 an
754 3651 884 3690 klaren
906 3651 1089 3698 Baechen,
1111 3651 1330 3692 niessendeu
1351 3655 1533 3694 wassern
1558 3654 1635 3693 und
1668 3654 1904 3695 &unsuiclien
1938 3658 2421 3707 Bewoesscrungsanstalten
2451 3658 2664 3712 (emta),
2747 3677 2750 3683 *

117 3705 267 3749 welche
285 3705 348 3745 die
369 3704 501 3746 render
521 3706 599 3744 und
618 3706 680 3745 die
709 3708 914 3745 schonsten
944 3707 1182 3755 Obstgaerteu
1202 3708 1447 3758 besrucliten,
1467 3709 1506 3749 111
1524 3709 1645 3748 denen
1664 3710 1735 3748 alle
1751 3710 1837 3758 jone
1861 3713 2100 3751 ortsctnnen
2121 3724 2181 3752 am
2218 3717 2334 3754 Fuisse
2356 3715 2424 3755 der
2443 3699 2664 3766 Bergreilien
2742 3711 2756 3739 ⁷

118 3763 188 3804 11111
200 3772 295 3813 μοι
313 3761 521 3811 elagehttllt
539 3772 585 3800 zu
605 3762 722 3811 liegen
738 3763 929 3802 scheinen.
953 3763 1021 3802 Die
1046 3764 1177 3801 1711111111-
1188 3764 1272 3802 sind
1295 3765 1332 3802 in
1357 3765 1479 3805 &letne
1495 3766 1607 3805 necte
1627 3766 1817 3812 vertimini,
1833 3768 1909 3806 und
1928 3778 2090 3816 prangen
2114 3770 2182 3808 mit
2202 3770 2274 3809 den
2295 3771 2663 3821 mannlclisaltlgsten

118 3818 267 3859 rubea
289 3817 392 3857 ihrer
408 3818 642 3858 Gewoechse.
670 3818 737 3856 Die
755 3818 987 3867 angebatnon
1006 3820 1207 3857 Terrasscn
1233 3830 1295 3858 am
1315 3822 1407 3860 Fuss
1420 3820 1487 3860 der
1503 3822 1555 3861 Be

120 3876 232 3914 chere
248 3876 531 3922 newaenemng
550 3876 603 3913 tm
629 3873 832 3913 schonsten
852 3874 1056 3913 Schmuck.
1075 3890 1093 3908 ι·
1115 3896 1158 3903 -
1179 3878 1220 3913 1‘.
1243 3887 1278 3923 p.
1302 3881 1373 3918 310
1394 3893 1404 3917 2

121 3934 230 3971 anter
242 3931 315 3970 den
334 3932 489 3970 Persem
508 3929 709 3979 geworden
730 3930 805 3968 und
825 3929 940 3968 daher
958 3930 1062 3968 nicht
1077 3931 1198 3979 wenig
1223 3931 1475 3979 ubertriebcn,
1496 3940 1604 3982 tyenn
1628 3931 1688 3969 die
1708 3931 1876 3980 ‹lortigen
1903 3934 2114 3974 Bewoliner
2130 3935 2249 3974 damlt
2266 3935 2436 3984 prahlen,
2450 3938 2550 3975 eiust
2566 3937 2663 3978 habe

117 3994 208 4031 man
223 3986 260 4024 111
273 3987 347 4025 den
371 3985 664 4026 verschiedenen
684 3985 879 4025 Malnlehse-
900 3987 915 4034 (
933 3986 1132 4025 Districten
1149 3994 1163 4035 )
1184 3987 1415 4037 Nisclnapurs
1435 3996 1484 4026 aa
1505 3989 1623 4026 nooo
1650 3987 1783 4025 Dorser
1798 3989 1955 4037 gczoelilt
1968 4017 1979 4037 ,
2000 3990 2061 4029 die
2083 4000 2158 4030 von
2186 3995 2302 4030 12000
2321 3991 2662 4042 Wasserleitungen

122 4040 198 4078 und
219 4045 260 4079 18
284 4041 431 4082 kleinen
450 4042 610 4083 Flussen
630 4041 844 4082 best-uolitet
857 4051 1045 4091 genesen,
1061 4044 1134 4081 etc.

1147 201 1620 252 PROLEGOMENA.

1420 314 1544 345 seam
1591 299 1844 358 Μαι-31811111
1893 308 2128 355 accenset,
2164 298 2440 345 Ptolemaeus
2483 298 2594 345 Nis
2615 308 2644 359 ἰἱ

1421 372 1560 420 habet
1580 374 1630 419 in
1653 374 1788 429 Aria,
1806 388 1863 419 ex
1886 373 2175 435 antiquiore,
2197 374 2380 435 opinor,
2407 373 2581 436 scripto

1422 450 1637 496 similiter
1667 449 1824 497 Σουσία
1854 449 2116 513 (hodierna
2141 453 2228 495 Τώ-
2259 466 2352 496 non
2389 450 2454 495 ita
2475 450 2612 511 longe

1422 526 1654 586 Nisapour
1671 517 1860 571 boream
1891 535 1935 571 et
1967 525 2191 571 orientem
2219 540 2380 572 versus
2401 526 2487 571 sita
2507 523 2521 587 )
2541 526 2634 573 scri
2664 584 2665 587 Ἰ

1422 614 1577 665 ptores
1599 617 1753 648 rerum
1770 601 2043 658 Alexandri,
2069 617 2185 663 quos
2206 598 2435 650 Atrianus
2450 601 2463 665 (
2477 601 2563 657 111,
2583 599 2677 665 15),

1423 680 1651 742 sequitur,
1676 677 1796 725 πόλιν
1834 681 1909 734 τῆς
1948 678 2106 740 Ἀρείας
2136 678 2312 724 dicunt.
2345 677 2470 724 Idem
2511 689 2661 725 tamen

1426 754 1697 801 Ptolemaeus
1719 769 1861 815 quum
1891 753 2088 799 Parthiae
2112 753 2271 799 urbem
2295 753 2493 799 maxime
2508 753 2661 801 orien-

1425 829 1558 875 talem
1580 827 1796 881 Μυσίαν
1832 826 2023 884 habeat,
2052 831 2107 874 ea
2132 844 2224 874 non
2264 829 2396 874 aliam
2421 843 2558 889 quam
2590 828 2664 875 Ni·
2704 863 2710 874 2

1425 916 1560 947 saeam
1596 900 1795 947 indicari
1811 916 1934 947 nunc
1952 911 2087 962 puto;
2107 902 2283 948 scilicet
2300 903 2367 948 uti
2408 903 2662 951 Astauenos

1424 987 1470 1023 et
1492 977 1541 1023 in
1566 978 1677 1022 Aria
1693 986 1738 1022 et
1757 977 1806 1022 in
1824 976 2055 1037 Hyrcania
2069 981 2200 1036 ponit
2215 1012 2228 1035 ,
2246 979 2310 1024 ita
2320 980 2456 1025 etiam
2468 979 2662 1026 Nisaeam
2700 1040 2702 1042 v

1426 1053 1605 1099 variata
1629 1051 1885 1114 paullulum
1910 1052 2113 1098 nominis
2140 1052 2286 1098 forma
2322 1053 2371 1098 in
2405 1055 2517 1100 Aria
2544 1065 2589 1101 et
2613 1056 2661 1101 in
2700 1047 2707 1098 f

1422 1129 1624 1175 Parthiae
1645 1139 1775 1191 parte
1794 1127 2008 1174 orientali
2034 1128 2243 1175 collocat.

1487 1206 1591 1252 ¹52.
1629 1206 1740 1252 Post
1765 1205 2117 1252 Parthaunisam
2136 1208 2164 1251 6
2203 1205 2498 1252 schoenorum
2522 1206 2661 1254 inter·
2698 1215 2706 1263 j

1417 1284 1540 1329 vallo
1560 1285 1769 1344 sequitur
1799 1284 1977 1332 Gathar
2005 1283 2144 1339 urbs,
2177 1293 2281 1344 post
2310 1283 2426 1329 alios
2457 1283 2663 1344 quinque
2692 1277 2695 1283 ’

1417 1362 1544 1406 Siroc
1560 1359 1697 1417 urbs3
1715 1359 1884 1405 deinde
1907 1370 2187 1405 memoratur
2211 1361 2384 1419 Saphri
2405 1360 2561 1415 vicus,
2582 1359 2663 1419 qui
2694 1359 2709 1418 ζ»

1420 1436 1610 1482 ultimus
1649 1435 1931 1497 Pau-thyenes
1965 1437 2093 1481 locus
2133 1435 2272 1482 fuisse
2319 1435 2504 1481 videtur
2533 1447 2579 1481 et
2614 1436 2663 1481 in
2707 1437 2714 1494 ζ

1419 1513 1594 1559 ultimis
1608 1512 1812 1572 regionis
1824 1512 2023 1559 schoenis
2046 1522 2150 1557 octo
2169 1511 2465 1557 collocandus
2488 1522 2572 1558 est.
2596 1511 2664 1557 De
2706 1538 2708 1542 ·

1419 1589 1495 1636 his
1507 1590 1570 1636 ita
1588 1589 1966 1637 sainte-Croix.l.
1992 1590 2023 1635 1.
2051 1605 2098 1650 p.
2119 1589 2180 1648 98
2206 1605 2216 1633 ε
2241 1609 2260 1629 α
2280 1587 2336 1633 Je
2347 1590 2466 1633 crois
2486 1597 2664 1634 retrou·
2709 1639 2712 1642 ,

1424 1682 1507 1712 ver
1542 1667 1587 1712 la
1620 1667 1850 1728 premiere
1887 1666 1943 1710 de
1981 1680 2054 1710 ces
2089 1665 2223 1710 villes
2252 1664 2367 1710 dans
2409 1663 2661 1721 Carendar,
2716 1652 2717 1696 Ϊ

1424 1742 1554 1803 place
1570 1742 1825 1797 tres-sorte,
1845 1755 1935 1812 que
1951 1741 2017 1786 les
2037 1740 2269 1800 generauit
2290 1739 2347 1785 de
2364 1738 2664 1799 Genghizltan

1425 1817 1614 1862 vini-ent
1636 1816 1836 1875 assic-ger
1852 1816 2044 1861 aussitot
2068 1815 2201 1877 apres
2218 1813 2350 1860 avoir
2368 1814 2471 1876 pris
2488 1824 2533 1860 et
2554 1812 2662 1876 pine'

1425 1891 1541 1938 Nesa
1575 1890 1727 1954 (nist.
1762 1891 1818 1935 de
1842 1890 2090 1937 Ghenzisk.
2125 1907 2171 1951 p.
2201 1891 2289 1943 341.
2311 1892 2344 1951 ).
2366 1889 2414 1935 Si
2436 1889 2531 1935 l’on
2559 1904 2666 1950 sup·
2731 1943 2733 1945 ¹

1425 1981 1536 2028 pose
1560 1981 1649 2027 que
1666 1954 1797 2011 S'iroc
1815 1966 1925 2011 ctait
1947 1969 1973 2011 a
1989 1965 2263 2011 l'extrcmite
2281 1965 2396 2011 dela
2406 1964 2669 2028 Parthyene

1427 2041 1449 2106 (
1467 2042 1590 2104 quod
1616 2058 1708 2088 non
1730 2043 1795 2088 ita
1817 2057 1917 2087 esse
1936 2057 1991 2087 ex
2017 2041 2186 2087 lsidori
2210 2040 2365 2087 verbis
2388 2039 2562 2104 patet),
2582 2057 2668 2088 son
2734 2079 2736 2083 .

1427 2136 1534 2166 nom
1557 2131 1602 2166 et
1624 2135 1674 2166 sa
1711 2119 1915 2181 position
1946 2118 2212 2181 pourraient
2247 2134 2371 2164 assez
2397 2120 2620 2165 convenii·
2641 2133 2670 2165 a
2727 2111 2742 2166 1·

1426 2194 1639 2241 serakhs.
1669 2215 1687 2235 υ
1717 2193 1887 2239 Eodem
1923 2194 2060 2240 modo
2083 2193 2241 2240 statuit
2269 2193 2441 2240 Rennel
2466 2198 2480 2255 (
2507 2197 2663 2255 Geogr.
2713 2221 2719 2227 ·

1425 2269 1485 2327 qs
1510 2272 1715 2318 Hemdoe.
1755 2286 1799 2332 p.
1822 2269 1912 2331 295
1934 2270 1967 2331 )‚
2003 2269 2277 2315 assentiente
2311 2272 2530 2316 Lassenio
2561 2269 2592 2315 l.
2629 2269 2677 2315 1.·
2730 2270 2742 2317 ’ἵ

1426 2360 1475 2406 p.
1510 2346 1618 2400 416.
1643 2345 1870 2391 Praeterea
1886 2345 2055 2404 Saphri
2075 2344 2229 2390 vicum
2257 2346 2308 2390 in
2342 2343 2568 2391 hodierno
2589 2347 2670 2390 Ja-
2747 2357 2749 2363 ·

1414 2421 1514 2479 scri
1533 2421 1547 2484 (
1568 2420 1739 2467 Rennel
1755 2418 1769 2483 )
1784 2420 1883 2467 sive
1893 2420 2105 2478 Dchoffri
2129 2413 2356 2483 (Lassen)
2377 2420 2478 2467 sive
2500 2420 2669 2468 rectius

1427 2495 1792 2554 Robat-Zasrdni
1824 2495 2022 2557 (Ritter,
2050 2493 2266 2558 Kiepert)
2305 2510 2552 2555 agnoscere
2573 2494 2667 2543 sibi
2746 2514 2754 2553 2,

1427 2572 1662 2618 videntur.
1680 2570 1793 2626 Quae
1805 2571 1962 2617 omnia
1976 2586 2140 2617 vereor
2156 2586 2213 2617 ne
2231 2572 2325 2617 sint
2337 2571 2509 2629 inania,
2525 2588 2666 2634 quum
2743 2557 2753 2586 ‘⁹

1428 2646 1486 2692 ab
1510 2646 1679 2693 Isidori
1703 2648 1782 2694 via
1797 2658 1841 2693 et
1862 2647 2096 2693 distantiis
2115 2647 2408 2696 abhorreant.
2436 2647 2547 2695 Nam
2571 2651 2667 2695 Za·
2751 2646 2753 2660 ²

1419 2724 1556 2781 srdni
1583 2739 1609 2769 a
1650 2727 1877 2785 Nisapour
1907 2739 2119 2770 occasum
2154 2739 2315 2771 versus
2350 2724 2438 2771 sita
2467 2735 2549 2773 est.
2574 2724 2694 2772 Caev
2739 2713 2742 2715 Δ

1427 2802 1593 2843 remim·
1616 2798 1689 2845 vel
1708 2800 1918 2845 Cacndar
1939 2798 2138 2861 (Rennel
2158 2798 2171 2863 )
2190 2799 2270 2846 ubi
2293 2800 2496 2847 fueritin
2511 2816 2667 2848 recen·

1429 2873 1626 2920 tioribus
1650 2875 1829 2936 mappis
1853 2890 1945 2920 non
1969 2875 2177 2937 repperi3
2206 2876 2278 2922 sin
2299 2876 2451 2939 posita
2467 2887 2564 2923 erat
2582 2875 2665 2924 ubi

1428 2950 1583 3011 posuit
1621 2950 1670 2996 in
1708 2950 1963 2997 llerodotea
1992 2966 2075 2996 sua
2100 2951 2255 2996 tabula
2294 2950 2568 3010 Rennelius,
2606 2950 2664 2999 ad

1428 3024 1587 3070 urbem
1614 3027 1641 3070 6
1666 3025 1867 3071 schoenis
1891 3042 1917 3070 a
1937 3029 2167 3087 Nisapour
2185 3025 2392 3072 dissitam
2419 3027 2579 3075 referri
2596 3042 2670 3076 ne·
2704 3035 2706 3037 ’

1430 3102 1545 3161 quit.
1570 3102 1794 3147 Similiter
1811 3104 1998 3147 Semeles
2014 3102 2145 3159 urbs,
2166 3119 2269 3163 quae
2285 3120 2311 3149 a
2330 3107 2559 3164 Nisapoar
2573 3121 2666 3153 non
2691 3115 2696 3122 “

1436 3193 1451 3221 1
1469 3193 1482 3220 1
1498 3212 1509 3232 ,
1525 3176 1601 3221 sed
1615 3177 1735 3221 ultra
1755 3185 1813 3230 4ο
1834 3177 2045 3223 schoenos
2059 3177 2212 3234 distat,
2230 3194 2320 3223 non
2342 3189 2488 3239 potest
2505 3179 2684 3226 reserri'

1431 3250 1485 3295 ad
1510 3250 1643 3295 Sin-oe
1668 3251 1935 3310 lsidoream,
1953 3252 2043 3297 nisi
2062 3253 2215 3297 omnia
2241 3253 2287 3297 in
2305 3252 2478 3299 Graecis
2498 3254 2666 3302 nostris
2731 3310 2735 3312 ,

1432 3324 1612 3370 turbata
1635 3341 1733 3371 esse
1760 3326 1962 3371 linxeris.
1980 3326 2191 3372 Ceterum
2213 3326 2378 3388 Saphri
2402 3328 2556 3374 vicum
2578 3344 2667 3376 me-

1557 3830 1619 3915 rge
1642 3820 1718 3859 und
1739 3823 1805 3859 auf
1830 3822 1934 3862 ihren
1954 3825 2173 3890 Vorhol‘ien,
2194 3826 2326 3891 slehen
2351 3825 2472 3865 durch
2489 3827 2572 3867 ihre
2595 3829 2665 3867 rei·

1431 3893 1449 3911 a
1475 3878 1549 3916 Der
1568 3879 1581 3915 1
1603 3877 1693 3914 1111111
1720 3877 1786 3915 der
1804 3879 2032 3918 Landsclnan
2055 3881 2263 3930 Nuscliapur
2286 3886 2335 3921 ist
2356 3882 2660 3930 spricliwottllch
