2808 4342
24 226 28 231 .
61 169 134 230 (32,
152 169 221 226 33.)

62 269 317 333 κυὸερνήτης
335 295 349 324 ,
373 262 633 317 κατανοήσας
658 260 732 316 τὴν
751 260 858 306 θέσιν
881 263 963 306 τῶν
993 262 1200 323 ἐμπορίων
1224 264 1294 309 καὶ

59 338 105 384 τὸ
125 342 269 401 σχῆμα
285 339 356 390 τῆς
375 331 597 386 θαλάσσης,
616 329 686 375 τὸν
704 329 770 374 διὰ
787 329 988 391 πελάγους
1004 329 1136 392 ἐξεῦρε
1150 333 1293 390 πλοῦν,

60 408 131 471 ἀφ’
159 401 205 451 οὗ
227 405 296 451 καὶ
324 403 500 451 τοπικῶς
523 401 568 444 ἐκ
591 403 662 444 τοῦ
688 400 871 444 ὠκεανοῦ
905 399 1150 462 φυσώντων,
1185 402 1294 447 κατὰ

57 475 126 522 τὸν
150 473 288 535 καιρὸν
309 474 388 516 τῶν
412 470 510 530 παρ’
535 471 635 528 ἡμῖν
651 504 664 528 ,
692 467 863 524 ἐτησίων
885 469 925 512 ἓν
953 471 1010 530 τῷ
1035 468 1194 532 Ἰνδικῷ
1216 489 1289 516 πε·

57 544 175 604 λάγει
211 545 232 586 ὃ
262 539 468 590 λιὸόνοτος
494 536 680 600 φαίνεται
713 535 958 598 [ἵππαλος]
990 538 1291 598 προςονομάζε-

60 615 153 658 σθαι
183 607 303 672 [ἀπὸ
332 611 404 663 τῆς
434 605 711 668 προσηγορίας
739 609 809 650 τοῦ
835 605 1006 668 πρώτως
1036 605 1294 666 ἐξευρηκότος

56 679 125 726 τὸν
148 678 345 724 διάπλουν
365 675 403 738 ]].
438 678 440 682 '
470 674 558 737 Ἀφ’
575 668 621 720 οὗ
639 673 763 736 μέχρι
783 673 854 719 καὶ
870 678 940 719 νῦν
963 675 1066 725 τινὲς
1090 674 1164 734 μὲν
1180 675 1294 728 εὐθὺς

57 747 137 794 ἀπὸ
152 750 233 794 τῶν
258 749 426 805 Κανῆς,
451 741 557 796 τινὲς
580 742 621 789 δὲ
642 742 724 788 ἀπὸ
739 745 821 788 τῶν
844 742 1093 806 Ἀρωμάτων
1111 744 1293 807 ἀφιέντες

61 818 98 863 οἵ
133 815 204 878 μὲν
243 818 299 868 εἰς
320 813 553 876 Λιμυρικὴν
572 812 763 865 πλέοντες
783 812 850 859 ἐπὶ
869 813 1007 858 πλεῖον
1031 813 1294 875 τραχηλίζον-

12 888 140 946 orec,
178 887 215 930 οἱ
250 883 291 929 δὲ
326 885 381 935 εἷς
403 882 628 946 Βαρύγαζα
662 881 703 928 οἵ
729 901 772 927 τε
796 884 851 935 εἷς
881 881 1060 928 Σκυθίαν
1084 884 1129 928 οὗ
1153 884 1292 929 πλεῖον

53 953 80 1009 ἢ
111 955 218 1017 τρεῖς
251 951 407 1014 ἡμέρας
441 950 658 1013 ἀντέχουσι
681 950 751 996 καὶ
784 951 830 996 τὸ
850 950 992 997 λοιπὸν
1015 951 1292 1015 παρεπίφορον

54 1010 152 1085 πρὸς
168 1021 270 1068 ἴδιον
293 1020 441 1083 δρόμον
455 1020 503 1045 μ
527 1022 572 1066 ἐκ
594 1023 666 1075 τῆς
684 1019 823 1082 χώρας
841 1019 992 1082 ὑψηλοὶ
1017 1020 1083 1065 διὰ
1111 1026 1178 1066 τοῦ
1197 1020 1290 1074 ἔξω·

53 1094 119 1136 θεν
153 1095 229 1153 γῆς
251 1091 541 1151 παραπλέουσι
573 1088 667 1141 τοὺς
693 1088 1011 1151 προειρημένους
1030 1091 1221 1142 κόλπους.

118 1176 176 1207 58.
202 1158 301 1205 Ἀπὸ
317 1157 360 1204 δὲ
382 1160 576 1221 Βακαρῆς
592 1157 638 1203 τὸ
657 1157 876 1218 λεγόμενον
896 1157 1062 1220 Πυρρὸν
1078 1156 1166 1220 ὄρος
1186 1158 1291 1221 ἄλλῃ

17 1259 35 1288 5
57 1227 237 1291 παρήκει
274 1227 394 1290 χώρα
430 1231 482 1290 τῇ
497 1227 520 1249 ⁴²
539 1245 612 1282 κης
649 1227 712 1282 η*
735 1226 931 1289 Παραλία
963 1227 1167 1289 λεγομένῃ
1191 1227 1293 1289 πρὸς

54 1297 176 1343 αὐτὸν
200 1297 269 1342 τὸν
304 1295 416 1342 νότον
445 1295 516 1354 (ἓν
541 1289 661 1356 {nod
691 1294 947 1358 κολύμὸησίς
975 1298 1084 1341 ἐστιν
1121 1295 1200 1341 ὑπὸ
1220 1295 1288 1340 τὸν

55 1365 229 1427 βασιλέα
254 1364 465 1412 Πανδίονα
490 1368 650 1409 πινικοῧ
674 1363 745 1409 καὶ
776 1364 891 1416 πόλις
913 1368 938 1419 ἡ
959 1365 1159 1426 λεγομένη
1178 1364 1287 1410 Κόλ·

51 1439 164 1498 χοι.)
206 1437 379 1496 Πρῶτος
403 1432 525 1484 τόπος
554 1432 715 1479 Βαλίτα
741 1430 989 1492 καλούμενος
1015 1432 1139 1495 ὅρμον
1163 1433 1288 1478 καλὸν

53 1501 161 1565 ἔχων
184 1501 255 1548 καὶ
278 1501 423 1562 κώμην
445 1502 800 1563 παραθαλάσσιον·
825 1502 908 1547 ἀπὸ
931 1501 973 1547 δὲ
1003 1503 1156 1558 ταύτης
1180 1502 1288 1547 ἐστὶν

59 1697 153 1752 μὲνέ)
175 1699 261 1751 Η-
277 1698 315 1737 3.
335 1698 591 1751 φυσώντων
621 1696 743 1737 κατὰ
765 1696 816 1736 τὸ
832 1711 849 1736 ν
875 1698 1071 1751 καιρὸν]
1092 1700 1298 1751 φυσώντων

57 1766 132 1801 τῶν
148 1759 248 1802 πατὰ
265 1759 395 1814 καιρὸν
415 1759 509 1800 cod.
529 1758 680 1814 ἀνέμων
696 1773 773 1814 pro
792 1763 867 1799 τῶν
888 1758 999 1813 conj.
1017 1761 1209 1813 Wagner
1228 1775 1294 1816 ap.

57 1825 310 1866 Fabricium.
347 1823 640 1879 Bernhardyus
662 1824 771 1879 conj.
807 1826 1016 1880 φυσώντων
1048 1825 1171 1880 [καὶ]
1197 1825 1294 1866 κατὰ

52 1886 182 1943 καιρὸν
214 1891 290 1928 τῶν
322 1887 409 1942 παρ’
442 1886 537 1942 ἡμῖν
562 1887 724 1939 ἐτησίων
742 1919 753 1938 ,
791 1887 906 1942 quod
924 1889 1061 1928 sensui
1090 1890 1159 1928 vix.
1181 1890 1294 1929 satis-

55 1948 165 1991 facit.
191 1951 388 1992 Moasson
410 1957 558 1990 ventus
575 1981 587 2000 ,
613 1950 685 2003 qui
703 1964 777 2004 per
797 1957 977 1990 aestatem
998 1950 1069 1989 flat
1084 1964 1134 1990 ex
1152 1951 1292 1991 oceani

51 2010 169 2066 plaga
190 2012 299 2052 inter
320 2010 537 2052 meridiem
560 2020 600 2052 et
623 2020 807 2051 austrum
827 2011 964 2051 media
985 2012 1202 2051 etesiarum
1219 2026 1292 2052 no-

53 2074 164 2115 mine
182 2081 437 2114 memoratur
460 2074 584 2114 etiam
614 2073 665 2114 ab
686 2075 866 2115 Arriano
892 2075 935 2114 in
951 2073 1047 2114 Ind.
1070 2087 1139 2124 21,
1162 2088 1198 2123 1,
1220 2074 1292 2114 ubi

51 2136 262 2177 Nearchus
283 2136 335 2176 ab
364 2135 473 2177 Indo
503 2150 600 2177 cum
630 2136 754 2176 classe
782 2135 992 2190 profectus
1016 2150 1102 2175 esse
1123 2136 1290 2186 dicitur,

51 2206 271 2255 postquam
289 2197 338 2238 τὰ
358 2197 489 2249 ἐτήσια
507 2198 706 2252 πνεύματα
730 2196 915 2252 ἐκοιμήθη
932 2229 943 2247 ,
968 2198 991 2236 ἃ
1010 2195 1056 2247 δὴ
1077 2200 1145 2238 τοῦ
1170 2198 1293 2252 θέρεος

23 2290 26 2292 -
48 2257 118 2310 τὴν
138 2262 241 2315 ὥρην
272 2261 396 2301 πᾶσαν
417 2260 570 2313 κατέχει
599 2258 641 2299 ἐκ
660 2261 728 2299 τοῦ
757 2259 949 2314 πελάγους
983 2257 1207 2299 ἐπιπνέοντα
1232 2257 1293 2300 ἐπὶ

51 2319 121 2372 τὴν
144 2324 234 2376 γῆν.
258 2321 322 2362 Cf.
343 2321 400 2361 id.
427 2321 563 2362 Anah.
580 2323 658 2371 VI,
683 2335 753 2372 21,
783 2335 821 2371 1,
843 2321 914 2361 ubi
939 2320 990 2360 de
1005 2320 1147 2361 eadem
1170 2336 1215 2361 re
1234 2321 1292 2361 lo-

50 2397 180 2437 quens
203 2396 212 2423 :
245 2382 282 2422 οἱ
307 2381 384 2437 γὰρ
409 2381 554 2433 ἐτήσιοι
584 2383 741 2438 ἄνεμοι,
780 2383 932 2436 inquit,
957 2384 1159 2436 κατεῖχον,
1185 2384 1224 2423 οἳ
1244 2382 1290 2434 δὴ

52 2448 100 2500 τῇ
118 2446 200 2499 ὥρᾳ
221 2444 345 2500 ἐκείνῃ
366 2443 408 2484 οὔ
427 2445 596 2499 καθάπερ
615 2445 703 2500 παρ’
719 2444 815 2499 ἡμῖν
838 2444 901 2485 ἀπ’
925 2444 1079 2499 ἄρκτου,
1106 2443 1196 2484 ἀλλ’
1218 2444 1291 2486 ἀπὸ

51 2508 119 2556 τῆς
144 2505 316 2560 μεγάλης
337 2505 530 2557 θαλάσσης
553 2506 651 2546 κατὰ
671 2507 783 2546 νότον
803 2506 970 2561 μάλιστα
990 2505 1131 2561 ἄνεμον
1156 2506 1291 2547 ἵσταν-

51 2583 127 2609 ται,
161 2568 305 2608 Etesiae
335 2582 378 2607 111
412 2569 516 2607 mari
547 2567 848 2608 mediterraneo
881 2568 982 2608 flant
1001 2567 1097 2608 inde
1118 2569 1168 2608 ab
1194 2578 1289 2609 ortu

52 2629 245 2671 caniculae
258 2660 268 2678 ,
291 2628 468 2683 ideoque
490 2629 638 2670 eodem
654 2638 839 2685 tempore
856 2629 914 2670 ibi
933 2638 1119 2684 regnant,
1142 2645 1226 2685 quo
1242 2646 1292 2672 ex

50 2706 202 2733 oceano
225 2692 325 2732 flant
346 2705 422 2747 per
444 2706 556 2732 mare
581 2691 790 2733 Indicum.
834 2693 849 2747 ΙΙ
880 2717 937 2723 -
960 2692 999 2733 5.
1038 2693 1208 2740 ἵππαλος
1230 2695 1291 2734 in-

49 2755 172 2794 serui.
211 2754 227 2807 Ι]
251 2778 306 2784 -
336 2755 843 2809 προσονομάζεσθαι]
884 2756 1216 2809 προσονομάζεται
1252 2749 1308 2796 δὲ’

53 2817 206 2868 codex;
232 2819 406 2858 mutavit
439 2819 672 2860 Salmasius,
695 2818 775 2868 Sed
804 2820 865 2859 uti
899 2820 1022 2860 etiam
1049 2819 1129 2860 alio
1165 2821 1290 2861 verbo

50 2887 193 2919 auctor
214 2881 365 2934 potuit,
402 2880 607 2935 siquidem
641 2881 859 2921 verisimile
881 2890 941 2922 est
966 2881 1067 2922 illud
1097 2898 1290 2938 προσαγο-

50 2942 194 2995 ρεύεται
225 2941 266 2982 δὲ
286 2941 360 2983 ἀπὸ
381 2943 467 2983 κτλ.
494 2956 545 2984 ex
564 2952 663 2984 nota
688 2944 902 2997 marginali
924 2945 966 2984 in
990 2944 1182 2985 ordinem
1202 2960 1290 2985 ver-

51 3003 199 3044 borum
221 3005 445 3060 irrepsisse.
476 3006 492 3059 1}
527 3029 592 3060 -.
614 3021 655 3059 9.
680 3020 702 3045 τ
715 3021 734 3060 ρ
747 3021 838 3060 αχη
849 3005 874 3045 λ
886 3006 926 3053 ίζ
940 3021 960 3046 0
973 3021 991 3047 ν
1006 3021 1027 3046 τ
1041 3021 1057 3046 ε
1070 3007 1114 3060 ς]
1138 3007 1290 3059 Legere

44 3063 233 3118 juberem
257 3067 584 3122 τραχηλίζονται,
613 3067 740 3108 modo
766 3069 913 3108 scirem
933 3067 1036 3122 quid
1066 3067 1142 3108 sibi
1174 3068 1290 3109 vellet

53 3140 131 3167 vox
152 3136 222 3167 aut
254 3129 466 3183 quomodo
503 3129 765 3170 emendanda
786 3139 903 3170 esset.
938 3132 1089 3171 Sensus
1121 3130 1199 3170 loci
1222 3130 1290 3171 hic

51 3201 137 3228 esse
154 3189 258 3229 mihi
278 3190 453 3232 videtur.
474 3193 559 3245 Qui
579 3192 796 3247 Limyricae
814 3200 959 3247 portus
989 3191 1197 3247 petebant,
1216 3206 1290 3247 per

52 3249 179 3290 altum
211 3253 444 3305 navigantes
467 3254 682 3309 hippalum
712 3263 884 3295 ventum
909 3269 995 3295 non
1029 3269 1052 3295 a
1073 3262 1188 3309 tergo
1217 3255 1289 3296 sed

53 3324 170 3365 paene
209 3326 231 3351 a
268 3313 394 3355 latere
434 3314 581 3355 dextro
617 3314 839 3368 habebant,
879 3332 1012 3371 quum
1047 3325 1159 3357 recta
1205 3317 1288 3358 fere

54 3386 195 3412 versus
215 3382 351 3414 ortum
374 3377 451 3419 iter
468 3377 516 3416 iis
535 3377 742 3429 tenderet3
764 3379 828 3418 his
846 3380 971 3433 igitur
989 3380 1192 3433 navigatio
1210 3381 1286 3420 im-

53 3433 231 3487 peditior
254 3445 354 3486 erat,
379 3439 463 3478 sive
484 3440 596 3479 recta
625 3454 700 3494 per
719 3441 846 3480 altum
876 3442 919 3480 in
942 3442 1176 3497 Limyricen
1197 3451 1285 3482 ten-

53 3495 150 3535 dere
184 3496 418 3548 studebant,
454 3501 538 3541 sive
565 3503 746 3556 primum
792 3517 932 3542 versus
977 3503 1284 3559 IndoscythIam
1327 3531 1335 3536 ·

54 3557 314 3610 navigabant,
340 3568 380 3599 et
396 3560 496 3602 hinc
524 3577 638 3603 oram
668 3563 861 3616 legebant
882 3565 1097 3605 meridiem
1118 3581 1280 3617 versus3

53 3626 196 3659 contra
225 3634 321 3660 vero
350 3622 377 3660 ii
402 3624 473 3675 qui
503 3639 526 3664 a
557 3626 667 3665 Cane
691 3626 734 3664 in
749 3625 1056 3680 Indoscythiam
1078 3628 1141 3667 vel
1157 3631 1281 3684 Bary-

53 3694 146 3735 gaza
159 3681 476 3734 contendebant,
493 3687 673 3740 primum
694 3687 860 3741 quidem
878 3702 953 3742 per
966 3689 1151 3730 triduum
1167 3689 1283 3732 oram

53 3743 238 3797 legebant
256 3760 384 3800 usque
399 3746 450 3786 ad
466 3748 661 3801 Syagrum
677 3751 1010 3803 promontorium
1035 3753 1051 3804 (
1066 3760 1112 3792 ut
1134 3767 1184 3792 ex
1201 3754 1283 3793 Pli-

54 3806 124 3846 nio
142 3808 219 3857 VI,
238 3808 289 3848 23
306 3839 318 3858 ,
346 3822 421 3851 100
441 3810 604 3863 colligas
621 3810 657 3866 );
685 3811 782 3851 hinc
801 3820 938 3852 autem
959 3827 1091 3867 quum
1115 3813 1283 3855 boream

55 3882 193 3909 versus
209 3883 281 3910 ora
302 3870 549 3922 flecteretur,
569 3881 655 3913 tota
673 3874 713 3912 vi
731 3873 885 3928 hippali
905 3875 1014 3914 venti
1034 3883 1193 3916 utentes
1213 3891 1288 3931 per

53 3929 180 3970 altum
198 3930 407 3973 celerrime
428 3933 505 3973 iter
520 3933 796 3975 absolvebant.
814 3935 1000 3976 Verbum
1017 3935 1218 3991 ἀντέχουσι
1233 3939 1289 3979 ita

55 3990 223 4045 intelligi
242 3994 369 4047 possit
385 4002 430 4035 ut
445 3995 718 4050 supplendum
739 3997 790 4036 sit
813 3999 880 4048 τῆς
895 3999 991 4052 γῆς;
1009 4012 1055 4039 ac
1077 4001 1213 4040 nescio
1236 4015 1287 4041 an

838 159 1130 208 PERIPLUS
1164 162 1347 208 MAss-ls
1384 164 1732 212 ERYTHRAEI.

2509 195 2593 234 209

1367 272 1504 327 gendo
1522 273 1817 326 conficiebant,
1841 278 2001 331 primus
2019 287 2155 320 autem
2178 283 2374 337 Hippalus
2401 288 2598 340 guberna-

1363 343 1447 386 tor,
1470 335 1686 377 observato
1706 338 1788 378 situ
1804 340 2086 392 emporiorum
2110 350 2148 381 et
2180 343 2323 385 habitu
2348 350 2470 389 maris
2485 380 2496 399 ,
2530 366 2599 392 na-

1365 398 1613 450 vigationem
1642 412 1717 454 per
1740 399 1869 440 altum
1902 401 2196 444 instituendam
2232 406 2401 448 invenit.
2461 413 2600 463 Quare

1362 460 1502 510 etiam,
1521 473 1651 514 quum
1672 475 1751 515 pro
1769 460 1956 502 locorum
1975 464 2149 514 ratione,
2171 468 2326 518 etesiae,
2351 470 2496 512 eodem
2517 488 2600 527 quo

1361 519 1475 574 apud
1499 534 1576 560 nos
1608 520 1709 562 flant
1729 529 1937 577 tempore,
1958 538 2010 564 ex
2032 526 2197 566 Oceano
2216 529 2371 582 spirent
2391 531 2432 570 in
2459 534 2599 588 pelago

1360 578 1530 628 Indico,
1552 579 1761 620 libonotus
1783 589 1928 622 ventus
1950 585 2186 626 nominatus
2211 601 2296 627 esse
2319 588 2479 631 videtur
2501 594 2602 647 Hip·

1364 637 1481 691 palus
1497 637 1568 691 (de
1585 638 1754 679 nomine
1765 637 1853 693 ejus
1871 641 1943 694 qui
1961 643 2119 696 primus
2134 644 2246 685 hunc
2258 645 2471 701 trajectum
2491 650 2602 692 inve-

1361 696 1513 752 nerat).
1572 696 1677 737 Inde
1695 711 1719 737 a
1736 711 1821 752 quo
1838 707 2024 754 tempore
2043 716 2174 757 usque
2194 704 2246 744 ad
2264 705 2378 747 hunc
2400 707 2510 749 diem
2532 710 2598 751 alii

1361 757 1498 797 statim
1520 771 1545 797 a
1566 757 1690 807 Cane,
1711 757 1778 797 alii
1798 757 1850 799 ab
1870 760 2114 802 Aromatum
2132 767 2417 818 promontorio
2438 768 2600 810 solven-

1363 822 1422 855 tes
1438 846 1450 866 ,
1476 815 1681 870 siquidem
1704 817 1939 872 Limyricen
1957 820 2126 874 petituri
2150 831 2245 863 sunt
2262 855 2273 874 ,
2297 823 2451 867 diutius
2480 827 2599 868 oblu-

1363 882 1541 926 ctantur,
1573 876 1637 915 sin
1670 876 1712 916 in
1744 878 1948 932 Barygaza
1973 888 2013 920 et
2041 881 2248 935 Scythiam
2270 883 2475 937 tendunt,
2511 901 2597 928 non

1362 933 1470 974 ultra
1488 933 1678 975 triduum
1697 943 1842 976 contra
1861 937 2067 989 nituntur,
2087 947 2128 980 et
2146 941 2303 996 reliquo
2319 951 2502 999 tempore
2530 960 2598 986 ac-

1362 993 1662 1033 commodatum
1690 993 1742 1033 ad
1768 996 2028 1049 propositum
2050 1009 2222 1039 cursum
2252 1015 2279 1040 a
2302 1010 2409 1053 tergo
2434 1013 2598 1044 ventum

1362 1051 1491 1099 nacti,
1515 1051 1656 1092 relicto
1672 1059 1805 1093 tractu
1824 1053 1971 1094 litorali
1992 1056 2033 1095 in
2050 1055 2131 1096 alto
2150 1057 2267 1112 longe
2282 1073 2305 1100 a
2326 1067 2433 1101 terra
2450 1063 2597 1102 remoti

1361 1110 1588 1163 praedictos
1607 1111 1706 1151 istos
1728 1112 1842 1152 sinus
1861 1115 2179 1166 praetervehunt.

1425 1169 1492 1210 58.
1524 1172 1623 1211 Post
1643 1172 1824 1211 Bacaren
1852 1174 2035 1226 Pyrrhus
2054 1176 2138 1215 sive
2159 1175 2290 1217 Rufus
2319 1192 2439 1219 mons
2458 1194 2597 1220 versus

1363 1237 1580 1278 meridiem
1611 1238 1848 1279 extenditur
1871 1238 1990 1293 juxta
2017 1242 2137 1283 aliam
2165 1245 2375 1298 regionem
2398 1247 2597 1288 Paraliam

1363 1304 1514 1346 dictam
1533 1296 1599 1359 (in
1633 1320 1712 1360 qua
1743 1307 1865 1347 etiam
1892 1310 2204 1362 margaritarum
2236 1320 2296 1352 est
2328 1314 2506 1368 piscatio·
2521 1316 2601 1357 sub

1361 1387 1456 1426 rege
1467 1373 1680 1415 Pandione
1694 1406 1706 1425 ,
1724 1383 1846 1429 atque
1860 1376 1960 1416 urbs
1979 1377 2121 1418 Colchi
2137 1380 2339 1444 nomine.)
2379 1383 2541 1423 Primus
2556 1385 2598 1424 in

1362 1456 1411 1481 eo
1436 1449 1571 1482 tractu
1597 1442 1712 1483 locus
1741 1444 1869 1484 Balita
1893 1454 2077 1496 vocatur,
2103 1448 2270 1488 navium
2289 1450 2506 1490 stationem
2527 1451 2598 1491 ha·

1361 1508 1461 1549 bens
1473 1509 1737 1551 commodam
1752 1512 1972 1566 vicumque
1986 1515 2255 1556 maritimum.
2315 1518 2413 1557 Post
2427 1518 2596 1558 Balitam

1359 1717 1410 1743 ex
1437 1705 1701 1757 sequentibus
1720 1706 1844 1746 verba
1876 1710 1943 1758 τῆς
1971 1709 2099 1761 χώρας
2122 1708 2204 1748 huc
2221 1709 2467 1749 retrahenda
2498 1711 2593 1759 sint,

1359 1764 1491 1806 deleta
1514 1767 1714 1820 particula
1733 1767 1795 1818 ἐκ;
1822 1777 1931 1808 certe
1965 1770 2069 1809 mira
2097 1778 2157 1810 est
2185 1770 2406 1810 verborum
2437 1771 2593 1812 redun-

1359 1826 1498 1868 dantia
1512 1828 1555 1867 in
1574 1829 1660 1868 istis
1682 1842 1692 1870 :
1712 1829 1753 1870 ἐκ
1773 1833 1840 1881 τῆς
1858 1832 1987 1885 χώρας
2004 1831 2145 1885 ὑψηλοὶ
2159 1831 2221 1871 διὰ
2234 1834 2301 1872 τοῦ
2320 1832 2334 1888 (
2350 1835 2416 1883 τῆς
2435 1833 2593 1887 codex)

1360 1888 1496 1937 ἔξωθεν
1509 1892 1595 1945 γῆς.
1621 1890 1810 1932 Stuckius
1828 1900 1868 1932 et
1878 1892 2104 1933 Hudsonus
2118 1893 2255 1934 locum
2273 1895 2330 1935 ita
2342 1895 2536 1936 exhibent
2553 1898 2595 1936 in

1358 1950 1494 1991 latinis
1520 1958 1551 1991 :⁴
1572 1971 1589 1987 κ
1621 1953 1736 1992 Inter
1750 1967 1853 2007 quos
1870 1954 1941 2007 qui
1960 1955 2208 2008 Limyricam
2227 1963 2374 2010 petunt
2388 1956 2595 2011 aliquanto

1358 2011 1527 2063 diutius,
1546 2013 1612 2053 alii
1629 2015 1700 2068 qui
1716 2015 1759 2054 in
1775 2017 2020 2070 Barygazam
2038 2016 2100 2056 vel
2118 2017 2324 2071 Scythiam
2340 2018 2594 2060 contendunt

1358 2088 1442 2114 non
1472 2076 1646 2130 amplius
1681 2077 1813 2117 tribus
1849 2077 1994 2117 diebus
2028 2088 2329 2119 commorantur
2340 2097 2355 2127 ;
2390 2080 2592 2135 reliquum

1358 2138 1554 2191 temporis
1572 2138 1614 2176 in
1632 2139 1803 2192 proprio
1829 2153 1951 2179 cursu
1983 2139 2239 2180 conficiendo
2255 2151 2520 2193 consumunt,
2552 2152 2592 2184 et

1357 2211 1408 2236 ex
1441 2200 1607 2251 regione
1629 2199 1774 2239 excelsi
1804 2213 1878 2253 per
1910 2208 2058 2240 terram
2087 2208 2299 2241 externam
2330 2202 2588 2257 supradictos

1357 2259 1470 2298 sinus
1481 2260 1852 2313 praetervehuntur.
1878 2280 1894 2295 n
1912 2262 1974 2301 Ex
1986 2260 2121 2301 latinis
2139 2261 2384 2313 Stuckianis,
2409 2265 2585 2316 utsolet,

1356 2319 1508 2372 pendet
1522 2321 1752 2360 Vincentus
1770 2323 1825 2361 II.
1846 2335 1888 2375 p.
1920 2324 1999 2369 468
2021 2330 2181 2362 vertens
2196 2323 2250 2362 ita
2269 2336 2279 2362 :
2311 2343 2328 2358 ι
2352 2324 2487 2364 Those
2502 2325 2589 2365 that

1357 2394 1425 2420 are
1453 2381 1648 2421 intended
1677 2381 1741 2421 for
1771 2382 1984 2422 Limurike
2013 2384 2178 2436 waiting
2196 2398 2308 2424 some
2333 2385 2431 2424 time
2449 2385 2590 2427 before

1357 2442 1452 2496 they
1471 2442 1565 2493 sail;
1587 2443 1661 2484 but
1672 2443 1788 2483 those
1804 2444 1892 2484 that
1907 2458 1974 2484 are
1993 2443 2179 2484 destined
2194 2444 2258 2485 for
2278 2447 2497 2500 Barugaza,
2515 2448 2588 2488 sel-

1356 2503 1454 2544 dom
1481 2519 1596 2545 more
1621 2505 1720 2545 than
1740 2505 1855 2546 three
1878 2505 1990 2561 dayS.
2020 2526 2037 2541 ι
2074 2506 2198 2559 Quod
2228 2508 2439 2562 quomodo
2460 2510 2587 2564 expli-

1356 2565 1535 2606 candum
1554 2575 1687 2621 putet,
1709 2566 1821 2622 apud
1841 2568 1978 2622 ipsum
1993 2568 2114 2621 legaS.
2141 2571 2156 2623 Η
2174 2593 2230 2599 -
2252 2583 2316 2611 10.
2344 2571 2392 2609 οἵ
2414 2585 2465 2611 τε
2491 2571 2584 2626 εἰς]

1357 2627 1393 2668 οἱ
1415 2628 1454 2669 δὲ
1472 2627 1521 2676 εἰς
1540 2629 1634 2670 cod.
1659 2630 1675 2683 Ι]
1698 2654 1754 2660 -
1775 2643 1838 2670 11.
1862 2645 1953 2684 παρ
1967 2630 2075 2683 επίφ
2089 2645 2109 2669 ο
2123 2631 2234 2684 ρον]
2253 2631 2502 2686 παρεπίφερον
2519 2646 2587 2673 co-

1356 2690 1450 2731 dex.
1474 2694 1608 2732 Locus
1627 2691 1775 2733 lacuna
1793 2691 1966 2732 laborat.
1989 2693 2138 2732 Sensus
2154 2693 2284 2746 poscit
2307 2706 2316 2733 z
2335 2694 2587 2749 παρεπίφορον

1355 2753 1446 2807 πρὸς
1469 2752 1567 2794 ἴδιον
1591 2755 1733 2810 δρόμον
1768 2753 1925 2808 ἔχοντες
1955 2754 2113 2808 ἄνεμον.
2150 2754 2359 2795 Excidisse
2393 2757 2589 2798 nonnulla

1355 2815 1548 2856 videntur
1567 2831 1616 2857 eo
1641 2816 1754 2871 quod
1778 2816 1854 2856 alia
1880 2830 2103 2871 perperam,
2119 2816 2227 2857 illata
2256 2826 2366 2858 sunt.
2390 2819 2477 2872 11-
2498 2818 2588 2861 ἀπὸ

1356 2876 1399 2916 δὲ
1423 2878 1551 2918 Βακα
1565 2881 1618 2933 ρῆ
1633 2880 1677 2933 ς]
1711 2878 1773 2919 ἀπ’
1803 2876 2020 2933 ἐλαὸακαρὴ
2052 2877 2199 2920 codex.

1412 2943 1522 2992 558,
1544 2941 1571 2981 l.
1599 2944 1664 2990 14.
1690 2941 1712 2981 ὅ
1727 2957 1746 2995 ρ
1760 2957 1806 2988 ος
1823 2941 2119 2998 ἅλλῃπαρῆκε
2140 2943 2252 2996 χώρα
2275 2957 2320 2994 τη
2340 2942 2445 2994 κηςῆ
2468 2959 2587 2998 παρα-

1355 3002 1417 3042 δια
1438 3002 1647 3058 λεγομένη.
1679 3005 1730 3043 In
1761 3003 1915 3044 ultimis
1945 3003 2114 3044 fortasse
2135 3003 2211 3057 leg.
2239 3007 2286 3059 τῇ
2316 3005 2379 3044 καὶ
2415 3005 2588 3060 Παραλίᾳ

1354 3063 1564 3122 λεγομένῃ.
1583 3065 1790 3107 Articulus
1811 3065 1834 3117 ἣ
1855 3065 2019 3105 additus
2034 3073 2251 3119 postquam
2270 3064 2429 3104 dativus
2453 3067 2493 3105 in
2515 3081 2587 3107 no-

1356 3128 1598 3168 minativum
1628 3127 1796 3168 abierat.
1828 3126 1907 3167 Sed
1930 3128 2059 3181 possis
2085 3127 2205 3166 etiam
2240 3139 2248 3166 :
2275 3126 2360 3180 ὄρος
2391 3127 2454 3166 καὶ
2483 3127 2583 3180 ἄλλη

1354 3192 1497 3244 παρῆκε
1528 3191 1639 3244 χώρα
1660 3188 1869 3243 ἐπιμήκης,
1896 3188 1919 3239 ἣ
1945 3189 1993 3227 Π.
2019 3187 2059 3227 λ.
2092 3188 2107 3240 Η
2134 3210 2189 3217 -
2212 3191 2276 3227 16.
2312 3187 2360 3227 ἐν
2384 3185 2407 3243 ᾖ
2434 3189 2552 3229 καὶ..
2572 3222 2581 3231 .

1354 3251 1415 3291 Κό
1430 3251 1524 3306 λχο
1540 3254 1577 3306 ι]
1599 3253 1695 3291 Haec
1722 3265 1819 3290 mox
1843 3252 1999 3305 aptiore
2020 3250 2111 3290 loco
2133 3258 2375 3300 recurrunt,
2408 3251 2475 3291 hic
2493 3266 2585 3306 per-

1352 3329 1495 3370 peram
1526 3314 1635 3354 illata
1668 3327 1752 3352 esse
1777 3320 1893 3366 puto.
1925 3313 1940 3365 11
1981 3336 2038 3342 -
2065 3311 2163 3351 Βαλ
2180 3311 2290 3366 ίτα]
2328 3311 2444 3352 Idem
2472 3313 2584 3354 locus

1358 3377 1577 3419 Ptolemaeo
1597 3374 1790 3429 Βάμμαλα
1805 3404 1816 3424 ,
1842 3382 1888 3414 ut
1907 3388 2066 3414 censeo.
2088 3375 2150 3414 Ita
2163 3373 2286 3413 habet
2300 3375 2396 3424 VII,
2433 3387 2469 3424 1,
2497 3390 2521 3428 9
2545 3389 2554 3415 :

1350 3477 1553 3518 Μέλκυνδα
2181 3477 2279 3512 120⁰
2294 3470 2427 3512 2o'—
2438 3485 2454 3512 1
2464 3473 2508 3514 3⁰
2520 3480 2586 3514 20'

1355 3539 1558 3594 Ἐλαγκὼν
1584 3536 1762 3591 ἐμπόριον
1787 3535 1803 3587 (
1815 3533 2025 3587 ζαῖίοιιτθ)
2185 3534 2282 3574 120⁰
2298 3533 2430 3576 25¹—
2445 3539 2513 3584 140

1350 3601 1537 3654 Κοττιάρα
1561 3595 1791 3653 μητρόπολις
1815 3597 1831 3648 (
1851 3594 2023 3636 Cocln’n?
2042 3596 2058 3648 )
2184 3597 2282 3634 121⁰
2373 3619 2429 3627 —
2445 3600 2513 3645 14⁰

1354 3662 1547 3718 Βάμμαλα
2187 3659 2286 3697 1210
2298 3657 2585 3706 20⁷—14015'

1347 3724 1562 3780 Kouucxpla
1570 3721 1684 3776 ἄκρον
1695 3720 1758 3761 καὶ
1770 3719 1878 3768 πόλις
1889 3717 2147 3776 (Commorim)
2187 3722 2283 3759 121Ο
2296 3720 2346 3768 45
2356 3719 2364 3735 '
2373 3744 2427 3750 —
2444 3734 2458 3759 1
2468 3722 2509 3759 3⁰
2519 3720 2584 3760 30'

1355 3815 1413 3853 Ut
1441 3813 1482 3851 in
1505 3818 1660 3850 antece.
1691 3809 1932 3849 Ptolemaeus
1960 3807 2169 3848 intervalla
2197 3807 2379 3847 locorum
2409 3807 2580 3846 nimium

1358 3875 1484 3924 auxit,
1514 3874 1570 3913 sic
1593 3873 1636 3912 in
1657 3872 1737 3912 hoe
1761 3879 1893 3912 tractu
1911 3871 2019 3911 ultra
2034 3869 2205 3910 modum
2225 3870 2438 3908 contraxit.
2463 3869 2580 3908 Man-

1360 3945 1497 3977 nertus
1519 3937 1574 3984 V,
1615 3948 1652 3983 1,
1672 3949 1715 3988 p.
1738 3938 1818 3975 216
1836 3932 2043 3974 Bammala
2066 3929 2189 3971 hodie
2214 3944 2298 3969 esse
2326 3937 2440 3983 putat
2461 3932 2581 3969 Man·

1353 4000 1451 4056 poly-
1464 3998 1597 4037 vicum
1610 4011 1692 4036 non
1707 3996 1823 4049 longe
1842 3995 1893 4035 ab
1909 3997 2103 4044 Anzenga
2114 3991 2278 4031 boream
2292 4005 2427 4031 versus
2439 3991 2577 4041 situm,
