2782 4348
158 130 316 190 (7—9.)

154 232 376 294 ἀπορευτὸν
396 233 667 295 ὑπάρχουσαν
689 233 810 293 μόνον
836 235 1127 298 διεξέρχεσθαι,
1143 243 1202 301 τῷ
1227 241 1271 285 δὲ
1291 239 1387 287 Ἄτ·

153 303 270 346 λαντι
286 301 354 346 τὸν
377 302 616 356 τηλικοῦτον
647 301 910 364 διαδέξασθαι
929 302 1109 365 κόσμον,
1127 307 1386 369 πρόσταγμα

155 370 229 429 μὲν
250 371 323 415 οὐκ
346 369 514 430 ἔχοντα,
535 368 658 430 χάριν
686 368 728 414 δὲ
751 371 974 431 τιθέμενον·
1012 373 1082 419 καὶ
1106 378 1163 435 τῷ
1188 375 1261 435 μὲν
1285 378 1390 439 Ὀρ-

154 444 219 499 φεῖ
237 437 479 498 κιθαρίζοντι
497 436 563 481 διὰ
588 438 860 500 φιλομουσίαν
884 440 935 485 τὰ
958 440 1033 503 ὅρη
1055 443 1124 488 καὶ
1145 443 1217 496 τὰς
1239 446 1391 508 πέτρας

109 511 133 541 5⁷
152 507 408 560 ἀκολουθεῖν,
439 503 540 566 κρέα
565 504 606 550 δὲ
630 506 851 567 ὀπτώμενα
888 511 967 554 τῶν
989 508 1134 556 εΗλίου
1173 515 1278 574 βοῶν
1303 532 1389 576 φω-

148 573 219 628 νὴν
239 569 452 634 προίεσθαι
472 577 556 626 τοῖς
573 574 798 636 ἀνθρώποις
816 577 1001 634 συνετήν·
1021 581 1102 624 τῶν
1118 579 1161 625 δὲ
1181 584 1390 640 μετηλλα-

144 641 280 703 χότων
301 641 367 686 τὸν
394 641 478 703 βίον
496 642 567 688 ἐπὶ
592 646 745 705 σχολῆς
766 645 868 707 πρὸς
885 646 1090 693 Ὀδυσσέα
1109 649 1388 713 διεξέρχεσθαι

126 712 390 767 4παντοδαπῆ
425 713 695 774 ἀδολεσχίαν,
722 716 768 759 ἐκ
787 718 860 771 τῆς
880 716 1065 780 ἀμόρφου
1101 725 1219 772 σκιᾶς
1241 721 1288 766 τὸ
1315 725 1387 777 τῆς

146 778 276 841 ὅψεως
294 779 545 841 γινώσκοντα
571 781 744 843 ἰδίωμα,
772 783 843 828 καὶ
877 784 969 837 τοὺς
1001 785 1075 846 μὲν
1101 788 1236 834 αὐτῶν
1273 791 1286 851 (
1307 790 1389 836 ἀπὸ

81 860 123 891 10
144 853 212 894 τοῦ
229 852 241 908 )
261 849 390 894 πίνειν
409 852 453 895 οὐ
477 850 655 909 κοιλίας,
673 855 717 898 οὗ
740 852 938 917 βρόγχους
960 854 1146 918 ἔχοντας,
1167 857 1324 921 ἑτέρους
1346 858 1388 905 δὲ

145 917 357 980 φοὸεῖσθαι
373 919 440 965 τὸν
458 919 623 984 σίδηρον
637 922 770 968 οὐκέτι
788 923 1031 984 δυναμένους
1043 930 1264 988 τρωθῆναι,
1278 929 1389 982 τινὰς

145 986 187 1032 δὲ
210 987 358 1049 πέτρον
383 989 559 1045 κυλίειν,
580 994 660 1037 τῶν
689 992 892 1052 σωμάτων
917 993 1049 1039 πάλαι
1072 997 1387 1058 κατακεκαυμέ-

143 1074 221 1101 νων
235 1092 246 1112 ,
265 1056 412 1109 ἄλλους
429 1057 470 1102 δὲ
492 1058 669 1112 δικάζειν
685 1061 836 1125 ἑτέροις
852 1063 1085 1121 τεθνηκόσιν
1098 1101 1109 1122 ,
1130 1066 1387 1125 ἀδικήματος

145 1125 301 1177 οὐδενὸς
325 1126 592 1189 ὑπάρχοντος·
630 1129 676 1175 τὸ
700 1130 733 1175 δ’
767 1130 941 1194 ἔσχατον
956 1168 968 1190 ,
995 1137 1075 1179 τῶν
1103 1134 1236 1180 οὐκέτι
1260 1135 1386 1181 ὄντων

79 1210 114 1239 15
141 1193 388 1248 τοὺςτύπους
406 1198 444 1241 ἐν
459 1197 653 1259 πορθμίδι
670 1200 870 1258 διαπλεῖν,
895 1200 1067 1263 ἔχοντας
1087 1203 1272 1265 Χάρωνα
1289 1205 1385 1250 ναύ-

142 1266 292 1326 κληρον
313 1265 383 1310 καὶ
407 1265 686 1329 κυὸερνήτην,
710 1267 777 1314 ἵνα
804 1269 862 1330 μὴ
879 1272 1237 1335 καταστραφέντες
1255 1275 1386 1337 ἐκφο-

144 1340 216 1393 ρᾶς
234 1334 475 1380 ἐπιδέωνται
496 1336 634 1381 πάλιν·
655 1337 726 1382 καὶ
738 1338 811 1394 τὴν
833 1339 906 1399 μὲν
925 1338 1146 1397 Ἄλκηστιν
1164 1343 1234 1388 καὶ
1258 1346 1382 1406 Πρω-

141 1402 328 1448 τεσίλαον
345 1404 414 1449 καὶ
436 1405 621 1451 Γλαῦκον
640 1409 982 1464 τετελευτηκότας
997 1411 1122 1456 πάλιν
1139 1414 1382 1474 ἀναστῆναι,

141 1469 214 1525 τὴν
238 1470 311 1530 μὲν
333 1471 399 1533 ὑφ’
421 1471 674 1534 Ἡρακλέους
694 1478 963 1538 ἀναχθεῖσαν,
983 1479 1050 1524 τὸν
1073 1480 1114 1525 δὲ
1136 1481 1202 1526 διὰ
1221 1481 1290 1527 τὸν
1317 1486 1385 1539 τῆς

76 1555 117 1584 20
138 1538 326 1598 γυναικὸς
354 1539 512 1601 ἔρωτα,
538 1540 604 1586 τὸν
629 1541 671 1586 δὲ
695 1542 773 1587 ὑπὸ
794 1549 866 1590 τοῦ
892 1545 1077 1604 μάντεως
1099 1553 1172 1593 τοῦ
1202 1567 1381 1612 συγκατ-

138 1607 399 1669 ορυχθέντος·
433 1613 503 1654 τοῦ
538 1608 581 1655 δὲ
615 1613 872 1674 Ἀμφιαράου
903 1617 1049 1669 ζῶντος
1083 1617 1128 1662 τὸ
1152 1621 1273 1680 σῶμα
1301 1639 1382 1666 κα-

143 1676 386 1729 ταδέξασθαι
412 1678 517 1738 μετὰ
556 1682 636 1724 τῶν
659 1679 798 1727 ἵππων
829 1682 900 1728 καὶ
933 1690 1003 1730 τοῦ
1030 1686 1172 1751 δίφρου
1195 1688 1270 1744 τὴν
1289 1693 1380 1751 γῆν·

140 1745 198 1790 ἔτι
227 1746 359 1792 τοίνυν
398 1747 563 1800 ὀδόντας
607 1750 653 1794 ἐκ
691 1750 865 1811 Κάδμου
891 1759 1099 1817 σπαρῆναι
1142 1757 1377 1819 δράκοντος,

138 1815 184 1859 ἐκ
210 1812 252 1859 δὲ
276 1814 429 1861 τούτων
454 1817 622 1870 ὁπλίτας
645 1820 857 1866 ἀνατεῖλαι
884 1825 1147 1885 μαχομένους
1172 1828 1379 1883 ἀλλήλοις·

74 1899 113 1929 25
136 1883 203 1928 τὸν
230 1882 271 1929 δὲ
295 1884 445 1931 Τάλων
468 1886 537 1932 τὸν
561 1888 726 1950 φύλακα
760 1895 831 1936 τοῦ
855 1892 975 1939 Μίνω
1010 1894 1094 1956 τρὶς
1117 1895 1189 1953 μὲν
1210 1900 1250 1942 ἐν
1271 1898 1380 1957 ἡμέ-

136 1971 186 2015 ρᾳ
204 1960 341 2000 πᾶσαν
364 1958 599 2019 περιπολεῖν
623 1957 696 2014 τὴν
720 1959 919 2023 Κρήτην,
947 1965 1199 2022 τηλικαύτην
1223 1960 1350 2012 οὖσαν
1363 2005 1376 2025 ,

132 2022 205 2077 τὴν
234 2022 275 2068 δὲ
299 2023 404 2080 ζωὴν
431 2025 553 2085 μόνον
584 2030 664 2072 τῶν
686 2029 1047 2092 ἓμψύχωνύτοῧτον
1072 2035 1112 2078 ἐν
1141 2039 1199 2098 τῷ
1237 2040 1379 2100 σφυρῷ

131 2095 368 2148 κεκτῆσθαι·
401 2094 472 2139 καὶ
506 2100 577 2140 τοῦ
602 2096 726 2142 Μίνω
761 2097 804 2143 δὲ
844 2100 1059 2162 ἀμήχανον
1093 2096 1196 2147 εἶναι
1235 2123 1380 2165 παρα-

133 2163 254 2206 λῦσαι
275 2162 344 2207 τὸν
364 2163 475 2224 βίον,
506 2166 540 2208 εἰ
564 2164 622 2224 μή
656 2185 716 2217 τις
750 2170 862 2229 αὐτῷ
899 2169 984 2221 ζέον
1015 2170 1124 2232 ὕδωρ
1160 2172 1378 2234 καταχέαι·

68 2248 114 2277 30·
130 2229 229 2291 πρὸς
265 2229 418 2282 τούτοις
464 2231 542 2276 ὑπὸ
591 2232 663 2292 μὲν
702 2238 775 2289 τῆς
815 2236 1003 2292 Μηδείας
1050 2239 1221 2301 γέροντα
1266 2242 1377 2302 κριὸν

132 2300 306 2361 ἐπῳδαῖς
323 2300 609 2359 μεταπεσόντα
632 2300 719 2347 νέον
743 2303 932 2361 γενέσθαι
956 2306 1102 2363 πάλιν,
1131 2309 1275 2367 ὕπὸ-δὲ
1296 2314 1375 2355 τῶν

134 2368 348 2413 Πελιάδων
383 2371 666 2432 καθεψηθῆναι
708 2371 776 2417 τὸν
807 2373 967 2437 πατέρα
1005 2376 1185 2435 Πελίαν,
1220 2377 1287 2424 ἵνα
1311 2379 1375 2440 γε’·

132 2454 252 2491 νηται
275 2436 373 2489 νέος·
397 2437 469 2490 τὰς
500 2439 542 2483 δὲ
564 2440 773 2503 Φορκίδας
809 2444 914 2503 τρεῖς
944 2443 1018 2504 μὲν
1055 2445 1179 2498 οὔσας
1211 2449 1372 2509 γραίας,

131 2505 187 2549 ἑνὶ
212 2504 253 2550 δὲ
276 2506 494 2568 χρωμένας
530 2510 751 2572 ὀφθαλμῷ,
781 2511 976 2574 διεξάγειν
999 2513 1066 2559 τὸν
1103 2515 1188 2576 βίον
1225 2518 1373 2563 ἄλυτον

62 2585 102 2615 35
128 2574 225 2634 παρ’
249 2575 440 2630 ἀλλήλων
461 2576 568 2621 κατὰ
603 2578 724 2640 μέρος
747 2578 1027 2642 ἀμειὸομένας
1056 2585 1207 2631 πίστιν·
1234 2586 1296 2632 ἔτι
1322 2588 1365 2633 δὲ

128 2641 219 2693 τοὺς
238 2643 312 2699 τὴν
334 2644 553 2708 Ἀρκαδίαν
574 2650 782 2700 οἰκοῦντας
802 2650 871 2695 καὶ
888 2651 962 2707 τὴν
985 2652 1172 2709 Ἀττικὴν
1191 2657 1374 2716 γηγενεῖς

129 2730 172 2756 τε
195 2705 300 2758 εἶναι
320 2713 390 2759 καὶ
407 2713 523 2776 παρὰ
548 2716 666 2778 φύσιν
690 2718 913 2779 γεγονέναι·
937 2721 1007 2765 καὶ
1027 2721 1100 2777 τὴν
1127 2722 1200 2781 μὲν
1225 2725 1264 2768 ἐν
1285 2727 1373 2772 Αὖ-

126 2781 207 2826 λίδι
224 2789 450 2845 σφαγεῖσαν
471 2787 510 2829 ἐν
531 2785 709 2848 Ταύροις
729 2790 986 2851 ἀναφανῆναι
1006 2793 1162 2848 ζῶσαν,
1179 2791 1253 2848 τὴν
1274 2794 1308 2839 δ’
1329 2796 1370 2840 ἐν

126 2852 429 2915 Πελοποννήσῳ
453 2860 848 2902 καταποντισθεῖσαν
869 2858 948 2903 ὑπὸ
968 2863 1039 2904 τοῦ
1060 2861 1214 2923 πατρὸς
1231 2863 1371 2925 Ἀκρι-

62 2934 102 2963 40
125 2918 211 2965 σίου
235 2924 287 2982 τῇ
307 2922 493 2984 παραλίᾳ
518 2927 567 2985 τῆ
601 2926 803 2989 Σεριφίων
829 2926 1000 2983 ἀὸλαὸῆ
1031 2929 1135 2988 μετὰ
1163 2934 1235 2975 τοῦ
1272 2933 1370 2993 βρέ-

127 3006 223 3049 φους
239 2997 501 3052 προσπεσεῖν·
525 2992 593 3038 τὸν
619 2995 652 3038 δ’
676 2995 754 3040 ὑπὸ
773 2997 989 3042 Μενελάου
1010 2998 1117 3043 κατὰ
1140 3000 1214 3055 τὴν
1240 3020 1361 3060 μονο-

126 3057 280 3119 μαχίαν
305 3058 385 3115 ἤδη
409 3061 702 3124 χειρούμενον,
730 3063 919 3127 ἐξαίφνης
947 3067 1211 3130 ἁρπαγέντα,
1241 3071 1282 3115 ἓν
1305 3074 1363 3135 τῷ

124 3127 296 3191 θαλάμῳ
329 3129 514 3190 γενέσθαι
552 3130 650 3194 πρὸς
685 3134 899 3180 συνουσίαν
927 3135 1089 3195 ἕτοιμον
1122 3137 1242 3195 ὄντα,
1281 3144 1362 3186 τῶν

126 3194 262 3239 δεινῶν
280 3197 474 3243 ἁπάντων
498 3200 834 3262 ἐπιλελησμένον·
858 3207 927 3249 τοῦ
953 3203 995 3249 δὲ
1019 3206 1197 3268 δουρείου
1221 3207 1267 3253 τὸ
1290 3209 1360 3254 κύ-

60 3277 97 3305 45
124 3280 189 3314 τος
212 3265 283 3308 οὔκ
300 3265 359 3327 ἐφ’
381 3266 534 3313 ἁλώσει
558 3274 829 3332 συμπαγῆναι
851 3273 1028 3331 πόλεως,
1054 3276 1145 3321 ἀλλ’
1165 3277 1232 3323 ἐπὶ
1256 3296 1362 3340 προ-

126 3329 241 3391 δοσία
276 3336 352 3377 τῶν
384 3335 477 3396 περὶ
515 3335 581 3381 τὸν
615 3337 823 3385 Ὀδυσσέα
859 3342 929 3386 καὶ
958 3341 1023 3387 τὸν
1057 3344 1361 3405 Νεοπτόλεμον·

124 3398 314 3454 τοιαύτην
335 3405 355 3446 ὃ
376 3404 522 3465 τρόπος
542 3407 769 3469 ὑπογράφει
796 3411 870 3465 τὴν
891 3411 1076 3467 εὐήθειαν
1099 3413 1169 3459 καὶ
1192 3419 1261 3460 τοῦ
1285 3433 1361 3460 κα·

125 3468 451 3522 τασκευάσαντος
484 3476 667 3535 τεχνίτου
696 3477 767 3522 καὶ
794 3482 874 3524 τῶν
910 3480 1126 3540 ἐμὸάντων
1165 3483 1362 3544 ἀριστέων

126 3535 197 3580 καὶ
215 3539 293 3581 τῶν
317 3539 625 3602 ὓποδεξαμένων
645 3547 702 3598 εἷς
718 3546 791 3602 τὴν
811 3547 916 3593 ἰδίαν
936 3549 1055 3596 πόλιν
1070 3571 1079 3580 ·
1105 3553 1173 3598 ἐπὶ
1192 3555 1362 3610 τούτοις,

63 3624 105 3653 50
125 3602 186 3648 ὅτι
204 3604 270 3650 τὸν
294 3609 530 3662 τηλικοῦτον
560 3613 728 3674 οὐρανὸν
754 3616 860 3674 μετὰ
890 3620 970 3663 τῶν
990 3620 1032 3663 ἓν
1056 3621 1167 3682 αὐτῷ
1201 3624 1357 3684 διατρι-

1091 138 1171 183 DE
1198 122 1367 187 ’ΜΑΒΙ
1402 145 1768 196 ERYTHRAEO.

2599 187 2615 223 1
2630 187 2681 226 15

1465 253 1546 293 lum
1565 268 1814 311 peragrasse,
1847 267 1887 300 et
1913 274 1990 315 pro
2010 262 2174 305 Atlante
2197 274 2318 309 tantae
2347 274 2464 314 molis
2493 283 2696 326 mundum

1460 333 1502 372 in
1532 349 1574 375 se
1589 329 1804 392 recepisse,
1830 354 1915 380 non
1939 341 2053 395 quod
2072 330 2328 388 vmandatum
2355 351 2538 405 haberet,
2564 362 2633 401 sed
2654 374 2697 405 ut

1459 414 1630 464 gratiam
1652 416 1799 468 iniret-3
1826 420 2040 474 Orpheum
2064 423 2263 466 citharam
2282 429 2514 482 pulsantem
2539 450 2696 481 montes

1459 493 1730 549 scopulosque
1749 511 1890 538 amore
1905 501 2074 542 Musicae
2096 512 2256 545 secutos
2278 521 2385 558 csse;
2412 526 2552 554 carnes
2571 517 2695 560 bosun

1458 570 1561 610 Solis
1576 572 1683 613 inter
1698 576 1918 619 assandum
1938 594 2082 621 vocem
2099 582 2338 627 hominibus
2355 589 2596 635 intellectam
2611 598 2696 638 edi-

1458 648 1587 701 disse;
1612 653 1695 694 vita
1713 654 1932 698 defunctos
1962 674 2036 713 per
2058 662 2190 703 otium
2215 668 2349 708 omnis
2370 674 2527 723 generis
2546 689 2696 718 sermo-

1458 739 1530 767 nes
1551 726 1702 770 habere
1735 745 1830 772 cum
1865 734 2010 789 Ulysse
2041 751 2091 777 ex
2125 739 2293 782 informi
2314 746 2458 788 umbra
2487 754 2694 806 propriam

1458 796 1782 854 uniuscujusque
1818 801 1964 844 faciem
2016 819 2274 861 agnoscente,
2318 814 2496 871 aliosque
2545 820 2694 863 horum

1457 870 1598 914 bibere
1631 889 1707 915 nec
1731 876 1869 918 alvum
1899 894 1976 920 nec
2012 882 2150 935 gulam
2173 884 2368 929 habentes
2383 922 2394 940 ,
2415 892 2513 933 alios
2539 894 2693 938 serrum

1456 949 1720 992 extimescere
1739 953 2015 996 vulnerationi
2038 971 2123 998 non
2139 962 2311 1016 amplius
2331 965 2557 1020 obnoxios3
2584 986 2688 1012 non-

1455 1023 1589 1066 n'ullos
1608 1040 1752 1069 saxum
1777 1030 1955 1082 volvere,
1977 1036 2167 1084 crematis
2186 1037 2283 1078 olim
2303 1044 2568 1097 corporibus;
2590 1047 2690 1089 alios

1449 1099 1518 1153 jus
1539 1101 1677 1144 dicere
1696 1107 1842 1146 ceteris
1865 1107 1938 1148 ubi
1959 1109 2063 1150 nihil
2094 1111 2339 1166 injuriarum
2369 1127 2428 1159 est
2460 1121 2665 1176 reliquum
2678 1141 2689 1174 ;

1454 1176 1633 1233 denique
1654 1195 1799 1223 eorum
1833 1185 1905 1238 qui
1937 1200 2022 1226 non
2057 1188 2232 1243 amplius
2268 1202 2363 1233 sunt
2395 1196 2610 1239 simulacra
2649 1201 2692 1240 in

1453 1255 1600 1309 cymba
1620 1257 1806 1312 trajicere
1826 1261 2035 1303 Charonte
2053 1265 2246 1307 nauclero
2276 1277 2316 1308 et
2338 1271 2623 1325 gubernatore,
2645 1285 2692 1317 ut

1451 1345 1504 1371 ne
1514 1333 1716 1375 submersi
1726 1334 1865 1377 denuo
1881 1337 2036 1380 funeris
2049 1341 2224 1383 elatione
2236 1358 2339 1399 opus
2352 1346 2528 1389 habeant
2540 1366 2550 1400 ;
2563 1365 2688 1404 porro

1451 1408 1631 1450 Alcestin
1661 1420 1701 1452 et
1733 1414 2003 1456 Protesilaum
2037 1426 2077 1457 et
2100 1419 2302 1461 Glaucum
2328 1432 2421 1477 post
2448 1426 2539 1466 vitae
2567 1427 2691 1468 finem

1450 1488 1742 1539 exsurrexisse,
1768 1490 1878 1531 illam
1897 1491 1949 1532 ab
1970 1494 2148 1535 Hercule
2170 1496 2403 1549 reductam,
2425 1503 2690 1545 Protesilaum

1450 1562 1504 1602 ob
1523 1577 1707 1606 amorem
1726 1568 1883 1618 uxoris,
1906 1569 2110 1611 Glaucum
2137 1587 2261 1627 opera
2293 1574 2510 1630 (Polyidis
2531 1578 2544 1635 )
2586 1582 2687 1621 vatis

1448 1652 1532 1680 una
1562 1655 1657 1682 cum
1694 1642 1796 1698 'ipso
1830 1643 1981 1686 defossi
2019 1649 2267 1701 excitatum3
2302 1653 2567 1707 Amphiarai,
2609 1657 2689 1697 vita

1447 1715 1584 1757 adhuc
1603 1718 1774 1773 integra,
1798 1735 1949 1777 corpus
1977 1737 2060 1765 una
2082 1739 2176 1765 cum
2201 1727 2316 1781 equis
2331 1736 2371 1769 et
2393 1744 2519 1770 curru
2537 1739 2688 1772 terram

1446 1791 1727 1846 absorbuisse3
1769 1811 1896 1852 porro
1942 1796 2084 1840 dentes
2125 1801 2315 1844 draconis
2354 1820 2377 1845 a
2402 1805 2559 1847 Cadmo
2579 1817 2685 1848 satos

1446 1883 1554 1920 esse,
1581 1885 1632 1911 ex
1657 1873 1791 1927 iisque
1819 1883 1937 1915 natos
1956 1877 2066 1916 viros
2086 1887 2264 1919 armatos
2284 1879 2565 1935 depugnantes
2582 1885 2687 1924 inter

1445 1958 1556 1995 sese;
1592 1947 1740 1999 Talon,
1774 1951 1927 1991 Minois
1968 1953 2197 2005 custodem,
2237 1964 2300 1996 ter
2336 1958 2521 2011 quotidie
2556 1968 2682 2000 totam

1445 2021 1816 2066 circumambulare
1860 2028 2039 2079 Cretam,
2088 2030 2265 2072 insulam
2316 2041 2402 2073 tam
2449 2034 2568 2088 longe
2614 2051 2682 2090 pa-

1444 2104 1614 2150 tentem,
1651 2100 1867 2156 solumque
1907 2106 2183 2147 animatorum
2230 2109 2271 2147 in
2308 2109 2388 2149 talo
2420 2111 2511 2151 vitae
2547 2112 2683 2152 sedem

1443 2172 1617 2225 habere3
1649 2177 1781 2217 Minoi
1813 2179 1937 2218 vitam
1959 2179 2149 2236 abrumpi
2176 2196 2261 2222 non
2279 2186 2460 2238 potuisse
2493 2188 2568 2226 nisi
2591 2190 2682 2241 quis

1443 2247 1669 2290 ferventem
1702 2252 1738 2291 ei
1765 2266 1914 2306 aquam
1949 2253 2204 2306 affunderet3
2240 2258 2380 2300 adhaec
2407 2262 2682 2303 incantatione

1439 2324 1596 2364 Medeae
1623 2326 1885 2368 immutatum
1909 2344 2047 2370 senem
2077 2332 2238 2372 hircum
2262 2333 2314 2373 ad
2330 2334 2590 2388 juventutem
2612 2352 2674 2378 re-

1441 2399 1562 2440 diisse
1575 2431 1586 2450 ,
1604 2409 1644 2441 et
1663 2416 1687 2442 a
1701 2402 1933 2444 Peliadibus
1952 2414 2115 2447 coctum
2134 2422 2219 2447 csse
2235 2417 2408 2462 patrem,
2441 2419 2486 2451 ut
2519 2411 2677 2466 rejuve-

1438 2485 1642 2528 nesceret;
1669 2486 1752 2518 tres
1784 2494 1886 2520 anus
1918 2481 2141 2523 Phorcides
2167 2485 2291 2524 unius
2312 2486 2420 2527 oculi
2446 2501 2524 2527 usu
2553 2489 2677 2530 vitam

1438 2554 1632 2606 exegisse,
1656 2554 1950 2597 indissolubilis
1973 2559 2080 2598 inter
2103 2574 2145 2599 se
2165 2559 2261 2601 fidei
2292 2571 2591 2617 commutantes
2614 2567 2676 2605 vi-

1438 2642 1550 2679 cem;
1587 2630 1774 2671 Arcadiae
1809 2640 1850 2672 et
1885 2634 2030 2674 Atticae
2059 2636 2235 2676 cultores
2265 2639 2488 2691 terrigenas
2518 2654 2603 2680 esse
2637 2650 2677 2681 et

1437 2713 1587 2760 praeter
1616 2714 1807 2748 naturam
1840 2718 1976 2759 ortos;
2012 2720 2229 2753 mactatam
2265 2714 2309 2753 in
2331 2714 2479 2755 Aulide
2501 2716 2676 2770 puellam

1436 2782 1571 2822 vivam
1593 2797 1635 2823 se
1651 2783 1884 2825 exhibuisse
1906 2786 2014 2841 apud
2033 2788 2192 2829 Tauros
2207 2820 2218 2839 ,
2251 2798 2292 2830 ct
2323 2791 2365 2830 in
2395 2791 2675 2846 Peloponneso

1432 2859 1535 2898 mari
1556 2858 1785 2900 demersam
1802 2875 1824 2901 a
1839 2870 1954 2916 patre
1973 2865 2148 2915 Acrisio,
2168 2866 2451 2921 Seriphiorum
2469 2867 2672 2909 littoribus

1435 2935 1686 2976 incolumem
1714 2951 1796 2978 una
1815 2952 1911 2979 cum
1941 2939 2096 2981 infante
2114 2942 2338 2996 appulisse;
2374 2958 2395 2984 a
2414 2944 2600 2985 Menelao
2628 2946 2671 2984 in

1434 3012 1628 3066 singulari
1641 3014 1863 3055 certamine
1869 3013 2039 3071 jamjam
2050 3017 2280 3069 subactum,
2292 3019 2428 3060 subito
2438 3020 2668 3076 abreptum,

1435 3089 1478 3128 in
1501 3089 1691 3130 cubiculo
1717 3090 1840 3131 fuisse
1868 3092 1921 3132 ad
1952 3094 2212 3148 complexum
2246 3104 2435 3150 paratum
2462 3105 2502 3137 et
2534 3099 2670 3138 omnis

1435 3164 1595 3206 adversi
1618 3180 1734 3207 casus
1760 3167 1955 3218 oblitum;
1978 3169 2100 3222 lignei
2136 3171 2231 3224 equi
2257 3172 2558 3226 receptaculum
2583 3187 2668 3213 non

1433 3240 1486 3282 ad
1509 3243 1854 3296 expugnationem
1870 3243 1984 3283 urbis
2002 3258 2088 3283 esse
2103 3253 2361 3299 compactum
2375 3277 2386 3295 ,
2410 3245 2482 3286 sed
2501 3246 2554 3287 ob
2575 3261 2670 3302 pro-

1433 3316 1632 3358 ditionem
1643 3318 1798 3373 Ulyssis
1813 3326 1852 3358 et
1865 3319 2123 3374 Neoptolemi
2137 3321 2425 3375 sociorumque
2443 3321 2575 3377 (Talis
2591 3323 2670 3363 hoc

1433 3393 1562 3434 modo
1584 3394 1752 3434 stultitia
1768 3394 2005 3449 depingitur
2023 3403 2063 3435 et
2077 3395 2242 3436 artificis
2257 3398 2327 3451 qui
2342 3411 2495 3452 equum
2514 3407 2669 3439 exstru-

1434 3470 1508 3521 xit,
1538 3478 1577 3511 et
1602 3484 1821 3525 procerum
1840 3471 1912 3524 qui
1935 3471 2047 3511 hunc
2080 3472 2274 3523 inierunt,
2302 3481 2342 3513 et
2361 3474 2513 3514 civium
2532 3475 2602 3528 qui
2627 3475 2667 3513 in

1433 3546 1645 3600 propriam
1685 3546 1833 3587 urbem
1873 3546 2053 3587 eundem
2084 3548 2404 3606 suscepc1·unt);
2442 3549 2547 3590 adde
2577 3550 2664 3598 his,

1430 3621 1543 3676 quod
1552 3621 1699 3663 coelum
1715 3630 1797 3663 tam
1816 3631 1989 3674 vastum,
2005 3623 2083 3664 diis
2096 3625 2137 3664 in
2151 3639 2200 3665 eo
2214 3626 2564 3666 commorantibus
2581 3626 2663 3664 suis

127 3731 2602 3757 Μ

128 3810 422 3863 Ἑλλήσποντον
438 3814 486 3854 Β.
507 3814 522 3868 Η
543 3839 600 3846 -
618 3829 654 3857 Ι.
677 3818 893 3874 διέρχεσθαι
909 3823 955 3865 C.
980 3824 996 3877 ΙΙ
1017 3848 1073 3856 -
1091 3839 1131 3867 2.
1154 3829 1361 3882 πρόστα-

122 3889 220 3928 γμα
238 3873 351 3929 μὲν]
374 3879 688 3932 προστεταγμένα
718 3883 803 3922 ΑΒ.
830 3883 846 3936 ΙΙ
875 3907 932 3915 —
958 3899 998 3939 7.
1025 3888 1091 3927 An
1120 3889 1289 3938 πολλοὺς
1318 3905 1358 3932 V.

123 3935 227 3983 τινας
249 3935 309 3976 ἐπὶ
325 3937 501 3991 σχολῆςὶ)
526 3939 540 3992 ΙΙ
558 3963 615 3971 —
634 3956 675 3994 9.
696 3945 956 3997 γινώσκοντας
975 3948 1118 4000 codd.;
1136 3966 1217 3993 em.
1237 3955 1361 3994 Hem-

121 3999 299 4040 stcrhus.
317 3999 369 4040 ad
390 4002 561 4042 Lucian.
581 4017 623 4058 p.
650 4007 729 4059 407
748 4008 807 4057 A;
830 4006 938 4049 idem
958 4023 1035 4065 pro
1052 4010 1091 4052 ἐκ
1113 4016 1178 4065 τῆς
1198 4013 1265 4070 ἀμ.
1282 4015 1358 4070 leg.

1430 3828 1605 3883 conjecit
1618 3827 1679 3870 ἐπὶ
1690 3832 1756 3881 τῆς
1773 3829 1860 3885 ἀμ.,
1876 3838 1915 3870 et
1930 3844 2007 3885 pro
2025 3829 2098 3871 ἀπὸ
2110 3833 2177 3870 τοῦ
2194 3844 2271 3870 scr.
2284 3829 2368 3869 vult
2381 3828 2555 3882 αἵματος.
2576 3828 2590 3880 ll
2610 3851 2666 3900 x—

1436 3905 1501 3944 19·
1534 3890 1613 3931 τὸν
1630 3893 1711 3943 τῆς
1733 3907 1773 3947 γ.
1802 3893 1901 3946 ]τῆς
1919 3907 1959 3946 γ.
1985 3892 2051 3932 τὸν
2071 3894 2157 3934 ΑΒ.
2181 3892 2197 3945 ΙΙ
2220 3915 2275 3921 -
2293 3889 2360 3930 25.
2380 3887 2556 3928 Τάλων
2581 3903 2664 3928 τον

1432 3970 1456 4008 φ
1473 3954 1492 3993 ύ
1505 3953 1530 3993 λ
1543 3969 1566 3994 α
1579 3969 1634 3995 κα
1651 3958 1733 3995 τοῦ
1752 3956 1812 3996 Μ.
1837 3956 1851 4009 ]
1873 3956 1930 3994 sic
1953 3956 2022 3995 AB
2038 3961 2078 3994 et
2096 3967 2236 4006 margo
2256 3953 2312 4001 C;
2336 3950 2523 3991 ἰταλωτὸν
2553 3951 2665 3990 Μίνω

1436 4016 1468 4056 C
1488 4023 1529 4056 et
1548 4029 1642 4069 vgo.
1668 4016 1684 4070 ll
1708 4040 1764 4046 —
1787 4016 1854 4065 34.
1877 4015 2016 4056 ἄλυτον
2043 4015 2129 4069 παρ’
2150 4028 2233 4054 om.
2256 4014 2340 4054 AB.
2364 4013 2380 4066 {l
2403 4036 2459 4043 —
2474 4014 2541 4061 48.
2564 4011 2681 4067 ἐμία-

2460 4090 2497 4119 8.
