2808 4342
723 96 769 141 0

192 158 281 198 228

270 251 427 304 πολλάς
448 269 493 298 τε
509 239 588 297 κ’
597 250 781 311 μεγάλας
803 246 1040 309 μεγέθεσιν,
1061 247 1118 297 ὡς
1137 242 1258 304 λόγος
1272 279 1287 304 ,

267 314 325 368 ὧν
339 324 366 377 ἡ
390 319 544 380 μεταξὺ
560 322 635 374 τῆς
655 317 863 371 θαλάττης
884 313 1053 373 κειμένη

268 388 436 434 καὶτῶν
459 387 677 447 στομάτων
692 386 766 429 οὔκ
788 381 873 428 ἔστ’
889 381 1070 427 ἐλάττων
1087 378 1163 440 μέν
1185 378 1335 427 Ῥόδου
1348 414 1361 437 ,

276 456 419 511 Πεύκη
436 457 479 502 δὲ
502 457 665 515 λέγεται
681 451 749 498 διὰ
770 450 817 495 τὸ
840 452 997 504 πλῆθος
1013 443 1070 495 ὧν
1099 448 1187 511 ἔχει

182 542 248 573 πο
271 527 448 571 πευκῶν·
468 525 532 568 ἐπ’
558 519 713 581 εὐθείας
727 519 822 563 κατ’
842 515 971 573 αὐτὴν
992 517 1174 579 πελαγία

270 593 487 655 Ἀχιλλέως
506 594 531 645 ἠ
547 587 670 644 νῆσός
690 589 777 632 ἐστι
789 586 979 646 κειμένη.

266 730 389 789 Ἔχει
407 726 449 772 δὲ
475 726 629 781 πλῆθος
648 722 860 786 χειρόηθες
877 722 1028 786 ὀρνέων

266 798 361 842 θέαν
383 796 612 858 ἱεροπρεπῆ
636 810 680 837 τε
703 792 788 844 τοῖς
805 791 1128 854 ἀφικνουμένοις.

263 866 326 912 Οὗ
346 862 518 910 δυνατὸν
542 861 628 908 ἀπὸ
643 860 798 917 ταύτης
825 860 860 906 δ’
881 862 981 907 ἰδεῖν
998 861 1142 923 χώραν
1166 860 1257 906 τινοί

178 951 242 982 795
266 933 415 995 καίπερ
436 930 677 994 ἀπεχούσης
697 933 771 986 τῆς
786 930 916 992 πέραν
936 930 1085 975 στάδια
1109 931 1232 990 μόνον

266 1000 513 1064 τετρακόσι’,
532 1002 587 1052 ὡς
610 998 659 1054 δὴ
682 999 908 1063 συγγράφει
931 997 1184 1061 Δημήτριος.

178 1242 245 1291 τῆς
261 1238 418 1294 χιόνος,
445 1239 498 1287 ὥς
519 1252 650 1293 φασιν,
685 1236 753 1286 τὰς
788 1236 995 1293 ἔπιρρύσεις
1016 1240 1092 1277 τῶν
1119 1251 1161 1278 τε
1194 1236 1422 1292 τηκομένων

176 1302 389 1357 λαμὸάνων
423 1299 484 1342 ἀεὶ
510 1301 664 1357 πάγων,
698 1299 737 1342 ἐν
765 1299 807 1341 δὲ
835 1304 894 1356 τῷ
927 1300 1026 1355 θέρει
1051 1299 1097 1340 τὶ)
1115 1298 1267 1355 ῥεῖθρον
1289 1297 1423 1348 ἔξεισιν

177 1363 358 1412 ὡσαύτως
386 1361 486 1404 ἴσον.
533 1362 787 1405 Letronnius
817 1363 874 1403 ita
906 1374 918 1403 ζ
952 1361 1088 1417 ἀμέλει
1127 1361 1162 1400 δ’
1203 1361 1315 1416 ἄχρις
1357 1364 1424 1413 τῆς

181 1425 366 1478 Κελτικῆς
393 1426 651 1482 γινώσκεταιΙ
674 1424 744 1466 κάν
768 1429 826 1478 τῷ
850 1425 948 1480 θέρει
982 1423 1050 1465 τὸν
1077 1424 1202 1465 πάντα
1232 1424 1423 1480 διαμένων

180 1489 342 1543 χρόνον·
363 1488 372 1543 1
393 1491 559 1543 χειμῶνι
583 1486 652 1543 μὲν
682 1486 759 1543 γὰρ
788 1486 938 1535 αὔξεται
954 1486 1221 1541 πληρούμενος
1244 1487 1352 1540 Ιτοῗς
1364 1502 1424 1542 γι-

178 1552 353 1606 νομένοις
366 1551 546 1607 ὄμὸροισι
567 1550 632 1591 καὶ
649 1551 784 1606 χιόνος
804 1549 902 1603 ἅποὶ
921 1554 997 1591 τῶν
1017 1549 1243 1604 τηκομένων
1263 1564 1305 1591 τε
1324 1548 1425 1606 λαμ-

178 1614 308 1655 Εάνων
324 1612 384 1655 ἀεὶ
402 1614 556 1668 πάγων,
581 1612 588 1669 Ι
606 1614 658 1661 ὥς
673 1628 786 1668 φασι,
804 1611 871 1660 τὰς
884 1611 1110 1668 ἓπιρρύσεις·
1133 1611 1205 1653 κᾶν
1225 1615 1283 1668 τῷ
1300 1612 1419 1668 θέρειΙ

178 1676 223 1716 τὸ
255 1675 407 1731 ῥεῖθρον
444 1674 592 1723 ἔξίεισιν
624 1674 807 1723 ὡσαύτως
843 1673 944 1716 ἴσον.
981 1675 1138 1716 Contra
1171 1673 1420 1725 Meinekius,

178 1746 302 1789 recte,
324 1738 490 1794 opinor,
514 1738 657 1786 statuit
672 1746 765 1793 post
782 1752 821 1778 v.
840 1739 1071 1793 γινώσκεται
1089 1735 1289 1778 excidisse
1307 1734 1421 1777 vide·

178 1802 212 1842 ri
235 1815 422 1851 versum,
446 1799 651 1856 siquidem
674 1799 795 1841 verba
826 1800 892 1841 καὶ
912 1805 967 1856 τῷ
994 1801 1091 1855 θέρει
1119 1799 1422 1855 oppositionem

177 1862 256 1903 sibi
275 1862 499 1918 postulent.
533 1864 677 1917 Itaque
705 1862 747 1902 in
778 1862 859 1902 fine
882 1860 971 1916 ejus
1002 1863 1073 1917 qui
1100 1860 1253 1903 excidit
1283 1875 1422 1902 versus

178 1923 560 1980 suissesuspicatur
579 1923 618 1965 ἐν
641 1928 807 1979 χειμῶνι
843 1924 898 1965 δέ.
935 1922 1052 1964 Idem
1074 1922 1127 1964 de
1156 1922 1422 1978 sequentibus

179 1987 472 2029 Letronnianis
492 1987 549 2028 ait
571 1999 582 2028 ε
613 2006 629 2022 ι
657 1988 805 2028 Fateor
826 2001 893 2027 me
914 1987 955 2027 in
974 1986 1040 2027 his
1073 1985 1233 2027 nullum
1255 2000 1421 2028 sensum

180 2048 334 2101 videre,
359 2063 494 2105 neque
513 2050 821 2105 grammaticam
844 2049 974 2104 legem
1005 2049 1060 2090 ita
1082 2057 1129 2090 ut
1145 2047 1319 2091 decebat
1338 2063 1423 2091 ser-

178 2120 328 2154 vatam.
354 2113 460 2154 Nam
481 2119 528 2153 ut
550 2111 603 2153 de
634 2112 783 2153 infelici
822 2113 901 2153 isto
938 2110 1064 2159 ἐξίεισι
1083 2118 1261 2162 taceam,
1297 2110 1422 2154 verba

177 2179 343 2231 χειμῶνι
374 2174 442 2230 μὲν
471 2173 547 2230 γὰρ
566 2175 663 2215 satis
692 2173 844 2215 docent
873 2187 958 2214 non
984 2172 1108 2213 scribi
1137 2186 1257 2228 posse
1275 2171 1346 2214 κᾶν
1363 2177 1421 2229 τῷ

178 2238 302 2293 θέρει,
330 2236 403 2279 sed
422 2235 536 2292 quod
556 2239 803 2292 Anonymus
825 2235 949 2276 habet
975 2234 1014 2276 ἓν
1037 2233 1078 2275 δὲ
1097 2238 1155 2290 τῷ
1173 2234 1284 2290 θέρει.
1312 2234 1421 2277 Male

177 2302 274 2342 item
292 2300 426 2356 χιόνος
444 2299 519 2341 ἄπο
542 2300 742 2355 scriptum
764 2307 840 2348 est,
862 2306 1035 2354 propter
1053 2298 1252 2338 omissum
1270 2298 1421 2339 articu-

175 2362 261 2404 lum
275 2393 287 2414 ,
309 2363 382 2418 qui
403 2362 654 2403 necessarius
687 2369 764 2402 est.
792 2359 919 2414 Quod
946 2368 1084 2401 autem
1104 2373 1316 2401 summum
1334 2368 1417 2412 est,

176 2426 262 2480 ipsa
279 2424 443 2466 laborat
459 2424 661 2465 sententia
674 2455 685 2475 ,
712 2438 803 2479 qum
825 2436 956 2478 quum
976 2422 1064 2464 haec
1080 2436 1167 2463 esse
1187 2420 1356 2473 debeat,
1373 2432 1421 2464 ut

174 2488 353 2529 rationes
375 2487 648 2543 explicentur,
688 2485 841 2541 quibus
870 2485 960 2526 fieri
995 2485 1139 2540 possit,
1174 2492 1222 2525 ut
1243 2486 1347 2525 Ister
1379 2494 1422 2527 et

174 2558 311 2590 :estate
326 2557 367 2590 et
379 2549 515 2590 hieme
537 2547 777 2604 aequabilem
797 2561 999 2602 aquarum
1016 2545 1326 2588 multitudinem
1348 2547 1418 2589 ha·

173 2610 283 2660 beat,
304 2610 357 2652 de
375 2610 541 2653 hiemali
561 2619 748 2665 tempore
773 2611 924 2666 partim
944 2609 1178 2651 asseruntur
1191 2624 1239 2651 ea
1257 2623 1349 2665 quae
1367 2609 1420 2652 de

174 2671 254 2713 hoc
279 2673 376 2713 anni
398 2681 584 2727 tempore
603 2671 686 2714 dici
710 2686 795 2713 non
818 2680 1008 2727 possunt,
1040 2671 1094 2713 de
1113 2672 1254 2712 aestivo
1281 2679 1418 2713 autem

178 2741 366 2789 tempore
389 2734 490 2775 nihil
507 2735 681 2775 omnino
697 2734 885 2776 affertur.
903 2736 988 2776 Has
1003 2733 1264 2775 difficultates
1282 2748 1419 2777 remo-

175 2795 282 2837 veris
300 2796 333 2836 si
355 2797 409 2836 ita
424 2795 560 2836 locum
585 2796 759 2850 reiingas
787 2809 796 2837 :
818 2801 984 2851 χειμῶνι
1006 2796 1074 2851 μὲν
1102 2804 1182 2837 ειε.
1206 2797 1223 2849 (
1246 2794 1330 2837 vid.
1352 2810 1419 2837 su-

174 2869 250 2912 pra
266 2856 300 2912 ).
331 2857 429 2897 Haec
441 2865 578 2897 autem
597 2871 690 2897 vera
717 2871 804 2897 esse
828 2857 1002 2907 docent,
1027 2859 1193 2913 opinor,
1212 2872 1304 2913 quae
1323 2866 1418 2899 ante

174 2918 318 2961 ocutos
346 2918 493 2960 habuit
523 2920 725 2974 Scymnus
751 2919 874 2960 verba
895 2919 1096 2960 Herodoti
1118 2921 1194 2969 lv,
1224 2920 1276 2962 50
1302 2933 1312 2961 :
1339 2919 1419 2969 ἴσος

175 2980 217 3023 δὶ
237 2979 313 3022 αἰεὶ
345 2980 418 3037 ῥέει
449 2980 490 3022 ἔν
514 2996 555 3022 τε
590 2985 647 3037 τῷ
670 2982 773 3036 θέρεϊ
797 2980 863 3021 καὶ
899 2986 1064 3036 χειμῶνι
1101 2980 1122 3020 ὁ
1141 2981 1289 3035 Ἴστρος
1321 2984 1418 3023 κατὰ

173 3044 325 3086 τοιόνδε
347 3058 405 3095 τι,
432 3043 483 3092 ὡς
512 3042 601 3099 ἔμοι
630 3044 766 3085 δοκέει.
799 3044 877 3084 Τοῦ
909 3044 977 3099 μὲν
1004 3044 1196 3099 χειμῶνός
1221 3043 1299 3084 ἔστι
1331 3046 1420 3094 ὅσος

176 3121 245 3162 περ
265 3105 372 3156 ἐστὶ,
401 3106 528 3162 ὀλίγῳ
546 3121 587 3147 τε
606 3107 731 3162 μέζων
756 3109 824 3159 τῆς
846 3105 990 3148 ἑωυτοῦ
1014 3106 1144 3162 φύσιος
1162 3107 1330 3161 γίνεται·
1356 3108 1417 3149 ὕε-

174 3185 238 3210 ται
252 3167 328 3225 γὰρ
348 3167 374 3221 ἡ
396 3171 449 3225 γῆ
467 3169 562 3222 αὕτη
579 3172 647 3211 τοῦ
662 3173 855 3225 χειμῶνος
873 3169 1031 3225 πάμπαν
1048 3168 1196 3225 ὀλίγῳ,
1218 3174 1359 3226 νιφετῷ
1378 3170 1418 3211 δὲ

173 3232 299 3273 πάντα
319 3231 490 3287 χρέεται,
511 3234 580 3273 τοῦ
601 3230 642 3272 δὲ
668 3232 793 3287 θέρεος
812 3230 836 3284 ἢ
860 3233 959 3287 χιὼν
979 3229 1004 3284 ἣ
1028 3230 1067 3273 ἐν
1091 3236 1148 3287 τῷ
1170 3236 1334 3287 χειμῶνι
1352 3248 1418 3274 πε-

176 3295 311 3345 σοῦσα,
329 3291 444 3335 ἐοῦσα
461 3291 695 3349 ἀμφιλαφὴς,
715 3295 909 3350 τηκομένη
923 3294 1111 3336 πάντοθεν
1129 3293 1281 3335 ἐσδιδοῖ
1293 3292 1328 3343 ἔς
1351 3294 1418 3337 τὸν

178 3354 344 3409 Ἵστρον.
368 3356 419 3396 In
441 3355 593 3410 quibus
612 3355 687 3396 etsi
708 3355 865 3406 insunt,
890 3370 913 3397 a
932 3356 1084 3412 quibus
1101 3357 1250 3398 Noster
1263 3355 1420 3399 dissen-

176 3416 264 3465 tiat,
290 3416 333 3457 in
357 3416 597 3458 universum
618 3424 756 3458 tamen
785 3430 980 3460 summus.
995 3426 1057 3459 est
1078 3417 1297 3459 amborum
1320 3433 1418 3461 eon-

176 3491 334 3518 sensus.
362 3497 380 3514 »
405 3478 652 3520 Herodoteis
669 3478 775 3521 adde
793 3480 1037 3522 Pausaniam
1059 3481 1179 3532 Vm,
1202 3481 1271 3532 38,
1290 3481 1331 3523 3.
1359 3482 1418 3524 Ea

177 3552 343 3594 quoque
362 3554 452 3594 quae
475 3542 595 3582 initio
626 3540 750 3596 hujus
779 3541 857 3584 loci
896 3542 1111 3597 leguntur,
1144 3542 1331 3599 ἀμέλει...
1355 3559 1419 3600 γι-

177 3602 388 3651 νώσκεται,
420 3603 462 3641 in
483 3604 666 3644 animum
695 3613 887 3646 revocant
911 3620 1003 3660 quae
1025 3604 1263 3647 Herodotus
1280 3607 1342 3657 11,
1366 3606 1417 3657 34

176 3662 330 3703 Istrum
366 3676 461 3703 cum
495 3664 589 3705 Nilo
607 3679 851 3721 comparans
877 3666 978 3708 dicit
1001 3681 1010 3708 :
1043 3666 1089 3708 ‘0
1113 3667 1180 3724 μὲν
1199 3665 1247 3720 δὴ
1272 3668 1421 3725 Ἴστρος

180 3723 195 3780 (
217 3723 291 3780 ῥέει
329 3723 407 3781 γὰρ
453 3725 502 3764 δι’
548 3725 768 3782 οἰκευμὲνης
788 3730 803 3782 )
850 3730 942 3783 πρὸς
978 3730 1135 3771 πολλῶν
1165 3732 1416 3787 γινώσκεται,

178 3786 278 3842 περὶ·
300 3785 343 3828 δὶ
378 3789 456 3828 τῶν
483 3785 626 3828 Νείλου
662 3790 817 3844 πηγέων
850 3790 971 3840 οὖδεὶς
1011 3792 1094 3847 ἔχει
1128 3793 1271 3845 λέγειν.
1313 3794 1330 3849 ss
1364 3817 1420 3827 —

179 3850 276 3904 786.
311 3849 395 3898 τοῖς
429 3850 628 3905 μεγέθεσιν
667 3853 839 3901 Anom.;
878 3868 1040 3895 correx.
1083 3856 1270 3898 Holsten.
1311 3857 1328 3910 ΙΙ
1365 3880 1421 3889 -

180 3911 276 3964 787.
298 3910 493 3964 θαλάσσης
515 3914 623 3962 Αη.;
647 3926 729 3954 em.
757 3915 955 3956 Letronn.
991 3918 1007 3969 11
1029 3941 1085 3948 -
1101 3921 1198 3972 788.
1217 3917 1285 3960 οὔκ
1315 3918 1419 3960 ἔστιν

176 3969 351 4014 ὅλάττων
377 3972 444 4029 μὲν
468 3976 536 4026 τῆς
564 3972 702 4016 Ῥόδου
731 3975 872 4027 νήσου,
913 3977 1039 4031 Πεύκη
1073 3980 1112 4020 δὲ
1141 3980 1295 4036 λέγεται
1324 3980 1418 4034 αὕτη

969 140 1488 204 ANONYM1·(vm.co
1521 142 1752 192 sevum
1785 143 1944 204 cult)

2573 139 2647 206 (ιιι,
2657 144 2733 244 ιο.)Β

1498 251 1650 295 multas
1668 260 1794 309 atque
1810 265 1980 308 magna
1995 251 2172 302 ambitu,
2201 259 2247 292 ιιι
2270 250 2377 293 sama
2394 258 2470 299 est,

1497 335 1677 377 quarum
1699 334 1785 364 nnn
1804 322 1916 364 inter
1936 319 2203 377 moejaeens

1498 388 1697 443 fluviique
1717 388 1823 429 ostia
1843 401 1930 429 non
1945 388 2083 429 minor
2108 396 2173 431 est
2197 387 2370 439 Rhodo;

1496 455 1631 496 Peuce
1652 454 1690 495 ei
1713 468 1866 495 nomen
1883 461 2055 510 propter
2073 454 2236 511 copiam
2256 469 2384 511 quam
2401 456 2586 496 continet

1497 523 1724 578 picearum.
1745 523 1871 564 Recta
1893 522 1931 564 ei
1953 523 2143 578 opposita

1498 590 1668 633 Achillis
1698 590 1830 632 insula
1859 591 1901 631 in
1922 589 2006 631 alto
2021 588 2145 645 jacet.

1496 728 1630 771 Habet
1651 728 1783 771 insula
1803 736 2062 771 mansuetam
2081 728 2221 770 avium
2239 727 2402 784 copiam
2414 760 2426 778 ‚

1494 795 1813 852 religiosumque
1832 795 1989 852 praebet
2011 793 2180 837 advenis
2202 795 2497 851 spectaculum.

1494 865 1649 919 Nequit
1670 864 1724 906 ab
1742 878 1788 907 ea
1813 872 1926 907 terra
1941 864 2023 907 ulla
2039 864 2250 922 conspici,

1495 944 1748 986 quamquam
1767 945 1852 973 non
1869 931 1995 974 distat
2011 933 2229 974 continens
2243 932 2348 973 ultra
2370 932 2500 974 stadia

1495 998 1796 1055 quadringenta
1809 1031 1820 1051 ,
1845 1009 1892 1042 ut
1909 999 2037 1042 tradit
2055 1001 2304 1042 Demetrius.

1493 1235 1557 1277 διὰ
1575 1235 1662 1278 κτλ.
1683 1238 1856 1287 Anom.;
1874 1250 1957 1277 em.
1982 1235 2236 1278 Holstenius.
2259 1238 2322 1277 De
2355 1250 2399 1278 re
2422 1236 2477 1278 cs.
2503 1238 2735 1281 Eratosthe-

1494 1313 1567 1341 nes
1602 1313 1670 1355 ap.
1701 1298 1831 1340 schol.
1858 1298 1993 1354 Apoll.
2021 1298 2102 1340 nh.
2130 1299 2207 1349 IV,
2246 1298 2327 1340 310
2355 1311 2365 1339 :
2394 1296 2671 1354 Ἐρατοσθένης
2695 1300 2735 1343 ἐν

1496 1360 1538 1416 γ’
1558 1361 1838 1417 Γεωγραφικῶν
1858 1363 1976 1413 νῆσον
2000 1358 2103 1402 εἶναι
2122 1358 2162 1401 ἐν
2184 1364 2243 1416 τῷ
2260 1359 2400 1417 Ἴστρῳ
2421 1361 2514 1416 φησὶ
2529 1361 2733 1417 τρίγωνον,

1495 1422 1582 1476 ἴσην
1602 1427 1651 1481 τῇ
1673 1421 1799 1480 Ῥόδῳ
1821 1422 1908 1464 κτλ.
1933 1424 1950 1478 11
1969 1447 2027 1455 —
2045 1436 2142 1478 790.
2166 1420 2228 1464 εἶτ
2243 1421 2362 1471 οὕτως
2382 1423 2465 1479 μετ’
2485 1421 2603 1474 αὗτὴν
2621 1424 2737 1466 πελα·

1492 1486 1561 1541 γία
1592 1487 1747 1542 κειμένη
1766 1485 1792 1539 ὴ
1816 1486 2070 1542 προειρημένη
2105 1488 2173 1527 τοῦ
2210 1483 2415 1540 Ἀχιλλέως
2446 1488 2562 1538 νῆσος
2579 1488 2733 1530 Auem.

1493 1548 1604 1590 Hinc
1624 1548 1863 1590 Holstenius
1883 1556 1925 1590 et
1947 1548 2200 1590 Iaetronnius
2223 1559 2234 1588 z
2258 1547 2342 1603 μετ’
2366 1545 2484 1599 αὗτὴν
2509 1546 2598 1591 εἶτα
2619 1550 2737 1591 πελαι»

1492 1609 1560 1664 γία
1594 1608 1773 1666 (πλαγία
1805 1609 1952 1666 Letr.)
1984 1610 2162 1665 κειμένηι
2190 1607 2271 1663 Ἆχ.
2302 1611 2430 1662 νῆσος.
2459 1612 2514 1652 At
2539 1610 2620 1653 dici
2649 1610 2736 1655 εἶτα
2799 1605 2808 1656 i

1494 1671 1592 1727 μετὰ
1610 1675 1745 1723 ταῦτα,
1768 1686 1852 1714 non
1874 1671 1956 1714 dici
1979 1671 2075 1728 μετὰ
2091 1674 2211 1713 ταῦτα
2231 1669 2334 1723 εἶτα,
2359 1681 2501 1714 monet
2524 1673 2732 1727 Meineke3

1491 1733 1641 1791 πλαγία
1657 1748 1756 1776 vero
1766 1748 1915 1791 parum
1928 1742 2022 1791 apte
2035 1732 2337 1786 introductum,
2357 1743 2402 1775 ut
2418 1749 2559 1777 versus
2573 1736 2735 1782 Holste·
2797 1730 2804 1774 Ῐ

1492 1798 1641 1839 nianus
1652 1798 1929 1853 corrigeretur
1941 1813 1953 1849 3
1966 1796 2135 1852 πελαγία
2150 1796 2282 1838 insula
2294 1797 2417 1838 etiam
2429 1797 2622 1843 Straboni
2634 1801 2732 1852 vn,

1492 1873 1535 1915 p.
1560 1860 1640 1902 383
1670 1868 1856 1901 vocatur.
1888 1858 2121 1901 Meinekius
2139 1859 2278 1915 itaque
2299 1857 2416 1900 dedit
2441 1872 2450 1900 :
2478 1859 2595 1903 ἔπειτ’
2614 1862 2736 1917 οὕτως
2806 1861 2808 1880 ³

1494 1922 1577 1977 μετ’
1615 1919 1734 1974 αὗτὴν
1767 1922 1961 1977 πελαγίαΙ
2000 1919 2215 1976 ’Ᾰχιλλέως
2247 1921 2272 1974 ἡ
2308 1921 2422 1973 νῆσός
2450 1921 2530 1964 ἐστι
2559 1926 2731 1980 κειμένη,

1491 1982 1648 2026 addens
1677 1993 1815 2027 tamen
1850 1998 1993 2026 vocem
2025 1984 2145 2033 οὕτως
2167 1991 2405 2040 corruptam
2434 1999 2536 2027 esse.
2581 1987 2734 2045 Scripsi

1492 2042 1551 2087 ἔπ’
1585 2045 1729 2096 εὐθείας
1758 2046 1773 2103 (
1799 2061 1851 2087 an
1875 2046 1972 2088 sort.
1995 2044 2236 2100 ἔναντίωςὲ)
2269 2047 2277 2102 Ι
2305 2047 2389 2088 κατ’
2422 2045 2556 2099 αὗτὴν,
2587 2049 2734 2093 collato

1491 2108 1659 2151 Arrian.
1683 2122 1727 2165 p.
1760 2111 1812 2158 24
1840 2121 1851 2149 :
1890 2106 1988 2150 κατὰ
2021 2111 2137 2150 τοῦτο
2161 2107 2329 2164 μάλιστα
2347 2109 2393 2151 τὸ
2416 2110 2541 2165 στόμα
2564 2109 2622 2153 ἐπ’
2646 2110 2734 2154 εὖθυ

1491 2169 1699 2213 πλέοντι...
1733 2174 1849 2224 νῆσος
1863 2171 2111 2226 πρόκειται...
2149 2169 2371 2227 Ἀχιλλέως.
2396 2173 2459 2214 De
2494 2173 2581 2229 ipsa
2602 2173 2734 2217 insula

1492 2232 1586 2274 vide
1618 2233 1828 2275 uberrime
1860 2232 2130 2275 disserentem
2179 2232 2403 2276 Ukertium
2440 2242 2544 2278 tom.
2582 2236 2671 2287 m,
2707 2250 2733 2279 ει

1491 2308 1535 2350 p.
1562 2298 1644 2345 442
1664 2310 1755 2351 sqq.
1791 2304 1833 2338 et
1849 2310 1954 2351 quos
1975 2294 2128 2338 laudat.
2158 2296 2175 2350 ΙΙ
2201 2319 2275 2351 -1
2291 2300 2496 2351 792-796.
2526 2299 2729 2355 Anonym.

1484 2372 1534 2415 p.
1564 2372 1614 2400 ιο
1635 2361 1712 2407 H..
1731 2373 1783 2415 p.
1804 2372 1903 2410 222,
1933 2359 1956 2400 3
1981 2362 2033 2401 G.
2060 2358 2078 2414 ΙΙ
2103 2382 2161 2390 -
2189 2359 2287 2413 793.
2312 2358 2560 2401 Particulam
2581 2374 2624 2403 τε
2641 2370 2735 2418 pont

1492 2423 1580 2463 θέαν
1603 2422 1727 2464 habet
1749 2426 1904 2465 Anum.
1923 2438 1934 2473 ;
1966 2422 2219 2478 transposuit
2236 2421 2443 2464 Meineke.
2465 2422 2660 2466 Ceterum
2681 2422 2735 2469 de
2800 2461 2802 2465 .

1490 2484 1634 2526 a'vibus
1653 2486 1800 2527 Leucae
1822 2484 1964 2525 insula:
1993 2499 2034 2526 v.
2056 2484 2289 2539 Antigonus
2309 2485 2407 2526 Mir.
2440 2484 2513 2535 134
2528 2514 2540 2536 ,
2578 2484 2735 2529 Plinius

1490 2547 1546 2595 Χ,
1585 2550 1655 2598 24,
1680 2547 1843 2589 Solinus
1880 2562 1919 2588 c.
1958 2560 2035 2602 19,
2060 2546 2280 2588 Salmasius
2301 2545 2354 2588 ad
2389 2545 2519 2589 Solin.
2553 2559 2597 2603 p.
2636 2547 2730 2591 152.
2806 2563 2808 2567 ·

1490 2609 1711 2666 Euripides
1739 2609 1874 2666 Iphig.
1894 2610 2024 2651 Taur.
2045 2610 2125 2659 435
2146 2622 2157 2651 ε
2181 2607 2434 2664 πολυόρνιθον
2457 2606 2567 2661 αἶαν,
2590 2607 2732 2652 λευκὰν

1491 2672 1628 2725 ἀκτὰν,
1659 2672 1868 2728 Ἀχιλλῆος
1897 2672 2062 2728 δρόμους
2092 2671 2387 2719 καλλισταδίους
2415 2670 2532 2723 dicit,
2563 2671 2733 2715 Achillis

1490 2734 1635 2790 δρόμον
1656 2748 1752 2775 cum
1774 2735 1911 2775 Leuce
1933 2733 2064 2775 insula
2087 2732 2363 2775 confundens.
2386 2733 2403 2788 ΙΙ
2421 2756 2479 2765 -
2496 2735 2596 2789 794.
2619 2736 2732 2777 Ano·

1491 2810 1640 2852 nymus
1665 2809 1675 2837 :
1704 2795 1749 2836 οὗ
1778 2795 1940 2837 δυνατὸν
1971 2796 2012 2837 δέ
2041 2794 2143 2837 ἐστιν
2177 2795 2252 2837 ἀπὸ
2283 2795 2422 2848 ταύτης
2449 2796 2582 2851 χώραν
2617 2794 2729 2848 ἰδεῖν,
2797 2818 2808 2862 3

1489 2859 1624 2915 καίπερ
1640 2857 1857 2914 ἀπεχούσης
1872 2857 1987 2911 αὗτῆς
2002 2857 2077 2900 ἀπὸ
2093 2862 2160 2911 τῆς
2180 2857 2336 2913 ἠπείρου
2351 2858 2527 2907 σταδίους
2544 2855 2595 2911 ν’,
2615 2857 2668 2909 ὣς
2681 2857 2731 2912 δὴ
2749 2870 2754 2875 ·
2798 2874 2808 2914 1,

1489 2921 1701 2977 συγγράφει
1734 2920 1967 2977 Δημήτριος.
1992 2920 2058 2963 Ad
2085 2936 2177 2977 quae
2195 2919 2510 2963 accommodare
2536 2934 2733 2965 numet'oe
2793 2913 2808 2997 Ξ

1491 2986 1660 3025 tentavi.
1687 2984 1939 3026 Letronnius
1961 2984 2124 3041 scripsit
2144 2997 2153 3025 :
2180 2983 2401 3036 οὔδυνατὸν
2422 2984 2500 3027 ἔστ’
2529 2983 2605 3040 (οὗ
2622 2985 2732 3028 δύνα-
2800 3002 2808 3037 ,ι

1490 3061 1538 3086 τα
1563 3047 1597 3086 δ’
1625 3045 1727 3088 ἐστίν
1744 3045 1855 3102 conj.
1875 3047 2004 3088 Mein.
2026 3050 2041 3100 )
2065 3045 2222 3102 ἤπειρον
2244 3046 2319 3089 ἀπὺ
2338 3047 2476 3099 ταύτης
2490 3045 2601 3098 ἰδεῖν,
2618 3050 2626 3104 Ι
2645 3049 2730 3090 καί·
2803 3041 2808 3078 ῗ

1489 3123 1558 3163 περ
1585 3107 1802 3163 ἀπεχούσης
1824 3110 1958 3149 στάδια
1982 3112 2049 3160 τῆς
2079 3110 2209 3164 χώρας
2229 3109 2327 3159 ἅποΙ
2346 3108 2559 3163 τετράκοσι’
2588 3108 2674 3151 κτλ.
2706 3112 2725 3165 ΙΙ

1488 3193 1545 3201 ·-
1580 3175 1678 3224 796.
1714 3172 2054 3227 τετρακόσια]
2077 3172 2292 3212 consentit
2332 3170 2488 3213 Plinius
2514 3172 2591 3222 IV,
2622 3184 2676 3227 27
2704 3186 2730 3215 ι

1491 3233 1623 3273 Ρειιεε
1642 3233 1772 3273 insula
1785 3235 1948 3274 Leucon
1977 3233 2149 3273 insulam
2170 3233 2309 3274 alwsse
2331 3232 2473 3275 dicens
2494 3233 2547 3275 50
2568 3234 2694 3278 millia
2713 3246 2727 3278 t

1491 3297 1600 3334 Ante
1622 3294 1902 3349 Borysthenem
1919 3293 2109 3335 Achillea
2123 3305 2183 3335 ese
2197 3309 2326 3351 supra
2339 3293 2471 3337 dicta.
2490 3297 2613 3338 Hanc
2636 3305 2731 3348 eenn-
2781 3322 2785 3343 3

1483 3369 1633 3412 porum
1673 3355 1815 3397 luorum
1844 3355 2140 3397 dcenoustralio
2166 3370 2193 3397 a
2235 3356 2476 3412 Borysthene
2510 3360 2588 3407 140
2620 3357 2745 3402 mul-³
2764 3355 2808 3403 ³²⁵⁹:

1484 3419 1623 3475 ponit,
1644 3434 1671 3460 a
1696 3422 1802 3474 Tyra
1824 3433 1901 3461 120
1920 3419 2025 3461 mill.
2050 3421 2066 3473 (
2086 3421 2166 3462 500
2187 3418 2292 3460 stad.
2314 3434 2397 3461 sec.
2413 3419 2607 3463 Strabon.
2627 3420 2729 3475 Vn,
2768 3441 2793 3475 g.

1490 3494 1533 3537 p.
1557 3482 1636 3523 306
1653 3486 1685 3536 )‚
1710 3497 1736 3522 a
1771 3484 1898 3523 Peuce
1918 3481 2054 3523 insula
2082 3480 2386 3538 quinquaginta
2408 3481 2559 3525 millia.
2597 3479 2731 3536 Cam
2753 3474 2808 3550 gi}

1491 3552 1562 3584 tm·
1584 3545 1751 3586 circiter
1776 3543 1907 3585 decem
1945 3544 2050 3585 nn'll.
2077 3559 2296 3601 passuum.
2331 3545 2431 3599 11-
2452 3558 2549 3600 797.
2592 3544 2729 3584 Am.
2765 3546 2808 3600 Q

1483 3619 1533 3662 p.
1566 3619 1615 3648 ιο
1637 3609 1711 3655 ΙΙ.,
1739 3622 1788 3663 p.
1822 3620 1919 3657 221,
1957 3620 2006 3647 ια
2030 3610 2083 3648 G.
2108 3622 2122 3648 .·
2142 3602 2261 3648 Οὗτοι
2296 3606 2387 3662 (sc.
2412 3606 2600 3661 quisunt
2620 3597 2808 3668 inm}

1489 3669 1582 3709 Istri
1625 3670 1727 3710 ostia
1765 3677 1804 3710 et
1826 3670 1978 3724 Tyrum
2008 3669 2180 3710 fluvium
2202 3669 2215 3725 )
2238 3668 2382 3724 θρᾷκες
2414 3667 2479 3709 καὶ
2514 3666 2728 3723 Βαστάρναι
2772 3685 2808 3719 5,

1491 3729 1688 3782 ἐπήλυδες.
1715 3733 1821 3772 Ilinc
1837 3746 1960 3787 snpra
1972 3730 2177 3787 adscripta
2196 3730 2311 3772 dedit
2328 3729 2564 3772 llolstenius
2583 3739 2726 3771 numo-
2768 3719 2803 3770 ’ἶ

1490 3808 1558 3835 rus
1573 3808 1717 3849 parum
1734 3809 1904 3845 curans;
1922 3808 2049 3849 quare
2066 3793 2318 3835 Letronnius
2330 3800 2375 3834 ut
2388 3790 2618 3848 spondeum
2629 3787 2726 3838 sed·
2743 3838 2773 3855 l

1491 3855 1698 3910 illegitima
1728 3856 1919 3911 ejiceret,
1957 3870 2035 3912 pro
2058 3855 2273 3911 Βαστάρναι
2301 3855 2463 3911 scripsit
2486 3851 2805 3910 Baotpdvoetssrw

1490 3933 1581 3974 qua·
1608 3919 1817 3960 literarum
1850 3918 2114 3974 transpositio
2130 3917 2320 3973 quamvis
2339 3916 2487 3973 passim
2510 3914 2657 3966 obvia,
2678 3910 2721 3955 iu

1491 3995 1615 4035 opere
1646 3991 1780 4023 tamen
1804 3980 2076 4037 gmgraphico
2092 3978 2323 4036 juventutis
2349 3980 2391 4021 in
2413 3991 2532 4021 usum
2549 3985 2723 4019 conten·
