2756 4354
0 0 34 197 'l

0 231 5 243 Ι
11 227 13 229 .

0 306 11 354 ἕ

521 184 600 232 ΒΕ
632 181 940 229 ANONYMO
977 176 1264 227 AUCTORE
1299 183 1536 232 PERI-PLI
1573 188 1761 235 MARIS
1796 192 2138 245 ERYTHRAEI.

65 293 210 349 dicit,
251 293 315 337 ita
337 299 596 350 comparata
625 287 734 341 sint,
754 296 804 330 ut
836 301 893 330 ex
924 285 1106 346 periplo
1143 296 1302 330 nostro

51 367 304 412 *Romanus
326 365 524 424 scriptor
551 361 824 406 desumsisse
841 359 1016 404 debeat.
1043 359 1218 413 Quodsi
1249 362 1305 405 de

75 442 308 488 nonnullis
341 439 520 486 Plinius
568 437 750 482 diversa
789 436 862 480 vel
904 436 1039 479 etiam
1076 436 1306 480 contraria

74 518 260 579 prodat,
286 530 339 560 ea
371 511 684 572 compilatoris
711 510 982 555 festinantiae
1005 510 1077 554 vel
1103 510 1305 555 oscitan—

67 596 145 637 :tiae
173 605 270 635 esse
303 587 569 647 imputanda
590 587 669 646 (⁴²).
706 584 950 630 Videamus
981 598 1080 645 'quae
1108 600 1182 630 res
1227 586 1300 631 sit.

67 665 250 713 Plinius
272 675 376 726 post
393 679 445 709 ea
468 679 569 724 quae
593 677 731 722 supra
753 663 780 721 g
802 663 887 707 168
913 661 1075 718 citavi,
1104 662 1303 721 primum

73 730 294 786 describit
307 740 428 784 viam
444 737 502 782 ab
518 736 797 782 Alexandria
815 736 869 781 ad
891 736 1155 792 Berenicen,
1182 736 1305 781 dein·

63 816 127 860 de
160 817 224 860 ita
242 816 424 876 pergit:
472 817 702 872 Navigare
738 818 950 872 incipiunt
970 823 1125 857 (estate
1158 816 1306 857 media

71 902 173 935 ante
192 893 326 935 Canis
341 901 479 933 ortum
496 900 576 932 aut
585 891 643 932 ab
656 899 809 932 exortu
818 893 987 947 potius.
1006 887 1205 947 Noster§
1229 889 1303 945 57,

68 983 118 1026 p.
140 967 230 1024 298
251 965 368 1009 nihil
390 965 480 1009 nisi
508 981 519 1008 :
548 963 731 1010 Πλέουσι
755 963 796 1008 δὲ
817 965 872 1015 εἷς
890 962 1016 1019 αὐτὴν
1037 964 1139 1024 (τὴν
1160 966 1307 1023 Λιμυ-

73 1039 216 1102 ρικὴν)
239 1037 347 1084 κατὰ
370 1038 511 1101 καιρὸν
531 1037 775 1099 ἀναγόμενοι
797 1040 869 1083 ἀπ’
890 1038 1100 1100 Αἰγύπτου
1118 1039 1213 1100 περὶ
1239 1038 1305 1084 τὸν

71 1114 241 1160 Ἰούλιον
270 1117 397 1174 μ’ῆνα.
437 1114 617 1159 Plinius
649 1114 791 1173 igitur
814 1115 1095 1158 accuratiora
1127 1114 1307 1159 tradens

71 1206 165 1234 non
186 1189 351 1234 Nostra
376 1189 636 1233 festinanter
659 1189 904 1248 excerpsit.
927 1215 990 1221 -—
1012 1189 1189 1233 Deinde
1213 1188 1306 1233 Pli-

65 1265 174 1315 snius
205 1282 214 1308 :
258 1268 450 1308 Veniunt
475 1269 646 1307 circiter
671 1267 729 1307 X
725 1266 828 1306 XX
835 1266 915 1307 die
941 1266 1094 1307 Ocelin
1124 1266 1307 1308 Arabioe

63 1351 149 1383 -aut
199 1341 351 1382 Canen
391 1337 588 1393 turiferae
628 1343 823 1394 regionis
856 1337 1006 1399 (Nihil
1056 1337 1219 1383 Noster
1251 1339 1307 1384 de

71 1413 192 1457 XXX
215 1413 391 1458 dierum
411 1413 597 1467 itinere,
616 1411 738 1471 quod
760 1421 908 1456 tamen
931 1427 1024 1457 non
1046 1413 1179 1458 finxit
1200 1413 1307 1458 Pli—

29 1524 31 1526 -
69 1489 174 1534 nius
185 1487 222 1555 )·,
235 1491 316 1532 Est
329 1499 374 1532 et
395 1492 543 1531 tertius
544 1499 701 1547 portus
716 1494 794 1546 qui
808 1500 990 1533 vocatur
1004 1492 1158 1544 Muza,
1181 1508 1305 1549 quem

69 1567 228 1608 Indica
247 1568 467 1620 navigatio
486 1580 571 1606 non
583 1569 731 1622 petit,
760 1580 839 1607 nec
877 1570 963 1608 nisi
984 1571 1088 1608 turis
1109 1568 1308 1611 odorum-

68 1646 151 1697 que
173 1639 459 1682 Arabicarum
478 1649 753 1686 mercatores.
776 1642 905 1684 Intus
924 1642 1146 1700 oppidum,
1178 1647 1306 1699 regia

63 1722 179 1772 -eJ'us,
212 1718 466 1774 appellatur
499 1717 720 1774 Sapphar,
760 1720 966 1776 aliudque
1001 1721 1126 1764 Save.
1169 1723 1304 1764 Indos

69 1803 210 1834 autem
228 1793 472 1849 petentibus
503 1795 778 1835 utilissimum
805 1804 875 1836 est
899 1796 958 1836 ab
984 1797 1106 1838 Oceli
1133 1799 1299 1852 egredi.

68 1865 376 1910 Memorantur
395 1866 515 1927 apud
534 1866 747 1911 Nostrum
763 1868 788 1926 ξ
807 1884 831 1910 2
843 1885 860 1911 1
884 1868 1016 1913 Muza
1034 1880 1077 1914 et
1096 1869 1303 1930 Sapphar

61 1952 111 1986 et
146 1941 282 1998 Save;
307 1951 351 1986 at
373 1942 548 1986 Muzam
580 1942 739 1987 Indica
772 1943 1065 2003 navigatione
1090 1962 1182 1990 non
1210 1947 1303 2006 peti

68 2032 161 2061 non
180 2017 370 2073 dicitur,
385 2018 611 2077 longeque
633 2018 826 2078 petitum
852 2019 991 2076 foret,
1017 2024 1054 2065 si
1077 2021 1180 2080 quis
1204 2031 1298 2065 sta—

56 2102 215 2153 tueret
239 2103 550 2153 excerptorem
568 2109 650 2138 sua
669 2095 882 2140 elicuisse
912 2112 968 2140 ex
990 2097 1015 2155 5
1040 2105 1095 2150 24
1122 2114 1166 2157 p.
1191 2091 1298 2153 2575,

68 2167 150 2212 ‘ubi
167 2167 327 2214 Ozelin
347 2178 504 2213 auctor
528 2179 685 2212 narrat
704 2184 795 2212 non
819 2179 909 2213 tam
931 2171 1187 2230 emporium
1212 2186 1305 2215 esse

60 2236 206 2302 *quam
245 2243 369 2304 ὅρμον
409 2243 480 2289 καὶ
514 2243 695 2306 ὕδρευμα
736 2245 807 2290 καὶ
846 2245 1012 2306 πρώτην
1057 2245 1302 2305 καταγωγὴν

70 2323 152 2369 τοῖς
189 2318 268 2362 ἔσω
309 2318 525 2379 διαίρουσι.
570 2319 718 2363 Porro
759 2320 877 2363 nihil
918 2318 1081 2363 Noster
1109 2319 1165 2364 de
1201 2326 1305 2363 turis

67 2392 426 2448 mercatoribus3
461 2393 647 2437 nonnisi
686 2394 916 2451 myrrham
953 2404 996 2436 et
1036 2393 1224 2452 lygdum
1262 2404 1305 2437 et

70 2469 321 2513 Aduliticas
342 2483 514 2512 merces
537 2483 561 2512 e
584 2467 719 2512 Muza
735 2467 976 2527 >exportari
1001 2467 1153 2511 tradit.
1184 2468 1304 2512 Illud

67 2560 252 2605 quoque
270 2561 279 2587 :
307 2546 443 2587 Indos
458 2545 705 2601 petentibus
723 2546 1001 2586 utilissimum
1025 2554 1091 2585 est
1109 2545 1166 2586 ab
1184 2545 1306 2587 Oceli

68 2624 239 2678 egredi,
269 2623 316 2663 in
353 2619 540 2678 Periplo
572 2620 742 2678 quaeris
765 2619 948 2662 frustra.
976 2644 1034 2650 -
1065 2617 1175 2661 Post
1210 2618 1305 2661 haec

68 2695 249 2739 Plinius
264 2709 273 2740 :
293 2697 407 2737 Inde
419 2705 547 2737 vento
560 2695 743 2752 hippalo
755 2698 966 2751 navigant
978 2694 1130 2736 diebus
1144 2694 1233 2735 XL
1247 2695 1310 2737 acl

26 2808 29 2811 .
66 2776 256 2829 primum
295 2775 534 2828 emporium
579 2772 723 2813 [1szoe
751 2772 954 2813 Muzirim
987 2785 1073 2812 non
1100 2781 1306 2828 expeten«

69 2849 170 2889 dum
199 2850 380 2904 propter
413 2850 579 2888 vicinos
600 2850 789 2903 piratas,
829 2849 901 2902 qui
933 2850 1136 2902 optinent
1169 2847 1306 2888 locum

70 2925 250 2970 Nur-tas,
303 2937 444 2979 neque
476 2931 545 2965 est
569 2922 802 2964 abundans
829 2922 1052 2965 mercibus,
1083 2923 1308 2964 Praeterea

74 3001 200 3054 longe
217 3014 244 3039 a
263 3007 378 3039 terra
398 2998 523 3039 abest
541 3001 714 3039 navium
737 3000 867 3039 statio
882 2997 1160 3053 lintribusque
1179 2995 1307 3051 aclfe-

67 3080 224 3115 rantur
245 3088 394 3117 onera.
420 3073 655 3128 Regnabat
678 3073 756 3125 ibi,
776 3087 906 3128 quum
921 3073 1152 3128 proderem
1176 3071 1274 3113 lzoec
1288 3106 1297 3124 ,

69 3150 390 3194 Caelobothras,
405 3147 460 3192 In
481 3147 564 3201 his,
585 3148 624 3192 si
639 3149 760 3205 regis
780 3162 947 3192 nomen
965 3147 1216 3206 exceperis,
1237 3146 1307 3190 ni-

69 3223 138 3266 ·hil
180 3233 271 3279 est,
300 3223 424 3283 quod
461 3238 562 3267 cum
595 3222 751 3267 Nostri
789 3223 1054 3267 narratione
1093 3222 1308 3282 componi

72 3297 229 3358 possit.
252 3298 409 3358 Neque
447 3298 751 3358 quadraginta
794 3298 972 3344 dierum
1000 3298 1308 3357 navigationis

72 3375 122 3417 in
161 3374 335 3433 periplo
373 3375 543 3420 mentio
579 3376 649 3434 fit,
691 3391 839 3435 neque
875 3374 1064 3420 Muziris
1105 3376 1307 3435 primum

2474 232 2587 266 xctx

1375 288 1629 350 Limyrices
1659 296 1917 354 emporium
1938 309 2020 357 est,
2038 302 2116 345 sed
2137 304 2309 362 Nam-a,
2335 325 2435 368 post
2462 333 2592 374 quam

1375 366 1582 424 sequitur
1614 366 1793 426 Tyndis
1816 380 1860 413 et
1884 379 1975 414 tum
2012 373 2190 418 demum
2215 378 2424 440 Muziris3
2453 404 2595 449 neque

1374 438 1596 500 Muzirin,
1620 443 1699 487 sed
1721 443 1821 488 loca
1844 446 1964 490 circa
1987 449 2263 494 Caenetarum
2283 455 2595 509 chersonesum

1374 514 1537 572 piratis
1575 517 1739 562 infesta
1770 519 2010 577 dicuntur3
2045 539 2191 583 neque
2226 526 2416 573 Nitriam
2446 536 2596 591 piratae

1377 596 1545 645 tenent,
1573 591 1650 634 sed
1672 591 1848 649 Naura,
1872 610 1973 654 quae
1997 610 2023 640 a
2042 597 2191 642 Nitria
2214 611 2290 644 aut
2312 618 2403 646 non
2422 605 2600 654 diversa

1375 673 1452 706 aut
1484 664 1526 707 ei
1558 666 1773 723 proxima
1819 667 2168 733 ει·ειι;,“ἐμπόριον
2206 686 2417 734 vocatur5
2458 696 2601 741 neque

1375 738 1607 785 mercibus
1630 740 1818 788 Muziris
1849 755 1994 801 caret,
2017 747 2095 791 sed
2126 749 2301 808 ἀκμάζει
2323 758 2404 804 τοῖς
2429 756 2508 800 ἀπὸ
2534 761 2603 813 τῆς

1374 811 1566 874 Ἀριακῆς
1590 817 1646 866 εἷς
1669 815 1795 872 αὐτὴν
1821 817 2055 879 ἐρχομένοις
2077 821 2232 874 πλοίοις
2262 825 2330 869 καὶ
2354 828 2433 879 τοῖς
2452 829 2604 888 Ἕλλη·

1376 894 1516 940 νικοῖς.
1549 889 1694 943 Quam
1728 892 2007 938 narrationis
2039 894 2345 943 diversitatem
2381 918 2471 961 quo
2500 906 2602 963 quis

1376 973 1509 1023 pacto
1562 964 1619 1008 ab
1658 968 1943 1026 excerptoris
1996 970 2271 1029 negligentia
2314 977 2604 1035 repetiverit?

1376 1037 1522 1083 Immo
1543 1055 1652 1084 vera
1668 1040 1850 1087 Plinius
1874 1042 2135 1103 tradiderit,
2156 1062 2294 1105 quum
2326 1065 2477 1094 rerum
2511 1063 2604 1098 sta-

1375 1124 1448 1160 tus
1470 1116 1638 1175 viginti
1659 1117 1752 1162 fere
1772 1133 1998 1163 annorum
2022 1121 2192 1180 spatio,
2217 1139 2306 1183 quo
2340 1125 2480 1171 Plinii
2506 1129 2603 1175 sons

1376 1205 1401 1233 a
1425 1190 1595 1250 peripli
1633 1192 1780 1237 nostri
1819 1203 2022 1254 ternpore
2045 1194 2212 1241 distare
2242 1199 2436 1258 videtur,
2475 1202 2603 1249 facile

1376 1267 1571 1323 mutari,
1595 1267 1848 1328 pirataeque
1872 1270 2011 1315 armis
2036 1270 2340 1318 Romanorum
2358 1309 2370 1330 ,
2390 1277 2469 1335 qui
2487 1294 2603 1337 quo·

1377 1341 1527 1386 tannis
1570 1341 1660 1387 huc
1689 1343 1966 1402 navigabant
2002 1351 2322 1406 sagittariorum
2368 1352 2603 1396 cohortibus

1377 1421 1608 1474 impositae,
1642 1417 1691 1461 in
1727 1419 2036 1477 angustiorem
2071 1418 2382 1470 orae.tractum
2407 1428 2604 1471 coerceri

1375 1492 1624 1550 potuerint.
1650 1492 1782 1546 Quod
1807 1509 1917 1539 vero
1941 1495 2122 1541 Plinius
2146 1497 2201 1542 de
2226 1505 2401 1543 navium
2422 1506 2605 1545 statione

1375 1583 1404 1608 a
1423 1577 1537 1609 terra
1562 1570 1689 1625 longe
1710 1580 1876 1613 remota
1895 1569 2032 1614 habet
2049 1607 2061 1630 ‚
2096 1571 2143 1615 id
2166 1587 2257 1615 non
2289 1574 2345 1617 ad
2365 1574 2602 1635 Muzirim,

1375 1639 1453 1683 sed
1466 1640 1522 1684 ad
1534 1639 1811 1701 Nelcyndam
1828 1644 2059 1703 pertinere
2071 1645 2272 1702 videtur,
2296 1662 2434 1706 quum
2453 1649 2602 1693 dehac

1376 1715 1568 1763 statione
1582 1717 1672 1763 tale
1696 1718 1807 1779 quid
1827 1721 2078 1766 rectissime
2099 1721 2261 1766 Noster
2279 1723 2458 1783 prodat.
2480 1725 2602 1769 Prae-

1378 1801 1497 1836 terea
1530 1793 1587 1836 de
1611 1794 1902 1853 navigatione
1934 1811 2017 1856 per
2060 1797 2198 1841 altum
2238 1797 2435 1857 Hippalo
2467 1809 2603 1843 vento

1375 1867 1656 1913 instituenda
1676 1868 1839 1914 Noster
1860 1872 1884 1928 §
1903 1870 1959 1927 57
1983 1887 2030 1931 p.
2060 1872 2147 1930 298
2168 1872 2353 1917 nonnisi
2374 1873 2413 1916 ἐν
2436 1874 2602 1934 πᾱρόδῳ

1376 1953 1589 2002 tanquam
1616 1946 1670 1989 de
1701 1961 1749 1990 re
1773 1946 1987 1991 omnibus
2011 1958 2117 1992 nota
2140 1949 2296 2008 paucis
2320 1949 2473 1994 verbis
2505 1967 2599 1994 mo-

1377 2018 1533 2063 nuisse
1558 2021 1665 2064 satis
1693 2021 1844 2076 habet,
1877 2037 1960 2066 nec
1979 2023 2041 2066 ita
2059 2022 2146 2066 hoc
2171 2023 2275 2067 facit
2300 2034 2350 2067 ut
2372 2024 2490 2083 apud
2509 2024 2602 2068 Pli-

1376 2094 1501 2138 nium
1528 2093 1711 2154 legitufi
1745 2097 1868 2140 Dicit
1890 2097 2012 2141 enim
2046 2098 2278 2156 proficisci
2303 2108 2459 2141 nautas
2480 2109 2554 2142 aut
2577 2114 2601 2142 a

1373 2168 1496 2213 Cane
1515 2169 1698 2214 Arabiae
1717 2181 1793 2214 aut
1809 2170 1866 2214 ab
1880 2173 2144 2215 Aromatum
2159 2172 2208 2215 in
2221 2171 2367 2230 Libya
2383 2187 2596 2231 promon-

1372 2244 1517 2297 torio,
1541 2254 1584 2287 et
1615 2255 1766 2301 petere
1787 2254 1863 2288 aut
1894 2238 2234 2303 Indoscythiam
2269 2254 2345 2288 aut
2373 2245 2599 2303 Barygaza

1372 2327 1448 2368 aut
1473 2317 1751 2376 Limyricen.
1778 2344 1839 2350 —
1874 2317 2028 2374 Pergit
2062 2317 2235 2361 Plinius
2262 2334 2271 2360 :
2307 2321 2434 2360 Alius
2458 2322 2603 2360 utile'or

1363 2379 1517 2448 portus
1551 2398 1695 2449 gentis
1720 2394 1991 2449 Neacyndon
2017 2391 2029 2448 (
2052 2391 2175 2449 quod
2199 2400 2345 2434 ortum
2374 2392 2553 2436 videtur
2575 2407 2599 2436 e

1370 2481 1519 2524 graeco
1540 2465 1781 2512 Νελκύνδων
1800 2466 1831 2525 ),
1852 2471 1924 2524 qui
1944 2476 2128 2526 vocatur
2143 2469 2309 2509 Becare
2330 2465 2341 2526 (
2361 2481 2596 2526 perperam

1373 2552 1533 2586 contra
1566 2541 1699 2587 codd.
1739 2541 2051 2586 auctoritatem
2093 2541 2243 2584 editur
2275 2542 2500 2600 Barace).
2529 2544 2602 2585 Ibi

1369 2615 1592 2674 ‚regnabat
1608 2618 1824 2668 Pandion,
1853 2619 1978 2675 longe
2002 2617 2059 2658 ab
2077 2620 2269 2674 emporio
2287 2619 2330 2658 in
2347 2617 2598 2658 mediterra-

1372 2707 1455 2734 neo
1476 2694 1667 2734 distante
1684 2693 1847 2750 oppido
1860 2724 1872 2746 ,
1903 2693 2020 2749 quod
2038 2702 2223 2734 vocatur
2239 2692 2446 2735 Modura.
2468 2693 2601 2748 Regio

1374 2779 1518 2811 autem
1543 2784 1600 2810 ex
1638 2784 1724 2826 qua
1751 2773 1884 2826 piper
1905 2770 2150 2825 monoxylis
2185 2768 2383 2811 lintribus
2408 2769 2600 2809 Becaren

1374 2832 1620 2895 convehunt,
1650 2852 1833 2886 vocatur
1849 2844 2103 2886 Cottonara.
2119 2843 2230 2898 Quce
2241 2846 2390 2885 omnia
2406 2846 2598 2897 gentium

1374 2930 1455 2962 aut
1474 2921 1728 2976 oppidorum
1754 2924 1932 2962 nomina
1955 2921 2078 2976 apud
2089 2923 2300 2961 neminem
2315 2922 2509 2975 priorum
2530 2932 2600 2958 re-

1369 2999 1607 3052 periuntur,
1642 3010 1724 3052 quo
1749 2996 1938 3053 adparet
1963 2998 2124 3037 mutari
2147 2996 2330 3036 locorum
2357 3002 2506 3034 status.
2532 2993 2602 3031 Ea·

1374 3074 1514 3115 India
1569 3076 1784 3127 navigant
1812 3086 1956 3114 mense
1988 3074 2194 3128 AEgyptio
2232 3071 2272 3111 T
2258 3070 2338 3125 yhi
2374 3071 2600 3124 incipiente

1375 3157 1519 3190 nostro
1533 3145 1777 3199 Deccmbri,
1813 3156 1893 3188 aut
1910 3150 2055 3203 utique
2078 3144 2291 3187 *Mechiris
2310 3145 2506 3198 AEgyptii
2529 3144 2599 3181 in-

1377 3234 1446 3265 tra
1483 3224 1594 3264 illem
1630 3231 1810 3273 sextum,
1852 3221 1967 3277 quod
1994 3220 2051 3272 fit
2081 3223 2196 3260 intra
2227 3218 2333 3258 Idus
2360 3218 2597 3257 lanuarias

1377 3309 1567 3351 nostras,·
1590 3303 1650 3340 ita
1680 3301 1817 3339 evenit
1827 3330 1838 3349 ,
1865 3306 1914 3338 ut
1932 3297 2078 3338 eodem
2098 3309 2213 3336 anno
2233 3301 2437 3335 remeent.
2456 3292 2601 3333 Navi-

1374 3383 1488 3431 gant
1502 3383 1647 3415 autem
1681 3388 1738 3413 cx
1757 3373 1894 3414 India
1915 3380 2035 3412 vento
2069 3370 2276 3411 Volturno
2295 3375 2347 3418 et,
2380 3380 2507 3422 quum
2537 3368 2600 3406 in-

73 3523 133 3561 die
158 3523 257 3571 Erde
288 3524 417 3562 weiter
448 3526 608 3573 gekannt
632 3525 768 3564 haben.
791 3529 847 3564 An
881 3527 948 3564 der
975 3527 1153 3565 Ostki'iste
1182 3526 1341 3573 Libyens
1363 3524 1480 3570 gehen
1499 3522 1600 3560 seine
1628 3519 1879 3558 Nachrichten
1898 3518 1969 3556 viel
2003 3515 2203 3561 siidlicher,
2229 3515 2284 3552 als
2311 3523 2398 3551 man
2422 3522 2485 3548 um
2504 3510 2603 3547 diese

72 3573 153 3615 Zeit
167 3577 250 3615 eine
268 3579 385 3615 Kiiste
402 3579 660 3627 vermuthete;
682 3580 760 3617 und
791 3581 888 3618 nach
908 3581 1001 3618 aller
1025 3579 1431 3620 Wahrscheinlichkeit
1452 3579 1516 3616 hat
1540 3577 1682 3614 Plinius
1712 3574 1840 3612 diesen
1862 3574 1951 3611 oder
1970 3572 2038 3609 mIt
2059 3571 2137 3608 ihm
2159 3569 2322 3617 einerley
2355 3567 2511 3627 Quellen
2534 3564 2602 3624 bey

67 3631 145 3670 -der,
158 3631 272 3671 stelle
298 3642 365 3669 vor
395 3636 536 3681 Augen,
560 3645 623 3672 wo
655 3646 695 3672 er
715 3635 893 3683 bekennt,
925 3637 1010 3675 dass
1035 3637 1204 3676 Seeleute
1231 3636 1346 3674 sehon
1378 3635 1450 3673 viel
1478 3632 1664 3672 sudlieher
1686 3632 1908 3678 gekommen
1926 3637 2084 3673 waeren,
2107 3625 2162 3663 als
2184 3634 2271 3662 man
2289 3619 2522 3671 gewohnhch
2545 3617 2602 3654 dffl

73 3688 243 3725 si‘ulliche
270 3688 500 3726 Durchsahrt
517 3699 590 3726 von
608 3690 735 3728 Afrika
757 3695 936 3731 ansetzte.
956 3708 975 3727 »

123 3741 170 3791 (*)
189 3742 456 3781 Schwanbeck.
485 3743 511 3779 l.
535 3743 562 3780 l.
584 3754 620 3790 p.
645 3748 712 3782 367
745 3757 754 3782 :
780 3762 798 3779 «ι
819 3751 912 3786 Dass
944 3747 1086 3786 Plinius
1117 3748 1221 3785 nicht
1239 3757 1331 3794 ganz
1355 3754 1474 3792 genau
1499 3744 1538 3781 in
1556 3743 1654 3781 allen
1683 3741 1885 3779 Einzelnen
1915 3739 1982 3776 mit
2001 3738 2088 3775 dem
2118 3735 2308 3773 versasser
2342 3732 2405 3769 des
2435 3727 2600 3793 i’eru‘lus

67 3797 232 3844 stimmt,
258 3797 342 3834 dass
362 3807 402 3834 er
421 3806 528 3844 sogar
547 3797 612 3833 das
628 3800 846 3846 Gegentheil
868 3813 943 3840 von
965 3803 1105 3841 diesem
1129 3807 1223 3850 sagi,
1243 3804 1290 3841 ist
1311 3802 1371 3840 bei
1389 3801 1510 3839 seiner
1525 3799 1848 3839 oberssaechlichen
1868 3797 1936 3835 Art
1955 3795 2042 3833 sehr
2056 3791 2280 3854 „begreissiclp
2299 3805 2317 3823 »
2342 3787 2493 3848 Cautius
2511 3786 2599 3820 Vin-

68 3855 171 3893 cent.
194 3855 219 3892 l.
243 3855 269 3892 l.
287 3866 325 3904 p.
351 3860 420 3903 503
441 3853 506 3903 qui
521 3864 641 3902 quum
665 3858 868 3897 monuisset
883 3861 984 3907 apud
1005 3860 1164 3899 Plinium
1189 3861 1326 3899 nassim
1345 3859 1391 3897 de
1408 3857 1544 3897 Indicis
1560 3855 1650 3894 locis
1672 3857 1709 3892 et
1728 3854 1915 3892 mercibus
1929 3852 1996 3898 legi
2020 3859 2106 3898 quae
2126 3848 2237 3886 etiam
2255 3856 2292 3882 ιη
2315 3841 2452 3902 periplo
2466 3848 2597 3899 occur-

73 3911 176 3957 runt,
200 3909 304 3947 addit
326 3924 335 3947 :
360 3925 380 3943 «
402 3909 473 3947 and
505 3909 568 3956 yet
590 3909 696 3947 there
714 3910 746 3948 is
760 3922 809 3949 no
828 3913 998 3953 absolute
1014 3915 1124 3963 proos
1140 3916 1221 3954 that
1244 3916 1362 3954 either
1386 3912 1515 3961 copied
1528 3912 1622 3949 from
1643 3910 1708 3948 the
1726 3909 1848 3948 other.
1868 3909 1940 3946 But
1958 3907 2061 3944 those
2077 3903 2164 3941 who
2178 3911 2240 3964 are
2259 3893 2477 3958 acquainted
2503 3891 2596 3964 with

31 3989 33 3994 ,
73 3964 212 4013 -Pliny's
228 3965 380 4004 method
397 3966 439 4005 os
456 3963 715 4003 abbreviation
729 3994 741 4014 ,
763 3969 894 4006 would
915 3971 1027 4008 much
1049 3972 1174 4010 rather
1195 3970 1396 4019 conclude,
1420 3971 1457 4018 if
1481 3978 1554 4007 one
1577 3968 1687 4006 must
1716 3966 1758 4004 be
1785 3975 1809 4003 a
1833 3964 1974 4012 copist,
2002 3961 2085 3998 that
2109 3959 2163 3996 his
2186 3956 2265 3994 title
2286 3955 2323 3992 to
2345 3951 2418 3989 ssus
2439 3947 2543 3985 office
2565 3958 2595 3983 is

75 4019 142 4059 the
164 4021 330 4060 clearest.
354 4036 372 4055 »

2411 4085 2456 4129 9.
