2808 4342
678 116 721 163 Ο

169 197 259 238 336

165 289 337 354 μνήμην
354 263 597 350 (qm-20⁸2
623 283 686 330 ὅτι
708 280 818 343 εἰσὶν·
832 276 1040 336 ἐπώνυμοι
1061 278 1253 332 ποταμοῦ
1276 273 1404 337 Ἆρά-

166 359 275 415 ὅιος,
296 358 339 410 ὃς
357 356 424 403 διὰ
442 357 516 410 τῆς
541 356 617 413 γῆς
638 351 773 396 αὐτῶν
796 345 899 410 ῥέων
923 345 1076 391 ἐκδιδοῖ
1098 344 1140 395 ἐς
1159 342 1402 403 θάλασσαν,

165 429 311 491 ὁρίζων
350 425 503 471 τούτων
539 439 584 466 τι
633 417 710 472 τὴν
748 414 891 477 χώρην
932 411 1006 458 καὶ
1046 410 1123 468 τὴν
1166 409 1406 473 Ὠρειτέων.

168 496 219 556 (ν)
244 493 325 541 Ἐκ
347 491 390 539 δὲ
415 487 653 552 Κρωκάλων
671 486 713 530 ἐν
740 480 851 543 δεξιῇ
874 477 949 541 μὲν
972 478 1136 542 ἔχοντες
1157 478 1249 541 ὄρος
1266 478 1314 525 τὸ
1332 497 1409 526 κα·

119 574 139 603 t>
163 562 356 624 λεόμενον
381 559 560 605 αὐτοῖσιν
588 546 739 615 Εἶρον,
763 552 806 597 ἐν
829 551 1023 613 ἀριστερῇ
1043 548 1087 595 δὲ
1110 551 1234 604 νῆσον
1257 548 1406 595 ἁλιτε-

164 631 239 678 νέα
262 628 432 676 ἔπλωον·
453 628 479 678 ἡ
504 621 546 668 δὲ
566 624 688 677 νῆσος
707 616 1031 680 παρατεταμένη
1049 621 1102 681 τῇ
1124 618 1231 675 ἠῖόνι
1253 618 1407 664 κόλπον

168 698 323 745 στεινὸν
346 692 492 740 ποιέει.
562 690 638 752 (ιο)
661 686 1006 740 Διεκπλώσαντες
1033 685 1076 733 δὲ
1099 687 1254 743 ταύτην
1284 686 1408 750 ὁρμί-

165 770 300 821 ζονται
323 765 364 809 ἐν
387 759 524 822 λιμένι
558 758 735 822 εὐόρμῳ·
758 756 822 803 ὅτι
844 756 887 803 δὲ
912 756 1040 819 μέγας
1058 755 1130 803 καὶ
1153 755 1278 808 καλὸς
1296 759 1318 802 ὁ
1339 758 1408 803 λι-

165 835 248 896 μὴν
270 831 454 894 Νεάρχῳ
478 828 636 885 ἔδοξεν,
661 826 906 888 ἐπονομάζει
925 826 1024 873 αὐτὸ
1057 825 1321 888 Ἀλεξάνδρου
1345 826 1407 872 λι-

104 921 139 950 ιιι
166 902 287 964 μένα.
357 899 428 963 (ιι)
458 902 596 955 Νῆσος
621 897 666 944 δέ
687 900 798 945 ἐστιν
833 896 904 943 ἐπὶ
941 898 1002 960 τῷ
1026 895 1204 956 στόματι
1225 899 1296 941 τοῦ
1333 896 1410 941 λι-

167 972 283 1034 μένος
306 969 401 1020 ὅσον
435 968 626 1020 σταδίους
663 967 735 1013 δύο
761 966 990 1028 ἀπέχουσα·
1028 965 1219 1012 Βίὸακτα
1255 962 1411 1026 οὕνομα

166 1038 218 1097 τῇ
240 1033 367 1097 νήσῳ.
394 1035 416 1078 ὁ
440 1031 483 1078 δὲ
508 1035 643 1095 χῶρος
669 1029 780 1080 ἅπας
804 1029 1022 1090 Σάγγαδα·
1052 1032 1079 1084 ἡ
1114 1027 1157 1073 δὲ
1179 1030 1303 1083 νῆσος
1339 1030 1410 1073 καὶ

152 1104 238 1171 ,τὸν
279 1101 429 1164 λιμένα
444 1137 457 1159 ,
510 1098 761 1163 προκειμένη
802 1097 883 1162 πρὸ
926 1101 998 1143 τοῦ
1040 1096 1265 1158 πελάγεος,
1305 1096 1410 1154 αὑτὴ

170 1173 342 1220 ἐποίεεν.
415 1172 488 1233 (19.)
536 1171 750 1218 Ἐνταῦθα
789 1168 1009 1228 πνεύματα
1047 1167 1212 1229 μεγάλα
1256 1168 1304 1213 ἐκ
1340 1171 1412 1212 τοῦ

108 1264 147 1295 15
171 1242 320 1290 πόντου
343 1241 463 1288 ἔπνεε
497 1239 570 1287 καὶ
599 1237 805 1301 συνεχέα,
835 1238 908 1284 καὶ
945 1236 1137 1300 Νέαρχος
1161 1236 1298 1290 δείσας
1330 1238 1412 1283 τῶν

173 1311 397 1375 βαρὸάρων
436 1310 495 1372 μή
534 1327 639 1361 τινες
677 1307 971 1370 συνταχθέντες
1004 1309 1072 1354 ἐπ’
1114 1306 1308 1368 ἁρπαγὴν
1341 1310 1412 1353 τοῦ

173 1380 451 1445 στρατοπέδου
474 1378 731 1442 τραποίατο,
759 1376 974 1438 ἐκτειχίζει
1003 1375 1073 1422 τὸν
1105 1380 1242 1438 χῶρον
1271 1375 1413 1438 λιθίνῳ

172 1451 318 1514 τείχεϊ.
386 1450 460 1511 (1³)
484 1447 696 1511 Τέσσαρες
716 1446 757 1493 δὲ
781 1447 852 1492 καὶ
878 1445 1030 1492 εἴκοσιν
1055 1446 1210 1508 ἡμέραι
1233 1449 1284 1509 τῇ
1305 1450 1410 1509 μονῇ

175 1522 372 1582 ἐγένοντο·
401 1519 471 1565 καὶ
492 1518 604 1579 λέγει
638 1516 703 1563 ὅτι
741 1515 849 1576 μύας
874 1534 916 1561 τε
943 1514 1102 1578 ἐθήρων
1137 1514 1231 1568 τοὺς
1254 1517 1413 1562 θαλασ-

115 1612 159 1643 nu
180 1591 290 1642 σίους
308 1592 344 1635 οἱ
367 1591 647 1651 στρατιῶται,
672 1585 746 1632 καὶ
764 1585 913 1647 ὄστρεα
938 1584 982 1630 δὲ
1010 1584 1082 1630 καὶ
1102 1584 1195 1638 τοὺς
1230 1587 1419 1642 σωλῆνας

176 1784 300 1825 quem
323 1777 479 1810 veteroe
497 1766 679 1810 Arabitis
701 1766 936 1820 assignant,
962 1772 1106 1819 postea
1125 1763 1329 1820 populum
1360 1778 1430 1806 oc·

181 1846 321 1874 casum
353 1844 494 1872 versus
515 1829 626 1870 ultro
655 1840 922 1883 progressum
942 1840 1030 1867 oese
1057 1826 1305 1881 suspicatur.
1331 1827 1348 1880 ΙΙ
1374 1849 1431 1858 -

180 1895 299 1936 -3,
322 1891 409 1945 τὴν
439 1891 575 1947 Ὠρ.]
606 1891 737 1940 BCD;
759 1893 836 1930 τῶν
862 1887 951 1943 Ὠρ.
986 1886 1124 1943 vulgo.
1151 1887 1168 1942 ΙΙ
1187 1910 1244 1919 -
1267 1887 1308 1928 5.
1347 1885 1428 1927 Εἷ-

184 1972 265 2012 ρον
286 1956 302 2012 ]
318 1957 376 1997 V.
389 1961 610 2011 supranot.
632 1951 767 1994 adlin.
791 1952 856 1992 13.
885 1951 903 2004 ll
922 1973 979 1982 -—
992 1954 1033 1991 6.
1049 1949 1213 1999 κόλπον,
1227 1950 1364 1991 sinum
1377 1949 1428 1991 ad

183 2032 310 2075 quem
331 2031 446 2059 nunc
466 2015 670 2058 Kuratchi
694 2013 794 2055 urbs
810 2015 903 2054 sita.
943 2014 960 2068 ΙΙ
983 2036 1041 2045 —
1082 2026 1149 2054 ιι.
1187 2012 1427 2068 Βίὸακτα]

182 2081 318 2124 Plinio
339 2088 400 2122 oet
434 2079 620 2131 Bibaga,
645 2092 670 2119 a
702 2076 884 2119 Crocalis
906 2074 1062 2116 distans
1080 2074 1304 2117 duodecim
1327 2075 1428 2116 mill.

181 2157 394 2200 passuum,
424 2141 529 2183 adeo
548 2149 595 2182 ιιι
622 2153 702 2182 100
724 2139 856 2180 stadia
871 2138 1056 2194 posuisse
1078 2137 1267 2179 videatur
1287 2146 1433 2179 auctor

183 2205 306 2248 Plinii
326 2218 497 2260 graecus.
515 2201 673 2244 Eadem
691 2201 824 2242 insula
843 2200 984 2248 Βίὸλος
1011 2208 1181 2241 vooetur
1198 2199 1311 2255 apud
1333 2200 1433 2242 Phi·

184 2267 402 2309 lostratum
424 2266 467 2307 in
488 2265 576 2305 Vit.
604 2262 741 2319 Apoll.
765 2264 845 2313 111,
876 2262 927 2303 53
950 2275 995 2317 p.
1025 2275 1079 2315 70
1101 2260 1168 2302 ed.
1193 2259 1337 2312 Didot‚
1360 2257 1433 2302 ubi

185 2330 272 2371 haec
293 2329 486 2384 leguntur
518 2340 528 2368 :
565 2325 640 2366 Καὶ
660 2322 736 2381 μὴν
759 2325 827 2366 καὶ
844 2323 888 2365 τὸ
914 2327 983 2365 τοῦ
1018 2322 1144 2364 Ἰνδοῦ
1177 2323 1303 2379 στόμα
1337 2321 1432 2364 ἰδεῖν

183 2406 290 2446 φασι,
313 2390 428 2432 πόλιν
451 2388 489 2429 δ’
522 2386 581 2430 ἐπ’
611 2386 729 2429 astos
759 2388 912 2431 κεῖσθαι
938 2385 1103 2427 Πάταλα
1131 2385 1355 2441 περίρρυτον
1378 2388 1436 2440 τῷ

190 2453 325 2510 Ἰνδῷ,
373 2453 408 2501 ἐς
438 2453 486 2505 ἣν
520 2451 566 2493 τὸ
613 2450 791 2492 ναυτικὸν
824 2453 893 2491 τοῦ
942 2448 1185 2504 Ἀλεξάνδρου
1224 2447 1369 2499 ἐλθεῖν,
1400 2444 1435 2504 ᾧ

185 2517 379 2572 ναύαρχον
398 2514 647 2570 ἐπιτετάχθαι
661 2513 841 2569 Νέαρχον
858 2512 928 2554 οὒκ
944 2511 1194 2568 ἀγύμναστον
1212 2513 1280 2563 τῆς
1296 2508 1436 2551 θαλατ-

186 2581 269 2621 τίου
301 2579 455 2627 τάξεως.
495 2577 537 2619 Ἃ
568 2576 603 2617 δ’
632 2575 854 2632 Ὀρθαγόρᾳ
867 2575 953 2631 περὶ
988 2578 1056 2627 τῆς
1082 2572 1267 2630 Ἐρυθρᾶς
1288 2570 1436 2628 εἴρηται

187 2642 252 2683 καὶ
275 2643 335 2683 ὅτι
350 2640 480 2697 μήθ’ἠ
502 2640 638 2696 ἄρκτος
659 2638 697 2680 ἐν
720 2639 816 2697 αὐτῇ
835 2639 1027 2695 φαίνοιτο,
1059 2636 1156 2693 μήτε
1182 2635 1435 2692 σημαίνοιντο

188 2703 259 2755 τὴν
283 2703 522 2759 μεσημδρίαν
550 2703 588 2744 οἱ
607 2702 810 2753 πλέοντες,
839 2701 880 2743 οἵ
898 2701 932 2743 τ’
965 2699 1143 2752 ἐπίδηλοι
1165 2703 1242 2740 τῶν
1267 2697 1435 2753 ἀστέρων

191 2765 460 2815 ἐξαλλάττοιεν
477 2768 544 2818 τῆς
560 2764 882 2815 ἑαυτῶντάξεως,
901 2763 1085 2805 δοκεῖκαὶ
1102 2761 1257 2817 Δάμιδι,
1279 2760 1346 2802 καὶ
1358 2757 1436 2815 χρὴ

190 2828 379 2872 πιστεύειν
389 2827 553 2883 ύγιῶςτε
562 2828 628 2869 καὶ
642 2827 741 2869 κατὰ
752 2827 819 2869 τὸν
839 2825 1090 2881 ἐκεῖοὖρανὸν
1107 2824 1280 2879 εἰρῆσθαι
1298 2826 1434 2865 ταῦτα.

191 2890 491 2948 Μνημονεύουσι
513 2890 578 2931 καὶ
599 2890 719 2941 νήσου
744 2891 892 2945 μικρᾶς,
911 2884 936 2944 ᾗ
966 2889 1092 2942 ὄνομα
1112 2885 1215 2928 εἶναι
1231 2885 1434 2937 Βίὸλον,

193 2953 234 2998 ἐν
260 2950 286 3012 ᾖ
309 2953 354 2996 τὸ
376 2956 445 2994 τοῦ
471 2951 686 3008 κογχυλίου
713 2952 872 3007 μέγεθος
898 2950 950 3024 (Ρ)
982 2950 1049 2990 καὶ
1070 2949 1109 2990 οἱ
1133 2949 1221 3004 μύες
1238 2948 1377 3002 ὄστρεά
1396 2964 1439 2990 τε

192 3015 260 3058 καὶ
287 3014 335 3058 τὰ
359 3017 519 3057 τοιαῦτα
543 3012 784 3056 δεκαπλάσια
816 3016 893 3053 τῶν
946 3010 1176 3062 Ελληνικῶν
1205 3008 1250 3049 τὸ
1282 3010 1441 3064 μέγεθος

192 3080 280 3127 ταῖς
307 3077 459 3134 πέτραις
491 3077 769 3133 προσπέφυκεν.
810 3073 1023 3116 ’Λλίσκεται
1053 3071 1095 3113 δὲ
1130 3070 1196 3113 καὶ
1222 3071 1330 3119 λίθος
1362 3070 1447 3113 ἐκεῖ

196 3139 385 3198 μαργαρὶς
405 3138 446 3181 ἐν
478 3138 657 3195 ὀστράκῳ
683 3137 840 3194 λευκῷ,
876 3135 1032 3192 καρδίας
1066 3133 1186 3176 τόπον
1212 3132 1358 3188 ἔχουσα
1387 3139 1443 3190 τῷ

195 3204 357 3261 ὀστρέῳ.
389 3202 594 3246 Arrianus
614 3200 855 3243 distantiam
888 3213 974 3241 non
1003 3197 1182 3248 notavit5
1222 3195 1342 3237 Plinii
1363 3210 1438 3236 nu-

197 3266 300 3308 meri
315 3264 519 3308 ducerent
539 3263 625 3306 sere
647 3262 700 3305 ad
729 3275 953 3311 recessum,
977 3259 1046 3302 cui
1063 3257 1222 3315 adjacet
1246 3258 1439 3299 Cumecln'

197 3328 321 3379 urbs;
361 3326 487 3384 hujus
518 3326 562 3369 in
601 3326 694 3369 loeo
744 3323 970 3369 Alexandri
1009 3330 1155 3379 portus
1194 3319 1436 3379 ponendus,

199 3404 329 3446 quum
358 3390 462 3432 alius
482 3403 534 3431 eo
552 3397 686 3431 tractu
708 3395 854 3445 portus
880 3383 1126 3429 commodus
1155 3398 1241 3426 non
1265 3383 1441 3439 reperia-

201 3459 286 3492 tur.
328 3450 491 3505 Quodsi
533 3450 645 3492 mille
679 3449 810 3492 stadia
853 3447 1119 3493 Ambitarum
1158 3459 1243 3488 orae
1279 3443 1376 3486 inde
1417 3459 1442 3487 a

203 3514 364 3554 ementi
388 3512 636 3555 numerandi
670 3521 782 3564 sunt,
809 3526 831 3554 a
852 3510 1035 3554 Crocalis
1055 3508 1108 3552 ad
1124 3507 1335 3551 Bibactam
1359 3514 1441 3549 sta·

204 3573 274 3615 dia
299 3575 526 3630 supplenda
549 3576 684 3618 forent
710 3576 801 3618 150.
827 3576 1058 3616 vincemus
1082 3586 1209 3615 unam
1226 3585 1278 3613 ex
1300 3569 1443 3612 insulis

205 3638 388 3679 arenosis
414 3651 544 3694 prope
566 3638 759 3679 Caraecln·
777 3653 863 3679 esse
882 3645 1000 3694 putat
1028 3634 1214 3686 Crocala,
1233 3632 1443 3676 Bibactam

207 3706 346 3742 autem
353 3698 596 3742 hodiernam
608 3701 769 3755 Cloilney
777 3700 952 3742 insulam
962 3698 1101 3752 habet,
1111 3698 1318 3740 aboccasu
1324 3696 1442 3738 sitam

207 3774 347 3817 prom.
366 3763 529 3805 Mon-ze.
551 3763 627 3803 Cui
650 3763 836 3818 opinioni
871 3762 1099 3817 refragatur
1119 3758 1329 3811 distantia,
1352 3771 1445 3814 quae

211 3824 317 3866 soret
335 3825 419 3868 300
435 3822 682 3875 stadiorum,
713 3820 843 3880 quum
869 3840 892 3866 e
912 3825 1122 3867 contrario
1144 3822 1349 3865 distantiae
1374 3834 1442 3877 ap.

209 3886 444 3929 Nearchum
455 3885 568 3943 Justo
580 3885 755 3942 majores
771 3887 904 3928 notari
923 3886 1094 3928 soleant.
1121 3887 1211 3941 11—-
1226 3897 1291 3926 ια.
1310 3882 1413 3939 Σάγ
1425 3905 1444 3915 -

211 3963 238 4004 γ
250 3963 274 3989 α
286 3949 366 4003 δα]
385 3969 402 3985 ι
414 3951 464 3991 In
476 3949 558 3991 hoc
569 3950 738 3991 nomine
750 3949 809 3990 vel
824 3949 864 3989 in
883 3949 1050 3990 nomine
1060 3950 1235 4003 Saragga
1246 3947 1259 4003 (
1269 3961 1307 3988 c.
1319 3958 1388 3997 22,
1400 3945 1445 3999 3)

212 4010 418 4053 d’Anville
436 4012 608 4054 inveniri
630 4011 715 4055 vult
729 4011 952 4054 hodiernos
969 4011 1245 4067 Sangadianos
1264 4009 1326 4051 vel
1343 4010 1444 4051 San·

1309 170 1570 220 Annum

1478 279 1574 334 reci,
1612 294 1768 339 eosque
1795 280 1839 324 id
1860 281 2043 324 nominis
2063 295 2090 324 ι
2105 266 2385 325 nuvio'Au-abi
2406 294 2626 338 acoepm,
2654 302 2681 331 .
2695 262 2703 306 ἶ
2720 264 2742 320 ῑ.
2765 280 2791 328 ς’

1475 373 1553 416 per
1569 360 1756 417 ipsorum
1778 360 1991 415 regionem
2018 360 2155 404 fluens
2171 362 2217 404 in
2239 376 2353 405 mare
2377 361 2524 413 fertur,
2551 372 2603 404 eo
2684 355 2704 377 ⁴
2723 344 2726 347 ’

1477 452 1561 495 que
1583 438 1687 481 fines
1700 438 1754 481 ab
1769 439 1988 482 Oritarum
2005 438 2169 487 finibus.
2179 439 2346 485 dividit.
2405 444 2470 498 (9)
2489 444 2552 484 Ex
2636 462 2645 478 ·

1476 518 1542 570 lis,
1558 517 1612 560 ad
1620 517 1809 562 dextram
1823 519 2024 562 habentes
2043 527 2228 562 montem
2241 521 2360 564 Irum
2374 521 2428 565 ab
2439 522 2490 564 iis
2506 530 2706 565 vocatum
2741 567 2745 570 ,

1478 593 1532 636 ad
1554 595 1763 638 sinistram
1789 610 1887 638 vero
1910 596 2086 638 insulam
2108 595 2308 638 humilem
2322 627 2335 647 ,
2365 596 2538 641 ulten‘us
2558 599 2726 655 naviga·

1479 679 1580 713 runt
1608 684 1619 713 z
1643 671 1731 714 haec
1758 672 1892 715 insula
1917 671 1970 715 ad
2003 672 2117 715 littus
2149 681 2313 715 extenta
2340 682 2561 728 angustum
2582 675 2724 717 sinum

1480 746 1622 790 efficit.
1681 749 1773 803 (ιο)
1785 749 1909 791 Hunc
1919 748 2075 791 emensi
2091 748 2133 791 in
2151 756 2321 805 portum
2336 747 2600 792 commodam
2614 742 2761 807 navi-J·-

1481 823 1561 866 bus
1582 825 1802 866 stationem
1823 824 2075 881 praebentem
2108 825 2333 882 appellunt.
2394 825 2480 879 Qui
2499 823 2615 881 quod
2637 806 2746 868 amr:

1481 898 1575 956 plus
1606 898 1790 942 simulet
1810 899 1985 956 pulcher
2007 900 2198 942 Nearcho
2227 899 2462 951 videbatur,
2501 899 2729 943 Alexandri
2757 910 2765 922 ⁴'

1482 984 1654 1032 portum
1665 989 1764 1018 eum
1778 976 2011 1032 appellavit.
2071 978 2111 1029 (ι
2123 979 2224 1032 1)1n
2239 986 2384 1034 portus
2393 977 2581 1020 saucibus
2598 977 2731 1020 insula
2746 1023 2750 1035 2

1485 1051 1658 1108 adjacet,
1678 1052 1845 1095 circiter
1863 1052 1950 1094 duo
1975 1050 2074 1094 inde
2097 1051 2229 1095 stadia
2253 1052 2435 1107 distans,
2466 1055 2534 1097 cui
2563 1055 2730 1097 Bibacta
2750 1096 2751 1099 ,

1485 1143 1640 1171 nomen
1654 1137 1715 1171 eet
1733 1142 1744 1171 ε
1758 1129 1895 1171 omnis
1911 1143 2007 1170 vero
2022 1128 2213 1184 adjacens
2227 1131 2343 1185 regio
2353 1130 2541 1187 Sangada
2554 1130 2729 1174 dicitur.

1486 1208 1586 1248 Haec
1600 1205 1733 1247 insula
1752 1207 1856 1247 mari
1875 1207 2063 1263 opposita
2074 1215 2217 1263 suapte
2235 1214 2384 1248 natura
2398 1204 2568 1263 portum
2587 1206 2728 1250 efficit.

1490 1284 1582 1336 (12)
1602 1282 1682 1323 Hic
1701 1282 1886 1336 ingentes
1907 1282 2181 1338 continuique
2203 1283 2314 1324 venti
2333 1297 2357 1324 a
2374 1283 2477 1324 mari
2503 1283 2732 1339 spirabant.
2752 1264 2757 1295 1

1488 1359 1702 1401 Nearchus
1738 1360 1892 1401 veritus
1923 1374 1975 1401 ne
1996 1374 2077 1415 qua
2094 1358 2369 1402 barbarorum
2397 1374 2546 1402 manus
2568 1358 2734 1403 collecta

1490 1443 1621 1477 castra
1643 1434 1858 1492 diriperet,
1880 1434 2043 1492 lapideo
2062 1449 2184 1478 muro
2207 1435 2344 1478 locum
2376 1436 2517 1491 cingit.
2543 1436 2635 1491 (13)
2661 1436 2737 1477 Υἱ-

1492 1512 1595 1566 ginti
1610 1520 1806 1568 quattuor
1815 1511 1905 1554 dioe
1919 1512 1977 1554 ibi
1993 1521 2178 1554 moratus
2193 1521 2253 1554 oet
2271 1525 2281 1553 t
2302 1510 2485 1567 dicitque
2501 1511 2648 1554 milites
2662 1525 2737 1568 per

1491 1588 1534 1630 id
1565 1597 1730 1645 tempus
1756 1603 1870 1645 myoe
1899 1589 2082 1631 marinos
2104 1589 2261 1644 cepisse
2291 1595 2329 1629 et
2350 1596 2483 1629 ostrea
2509 1597 2551 1630 et
2576 1587 2737 1629 solenes

1497 1768 1702 1821 garianos,
1720 1766 1897 1809 famosos
1919 1768 2085 1823 piratas.
2118 1765 2317 1807 Habitant
2338 1779 2436 1807 vero
2454 1764 2498 1806 hi
2520 1763 2573 1806 ad
2599 1764 2740 1808 sinum

1495 1829 1643 1872 Cutch.
1670 1832 1726 1873 At
1755 1831 1840 1871 sive
1861 1829 1930 1871 hic
1953 1829 2037 1870 sive
2065 1828 2161 1870 alibi
2184 1827 2299 1869 sedes
2321 1842 2415 1870 suas
2437 1826 2631 1879 habeant,
2662 1841 2736 1884 po·

1497 1900 1667 1935 tuerunt
1681 1900 1818 1935 tamen
1837 1891 1952 1934 omni
1968 1899 2083 1933 aetate
2102 1899 2236 1933 totum
2259 1890 2373 1932 littus
2395 1889 2672 1945 frequentare,
2696 1897 2739 1932 et
2764 1899 2782 1943 ’-

1496 1963 1722 2011 potuerunt
1742 1953 1933 2011 quaedam
1956 1954 2046 1995 loca
2069 1967 2221 1995 nomen
2244 1953 2297 1994 ab
2322 1953 2371 1994 iis
2398 1952 2566 1994 babere.
2591 1952 2740 1994 Piratoe
2771 1958 2774 1959 ’

1499 2019 1541 2059 in
1561 2017 1767 2060 littoribus
1785 2026 1878 2073 post
1900 2017 2185 2073 promontoria
2207 2030 2293 2057 sese
2312 2013 2566 2057 abscondere
2580 2014 2738 2067 solent,
2782 2011 2789 2033 ²

1497 2094 1583 2136 quo
1605 2079 1763 2122 facilius
1777 2094 1900 2122 naves
1916 2079 2285 2122 circumvenientes
2306 2078 2543 2134 opprimere
2562 2078 2736 2134 possint.

1499 2142 1567 2185 Ad
1578 2143 1676 2185 tales
1691 2142 1796 2185 insid
1802 2144 1875 2192 ias,
1892 2142 2067 2184 navibus
2078 2141 2130 2183 ab
2141 2142 2301 2183 oriente
2313 2140 2573 2186 venientibus
2586 2139 2742 2183 sacien-

1498 2204 1587 2255 das,
1605 2213 1725 2261 aptus
1743 2204 1885 2246 saltem
1908 2204 2024 2246 locus
2041 2212 2103 2245 est
2115 2211 2261 2259 portus
2277 2201 2519 2255 Alexandri,
2539 2215 2742 2259 promon·
2783 2199 2788 2201 ’

1501 2268 1609 2308 torio
1630 2269 1700 2308 Iro
1733 2266 1938 2308 obtectus.
1967 2267 2115 2308 Piratae
2146 2263 2392 2320 Sangadiani
2416 2278 2515 2307 vem
2538 2278 2654 2322 aeque
2672 2279 2741 2307 ve·
2783 2264 2797 2302 Β

1501 2330 1599 2371 tusti
1620 2344 1707 2371 esse
1722 2336 1896 2386 possunt
1922 2343 1970 2371 ac
1992 2329 2135 2385 piratae
2155 2342 2181 2369 a
2197 2326 2486 2383 Severndroog
2503 2327 2522 2382 (
2540 2327 2584 2369 in
2605 2326 2748 2370 littore
2790 2373 2799 2390 ὁ

1499 2391 1750 2435 Malabarico
1768 2391 1802 2449 ),
1828 2405 2009 2448 quorum
2033 2391 2286 2433 mentionem
2311 2387 2399 2445 jam
2425 2388 2521 2431 fecit
2534 2388 2684 2432 Strabo
2700 2396 2744 2433 et
2774 2390 2801 2414 ‘³'

1501 2465 1647 2499 auctor
1676 2454 1828 2511 Peripli
1850 2454 1976 2496 maris
1997 2453 2219 2510 Erythraei.
2248 2470 2265 2492 ι
2292 2453 2546 2494 δοιιιιιιωιι
2566 2466 2618 2494 ex
2635 2451 2747 2495 vin·
2792 2417 2803 2534 ἰ

1501 2528 1623 2561 cento
1636 2532 1678 2574 p.
1702 2531 1801 2561 200.
1818 2542 1876 2550 —
1892 2519 1981 2572 Ego
1999 2531 2094 2558 cum
2114 2514 2355 2558 nominibus
2370 2514 2557 2570 Σάγγαδα
2578 2522 2620 2556 οι
2633 2513 2745 2570 xpus·
2768 2526 2774 2533 ²

1501 2581 1605 2623 καλα
1623 2579 1962 2636 componendum
1981 2587 2083 2635 puto
2098 2578 2285 2634 Σάγαπα,
2313 2577 2498 2633 primum
2518 2573 2630 2632 apud
2645 2574 2746 2619 Pto-
2770 2591 2771 2595 ¹
2797 2539 2805 2625 i

1503 2643 1692 2686 lemaeum
1721 2641 1816 2685 Indi
1845 2642 2015 2692 ostium,
2043 2641 2163 2695 eique
2179 2637 2434 2694 adjacentem
2452 2636 2590 2679 locum
2609 2635 2752 2678 Κώλα-
2777 2627 2805 2695 ⁴¹⁴

1503 2721 1568 2747 κα.
1590 2703 1808 2747 Probabile
1826 2704 1938 2744 enim
1960 2710 2021 2744 est
2042 2702 2226 2758 primum
2251 2698 2350 2742 illud
2366 2698 2462 2740 Indi
2481 2699 2636 2740 ostium
2657 2712 2751 2741 esse
2772 2735 2774 2738 ⁴
2802 2694 2805 2711 ¹

1504 2769 1647 2809 Grmm
1662 2766 1834 2807 fluvium
1858 2766 1899 2806 in
1913 2762 2097 2819 Sangada
2122 2763 2289 2817 regione
2303 2769 2537 2812 exeuntem,
2562 2761 2605 2803 in
2627 2758 2748 2817 arius
2798 2765 2802 2815 ξ

1505 2827 1694 2870 saucibus
1727 2829 1804 2869 sita
1826 2826 1996 2869 Crocala
2028 2824 2175 2875 insula,
2201 2838 2293 2881 quae
2325 2837 2478 2866 nomen
2509 2822 2702 2866 habuerit
2721 2837 2749 2867 a
2777 2820 2806 2878 ’ᾖ

1505 2890 1597 2932 loco
1608 2889 1790 2946 quodam
1803 2889 2068 2932 continentis.
2089 2889 2168 2942 Η-
2184 2890 2248 2937 14.
2260 2886 2342 2929 ἔπο
2355 2886 2391 2929 ίε
2404 2901 2420 2928 ε
2434 2903 2453 2929 ν
2467 2887 2482 2943 ]
2495 2887 2595 2938 Am
2614 2885 2749 2940 ἐποίη-
2776 2880 2807 2914 ’-

1506 2968 1571 2994 σεν
1591 2954 1674 2995 BC.
1700 2954 1716 3008 ΙΙ
1745 2977 1803 2984 -
1821 2951 2034 2995 ἐνταῦθα
2068 2949 2157 2992 κτλ.
2182 2951 2196 3006 ]
2222 2967 2238 2988 α
2259 2951 2309 2991 In
2337 2948 2482 2991 castris
2507 2948 2749 2991 Nearchum
2786 2996 2788 2998 v

1507 3029 1674 3056 manere
1688 3015 1888 3071 oportuit,
1906 3013 2040 3055 donec
2051 3012 2216 3055 Africus
2232 3010 2394 3054 indicus
2409 3018 2600 3061 cessaret,
2617 3023 2749 3067 usque
2792 3035 2794 3037 -

1507 3076 1561 3119 ad
1583 3077 1692 3119 diem
1713 3078 1879 3118 tertium
1902 3075 2163 3118 Novembris.
2187 3073 2351 3117 Africus
2381 3087 2479 3115 vero
2500 3079 2686 3116 mutatur
2702 3074 2749 3114 in

1507 3141 1681 3181 Boream
1708 3138 1900 3180 Indicum
1933 3139 2095 3178 circiter
2125 3135 2264 3178 medio
2282 3134 2524 3177 Novembri.
2546 3134 2619 3176 Est
2647 3148 2749 3177 vero

1509 3195 1647 3250 aliqua
1682 3194 1896 3235 fluctuatio
1924 3201 2140 3234 ventorum
2165 3191 2243 3232 sub
2258 3190 2381 3232 linem
2407 3189 2559 3247 prioris
2576 3197 2618 3232 et
2631 3190 2750 3247 prin-

1509 3258 1663 3313 cipium
1685 3256 1868 3298 alterius.
1902 3254 2014 3296 Talis
2043 3254 2258 3295 fluctuatio
2292 3254 2472 3309 incipere
2493 3259 2629 3308 potest
2655 3260 2772 3311 post·

1509 3318 1620 3361 diem
1645 3319 1813 3361 tertium
1838 3319 1945 3360 Nor.
1984 3316 2088 3358 lnde
2106 3316 2300 3372 explicari
2324 3323 2459 3373 potest
2475 3313 2654 3359 brevitas
2685 3315 2700 3358 i
2720 3315 2731 3327 ⁰

1511 3395 1659 3424 nerum
1678 3380 1815 3423 classis
1833 3379 1980 3422 diebus
1998 3393 2133 3435 seqq„
2153 3378 2250 3421 inde
2268 3378 2398 3420 nimia
2415 3376 2597 3421 adhaesio
2613 3376 2764 3428 clusit

1512 3444 1555 3486 in
1583 3443 1736 3486 littore.
1760 3443 2009 3499 Plerumque
2036 3443 2147 3484 enim
2175 3449 2323 3484 ventus
2340 3439 2536 3483 adversus
2557 3448 2661 3493 erat,
2682 3452 2769 3486 nh„

1511 3506 1638 3549 binde
1668 3505 1796 3549 modo
1833 3504 2082 3548 remittebat.
2122 3503 2228 3546 Inde
2258 3502 2453 3560 explicari
2484 3509 2636 3559 potest,
2674 3511 2761 3549 cue*

1511 3569 1712 3626 proximis
1729 3567 1876 3610 diebus
1890 3575 1985 3610 ante
2003 3579 2186 3609 inensem
2201 3563 2386 3608 medium
2405 3564 2552 3607 itinera
2566 3562 2754 3620 longiora

1515 3631 1677 3683 fierent,
1694 3640 1736 3673 et
1761 3628 1876 3687 quod
1900 3630 2067 3672 nonnisi
2099 3628 2288 3687 proxime
2318 3626 2370 3670 ad
2390 3625 2641 3684 principium
2755 3681 2759 3683 μ

1516 3693 1693 3735 cembris
1714 3693 1837 3735 firmo
1859 3701 1900 3735 et
1931 3692 2114 3749 perfecto
2141 3693 2273 3734 Borea
2297 3688 2443 3732 Indico
2458 3689 2519 3731 uti
2543 3694 2754 3745 poterant.-
2803 3724 2805 3726 ,

1515 3757 1667 3798 Omnia
1702 3756 1790 3798 baec
1826 3755 2007 3812 probant
2032 3763 2074 3797 et
2105 3754 2318 3796 veritatem
2340 3751 2498 3795 itineris
2521 3764 2571 3793 ae
2598 3747 2738 3799 deseri
2792 3746 2808 3773 Ψ

1515 3820 1667 3875 ptionis
1695 3828 1735 3861 et
1759 3820 1974 3861 veritatem
2002 3817 2245 3860 desectionis
2266 3814 2486 3866 Indorum,
2510 3826 2604 3869 quae
2625 3812 2665 3855 N
2722 3863 2730 3870 .
2752 3823 2765 3870 41

1498 3881 1640 3923 ‘chum
1662 3896 1828 3924 movere
1860 3882 2023 3938 potuit,
2053 3887 2103 3923 ιιι
2122 3887 2185 3922 tot
2205 3877 2398 3936 periculis
2426 3890 2513 3918 sese
2537 3866 2808 3938 objicetflss‘ss

1517 3945 1628 4000 quod
1657 3946 1745 3986 sine
1763 3943 1897 3986 dubio
1919 3958 2003 3985 non
2028 3941 2124 3984 fecit
2148 3942 2225 3984 nisi
2247 3947 2430 3983 coactus.
2457 3956 2472 3977 n
2499 3939 2750 3987 Senum
2806 3937 2808 3939 ’

1516 4024 1539 4049 e
1565 4009 1771 4049 Vincento
1792 4021 1835 4063 p.
1870 4021 1964 4062 ¹99·
1994 4007 2010 4061 ss
2035 4029 2090 4038 —
2122 4018 2190 4049 20.
2217 4004 2354 4060 ὄστρεα
2384 4002 2424 4044 δὲ
2443 4000 2507 4043 καὶ
2522 4000 2608 4049 τους
2625 4011 2663 4040 σ.
2687 3997 2751 4048 Α;
