2756 4354
113 153 161 215 (ο)
1222 148 1528 195 remmus,
1809 199 1812 202 ,
2586 171 2639 210 32

112 256 262 316 ἥμισυ·
285 257 354 303 καὶ
377 256 550 317 Κάδμου
566 253 637 300 καὶ
654 251 872 315 Αρμονίας
891 253 927 296 οἱ
949 250 1053 296 λίθοι
1073 249 1173 295 εἰσιν
1195 252 1342 295 ἐνταῦ-

113 329 189 385 θα,
211 325 282 371 καὶ
302 325 407 388 ἱερὸν
435 323 454 389 [
472 323 580 382 οὒκ]
603 320 764 365 ἄπωθεν
781 323 854 364 τοῦ
879 318 1109 372 Ῥιζουντος
1131 321 1338 378 ποταμοῦ.

110 395 208 441 Ant)
229 395 271 442 δὲ
291 414 362 441 του
379 393 608 445 Ῥιζουντος
625 393 815 448 ποταμοῦ
835 389 890 439 εἷς
912 386 1092 444 Βουθόην
1117 390 1138 433 ὃ
1156 388 1343 440 πλουςη*

110 464 181 509 καὶ
207 464 253 510 τὸ
281 461 491 524 ἐμπόριον.

173 550 232 581 25.
260 535 520 579 ΕΓΧΕΑΕΙΣ.
552 529 766 590 Ἰλλυριῶν
790 525 898 578 ἔθνος
923 526 1024 572 εἰσὶν
1045 527 1083 571 οἱ
1099 526 1335 588 Ἐγχελεῖς,

108 603 296 664 ἐχόμενοι
330 604 400 645 τοῦ
436 598 687 651 εΡιζοἰ“3ντο(,·.
755 596 834 643 Ἐκ
859 596 1039 650 Βουθόης
1063 595 1104 641 δὲ
1130 598 1185 647 εἷς
1217 596 1338 642 Ἐπί-

105 734 199 775 dem
218 735 343 788 igitm·
357 733 535 787 regionis
550 739 611 772 est
628 730 878 786 emporium,
897 729 1011 784 quod
1025 737 1117 784 post
1138 729 1343 770 Buthoam

64 816 67 817 ⁷
105 805 467 846 commemoratur,
488 808 622 849 neque
637 792 813 834 dubium
826 800 902 842 est,
921 792 1023 846 quin
1042 792 1122 832 hoc
1136 792 1188 831 sit
1202 806 1345 847 empo-

104 862 214 901 rium
249 860 424 909 Rhizon,
449 859 573 898 situm
595 855 648 897 ad
675 870 840 897 amnem
859 855 1107 896 Rhizuntem
1129 855 1173 894 in
1198 855 1346 894 intimo

104 925 212 973 sinu,
234 923 300 963 cui
316 920 527 976 adjacebat
543 920 721 961 Buthoa.
746 918 856 960 Solet
875 932 972 958 vero
990 917 1135 973 Scylax
1156 918 1346 957 omittere

102 986 383 1041 emporiorum
402 984 572 1024 nomina
596 981 610 1039 (
627 985 649 1036 S
669 996 694 1023 2
712 990 753 1022 et
771 984 825 1030 24
841 981 873 1038 ).
894 983 1074 1023 Amnem
1089 988 1129 1021 et
1143 979 1344 1035 oppidum

102 1063 231 1104 prope
248 1047 453 1088 Buthoam
468 1053 672 1087 memorat
683 1044 928 1099 Stephanus
948 1041 1074 1095 Quod
1090 1056 1165 1098 per
1179 1056 1343 1083 amnem

104 1110 410 1155 Encheleorum
429 1110 559 1163 regio,
583 1121 657 1163 per
678 1106 886 1147 Buthoam
904 1105 1107 1145 terminus
1121 1104 1346 1156 navigatio-

103 1175 167 1214 nis
184 1173 422 1227 designatur
448 1171 502 1227 (S
521 1171 572 1212 25
591 1170 623 1227 ),
640 1170 746 1210 bene
761 1183 803 1209 se
815 1167 955 1216 habet,
970 1167 1167 1221 quoniam
1182 1165 1345 1206 Enche-

102 1237 262 1277 leorum
296 1235 411 1276 sedes
447 1236 491 1275 in
519 1232 657 1274 media
687 1240 813 1281 terra,
844 1230 1008 1271 Buthoa
1038 1228 1092 1269 ad
1127 1236 1241 1269 mare
1270 1229 1346 1270 sita

102 1298 241 1339 fuerit.
271 1318 288 1333 ι»
306 1298 408 1337 Haec
422 1298 703 1344 CLAusEmus,
721 1291 835 1334 haud
854 1291 1040 1333 feliciter.
1060 1291 1171 1332 Nam
1189 1291 1343 1332 mirum

102 1368 384 1400 commentum
406 1366 467 1397 est
487 1357 790 1409 navigationem
811 1353 864 1395 ab
897 1353 1054 1395 Arione
1076 1352 1129 1394 ad
1159 1353 1344 1394 Rhizun-

101 1431 185 1463 tem
199 1422 242 1462 ss.
264 1420 387 1461 semel
398 1420 439 1459 in
458 1418 828 1473 peregrinatorum,
846 1414 997 1455 deinde
1009 1416 1158 1455 iterum
1180 1415 1224 1455 in
1236 1429 1345 1456 mer-

102 1492 288 1524 catorum
306 1496 429 1522 usum
447 1493 680 1534 expressam
700 1492 811 1528 esse3
834 1478 962 1530 magis
977 1478 1143 1517 miraris
1162 1477 1344 1517 Rhizun-

101 1554 184 1586 tem
203 1545 303 1585 fluv.
311 1574 323 1594 ,
347 1556 479 1597 quum
499 1539 625 1581 cardo
655 1541 708 1580 sit
732 1540 886 1580 horum
908 1540 1111 1589 locorum,
1133 1553 1187 1579 ne
1208 1540 1344 1579 nomi-

100 1608 189 1650 nari
208 1606 392 1662 quidem,
415 1603 518 1652 adeo
534 1612 583 1645 ut
606 1617 656 1644 ex
676 1606 698 1656 §
717 1603 768 1643 25
786 1602 956 1643 demum
976 1601 1211 1656 conjectura
1231 1603 1344 1643 colli-

101 1670 282 1725 gendum
296 1670 363 1719 sit,
379 1668 506 1708 fluvio
517 1666 574 1707 illi
586 1666 638 1707 ad
650 1680 774 1720 quem
787 1666 1036 1721 emporium,
1047 1673 1088 1706 et
1100 1664 1207 1706 infra
1221 1679 1344 1720 quem

100 1732 262 1773 Buthoa
303 1730 403 1772 urbs
440 1731 517 1770 sita
552 1728 721 1779 fuerint,
760 1742 914 1769 nomen
954 1727 1079 1768 fuisse
1116 1727 1341 1780 Rhizunti3

100 1797 328 1835 maximum
350 1807 449 1834 vero
471 1799 531 1833 est
547 1790 661 1846 quod
677 1791 730 1832 ad
748 1792 873 1832 situm
891 1791 1080 1831 locorum
1103 1805 1189 1831 non
1212 1799 1344 1832 atten-

101 1857 202 1898 dens
223 1857 461 1898 Clausenius
480 1855 694 1896 falsissima
711 1854 865 1910 Scylaci
883 1853 1055 1908 affingit.
1088 1856 1167 1894 Res
1186 1855 1242 1895 ita
1271 1855 1344 1896 ha-

101 1919 169 1960 bet
191 1933 200 1960 :
222 1919 287 1960 Ab
310 1919 465 1960 Arione
493 1917 543 1959 ad
566 1918 718 1958 ostium
741 1918 958 1958 Rhizuntis
984 1916 1115 1958 stadia
1136 1925 1233 1958 sunt
1266 1919 1345 1958 cir-

101 1984 203 2022 citer
227 1983 323 2033 300,
351 1981 396 2022 id
418 1989 494 2032 est,
513 1980 633 2028 πλοῦς
659 1979 802 2036 ἡμέρας
819 1980 952 2035 ἥμισυ.
974 1978 1136 2020 Deinde
1160 1980 1213 2020 ab
1239 1982 1344 2021 ostio

99 2045 314 2085 Rhizuntis
337 2042 458 2099 juxta
489 2057 605 2084 oram
623 2043 874 2083 maritimam
899 2056 1030 2096 usque
1052 2041 1104 2082 ad
1137 2042 1342 2084 Buthoam

103 2107 308 2162 (Butuam
323 2121 404 2148 see.
420 2106 546 2156 Plin.;
566 2104 693 2146 hodie
714 2104 861 2145 Budua
876 2104 891 2161 )
914 2103 1046 2144 stadia
1061 2112 1156 2144 sunt
1171 2104 1223 2144 ad
1243 2119 1340 2146 200.

98 2169 292 2212 Totidem
323 2185 422 2210 vero
457 2168 588 2209 stadia
609 2176 706 2208 sunt
738 2169 865 2222 siper
899 2167 1052 2206 ostium
1086 2167 1270 2207 fluminis
1292 2169 1343 2209 ad

100 2233 332 2287 emporium
370 2232 618 2271 Rhizuntem
642 2229 654 2284 (
674 2244 786 2270 nunc
819 2229 975 2270 Risano
992 2229 1005 2284 )
1042 2231 1223 2282 naviges.
1260 2233 1343 2271 Has

101 2293 313 2334 distantias
334 2294 433 2333 item
449 2292 531 2333 diei
547 2291 752 2332 dimidiati
775 2291 1035 2344 navigatione
1060 2291 1205 2345 Scylax
1226 2301 1344 2333 nota-

100 2358 174 2396 vit.
191 2381 248 2387 --
264 2357 425 2396 Rhizon
443 2355 506 2395 vel
527 2355 681 2395 Rhizus
703 2369 788 2394 non
812 2361 872 2393 est
893 2353 1177 2406 saneflzcvius,
1199 2354 1270 2394 sed
1290 2356 1345 2396 ita

44 2445 47 2448 -
101 2427 272 2459 vocatur
289 2427 379 2459 tum
397 2433 419 2458 a
434 2417 596 2473 Scylace
612 2425 702 2457 tum
724 2431 747 2458 a
775 2415 950 2471 Polybio
963 2418 1021 2467 II,
1047 2430 1093 2456 11
1112 2424 1153 2457 et
1172 2417 1345 2458 Philone

103 2482 200 2534 (ap.
223 2479 363 2534 Steph.
386 2480 484 2533 Byz.
510 2493 550 2519 v.
568 2476 751 2535 Βουθόη)
778 2479 892 2519 sinus
917 2485 1189 2533 perangustus
1204 2477 1343 2532 longe-

102 2556 182 2596 que
204 2550 244 2582 et
265 2541 531 2582 multifariam
550 2541 594 2581 in
611 2549 764 2581 terram
786 2549 1007 2596 penetrans
1030 2540 1044 2593 ί
1055 2539 1156 2581 hod.
1174 2540 1283 2597 golfe
1297 2541 1345 2582 cle

105 2608 271 2645 Cattaro
287 2603 319 2660 ).
345 2604 510 2644 Ostium
539 2603 642 2644 adeo
665 2611 725 2644 est
754 2611 1025 2653 coarctatum,
1042 2611 1090 2643 ut
1111 2603 1199 2658 ipse
1231 2604 1344 2643 sinus

70 2692 73 2693 ν
101 2667 211 2708 lacus
247 2667 424 2722 speciem
452 2681 537 2722 prae
567 2681 609 2707 se
628 2666 746 2708 ferat.
776 2668 881 2708 Saxa
909 2680 1000 2721 quae
1030 2666 1252 2706 introitum
1287 2667 1344 2706 sic

102 2731 218 2784 quasi
262 2729 531 2779 claudebant,
570 2728 717 2769 Cadmi
751 2737 791 2769 et
831 2729 1069 2770 Harmoniae
1109 2727 1220 2768 dicta
1259 2743 1344 2768 esse

103 2795 301 2848 suspicor.
326 2791 607 2848 Ἀμφοτέρωθεν
626 2791 848 2847 ἐρηρέδαται
867 2791 935 2832 δύο
956 2792 1102 2846 πέτραι,
1121 2791 1204 2831 Αἵτ’
1230 2791 1344 2846 ἄμφω

104 2857 251 2896 συνίασι
268 2855 507 2911 δονεύμενοι,
530 2851 613 2896 εῧτὲ
628 2871 683 2903 τις
696 2853 797 2911 ἀρχὴ
810 2855 1012 2896 Γίνεται...
1033 2856 1185 2895 κακοῖο.
1204 2854 1344 2895 Verba

104 2927 199 2960 sunt
219 2920 407 2976 Dionysii
436 2919 533 2974 395,
555 2933 794 2974 quanquam
812 2920 847 2959 is
861 2927 998 2974 petras
1016 2919 1136 2959 sicuti
1158 2917 1225 2958 τὸν
1247 2918 1343 2973 τῦμ-

105 2982 172 3021 6ον
199 2981 258 3038 (i.
284 2997 326 3037 q.
350 2990 494 3023 nostro
521 2982 614 3024 loco
633 2981 768 3038 ἱερὸν)
793 2981 938 3023 Cadmi
967 2990 1008 3022 et
1026 2982 1264 3023 Harmonice
1291 2982 1343 3022 ad

106 3045 240 3085 sinum
268 3059 399 3101 prope
421 3054 582 3086 montes
604 3046 830 3087 Ceraunios
860 3044 1045 3085 collocat.
1076 3046 1150 3085 Est
1168 3045 1343 3085 vero-ibi

107 3121 270 3162 quoque
289 3109 403 3149 sinus
430 3108 494 3149 vel
513 3108 625 3149 lacus
646 3117 789 3149 nostro
822 3107 1068 3158 simillimus,
1098 3107 1162 3148 ille
1191 3107 1345 3148 scilicet

108 3170 179 3222 qui
196 3169 304 3212 infra
325 3175 463 3212 Aoum
490 3171 666 3211 fluvium
691 3171 799 3212 inter
825 3170 1085 3226 Apolloniam
1109 3178 1150 3210 et
1171 3171 1343 3211 Oricum

109 3231 209 3270 situs
234 3234 519 3286 angustissimo
539 3235 661 3285 ostio,
691 3235 759 3275 cui
774 3233 913 3275 Aulon
927 3234 1028 3275 urbs
1050 3232 1221 3288 adjacet,
1247 3248 1343 3275 cum

109 3293 213 3332 mari
228 3293 416 3336 cohaeret.
441 3296 685 3351 Apollonius
699 3296 904 3347 Rhodius,
929 3297 1002 3351 qui
1021 3297 1064 3336 in
1086 3296 1226 3336 multis
1248 3311 1344 3337 cum

110 3355 272 3409 Scylace
287 3366 428 3398 nostlo
446 3361 664 3411 consentit,
684 3360 954 3415 probabilitel
967 3359 1020 3400 de
1033 3360 1218 3400 Rhizone
1233 3362 1344 3414 cogi-

111 3418 184 3456 ta1i
203 3417 331 3458 voluit
347 3419 420 3460 ubi
438 3419 657 3478 dicit(IV‚
678 3423 820 3480 516):
842 3423 890 3464 Οἳ
905 3423 939 3462 δ’
957 3421 1045 3477 ἀρ”
1031 3423 1088 3463 επ’
1110 3421 1344 3478 Ἰλλυρικοῖο

115 3494 159 3533 με
148 3479 338 3535 Maeote&
321 3497 378 3529 εςο
393 3486 604 3538 ποταμοῖο,
621 3485 774 3541 Τυμῧος
789 3486 843 3527 ἵν’
866 3485 1064 3542 Αρμονςίη
1087 3486 1259 3541 Κάδμοιό
1285 3502 1342 3537 τε,

113 3558 257 3597 πυργον
298 3543 468 3599 ἔδειμαν,
512 3546 699 3603 Ἐγγελὲε
703 3564 785 3590 σοιν
834 3549 1010 3604 ἐφέστιοι.
1051 3549 1132 3591 Alii
1168 3549 1348 3604 denique

114 3605 259 3646 Cadmi
275 3617 541 3650 monumenta
558 3610 610 3651 ad.
626 3613 687 3651 D1
690 3611 840 3653 ilonem
860 3613 904 3653 ss.
919 3612 1144 3667 ponebant,
1164 3611 1349 3653 utlesert

115 3668 404 3709 Eratosthenes
422 3669 514 3744 Cap.
536 3672 729 3726 Stephan.
747 3675 844 3727 Byz.
865 3687 905 3713 v.
927 3673 1091 3727 Δυρράγ
1085 3689 1139 3713 ον
1157 3673 1200 3729 );
1222 3674 1350 3714 Ποτα-

119 3731 184 3786 μοὶ
206 3731 246 3771 δὲ
267 3730 348 3786 Δρί
325 3744 415 3771 ’νων
436 3747 501 3772 και
523 3731 657 3783 Ἆῶος,
689 3749 775 3789 περι
802 3735 865 3782 οὒς
893 3735 931 3775 οἱ
954 3735 1110 3790 Κάοιου
1133 3751 1198 3776 και
1219 3736 1350 3791 Ἁρμο-

117 3795 196 3841 νίςα
211 3794 321 3849 τάροι
342 3794 567 3835 δείκνυνται.
587 3798 679 3836 Jam
701 3810 798 3836 vero
813 3797 873 3836 uti
893 3797 970 3836 sub
985 3799 1076 3837 Aoo
1090 3798 1201 3839 esth
1206 3800 1350 3854 υινοθά-

108 3856 257 3906 (λαςσα,
293 3858 358 3897 cui
392 3871 487 3897 saxa
515 3856 658 3898 Cadmi
693 3858 915 3912 Dionysius
942 3859 1102 3909 tribuit,
1134 3862 1193 3902 sic
1224 3862 1348 3903 etiam

116 3919 254 3973 paullo
273 3933 397 3973 supra
415 3919 628 3959 Drilonem
648 3934 820 3974 magnus
840 3928 899 3960 est
916 3920 1026 3961 lacus
1049 3922 1238 3964 Labeatis
1254 3939 1348 3965 cum

109 3979 296 4034 'parvulis
309 3982 464 4032 insulis,
482 3990 646 4023 centum
657 3981 740 4023 sere
755 3981 926 4023 stadiisa
939 3984 1039 4023 mari
1054 3983 1220 4037 distans,
1232 3987 1352 4042 eique

1411 269 1535 310 rupes
1563 255 1853 311 atquesfanum
1886 257 2010 308 [non]
2041 256 2187 311 procul
2211 272 2235 298 a
2269 260 2471 302 Rhizunte
2505 265 2645 309 ssuvio.

1413 326 1451 365 A
1471 324 1675 365 Rhizunte
1699 332 1837 366 autem
1859 324 1987 365 fluvio
2021 338 2152 379 usque
2177 325 2230 366 ad
2258 328 2461 369 Buthoam
2489 335 2650 387 naviga·

1414 391 1475 432 tio
1490 399 1552 432 est
1567 391 1676 444 [diei
1685 391 1919 440 dimidiati,
1937 389 2066 433 sicuti
2080 391 2206 433 etiam
2216 392 2275 433 ad
2288 395 2550 452 Rhizuntem]
2567 415 2650 441 em-

1416 460 1600 514 porium.
2178 469 2184 476 ·
2631 453 2637 459 ’

1473 528 1544 569 25.
1579 530 1813 569 ΕΝοΗιτ-ιιιῐ.
1837 529 2073 584 Illyriorum
2099 542 2198 583 gens
2226 537 2322 569 sunt
2339 532 2557 585 Enchelei,
2582 540 2653 591 qui

1412 596 1511 638 inde
1535 611 1560 637 a
1581 597 1764 637 Rhizone
1791 597 1994 639 habitant.
2055 600 2117 638 Ex
2150 597 2312 639 Buthoa
2332 609 2468 642 autem
2492 603 2534 643 in
2556 605 2655 659 Epi-

1413 728 1584 784 junctus
1605 732 1761 771 Banasa
1781 730 1924 780 fluvio,
1949 744 2073 785 quem
2096 730 2210 771 haud
2234 733 2357 774 semel
2386 743 2539 777 veteres
2561 752 2655 779 cum

1417 792 1507 846 ipso
1529 792 1701 832 Drilone
1730 791 1926 833 videntur
1949 792 2184 834 confudisse
2218 795 2307 847 (V.
2327 796 2481 838 Plinius
2501 800 2578 851 ΠΙ,
2604 801 2655 842 56

1418 861 1459 894 et
1490 854 1632 895 Livius
1663 855 1819 906 XLIV,
1856 856 1925 906 31,
1948 854 2023 896 ubi
2055 869 2134 911 pro
2170 855 2348 898 Oriundi
2366 860 2537 912 flamini
2574 863 2651 917 leg.

1416 915 1503 957 vid.
1527 916 1696 958 Driloni
1717 919 1771 972 fl.
1795 919 1827 972 ).
1850 918 2077 972 Regionem
2098 925 2170 959 aut
2194 918 2357 961 Driloni
2379 931 2449 963 aut
2481 924 2655 967 Rhizoni

1415 980 1650 1034 proximam
1673 979 1859 1021 indicare
1894 979 2060 1021 videtur
2080 979 2333 1036 Phylarchus
2373 982 2566 1043 (f1.l,0)
2596 1003 2656 1029 se-

1415 1042 1607 1096 pulcrum
1624 1042 1770 1084 Cadmi
1793 1058 1879 1084 esse
1892 1042 2034 1084 dicens
2049 1044 2093 1084 in
2110 1043 2203 1084 loco
2219 1043 2398 1117 Illyrico,
2423 1049 2487 1088 cui
2501 1050 2657 1099 Κύλικες

1416 1118 1585 1145 nomen.
1607 1107 1631 1146 J
1633 1120 1700 1146 am
1711 1114 1759 1147 ut
1777 1106 1830 1147 ad
1848 1106 2055 1161 Scylacem
2069 1114 2266 1158 revertar,
2281 1110 2467 1162 proxime
2486 1111 2538 1152 ad
2559 1127 2654 1155 eum

1415 1179 1490 1220 per
1493 1167 1609 1217 tinet,
1632 1167 1746 1222 quod
1765 1168 1923 1209 Rhizon
1936 1168 2079 1210 Cadmi
2088 1168 2211 1225 filius
2230 1168 2353 1211 fuisse
2372 1171 2522 1215 dicitur
2545 1176 2656 1231 apud

1416 1229 1744 1271 Choeroboscum
1776 1231 1820 1270 in
1851 1230 2062 1272 Theodos.
2096 1245 2140 1287 p.
2174 1235 2243 1286 76,
2268 1235 2322 1282 24
2351 1241 2388 1274 et
2404 1235 2653 1291 Theognost.

1416 1291 1518 1332 Can.
1536 1305 1579 1347 p.
1607 1292 1677 1342 33,
1702 1306 1768 1343 11,
1786 1293 1906 1334 sicuti
1927 1293 2116 1349 Illyrium
2127 1293 2274 1336 Cadmi
2292 1295 2424 1337 filium
2439 1311 2536 1339 asel
2538 1309 2659 1354 pente

1416 1354 1622 1395 nutritum
1651 1354 1778 1396 habes
1794 1370 1861 1411 ap.
1881 1356 2023 1411 Steph.
2044 1358 2094 1397 B.
2119 1370 2160 1397 v.
2187 1355 2361 1413 Ἰλλυρία
2380 1366 2420 1399 et
2434 1361 2654 1416 Interpret.

1414 1417 1606 1458 Vatican.
1622 1418 1772 1472 Virgil.
1790 1418 1885 1459 AEn.
1905 1420 1942 1469 I,
1969 1419 2066 1470 243,
2090 1433 2134 1474 p.
2159 1420 2257 1461 311.
2282 1421 2444 1462 Rhizon
2466 1422 2531 1463 ille
2549 1424 2657 1467 haud

1416 1477 1543 1520 dubie
1562 1479 1771 1520 serebatur
1789 1479 1982 1521 conditor
1996 1482 2171 1537 emporii
2195 1484 2453 1536 cognominis
2477 1483 2490 1540 (
2516 1483 2662 1536 Ῥιζοῦς

1415 1542 1480 1583 vel
1505 1540 1643 1591 Ῥίζων
1667 1551 1764 1584 cett.
1784 1542 1817 1599 ),
1844 1543 1959 1598 quod
1978 1544 2021 1584 in
2042 1543 2200 1585 ditione
2221 1546 2516 1588 Buthoaemum
2539 1548 2661 1591 fuisse

1415 1612 1590 1646 testatur
1611 1606 1897 1660 Stephanusv.
1916 1607 2097 1659 Βουθόηε
2120 1607 2236 1663 ’Έχει
2259 1609 2293 1648 δ’
2320 1608 2373 1665 (ἣ
2401 1610 2644 1670 Βουθόη)ἒπ

1415 1683 1485 1708 του
1519 1684 1645 1724 μυχου
1671 1667 1827 1717 Ῥίζονα
1847 1669 1960 1710 πόλιν
1985 1669 2051 1710 καῖΙ
2072 1685 2247 1726 ποταμον
2278 1670 2503 1727 ὁμώνυμον.
2523 1631 2662 1728 Ipsani

1415 1731 1622 1773 Buthoam
1649 1730 1830 1773 Cadmus
1855 1731 2099 1786 condiderat
2129 1732 2300 1789 (Steph.
2318 1734 2346 1775 l.
2367 1734 2413 1775 l.-
2402 1737 2572 1791 ,.Etym
2596 1738 2656 1778 M.

1414 1807 1459 1849 p.
1496 1808 1595 1848 207,
1636 1795 1684 1835 13
1716 1793 1760 1851 ),
1795 1795 1867 1850 qui
1893 1795 2016 1836 etiam
2046 1795 2310 1850 Lychnidum
2338 1797 2485 1853 Illyriae
2514 1799 2659 1840 urbem

1414 1855 1469 1896 ad
1489 1856 1625 1897 lacum
1655 1857 1947 1911 cognominem
1969 1856 2203 1899 condidisse
2232 1858 2363 1900 fertur
2382 1874 2449 1915 ap.
2472 1861 2657 1902 Christo-

1415 1917 1509 1959 dor.
1531 1919 1574 1959 in
1597 1918 1768 1960 Anthol.
1789 1920 1887 1969 VII,
1906 1934 1949 1974 p.
1973 1923 2053 1974 697
2077 1933 2087 1960 ε
2109 1920 2316 1974 Λυχνιδὸν,
2342 1922 2389 1973 ἣν
2407 1922 2545 1970 Φοῖνιξ
2559 1924 2658 1963 Κάδ-

1418 1997 1487 2037 μος
1508 1982 1635 2037 ἔδειμε
1662 1982 1793 2023 πόλιν.
1817 1983 2010 2038 Denique
2029 1982 2136 2023 duos
2153 1983 2266 2024 locos
2293 1984 2438 2025 Cadmi
2458 1986 2573 2026 cultu
2591 2002 2658 2027 ce-

1414 2044 1547 2085 lebres
1570 2046 1714 2085 miscet
1734 2045 1873 2086 nescio
1906 2046 2077 2100 quinam
2095 2046 2316 2101 Sophocles
2338 2062 2404 2103 ap.
2429 2050 2566 2103 Etym.
2596 2051 2654 2090 M.

1414 2107 1442 2148 l.
1474 2107 1501 2147 l.
1527 2120 1536 2147 ε
1569 2107 1750 2158 ΒουΟοίη,
1775 2107 1885 2154 πόλις
1914 2110 1982 2159 τῆς
2017 2106 2219 2163 Ἰλλυρίας.
2252 2109 2452 2165 Σοφοκλῆς
2489 2110 2656 2167 Ὀνομα-

1415 2169 1509 2210 κλεῖ
1528 2169 1595 2226 (Ρ)-
1638 2170 1803 2222 Βουθοίη
1821 2169 2014 2224 Δρίλωνος
2037 2169 2099 2212 ἐπὶ
2115 2174 2348 2228 προχοῇσιν.
2372 2173 2496 2214 Unde
2514 2174 2659 2229 aliquis

1415 2231 1619 2286 conjicere
1637 2233 1765 2287 possit
1786 2240 1930 2273 nostro
1953 2247 2119 2288 quoque
2137 2233 2228 2274 loco
2246 2248 2324 2289 pro
2345 2234 2517 2290 Ἀρίωνος
2535 2237 2657 2279 fuisse

1414 2295 1622 2350 Δρίλωνος,
1644 2296 1723 2335 nisi
1745 2303 1985 2349 sequeretur
2005 2293 2223 2343 Ῥιζοῦντος
2237 2304 2278 2336 et
2288 2296 2390 2337 alius
2409 2296 2538 2352 Ἀρίων
2554 2314 2656 2355 prae-

1415 2357 1594 2398 cederet.
1627 2358 1821 2397 Ceterum
1850 2356 1902 2396 de
1918 2356 2077 2398 Cadmo
2098 2358 2142 2398 in
2171 2357 2352 2412 Illyriam
2373 2360 2559 2414 profecto
2576 2362 2655 2402 ibi-

1415 2434 1496 2474 que
1507 2428 1703 2473 regnante
1721 2427 1762 2459 et
1776 2427 1942 2459 mortuo
1962 2433 2001 2459 v.
2023 2418 2266 2474 Apollodor.
2283 2422 2360 2471 ΠΙ,
2381 2422 2420 2472 5,
2440 2425 2465 2470 4
2480 2438 2491 2472 ;
2506 2423 2652 2464 Strabo

1415 2485 1452 2533 I,
1476 2498 1520 2538 p.
1542 2485 1612 2532 46.
1629 2484 1727 2533 VH,
1746 2496 1789 2537 p.
1814 2483 1917 2533 3263
1941 2481 2145 2523 Herodot.
2162 2484 2239 2533 IX,
2262 2484 2331 2533 43.
2355 2485 2412 2534 V,
2438 2489 2514 2536 613
2543 2488 2652 2528 Pau-

1415 2560 1503 2585 san.
1525 2546 1601 2596 IX,
1631 2544 1671 2595 5,
1709 2558 1747 2594 1,
1770 2559 1817 2598 73
1843 2543 2020 2587 Diodor.
2053 2545 2172 2596 XIX,
2199 2545 2274 2596 533
2299 2546 2506 2587 Nicander
2526 2547 2652 2591 Ther.

1416 2611 1512 2661 6073
1528 2608 1704 2647 Nonnus
1717 2608 1795 2656 IV,
1814 2609 1910 2660 417.
1927 2607 2084 2657 XLIV,
2106 2610 2199 2648 116.
2220 2609 2375 2659 XLVI,
2398 2610 2500 2660 3643
2517 2611 2652 2651 Tzetz.

1415 2670 1522 2710 Chil.
1539 2671 1617 2719 IV,
1640 2671 1719 2723 708
1735 2684 1747 2719 ;
1761 2669 1955 2709 Parthen.
1972 2683 2009 2709 c.
2025 2669 2093 2709 32.
2116 2670 2132 2723 ῃ
2147 2694 2204 2701 -
2220 2686 2243 2710 κ
2256 2669 2304 2710 αὶ
2328 2670 2369 2710 ie
2382 2685 2401 2725 ρ
2414 2670 2465 2711 ὸν
2481 2672 2657 2724 JCeteris

1415 2741 1475 2773 est
1493 2734 1609 2787 τάφος
1629 2731 1692 2772 vel
1709 2731 1866 2786 τύμῧος.
1890 2734 2029 2784 Quare
2051 2731 2116 2772 καὶ
2129 2731 2238 2787 ἠρίον
2258 2733 2380 2774 scribi
2395 2733 2483 2774 vult
2499 2736 2654 2788 Unger.

1413 2796 1601 2837 Theban.
1626 2793 1829 2836 Paradox.
1855 2808 1898 2849 p.
1934 2793 1982 2834 51
2000 2825 2012 2845 ,
2035 2809 2166 2866 quum
2190 2796 2337 2851 saepius
2359 2789 2461 2851 ἱερὸν
2488 2805 2528 2837 et
2550 2796 2656 2852 ἠρίον

1416 2859 1586 2900 confusa
1616 2859 1713 2898 sint.
1736 2856 1815 2898 Sed
1835 2870 1915 2897 vox
1932 2857 2094 2911 poetica
2123 2858 2166 2897 in
2185 2858 2391 2913 Scylacem
2421 2874 2507 2899 non
2526 2860 2655 2911 cadit3

1415 2937 1462 2962 ac
1483 2921 1516 2961 ἷε
1521 2921 1584 2976 ρον
1618 2920 1865 2960 vocabulum
1888 2918 1966 2959 late
1987 2926 2113 2974 patet.

1471 2988 1493 3038 ὃ
1527 2984 1595 3025 25.
1636 2983 1754 3037 ’E77
1766 2982 1922 3035 ελεῖς]
1942 2981 2179 3023 Secundum
2214 2982 2418 3038 Scylacem
2452 2983 2488 3023 οἱ
2517 2983 2657 3039 Ἐγγε-

1414 3047 1498 3095 λεῖς
1537 3047 1622 3086 sive
1666 3045 1788 3101 Ἐγχε
1773 3044 1876 3085 ελέοιι
1912 3045 1997 3084 sive
2038 3043 2160 3114 ³E77s
2145 3045 2206 3085 ἕλε
2191 3060 2262 3085 ιοι
2293 3046 2377 3085 sive
2422 3045 2542 3100 Ἐγχε
2528 3047 2657 3094 ελοῖνςε

1419 3111 1432 3168 (
1453 3126 1492 3151 v,
1532 3109 1727 3165 Stephan.
1761 3109 1887 3149 Thes.
1926 3122 1959 3148 S.
1994 3122 2035 3148 v,
2054 3107 2068 3164 )
2103 3107 2224 3162 juxta
2259 3122 2373 3148 oram
2413 3111 2655 3163 pertinuisse

1414 3172 1609 3214 videntur
1628 3186 1757 3226 usque
1780 3170 1832 3211 ad
1850 3170 2066 3211 Drilonem
2093 3171 2137 3210 fl.
2160 3170 2223 3211 vel
2250 3170 2385 3225 paullo
2407 3171 2533 3221 ultra3
2559 3187 2654 3212 nam

1414 3235 1671 3292 Epidamnus
1675 3233 1762 3288 jam
1777 3234 1853 3273 sita
1867 3241 1927 3273 est
1937 3233 1980 3272 in
1998 3233 2165 3286 regione
2175 3232 2485 3273 Taulantiomm
2509 3233 2546 3288 (ἓ
2563 3234 2650 3290 26).

1416 3300 1520 3340 Cum
1530 3297 1691 3353 Scylace
1704 3297 1858 3337 faciunt
1870 3296 2122 3350 quicumque
2135 3295 2340 3335 Buthoam
2353 3294 2414 3335 vel
2427 3296 2654 3341 Rhizonem

1415 3361 1478 3401 vel
1496 3360 1711 3401 Drilonem
1729 3359 1772 3398 in
1791 3356 1936 3398 Cadmi
1955 3357 2126 3398 historia
2141 3365 2481 3408 commemorant,
2503 3359 2655 3414 quippe

1419 3438 1510 3478 quae
1525 3437 1620 3463 cum
1642 3420 1856 3462 Encheleis
1869 3427 1981 3459 arcte
1997 3418 2218 3474 conjuncta
2232 3427 2306 3459 est.
2328 3421 2541 3461 Hecataeus
2557 3435 2655 3461 vero

1420 3494 1461 3526 et
1496 3485 1643 3526 Strabo
1671 3492 1711 3524 et
1743 3484 1944 3538 Scymnus
1965 3482 2109 3532 Chim,
2146 3481 2229 3532 alii,
2261 3482 2566 3523 Encheleorum
2590 3498 2653 3523 re-

1420 3549 1583 3602 gionem
1597 3561 1621 3587 a
1638 3543 1812 3586 meridie
1824 3544 2147 3585 Taulantionum
2157 3545 2241 3584 sive
2259 3544 2310 3585 ab
2327 3547 2418 3586 Aoo
2434 3544 2518 3586 sere
2534 3546 2659 3585 ssuvio

1420 3610 1472 3652 ad
1487 3617 1648 3651 montes
1656 3622 1786 3663 usque
1799 3608 2023 3648 CeraunIOS
2039 3615 2079 3647 et
2091 3606 2334 3660 Chaoniam,
2352 3616 2392 3647 et
2408 3608 2449 3647 in
2466 3607 2658 3648 mediter-

1419 3674 1553 3715 raneis
1564 3686 1694 3728 prope
1709 3670 1971 3726 Lychnidum
1984 3669 2135 3720 lacum,
2154 3669 2278 3710 fuisse
2292 3669 2538 3710 statuebant.
2554 3671 2658 3710 Nam

1420 3739 1633 3778 Hecataeus
1652 3734 1665 3790 (
1682 3734 1733 3775 sr.
1755 3734 1807 3788 73
1828 3733 1841 3788 )
1862 3735 2046 3774 Dexaros
2065 3741 2261 3787 tanquam
2282 3732 2388 3780 ἔθνος
2402 3733 2558 3772 Χαόνων
2579 3734 2659 3778 τοῖς

1426 3797 1671 3853 Ἐγχελείαις
1685 3795 1869 3851 προσεχὲς
1884 3802 2100 3844 memorat,
2114 3795 2232 3835 sicuti
2250 3794 2394 3835 Strabo
2407 3795 2501 3842 VII,
2517 3807 2558 3847 p.
2578 3793 2656 3833 326

1419 3860 1682 3901 Dasarethios
1708 3859 1792 3899 sive
1815 3858 2064 3899 Sesarethios
2087 3856 2300 3912 (Dexaros
2322 3856 2495 3896 Hecataei
2513 3855 2526 3909 )
2540 3853 2658 3908 juxta

1420 3923 1665 3965 Echelenses
1680 3930 1878 3963 recenset.
1902 3920 2123 3962 Scholiasta
2136 3918 2270 3973 Apoll.
2289 3918 2368 3957 Rh.
2389 3919 2464 3966 IV,
2485 3917 2562 3970 507
2586 3917 2657 3957 :Oi

1428 3985 1640 4041 Ἐγχέλυες
1659 3984 1672 4041 (
1690 3984 1777 4040 sic)
1800 3984 1885 4038 περὶ
1906 3982 1953 4023 τὰ
1983 3981 2168 4036 Κεραύνια
2190 3981 2273 4035 ὄρη.
2309 3980 2507 4034 Scymnus
2529 3978 2657 4020 Chius
