<?xml version="1.0" encoding="UTF-8"?>
<!DOCTYPE html PUBLIC "-//W3C//DTD XHTML 1.0 Transitional//EN"
    "http://www.w3.org/TR/xhtml1/DTD/xhtml1-transitional.dtd">
<html xmlns="http://www.w3.org/1999/xhtml" xml:lang="en" lang="en">
 <head>
  <title>
</title>
<meta http-equiv="Content-Type" content="text/html;charset=utf-8" />
  <meta name='ocr-system' content='tesseract 3.04.00' />
  <meta name='ocr-capabilities' content='ocr_page ocr_carea ocr_par ocr_line ocrx_word'/>
</head>
<body>
  <div class='ocr_page' id='page_1' title='image "./geographigraeci00mueluoft_0619.png"; bbox 0 0 2808 4342; ppageno 0'>
   <div class='ocr_carea' id='block_1_1' title="bbox 886 172 1756 221">
    <p class='ocr_par' dir='ltr' id='par_1_1' title="bbox 886 172 1756 221">
     <span class='ocr_line' id='line_1_1' title="bbox 886 172 1756 221; baseline -0.002 -1"><span class='ocrx_word' id='word_1_1' title='bbox 886 174 1271 221; x_wconf 85' lang='lat' dir='ltr'><strong>STADIASMUS</strong></span> <span class='ocrx_word' id='word_1_2' title='bbox 1306 173 1500 219; x_wconf 84' lang='lat' dir='ltr'><strong>MARIS</strong></span> <span class='ocrx_word' id='word_1_3' title='bbox 1536 172 1756 219; x_wconf 86' lang='lat' dir='ltr'><strong>MAGNI.</strong></span> 
     </span>
    </p>
   </div>
   <div class='ocr_carea' id='block_1_2' title="bbox 0 275 1291 547">
    <p class='ocr_par' dir='ltr' id='par_1_2' title="bbox 0 275 1291 547">
     <span class='ocr_line' id='line_1_2' title="bbox 117 275 1288 344; baseline -0.005 -18"><span class='ocrx_word' id='word_1_4' title='bbox 117 297 175 328; x_wconf 76' lang='grc'>93.</span> <span class='ocrx_word' id='word_1_5' title='bbox 218 277 351 344; x_wconf 75' lang='grc' dir='ltr'>[Ἀπὸ</span> <span class='ocrx_word' id='word_1_6' title='bbox 385 277 590 339; x_wconf 78' lang='grc' dir='ltr'>Κεφαλῶν</span> <span class='ocrx_word' id='word_1_7' title='bbox 623 276 678 327; x_wconf 86' lang='grc' dir='ltr'><strong>εἷς</strong></span> <span class='ocrx_word' id='word_1_8' title='bbox 723 275 936 322; x_wconf 86' lang='grc' dir='ltr'>Νεάπολιν</span> <span class='ocrx_word' id='word_1_9' title='bbox 974 276 1132 322; x_wconf 83' lang='grc' dir='ltr'>στάδιοι</span> <span class='ocrx_word' id='word_1_10' title='bbox 1170 275 1288 341; x_wconf 81' lang='grc' dir='ltr'>φν’.]</span> 
     </span>
     <span class='ocr_line' id='line_1_3' title="bbox 0 344 1288 412; baseline -0.002 -18"><span class='ocrx_word' id='word_1_11' title='bbox 0 351 1 354; x_wconf 50' lang='lat'>&#39;</span> <span class='ocrx_word' id='word_1_12' title='bbox 46 347 397 412; x_wconf 71' lang='grc' dir='ltr'>’Προσφερόμενος</span> <span class='ocrx_word' id='word_1_13' title='bbox 424 346 470 390; x_wconf 82' lang='grc' dir='ltr'><strong>ἔκ</strong></span> <span class='ocrx_word' id='word_1_14' title='bbox 488 348 559 390; x_wconf 69' lang='grc' dir='ltr'><strong>τοῦ</strong></span> <span class='ocrx_word' id='word_1_15' title='bbox 577 344 780 404; x_wconf 82' lang='grc' dir='ltr'>πελάγους</span> <span class='ocrx_word' id='word_1_16' title='bbox 802 344 893 408; x_wconf 74' lang='grc' dir='ltr'>ὄψει</span> <span class='ocrx_word' id='word_1_17' title='bbox 911 345 1052 408; x_wconf 79' lang='grc' dir='ltr'>χώραν</span> <span class='ocrx_word' id='word_1_18' title='bbox 1075 346 1288 404; x_wconf 83' lang='grc' dir='ltr'>ταπεινὴν,</span> 
     </span>
     <span class='ocr_line' id='line_1_4' title="bbox 56 411 1289 478; baseline -0.002 -15"><span class='ocrx_word' id='word_1_19' title='bbox 56 418 179 474; x_wconf 83' lang='grc' dir='ltr'>νησία</span> <span class='ocrx_word' id='word_1_20' title='bbox 204 417 394 478; x_wconf 84' lang='grc' dir='ltr'>ἔχουσαν·</span> <span class='ocrx_word' id='word_1_21' title='bbox 419 412 517 459; x_wconf 79' lang='grc' dir='ltr'>ὅταν</span> <span class='ocrx_word' id='word_1_22' title='bbox 534 411 576 459; x_wconf 79' lang='grc' dir='ltr'><strong>δὲ</strong></span> <span class='ocrx_word' id='word_1_23' title='bbox 601 415 734 470; x_wconf 79' lang='grc' dir='ltr'>αὐτοῖς</span> <span class='ocrx_word' id='word_1_24' title='bbox 754 413 937 476; x_wconf 84' lang='grc' dir='ltr'>ἕγγίσῃς,</span> <span class='ocrx_word' id='word_1_25' title='bbox 962 415 1052 476; x_wconf 81' lang='grc' dir='ltr'>ὄψει</span> <span class='ocrx_word' id='word_1_26' title='bbox 1075 414 1148 470; x_wconf 86' lang='grc' dir='ltr'><strong>τὴν</strong></span> <span class='ocrx_word' id='word_1_27' title='bbox 1173 415 1289 461; x_wconf 85' lang='grc' dir='ltr'>πόλιν</span> 
     </span>
     <span class='ocr_line' id='line_1_5' title="bbox 56 481 1291 547; baseline -0.002 -15"><span class='ocrx_word' id='word_1_28' title='bbox 56 484 395 547; x_wconf 77' lang='grc' dir='ltr'>παραθαλάσσιον</span> <span class='ocrx_word' id='word_1_29' title='bbox 438 482 508 527; x_wconf 80' lang='grc' dir='ltr'><strong>καὶ</strong></span> <span class='ocrx_word' id='word_1_30' title='bbox 548 486 636 528; x_wconf 87' lang='grc' dir='ltr'>θῖνα</span> <span class='ocrx_word' id='word_1_31' title='bbox 671 481 813 527; x_wconf 81' lang='grc' dir='ltr'>λευκὸν</span> <span class='ocrx_word' id='word_1_32' title='bbox 848 483 918 527; x_wconf 87' lang='grc' dir='ltr'><strong>καὶ</strong></span> <span class='ocrx_word' id='word_1_33' title='bbox 950 483 1148 544; x_wconf 81' lang='grc' dir='ltr'>αἰγιαλόν·</span> <span class='ocrx_word' id='word_1_34' title='bbox 1186 484 1291 538; x_wconf 81' lang='grc' dir='ltr'>ἠ’δὲ</span> 
     </span>
    </p>
   </div>
   <div class='ocr_carea' id='block_1_3' title="bbox 96 640 1159 822">
    <p class='ocr_par' dir='ltr' id='par_1_3' title="bbox 96 640 1159 822">
     <span class='ocr_line' id='line_1_6' title="bbox 165 640 1159 698; baseline 0 -14"><span class='ocrx_word' id='word_1_35' title='bbox 165 644 355 698; x_wconf 80' lang='grc' dir='ltr'>Τρίκερων</span> <span class='ocrx_word' id='word_1_36' title='bbox 378 643 493 697; x_wconf 77' lang='grc' dir='ltr'>ἄκρον</span> <span class='ocrx_word' id='word_1_37' title='bbox 698 645 771 689; x_wconf 74' lang='grc'><strong>420</strong></span> <span class='ocrx_word' id='word_1_38' title='bbox 802 640 881 681; x_wconf 82' lang='grc'>55’.</span> <span class='ocrx_word' id='word_1_39' title='bbox 975 643 1047 681; x_wconf 86' lang='lat'><strong>31⁰</strong></span> <span class='ocrx_word' id='word_1_40' title='bbox 1078 647 1159 684; x_wconf 79' lang='lat'><strong>20¹.</strong></span> 
     </span>
     <span class='ocr_line' id='line_1_7' title="bbox 222 703 608 760; baseline -0.005 -16"><span class='ocrx_word' id='word_1_41' title='bbox 222 706 394 760; x_wconf 80' lang='grc' dir='ltr'>Σύρτεως</span> <span class='ocrx_word' id='word_1_42' title='bbox 421 703 608 760; x_wconf 80' lang='grc' dir='ltr'>μεγάλης.</span> 
     </span>
     <span class='ocr_line' id='line_1_8' title="bbox 96 763 1069 822; baseline -0.002 -14"><span class='ocrx_word' id='word_1_43' title='bbox 96 787 99 791; x_wconf 63' lang='lat'>=</span> <span class='ocrx_word' id='word_1_44' title='bbox 167 768 366 822; x_wconf 87' lang='grc' dir='ltr'>Κιστέρναι</span> <span class='ocrx_word' id='word_1_45' title='bbox 703 765 777 812; x_wconf 80' lang='grc'><strong>430</strong></span> <span class='ocrx_word' id='word_1_46' title='bbox 812 763 888 803; x_wconf 86' lang='lat'><strong>15&#39;.</strong></span> <span class='ocrx_word' id='word_1_47' title='bbox 979 765 1069 806; x_wconf 83' lang='lat'><strong>31⁰.</strong></span> 
     </span>
    </p>
   </div>
   <div class='ocr_carea' id='block_1_4' title="bbox 0 824 1310 4047">
    <p class='ocr_par' dir='ltr' id='par_1_4' title="bbox 0 824 1310 4047">
     <span class='ocr_line' id='line_1_9' title="bbox 54 824 1169 883; baseline -0.001 -14"><span class='ocrx_word' id='word_1_48' title='bbox 54 829 227 869; x_wconf 89' lang='lat' dir='ltr'><strong>Numeri</strong></span> <span class='ocrx_word' id='word_1_49' title='bbox 249 827 424 883; x_wconf 91' lang='lat' dir='ltr'><strong>appositi</strong></span> <span class='ocrx_word' id='word_1_50' title='bbox 444 824 658 866; x_wconf 87' lang='lat' dir='ltr'>codicibus</span> <span class='ocrx_word' id='word_1_51' title='bbox 679 827 790 866; x_wconf 87' lang='lat' dir='ltr'><strong>ADF</strong></span> <span class='ocrx_word' id='word_1_52' title='bbox 793 827 819 866; x_wconf 88' lang='lat' dir='ltr'>S</span> <span class='ocrx_word' id='word_1_53' title='bbox 838 825 1169 880; x_wconf 81' lang='lat' dir='ltr'><strong>suppeditantur.</strong></span> 
     </span>
     <span class='ocr_line' id='line_1_10' title="bbox 0 886 1295 943; baseline -0.002 -10"><span class='ocrx_word' id='word_1_54' title='bbox 0 895 2 897; x_wconf 69' lang='grc'><strong><em>’</em></strong></span> <span class='ocrx_word' id='word_1_55' title='bbox 112 893 133 942; x_wconf 82' lang='lat'>§</span> <span class='ocrx_word' id='word_1_56' title='bbox 156 895 224 933; x_wconf 90' lang='grc'><strong>93.</strong></span> <span class='ocrx_word' id='word_1_57' title='bbox 250 888 414 930; x_wconf 82' lang='lat' dir='ltr'>Inclusa</span> <span class='ocrx_word' id='word_1_58' title='bbox 432 886 633 943; x_wconf 83' lang='lat' dir='ltr'><strong>supplevi,</strong></span> <span class='ocrx_word' id='word_1_59' title='bbox 652 895 698 927; x_wconf 91' lang='lat' dir='ltr'><strong>ut</strong></span> <span class='ocrx_word' id='word_1_60' title='bbox 724 887 922 928; x_wconf 88' lang='lat' dir='ltr'><strong>continua</strong></span> <span class='ocrx_word' id='word_1_61' title='bbox 936 897 1040 942; x_wconf 88' lang='lat' dir='ltr'><strong>esset</strong></span> <span class='ocrx_word' id='word_1_62' title='bbox 1053 889 1176 930; x_wconf 90' lang='lat' dir='ltr'><strong>series</strong></span> <span class='ocrx_word' id='word_1_63' title='bbox 1203 904 1295 930; x_wconf 88' lang='lat' dir='ltr'><strong>nar-</strong></span> 
     </span>
     <span class='ocr_line' id='line_1_11' title="bbox 7 949 1295 992; baseline -0.001 0"><span class='ocrx_word' id='word_1_64' title='bbox 7 956 9 959; x_wconf 55' lang='lat'><em>⁴</em></span> <span class='ocrx_word' id='word_1_65' title='bbox 54 952 241 992; x_wconf 88' lang='lat' dir='ltr'><strong>rationis.</strong></span> <span class='ocrx_word' id='word_1_66' title='bbox 267 949 484 992; x_wconf 84' lang='lat' dir='ltr'>Probabile</span> <span class='ocrx_word' id='word_1_67' title='bbox 510 958 648 990; x_wconf 88' lang='lat' dir='ltr'><strong>tamen</strong></span> <span class='ocrx_word' id='word_1_68' title='bbox 669 958 729 990; x_wconf 90' lang='lat' dir='ltr'><strong>est</strong></span> <span class='ocrx_word' id='word_1_69' title='bbox 743 963 877 990; x_wconf 88' lang='lat' dir='ltr'><strong>unum</strong></span> <span class='ocrx_word' id='word_1_70' title='bbox 906 950 1048 991; x_wconf 92' lang='lat' dir='ltr'><strong>saltem</strong></span> <span class='ocrx_word' id='word_1_71' title='bbox 1074 951 1210 992; x_wconf 91' lang='lat' dir='ltr'><strong>locum</strong></span> <span class='ocrx_word' id='word_1_72' title='bbox 1234 952 1295 991; x_wconf 85' lang='lat' dir='ltr'><strong>in·</strong></span> 
     </span>
     <span class='ocr_line' id='line_1_12' title="bbox 57 1011 1295 1068; baseline -0.001 -14"><span class='ocrx_word' id='word_1_73' title='bbox 57 1021 119 1054; x_wconf 87' lang='lat' dir='ltr'><strong>ter</strong></span> <span class='ocrx_word' id='word_1_74' title='bbox 143 1013 340 1068; x_wconf 88' lang='lat' dir='ltr'><strong>Cephalas</strong></span> <span class='ocrx_word' id='word_1_75' title='bbox 355 1021 396 1053; x_wconf 89' lang='lat' dir='ltr'><strong>et</strong></span> <span class='ocrx_word' id='word_1_76' title='bbox 419 1012 569 1067; x_wconf 85' lang='lat' dir='ltr'>Leptin</span> <span class='ocrx_word' id='word_1_77' title='bbox 600 1011 896 1053; x_wconf 89' lang='lat' dir='ltr'><strong>intermedium</strong></span> <span class='ocrx_word' id='word_1_78' title='bbox 915 1012 967 1053; x_wconf 91' lang='lat' dir='ltr'><strong>ab</strong></span> <span class='ocrx_word' id='word_1_79' title='bbox 983 1022 1150 1054; x_wconf 88' lang='lat' dir='ltr'><strong>auctore</strong></span> <span class='ocrx_word' id='word_1_80' title='bbox 1171 1013 1295 1054; x_wconf 88' lang='lat' dir='ltr'><strong>fuisse</strong></span> 
     </span>
     <span class='ocr_line' id='line_1_13' title="bbox 55 1074 1292 1130; baseline -0.002 -13"><span class='ocrx_word' id='word_1_81' title='bbox 55 1074 348 1129; x_wconf 73' lang='lat' dir='ltr'><strong>memoratum.</strong></span> <span class='ocrx_word' id='word_1_82' title='bbox 374 1076 469 1116; x_wconf 91' lang='lat' dir='ltr'><strong>Non</strong></span> <span class='ocrx_word' id='word_1_83' title='bbox 497 1074 642 1130; x_wconf 87' lang='lat' dir='ltr'>scripsi</span> <span class='ocrx_word' id='word_1_84' title='bbox 663 1074 714 1123; x_wconf 85' lang='grc' dir='ltr'><strong>εἰς</strong></span> <span class='ocrx_word' id='word_1_85' title='bbox 734 1075 888 1125; x_wconf 81' lang='grc' dir='ltr'>Λέπτιν,</span> <span class='ocrx_word' id='word_1_86' title='bbox 921 1074 994 1116; x_wconf 89' lang='lat' dir='ltr'><strong>sed</strong></span> <span class='ocrx_word' id='word_1_87' title='bbox 1014 1075 1064 1123; x_wconf 86' lang='grc' dir='ltr'><strong>εἰς</strong></span> <span class='ocrx_word' id='word_1_88' title='bbox 1080 1076 1292 1126; x_wconf 83' lang='grc' dir='ltr'>Νεάπολιν,</span> 
     </span>
     <span class='ocr_line' id='line_1_14' title="bbox 53 1135 1296 1192; baseline -0.001 -14"><span class='ocrx_word' id='word_1_89' title='bbox 53 1139 255 1192; x_wconf 89' lang='lat' dir='ltr'><strong>quoniam</strong></span> <span class='ocrx_word' id='word_1_90' title='bbox 279 1138 416 1192; x_wconf 88' lang='lat' dir='ltr'><strong>Leptis</strong></span> <span class='ocrx_word' id='word_1_91' title='bbox 447 1150 600 1177; x_wconf 90' lang='lat' dir='ltr'><strong>nomen</strong></span> <span class='ocrx_word' id='word_1_92' title='bbox 632 1135 740 1177; x_wconf 88' lang='lat' dir='ltr'><strong>infra</strong></span> <span class='ocrx_word' id='word_1_93' title='bbox 765 1135 935 1176; x_wconf 90' lang='lat' dir='ltr'><strong>demum</strong></span> <span class='ocrx_word' id='word_1_94' title='bbox 961 1135 1177 1191; x_wconf 83' lang='lat' dir='ltr'><strong>subjicitur</strong></span> <span class='ocrx_word' id='word_1_95' title='bbox 1208 1152 1296 1177; x_wconf 87' lang='lat' dir='ltr'><strong>ver-</strong></span> 
     </span>
     <span class='ocr_line' id='line_1_15' title="bbox 55 1198 1293 1252; baseline -0.002 -12"><span class='ocrx_word' id='word_1_96' title='bbox 55 1200 121 1240; x_wconf 85' lang='lat' dir='ltr'><strong>bis</strong></span> <span class='ocrx_word' id='word_1_97' title='bbox 145 1213 154 1241; x_wconf 90' lang='lat'>:</span> <span class='ocrx_word' id='word_1_98' title='bbox 181 1200 275 1252; x_wconf 75' lang='grc' dir='ltr'>αὕτη</span> <span class='ocrx_word' id='word_1_99' title='bbox 292 1200 472 1240; x_wconf 77' lang='grc' dir='ltr'>καλεῖται</span> <span class='ocrx_word' id='word_1_100' title='bbox 490 1199 637 1249; x_wconf 82' lang='grc' dir='ltr'>Λέπτις,</span> <span class='ocrx_word' id='word_1_101' title='bbox 660 1199 689 1239; x_wconf 87' lang='lat' dir='ltr'><strong>i.</strong></span> <span class='ocrx_word' id='word_1_102' title='bbox 708 1213 744 1239; x_wconf 89' lang='lat' dir='ltr'><strong>e.</strong></span> <span class='ocrx_word' id='word_1_103' title='bbox 762 1198 855 1251; x_wconf 71' lang='grc' dir='ltr'>αὕτη</span> <span class='ocrx_word' id='word_1_104' title='bbox 872 1198 1050 1240; x_wconf 79' lang='grc' dir='ltr'>καλεῖται</span> <span class='ocrx_word' id='word_1_105' title='bbox 1068 1199 1134 1240; x_wconf 71' lang='grc' dir='ltr'><strong>καὶ</strong></span> <span class='ocrx_word' id='word_1_106' title='bbox 1147 1200 1293 1246; x_wconf 81' lang='grc' dir='ltr'>Λέπτις.</span> 
     </span>
     <span class='ocr_line' id='line_1_16' title="bbox 54 1259 1299 1317; baseline -0.002 -14"><span class='ocrx_word' id='word_1_107' title='bbox 54 1262 215 1303; x_wconf 89' lang='lat' dir='ltr'><strong>Eodem</strong></span> <span class='ocrx_word' id='word_1_108' title='bbox 238 1262 404 1315; x_wconf 81' lang='lat' dir='ltr'><strong>modo§</strong></span> <span class='ocrx_word' id='word_1_109' title='bbox 436 1262 487 1302; x_wconf 87' lang='lat'><strong>56</strong></span> <span class='ocrx_word' id='word_1_110' title='bbox 510 1261 682 1315; x_wconf 83' lang='lat' dir='ltr'><strong>legimus</strong></span> <span class='ocrx_word' id='word_1_111' title='bbox 717 1273 727 1301; x_wconf 91' lang='lat'>:</span> <span class='ocrx_word' id='word_1_112' title='bbox 754 1259 828 1302; x_wconf 78' lang='grc' dir='ltr'><strong>ἀπὸ</strong></span> <span class='ocrx_word' id='word_1_113' title='bbox 851 1260 1119 1317; x_wconf 81' lang='grc' dir='ltr'>Πτολεμαΐδος</span> <span class='ocrx_word' id='word_1_114' title='bbox 1138 1260 1188 1309; x_wconf 82' lang='grc' dir='ltr'><strong>εἰς</strong></span> <span class='ocrx_word' id='word_1_115' title='bbox 1210 1262 1299 1301; x_wconf 77' lang='grc' dir='ltr'>Τεύ-</span> 
     </span>
     <span class='ocr_line' id='line_1_17' title="bbox 53 1321 1298 1379; baseline -0.002 -14"><span class='ocrx_word' id='word_1_116' title='bbox 53 1340 168 1379; x_wconf 78' lang='grc' dir='ltr'>χειρα</span> <span class='ocrx_word' id='word_1_117' title='bbox 191 1325 299 1365; x_wconf 86' lang='grc' dir='ltr'>στάδ.</span> <span class='ocrx_word' id='word_1_118' title='bbox 322 1323 433 1364; x_wconf 76' lang='grc' dir='ltr'>ον’...</span> <span class='ocrx_word' id='word_1_119' title='bbox 461 1323 563 1376; x_wconf 77' lang='grc' dir='ltr'>Αὕτη</span> <span class='ocrx_word' id='word_1_120' title='bbox 587 1322 765 1363; x_wconf 76' lang='grc' dir='ltr'>καλεῖται</span> <span class='ocrx_word' id='word_1_121' title='bbox 792 1321 976 1378; x_wconf 81' lang='grc' dir='ltr'><strong>Ἀρσινόη.</strong></span> <span class='ocrx_word' id='word_1_122' title='bbox 1007 1324 1151 1378; x_wconf 87' lang='lat' dir='ltr'><strong>Neque</strong></span> <span class='ocrx_word' id='word_1_123' title='bbox 1183 1323 1298 1363; x_wconf 88' lang='lat' dir='ltr'><strong>aliter</strong></span> 
     </span>
     <span class='ocr_line' id='line_1_18' title="bbox 57 1383 1296 1440; baseline -0.002 -14"><span class='ocrx_word' id='word_1_124' title='bbox 57 1386 370 1440; x_wconf 88' lang='lat' dir='ltr'><strong>intelligendum</strong></span> <span class='ocrx_word' id='word_1_125' title='bbox 396 1388 417 1436; x_wconf 63' lang='grc' dir='ltr'><strong>ς</strong></span> <span class='ocrx_word' id='word_1_126' title='bbox 442 1383 493 1437; x_wconf 88' lang='lat'><strong>95</strong></span> <span class='ocrx_word' id='word_1_127' title='bbox 515 1383 617 1424; x_wconf 91' lang='lat' dir='ltr'><strong>illud</strong></span> <span class='ocrx_word' id='word_1_128' title='bbox 639 1396 649 1424; x_wconf 89' lang='lat'><strong>:</strong></span> <span class='ocrx_word' id='word_1_129' title='bbox 678 1383 864 1424; x_wconf 77' lang='grc' dir='ltr'>Καλεῖται</span> <span class='ocrx_word' id='word_1_130' title='bbox 894 1383 1117 1440; x_wconf 85' lang='grc' dir='ltr'>Νεόσπορα.</span> <span class='ocrx_word' id='word_1_131' title='bbox 1145 1386 1296 1425; x_wconf 90' lang='lat' dir='ltr'><strong>Incon-</strong></span> 
     </span>
     <span class='ocr_line' id='line_1_19' title="bbox 58 1446 1296 1501; baseline -0.002 -13"><span class='ocrx_word' id='word_1_132' title='bbox 58 1449 182 1488; x_wconf 88' lang='lat' dir='ltr'><strong>cinna</strong></span> <span class='ocrx_word' id='word_1_133' title='bbox 203 1448 326 1496; x_wconf 87' lang='lat' dir='ltr'><strong>ratio,</strong></span> <span class='ocrx_word' id='word_1_134' title='bbox 348 1461 429 1501; x_wconf 92' lang='lat' dir='ltr'><strong>qua</strong></span> <span class='ocrx_word' id='word_1_135' title='bbox 449 1446 501 1486; x_wconf 91' lang='lat' dir='ltr'><strong>de</strong></span> <span class='ocrx_word' id='word_1_136' title='bbox 516 1446 579 1486; x_wconf 91' lang='lat' dir='ltr'><strong>his</strong></span> <span class='ocrx_word' id='word_1_137' title='bbox 600 1454 810 1497; x_wconf 88' lang='lat' dir='ltr'><strong>monetur,</strong></span> <span class='ocrx_word' id='word_1_138' title='bbox 830 1447 996 1487; x_wconf 88' lang='lat' dir='ltr'><strong>serioris</strong></span> <span class='ocrx_word' id='word_1_139' title='bbox 1011 1461 1158 1487; x_wconf 88' lang='lat' dir='ltr'><strong>manus</strong></span> <span class='ocrx_word' id='word_1_140' title='bbox 1180 1447 1296 1486; x_wconf 86' lang='lat' dir='ltr'><strong>addi-</strong></span> 
     </span>
     <span class='ocr_line' id='line_1_20' title="bbox 53 1508 1293 1564; baseline -0.002 -13"><span class='ocrx_word' id='word_1_141' title='bbox 53 1510 251 1551; x_wconf 83' lang='lat' dir='ltr'><strong>damenta</strong></span> <span class='ocrx_word' id='word_1_142' title='bbox 265 1509 464 1563; x_wconf 78' lang='lat' dir='ltr'>coarguit.</span> <span class='ocrx_word' id='word_1_143' title='bbox 482 1509 497 1562; x_wconf 80' lang='grc' dir='ltr'><strong>ΙΙ</strong></span> <span class='ocrx_word' id='word_1_144' title='bbox 521 1508 641 1549; x_wconf 82' lang='grc' dir='ltr'>--λε</span> <span class='ocrx_word' id='word_1_145' title='bbox 653 1524 674 1547; x_wconf 85' lang='grc' dir='ltr'>υ</span> <span class='ocrx_word' id='word_1_146' title='bbox 691 1508 798 1564; x_wconf 69' lang='grc' dir='ltr'>κον]</span> <span class='ocrx_word' id='word_1_147' title='bbox 815 1513 837 1561; x_wconf 68' lang='lat'>5</span> <span class='ocrx_word' id='word_1_148' title='bbox 854 1514 904 1563; x_wconf 89' lang='lat'><strong>67</strong></span> <span class='ocrx_word' id='word_1_149' title='bbox 925 1518 1011 1550; x_wconf 90' lang='lat' dir='ltr'><strong>erat</strong></span> <span class='ocrx_word' id='word_1_150' title='bbox 1031 1510 1120 1549; x_wconf 79' lang='grc' dir='ltr'>θῖνα</span> <span class='ocrx_word' id='word_1_151' title='bbox 1137 1509 1293 1560; x_wconf 80' lang='grc' dir='ltr'>λευκήν.</span> 
     </span>
     <span class='ocr_line' id='line_1_21' title="bbox 57 1569 1295 1625; baseline -0.002 -11"><span class='ocrx_word' id='word_1_152' title='bbox 57 1572 220 1614; x_wconf 86' lang='lat' dir='ltr'><strong>Deinde</strong></span> <span class='ocrx_word' id='word_1_153' title='bbox 237 1572 359 1613; x_wconf 86' lang='lat' dir='ltr'><strong>velim</strong></span> <span class='ocrx_word' id='word_1_154' title='bbox 379 1571 445 1612; x_wconf 74' lang='grc' dir='ltr'><strong>καὶ</strong></span> <span class='ocrx_word' id='word_1_155' title='bbox 463 1570 486 1622; x_wconf 82' lang='grc' dir='ltr'>ἣ</span> <span class='ocrx_word' id='word_1_156' title='bbox 503 1571 614 1618; x_wconf 87' lang='grc' dir='ltr'>πόλις</span> <span class='ocrx_word' id='word_1_157' title='bbox 631 1571 672 1610; x_wconf 83' lang='grc' dir='ltr'><strong>δέ</strong></span> <span class='ocrx_word' id='word_1_158' title='bbox 696 1569 790 1610; x_wconf 80' lang='grc' dir='ltr'>ἐστι.</span> <span class='ocrx_word' id='word_1_159' title='bbox 811 1595 868 1601; x_wconf 83' lang='grc'><strong>-</strong></span> <span class='ocrx_word' id='word_1_160' title='bbox 886 1570 1012 1625; x_wconf 89' lang='lat' dir='ltr'><strong>Apud</strong></span> <span class='ocrx_word' id='word_1_161' title='bbox 1030 1574 1295 1612; x_wconf 82' lang='lat' dir='ltr'><strong>Ptolemaeum</strong></span> 
     </span>
     <span class='ocr_line' id='line_1_22' title="bbox 52 1631 1298 1690; baseline -0.003 -15"><span class='ocrx_word' id='word_1_162' title='bbox 52 1643 150 1676; x_wconf 83' lang='lat' dir='ltr'><strong>ante</strong></span> <span class='ocrx_word' id='word_1_163' title='bbox 170 1635 321 1690; x_wconf 83' lang='lat' dir='ltr'><strong>Leptin</strong></span> <span class='ocrx_word' id='word_1_164' title='bbox 333 1641 588 1674; x_wconf 86' lang='lat' dir='ltr'><strong>memoratur</strong></span> <span class='ocrx_word' id='word_1_165' title='bbox 607 1631 777 1686; x_wconf 81' lang='grc' dir='ltr'>Βαραθία</span> <span class='ocrx_word' id='word_1_166' title='bbox 793 1639 833 1671; x_wconf 92' lang='lat' dir='ltr'><strong>et</strong></span> <span class='ocrx_word' id='word_1_167' title='bbox 845 1640 990 1685; x_wconf 90' lang='lat' dir='ltr'><strong>quarta</strong></span> <span class='ocrx_word' id='word_1_168' title='bbox 1010 1632 1161 1685; x_wconf 75' lang='lat' dir='ltr'><strong>gradus</strong></span> <span class='ocrx_word' id='word_1_169' title='bbox 1184 1642 1298 1686; x_wconf 86' lang='lat' dir='ltr'><strong>parte</strong></span> 
     </span>
     <span class='ocr_line' id='line_1_23' title="bbox 50 1693 1299 1749; baseline -0.005 -11"><span class='ocrx_word' id='word_1_170' title='bbox 50 1697 181 1738; x_wconf 58' lang='lat' dir='ltr'><strong>«ab-eo</strong></span> <span class='ocrx_word' id='word_1_171' title='bbox 201 1697 292 1738; x_wconf 89' lang='lat' dir='ltr'><strong>loco</strong></span> <span class='ocrx_word' id='word_1_172' title='bbox 308 1696 463 1736; x_wconf 89' lang='lat' dir='ltr'><strong>distans</strong></span> <span class='ocrx_word' id='word_1_173' title='bbox 488 1696 642 1735; x_wconf 86' lang='lat' dir='ltr'><strong>ostium</strong></span> <span class='ocrx_word' id='word_1_174' title='bbox 658 1693 836 1749; x_wconf 88' lang='lat' dir='ltr'><strong>Cinyphi</strong></span> <span class='ocrx_word' id='word_1_175' title='bbox 856 1694 997 1742; x_wconf 84' lang='lat' dir='ltr'><strong>fluvii,</strong></span> <span class='ocrx_word' id='word_1_176' title='bbox 1023 1693 1075 1733; x_wconf 92' lang='lat' dir='ltr'><strong>de</strong></span> <span class='ocrx_word' id='word_1_177' title='bbox 1096 1708 1180 1747; x_wconf 90' lang='lat' dir='ltr'><strong>quo</strong></span> <span class='ocrx_word' id='word_1_178' title='bbox 1206 1693 1299 1733; x_wconf 86' lang='lat' dir='ltr'><strong>vide</strong></span> 
     </span>
     <span class='ocr_line' id='line_1_24' title="bbox 57 1757 1297 1816; baseline -0.003 -14"><span class='ocrx_word' id='word_1_179' title='bbox 57 1770 199 1802; x_wconf 86' lang='lat' dir='ltr'><strong>notam</strong></span> <span class='ocrx_word' id='word_1_180' title='bbox 227 1760 281 1801; x_wconf 92' lang='lat' dir='ltr'><strong>ad</strong></span> <span class='ocrx_word' id='word_1_181' title='bbox 312 1760 466 1816; x_wconf 89' lang='lat' dir='ltr'><strong>Scylac.</strong></span> <span class='ocrx_word' id='word_1_182' title='bbox 503 1774 546 1813; x_wconf 91' lang='lat' dir='ltr'><strong>p.</strong></span> <span class='ocrx_word' id='word_1_183' title='bbox 585 1758 654 1800; x_wconf 88' lang='lat'><strong>85.</strong></span> <span class='ocrx_word' id='word_1_184' title='bbox 686 1758 801 1799; x_wconf 90' lang='lat' dir='ltr'><strong>Della</strong></span> <span class='ocrx_word' id='word_1_185' title='bbox 829 1757 938 1798; x_wconf 88' lang='lat' dir='ltr'><strong>Cella</strong></span> <span class='ocrx_word' id='word_1_186' title='bbox 969 1758 1103 1797; x_wconf 86' lang='lat' dir='ltr'><strong>viator</strong></span> <span class='ocrx_word' id='word_1_187' title='bbox 1125 1758 1297 1798; x_wconf 82' lang='lat' dir='ltr'><strong>fluvium</strong></span> 
     </span>
     <span class='ocr_line' id='line_1_25' title="bbox 54 1819 1300 1873; baseline -0.004 -8"><span class='ocrx_word' id='word_1_188' title='bbox 54 1838 172 1864; x_wconf 60' lang='lat' dir='ltr'><strong>&gt;nunc</strong></span> <span class='ocrx_word' id='word_1_189' title='bbox 204 1822 341 1863; x_wconf 88' lang='lat' dir='ltr'><strong>vocari</strong></span> <span class='ocrx_word' id='word_1_190' title='bbox 370 1822 427 1862; x_wconf 88' lang='lat' dir='ltr'><strong>ait</strong></span> <span class='ocrx_word' id='word_1_191' title='bbox 466 1824 656 1873; x_wconf 81' lang='lat' dir='ltr'><strong>Quaam;</strong></span> <span class='ocrx_word' id='word_1_192' title='bbox 677 1819 722 1860; x_wconf 92' lang='lat' dir='ltr'><strong>id</strong></span> <span class='ocrx_word' id='word_1_193' title='bbox 755 1833 907 1860; x_wconf 90' lang='lat' dir='ltr'><strong>nomen</strong></span> <span class='ocrx_word' id='word_1_194' title='bbox 941 1827 1126 1859; x_wconf 86' lang='lat' dir='ltr'><strong>sumtum</strong></span> <span class='ocrx_word' id='word_1_195' title='bbox 1158 1833 1243 1859; x_wconf 89' lang='lat' dir='ltr'><strong>esse</strong></span> <span class='ocrx_word' id='word_1_196' title='bbox 1277 1834 1300 1860; x_wconf 86' lang='lat' dir='ltr'><strong>a</strong></span> 
     </span>
     <span class='ocr_line' id='line_1_26' title="bbox 59 1881 1300 1938; baseline -0.003 -11"><span class='ocrx_word' id='word_1_197' title='bbox 59 1885 197 1926; x_wconf 82' lang='lat' dir='ltr'><strong>Ka&#39;an</strong></span> <span class='ocrx_word' id='word_1_198' title='bbox 214 1885 306 1925; x_wconf 90' lang='lat' dir='ltr'><strong>vico</strong></span> <span class='ocrx_word' id='word_1_199' title='bbox 321 1882 533 1938; x_wconf 89' lang='lat' dir='ltr'><strong>adjacente</strong></span> <span class='ocrx_word' id='word_1_200' title='bbox 552 1890 664 1923; x_wconf 86' lang='lat' dir='ltr'><strong>recte</strong></span> <span class='ocrx_word' id='word_1_201' title='bbox 688 1881 801 1922; x_wconf 90' lang='lat' dir='ltr'><strong>haud</strong></span> <span class='ocrx_word' id='word_1_202' title='bbox 824 1881 950 1922; x_wconf 87' lang='lat' dir='ltr'><strong>dubie</strong></span> <span class='ocrx_word' id='word_1_203' title='bbox 968 1881 1094 1923; x_wconf 86' lang='lat' dir='ltr'><strong>refert</strong></span> <span class='ocrx_word' id='word_1_204' title='bbox 1108 1883 1300 1923; x_wconf 88' lang='lat' dir='ltr'><strong>Barthius</strong></span> 
     </span>
     <span class='ocr_line' id='line_1_27' title="bbox 10 1944 1297 2002; baseline -0.003 -13"><span class='ocrx_word' id='word_1_205' title='bbox 10 1990 11 1993; x_wconf 65' lang='grc'>,</span> <span class='ocrx_word' id='word_1_206' title='bbox 58 1961 102 2002; x_wconf 90' lang='lat' dir='ltr'><strong>p.</strong></span> <span class='ocrx_word' id='word_1_207' title='bbox 126 1948 222 1988; x_wconf 85' lang='lat'><strong>316.</strong></span> <span class='ocrx_word' id='word_1_208' title='bbox 241 1947 397 1987; x_wconf 88' lang='lat' dir='ltr'><strong>Contra</strong></span> <span class='ocrx_word' id='word_1_209' title='bbox 410 1944 595 2000; x_wconf 89' lang='lat' dir='ltr'><strong>Beechey</strong></span> <span class='ocrx_word' id='word_1_210' title='bbox 614 1958 658 2000; x_wconf 90' lang='lat' dir='ltr'><strong>p.</strong></span> <span class='ocrx_word' id='word_1_211' title='bbox 678 1945 731 1986; x_wconf 91' lang='lat'><strong>80</strong></span> <span class='ocrx_word' id='word_1_212' title='bbox 760 1964 776 1979; x_wconf 72' lang='grc' dir='ltr'><strong>α</strong></span> <span class='ocrx_word' id='word_1_213' title='bbox 794 1945 884 1984; x_wconf 90' lang='lat' dir='ltr'><strong>The</strong></span> <span class='ocrx_word' id='word_1_214' title='bbox 899 1945 1128 1999; x_wconf 89' lang='lat' dir='ltr'><strong>Cinyphus,</strong></span> <span class='ocrx_word' id='word_1_215' title='bbox 1147 1946 1297 1999; x_wconf 89' lang='lat' dir='ltr'><strong>inquit,</strong></span> 
     </span>
     <span class='ocr_line' id='line_1_28' title="bbox 55 2005 1299 2057; baseline -0.001 -8"><span class='ocrx_word' id='word_1_216' title='bbox 55 2010 94 2049; x_wconf 81' lang='lat' dir='ltr'><strong>is</strong></span> <span class='ocrx_word' id='word_1_217' title='bbox 115 2023 212 2050; x_wconf 88' lang='lat' dir='ltr'><strong>now</strong></span> <span class='ocrx_word' id='word_1_218' title='bbox 241 2007 369 2049; x_wconf 91' lang='lat' dir='ltr'><strong>called</strong></span> <span class='ocrx_word' id='word_1_219' title='bbox 396 2007 464 2048; x_wconf 89' lang='lat' dir='ltr'><strong>the</strong></span> <span class='ocrx_word' id='word_1_220' title='bbox 481 2005 640 2049; x_wconf 90' lang='lat' dir='ltr'><strong>Wadie</strong></span> <span class='ocrx_word' id='word_1_221' title='bbox 669 2006 865 2055; x_wconf 73' lang='lat' dir='ltr'><strong>Khahan,</strong></span> <span class='ocrx_word' id='word_1_222' title='bbox 892 2021 940 2046; x_wconf 91' lang='lat' dir='ltr'><strong>or</strong></span> <span class='ocrx_word' id='word_1_223' title='bbox 966 2006 1082 2047; x_wconf 86' lang='lat' dir='ltr'><strong>weak</strong></span> <span class='ocrx_word' id='word_1_224' title='bbox 1112 2007 1235 2057; x_wconf 89' lang='lat' dir='ltr'><strong>river,</strong></span> <span class='ocrx_word' id='word_1_225' title='bbox 1257 2008 1299 2048; x_wconf 92' lang='lat' dir='ltr'><strong>in</strong></span> 
     </span>
     <span class='ocr_line' id='line_1_29' title="bbox 51 2068 1301 2123; baseline -0.002 -11"><span class='ocrx_word' id='word_1_226' title='bbox 51 2070 231 2112; x_wconf 81' lang='lat' dir='ltr'><strong>allusion</strong></span> <span class='ocrx_word' id='word_1_227' title='bbox 246 2078 289 2111; x_wconf 94' lang='lat' dir='ltr'><strong>to</strong></span> <span class='ocrx_word' id='word_1_228' title='bbox 305 2071 355 2110; x_wconf 92' lang='lat' dir='ltr'><strong>its</strong></span> <span class='ocrx_word' id='word_1_229' title='bbox 378 2068 557 2123; x_wconf 86' lang='lat' dir='ltr'><strong>sluggish</strong></span> <span class='ocrx_word' id='word_1_230' title='bbox 573 2082 718 2109; x_wconf 88' lang='lat' dir='ltr'><strong>course</strong></span> <span class='ocrx_word' id='word_1_231' title='bbox 744 2068 787 2108; x_wconf 92' lang='lat' dir='ltr'><strong>in</strong></span> <span class='ocrx_word' id='word_1_232' title='bbox 818 2082 1015 2118; x_wconf 84' lang='lat' dir='ltr'><strong>summer,</strong></span> <span class='ocrx_word' id='word_1_233' title='bbox 1040 2069 1198 2123; x_wconf 86' lang='lat' dir='ltr'><strong>though</strong></span> <span class='ocrx_word' id='word_1_234' title='bbox 1219 2070 1250 2110; x_wconf 91' lang='lat' dir='ltr'><strong>it</strong></span> <span class='ocrx_word' id='word_1_235' title='bbox 1268 2070 1301 2109; x_wconf 86' lang='lat' dir='ltr'><strong>is</strong></span> 
     </span>
     <span class='ocr_line' id='line_1_30' title="bbox 53 2129 1298 2184; baseline -0.002 -10"><span class='ocrx_word' id='word_1_236' title='bbox 53 2134 154 2184; x_wconf 79' lang='lat' dir='ltr'><strong>still,</strong></span> <span class='ocrx_word' id='word_1_237' title='bbox 180 2141 223 2174; x_wconf 89' lang='lat' dir='ltr'><strong>to</strong></span> <span class='ocrx_word' id='word_1_238' title='bbox 242 2147 266 2173; x_wconf 92' lang='lat' dir='ltr'><strong>a</strong></span> <span class='ocrx_word' id='word_1_239' title='bbox 279 2131 380 2173; x_wconf 86' lang='lat' dir='ltr'><strong>little</strong></span> <span class='ocrx_word' id='word_1_240' title='bbox 400 2130 584 2172; x_wconf 88' lang='lat' dir='ltr'><strong>distance</strong></span> <span class='ocrx_word' id='word_1_241' title='bbox 606 2129 765 2181; x_wconf 87' lang='lat' dir='ltr'><strong>inland,</strong></span> <span class='ocrx_word' id='word_1_242' title='bbox 787 2145 809 2171; x_wconf 87' lang='lat' dir='ltr'><strong>a</strong></span> <span class='ocrx_word' id='word_1_243' title='bbox 831 2130 1114 2171; x_wconf 86' lang='lat' dir='ltr'><strong>considerable</strong></span> <span class='ocrx_word' id='word_1_244' title='bbox 1131 2140 1298 2181; x_wconf 85' lang='lat' dir='ltr'><strong>stream,</strong></span> 
     </span>
     <span class='ocr_line' id='line_1_31' title="bbox 59 2192 1300 2250; baseline -0.004 -14"><span class='ocrx_word' id='word_1_245' title='bbox 59 2195 124 2236; x_wconf 86' lang='lat' dir='ltr'><strong>for</strong></span> <span class='ocrx_word' id='word_1_246' title='bbox 146 2196 227 2236; x_wconf 90' lang='lat' dir='ltr'><strong>this</strong></span> <span class='ocrx_word' id='word_1_247' title='bbox 245 2203 338 2250; x_wconf 88' lang='lat' dir='ltr'><strong>part</strong></span> <span class='ocrx_word' id='word_1_248' title='bbox 357 2193 406 2234; x_wconf 87' lang='lat' dir='ltr'><strong>of</strong></span> <span class='ocrx_word' id='word_1_249' title='bbox 423 2194 491 2234; x_wconf 92' lang='lat' dir='ltr'><strong>the</strong></span> <span class='ocrx_word' id='word_1_250' title='bbox 512 2192 660 2234; x_wconf 81' lang='lat' dir='ltr'><strong>world.</strong></span> <span class='ocrx_word' id='word_1_251' title='bbox 690 2212 706 2227; x_wconf 71' lang='lat' dir='ltr'>n</span> <span class='ocrx_word' id='word_1_252' title='bbox 737 2194 831 2247; x_wconf 91' lang='lat' dir='ltr'><strong>Ipse</strong></span> <span class='ocrx_word' id='word_1_253' title='bbox 853 2192 1048 2232; x_wconf 90' lang='lat' dir='ltr'><strong>Barthius</strong></span> <span class='ocrx_word' id='word_1_254' title='bbox 1064 2207 1215 2232; x_wconf 90' lang='lat' dir='ltr'><strong>nomen</strong></span> <span class='ocrx_word' id='word_1_255' title='bbox 1233 2207 1300 2232; x_wconf 90' lang='lat' dir='ltr'><strong>ac-</strong></span> 
     </span>
     <span class='ocr_line' id='line_1_32' title="bbox 55 2252 1302 2313; baseline -0.005 -15"><span class='ocrx_word' id='word_1_256' title='bbox 55 2259 168 2313; x_wconf 85' lang='lat' dir='ltr'><strong>cepit</strong></span> <span class='ocrx_word' id='word_1_257' title='bbox 190 2271 200 2298; x_wconf 71' lang='grc' dir='ltr'>ι</span> <span class='ocrx_word' id='word_1_258' title='bbox 223 2255 350 2297; x_wconf 74' lang='grc' dir='ltr'>οιιάάὶ</span> <span class='ocrx_word' id='word_1_259' title='bbox 370 2255 530 2307; x_wconf 65' lang='lat' dir='ltr'><strong>mag’a‘t·</strong></span> <span class='ocrx_word' id='word_1_260' title='bbox 543 2254 652 2307; x_wconf 79' lang='lat' dir='ltr'><strong>g&#39;rin</strong></span> <span class='ocrx_word' id='word_1_261' title='bbox 674 2253 778 2307; x_wconf 82' lang='lat' dir='ltr'><strong>(der</strong></span> <span class='ocrx_word' id='word_1_262' title='bbox 798 2258 930 2294; x_wconf 82' lang='lat' dir='ltr'><strong>Strom</strong></span> <span class='ocrx_word' id='word_1_263' title='bbox 951 2253 1029 2294; x_wconf 86' lang='lat' dir='ltr'><strong>mit</strong></span> <span class='ocrx_word' id='word_1_264' title='bbox 1047 2253 1123 2293; x_wconf 85' lang='lat' dir='ltr'><strong>den</strong></span> <span class='ocrx_word' id='word_1_265' title='bbox 1139 2252 1302 2309; x_wconf 80' lang='lat' dir='ltr'><strong>Sumps-</strong></span> 
     </span>
     <span class='ocr_line' id='line_1_33' title="bbox 61 2314 1300 2371; baseline -0.006 -12"><span class='ocrx_word' id='word_1_266' title='bbox 61 2320 214 2359; x_wconf 79' lang='lat' dir='ltr'><strong>lzoelzlen</strong></span> <span class='ocrx_word' id='word_1_267' title='bbox 230 2321 263 2371; x_wconf 92' lang='lat'><strong>).</strong></span> <span class='ocrx_word' id='word_1_268' title='bbox 281 2317 524 2358; x_wconf 81' lang='lat' dir='ltr'><strong>Ptolemaeus</strong></span> <span class='ocrx_word' id='word_1_269' title='bbox 542 2318 620 2366; x_wconf 91' lang='lat' dir='ltr'><strong>IV,</strong></span> <span class='ocrx_word' id='word_1_270' title='bbox 647 2317 670 2355; x_wconf 82' lang='lat'><strong>3</strong></span> <span class='ocrx_word' id='word_1_271' title='bbox 690 2329 734 2370; x_wconf 89' lang='lat' dir='ltr'><strong>p.</strong></span> <span class='ocrx_word' id='word_1_272' title='bbox 759 2314 838 2354; x_wconf 83' lang='lat'><strong>265</strong></span> <span class='ocrx_word' id='word_1_273' title='bbox 871 2314 969 2354; x_wconf 90' lang='lat' dir='ltr'><strong>oriri</strong></span> <span class='ocrx_word' id='word_1_274' title='bbox 988 2314 1162 2354; x_wconf 91' lang='lat' dir='ltr'><strong>fluvium</strong></span> <span class='ocrx_word' id='word_1_275' title='bbox 1189 2315 1244 2353; x_wconf 87' lang='lat' dir='ltr'><strong>ait</strong></span> <span class='ocrx_word' id='word_1_276' title='bbox 1259 2314 1300 2352; x_wconf 92' lang='lat' dir='ltr'><strong>in</strong></span> 
     </span>
     <span class='ocr_line' id='line_1_34' title="bbox 62 2375 1303 2432; baseline -0.006 -11"><span class='ocrx_word' id='word_1_277' title='bbox 62 2385 100 2422; x_wconf 93' lang='lat' dir='ltr'><em>Z</em></span> <span class='ocrx_word' id='word_1_278' title='bbox 103 2379 326 2421; x_wconf 78' lang='lat' dir='ltr'><strong>ucharbari</strong></span> <span class='ocrx_word' id='word_1_279' title='bbox 339 2387 494 2428; x_wconf 90' lang='lat' dir='ltr'><strong>monte,</strong></span> <span class='ocrx_word' id='word_1_280' title='bbox 507 2391 630 2432; x_wconf 90' lang='lat' dir='ltr'><strong>quem</strong></span> <span class='ocrx_word' id='word_1_281' title='bbox 639 2378 682 2417; x_wconf 90' lang='lat' dir='ltr'><strong>in</strong></span> <span class='ocrx_word' id='word_1_282' title='bbox 692 2381 765 2419; x_wconf 82' lang='lat'><strong>26⁰</strong></span> <span class='ocrx_word' id='word_1_283' title='bbox 777 2376 881 2417; x_wconf 86' lang='lat' dir='ltr'><strong>latit.</strong></span> <span class='ocrx_word' id='word_1_284' title='bbox 898 2377 1032 2431; x_wconf 90' lang='lat' dir='ltr'><strong>ponit,</strong></span> <span class='ocrx_word' id='word_1_285' title='bbox 1049 2375 1151 2415; x_wconf 92' lang='lat' dir='ltr'><strong>dum</strong></span> <span class='ocrx_word' id='word_1_286' title='bbox 1162 2390 1303 2430; x_wconf 85' lang='lat' dir='ltr'><strong>reapse</strong></span> 
     </span>
     <span class='ocr_line' id='line_1_35' title="bbox 59 2437 1303 2484; baseline -0.006 0"><span class='ocrx_word' id='word_1_287' title='bbox 59 2444 154 2484; x_wconf 80' lang='lat' dir='ltr'><strong>fons</strong></span> <span class='ocrx_word' id='word_1_288' title='bbox 168 2444 211 2482; x_wconf 92' lang='lat' dir='ltr'><strong>in</strong></span> <span class='ocrx_word' id='word_1_289' title='bbox 231 2442 333 2483; x_wconf 92' lang='lat' dir='ltr'><strong>colle</strong></span> <span class='ocrx_word' id='word_1_290' title='bbox 350 2442 401 2482; x_wconf 89' lang='lat' dir='ltr'><strong>sit</strong></span> <span class='ocrx_word' id='word_1_291' title='bbox 420 2442 488 2481; x_wconf 91' lang='lat' dir='ltr'><strong>vix</strong></span> <span class='ocrx_word' id='word_1_292' title='bbox 514 2441 565 2482; x_wconf 88' lang='lat'><strong>50</strong></span> <span class='ocrx_word' id='word_1_293' title='bbox 580 2439 710 2480; x_wconf 88' lang='lat' dir='ltr'><strong>stadia</strong></span> <span class='ocrx_word' id='word_1_294' title='bbox 729 2439 781 2479; x_wconf 90' lang='lat' dir='ltr'><strong>ab</strong></span> <span class='ocrx_word' id='word_1_295' title='bbox 801 2439 914 2479; x_wconf 87' lang='lat' dir='ltr'><strong>ostiis</strong></span> <span class='ocrx_word' id='word_1_296' title='bbox 930 2437 1121 2479; x_wconf 87' lang='lat' dir='ltr'><strong>distante.</strong></span> <span class='ocrx_word' id='word_1_297' title='bbox 1137 2438 1303 2479; x_wconf 89' lang='lat' dir='ltr'><strong>Fluvius</strong></span> 
     </span>
     <span class='ocr_line' id='line_1_36' title="bbox 60 2500 1300 2556; baseline -0.006 -9"><span class='ocrx_word' id='word_1_298' title='bbox 60 2507 103 2547; x_wconf 85' lang='lat' dir='ltr'><strong>in</strong></span> <span class='ocrx_word' id='word_1_299' title='bbox 123 2506 238 2547; x_wconf 88' lang='lat' dir='ltr'><strong>alveo</strong></span> <span class='ocrx_word' id='word_1_300' title='bbox 260 2505 412 2545; x_wconf 84' lang='lat' dir='ltr'><strong>labitur</strong></span> <span class='ocrx_word' id='word_1_301' title='bbox 427 2504 525 2553; x_wconf 88' lang='lat' dir='ltr'><strong>lato,</strong></span> <span class='ocrx_word' id='word_1_302' title='bbox 554 2502 738 2542; x_wconf 89' lang='lat' dir='ltr'><strong>cavernis</strong></span> <span class='ocrx_word' id='word_1_303' title='bbox 758 2503 1016 2556; x_wconf 89' lang='lat' dir='ltr'><strong>interrupto;</strong></span> <span class='ocrx_word' id='word_1_304' title='bbox 1038 2515 1144 2555; x_wconf 91' lang='lat' dir='ltr'><strong>aqua</strong></span> <span class='ocrx_word' id='word_1_305' title='bbox 1163 2500 1300 2555; x_wconf 91' lang='lat' dir='ltr'><strong>limpi-</strong></span> 
     </span>
     <span class='ocr_line' id='line_1_37' title="bbox 59 2563 1302 2618; baseline -0.005 -10"><span class='ocrx_word' id='word_1_306' title='bbox 59 2569 128 2618; x_wconf 88' lang='lat' dir='ltr'><strong>da,</strong></span> <span class='ocrx_word' id='word_1_307' title='bbox 161 2566 233 2607; x_wconf 87' lang='lat' dir='ltr'><strong>sed</strong></span> <span class='ocrx_word' id='word_1_308' title='bbox 253 2567 356 2607; x_wconf 91' lang='lat' dir='ltr'><strong>male</strong></span> <span class='ocrx_word' id='word_1_309' title='bbox 376 2580 489 2605; x_wconf 93' lang='lat' dir='ltr'><strong>nunc</strong></span> <span class='ocrx_word' id='word_1_310' title='bbox 514 2579 633 2615; x_wconf 82' lang='lat' dir='ltr'><strong>sana3</strong></span> <span class='ocrx_word' id='word_1_311' title='bbox 657 2579 746 2604; x_wconf 91' lang='lat' dir='ltr'><strong>eam</strong></span> <span class='ocrx_word' id='word_1_312' title='bbox 771 2563 978 2618; x_wconf 90' lang='lat' dir='ltr'><strong>Leptitani</strong></span> <span class='ocrx_word' id='word_1_313' title='bbox 997 2563 1039 2603; x_wconf 90' lang='lat' dir='ltr'><strong>in</strong></span> <span class='ocrx_word' id='word_1_314' title='bbox 1070 2563 1218 2603; x_wconf 87' lang='lat' dir='ltr'><strong>urbem</strong></span> <span class='ocrx_word' id='word_1_315' title='bbox 1237 2577 1302 2603; x_wconf 91' lang='lat' dir='ltr'><strong>ar-</strong></span> 
     </span>
     <span class='ocr_line' id='line_1_38' title="bbox 55 2624 1305 2682; baseline -0.006 -11"><span class='ocrx_word' id='word_1_316' title='bbox 55 2632 312 2672; x_wconf 88' lang='lat' dir='ltr'><strong>-cessiverunt</strong></span> <span class='ocrx_word' id='word_1_317' title='bbox 347 2627 613 2682; x_wconf 66' lang='lat' dir='ltr'><strong>aquaeductu,</strong></span> <span class='ocrx_word' id='word_1_318' title='bbox 653 2625 770 2680; x_wconf 89' lang='lat' dir='ltr'><strong>cujus</strong></span> <span class='ocrx_word' id='word_1_319' title='bbox 803 2633 963 2665; x_wconf 85' lang='lat' dir='ltr'><strong>exstant</strong></span> <span class='ocrx_word' id='word_1_320' title='bbox 998 2624 1164 2665; x_wconf 87' lang='lat' dir='ltr'><strong>rudera.</strong></span> <span class='ocrx_word' id='word_1_321' title='bbox 1204 2625 1305 2665; x_wconf 80' lang='lat' dir='ltr'><strong>Aliae</strong></span> 
     </span>
     <span class='ocr_line' id='line_1_39' title="bbox 60 2687 1303 2742; baseline -0.006 -8"><span class='ocrx_word' id='word_1_322' title='bbox 60 2695 182 2734; x_wconf 88' lang='lat' dir='ltr'><strong>etiam</strong></span> <span class='ocrx_word' id='word_1_323' title='bbox 206 2691 259 2733; x_wconf 92' lang='lat' dir='ltr'><strong>ad</strong></span> <span class='ocrx_word' id='word_1_324' title='bbox 281 2691 455 2731; x_wconf 90' lang='lat' dir='ltr'><strong>fluvium</strong></span> <span class='ocrx_word' id='word_1_325' title='bbox 486 2690 617 2729; x_wconf 87' lang='lat' dir='ltr'><strong>ruinae</strong></span> <span class='ocrx_word' id='word_1_326' title='bbox 644 2696 756 2738; x_wconf 91' lang='lat' dir='ltr'><strong>sunt,</strong></span> <span class='ocrx_word' id='word_1_327' title='bbox 782 2687 834 2727; x_wconf 89' lang='lat' dir='ltr'><strong>de</strong></span> <span class='ocrx_word' id='word_1_328' title='bbox 860 2687 1011 2742; x_wconf 90' lang='lat' dir='ltr'><strong>quibus</strong></span> <span class='ocrx_word' id='word_1_329' title='bbox 1035 2687 1092 2727; x_wconf 89' lang='lat' dir='ltr'><strong>ita</strong></span> <span class='ocrx_word' id='word_1_330' title='bbox 1112 2687 1303 2727; x_wconf 90' lang='lat' dir='ltr'><strong>Barthius</strong></span> 
     </span>
     <span class='ocr_line' id='line_1_40' title="bbox 63 2748 1304 2811; baseline -0.007 -13"><span class='ocrx_word' id='word_1_331' title='bbox 63 2771 106 2811; x_wconf 88' lang='lat' dir='ltr'><strong>p.</strong></span> <span class='ocrx_word' id='word_1_332' title='bbox 125 2757 203 2796; x_wconf 87' lang='lat'><strong>318</strong></span> <span class='ocrx_word' id='word_1_333' title='bbox 228 2768 237 2795; x_wconf 92' lang='lat'><strong>:</strong></span> <span class='ocrx_word' id='word_1_334' title='bbox 268 2771 284 2791; x_wconf 91' lang='lat'>«</span> <span class='ocrx_word' id='word_1_335' title='bbox 302 2751 685 2807; x_wconf 79' lang='lat' dir='ltr'><strong>Eigenthfimlicher</strong></span> <span class='ocrx_word' id='word_1_336' title='bbox 704 2750 760 2790; x_wconf 86' lang='lat' dir='ltr'><strong>als</strong></span> <span class='ocrx_word' id='word_1_337' title='bbox 780 2749 914 2790; x_wconf 86' lang='lat' dir='ltr'><strong>dieser</strong></span> <span class='ocrx_word' id='word_1_338' title='bbox 930 2748 1157 2804; x_wconf 78' lang='lat' dir='ltr'><strong>Aquadukt</strong></span> <span class='ocrx_word' id='word_1_339' title='bbox 1176 2750 1226 2790; x_wconf 92' lang='lat' dir='ltr'><strong>ist</strong></span> <span class='ocrx_word' id='word_1_340' title='bbox 1239 2751 1304 2790; x_wconf 88' lang='lat' dir='ltr'><strong>cin</strong></span> 
     </span>
     <span class='ocr_line' id='line_1_41' title="bbox 59 2811 1303 2866; baseline -0.006 -7"><span class='ocrx_word' id='word_1_341' title='bbox 59 2817 236 2859; x_wconf 86' lang='lat' dir='ltr'><strong>anderer</strong></span> <span class='ocrx_word' id='word_1_342' title='bbox 247 2817 323 2856; x_wconf 89' lang='lat' dir='ltr'><strong>mit</strong></span> <span class='ocrx_word' id='word_1_343' title='bbox 337 2815 432 2856; x_wconf 90' lang='lat' dir='ltr'><strong>dem</strong></span> <span class='ocrx_word' id='word_1_344' title='bbox 449 2815 565 2855; x_wconf 89' lang='lat' dir='ltr'><strong>Fluss</strong></span> <span class='ocrx_word' id='word_1_345' title='bbox 583 2811 1072 2866; x_wconf 87' lang='lat' dir='ltr'><strong>zusammenhaengender</strong></span> <span class='ocrx_word' id='word_1_346' title='bbox 1087 2814 1189 2852; x_wconf 87' lang='lat' dir='ltr'><strong>Bau.</strong></span> <span class='ocrx_word' id='word_1_347' title='bbox 1207 2814 1303 2852; x_wconf 90' lang='lat' dir='ltr'><strong>Man</strong></span> 
     </span>
     <span class='ocr_line' id='line_1_42' title="bbox 64 2874 1303 2930; baseline -0.006 -10"><span class='ocrx_word' id='word_1_348' title='bbox 64 2880 169 2920; x_wconf 89' lang='lat' dir='ltr'><strong>sieht</strong></span> <span class='ocrx_word' id='word_1_349' title='bbox 200 2878 391 2919; x_wconf 84' lang='lat' dir='ltr'><strong>naemlich</strong></span> <span class='ocrx_word' id='word_1_350' title='bbox 420 2877 526 2917; x_wconf 75' lang='lat' dir='ltr'><strong>fiber</strong></span> <span class='ocrx_word' id='word_1_351' title='bbox 555 2875 650 2930; x_wconf 81' lang='lat' dir='ltr'><strong>dem</strong></span> <span class='ocrx_word' id='word_1_352' title='bbox 683 2876 799 2916; x_wconf 90' lang='lat' dir='ltr'><strong>Fluss</strong></span> <span class='ocrx_word' id='word_1_353' title='bbox 828 2889 900 2915; x_wconf 90' lang='lat' dir='ltr'><strong>aus</strong></span> <span class='ocrx_word' id='word_1_354' title='bbox 930 2874 1303 2927; x_wconf 85' lang='lat' dir='ltr'><strong>ausgezeichnetem</strong></span> 
     </span>
     <span class='ocr_line' id='line_1_43' title="bbox 65 2932 1308 2994; baseline -0.003 -11"><span class='ocrx_word' id='word_1_355' title='bbox 65 2941 307 2994; x_wconf 85' lang='lat' dir='ltr'><strong>maechtigen</strong></span> <span class='ocrx_word' id='word_1_356' title='bbox 330 2932 617 2981; x_wconf 83' lang='lat' dir='ltr'><strong>Cementwerk</strong></span> <span class='ocrx_word' id='word_1_357' title='bbox 636 2938 895 2991; x_wconf 68' lang='lat' dir='ltr'><strong>ausgefslhrte</strong></span> <span class='ocrx_word' id='word_1_358' title='bbox 920 2941 1135 2978; x_wconf 78' lang='lat' dir='ltr'><strong>Terrassen</strong></span> <span class='ocrx_word' id='word_1_359' title='bbox 1149 2938 1308 2980; x_wconf 88' lang='lat' dir='ltr'><strong>hoechst</strong></span> 
     </span>
     <span class='ocr_line' id='line_1_44' title="bbox 62 2998 1306 3052; baseline -0.003 -8"><span class='ocrx_word' id='word_1_360' title='bbox 62 3003 345 3044; x_wconf 86' lang='lat' dir='ltr'><strong>sonderbaren</strong></span> <span class='ocrx_word' id='word_1_361' title='bbox 386 2999 656 3050; x_wconf 85' lang='lat' dir='ltr'><strong>Charakters,</strong></span> <span class='ocrx_word' id='word_1_362' title='bbox 705 2998 772 3039; x_wconf 90' lang='lat' dir='ltr'><strong>die</strong></span> <span class='ocrx_word' id='word_1_363' title='bbox 806 2998 995 3039; x_wconf 87' lang='lat' dir='ltr'><strong>offenbar</strong></span> <span class='ocrx_word' id='word_1_364' title='bbox 1033 2999 1306 3052; x_wconf 84' lang='lat' dir='ltr'><strong>Karthagisch</strong></span> 
     </span>
     <span class='ocr_line' id='line_1_45' title="bbox 69 3061 1304 3119; baseline -0.005 -12"><span class='ocrx_word' id='word_1_365' title='bbox 69 3065 154 3107; x_wconf 91' lang='lat' dir='ltr'><strong>und</strong></span> <span class='ocrx_word' id='word_1_366' title='bbox 175 3065 278 3106; x_wconf 91' lang='lat' dir='ltr'><strong>eben</strong></span> <span class='ocrx_word' id='word_1_367' title='bbox 293 3063 390 3119; x_wconf 86' lang='lat' dir='ltr'><strong>jene</strong></span> <span class='ocrx_word' id='word_1_368' title='bbox 409 3078 490 3103; x_wconf 89' lang='lat' dir='ltr'><strong>von</strong></span> <span class='ocrx_word' id='word_1_369' title='bbox 506 3062 653 3103; x_wconf 90' lang='lat' dir='ltr'><strong>Strabo</strong></span> <span class='ocrx_word' id='word_1_370' title='bbox 671 3061 995 3102; x_wconf 87' lang='lat' dir='ltr'><strong>beschriebenen</strong></span> <span class='ocrx_word' id='word_1_371' title='bbox 1015 3061 1178 3103; x_wconf 89' lang='lat' dir='ltr'><strong>Werke</strong></span> <span class='ocrx_word' id='word_1_372' title='bbox 1196 3062 1304 3112; x_wconf 89' lang='lat' dir='ltr'><strong>sind,</strong></span> 
     </span>
     <span class='ocr_line' id='line_1_46' title="bbox 63 3124 1308 3180; baseline -0.003 -11"><span class='ocrx_word' id='word_1_373' title='bbox 63 3128 201 3169; x_wconf 87' lang='lat' dir='ltr'><strong>durch</strong></span> <span class='ocrx_word' id='word_1_374' title='bbox 218 3127 371 3168; x_wconf 85' lang='lat' dir='ltr'><strong>welche</strong></span> <span class='ocrx_word' id='word_1_375' title='bbox 393 3125 460 3165; x_wconf 91' lang='lat' dir='ltr'><strong>die</strong></span> <span class='ocrx_word' id='word_1_376' title='bbox 489 3125 723 3178; x_wconf 89' lang='lat' dir='ltr'><strong>Karthager</strong></span> <span class='ocrx_word' id='word_1_377' title='bbox 745 3124 877 3177; x_wconf 87' lang='lat' dir='ltr'><strong>einige</strong></span> <span class='ocrx_word' id='word_1_378' title='bbox 899 3124 980 3164; x_wconf 90' lang='lat' dir='ltr'><strong>wol</strong></span> <span class='ocrx_word' id='word_1_379' title='bbox 1008 3124 1308 3180; x_wconf 78' lang='lat' dir='ltr'><strong>unzweifelhaft</strong></span> 
     </span>
     <span class='ocr_line' id='line_1_47' title="bbox 68 3185 1308 3240; baseline -0.001 -14"><span class='ocrx_word' id='word_1_380' title='bbox 68 3186 143 3226; x_wconf 88' lang='lat' dir='ltr'><strong>mit</strong></span> <span class='ocrx_word' id='word_1_381' title='bbox 161 3185 258 3226; x_wconf 86' lang='lat' dir='ltr'><strong>dem</strong></span> <span class='ocrx_word' id='word_1_382' title='bbox 274 3187 412 3228; x_wconf 89' lang='lat' dir='ltr'><strong>Flusse</strong></span> <span class='ocrx_word' id='word_1_383' title='bbox 432 3188 475 3227; x_wconf 91' lang='lat' dir='ltr'><strong>in</strong></span> <span class='ocrx_word' id='word_1_384' title='bbox 486 3186 764 3240; x_wconf 85' lang='lat' dir='ltr'><strong>Verbindung</strong></span> <span class='ocrx_word' id='word_1_385' title='bbox 779 3185 976 3226; x_wconf 87' lang='lat' dir='ltr'><strong>stehende</strong></span> <span class='ocrx_word' id='word_1_386' title='bbox 994 3185 1168 3226; x_wconf 90' lang='lat' dir='ltr'><strong>Hoehlen</strong></span> <span class='ocrx_word' id='word_1_387' title='bbox 1184 3186 1308 3226; x_wconf 74' lang='lat' dir='ltr'><strong>siber-</strong></span> 
     </span>
     <span class='ocr_line' id='line_1_48' title="bbox 42 3244 1310 3302; baseline 0.002 -15"><span class='ocrx_word' id='word_1_388' title='bbox 42 3244 271 3288; x_wconf 60' lang='lat' dir='ltr'><strong>&#39;brfickten</strong></span> <span class='ocrx_word' id='word_1_389' title='bbox 292 3257 370 3289; x_wconf 88' lang='lat' dir='ltr'><strong>etc.</strong></span> <span class='ocrx_word' id='word_1_390' title='bbox 396 3269 412 3284; x_wconf 68' lang='lat' dir='ltr'>n</span> <span class='ocrx_word' id='word_1_391' title='bbox 452 3250 618 3289; x_wconf 89' lang='lat' dir='ltr'><strong>Etenim</strong></span> <span class='ocrx_word' id='word_1_392' title='bbox 642 3249 790 3289; x_wconf 89' lang='lat' dir='ltr'><strong>Strabo</strong></span> <span class='ocrx_word' id='word_1_393' title='bbox 817 3262 860 3302; x_wconf 82' lang='lat' dir='ltr'><strong>p.</strong></span> <span class='ocrx_word' id='word_1_394' title='bbox 888 3249 967 3296; x_wconf 83' lang='grc'><strong>834</strong></span> <span class='ocrx_word' id='word_1_395' title='bbox 995 3260 1004 3288; x_wconf 90' lang='lat'><strong>:</strong></span> <span class='ocrx_word' id='word_1_396' title='bbox 1037 3247 1146 3299; x_wconf 82' lang='grc' dir='ltr'>Ἑξῆς</span> <span class='ocrx_word' id='word_1_397' title='bbox 1171 3249 1204 3286; x_wconf 82' lang='grc' dir='ltr'><strong>δ’</strong></span> <span class='ocrx_word' id='word_1_398' title='bbox 1226 3247 1310 3299; x_wconf 76' lang='grc' dir='ltr'>ἐστὶ</span> 
     </span>
     <span class='ocr_line' id='line_1_49' title="bbox 69 3309 1309 3365; baseline 0.002 -16"><span class='ocrx_word' id='word_1_399' title='bbox 69 3309 240 3363; x_wconf 73' lang='grc' dir='ltr'>ποταμὸς</span> <span class='ocrx_word' id='word_1_400' title='bbox 272 3309 285 3364; x_wconf 88' lang='grc'>(</span> <span class='ocrx_word' id='word_1_401' title='bbox 307 3311 467 3364; x_wconf 82' lang='grc' dir='ltr'>Κίνυφος</span> <span class='ocrx_word' id='word_1_402' title='bbox 507 3324 660 3349; x_wconf 88' lang='lat' dir='ltr'><strong>nomen</strong></span> <span class='ocrx_word' id='word_1_403' title='bbox 703 3309 856 3350; x_wconf 90' lang='lat' dir='ltr'><strong>excidit</strong></span> <span class='ocrx_word' id='word_1_404' title='bbox 875 3311 915 3362; x_wconf 90' lang='lat'><strong>)‚</strong></span> <span class='ocrx_word' id='word_1_405' title='bbox 956 3310 1021 3349; x_wconf 75' lang='grc' dir='ltr'><strong>καὶ</strong></span> <span class='ocrx_word' id='word_1_406' title='bbox 1061 3309 1157 3365; x_wconf 77' lang='grc' dir='ltr'>μετὰ</span> <span class='ocrx_word' id='word_1_407' title='bbox 1189 3314 1309 3351; x_wconf 80' lang='grc' dir='ltr'>ταῦτα</span> 
     </span>
     <span class='ocr_line' id='line_1_50' title="bbox 69 3369 1310 3427; baseline 0.002 -17"><span class='ocrx_word' id='word_1_408' title='bbox 69 3372 317 3426; x_wconf 78' lang='grc' dir='ltr'>διατείχισμά</span> <span class='ocrx_word' id='word_1_409' title='bbox 360 3387 421 3421; x_wconf 90' lang='grc' dir='ltr'>τι,</span> <span class='ocrx_word' id='word_1_410' title='bbox 451 3372 472 3410; x_wconf 83' lang='grc' dir='ltr'><strong>’ὸ</strong></span> <span class='ocrx_word' id='word_1_411' title='bbox 511 3369 692 3422; x_wconf 81' lang='grc' dir='ltr'>ἐποίησαν</span> <span class='ocrx_word' id='word_1_412' title='bbox 732 3371 1018 3424; x_wconf 73' lang='grc' dir='ltr'>Καρχηδόνιοι,</span> <span class='ocrx_word' id='word_1_413' title='bbox 1062 3376 1310 3427; x_wconf 70' lang='grc' dir='ltr'>γεφυροῦντες</span> 
     </span>
     <span class='ocr_line' id='line_1_51' title="bbox 66 3431 1310 3490; baseline 0.003 -18"><span class='ocrx_word' id='word_1_414' title='bbox 66 3434 243 3489; x_wconf 50' lang='grc' dir='ltr'>,βάραθρά</span> <span class='ocrx_word' id='word_1_415' title='bbox 263 3449 349 3474; x_wconf 87' lang='grc' dir='ltr'>τινα</span> <span class='ocrx_word' id='word_1_416' title='bbox 380 3433 430 3481; x_wconf 80' lang='grc' dir='ltr'><strong>εἷς</strong></span> <span class='ocrx_word' id='word_1_417' title='bbox 465 3431 535 3484; x_wconf 82' lang='grc' dir='ltr'><strong>τὴν</strong></span> <span class='ocrx_word' id='word_1_418' title='bbox 564 3434 697 3487; x_wconf 79' lang='grc' dir='ltr'>χώραν</span> <span class='ocrx_word' id='word_1_419' title='bbox 726 3432 932 3485; x_wconf 70' lang='grc' dir='ltr'>ἀνέχοντα.</span> <span class='ocrx_word' id='word_1_420' title='bbox 955 3433 1110 3473; x_wconf 87' lang='lat' dir='ltr'><strong>Eadem</strong></span> <span class='ocrx_word' id='word_1_421' title='bbox 1140 3435 1310 3490; x_wconf 81' lang='grc' dir='ltr'>βάραθρα</span> 
     </span>
     <span class='ocr_line' id='line_1_52' title="bbox 68 3493 1310 3551; baseline 0.002 -16"><span class='ocrx_word' id='word_1_422' title='bbox 68 3497 145 3536; x_wconf 86' lang='lat' dir='ltr'><strong>ista</strong></span> <span class='ocrx_word' id='word_1_423' title='bbox 177 3496 445 3551; x_wconf 87' lang='lat' dir='ltr'><strong>probabiliter</strong></span> <span class='ocrx_word' id='word_1_424' title='bbox 482 3495 674 3536; x_wconf 89' lang='lat' dir='ltr'><strong>Barthius</strong></span> <span class='ocrx_word' id='word_1_425' title='bbox 713 3493 887 3533; x_wconf 87' lang='lat' dir='ltr'><strong>indicari</strong></span> <span class='ocrx_word' id='word_1_426' title='bbox 931 3495 1163 3548; x_wconf 89' lang='lat' dir='ltr'><strong>suspicatur</strong></span> <span class='ocrx_word' id='word_1_427' title='bbox 1199 3497 1310 3551; x_wconf 90' lang='lat' dir='ltr'><strong>apud</strong></span> 
     </span>
     <span class='ocr_line' id='line_1_53' title="bbox 21 3554 1306 3613; baseline 0 -15"><span class='ocrx_word' id='word_1_428' title='bbox 21 3573 23 3577; x_wconf 59' lang='lat'><strong><em>⁴</em></strong></span> <span class='ocrx_word' id='word_1_429' title='bbox 71 3557 353 3609; x_wconf 78' lang='lat' dir='ltr'><strong>Ptolemaeum,</strong></span> <span class='ocrx_word' id='word_1_430' title='bbox 378 3558 450 3598; x_wconf 90' lang='lat' dir='ltr'><strong>ubi</strong></span> <span class='ocrx_word' id='word_1_431' title='bbox 481 3572 559 3612; x_wconf 90' lang='lat' dir='ltr'><strong>pro</strong></span> <span class='ocrx_word' id='word_1_432' title='bbox 582 3555 753 3611; x_wconf 81' lang='grc' dir='ltr'>Βαραθία</span> <span class='ocrx_word' id='word_1_433' title='bbox 774 3554 995 3608; x_wconf 87' lang='lat' dir='ltr'><strong>legendum</strong></span> <span class='ocrx_word' id='word_1_434' title='bbox 1018 3557 1096 3596; x_wconf 90' lang='lat' dir='ltr'><strong>erit</strong></span> <span class='ocrx_word' id='word_1_435' title='bbox 1114 3557 1306 3613; x_wconf 87' lang='grc' dir='ltr'>Βάραθρα,</span> 
     </span>
     <span class='ocr_line' id='line_1_54' title="bbox 72 3616 1310 3676; baseline 0.002 -17"><span class='ocrx_word' id='word_1_436' title='bbox 72 3622 335 3673; x_wconf 85' lang='lat' dir='ltr'><strong>quantumvis</strong></span> <span class='ocrx_word' id='word_1_437' title='bbox 344 3620 539 3673; x_wconf 84' lang='lat' dir='ltr'><strong>refragari</strong></span> <span class='ocrx_word' id='word_1_438' title='bbox 557 3618 743 3659; x_wconf 88' lang='lat' dir='ltr'><strong>videatur</strong></span> <span class='ocrx_word' id='word_1_439' title='bbox 752 3625 848 3658; x_wconf 90' lang='lat' dir='ltr'><strong>nota</strong></span> <span class='ocrx_word' id='word_1_440' title='bbox 863 3616 1079 3658; x_wconf 84' lang='lat' dir='ltr'><strong>distantiae.</strong></span> <span class='ocrx_word' id='word_1_441' title='bbox 1093 3642 1148 3649; x_wconf 85' lang='lat'>—</span> <span class='ocrx_word' id='word_1_442' title='bbox 1157 3621 1310 3676; x_wconf 89' lang='lat' dir='ltr'><strong>Cinyps</strong></span> 
     </span>
     <span class='ocr_line' id='line_1_55' title="bbox 69 3677 1310 3737; baseline 0.002 -17"><span class='ocrx_word' id='word_1_443' title='bbox 69 3681 221 3722; x_wconf 85' lang='lat' dir='ltr'><strong>fluvius</strong></span> <span class='ocrx_word' id='word_1_444' title='bbox 240 3696 371 3737; x_wconf 92' lang='lat' dir='ltr'><strong>quum</strong></span> <span class='ocrx_word' id='word_1_445' title='bbox 393 3697 417 3723; x_wconf 90' lang='lat' dir='ltr'><strong>a</strong></span> <span class='ocrx_word' id='word_1_446' title='bbox 439 3682 559 3736; x_wconf 90' lang='lat' dir='ltr'><strong>Lepti</strong></span> <span class='ocrx_word' id='word_1_447' title='bbox 578 3680 702 3720; x_wconf 87' lang='lat' dir='ltr'><strong>distet</strong></span> <span class='ocrx_word' id='word_1_448' title='bbox 725 3679 777 3719; x_wconf 91' lang='lat' dir='ltr'><strong>ad</strong></span> <span class='ocrx_word' id='word_1_449' title='bbox 799 3677 930 3719; x_wconf 85' lang='lat' dir='ltr'><strong>stadia</strong></span> <span class='ocrx_word' id='word_1_450' title='bbox 965 3681 1042 3720; x_wconf 93' lang='lat'><strong>180</strong></span> <span class='ocrx_word' id='word_1_451' title='bbox 1065 3692 1075 3719; x_wconf 74' lang='grc' dir='ltr'>ε</span> <span class='ocrx_word' id='word_1_452' title='bbox 1099 3682 1237 3722; x_wconf 90' lang='lat' dir='ltr'><strong>nescio</strong></span> <span class='ocrx_word' id='word_1_453' title='bbox 1258 3696 1310 3722; x_wconf 88' lang='lat' dir='ltr'><strong>an</strong></span> 
     </span>
     <span class='ocr_line' id='line_1_56' title="bbox 68 3740 1309 3798; baseline 0.002 -16"><span class='ocrx_word' id='word_1_454' title='bbox 68 3742 183 3798; x_wconf 80' lang='lat' dir='ltr'><strong>apud</strong></span> <span class='ocrx_word' id='word_1_455' title='bbox 202 3744 406 3798; x_wconf 81' lang='lat' dir='ltr'><strong>Scylacem</strong></span> <span class='ocrx_word' id='word_1_456' title='bbox 428 3744 480 3783; x_wconf 89' lang='lat' dir='ltr'><strong>sit</strong></span> <span class='ocrx_word' id='word_1_457' title='bbox 508 3742 727 3796; x_wconf 88' lang='lat' dir='ltr'><strong>legendum</strong></span> <span class='ocrx_word' id='word_1_458' title='bbox 746 3754 756 3781; x_wconf 78' lang='lat' dir='ltr'><strong>t</strong></span> <span class='ocrx_word' id='word_1_459' title='bbox 784 3740 858 3782; x_wconf 78' lang='grc' dir='ltr'><strong>ἀπὸ</strong></span> <span class='ocrx_word' id='word_1_460' title='bbox 875 3741 916 3781; x_wconf 79' lang='grc' dir='ltr'><strong>δὲ</strong></span> <span class='ocrx_word' id='word_1_461' title='bbox 940 3740 1038 3789; x_wconf 85' lang='grc' dir='ltr'>Νέας</span> <span class='ocrx_word' id='word_1_462' title='bbox 1052 3742 1201 3791; x_wconf 81' lang='grc' dir='ltr'>πόλεως</span> <span class='ocrx_word' id='word_1_463' title='bbox 1220 3743 1309 3785; x_wconf 83' lang='grc' dir='ltr'><em>ἀπέ-</em></span> 
     </span>
     <span class='ocr_line' id='line_1_57' title="bbox 73 3803 1309 3861; baseline 0.002 -16"><span class='ocrx_word' id='word_1_464' title='bbox 73 3819 137 3859; x_wconf 73' lang='grc' dir='ltr'>χει</span> <span class='ocrx_word' id='word_1_465' title='bbox 158 3809 172 3856; x_wconf 91' lang='grc'>(</span> <span class='ocrx_word' id='word_1_466' title='bbox 193 3806 345 3860; x_wconf 75' lang='lat' dir='ltr'><strong>Cinyps</strong></span> <span class='ocrx_word' id='word_1_467' title='bbox 365 3806 463 3845; x_wconf 80' lang='lat' dir='ltr'><strong>urbs</strong></span> <span class='ocrx_word' id='word_1_468' title='bbox 487 3805 661 3859; x_wconf 80' lang='lat' dir='ltr'><strong>Scylaeis</strong></span> <span class='ocrx_word' id='word_1_469' title='bbox 677 3812 793 3845; x_wconf 86' lang='lat' dir='ltr'><strong>aetate</strong></span> <span class='ocrx_word' id='word_1_470' title='bbox 815 3803 975 3844; x_wconf 88' lang='lat' dir='ltr'><strong>deserta</strong></span> <span class='ocrx_word' id='word_1_471' title='bbox 993 3806 1010 3858; x_wconf 93' lang='lat'><em>)</em></span> <span class='ocrx_word' id='word_1_472' title='bbox 1032 3804 1082 3852; x_wconf 83' lang='grc' dir='ltr'><strong>εἷς</strong></span> <span class='ocrx_word' id='word_1_473' title='bbox 1093 3804 1162 3856; x_wconf 84' lang='grc' dir='ltr'><strong>τὴν</strong></span> <span class='ocrx_word' id='word_1_474' title='bbox 1175 3807 1309 3861; x_wconf 76' lang='grc' dir='ltr'>Σύρτιν</span> 
     </span>
     <span class='ocr_line' id='line_1_58' title="bbox 76 3865 1307 3924; baseline 0.003 -20"><span class='ocrx_word' id='word_1_475' title='bbox 76 3866 212 3905; x_wconf 77' lang='grc' dir='ltr'>στάδια</span> <span class='ocrx_word' id='word_1_476' title='bbox 234 3865 274 3906; x_wconf 82' lang='grc' dir='ltr'><strong>π’</strong></span> <span class='ocrx_word' id='word_1_477' title='bbox 314 3866 395 3905; x_wconf 80' lang='grc' dir='ltr'><strong>καὶ</strong></span> <span class='ocrx_word' id='word_1_478' title='bbox 439 3865 617 3906; x_wconf 75' lang='grc' dir='ltr'>ἑκατόν</span> <span class='ocrx_word' id='word_1_479' title='bbox 632 3881 642 3889; x_wconf 90' lang='grc'><em>·</em></span> <span class='ocrx_word' id='word_1_480' title='bbox 686 3865 797 3906; x_wconf 78' lang='grc' dir='ltr'>ἔστι</span> <span class='ocrx_word' id='word_1_481' title='bbox 833 3866 914 3906; x_wconf 80' lang='grc' dir='ltr'><strong>καὶ</strong></span> <span class='ocrx_word' id='word_1_482' title='bbox 959 3867 1130 3922; x_wconf 78' lang='grc' dir='ltr'>ποταμὸς</span> <span class='ocrx_word' id='word_1_483' title='bbox 1173 3868 1307 3924; x_wconf 81' lang='grc' dir='ltr'>Κίνυψ,</span> 
     </span>
     <span class='ocr_line' id='line_1_59' title="bbox 74 3927 1308 3986; baseline 0.005 -20"><span class='ocrx_word' id='word_1_484' title='bbox 74 3941 254 3981; x_wconf 89' lang='lat' dir='ltr'><strong>quorum</strong></span> <span class='ocrx_word' id='word_1_485' title='bbox 278 3928 367 3967; x_wconf 93' lang='lat' dir='ltr'><strong>loco</strong></span> <span class='ocrx_word' id='word_1_486' title='bbox 394 3927 523 3968; x_wconf 85' lang='lat' dir='ltr'><strong>codex</strong></span> <span class='ocrx_word' id='word_1_487' title='bbox 550 3928 704 3974; x_wconf 85' lang='lat' dir='ltr'><strong>habet:</strong></span> <span class='ocrx_word' id='word_1_488' title='bbox 728 3929 863 3969; x_wconf 82' lang='grc' dir='ltr'>στάδιοι</span> <span class='ocrx_word' id='word_1_489' title='bbox 881 3927 933 3969; x_wconf 87' lang='grc' dir='ltr'><strong>π’·</strong></span> <span class='ocrx_word' id='word_1_490' title='bbox 960 3929 1022 3970; x_wconf 68' lang='grc' dir='ltr'><strong>ὑπ’</strong></span> <span class='ocrx_word' id='word_1_491' title='bbox 1043 3929 1156 3970; x_wconf 75' lang='grc' dir='ltr'>αὐτὸν</span> <span class='ocrx_word' id='word_1_492' title='bbox 1183 3929 1308 3986; x_wconf 88' lang='lat' dir='ltr'><strong>(deb.</strong></span> 
     </span>
     <span class='ocr_line' id='line_1_60' title="bbox 14 3988 1309 4047; baseline 0.004 -19"><span class='ocrx_word' id='word_1_493' title='bbox 14 3996 17 4010; x_wconf 58' lang='lat'>1</span> <span class='ocrx_word' id='word_1_494' title='bbox 73 3997 186 4029; x_wconf 81' lang='lat' dir='ltr'><strong>certe</strong></span> <span class='ocrx_word' id='word_1_495' title='bbox 204 3988 265 4029; x_wconf 75' lang='grc' dir='ltr'><strong>ὑπ’</strong></span> <span class='ocrx_word' id='word_1_496' title='bbox 290 3988 405 4041; x_wconf 70' lang='grc' dir='ltr'>αὐτὴν</span> <span class='ocrx_word' id='word_1_497' title='bbox 425 3989 438 4045; x_wconf 88' lang='grc'>)</span> <span class='ocrx_word' id='word_1_498' title='bbox 457 3990 490 4029; x_wconf 84' lang='grc' dir='ltr'><strong>δ’</strong></span> <span class='ocrx_word' id='word_1_499' title='bbox 513 3990 594 4031; x_wconf 77' lang='grc' dir='ltr'>ἐστὶ</span> <span class='ocrx_word' id='word_1_500' title='bbox 625 3989 799 4047; x_wconf 67' lang='grc' dir='ltr'>ποταμὸς</span> <span class='ocrx_word' id='word_1_501' title='bbox 827 3990 959 4046; x_wconf 75' lang='grc' dir='ltr'>Κῖνυψ.</span> <span class='ocrx_word' id='word_1_502' title='bbox 993 4015 1049 4022; x_wconf 93' lang='lat'><strong>--</strong></span> <span class='ocrx_word' id='word_1_503' title='bbox 1080 3994 1171 4032; x_wconf 88' lang='lat' dir='ltr'><strong>Jam</strong></span> <span class='ocrx_word' id='word_1_504' title='bbox 1198 3993 1309 4047; x_wconf 86' lang='lat' dir='ltr'><strong>quod</strong></span> 
     </span>
    </p>
   </div>
   <div class='ocr_carea' id='block_1_5' title="bbox 1359 176 2600 551">
    <p class='ocr_par' dir='ltr' id='par_1_5' title="bbox 2506 176 2591 222">
     <span class='ocr_line' id='line_1_61' title="bbox 2506 176 2591 222; baseline 0.024 -2"><span class='ocrx_word' id='word_1_505' title='bbox 2506 176 2591 222; x_wconf 75' lang='lat'><strong>46&#39;1</strong></span> 
     </span>
    </p>

    <p class='ocr_par' dir='ltr' id='par_1_6' title="bbox 1359 274 2600 551">
     <span class='ocr_line' id='line_1_62' title="bbox 1416 274 2600 331; baseline 0.001 -16"><span class='ocrx_word' id='word_1_506' title='bbox 1416 276 1486 328; x_wconf 84' lang='lat'><strong>93.</strong></span> <span class='ocrx_word' id='word_1_507' title='bbox 1522 275 1594 328; x_wconf 87' lang='lat' dir='ltr'><strong>[A</strong></span> <span class='ocrx_word' id='word_1_508' title='bbox 1620 275 1805 330; x_wconf 77' lang='lat' dir='ltr'><strong>cephalis</strong></span> <span class='ocrx_word' id='word_1_509' title='bbox 1827 274 1885 315; x_wconf 82' lang='lat' dir='ltr'><strong>ad</strong></span> <span class='ocrx_word' id='word_1_510' title='bbox 1897 275 2114 331; x_wconf 80' lang='lat' dir='ltr'><strong>Neapolim</strong></span> <span class='ocrx_word' id='word_1_511' title='bbox 2136 274 2279 315; x_wconf 80' lang='lat' dir='ltr'><strong>stadia</strong></span> <span class='ocrx_word' id='word_1_512' title='bbox 2298 274 2390 317; x_wconf 81' lang='lat'><strong>550.</strong></span> <span class='ocrx_word' id='word_1_513' title='bbox 2408 276 2423 330; x_wconf 75' lang='lat' dir='ltr'>j</span> <span class='ocrx_word' id='word_1_514' title='bbox 2484 278 2518 315; x_wconf 92' lang='lat' dir='ltr'>E</span> <span class='ocrx_word' id='word_1_515' title='bbox 2535 290 2600 330; x_wconf 88' lang='lat' dir='ltr'><strong>pe-</strong></span> 
     </span>
     <span class='ocr_line' id='line_1_63' title="bbox 1360 329 2594 386; baseline 0.001 -16"><span class='ocrx_word' id='word_1_516' title='bbox 1360 330 1450 382; x_wconf 87' lang='lat' dir='ltr'><strong>lago</strong></span> <span class='ocrx_word' id='word_1_517' title='bbox 1494 329 1699 370; x_wconf 89' lang='lat' dir='ltr'><strong>advehens</strong></span> <span class='ocrx_word' id='word_1_518' title='bbox 1738 329 1894 371; x_wconf 91' lang='lat' dir='ltr'><strong>videbis</strong></span> <span class='ocrx_word' id='word_1_519' title='bbox 1932 338 2084 370; x_wconf 91' lang='lat' dir='ltr'><strong>terram</strong></span> <span class='ocrx_word' id='word_1_520' title='bbox 2124 330 2348 380; x_wconf 88' lang='lat' dir='ltr'><strong>humilem,</strong></span> <span class='ocrx_word' id='word_1_521' title='bbox 2391 330 2594 386; x_wconf 86' lang='lat' dir='ltr'><strong>projectas</strong></span> 
     </span>
     <span class='ocr_line' id='line_1_64' title="bbox 1359 385 2598 441; baseline 0 -16"><span class='ocrx_word' id='word_1_522' title='bbox 1359 385 1578 426; x_wconf 89' lang='lat' dir='ltr'><strong>habentem</strong></span> <span class='ocrx_word' id='word_1_523' title='bbox 1593 386 1746 426; x_wconf 89' lang='lat' dir='ltr'><strong>insulas</strong></span> <span class='ocrx_word' id='word_1_524' title='bbox 1755 400 1899 440; x_wconf 87' lang='lat' dir='ltr'><strong>parvas</strong></span> <span class='ocrx_word' id='word_1_525' title='bbox 1912 401 1924 435; x_wconf 91' lang='lat'>;</span> <span class='ocrx_word' id='word_1_526' title='bbox 1945 386 2095 440; x_wconf 85' lang='lat' dir='ltr'><strong>quibus</strong></span> <span class='ocrx_word' id='word_1_527' title='bbox 2107 385 2177 426; x_wconf 88' lang='lat' dir='ltr'><strong>ubi</strong></span> <span class='ocrx_word' id='word_1_528' title='bbox 2189 387 2598 441; x_wconf 86' lang='lat' dir='ltr'><strong>appropinquaveris,</strong></span> 
     </span>
     <span class='ocr_line' id='line_1_65' title="bbox 1364 439 2599 496; baseline 0.002 -17"><span class='ocrx_word' id='word_1_529' title='bbox 1364 439 1520 480; x_wconf 89' lang='lat' dir='ltr'><strong>videbis</strong></span> <span class='ocrx_word' id='word_1_530' title='bbox 1544 441 1690 481; x_wconf 88' lang='lat' dir='ltr'><strong>urbem</strong></span> <span class='ocrx_word' id='word_1_531' title='bbox 1709 442 1812 481; x_wconf 89' lang='lat' dir='ltr'><strong>mari</strong></span> <span class='ocrx_word' id='word_1_532' title='bbox 1842 441 2124 482; x_wconf 86' lang='lat' dir='ltr'><strong>imminentem</strong></span> <span class='ocrx_word' id='word_1_533' title='bbox 2138 472 2150 492; x_wconf 91' lang='lat'><em>‚</em></span> <span class='ocrx_word' id='word_1_534' title='bbox 2175 441 2398 496; x_wconf 88' lang='lat' dir='ltr'><strong>albumque</strong></span> <span class='ocrx_word' id='word_1_535' title='bbox 2418 441 2599 482; x_wconf 89' lang='lat' dir='ltr'><strong>tumulo-</strong></span> 
     </span>
     <span class='ocr_line' id='line_1_66' title="bbox 1365 496 2600 551; baseline 0.002 -16"><span class='ocrx_word' id='word_1_536' title='bbox 1365 509 1460 535; x_wconf 87' lang='lat' dir='ltr'><strong>rum</strong></span> <span class='ocrx_word' id='word_1_537' title='bbox 1491 510 1540 536; x_wconf 91' lang='lat' dir='ltr'><strong>ex</strong></span> <span class='ocrx_word' id='word_1_538' title='bbox 1563 497 1696 536; x_wconf 89' lang='lat' dir='ltr'><strong>arenis</strong></span> <span class='ocrx_word' id='word_1_539' title='bbox 1729 497 2000 536; x_wconf 76' lang='lat' dir='ltr'><strong>conflatorum</strong></span> <span class='ocrx_word' id='word_1_540' title='bbox 2020 504 2196 537; x_wconf 89' lang='lat' dir='ltr'><strong>tractum</strong></span> <span class='ocrx_word' id='word_1_541' title='bbox 2214 506 2338 551; x_wconf 87' lang='lat' dir='ltr'><strong>atque</strong></span> <span class='ocrx_word' id='word_1_542' title='bbox 2360 497 2480 547; x_wconf 89' lang='lat' dir='ltr'><strong>litus;</strong></span> <span class='ocrx_word' id='word_1_543' title='bbox 2500 496 2600 537; x_wconf 87' lang='lat' dir='ltr'><strong>urbs</strong></span> 
     </span>
    </p>
   </div>
   <div class='ocr_carea' id='block_1_6' title="bbox 1366 648 2636 3426">
    <p class='ocr_par' dir='ltr' id='par_1_7' title="bbox 1366 648 2636 3426">
     <span class='ocr_line' id='line_1_67' title="bbox 1370 648 2601 704; baseline 0.004 -16"><span class='ocrx_word' id='word_1_544' title='bbox 1370 650 1517 703; x_wconf 86' lang='lat' dir='ltr'><strong>Leptin</strong></span> <span class='ocrx_word' id='word_1_545' title='bbox 1538 650 1698 699; x_wconf 87' lang='lat' dir='ltr'><strong>attinet,</strong></span> <span class='ocrx_word' id='word_1_546' title='bbox 1736 648 1783 689; x_wconf 81' lang='grc' dir='ltr'><strong>τὰ</strong></span> <span class='ocrx_word' id='word_1_547' title='bbox 1811 650 1939 701; x_wconf 84' lang='grc' dir='ltr'>νησία,</span> <span class='ocrx_word' id='word_1_548' title='bbox 1972 664 2063 704; x_wconf 85' lang='lat' dir='ltr'><strong>quae</strong></span> <span class='ocrx_word' id='word_1_549' title='bbox 2084 651 2233 690; x_wconf 89' lang='lat' dir='ltr'><strong>Noster</strong></span> <span class='ocrx_word' id='word_1_550' title='bbox 2257 660 2473 702; x_wconf 87' lang='lat' dir='ltr'><strong>memorat,</strong></span> <span class='ocrx_word' id='word_1_551' title='bbox 2493 667 2517 692; x_wconf 89' lang='lat' dir='ltr'><strong>a</strong></span> <span class='ocrx_word' id='word_1_552' title='bbox 2537 667 2601 693; x_wconf 86' lang='lat' dir='ltr'><strong>re·</strong></span> 
     </span>
     <span class='ocr_line' id='line_1_68' title="bbox 1367 710 2600 767; baseline 0.003 -18"><span class='ocrx_word' id='word_1_553' title='bbox 1367 710 1640 760; x_wconf 87' lang='lat' dir='ltr'><strong>centioribus,</strong></span> <span class='ocrx_word' id='word_1_554' title='bbox 1662 718 1862 764; x_wconf 89' lang='lat' dir='ltr'><strong>quantum</strong></span> <span class='ocrx_word' id='word_1_555' title='bbox 1894 712 2001 761; x_wconf 91' lang='lat' dir='ltr'><strong>scio,</strong></span> <span class='ocrx_word' id='word_1_556' title='bbox 2029 726 2114 751; x_wconf 85' lang='lat' dir='ltr'><strong>non</strong></span> <span class='ocrx_word' id='word_1_557' title='bbox 2147 720 2451 763; x_wconf 80' lang='lat' dir='ltr'><strong>memorantur3</strong></span> <span class='ocrx_word' id='word_1_558' title='bbox 2475 727 2600 767; x_wconf 86' lang='lat' dir='ltr'><strong>agno-</strong></span> 
     </span>
     <span class='ocr_line' id='line_1_69' title="bbox 1367 771 2598 828; baseline 0.005 -18"><span class='ocrx_word' id='word_1_559' title='bbox 1367 784 1478 811; x_wconf 90' lang='lat' dir='ltr'><strong>scere</strong></span> <span class='ocrx_word' id='word_1_560' title='bbox 1497 779 1633 811; x_wconf 88' lang='lat' dir='ltr'><strong>tamen</strong></span> <span class='ocrx_word' id='word_1_561' title='bbox 1652 771 1746 812; x_wconf 90' lang='lat' dir='ltr'><strong>licet</strong></span> <span class='ocrx_word' id='word_1_562' title='bbox 1765 772 1808 812; x_wconf 92' lang='lat' dir='ltr'><strong>in</strong></span> <span class='ocrx_word' id='word_1_563' title='bbox 1828 787 1977 828; x_wconf 88' lang='lat' dir='ltr'><strong>mappa</strong></span> <span class='ocrx_word' id='word_1_564' title='bbox 1996 773 2188 827; x_wconf 86' lang='lat' dir='ltr'><strong>Smythii,</strong></span> <span class='ocrx_word' id='word_1_565' title='bbox 2214 787 2306 827; x_wconf 85' lang='lat' dir='ltr'><strong>quae</strong></span> <span class='ocrx_word' id='word_1_566' title='bbox 2331 773 2570 816; x_wconf 87' lang='lat' dir='ltr'><strong>inscribitur</strong></span> <span class='ocrx_word' id='word_1_567' title='bbox 2587 789 2598 816; x_wconf 73' lang='grc' dir='ltr'>ε</span> 
     </span>
     <span class='ocr_line' id='line_1_70' title="bbox 1366 833 2600 889; baseline 0.006 -17"><span class='ocrx_word' id='word_1_568' title='bbox 1366 833 1501 873; x_wconf 78' lang='lat' dir='ltr'><strong>North</strong></span> <span class='ocrx_word' id='word_1_569' title='bbox 1522 837 1641 873; x_wconf 78' lang='lat' dir='ltr'><strong>Coast</strong></span> <span class='ocrx_word' id='word_1_570' title='bbox 1662 833 1717 886; x_wconf 84' lang='lat' dir='ltr'><strong>of</strong></span> <span class='ocrx_word' id='word_1_571' title='bbox 1722 833 1874 886; x_wconf 83' lang='lat' dir='ltr'><strong>Africa</strong></span> <span class='ocrx_word' id='word_1_572' title='bbox 1882 834 1998 887; x_wconf 85' lang='lat' dir='ltr'><strong>from</strong></span> <span class='ocrx_word' id='word_1_573' title='bbox 2027 834 2188 889; x_wconf 79' lang='lat' dir='ltr'><strong>Tripoli</strong></span> <span class='ocrx_word' id='word_1_574' title='bbox 2211 843 2252 874; x_wconf 81' lang='lat' dir='ltr'><strong>to</strong></span> <span class='ocrx_word' id='word_1_575' title='bbox 2275 838 2325 875; x_wconf 90' lang='lat' dir='ltr'><em>M</em></span> <span class='ocrx_word' id='word_1_576' title='bbox 2327 834 2503 878; x_wconf 61' lang='lat' dir='ltr'><strong>iss-atah.</strong></span> <span class='ocrx_word' id='word_1_577' title='bbox 2524 839 2600 878; x_wconf 87' lang='lat' dir='ltr'><strong>Ce-</strong></span> 
     </span>
     <span class='ocr_line' id='line_1_71' title="bbox 1367 895 2601 954; baseline 0.005 -20"><span class='ocrx_word' id='word_1_578' title='bbox 1367 901 1451 934; x_wconf 89' lang='lat' dir='ltr'><strong>tera</strong></span> <span class='ocrx_word' id='word_1_579' title='bbox 1468 895 1523 935; x_wconf 87' lang='lat' dir='ltr'><strong>ita</strong></span> <span class='ocrx_word' id='word_1_580' title='bbox 1539 895 1650 935; x_wconf 89' lang='lat' dir='ltr'><strong>locus</strong></span> <span class='ocrx_word' id='word_1_581' title='bbox 1670 897 1711 935; x_wconf 90' lang='lat' dir='ltr'><strong>in</strong></span> <span class='ocrx_word' id='word_1_582' title='bbox 1728 895 1955 936; x_wconf 88' lang='lat' dir='ltr'><strong>Stadiasmo</strong></span> <span class='ocrx_word' id='word_1_583' title='bbox 1970 896 2231 946; x_wconf 88' lang='lat' dir='ltr'><strong>describitur,</strong></span> <span class='ocrx_word' id='word_1_584' title='bbox 2248 905 2295 937; x_wconf 90' lang='lat' dir='ltr'><strong>ut</strong></span> <span class='ocrx_word' id='word_1_585' title='bbox 2311 912 2422 938; x_wconf 90' lang='lat' dir='ltr'><strong>nunc</strong></span> <span class='ocrx_word' id='word_1_586' title='bbox 2436 913 2601 954; x_wconf 90' lang='lat' dir='ltr'><strong>quoque</strong></span> 
     </span>
     <span class='ocr_line' id='line_1_72' title="bbox 1367 957 2599 1012; baseline 0.005 -16"><span class='ocrx_word' id='word_1_587' title='bbox 1367 965 1548 1010; x_wconf 89' lang='lat' dir='ltr'><strong>apparet.</strong></span> <span class='ocrx_word' id='word_1_588' title='bbox 1580 957 1691 997; x_wconf 88' lang='lat' dir='ltr'><strong>Urbs</strong></span> <span class='ocrx_word' id='word_1_589' title='bbox 1727 959 1802 1012; x_wconf 88' lang='lat' dir='ltr'><strong>ipsi</strong></span> <span class='ocrx_word' id='word_1_590' title='bbox 1833 957 1989 1012; x_wconf 87' lang='lat' dir='ltr'><strong>adjacet</strong></span> <span class='ocrx_word' id='word_1_591' title='bbox 2020 959 2144 1007; x_wconf 91' lang='lat' dir='ltr'><strong>mari;</strong></span> <span class='ocrx_word' id='word_1_592' title='bbox 2173 958 2292 1011; x_wconf 87' lang='lat' dir='ltr'><strong>juxta</strong></span> <span class='ocrx_word' id='word_1_593' title='bbox 2327 968 2422 1000; x_wconf 88' lang='lat' dir='ltr'><strong>sunt</strong></span> <span class='ocrx_word' id='word_1_594' title='bbox 2453 962 2599 1003; x_wconf 90' lang='lat' dir='ltr'><strong>tumuli</strong></span> 
     </span>
     <span class='ocr_line' id='line_1_73' title="bbox 1366 1019 2600 1074; baseline 0.007 -18"><span class='ocrx_word' id='word_1_595' title='bbox 1366 1032 1500 1058; x_wconf 84' lang='lat' dir='ltr'><strong>arenae</strong></span> <span class='ocrx_word' id='word_1_596' title='bbox 1518 1019 1633 1068; x_wconf 84' lang='lat' dir='ltr'><strong>albae,</strong></span> <span class='ocrx_word' id='word_1_597' title='bbox 1655 1019 1732 1059; x_wconf 90' lang='lat' dir='ltr'><strong>sub</strong></span> <span class='ocrx_word' id='word_1_598' title='bbox 1755 1034 1836 1074; x_wconf 89' lang='lat' dir='ltr'><strong>qua</strong></span> <span class='ocrx_word' id='word_1_599' title='bbox 1861 1019 1992 1073; x_wconf 87' lang='lat' dir='ltr'><strong>major</strong></span> <span class='ocrx_word' id='word_1_600' title='bbox 2014 1034 2108 1074; x_wconf 89' lang='lat' dir='ltr'><strong>pars</strong></span> <span class='ocrx_word' id='word_1_601' title='bbox 2126 1021 2342 1060; x_wconf 90' lang='lat' dir='ltr'><strong>ruinarum</strong></span> <span class='ocrx_word' id='word_1_602' title='bbox 2369 1021 2463 1063; x_wconf 89' lang='lat' dir='ltr'><strong>latet</strong></span> <span class='ocrx_word' id='word_1_603' title='bbox 2472 1039 2484 1073; x_wconf 81' lang='lat'>3</span> <span class='ocrx_word' id='word_1_604' title='bbox 2503 1023 2600 1064; x_wconf 89' lang='lat' dir='ltr'><strong>aedi-</strong></span> 
     </span>
     <span class='ocr_line' id='line_1_74' title="bbox 1367 1079 2601 1140; baseline 0.006 -21"><span class='ocrx_word' id='word_1_605' title='bbox 1367 1079 1458 1120; x_wconf 84' lang='lat' dir='ltr'><strong>ficia</strong></span> <span class='ocrx_word' id='word_1_606' title='bbox 1477 1095 1524 1120; x_wconf 89' lang='lat' dir='ltr'><strong>ex</strong></span> <span class='ocrx_word' id='word_1_607' title='bbox 1555 1081 1658 1121; x_wconf 87' lang='lat' dir='ltr'><strong>albo</strong></span> <span class='ocrx_word' id='word_1_608' title='bbox 1677 1082 1774 1122; x_wconf 91' lang='lat' dir='ltr'><strong>item</strong></span> <span class='ocrx_word' id='word_1_609' title='bbox 1804 1081 1939 1136; x_wconf 91' lang='lat' dir='ltr'><strong>lapide</strong></span> <span class='ocrx_word' id='word_1_610' title='bbox 1962 1090 2115 1122; x_wconf 90' lang='lat' dir='ltr'><strong>structa</strong></span> <span class='ocrx_word' id='word_1_611' title='bbox 2146 1091 2276 1123; x_wconf 89' lang='lat' dir='ltr'><strong>erant.</strong></span> <span class='ocrx_word' id='word_1_612' title='bbox 2302 1085 2431 1124; x_wconf 90' lang='lat' dir='ltr'><strong>Vetus</strong></span> <span class='ocrx_word' id='word_1_613' title='bbox 2455 1095 2601 1140; x_wconf 88' lang='lat' dir='ltr'><strong>portus</strong></span> 
     </span>
     <span class='ocr_line' id='line_1_75' title="bbox 1367 1143 2602 1199; baseline 0.006 -17"><span class='ocrx_word' id='word_1_614' title='bbox 1367 1143 1500 1182; x_wconf 86' lang='lat' dir='ltr'><strong>arenis</strong></span> <span class='ocrx_word' id='word_1_615' title='bbox 1519 1158 1632 1183; x_wconf 90' lang='lat' dir='ltr'><strong>nunc</strong></span> <span class='ocrx_word' id='word_1_616' title='bbox 1660 1143 1849 1184; x_wconf 88' lang='lat' dir='ltr'><strong>obrutus.</strong></span> <span class='ocrx_word' id='word_1_617' title='bbox 1877 1143 2062 1198; x_wconf 89' lang='lat' dir='ltr'><strong>Beechey</strong></span> <span class='ocrx_word' id='word_1_618' title='bbox 2088 1144 2277 1198; x_wconf 89' lang='lat' dir='ltr'><strong>Append.</strong></span> <span class='ocrx_word' id='word_1_619' title='bbox 2299 1159 2342 1199; x_wconf 91' lang='lat' dir='ltr'><strong>p.</strong></span> <span class='ocrx_word' id='word_1_620' title='bbox 2364 1147 2404 1185; x_wconf 92' lang='lat' dir='ltr'>V</span> <span class='ocrx_word' id='word_1_621' title='bbox 2429 1159 2438 1187; x_wconf 93' lang='lat'>:</span> <span class='ocrx_word' id='word_1_622' title='bbox 2471 1166 2488 1182; x_wconf 75' lang='grc' dir='ltr'>ι</span> <span class='ocrx_word' id='word_1_623' title='bbox 2512 1148 2602 1189; x_wconf 89' lang='lat' dir='ltr'><strong>The</strong></span> 
     </span>
     <span class='ocr_line' id='line_1_76' title="bbox 1367 1203 2602 1261; baseline 0.005 -17"><span class='ocrx_word' id='word_1_624' title='bbox 1367 1212 1461 1258; x_wconf 89' lang='lat' dir='ltr'><strong>port</strong></span> <span class='ocrx_word' id='word_1_625' title='bbox 1486 1205 1520 1244; x_wconf 93' lang='lat' dir='ltr'><strong>is</strong></span> <span class='ocrx_word' id='word_1_626' title='bbox 1535 1219 1631 1245; x_wconf 88' lang='lat' dir='ltr'><strong>now</strong></span> <span class='ocrx_word' id='word_1_627' title='bbox 1648 1203 1758 1245; x_wconf 87' lang='lat' dir='ltr'><strong>filled</strong></span> <span class='ocrx_word' id='word_1_628' title='bbox 1786 1219 1867 1260; x_wconf 86' lang='lat' dir='ltr'><strong>up;</strong></span> <span class='ocrx_word' id='word_1_629' title='bbox 1896 1205 1972 1246; x_wconf 90' lang='lat' dir='ltr'><strong>but</strong></span> <span class='ocrx_word' id='word_1_630' title='bbox 1990 1205 2104 1245; x_wconf 87' lang='lat' dir='ltr'><strong>there</strong></span> <span class='ocrx_word' id='word_1_631' title='bbox 2127 1207 2159 1245; x_wconf 91' lang='lat' dir='ltr'><strong>is</strong></span> <span class='ocrx_word' id='word_1_632' title='bbox 2175 1221 2198 1246; x_wconf 89' lang='lat' dir='ltr'><strong>a</strong></span> <span class='ocrx_word' id='word_1_633' title='bbox 2213 1207 2327 1246; x_wconf 91' lang='lat' dir='ltr'><strong>small</strong></span> <span class='ocrx_word' id='word_1_634' title='bbox 2349 1207 2461 1261; x_wconf 87' lang='lat' dir='ltr'><strong>place</strong></span> <span class='ocrx_word' id='word_1_635' title='bbox 2475 1209 2602 1250; x_wconf 78' lang='lat' dir='ltr'><strong>called</strong></span> 
     </span>
     <span class='ocr_line' id='line_1_77' title="bbox 1368 1266 2602 1323; baseline 0.007 -18"><span class='ocrx_word' id='word_1_636' title='bbox 1368 1267 1536 1306; x_wconf 74' lang='lat' dir='ltr'><strong>Mersalz</strong></span> <span class='ocrx_word' id='word_1_637' title='bbox 1565 1266 1769 1322; x_wconf 34' lang='lat' dir='ltr'><strong>&#39;Ligataln</strong></span> <span class='ocrx_word' id='word_1_638' title='bbox 1802 1282 1826 1307; x_wconf 89' lang='lat' dir='ltr'><strong>a</strong></span> <span class='ocrx_word' id='word_1_639' title='bbox 1859 1267 1954 1307; x_wconf 90' lang='lat' dir='ltr'><strong>mile</strong></span> <span class='ocrx_word' id='word_1_640' title='bbox 1984 1266 2066 1307; x_wconf 90' lang='lat' dir='ltr'><strong>and</strong></span> <span class='ocrx_word' id='word_1_641' title='bbox 2087 1282 2111 1307; x_wconf 90' lang='lat' dir='ltr'><strong>a</strong></span> <span class='ocrx_word' id='word_1_642' title='bbox 2137 1268 2225 1308; x_wconf 87' lang='lat' dir='ltr'><strong>half</strong></span> <span class='ocrx_word' id='word_1_643' title='bbox 2257 1268 2343 1323; x_wconf 89' lang='lat' dir='ltr'><strong>(ad</strong></span> <span class='ocrx_word' id='word_1_644' title='bbox 2365 1271 2602 1313; x_wconf 82' lang='lat' dir='ltr'><strong>Hermaeum</strong></span> 
     </span>
     <span class='ocr_line' id='line_1_78' title="bbox 1368 1327 2605 1388; baseline 0.005 -20"><span class='ocrx_word' id='word_1_645' title='bbox 1368 1342 1504 1382; x_wconf 89' lang='lat' dir='ltr'><strong>prom.</strong></span> <span class='ocrx_word' id='word_1_646' title='bbox 1523 1327 1556 1383; x_wconf 90' lang='lat'><strong>),</strong></span> <span class='ocrx_word' id='word_1_647' title='bbox 1578 1329 1716 1369; x_wconf 89' lang='lat' dir='ltr'><strong>where</strong></span> <span class='ocrx_word' id='word_1_648' title='bbox 1737 1328 1853 1369; x_wconf 87' lang='lat' dir='ltr'><strong>small</strong></span> <span class='ocrx_word' id='word_1_649' title='bbox 1875 1329 2020 1368; x_wconf 90' lang='lat' dir='ltr'><strong>vessels</strong></span> <span class='ocrx_word' id='word_1_650' title='bbox 2033 1343 2135 1384; x_wconf 21' lang='lat' dir='ltr'><strong>*may</strong></span> <span class='ocrx_word' id='word_1_651' title='bbox 2158 1329 2246 1369; x_wconf 85' lang='lat' dir='ltr'><strong>find</strong></span> <span class='ocrx_word' id='word_1_652' title='bbox 2275 1331 2439 1381; x_wconf 91' lang='lat' dir='ltr'><strong>shelter,</strong></span> <span class='ocrx_word' id='word_1_653' title='bbox 2461 1343 2605 1388; x_wconf 84' lang='lat' dir='ltr'><strong>except</strong></span> 
     </span>
     <span class='ocr_line' id='line_1_79' title="bbox 1369 1390 2604 1449; baseline 0.006 -20"><span class='ocrx_word' id='word_1_654' title='bbox 1369 1390 1468 1430; x_wconf 87' lang='lat' dir='ltr'><strong>with</strong></span> <span class='ocrx_word' id='word_1_655' title='bbox 1484 1390 1553 1431; x_wconf 91' lang='lat' dir='ltr'><strong>the</strong></span> <span class='ocrx_word' id='word_1_656' title='bbox 1567 1390 1681 1431; x_wconf 91' lang='lat' dir='ltr'><strong>wind</strong></span> <span class='ocrx_word' id='word_1_657' title='bbox 1697 1390 1804 1431; x_wconf 91' lang='lat' dir='ltr'><strong>from</strong></span> <span class='ocrx_word' id='word_1_658' title='bbox 1823 1391 1892 1431; x_wconf 87' lang='lat' dir='ltr'><strong>the</strong></span> <span class='ocrx_word' id='word_1_659' title='bbox 1907 1390 2122 1431; x_wconf 87' lang='lat' dir='ltr'><strong>eastward.</strong></span> <span class='ocrx_word' id='word_1_660' title='bbox 2149 1408 2164 1428; x_wconf 91' lang='lat'>»</span> <span class='ocrx_word' id='word_1_661' title='bbox 2190 1393 2252 1431; x_wconf 94' lang='lat' dir='ltr'><strong>De</strong></span> <span class='ocrx_word' id='word_1_662' title='bbox 2275 1391 2378 1432; x_wconf 88' lang='lat' dir='ltr'><strong>urbe</strong></span> <span class='ocrx_word' id='word_1_663' title='bbox 2399 1408 2438 1434; x_wconf 77' lang='lat' dir='ltr'><strong>v,</strong></span> <span class='ocrx_word' id='word_1_664' title='bbox 2461 1395 2604 1449; x_wconf 75' lang='lat' dir='ltr'><strong>Scylax</strong></span> 
     </span>
     <span class='ocr_line' id='line_1_80' title="bbox 1369 1452 2605 1508; baseline 0.003 -15"><span class='ocrx_word' id='word_1_665' title='bbox 1369 1466 1411 1506; x_wconf 89' lang='lat' dir='ltr'><strong>p.</strong></span> <span class='ocrx_word' id='word_1_666' title='bbox 1463 1452 1514 1494; x_wconf 88' lang='grc'><strong>85</strong></span> <span class='ocrx_word' id='word_1_667' title='bbox 1565 1453 1707 1508; x_wconf 90' lang='lat' dir='ltr'><strong>ibique</strong></span> <span class='ocrx_word' id='word_1_668' title='bbox 1751 1452 1905 1494; x_wconf 91' lang='lat' dir='ltr'><strong>laudati</strong></span> <span class='ocrx_word' id='word_1_669' title='bbox 1954 1461 1996 1493; x_wconf 91' lang='lat' dir='ltr'><strong>et</strong></span> <span class='ocrx_word' id='word_1_670' title='bbox 2034 1453 2191 1494; x_wconf 90' lang='lat' dir='ltr'><strong>Plinius</strong></span> <span class='ocrx_word' id='word_1_671' title='bbox 2230 1455 2292 1503; x_wconf 90' lang='lat' dir='ltr'><strong>V,</strong></span> <span class='ocrx_word' id='word_1_672' title='bbox 2344 1468 2415 1508; x_wconf 83' lang='lat'><strong>193</strong></span> <span class='ocrx_word' id='word_1_673' title='bbox 2465 1457 2605 1498; x_wconf 88' lang='lat' dir='ltr'><strong>Livius</strong></span> 
     </span>
     <span class='ocr_line' id='line_1_81' title="bbox 1369 1515 2603 1569; baseline 0.006 -16"><span class='ocrx_word' id='word_1_674' title='bbox 1369 1515 1568 1565; x_wconf 89' lang='lat' dir='ltr'><strong>XXXIV,</strong></span> <span class='ocrx_word' id='word_1_675' title='bbox 1608 1519 1683 1565; x_wconf 81' lang='lat'><strong>623</strong></span> <span class='ocrx_word' id='word_1_676' title='bbox 1723 1515 1884 1556; x_wconf 86' lang='lat' dir='ltr'><strong>Sallust.</strong></span> <span class='ocrx_word' id='word_1_677' title='bbox 1919 1517 2016 1569; x_wconf 82' lang='lat' dir='ltr'><strong>Jug.</strong></span> <span class='ocrx_word' id='word_1_678' title='bbox 2055 1518 2107 1569; x_wconf 88' lang='lat'><strong>78</strong></span> <span class='ocrx_word' id='word_1_679' title='bbox 2120 1532 2130 1565; x_wconf 93' lang='grc'><strong>;</strong></span> <span class='ocrx_word' id='word_1_680' title='bbox 2170 1516 2379 1556; x_wconf 88' lang='lat' dir='ltr'><strong>Ammian.</strong></span> <span class='ocrx_word' id='word_1_681' title='bbox 2422 1519 2603 1561; x_wconf 88' lang='lat' dir='ltr'><strong>Marcell.</strong></span> 
     </span>
     <span class='ocr_line' id='line_1_82' title="bbox 1369 1575 2602 1630; baseline 0.005 -15"><span class='ocrx_word' id='word_1_682' title='bbox 1369 1577 1570 1626; x_wconf 92' lang='lat' dir='ltr'><strong>XXVIII,</strong></span> <span class='ocrx_word' id='word_1_683' title='bbox 1598 1580 1645 1626; x_wconf 78' lang='lat'><strong>63</strong></span> <span class='ocrx_word' id='word_1_684' title='bbox 1673 1578 1849 1630; x_wconf 92' lang='lat' dir='ltr'><strong>Procop.</strong></span> <span class='ocrx_word' id='word_1_685' title='bbox 1875 1578 1939 1616; x_wconf 91' lang='lat' dir='ltr'><strong>De</strong></span> <span class='ocrx_word' id='word_1_686' title='bbox 1978 1575 2088 1617; x_wconf 85' lang='lat' dir='ltr'><strong>aedif.</strong></span> <span class='ocrx_word' id='word_1_687' title='bbox 2117 1579 2192 1627; x_wconf 90' lang='lat' dir='ltr'><strong>VI,</strong></span> <span class='ocrx_word' id='word_1_688' title='bbox 2212 1580 2253 1624; x_wconf 94' lang='grc'>4.</span> <span class='ocrx_word' id='word_1_689' title='bbox 2289 1578 2389 1619; x_wconf 91' lang='lat' dir='ltr'><strong>Bell.</strong></span> <span class='ocrx_word' id='word_1_690' title='bbox 2424 1579 2602 1623; x_wconf 88' lang='lat' dir='ltr'><strong>Vandal.</strong></span> 
     </span>
     <span class='ocr_line' id='line_1_83' title="bbox 1369 1638 2606 1686; baseline 0.006 -10"><span class='ocrx_word' id='word_1_691' title='bbox 1369 1639 1425 1686; x_wconf 86' lang='lat'><strong>11,</strong></span> <span class='ocrx_word' id='word_1_692' title='bbox 1438 1651 1486 1677; x_wconf 84' lang='lat'><strong>21</strong></span> <span class='ocrx_word' id='word_1_693' title='bbox 1497 1670 1505 1678; x_wconf 90' lang='lat'><strong>.</strong></span> <span class='ocrx_word' id='word_1_694' title='bbox 1523 1638 1585 1679; x_wconf 86' lang='lat' dir='ltr'><strong>Cf.</strong></span> <span class='ocrx_word' id='word_1_695' title='bbox 1602 1639 1723 1679; x_wconf 87' lang='lat' dir='ltr'><strong>etiam</strong></span> <span class='ocrx_word' id='word_1_696' title='bbox 1736 1638 1987 1679; x_wconf 83' lang='lat' dir='ltr'><strong>Abu-Obeid</strong></span> <span class='ocrx_word' id='word_1_697' title='bbox 2003 1638 2124 1679; x_wconf 88' lang='lat' dir='ltr'><strong>Bekri</strong></span> <span class='ocrx_word' id='word_1_698' title='bbox 2141 1640 2182 1678; x_wconf 91' lang='lat' dir='ltr'><strong>in</strong></span> <span class='ocrx_word' id='word_1_699' title='bbox 2196 1639 2365 1680; x_wconf 82' lang='lat' dir='ltr'><strong>Notices</strong></span> <span class='ocrx_word' id='word_1_700' title='bbox 2378 1649 2417 1680; x_wconf 84' lang='lat' dir='ltr'><strong>et</strong></span> <span class='ocrx_word' id='word_1_701' title='bbox 2428 1643 2606 1683; x_wconf 74' lang='lat' dir='ltr'><strong>extruits</strong></span> 
     </span>
     <span class='ocr_line' id='line_1_84' title="bbox 1371 1699 2606 1755; baseline 0.006 -17"><span class='ocrx_word' id='word_1_702' title='bbox 1371 1707 1473 1739; x_wconf 89' lang='lat' dir='ltr'><strong>tom.</strong></span> <span class='ocrx_word' id='word_1_703' title='bbox 1490 1700 1588 1749; x_wconf 94' lang='lat' dir='ltr'><strong>XII,</strong></span> <span class='ocrx_word' id='word_1_704' title='bbox 1609 1714 1650 1754; x_wconf 92' lang='lat' dir='ltr'><strong>p.</strong></span> <span class='ocrx_word' id='word_1_705' title='bbox 1685 1703 1781 1748; x_wconf 81' lang='grc'>410.</span> <span class='ocrx_word' id='word_1_706' title='bbox 1817 1699 1953 1740; x_wconf 87' lang='lat' dir='ltr'><strong>Edrisi</strong></span> <span class='ocrx_word' id='word_1_707' title='bbox 1976 1703 2011 1750; x_wconf 94' lang='lat' dir='ltr'><strong>I,</strong></span> <span class='ocrx_word' id='word_1_708' title='bbox 2044 1716 2087 1755; x_wconf 88' lang='lat' dir='ltr'><strong>p.</strong></span> <span class='ocrx_word' id='word_1_709' title='bbox 2111 1703 2207 1749; x_wconf 77' lang='grc'>284.</span> <span class='ocrx_word' id='word_1_710' title='bbox 2231 1703 2292 1742; x_wconf 89' lang='lat' dir='ltr'><strong>De</strong></span> <span class='ocrx_word' id='word_1_711' title='bbox 2324 1703 2455 1743; x_wconf 90' lang='lat' dir='ltr'><strong>ruinis</strong></span> <span class='ocrx_word' id='word_1_712' title='bbox 2478 1705 2606 1746; x_wconf 84' lang='lat' dir='ltr'><strong>multa</strong></span> 
     </span>
     <span class='ocr_line' id='line_1_85' title="bbox 1369 1761 2602 1821; baseline 0.006 -21"><span class='ocrx_word' id='word_1_713' title='bbox 1369 1761 1521 1814; x_wconf 82' lang='lat' dir='ltr'><strong>passim</strong></span> <span class='ocrx_word' id='word_1_714' title='bbox 1534 1761 1741 1814; x_wconf 88' lang='lat' dir='ltr'><strong>leguntur.</strong></span> <span class='ocrx_word' id='word_1_715' title='bbox 1762 1763 1852 1802; x_wconf 84' lang='lat' dir='ltr'><strong>Prae</strong></span> <span class='ocrx_word' id='word_1_716' title='bbox 1874 1763 2017 1802; x_wconf 90' lang='lat' dir='ltr'><strong>ceteris</strong></span> <span class='ocrx_word' id='word_1_717' title='bbox 2048 1763 2141 1802; x_wconf 89' lang='lat' dir='ltr'><strong>vide</strong></span> <span class='ocrx_word' id='word_1_718' title='bbox 2158 1763 2342 1818; x_wconf 89' lang='lat' dir='ltr'><strong>Beechey</strong></span> <span class='ocrx_word' id='word_1_719' title='bbox 2359 1779 2403 1819; x_wconf 88' lang='lat' dir='ltr'><strong>p.</strong></span> <span class='ocrx_word' id='word_1_720' title='bbox 2426 1764 2474 1805; x_wconf 84' lang='lat'><strong>51</strong></span> <span class='ocrx_word' id='word_1_721' title='bbox 2494 1781 2602 1821; x_wconf 77' lang='lat' dir='ltr'><strong>sqq.²</strong></span> 
     </span>
     <span class='ocr_line' id='line_1_86' title="bbox 1372 1823 2607 1880; baseline 0.006 -19"><span class='ocrx_word' id='word_1_722' title='bbox 1372 1837 1425 1875; x_wconf 68' lang='lat'><strong>74</strong></span> <span class='ocrx_word' id='word_1_723' title='bbox 1449 1837 1540 1877; x_wconf 89' lang='lat' dir='ltr'><strong>sqq.</strong></span> <span class='ocrx_word' id='word_1_724' title='bbox 1561 1831 1600 1863; x_wconf 92' lang='lat' dir='ltr'><strong>et</strong></span> <span class='ocrx_word' id='word_1_725' title='bbox 1624 1823 1767 1863; x_wconf 89' lang='lat' dir='ltr'><strong>Barth.</strong></span> <span class='ocrx_word' id='word_1_726' title='bbox 1788 1837 1831 1877; x_wconf 88' lang='lat' dir='ltr'><strong>p.</strong></span> <span class='ocrx_word' id='word_1_727' title='bbox 1856 1824 1951 1873; x_wconf 84' lang='lat'><strong>306,</strong></span> <span class='ocrx_word' id='word_1_728' title='bbox 1977 1838 2060 1877; x_wconf 93' lang='lat' dir='ltr'><strong>quo</strong></span> <span class='ocrx_word' id='word_1_729' title='bbox 2077 1824 2182 1864; x_wconf 89' lang='lat' dir='ltr'><strong>duce</strong></span> <span class='ocrx_word' id='word_1_730' title='bbox 2198 1826 2358 1879; x_wconf 88' lang='lat' dir='ltr'><strong>potiora</strong></span> <span class='ocrx_word' id='word_1_731' title='bbox 2375 1828 2516 1880; x_wconf 89' lang='lat' dir='ltr'><strong>paucis</strong></span> <span class='ocrx_word' id='word_1_732' title='bbox 2536 1829 2607 1869; x_wconf 90' lang='lat' dir='ltr'><strong>de-</strong></span> 
     </span>
     <span class='ocr_line' id='line_1_87' title="bbox 1371 1884 2609 1941; baseline 0.006 -17"><span class='ocrx_word' id='word_1_733' title='bbox 1371 1884 1548 1925; x_wconf 88' lang='lat' dir='ltr'><strong>lineabo.</strong></span> <span class='ocrx_word' id='word_1_734' title='bbox 1590 1885 1822 1925; x_wconf 89' lang='lat' dir='ltr'><strong>Ruinarum</strong></span> <span class='ocrx_word' id='word_1_735' title='bbox 1855 1885 1968 1926; x_wconf 91' lang='lat' dir='ltr'><strong>locus</strong></span> <span class='ocrx_word' id='word_1_736' title='bbox 1996 1886 2037 1925; x_wconf 92' lang='lat' dir='ltr'><strong>in</strong></span> <span class='ocrx_word' id='word_1_737' title='bbox 2058 1895 2218 1941; x_wconf 87' lang='lat' dir='ltr'><strong>partem</strong></span> <span class='ocrx_word' id='word_1_738' title='bbox 2245 1887 2539 1930; x_wconf 91' lang='lat' dir='ltr'><strong>occidentalem</strong></span> <span class='ocrx_word' id='word_1_739' title='bbox 2569 1899 2609 1931; x_wconf 88' lang='lat' dir='ltr'><strong>et</strong></span> 
     </span>
     <span class='ocr_line' id='line_1_88' title="bbox 1372 1946 2636 2004; baseline 0.005 -18"><span class='ocrx_word' id='word_1_740' title='bbox 1372 1946 1613 1987; x_wconf 84' lang='lat' dir='ltr'><strong>orientalem</strong></span> <span class='ocrx_word' id='word_1_741' title='bbox 1647 1946 1858 1988; x_wconf 90' lang='lat' dir='ltr'><strong>dirimitur</strong></span> <span class='ocrx_word' id='word_1_742' title='bbox 1894 1948 2159 1988; x_wconf 88' lang='lat' dir='ltr'><strong>interfluente</strong></span> <span class='ocrx_word' id='word_1_743' title='bbox 2182 1956 2378 1998; x_wconf 89' lang='lat' dir='ltr'><strong>torrente,</strong></span> <span class='ocrx_word' id='word_1_744' title='bbox 2403 1951 2474 2004; x_wconf 87' lang='lat' dir='ltr'><strong>qui</strong></span> <span class='ocrx_word' id='word_1_745' title='bbox 2496 1950 2609 1992; x_wconf 87' lang='lat' dir='ltr'><strong>alveo</strong></span> <span class='ocrx_word' id='word_1_746' title='bbox 2632 1960 2636 1963; x_wconf 88' lang='lat'>&#39;</span> 
     </span>
     <span class='ocr_line' id='line_1_89' title="bbox 1372 2009 2609 2065; baseline 0.004 -16"><span class='ocrx_word' id='word_1_747' title='bbox 1372 2023 1448 2049; x_wconf 92' lang='lat' dir='ltr'><strong>suo</strong></span> <span class='ocrx_word' id='word_1_748' title='bbox 1471 2009 1524 2050; x_wconf 88' lang='lat' dir='ltr'><strong>ad</strong></span> <span class='ocrx_word' id='word_1_749' title='bbox 1543 2024 1657 2050; x_wconf 90' lang='lat' dir='ltr'><strong>mare</strong></span> <span class='ocrx_word' id='word_1_750' title='bbox 1673 2010 1716 2050; x_wconf 89' lang='lat' dir='ltr'><strong>in</strong></span> <span class='ocrx_word' id='word_1_751' title='bbox 1746 2010 1885 2051; x_wconf 88' lang='lat' dir='ltr'><strong>sinum</strong></span> <span class='ocrx_word' id='word_1_752' title='bbox 1903 2009 2076 2051; x_wconf 90' lang='lat' dir='ltr'><strong>diducto</strong></span> <span class='ocrx_word' id='word_1_753' title='bbox 2097 2019 2264 2065; x_wconf 90' lang='lat' dir='ltr'><strong>portum</strong></span> <span class='ocrx_word' id='word_1_754' title='bbox 2281 2010 2431 2053; x_wconf 80' lang='lat' dir='ltr'><strong>effecit.</strong></span> <span class='ocrx_word' id='word_1_755' title='bbox 2453 2014 2609 2054; x_wconf 89' lang='lat' dir='ltr'><strong>Lateris</strong></span> 
     </span>
     <span class='ocr_line' id='line_1_90' title="bbox 1372 2070 2611 2126; baseline 0.002 -14"><span class='ocrx_word' id='word_1_756' title='bbox 1372 2070 1636 2112; x_wconf 88' lang='lat' dir='ltr'><strong>occidentalis</strong></span> <span class='ocrx_word' id='word_1_757' title='bbox 1659 2086 1753 2125; x_wconf 88' lang='lat' dir='ltr'><strong>pars</strong></span> <span class='ocrx_word' id='word_1_758' title='bbox 1777 2073 1880 2112; x_wconf 89' lang='lat' dir='ltr'><strong>mari</strong></span> <span class='ocrx_word' id='word_1_759' title='bbox 1904 2072 2095 2126; x_wconf 88' lang='lat' dir='ltr'><strong>proxima</strong></span> <span class='ocrx_word' id='word_1_760' title='bbox 2110 2072 2243 2112; x_wconf 88' lang='lat' dir='ltr'><strong>solum</strong></span> <span class='ocrx_word' id='word_1_761' title='bbox 2262 2072 2385 2112; x_wconf 91' lang='lat' dir='ltr'><strong>habet</strong></span> <span class='ocrx_word' id='word_1_762' title='bbox 2399 2073 2542 2114; x_wconf 88' lang='lat' dir='ltr'><strong>elatius</strong></span> <span class='ocrx_word' id='word_1_763' title='bbox 2570 2084 2611 2116; x_wconf 92' lang='lat' dir='ltr'><strong>et</strong></span> 
     </span>
     <span class='ocr_line' id='line_1_91' title="bbox 1372 2132 2609 2188; baseline 0.005 -17"><span class='ocrx_word' id='word_1_764' title='bbox 1372 2133 1414 2171; x_wconf 90' lang='lat' dir='ltr'><strong>in</strong></span> <span class='ocrx_word' id='word_1_765' title='bbox 1431 2132 1597 2187; x_wconf 85' lang='lat' dir='ltr'><strong>pelagus</strong></span> <span class='ocrx_word' id='word_1_766' title='bbox 1616 2147 1880 2186; x_wconf 87' lang='lat' dir='ltr'><strong>procurrens.</strong></span> <span class='ocrx_word' id='word_1_767' title='bbox 1905 2136 1952 2172; x_wconf 91' lang='lat' dir='ltr'><strong>In</strong></span> <span class='ocrx_word' id='word_1_768' title='bbox 1976 2148 2020 2173; x_wconf 90' lang='lat' dir='ltr'><strong>ea</strong></span> <span class='ocrx_word' id='word_1_769' title='bbox 2044 2142 2130 2173; x_wconf 90' lang='lat' dir='ltr'><strong>erat</strong></span> <span class='ocrx_word' id='word_1_770' title='bbox 2152 2133 2448 2188; x_wconf 85' lang='lat' dir='ltr'><strong>urbsantiqua,</strong></span> <span class='ocrx_word' id='word_1_771' title='bbox 2466 2150 2490 2176; x_wconf 90' lang='lat' dir='ltr'><strong>a</strong></span> <span class='ocrx_word' id='word_1_772' title='bbox 2511 2151 2609 2177; x_wconf 90' lang='lat' dir='ltr'><strong>con-</strong></span> 
     </span>
     <span class='ocr_line' id='line_1_92' title="bbox 1373 2193 2610 2248; baseline 0.003 -14"><span class='ocrx_word' id='word_1_773' title='bbox 1373 2195 1528 2234; x_wconf 89' lang='lat' dir='ltr'><strong>tinente</strong></span> <span class='ocrx_word' id='word_1_774' title='bbox 1550 2195 1676 2234; x_wconf 83' lang='lat' dir='ltr'><strong>ternis</strong></span> <span class='ocrx_word' id='word_1_775' title='bbox 1707 2195 1842 2235; x_wconf 88' lang='lat' dir='ltr'><strong>cincta</strong></span> <span class='ocrx_word' id='word_1_776' title='bbox 1861 2195 2039 2244; x_wconf 88' lang='lat' dir='ltr'><strong>moeniis,</strong></span> <span class='ocrx_word' id='word_1_777' title='bbox 2063 2209 2154 2248; x_wconf 87' lang='lat' dir='ltr'><strong>quae</strong></span> <span class='ocrx_word' id='word_1_778' title='bbox 2187 2193 2361 2234; x_wconf 91' lang='lat' dir='ltr'><strong>modicis</strong></span> <span class='ocrx_word' id='word_1_779' title='bbox 2391 2196 2610 2238; x_wconf 86' lang='lat' dir='ltr'><strong>intervallis</strong></span> 
     </span>
     <span class='ocr_line' id='line_1_93' title="bbox 1372 2256 2610 2311; baseline 0.002 -14"><span class='ocrx_word' id='word_1_780' title='bbox 1372 2257 1686 2311; x_wconf 83' lang='lat' dir='ltr'><strong>separabantur3</strong></span> <span class='ocrx_word' id='word_1_781' title='bbox 1708 2256 1836 2295; x_wconf 89' lang='lat' dir='ltr'><strong>moles</strong></span> <span class='ocrx_word' id='word_1_782' title='bbox 1850 2257 2034 2309; x_wconf 86' lang='lat' dir='ltr'><strong>ingentes</strong></span> <span class='ocrx_word' id='word_1_783' title='bbox 2056 2271 2078 2297; x_wconf 89' lang='lat' dir='ltr'><strong>e</strong></span> <span class='ocrx_word' id='word_1_784' title='bbox 2093 2257 2198 2297; x_wconf 86' lang='lat' dir='ltr'><strong>saxis</strong></span> <span class='ocrx_word' id='word_1_785' title='bbox 2221 2256 2429 2311; x_wconf 84' lang='lat' dir='ltr'><strong>quadratis</strong></span> <span class='ocrx_word' id='word_1_786' title='bbox 2447 2267 2610 2300; x_wconf 84' lang='lat' dir='ltr'><strong>structae</strong></span> 
     </span>
     <span class='ocr_line' id='line_1_94' title="bbox 1373 2318 2609 2375; baseline 0.003 -18"><span class='ocrx_word' id='word_1_787' title='bbox 1373 2319 1456 2358; x_wconf 87' lang='lat' dir='ltr'><strong>vim</strong></span> <span class='ocrx_word' id='word_1_788' title='bbox 1479 2319 1614 2359; x_wconf 85' lang='lat' dir='ltr'><strong>fluxus</strong></span> <span class='ocrx_word' id='word_1_789' title='bbox 1646 2318 1946 2372; x_wconf 80' lang='lat' dir='ltr'><strong>infringebant3</strong></span> <span class='ocrx_word' id='word_1_790' title='bbox 1972 2318 2048 2358; x_wconf 91' lang='lat' dir='ltr'><strong>alia</strong></span> <span class='ocrx_word' id='word_1_791' title='bbox 2076 2319 2334 2359; x_wconf 87' lang='lat' dir='ltr'><strong>munimenta</strong></span> <span class='ocrx_word' id='word_1_792' title='bbox 2352 2327 2482 2360; x_wconf 88' lang='lat' dir='ltr'><strong>tutam</strong></span> <span class='ocrx_word' id='word_1_793' title='bbox 2507 2335 2609 2375; x_wconf 83' lang='lat' dir='ltr'><strong>prae·</strong></span> 
     </span>
     <span class='ocr_line' id='line_1_95' title="bbox 1373 2379 2606 2432; baseline 0.003 -13"><span class='ocrx_word' id='word_1_794' title='bbox 1373 2380 1535 2420; x_wconf 90' lang='lat' dir='ltr'><strong>stabant</strong></span> <span class='ocrx_word' id='word_1_795' title='bbox 1566 2380 1618 2419; x_wconf 88' lang='lat' dir='ltr'><strong>ab</strong></span> <span class='ocrx_word' id='word_1_796' title='bbox 1661 2380 1793 2420; x_wconf 88' lang='lat' dir='ltr'><strong>hoste.</strong></span> <span class='ocrx_word' id='word_1_797' title='bbox 1825 2380 2041 2420; x_wconf 86' lang='lat' dir='ltr'><strong>Crescente</strong></span> <span class='ocrx_word' id='word_1_798' title='bbox 2074 2379 2292 2419; x_wconf 89' lang='lat' dir='ltr'><strong>hominum</strong></span> <span class='ocrx_word' id='word_1_799' title='bbox 2327 2380 2606 2432; x_wconf 88' lang='lat' dir='ltr'><strong>multitudine,</strong></span> 
     </span>
     <span class='ocr_line' id='line_1_96' title="bbox 1374 2441 2609 2496; baseline 0.002 -15"><span class='ocrx_word' id='word_1_800' title='bbox 1374 2441 1473 2481; x_wconf 89' lang='lat' dir='ltr'><strong>urbs</strong></span> <span class='ocrx_word' id='word_1_801' title='bbox 1492 2455 1613 2491; x_wconf 87' lang='lat' dir='ltr'><strong>nova,</strong></span> <span class='ocrx_word' id='word_1_802' title='bbox 1630 2442 1697 2481; x_wconf 78' lang='grc' dir='ltr'><strong>νέα</strong></span> <span class='ocrx_word' id='word_1_803' title='bbox 1719 2441 1842 2489; x_wconf 79' lang='grc' dir='ltr'>πόλις,</span> <span class='ocrx_word' id='word_1_804' title='bbox 1866 2449 1980 2480; x_wconf 86' lang='lat' dir='ltr'><strong>extra</strong></span> <span class='ocrx_word' id='word_1_805' title='bbox 1996 2455 2139 2480; x_wconf 90' lang='lat' dir='ltr'><strong>muros</strong></span> <span class='ocrx_word' id='word_1_806' title='bbox 2158 2455 2324 2495; x_wconf 79' lang='lat' dir='ltr'><strong>surgere</strong></span> <span class='ocrx_word' id='word_1_807' title='bbox 2348 2443 2485 2496; x_wconf 89' lang='lat' dir='ltr'><strong>coepit.</strong></span> <span class='ocrx_word' id='word_1_808' title='bbox 2505 2446 2609 2495; x_wconf 86' lang='lat' dir='ltr'><strong>Quae</strong></span> 
     </span>
     <span class='ocr_line' id='line_1_97' title="bbox 1374 2502 2606 2558; baseline 0.002 -15"><span class='ocrx_word' id='word_1_809' title='bbox 1374 2517 1503 2557; x_wconf 88' lang='lat' dir='ltr'><strong>quum</strong></span> <span class='ocrx_word' id='word_1_810' title='bbox 1526 2502 1792 2557; x_wconf 83' lang='lat' dir='ltr'><strong>postmodum</strong></span> <span class='ocrx_word' id='word_1_811' title='bbox 1812 2503 2057 2557; x_wconf 88' lang='lat' dir='ltr'><strong>metropolin</strong></span> <span class='ocrx_word' id='word_1_812' title='bbox 2082 2502 2364 2555; x_wconf 86' lang='lat' dir='ltr'><strong>magnitudine</strong></span> <span class='ocrx_word' id='word_1_813' title='bbox 2382 2514 2606 2558; x_wconf 88' lang='lat' dir='ltr'><strong>superaret,</strong></span> 
     </span>
     <span class='ocr_line' id='line_1_98' title="bbox 1375 2564 2611 2619; baseline 0.002 -14"><span class='ocrx_word' id='word_1_814' title='bbox 1375 2565 1526 2605; x_wconf 87' lang='lat' dir='ltr'><strong>factum</strong></span> <span class='ocrx_word' id='word_1_815' title='bbox 1554 2580 1640 2605; x_wconf 90' lang='lat' dir='ltr'><strong>esse</strong></span> <span class='ocrx_word' id='word_1_816' title='bbox 1665 2564 1843 2614; x_wconf 90' lang='lat' dir='ltr'><strong>videtur,</strong></span> <span class='ocrx_word' id='word_1_817' title='bbox 1876 2573 1923 2604; x_wconf 89' lang='lat' dir='ltr'><strong>ut</strong></span> <span class='ocrx_word' id='word_1_818' title='bbox 1950 2573 2035 2605; x_wconf 86' lang='lat' dir='ltr'><strong>tota</strong></span> <span class='ocrx_word' id='word_1_819' title='bbox 2072 2566 2386 2619; x_wconf 87' lang='lat' dir='ltr'><strong>Leptitanorum</strong></span> <span class='ocrx_word' id='word_1_820' title='bbox 2425 2567 2565 2607; x_wconf 87' lang='lat' dir='ltr'><strong>civitas</strong></span> <span class='ocrx_word' id='word_1_821' title='bbox 2587 2582 2611 2608; x_wconf 91' lang='lat' dir='ltr'><strong>a</strong></span> 
     </span>
     <span class='ocr_line' id='line_1_99' title="bbox 1375 2622 2609 2677; baseline 0.002 -11"><span class='ocrx_word' id='word_1_822' title='bbox 1375 2622 1597 2677; x_wconf 87' lang='lat' dir='ltr'><strong>nonnullis,</strong></span> <span class='ocrx_word' id='word_1_823' title='bbox 1630 2628 1783 2668; x_wconf 81' lang='lat' dir='ltr'><strong>Graecis</strong></span> <span class='ocrx_word' id='word_1_824' title='bbox 1812 2627 2005 2676; x_wconf 86' lang='lat' dir='ltr'><strong>maxime,</strong></span> <span class='ocrx_word' id='word_1_825' title='bbox 2036 2626 2229 2674; x_wconf 80' lang='grc' dir='ltr'>Νεάπολις</span> <span class='ocrx_word' id='word_1_826' title='bbox 2251 2635 2480 2668; x_wconf 89' lang='lat' dir='ltr'><strong>vocaretur.</strong></span> <span class='ocrx_word' id='word_1_827' title='bbox 2520 2630 2609 2669; x_wconf 84' lang='lat' dir='ltr'><strong>Pri-</strong></span> 
     </span>
     <span class='ocr_line' id='line_1_100' title="bbox 1375 2687 2611 2743; baseline 0.002 -14"><span class='ocrx_word' id='word_1_828' title='bbox 1375 2704 1490 2729; x_wconf 91' lang='lat' dir='ltr'><strong>mum</strong></span> <span class='ocrx_word' id='word_1_829' title='bbox 1522 2704 1628 2730; x_wconf 88' lang='lat' dir='ltr'><strong>nova</strong></span> <span class='ocrx_word' id='word_1_830' title='bbox 1660 2690 1760 2729; x_wconf 86' lang='lat' dir='ltr'><strong>urbs</strong></span> <span class='ocrx_word' id='word_1_831' title='bbox 1793 2697 1832 2729; x_wconf 89' lang='lat' dir='ltr'><strong>et</strong></span> <span class='ocrx_word' id='word_1_832' title='bbox 1867 2690 1953 2743; x_wconf 90' lang='lat' dir='ltr'><strong>ipsa</strong></span> <span class='ocrx_word' id='word_1_833' title='bbox 1986 2690 2028 2728; x_wconf 91' lang='lat' dir='ltr'><strong>in</strong></span> <span class='ocrx_word' id='word_1_834' title='bbox 2062 2687 2314 2728; x_wconf 86' lang='lat' dir='ltr'><strong>occidentale</strong></span> <span class='ocrx_word' id='word_1_835' title='bbox 2334 2689 2448 2728; x_wconf 86' lang='lat' dir='ltr'><strong>fluvii</strong></span> <span class='ocrx_word' id='word_1_836' title='bbox 2487 2689 2611 2731; x_wconf 90' lang='lat' dir='ltr'><strong>latere</strong></span> 
     </span>
     <span class='ocr_line' id='line_1_101' title="bbox 1375 2751 2608 2807; baseline 0.002 -16"><span class='ocrx_word' id='word_1_837' title='bbox 1375 2752 1580 2802; x_wconf 82' lang='lat' dir='ltr'><strong>substitit3</strong></span> <span class='ocrx_word' id='word_1_838' title='bbox 1606 2751 1756 2792; x_wconf 91' lang='lat' dir='ltr'><strong>deinde</strong></span> <span class='ocrx_word' id='word_1_839' title='bbox 1786 2751 2016 2806; x_wconf 88' lang='lat' dir='ltr'><strong>oppositam</strong></span> <span class='ocrx_word' id='word_1_840' title='bbox 2038 2765 2203 2805; x_wconf 89' lang='lat' dir='ltr'><strong>quoque</strong></span> <span class='ocrx_word' id='word_1_841' title='bbox 2227 2751 2359 2806; x_wconf 87' lang='lat' dir='ltr'><strong>ripam</strong></span> <span class='ocrx_word' id='word_1_842' title='bbox 2379 2754 2608 2807; x_wconf 86' lang='lat' dir='ltr'><strong>occupavit,</strong></span> 
     </span>
     <span class='ocr_line' id='line_1_102' title="bbox 1376 2813 2609 2869; baseline 0.002 -16"><span class='ocrx_word' id='word_1_843' title='bbox 1376 2815 1516 2869; x_wconf 92' lang='lat' dir='ltr'><strong>ibique</strong></span> <span class='ocrx_word' id='word_1_844' title='bbox 1549 2813 1724 2855; x_wconf 89' lang='lat' dir='ltr'><strong>subinde</strong></span> <span class='ocrx_word' id='word_1_845' title='bbox 1760 2823 1879 2854; x_wconf 89' lang='lat' dir='ltr'><strong>aucta</strong></span> <span class='ocrx_word' id='word_1_846' title='bbox 1911 2814 2081 2853; x_wconf 88' lang='lat' dir='ltr'><strong>ulterius</strong></span> <span class='ocrx_word' id='word_1_847' title='bbox 2106 2814 2258 2853; x_wconf 83' lang='lat' dir='ltr'><strong>moenia</strong></span> <span class='ocrx_word' id='word_1_848' title='bbox 2279 2814 2475 2867; x_wconf 74' lang='lat' dir='ltr'><strong>protulit:</strong></span> <span class='ocrx_word' id='word_1_849' title='bbox 2514 2830 2609 2856; x_wconf 89' lang='lat' dir='ltr'><strong>nam</strong></span> 
     </span>
     <span class='ocr_line' id='line_1_103' title="bbox 1376 2875 2612 2930; baseline 0.001 -13"><span class='ocrx_word' id='word_1_850' title='bbox 1376 2877 1559 2917; x_wconf 88' lang='lat' dir='ltr'><strong>duorum</strong></span> <span class='ocrx_word' id='word_1_851' title='bbox 1589 2891 1806 2917; x_wconf 89' lang='lat' dir='ltr'><strong>murorum</strong></span> <span class='ocrx_word' id='word_1_852' title='bbox 1830 2875 1982 2916; x_wconf 90' lang='lat' dir='ltr'><strong>rudera</strong></span> <span class='ocrx_word' id='word_1_853' title='bbox 2011 2876 2090 2915; x_wconf 91' lang='lat' dir='ltr'><strong>alio</strong></span> <span class='ocrx_word' id='word_1_854' title='bbox 2120 2884 2305 2930; x_wconf 89' lang='lat' dir='ltr'><strong>tempore</strong></span> <span class='ocrx_word' id='word_1_855' title='bbox 2333 2876 2460 2916; x_wconf 90' lang='lat' dir='ltr'><strong>alium</strong></span> <span class='ocrx_word' id='word_1_856' title='bbox 2490 2876 2612 2918; x_wconf 86' lang='lat' dir='ltr'><strong>fuisse</strong></span> 
     </span>
     <span class='ocr_line' id='line_1_104' title="bbox 1377 2936 2610 2992; baseline 0 -13"><span class='ocrx_word' id='word_1_857' title='bbox 1377 2939 1492 2979; x_wconf 91' lang='lat' dir='ltr'><strong>urbis</strong></span> <span class='ocrx_word' id='word_1_858' title='bbox 1507 2939 1707 2980; x_wconf 89' lang='lat' dir='ltr'><strong>ambitum</strong></span> <span class='ocrx_word' id='word_1_859' title='bbox 1718 2937 1958 2980; x_wconf 89' lang='lat' dir='ltr'><strong>ostendunt.</strong></span> <span class='ocrx_word' id='word_1_860' title='bbox 1969 2936 2255 2979; x_wconf 86' lang='lat' dir='ltr'><strong>AEdificiorum</strong></span> <span class='ocrx_word' id='word_1_861' title='bbox 2270 2938 2400 2979; x_wconf 84' lang='lat' dir='ltr'><strong>ruinae</strong></span> <span class='ocrx_word' id='word_1_862' title='bbox 2415 2939 2610 2992; x_wconf 79' lang='lat' dir='ltr'><strong>majorem</strong></span> 
     </span>
     <span class='ocr_line' id='line_1_105' title="bbox 1376 2999 2609 3057; baseline -0.002 -15"><span class='ocrx_word' id='word_1_863' title='bbox 1376 3011 1535 3057; x_wconf 89' lang='lat' dir='ltr'><strong>partem</strong></span> <span class='ocrx_word' id='word_1_864' title='bbox 1552 3016 1665 3042; x_wconf 91' lang='lat' dir='ltr'><strong>nunc</strong></span> <span class='ocrx_word' id='word_1_865' title='bbox 1694 3009 1922 3042; x_wconf 87' lang='lat' dir='ltr'><strong>cernuntur</strong></span> <span class='ocrx_word' id='word_1_866' title='bbox 1939 3001 1983 3040; x_wconf 91' lang='lat' dir='ltr'><strong>in</strong></span> <span class='ocrx_word' id='word_1_867' title='bbox 2006 3001 2096 3055; x_wconf 85' lang='lat' dir='ltr'><strong>ripa</strong></span> <span class='ocrx_word' id='word_1_868' title='bbox 2113 2999 2376 3050; x_wconf 90' lang='lat' dir='ltr'><strong>occidentale,</strong></span> <span class='ocrx_word' id='word_1_869' title='bbox 2396 3000 2467 3040; x_wconf 93' lang='lat' dir='ltr'><strong>ubi</strong></span> <span class='ocrx_word' id='word_1_870' title='bbox 2482 3015 2609 3054; x_wconf 88' lang='lat' dir='ltr'><strong>quum</strong></span> 
     </span>
     <span class='ocr_line' id='line_1_106' title="bbox 1378 3061 2610 3119; baseline -0.002 -14"><span class='ocrx_word' id='word_1_871' title='bbox 1378 3066 1511 3105; x_wconf 87' lang='lat' dir='ltr'><strong>arenis</strong></span> <span class='ocrx_word' id='word_1_872' title='bbox 1535 3073 1580 3104; x_wconf 92' lang='lat' dir='ltr'><strong>ut</strong></span> <span class='ocrx_word' id='word_1_873' title='bbox 1598 3065 1823 3119; x_wconf 89' lang='lat' dir='ltr'><strong>plurimum</strong></span> <span class='ocrx_word' id='word_1_874' title='bbox 1843 3077 1959 3118; x_wconf 83' lang='lat' dir='ltr'><strong>paene</strong></span> <span class='ocrx_word' id='word_1_875' title='bbox 1982 3070 2230 3115; x_wconf 81' lang='lat' dir='ltr'><strong>tegerentur,</strong></span> <span class='ocrx_word' id='word_1_876' title='bbox 2255 3061 2425 3101; x_wconf 88' lang='lat' dir='ltr'><strong>distrahi</strong></span> <span class='ocrx_word' id='word_1_877' title='bbox 2451 3076 2545 3101; x_wconf 89' lang='lat' dir='ltr'><strong>saxa</strong></span> <span class='ocrx_word' id='word_1_878' title='bbox 2558 3063 2610 3102; x_wconf 89' lang='lat' dir='ltr'><strong>ad</strong></span> 
     </span>
     <span class='ocr_line' id='line_1_107' title="bbox 1378 3122 2612 3179; baseline -0.002 -12"><span class='ocrx_word' id='word_1_879' title='bbox 1378 3127 1476 3167; x_wconf 90' lang='lat' dir='ltr'><strong>alios</strong></span> <span class='ocrx_word' id='word_1_880' title='bbox 1498 3142 1596 3167; x_wconf 88' lang='lat' dir='ltr'><strong>usus</strong></span> <span class='ocrx_word' id='word_1_881' title='bbox 1627 3126 1737 3167; x_wconf 87' lang='lat' dir='ltr'><strong>haud</strong></span> <span class='ocrx_word' id='word_1_882' title='bbox 1762 3126 1875 3166; x_wconf 87' lang='lat' dir='ltr'><strong>facile</strong></span> <span class='ocrx_word' id='word_1_883' title='bbox 1904 3133 2108 3179; x_wconf 87' lang='lat' dir='ltr'><strong>poterant.</strong></span> <span class='ocrx_word' id='word_1_884' title='bbox 2131 3122 2321 3163; x_wconf 88' lang='lat' dir='ltr'><strong>Ceterum</strong></span> <span class='ocrx_word' id='word_1_885' title='bbox 2342 3133 2612 3165; x_wconf 86' lang='lat' dir='ltr'><strong>monumenta</strong></span> 
     </span>
     <span class='ocr_line' id='line_1_108' title="bbox 1379 3185 2607 3243; baseline -0.005 -14"><span class='ocrx_word' id='word_1_886' title='bbox 1379 3190 1603 3242; x_wconf 84' lang='lat' dir='ltr'><strong>insigniora</strong></span> <span class='ocrx_word' id='word_1_887' title='bbox 1614 3188 1799 3243; x_wconf 89' lang='lat' dir='ltr'><strong>produnt</strong></span> <span class='ocrx_word' id='word_1_888' title='bbox 1808 3196 1993 3240; x_wconf 85' lang='lat' dir='ltr'><strong>tempora</strong></span> <span class='ocrx_word' id='word_1_889' title='bbox 2002 3186 2297 3239; x_wconf 88' lang='lat' dir='ltr'><strong>imperatorum</strong></span> <span class='ocrx_word' id='word_1_890' title='bbox 2310 3185 2607 3234; x_wconf 87' lang='lat' dir='ltr'><strong>Romanorum,</strong></span> 
     </span>
     <span class='ocr_line' id='line_1_109' title="bbox 1379 3245 2610 3306; baseline -0.004 -14"><span class='ocrx_word' id='word_1_891' title='bbox 1379 3252 1486 3292; x_wconf 85' lang='lat' dir='ltr'><strong>inter</strong></span> <span class='ocrx_word' id='word_1_892' title='bbox 1512 3265 1614 3306; x_wconf 91' lang='lat' dir='ltr'><strong>quos</strong></span> <span class='ocrx_word' id='word_1_893' title='bbox 1637 3250 1855 3304; x_wconf 87' lang='lat' dir='ltr'><strong>Septimius</strong></span> <span class='ocrx_word' id='word_1_894' title='bbox 1874 3249 2045 3289; x_wconf 89' lang='lat' dir='ltr'><strong>Severus</strong></span> <span class='ocrx_word' id='word_1_895' title='bbox 2076 3246 2260 3300; x_wconf 80' lang='lat' dir='ltr'><strong>apprime</strong></span> <span class='ocrx_word' id='word_1_896' title='bbox 2282 3245 2441 3295; x_wconf 91' lang='lat' dir='ltr'><strong>urbem,</strong></span> <span class='ocrx_word' id='word_1_897' title='bbox 2467 3255 2610 3300; x_wconf 87' lang='lat' dir='ltr'><strong>utpote</strong></span> 
     </span>
     <span class='ocr_line' id='line_1_110' title="bbox 1378 3307 2607 3367; baseline -0.003 -14"><span class='ocrx_word' id='word_1_898' title='bbox 1378 3314 1569 3367; x_wconf 88' lang='lat' dir='ltr'><strong>patriam,</strong></span> <span class='ocrx_word' id='word_1_899' title='bbox 1590 3325 1753 3352; x_wconf 88' lang='lat' dir='ltr'><strong>ornasse</strong></span> <span class='ocrx_word' id='word_1_900' title='bbox 1767 3308 1861 3364; x_wconf 91' lang='lat' dir='ltr'><strong>jure</strong></span> <span class='ocrx_word' id='word_1_901' title='bbox 1876 3317 2078 3349; x_wconf 86' lang='lat' dir='ltr'><strong>censetur.</strong></span> <span class='ocrx_word' id='word_1_902' title='bbox 2098 3309 2390 3362; x_wconf 87' lang='lat' dir='ltr'><strong>Imperatorem</strong></span> <span class='ocrx_word' id='word_1_903' title='bbox 2413 3307 2607 3361; x_wconf 89' lang='lat' dir='ltr'><strong>palatium</strong></span> 
     </span>
     <span class='ocr_line' id='line_1_111' title="bbox 1379 3368 2603 3426; baseline -0.003 -11"><span class='ocrx_word' id='word_1_904' title='bbox 1379 3375 1569 3415; x_wconf 88' lang='lat' dir='ltr'><strong>habuisse</strong></span> <span class='ocrx_word' id='word_1_905' title='bbox 1587 3374 1629 3413; x_wconf 92' lang='lat' dir='ltr'><strong>in</strong></span> <span class='ocrx_word' id='word_1_906' title='bbox 1651 3373 1769 3426; x_wconf 90' lang='lat' dir='ltr'><strong>Lepti</strong></span> <span class='ocrx_word' id='word_1_907' title='bbox 1795 3371 1912 3420; x_wconf 86' lang='lat' dir='ltr'><strong>urbe,</strong></span> <span class='ocrx_word' id='word_1_908' title='bbox 1935 3384 2058 3424; x_wconf 88' lang='lat' dir='ltr'><strong>quam</strong></span> <span class='ocrx_word' id='word_1_909' title='bbox 2082 3368 2176 3422; x_wconf 89' lang='lat' dir='ltr'><strong>jure</strong></span> <span class='ocrx_word' id='word_1_910' title='bbox 2197 3369 2337 3409; x_wconf 88' lang='lat' dir='ltr'><strong>Italico</strong></span> <span class='ocrx_word' id='word_1_911' title='bbox 2359 3368 2603 3420; x_wconf 88' lang='lat' dir='ltr'><strong>donaverat,</strong></span> 
     </span>
    </p>
   </div>
   <div class='ocr_carea' id='block_1_7' title="bbox 1335 3430 2611 3490">
    <p class='ocr_par' dir='ltr' id='par_1_8' title="bbox 1335 3430 2611 3490">
     <span class='ocr_line' id='line_1_112' title="bbox 1335 3430 2611 3490; baseline -0.005 -11"><span class='ocrx_word' id='word_1_912' title='bbox 1335 3479 1339 3482; x_wconf 17' lang='grc' dir='ltr'><strong><em>Δ</em></strong></span> <span class='ocrx_word' id='word_1_913' title='bbox 1380 3453 1402 3478; x_wconf 88' lang='lat' dir='ltr'><strong>a</strong></span> <span class='ocrx_word' id='word_1_914' title='bbox 1421 3437 1624 3490; x_wconf 87' lang='lat' dir='ltr'><strong>Procopio</strong></span> <span class='ocrx_word' id='word_1_915' title='bbox 1644 3433 1835 3489; x_wconf 85' lang='lat' dir='ltr'><strong>proditur</strong></span> <span class='ocrx_word' id='word_1_916' title='bbox 1854 3432 1941 3487; x_wconf 92' lang='lat' dir='ltr'><strong>(De</strong></span> <span class='ocrx_word' id='word_1_917' title='bbox 1957 3431 2063 3472; x_wconf 82' lang='lat' dir='ltr'><strong>aedis.</strong></span> <span class='ocrx_word' id='word_1_918' title='bbox 2083 3433 2159 3480; x_wconf 88' lang='lat' dir='ltr'><strong>VI,</strong></span> <span class='ocrx_word' id='word_1_919' title='bbox 2180 3434 2221 3479; x_wconf 91' lang='grc'>4.</span> <span class='ocrx_word' id='word_1_920' title='bbox 2240 3430 2271 3486; x_wconf 89' lang='grc'>).</span> <span class='ocrx_word' id='word_1_921' title='bbox 2293 3431 2447 3471; x_wconf 84' lang='lat' dir='ltr'><strong>Saeculo</strong></span> <span class='ocrx_word' id='word_1_922' title='bbox 2464 3441 2611 3486; x_wconf 91' lang='lat' dir='ltr'><strong>quarto</strong></span> 
     </span>
    </p>
   </div>
   <div class='ocr_carea' id='block_1_8' title="bbox 1380 3493 2612 4048">
    <p class='ocr_par' dir='ltr' id='par_1_9' title="bbox 1380 3493 2612 4048">
     <span class='ocr_line' id='line_1_113' title="bbox 1380 3493 2608 3550; baseline -0.005 -10"><span class='ocrx_word' id='word_1_923' title='bbox 1380 3500 1432 3540; x_wconf 89' lang='lat' dir='ltr'><strong>ab</strong></span> <span class='ocrx_word' id='word_1_924' title='bbox 1451 3497 1710 3540; x_wconf 87' lang='lat' dir='ltr'><strong>Austurianis</strong></span> <span class='ocrx_word' id='word_1_925' title='bbox 1748 3494 1953 3534; x_wconf 85' lang='lat' dir='ltr'><strong>devastata</strong></span> <span class='ocrx_word' id='word_1_926' title='bbox 1987 3493 2127 3547; x_wconf 88' lang='lat' dir='ltr'><strong>Leptis</strong></span> <span class='ocrx_word' id='word_1_927' title='bbox 2160 3494 2396 3545; x_wconf 86' lang='lat' dir='ltr'><strong>(Ammian.</strong></span> <span class='ocrx_word' id='word_1_928' title='bbox 2436 3496 2505 3543; x_wconf 85' lang='lat'><strong>28,</strong></span> <span class='ocrx_word' id='word_1_929' title='bbox 2535 3495 2608 3550; x_wconf 86' lang='lat'><strong>6),</strong></span> 
     </span>
     <span class='ocr_line' id='line_1_114' title="bbox 1380 3555 2610 3615; baseline -0.006 -13"><span class='ocrx_word' id='word_1_930' title='bbox 1380 3561 1572 3615; x_wconf 89' lang='lat' dir='ltr'><strong>deinceps</strong></span> <span class='ocrx_word' id='word_1_931' title='bbox 1593 3558 1722 3613; x_wconf 88' lang='lat' dir='ltr'><strong>jacuit</strong></span> <span class='ocrx_word' id='word_1_932' title='bbox 1743 3571 1873 3611; x_wconf 89' lang='lat' dir='ltr'><strong>usque</strong></span> <span class='ocrx_word' id='word_1_933' title='bbox 1909 3555 2010 3596; x_wconf 91' lang='lat' dir='ltr'><strong>dum</strong></span> <span class='ocrx_word' id='word_1_934' title='bbox 2043 3570 2066 3596; x_wconf 90' lang='lat' dir='ltr'><strong>a</strong></span> <span class='ocrx_word' id='word_1_935' title='bbox 2088 3555 2322 3596; x_wconf 81' lang='lat' dir='ltr'><strong>Justiniano</strong></span> <span class='ocrx_word' id='word_1_936' title='bbox 2357 3556 2610 3610; x_wconf 84' lang='lat' dir='ltr'><strong>aliquatenus</strong></span> 
     </span>
     <span class='ocr_line' id='line_1_115' title="bbox 1380 3617 2610 3673; baseline -0.006 -8"><span class='ocrx_word' id='word_1_937' title='bbox 1380 3625 1689 3670; x_wconf 88' lang='lat' dir='ltr'><strong>instauraretur,</strong></span> <span class='ocrx_word' id='word_1_938' title='bbox 1731 3620 1802 3673; x_wconf 87' lang='lat' dir='ltr'><strong>qui</strong></span> <span class='ocrx_word' id='word_1_939' title='bbox 1837 3633 1964 3672; x_wconf 85' lang='lat' dir='ltr'><strong>quum</strong></span> <span class='ocrx_word' id='word_1_940' title='bbox 2003 3617 2296 3658; x_wconf 86' lang='lat' dir='ltr'><strong>occidentalem</strong></span> <span class='ocrx_word' id='word_1_941' title='bbox 2338 3626 2495 3672; x_wconf 88' lang='lat' dir='ltr'><strong>partem</strong></span> <span class='ocrx_word' id='word_1_942' title='bbox 2525 3617 2610 3671; x_wconf 89' lang='lat' dir='ltr'><strong>jam</strong></span> 
     </span>
     <span class='ocr_line' id='line_1_116' title="bbox 1380 3678 2611 3735; baseline -0.006 -9"><span class='ocrx_word' id='word_1_943' title='bbox 1380 3685 1512 3726; x_wconf 89' lang='lat' dir='ltr'><strong>arenis</strong></span> <span class='ocrx_word' id='word_1_944' title='bbox 1534 3683 1724 3723; x_wconf 89' lang='lat' dir='ltr'><strong>obrutam</strong></span> <span class='ocrx_word' id='word_1_945' title='bbox 1746 3688 1996 3735; x_wconf 89' lang='lat' dir='ltr'><strong>portumque</strong></span> <span class='ocrx_word' id='word_1_946' title='bbox 2030 3678 2172 3720; x_wconf 84' lang='lat' dir='ltr'><strong>eadem</strong></span> <span class='ocrx_word' id='word_1_947' title='bbox 2195 3678 2248 3719; x_wconf 89' lang='lat' dir='ltr'><strong>de</strong></span> <span class='ocrx_word' id='word_1_948' title='bbox 2284 3694 2401 3720; x_wconf 88' lang='lat' dir='ltr'><strong>causa</strong></span> <span class='ocrx_word' id='word_1_949' title='bbox 2426 3679 2611 3719; x_wconf 90' lang='lat' dir='ltr'><strong>inutilem</strong></span> 
     </span>
     <span class='ocr_line' id='line_1_117' title="bbox 1381 3739 2611 3796; baseline -0.007 -9"><span class='ocrx_word' id='word_1_950' title='bbox 1381 3745 1622 3793; x_wconf 87' lang='lat' dir='ltr'><strong>offenderet,</strong></span> <span class='ocrx_word' id='word_1_951' title='bbox 1645 3743 1688 3783; x_wconf 89' lang='lat' dir='ltr'><strong>in</strong></span> <span class='ocrx_word' id='word_1_952' title='bbox 1703 3741 1889 3782; x_wconf 85' lang='lat' dir='ltr'><strong>orientali</strong></span> <span class='ocrx_word' id='word_1_953' title='bbox 1907 3749 2022 3796; x_wconf 90' lang='lat' dir='ltr'><strong>parte</strong></span> <span class='ocrx_word' id='word_1_954' title='bbox 2040 3749 2155 3781; x_wconf 90' lang='lat' dir='ltr'><strong>extra</strong></span> <span class='ocrx_word' id='word_1_955' title='bbox 2172 3739 2278 3780; x_wconf 82' lang='lat' dir='ltr'><strong>duos</strong></span> <span class='ocrx_word' id='word_1_956' title='bbox 2295 3748 2449 3779; x_wconf 88' lang='lat' dir='ltr'><strong>veteres</strong></span> <span class='ocrx_word' id='word_1_957' title='bbox 2471 3753 2611 3778; x_wconf 88' lang='lat' dir='ltr'><strong>muros</strong></span> 
     </span>
     <span class='ocr_line' id='line_1_118' title="bbox 1384 3801 2611 3861; baseline -0.008 -12"><span class='ocrx_word' id='word_1_958' title='bbox 1384 3809 1509 3861; x_wconf 89' lang='lat' dir='ltr'><strong>magis</strong></span> <span class='ocrx_word' id='word_1_959' title='bbox 1537 3806 1738 3846; x_wconf 84' lang='lat' dir='ltr'><strong>orientem</strong></span> <span class='ocrx_word' id='word_1_960' title='bbox 1770 3817 1910 3844; x_wconf 88' lang='lat' dir='ltr'><strong>versus</strong></span> <span class='ocrx_word' id='word_1_961' title='bbox 1945 3817 2052 3844; x_wconf 89' lang='lat' dir='ltr'><strong>nova</strong></span> <span class='ocrx_word' id='word_1_962' title='bbox 2087 3803 2240 3843; x_wconf 89' lang='lat' dir='ltr'><strong>moenia</strong></span> <span class='ocrx_word' id='word_1_963' title='bbox 2268 3801 2401 3850; x_wconf 85' lang='lat' dir='ltr'><strong>duxit,</strong></span> <span class='ocrx_word' id='word_1_964' title='bbox 2433 3813 2611 3854; x_wconf 88' lang='lat' dir='ltr'><strong>quorum</strong></span> 
     </span>
     <span class='ocr_line' id='line_1_119' title="bbox 1382 3863 2612 3923; baseline -0.007 -14"><span class='ocrx_word' id='word_1_965' title='bbox 1382 3876 1601 3923; x_wconf 87' lang='lat' dir='ltr'><strong>supersunt</strong></span> <span class='ocrx_word' id='word_1_966' title='bbox 1615 3866 1837 3921; x_wconf 87' lang='lat' dir='ltr'><strong>particulae.</strong></span> <span class='ocrx_word' id='word_1_967' title='bbox 1859 3888 1914 3896; x_wconf 86' lang='lat'>-</span> <span class='ocrx_word' id='word_1_968' title='bbox 1932 3867 2095 3913; x_wconf 87' lang='lat' dir='ltr'><strong>Portus,</strong></span> <span class='ocrx_word' id='word_1_969' title='bbox 2114 3863 2185 3918; x_wconf 91' lang='lat' dir='ltr'><strong>qui</strong></span> <span class='ocrx_word' id='word_1_970' title='bbox 2203 3875 2416 3916; x_wconf 87' lang='lat' dir='ltr'><strong>nunquam</strong></span> <span class='ocrx_word' id='word_1_971' title='bbox 2441 3875 2612 3915; x_wconf 73' lang='lat' dir='ltr'><strong>magnus</strong></span> 
     </span>
     <span class='ocr_line' id='line_1_120' title="bbox 1383 3922 2610 3980; baseline -0.007 -10"><span class='ocrx_word' id='word_1_972' title='bbox 1383 3945 1458 3971; x_wconf 92' lang='lat' dir='ltr'><strong>nec</strong></span> <span class='ocrx_word' id='word_1_973' title='bbox 1473 3930 1555 3969; x_wconf 43' lang='lat' dir='ltr'><strong>snisi</strong></span> <span class='ocrx_word' id='word_1_974' title='bbox 1576 3936 1661 3968; x_wconf 86' lang='lat' dir='ltr'><strong>arte</strong></span> <span class='ocrx_word' id='word_1_975' title='bbox 1679 3928 1813 3967; x_wconf 91' lang='lat' dir='ltr'><strong>bonus</strong></span> <span class='ocrx_word' id='word_1_976' title='bbox 1834 3926 1957 3966; x_wconf 78' lang='lat' dir='ltr'><strong>fuisse</strong></span> <span class='ocrx_word' id='word_1_977' title='bbox 1987 3933 2134 3980; x_wconf 88' lang='lat' dir='ltr'><strong>potest,</strong></span> <span class='ocrx_word' id='word_1_978' title='bbox 2168 3922 2334 3977; x_wconf 85' lang='lat' dir='ltr'><strong>quando</strong></span> <span class='ocrx_word' id='word_1_979' title='bbox 2356 3922 2512 3962; x_wconf 91' lang='lat' dir='ltr'><strong>obstrui</strong></span> <span class='ocrx_word' id='word_1_980' title='bbox 2528 3937 2610 3962; x_wconf 86' lang='lat' dir='ltr'><strong>coe-</strong></span> 
     </span>
     <span class='ocr_line' id='line_1_121' title="bbox 1382 3984 2612 4048; baseline -0.007 -16"><span class='ocrx_word' id='word_1_981' title='bbox 1382 3994 1510 4048; x_wconf 87' lang='lat' dir='ltr'><strong>perit,</strong></span> <span class='ocrx_word' id='word_1_982' title='bbox 1547 3991 1766 4031; x_wconf 77' lang='lat' dir='ltr'><strong>nescimus.</strong></span> <span class='ocrx_word' id='word_1_983' title='bbox 1803 3987 2082 4029; x_wconf 84' lang='lat' dir='ltr'><strong>Commodum</strong></span> <span class='ocrx_word' id='word_1_984' title='bbox 2115 3985 2251 4026; x_wconf 90' lang='lat' dir='ltr'><strong>adhuc</strong></span> <span class='ocrx_word' id='word_1_985' title='bbox 2277 3984 2399 4025; x_wconf 85' lang='lat' dir='ltr'><strong>fuisse</strong></span> <span class='ocrx_word' id='word_1_986' title='bbox 2425 3984 2612 4039; x_wconf 86' lang='lat' dir='ltr'><strong>Septimii</strong></span> 
     </span>
    </p>
   </div>
  </div>
 </body>
</html>
