<?xml version="1.0" encoding="UTF-8"?>
<!DOCTYPE html PUBLIC "-//W3C//DTD XHTML 1.0 Transitional//EN"
    "http://www.w3.org/TR/xhtml1/DTD/xhtml1-transitional.dtd">
<html xmlns="http://www.w3.org/1999/xhtml" xml:lang="en" lang="en">
 <head>
  <title>
</title>
<meta http-equiv="Content-Type" content="text/html;charset=utf-8" />
  <meta name='ocr-system' content='tesseract 3.04.00' />
  <meta name='ocr-capabilities' content='ocr_page ocr_carea ocr_par ocr_line ocrx_word'/>
</head>
<body>
  <div class='ocr_page' id='page_1' title='image "./geographigraeci00mueluoft/geographigraeci00mueluoft_0387.png"; bbox 0 0 2808 4342; ppageno 0'>
   <div class='ocr_carea' id='block_1_1' title="bbox 22 4087 31 4125">
    <p class='ocr_par' dir='ltr' id='par_1_1' title="bbox 22 4087 31 4125">
     <span class='ocr_line' id='line_1_1' title="bbox 22 4087 31 4107; baseline 0 -18"><span class='ocrx_word' id='word_1_1' title='bbox 22 4087 31 4107; x_wconf 50' lang='lat' dir='ltr'>f</span> 
     </span>
     <span class='ocr_line' id='line_1_2' title="bbox 24 4115 29 4125; baseline 0 0"><span class='ocrx_word' id='word_1_2' title='bbox 24 4115 29 4125; x_wconf 62' lang='lat' dir='ltr'><em>s</em></span> 
     </span>
    </p>
   </div>
   <div class='ocr_carea' id='block_1_2' title="bbox 16 4131 28 4183">
    <p class='ocr_par' dir='ltr' id='par_1_2' title="bbox 16 4131 28 4183">
     <span class='ocr_line' id='line_1_3' title="bbox 16 4131 28 4183; baseline 0 0"><span class='ocrx_word' id='word_1_3' title='bbox 16 4131 28 4183; x_wconf 71' lang='grc' dir='ltr'>ί</span> 
     </span>
    </p>
   </div>
   <div class='ocr_carea' id='block_1_3' title="bbox 346 23 534 163">
    <p class='ocr_par' dir='ltr' id='par_1_3' title="bbox 346 23 534 163">
     <span class='ocr_line' id='line_1_4' title="bbox 346 23 534 163; baseline -0.032 0"><span class='ocrx_word' id='word_1_4' title='bbox 346 23 534 163; x_wconf 72' lang='grc' dir='ltr'>κζ</span> 
     </span>
    </p>
   </div>
   <div class='ocr_carea' id='block_1_4' title="bbox 86 205 242 268">
    <p class='ocr_par' dir='ltr' id='par_1_4' title="bbox 86 205 242 268">
     <span class='ocr_line' id='line_1_5' title="bbox 86 205 242 268; baseline 0.006 -1"><span class='ocrx_word' id='word_1_5' title='bbox 86 205 242 268; x_wconf 53' lang='grc' dir='ltr'>(ιω)</span> 
     </span>
    </p>
   </div>
   <div class='ocr_carea' id='block_1_5' title="bbox 172 297 1173 366">
    <p class='ocr_par' dir='ltr' id='par_1_5' title="bbox 172 297 1173 366">
     <span class='ocr_line' id='line_1_6' title="bbox 172 297 1173 366; baseline -0.007 -15"><span class='ocrx_word' id='word_1_6' title='bbox 172 307 185 366; x_wconf 91' lang='grc'>(</span> <span class='ocrx_word' id='word_1_7' title='bbox 207 308 334 351; x_wconf 83' lang='grc' dir='ltr'>Οὗτοι</span> <span class='ocrx_word' id='word_1_8' title='bbox 358 301 400 348; x_wconf 82' lang='grc' dir='ltr'>δὲ</span> <span class='ocrx_word' id='word_1_9' title='bbox 417 304 580 365; x_wconf 78' lang='grc' dir='ltr'>Θρᾷκες</span> <span class='ocrx_word' id='word_1_10' title='bbox 603 298 843 361; x_wconf 87' lang='grc' dir='ltr'>Βαστάρναι</span> <span class='ocrx_word' id='word_1_11' title='bbox 864 297 900 343; x_wconf 84' lang='grc' dir='ltr'>τ’</span> <span class='ocrx_word' id='word_1_12' title='bbox 924 297 1138 354; x_wconf 80' lang='grc' dir='ltr'>ἐπήλυδες.</span> <span class='ocrx_word' id='word_1_13' title='bbox 1159 300 1173 359; x_wconf 92' lang='grc'>)</span> 
     </span>
    </p>
   </div>
   <div class='ocr_carea' id='block_1_6' title="bbox 641 398 749 405">
    <p class='ocr_par' dir='ltr' id='par_1_6' title="bbox 641 398 749 405">
     <span class='ocr_line' id='line_1_7' title="bbox 641 398 749 405; baseline 0 0"><span class='ocrx_word' id='word_1_14' title='bbox 641 398 749 405; x_wconf 95' lang='lat' dir='ltr'> </span> 
     </span>
    </p>
   </div>
   <div class='ocr_carea' id='block_1_7' title="bbox 87 433 1145 844">
    <p class='ocr_par' dir='ltr' id='par_1_7' title="bbox 87 433 1145 844">
     <span class='ocr_line' id='line_1_8' title="bbox 801 433 1067 493; baseline 0 -13"><span class='ocrx_word' id='word_1_15' title='bbox 801 433 855 480; x_wconf 88' lang='grc' dir='ltr'>Ὁ</span> <span class='ocrx_word' id='word_1_16' title='bbox 884 435 1067 493; x_wconf 85' lang='grc' dir='ltr'>ποταμός</span> 
     </span>
     <span class='ocr_line' id='line_1_9' title="bbox 165 501 1145 569; baseline -0.005 -17"><span class='ocrx_word' id='word_1_17' title='bbox 165 507 303 569; x_wconf 84' lang='grc' dir='ltr'>Τύρας</span> <span class='ocrx_word' id='word_1_18' title='bbox 328 503 451 566; x_wconf 80' lang='grc' dir='ltr'>βαθύς</span> <span class='ocrx_word' id='word_1_19' title='bbox 472 507 508 549; x_wconf 94' lang='grc' dir='ltr'>τ’</span> <span class='ocrx_word' id='word_1_20' title='bbox 539 501 595 548; x_wconf 81' lang='grc' dir='ltr'>ὢν</span> <span class='ocrx_word' id='word_1_21' title='bbox 620 502 782 555; x_wconf 72' lang='grc' dir='ltr'>εὔὸοτός</span> <span class='ocrx_word' id='word_1_22' title='bbox 804 521 849 547; x_wconf 83' lang='grc' dir='ltr'>τε</span> <span class='ocrx_word' id='word_1_23' title='bbox 867 505 956 554; x_wconf 81' lang='grc' dir='ltr'>ταῖς</span> <span class='ocrx_word' id='word_1_24' title='bbox 975 506 1119 562; x_wconf 84' lang='grc' dir='ltr'>νομαῖς</span> <span class='ocrx_word' id='word_1_25' title='bbox 1132 538 1145 558; x_wconf 90' lang='grc'>,</span> 
     </span>
     <span class='ocr_line' id='line_1_10' title="bbox 87 571 975 635; baseline -0.008 -13"><span class='ocrx_word' id='word_1_26' title='bbox 87 595 149 626; x_wconf 83' lang='lat'>800</span> <span class='ocrx_word' id='word_1_27' title='bbox 167 579 245 622; x_wconf 82' lang='grc' dir='ltr'>τῶν</span> <span class='ocrx_word' id='word_1_28' title='bbox 270 573 419 635; x_wconf 69' lang='grc' dir='ltr'>ἰχθύων</span> <span class='ocrx_word' id='word_1_29' title='bbox 438 573 614 618; x_wconf 86' lang='grc' dir='ltr'>διάθεσιν</span> <span class='ocrx_word' id='word_1_30' title='bbox 640 572 833 633; x_wconf 79' lang='grc' dir='ltr'>ἐμπόροις</span> <span class='ocrx_word' id='word_1_31' title='bbox 853 571 975 633; x_wconf 74' lang='grc' dir='ltr'>ἔχων,</span> 
     </span>
     <span class='ocr_line' id='line_1_11' title="bbox 169 641 1108 703; baseline -0.003 -14"><span class='ocrx_word' id='word_1_32' title='bbox 169 651 255 695; x_wconf 87' lang='grc' dir='ltr'>ταῖς</span> <span class='ocrx_word' id='word_1_33' title='bbox 272 643 439 688; x_wconf 81' lang='grc' dir='ltr'>ὁλκάσιν</span> <span class='ocrx_word' id='word_1_34' title='bbox 464 661 508 688; x_wconf 87' lang='grc' dir='ltr'>τε</span> <span class='ocrx_word' id='word_1_35' title='bbox 529 642 672 686; x_wconf 77' lang='grc' dir='ltr'>ναυσὶν</span> <span class='ocrx_word' id='word_1_36' title='bbox 697 641 908 686; x_wconf 86' lang='grc' dir='ltr'>ἀνάπλουν</span> <span class='ocrx_word' id='word_1_37' title='bbox 925 642 1108 703; x_wconf 72' lang='grc' dir='ltr'>ἀσφαλῆ.</span> 
     </span>
     <span class='ocr_line' id='line_1_12' title="bbox 165 710 1037 773; baseline -0.006 -15"><span class='ocrx_word' id='word_1_38' title='bbox 165 711 412 772; x_wconf 84' lang='grc' dir='ltr'>Ὁμώνυμος</span> <span class='ocrx_word' id='word_1_39' title='bbox 429 711 470 756; x_wconf 79' lang='grc' dir='ltr'>δὲ</span> <span class='ocrx_word' id='word_1_40' title='bbox 494 713 552 773; x_wconf 81' lang='grc' dir='ltr'>τῷ</span> <span class='ocrx_word' id='word_1_41' title='bbox 564 712 742 772; x_wconf 78' lang='grc' dir='ltr'>ποταμῷ</span> <span class='ocrx_word' id='word_1_42' title='bbox 764 713 897 755; x_wconf 85' lang='grc' dir='ltr'>κεῖται</span> <span class='ocrx_word' id='word_1_43' title='bbox 920 710 1037 760; x_wconf 83' lang='grc' dir='ltr'>πόλις</span> 
     </span>
     <span class='ocr_line' id='line_1_13' title="bbox 163 778 998 844; baseline -0.002 -17"><span class='ocrx_word' id='word_1_44' title='bbox 163 782 323 844; x_wconf 84' lang='grc' dir='ltr'>Τύρας,</span> <span class='ocrx_word' id='word_1_45' title='bbox 345 780 514 831; x_wconf 81' lang='grc' dir='ltr'>ἄποικος</span> <span class='ocrx_word' id='word_1_46' title='bbox 537 780 736 840; x_wconf 81' lang='grc' dir='ltr'>γενομένη</span> <span class='ocrx_word' id='word_1_47' title='bbox 761 778 998 834; x_wconf 86' lang='grc' dir='ltr'>Μιλησίων.</span> 
     </span>
    </p>
   </div>
   <div class='ocr_carea' id='block_1_8' title="bbox 636 871 751 877">
    <p class='ocr_par' dir='ltr' id='par_1_8' title="bbox 636 871 751 877">
     <span class='ocr_line' id='line_1_14' title="bbox 636 871 751 877; baseline 0 0"><span class='ocrx_word' id='word_1_48' title='bbox 636 871 751 877; x_wconf 95' lang='lat' dir='ltr'> </span> 
     </span>
    </p>
   </div>
   <div class='ocr_carea' id='block_1_9' title="bbox 82 914 1192 1462">
    <p class='ocr_par' dir='ltr' id='par_1_9' title="bbox 82 914 1192 1462">
     <span class='ocr_line' id='line_1_15' title="bbox 164 914 1192 976; baseline -0.003 -13"><span class='ocrx_word' id='word_1_49' title='bbox 164 918 264 964; x_wconf 80' lang='grc' dir='ltr'>Ἐπὶ</span> <span class='ocrx_word' id='word_1_50' title='bbox 284 924 372 970; x_wconf 90' lang='grc' dir='ltr'>ταῖς</span> <span class='ocrx_word' id='word_1_51' title='bbox 393 916 434 962; x_wconf 81' lang='grc' dir='ltr'>δὲ</span> <span class='ocrx_word' id='word_1_52' title='bbox 459 916 549 962; x_wconf 86' lang='grc' dir='ltr'>καθ’</span> <span class='ocrx_word' id='word_1_53' title='bbox 567 914 751 962; x_wconf 45' lang='grc' dir='ltr'>ς’Υπανίν</span> <span class='ocrx_word' id='word_1_54' title='bbox 775 935 816 960; x_wconf 89' lang='grc' dir='ltr'>τε</span> <span class='ocrx_word' id='word_1_55' title='bbox 842 916 912 962; x_wconf 86' lang='grc' dir='ltr'>καὶ</span> <span class='ocrx_word' id='word_1_56' title='bbox 937 916 1192 976; x_wconf 81' lang='grc' dir='ltr'>Βορυσθένην</span> 
     </span>
     <span class='ocr_line' id='line_1_16' title="bbox 82 985 1082 1046; baseline -0.003 -13"><span class='ocrx_word' id='word_1_57' title='bbox 82 1004 141 1034; x_wconf 80' lang='grc'>805</span> <span class='ocrx_word' id='word_1_58' title='bbox 168 990 366 1046; x_wconf 83' lang='grc' dir='ltr'>ποταμῶν</span> <span class='ocrx_word' id='word_1_59' title='bbox 386 987 573 1031; x_wconf 82' lang='grc' dir='ltr'>διπλαῒσι</span> <span class='ocrx_word' id='word_1_60' title='bbox 590 985 817 1046; x_wconf 73' lang='grc' dir='ltr'>συμὸολαῒς</span> <span class='ocrx_word' id='word_1_61' title='bbox 841 985 949 1030; x_wconf 82' lang='grc' dir='ltr'>ἔστιν</span> <span class='ocrx_word' id='word_1_62' title='bbox 966 986 1082 1037; x_wconf 81' lang='grc' dir='ltr'>πόλις</span> 
     </span>
     <span class='ocr_line' id='line_1_17' title="bbox 167 1055 1079 1119; baseline -0.002 -18"><span class='ocrx_word' id='word_1_63' title='bbox 167 1061 374 1102; x_wconf 75' lang='grc' dir='ltr'>κτισθεῖσα</span> <span class='ocrx_word' id='word_1_64' title='bbox 389 1092 400 1113; x_wconf 90' lang='grc'>,</span> <span class='ocrx_word' id='word_1_65' title='bbox 425 1057 621 1119; x_wconf 85' lang='grc' dir='ltr'>πρότερον</span> <span class='ocrx_word' id='word_1_66' title='bbox 645 1055 795 1101; x_wconf 73' lang='grc' dir='ltr'>Ὀλὸία</span> <span class='ocrx_word' id='word_1_67' title='bbox 819 1055 1052 1114; x_wconf 84' lang='grc' dir='ltr'>καλουμένη</span> <span class='ocrx_word' id='word_1_68' title='bbox 1068 1091 1079 1110; x_wconf 90' lang='grc'>,</span> 
     </span>
     <span class='ocr_line' id='line_1_18' title="bbox 167 1125 1151 1188; baseline -0.004 -18"><span class='ocrx_word' id='word_1_69' title='bbox 167 1126 272 1186; x_wconf 81' lang='grc' dir='ltr'>μετὰ</span> <span class='ocrx_word' id='word_1_70' title='bbox 291 1127 406 1170; x_wconf 78' lang='grc' dir='ltr'>ταῦθ’</span> <span class='ocrx_word' id='word_1_71' title='bbox 429 1126 496 1188; x_wconf 79' lang='grc' dir='ltr'>ὑφ’</span> <span class='ocrx_word' id='word_1_72' title='bbox 518 1125 728 1181; x_wconf 76' lang='grc' dir='ltr'>Ἑλλήνων</span> <span class='ocrx_word' id='word_1_73' title='bbox 756 1125 879 1169; x_wconf 87' lang='grc' dir='ltr'>πάλιν</span> <span class='ocrx_word' id='word_1_74' title='bbox 900 1125 1151 1187; x_wconf 72' lang='grc' dir='ltr'>Βορυσθένης</span> 
     </span>
     <span class='ocr_line' id='line_1_19' title="bbox 162 1193 1006 1250; baseline -0.001 -11"><span class='ocrx_word' id='word_1_75' title='bbox 162 1196 372 1249; x_wconf 78' lang='grc' dir='ltr'>κληθεῖσα·</span> <span class='ocrx_word' id='word_1_76' title='bbox 397 1195 551 1250; x_wconf 84' lang='grc' dir='ltr'>ταύτην</span> <span class='ocrx_word' id='word_1_77' title='bbox 570 1194 642 1249; x_wconf 83' lang='grc' dir='ltr'>τὴν</span> <span class='ocrx_word' id='word_1_78' title='bbox 663 1194 781 1239; x_wconf 84' lang='grc' dir='ltr'>πόλιν</span> <span class='ocrx_word' id='word_1_79' title='bbox 806 1193 1006 1248; x_wconf 79' lang='grc' dir='ltr'>Μιλήσιοι</span> 
     </span>
     <span class='ocr_line' id='line_1_20' title="bbox 166 1261 1023 1325; baseline -0.004 -15"><span class='ocrx_word' id='word_1_80' title='bbox 166 1265 346 1318; x_wconf 83' lang='grc' dir='ltr'>κτίζουσι</span> <span class='ocrx_word' id='word_1_81' title='bbox 365 1262 473 1309; x_wconf 78' lang='grc' dir='ltr'>κατὰ</span> <span class='ocrx_word' id='word_1_82' title='bbox 491 1262 564 1318; x_wconf 82' lang='grc' dir='ltr'>τὴν</span> <span class='ocrx_word' id='word_1_83' title='bbox 588 1261 779 1319; x_wconf 83' lang='grc' dir='ltr'>Μηδικὴν</span> <span class='ocrx_word' id='word_1_84' title='bbox 799 1263 1023 1325; x_wconf 76' lang='grc' dir='ltr'>ἐπαρχίαν·</span> 
     </span>
     <span class='ocr_line' id='line_1_21' title="bbox 86 1331 987 1384; baseline 0.001 -9"><span class='ocrx_word' id='word_1_85' title='bbox 86 1347 147 1377; x_wconf 80' lang='lat'>810</span> <span class='ocrx_word' id='word_1_86' title='bbox 165 1333 380 1379; x_wconf 84' lang='grc' dir='ltr'>διακοσίων</span> <span class='ocrx_word' id='word_1_87' title='bbox 404 1333 580 1378; x_wconf 85' lang='grc' dir='ltr'>σταδίων</span> <span class='ocrx_word' id='word_1_88' title='bbox 605 1331 647 1378; x_wconf 82' lang='grc' dir='ltr'>δὲ</span> <span class='ocrx_word' id='word_1_89' title='bbox 669 1332 739 1377; x_wconf 83' lang='grc' dir='ltr'>καὶ</span> <span class='ocrx_word' id='word_1_90' title='bbox 760 1333 824 1384; x_wconf 79' lang='grc' dir='ltr'>δὶς·</span> <span class='ocrx_word' id='word_1_91' title='bbox 837 1332 987 1378; x_wconf 88' lang='grc' dir='ltr'>εἴκοσιν</span> 
     </span>
     <span class='ocr_line' id='line_1_22' title="bbox 164 1401 1145 1462; baseline -0.003 -15"><span class='ocrx_word' id='word_1_92' title='bbox 164 1403 244 1448; x_wconf 78' lang='grc' dir='ltr'>ἀπὸ</span> <span class='ocrx_word' id='word_1_93' title='bbox 268 1406 338 1457; x_wconf 72' lang='grc' dir='ltr'>τῆς</span> <span class='ocrx_word' id='word_1_94' title='bbox 360 1403 565 1453; x_wconf 76' lang='grc' dir='ltr'>θαλάττης</span> <span class='ocrx_word' id='word_1_95' title='bbox 584 1402 652 1447; x_wconf 81' lang='grc' dir='ltr'>τὸν</span> <span class='ocrx_word' id='word_1_96' title='bbox 674 1403 882 1447; x_wconf 69' lang='grc' dir='ltr'>ἀνάπλουν</span> <span class='ocrx_word' id='word_1_97' title='bbox 904 1401 1145 1462; x_wconf 82' lang='grc' dir='ltr'>Βορυσθένει</span> 
     </span>
    </p>
   </div>
   <div class='ocr_carea' id='block_1_10' title="bbox 520 1496 662 1500">
    <p class='ocr_par' dir='ltr' id='par_1_10' title="bbox 520 1496 662 1500">
     <span class='ocr_line' id='line_1_23' title="bbox 520 1496 662 1500; baseline 0 0"><span class='ocrx_word' id='word_1_98' title='bbox 520 1496 662 1500; x_wconf 95' lang='lat' dir='ltr'> </span> 
     </span>
    </p>
   </div>
   <div class='ocr_carea' id='block_1_11' title="bbox 966 1495 1077 1500">
    <p class='ocr_par' dir='ltr' id='par_1_11' title="bbox 966 1495 1077 1500">
     <span class='ocr_line' id='line_1_24' title="bbox 966 1495 1077 1500; baseline 0 0"><span class='ocrx_word' id='word_1_99' title='bbox 966 1495 1077 1500; x_wconf 95' lang='lat' dir='ltr'> </span> 
     </span>
    </p>
   </div>
   <div class='ocr_carea' id='block_1_12' title="bbox 1132 1494 1245 1500">
    <p class='ocr_par' dir='ltr' id='par_1_12' title="bbox 1132 1494 1245 1500">
     <span class='ocr_line' id='line_1_25' title="bbox 1132 1494 1245 1500; baseline 0 0"><span class='ocrx_word' id='word_1_100' title='bbox 1132 1494 1245 1500; x_wconf 95' lang='lat' dir='ltr'> </span> 
     </span>
    </p>
   </div>
   <div class='ocr_carea' id='block_1_13' title="bbox 76 1538 1321 1907">
    <p class='ocr_par' dir='ltr' id='par_1_13' title="bbox 76 1538 1321 1907">
     <span class='ocr_line' id='line_1_26' title="bbox 76 1538 1318 1595; baseline -0.001 -16"><span class='ocrx_word' id='word_1_101' title='bbox 76 1549 147 1595; x_wconf 86' lang='lat' dir='ltr'>pto</span> <span class='ocrx_word' id='word_1_102' title='bbox 166 1553 290 1593; x_wconf 86' lang='lat' dir='ltr'>mque</span> <span class='ocrx_word' id='word_1_103' title='bbox 310 1541 476 1580; x_wconf 73' lang='lat' dir='ltr'>noniie</span> <span class='ocrx_word' id='word_1_104' title='bbox 498 1554 648 1595; x_wconf 84' lang='lat' dir='ltr'>parum</span> <span class='ocrx_word' id='word_1_105' title='bbox 669 1548 770 1580; x_wconf 89' lang='lat' dir='ltr'>noto</span> <span class='ocrx_word' id='word_1_106' title='bbox 786 1555 890 1594; x_wconf 82' lang='lat' dir='ltr'>aegre</span> <span class='ocrx_word' id='word_1_107' title='bbox 905 1540 1062 1580; x_wconf 91' lang='lat' dir='ltr'>tuleris.</span> <span class='ocrx_word' id='word_1_108' title='bbox 1085 1538 1318 1580; x_wconf 88' lang='lat' dir='ltr'>Meinekius</span> 
     </span>
     <span class='ocr_line' id='line_1_27' title="bbox 76 1602 1321 1657; baseline -0.001 -15"><span class='ocrx_word' id='word_1_109' title='bbox 76 1604 200 1656; x_wconf 83' lang='lat' dir='ltr'>igitur</span> <span class='ocrx_word' id='word_1_110' title='bbox 214 1602 382 1643; x_wconf 92' lang='lat' dir='ltr'>liberius</span> <span class='ocrx_word' id='word_1_111' title='bbox 405 1604 447 1642; x_wconf 91' lang='lat' dir='ltr'>in</span> <span class='ocrx_word' id='word_1_112' title='bbox 471 1603 535 1643; x_wconf 90' lang='lat' dir='ltr'>his</span> <span class='ocrx_word' id='word_1_113' title='bbox 557 1611 741 1643; x_wconf 86' lang='lat' dir='ltr'>versatus</span> <span class='ocrx_word' id='word_1_114' title='bbox 757 1602 872 1643; x_wconf 88' lang='lat' dir='ltr'><strong>dedit</strong></span> <span class='ocrx_word' id='word_1_115' title='bbox 895 1616 904 1643; x_wconf 77' lang='lat' dir='ltr'><strong><em>z</em></strong></span> <span class='ocrx_word' id='word_1_116' title='bbox 932 1603 1076 1657; x_wconf 74' lang='grc' dir='ltr'>Θρᾷκές</span> <span class='ocrx_word' id='word_1_117' title='bbox 1093 1617 1134 1642; x_wconf 86' lang='grc' dir='ltr'>τε</span> <span class='ocrx_word' id='word_1_118' title='bbox 1151 1602 1321 1656; x_wconf 78' lang='grc' dir='ltr'>Βαστάρ-</span> 
     </span>
     <span class='ocr_line' id='line_1_28' title="bbox 80 1662 1319 1719; baseline 0 -15"><span class='ocrx_word' id='word_1_119' title='bbox 80 1679 141 1704; x_wconf 89' lang='grc' dir='ltr'>ναι</span> <span class='ocrx_word' id='word_1_120' title='bbox 159 1665 192 1705; x_wconf 84' lang='grc' dir='ltr'>τ’</span> <span class='ocrx_word' id='word_1_121' title='bbox 210 1662 406 1715; x_wconf 72' lang='grc' dir='ltr'>ἐπήλυδες.</span> <span class='ocrx_word' id='word_1_122' title='bbox 431 1666 519 1718; x_wconf 87' lang='lat' dir='ltr'>Ego</span> <span class='ocrx_word' id='word_1_123' title='bbox 552 1665 670 1704; x_wconf 90' lang='lat' dir='ltr'>uncis</span> <span class='ocrx_word' id='word_1_124' title='bbox 688 1664 956 1705; x_wconf 89' lang='lat' dir='ltr'>Holsteniana</span> <span class='ocrx_word' id='word_1_125' title='bbox 980 1664 1125 1704; x_wconf 87' lang='lat' dir='ltr'>inclusi</span> <span class='ocrx_word' id='word_1_126' title='bbox 1141 1695 1152 1713; x_wconf 91' lang='lat'>,</span> <span class='ocrx_word' id='word_1_127' title='bbox 1177 1672 1319 1719; x_wconf 80' lang='lat' dir='ltr'>utpote</span> 
     </span>
     <span class='ocr_line' id='line_1_29' title="bbox 80 1726 1319 1783; baseline -0.002 -14"><span class='ocrx_word' id='word_1_128' title='bbox 80 1743 170 1783; x_wconf 87' lang='lat' dir='ltr'>quae</span> <span class='ocrx_word' id='word_1_129' title='bbox 187 1743 210 1769; x_wconf 88' lang='lat' dir='ltr'>a</span> <span class='ocrx_word' id='word_1_130' title='bbox 227 1729 406 1783; x_wconf 91' lang='lat' dir='ltr'>Scymno</span> <span class='ocrx_word' id='word_1_131' title='bbox 424 1728 554 1768; x_wconf 89' lang='lat' dir='ltr'>aliena</span> <span class='ocrx_word' id='word_1_132' title='bbox 568 1742 654 1768; x_wconf 88' lang='lat' dir='ltr'>esse</span> <span class='ocrx_word' id='word_1_133' title='bbox 667 1736 827 1782; x_wconf 88' lang='lat' dir='ltr'>putem.</span> <span class='ocrx_word' id='word_1_134' title='bbox 848 1728 954 1768; x_wconf 91' lang='lat' dir='ltr'>Nam</span> <span class='ocrx_word' id='word_1_135' title='bbox 974 1727 1184 1782; x_wconf 87' lang='lat' dir='ltr'>Anonymi</span> <span class='ocrx_word' id='word_1_136' title='bbox 1202 1726 1319 1767; x_wconf 89' lang='lat' dir='ltr'>locus</span> 
     </span>
     <span class='ocr_line' id='line_1_30' title="bbox 78 1789 1316 1846; baseline -0.001 -15"><span class='ocrx_word' id='word_1_137' title='bbox 78 1805 213 1846; x_wconf 90' lang='lat' dir='ltr'>neque</span> <span class='ocrx_word' id='word_1_138' title='bbox 234 1790 368 1831; x_wconf 86' lang='lat' dir='ltr'>verbis</span> <span class='ocrx_word' id='word_1_139' title='bbox 390 1805 523 1845; x_wconf 90' lang='lat' dir='ltr'>neque</span> <span class='ocrx_word' id='word_1_140' title='bbox 543 1791 740 1831; x_wconf 88' lang='lat' dir='ltr'>orationis</span> <span class='ocrx_word' id='word_1_141' title='bbox 766 1805 943 1830; x_wconf 87' lang='lat' dir='ltr'>numero</span> <span class='ocrx_word' id='word_1_142' title='bbox 965 1799 1129 1845; x_wconf 87' lang='lat' dir='ltr'>poetam</span> <span class='ocrx_word' id='word_1_143' title='bbox 1152 1789 1316 1845; x_wconf 85' lang='lat' dir='ltr'>prodit,</span> 
     </span>
     <span class='ocr_line' id='line_1_31' title="bbox 80 1852 1320 1907; baseline -0.001 -13"><span class='ocrx_word' id='word_1_144' title='bbox 80 1867 211 1907; x_wconf 88' lang='lat' dir='ltr'>neque</span> <span class='ocrx_word' id='word_1_145' title='bbox 243 1853 416 1893; x_wconf 91' lang='lat' dir='ltr'>omnino</span> <span class='ocrx_word' id='word_1_146' title='bbox 437 1852 651 1907; x_wconf 85' lang='lat' dir='ltr'>probabile</span> <span class='ocrx_word' id='word_1_147' title='bbox 672 1861 732 1893; x_wconf 91' lang='lat' dir='ltr'>est</span> <span class='ocrx_word' id='word_1_148' title='bbox 749 1854 964 1902; x_wconf 90' lang='lat' dir='ltr'>Nostrum,</span> <span class='ocrx_word' id='word_1_149' title='bbox 990 1854 1061 1907; x_wconf 92' lang='lat' dir='ltr'>qui</span> <span class='ocrx_word' id='word_1_150' title='bbox 1078 1854 1121 1892; x_wconf 92' lang='lat' dir='ltr'>in</span> <span class='ocrx_word' id='word_1_151' title='bbox 1142 1861 1228 1893; x_wconf 87' lang='lat' dir='ltr'>tota</span> <span class='ocrx_word' id='word_1_152' title='bbox 1243 1853 1320 1893; x_wconf 87' lang='lat' dir='ltr'>hae</span> 
     </span>
    </p>
   </div>
   <div class='ocr_carea' id='block_1_14' title="bbox 35 1914 1318 1970">
    <p class='ocr_par' dir='ltr' id='par_1_14' title="bbox 35 1914 1318 1970">
     <span class='ocr_line' id='line_1_32' title="bbox 35 1914 1318 1970; baseline -0.002 -13"><span class='ocrx_word' id='word_1_153' title='bbox 35 1934 38 1937; x_wconf 85' lang='lat'>·</span> <span class='ocrx_word' id='word_1_154' title='bbox 77 1916 199 1958; x_wconf 83' lang='lat' dir='ltr'>Ponti</span> <span class='ocrx_word' id='word_1_155' title='bbox 214 1914 490 1970; x_wconf 82' lang='lat' dir='ltr'>descriptione</span> <span class='ocrx_word' id='word_1_156' title='bbox 508 1916 709 1970; x_wconf 88' lang='lat' dir='ltr'>Ephoreae</span> <span class='ocrx_word' id='word_1_157' title='bbox 722 1916 848 1956; x_wconf 75' lang='lat' dir='ltr'>aetatis</span> <span class='ocrx_word' id='word_1_158' title='bbox 868 1916 1157 1970; x_wconf 83' lang='lat' dir='ltr'>geographiam</span> <span class='ocrx_word' id='word_1_159' title='bbox 1172 1915 1318 1955; x_wconf 87' lang='lat' dir='ltr'>adum·</span> 
     </span>
    </p>
   </div>
   <div class='ocr_carea' id='block_1_15' title="bbox 76 1978 1329 4079">
    <p class='ocr_par' dir='ltr' id='par_1_15' title="bbox 76 1978 1329 4079">
     <span class='ocr_line' id='line_1_33' title="bbox 76 1978 1319 2032; baseline 0.001 -14"><span class='ocrx_word' id='word_1_160' title='bbox 76 1978 169 2018; x_wconf 85' lang='lat' dir='ltr'>brat</span> <span class='ocrx_word' id='word_1_161' title='bbox 182 2008 192 2028; x_wconf 93' lang='lat'>,</span> <span class='ocrx_word' id='word_1_162' title='bbox 210 1991 554 2018; x_wconf 82' lang='lat' dir='ltr'>commemorasse</span> <span class='ocrx_word' id='word_1_163' title='bbox 574 1980 804 2027; x_wconf 82' lang='lat' dir='ltr'>Bastarnas,</span> <span class='ocrx_word' id='word_1_164' title='bbox 825 1992 1004 2032; x_wconf 88' lang='lat' dir='ltr'>quorum</span> <span class='ocrx_word' id='word_1_165' title='bbox 1024 1987 1119 2019; x_wconf 89' lang='lat' dir='ltr'>ante</span> <span class='ocrx_word' id='word_1_166' title='bbox 1134 1981 1319 2019; x_wconf 84' lang='lat' dir='ltr'>Romana</span> 
     </span>
     <span class='ocr_line' id='line_1_34' title="bbox 76 2039 1318 2094; baseline 0.001 -15"><span class='ocrx_word' id='word_1_167' title='bbox 76 2047 262 2094; x_wconf 86' lang='lat' dir='ltr'>tempora</span> <span class='ocrx_word' id='word_1_168' title='bbox 283 2039 367 2079; x_wconf 85' lang='lat' dir='ltr'>sive</span> <span class='ocrx_word' id='word_1_169' title='bbox 382 2047 476 2079; x_wconf 88' lang='lat' dir='ltr'>ante</span> <span class='ocrx_word' id='word_1_170' title='bbox 491 2040 669 2094; x_wconf 93' lang='lat' dir='ltr'>Philippi</span> <span class='ocrx_word' id='word_1_171' title='bbox 689 2039 740 2079; x_wconf 90' lang='lat' dir='ltr'>ab</span> <span class='ocrx_word' id='word_1_172' title='bbox 762 2041 930 2084; x_wconf 79' lang='lat' dir='ltr'>AEmilio</span> <span class='ocrx_word' id='word_1_173' title='bbox 954 2041 1048 2081; x_wconf 89' lang='lat' dir='ltr'>victi</span> <span class='ocrx_word' id='word_1_174' title='bbox 1066 2049 1226 2081; x_wconf 84' lang='lat' dir='ltr'>aetatem</span> <span class='ocrx_word' id='word_1_175' title='bbox 1246 2055 1318 2080; x_wconf 94' lang='lat' dir='ltr'>ne-</span> 
     </span>
     <span class='ocr_line' id='line_1_35' title="bbox 77 2100 1319 2157; baseline 0.001 -16"><span class='ocrx_word' id='word_1_176' title='bbox 77 2115 146 2141; x_wconf 89' lang='lat' dir='ltr'>mo</span> <span class='ocrx_word' id='word_1_177' title='bbox 186 2100 281 2141; x_wconf 85' lang='lat' dir='ltr'>fecit</span> <span class='ocrx_word' id='word_1_178' title='bbox 313 2102 582 2141; x_wconf 88' lang='lat' dir='ltr'>mentionem.</span> <span class='ocrx_word' id='word_1_179' title='bbox 619 2103 782 2142; x_wconf 87' lang='lat' dir='ltr'>Primus</span> <span class='ocrx_word' id='word_1_180' title='bbox 815 2102 868 2143; x_wconf 89' lang='lat' dir='ltr'>de</span> <span class='ocrx_word' id='word_1_181' title='bbox 907 2103 955 2143; x_wconf 91' lang='lat' dir='ltr'>iis</span> <span class='ocrx_word' id='word_1_182' title='bbox 989 2102 1094 2143; x_wconf 78' lang='lat' dir='ltr'>dixit</span> <span class='ocrx_word' id='word_1_183' title='bbox 1126 2102 1319 2157; x_wconf 83' lang='lat' dir='ltr'>Polybius</span> 
     </span>
     <span class='ocr_line' id='line_1_36' title="bbox 76 2163 1318 2219; baseline 0.001 -16"><span class='ocrx_word' id='word_1_184' title='bbox 76 2166 148 2217; x_wconf 72' lang='lat' dir='ltr'>(v.</span> <span class='ocrx_word' id='word_1_185' title='bbox 183 2163 329 2204; x_wconf 91' lang='lat' dir='ltr'>Ukert.</span> <span class='ocrx_word' id='word_1_186' title='bbox 362 2165 440 2213; x_wconf 91' lang='grc' dir='ltr'>ΠΙ,</span> <span class='ocrx_word' id='word_1_187' title='bbox 463 2177 504 2212; x_wconf 98' lang='grc'>2,</span> <span class='ocrx_word' id='word_1_188' title='bbox 529 2179 572 2218; x_wconf 87' lang='lat' dir='ltr'>p.</span> <span class='ocrx_word' id='word_1_189' title='bbox 605 2167 684 2218; x_wconf 81' lang='grc'>427</span> <span class='ocrx_word' id='word_1_190' title='bbox 709 2173 748 2204; x_wconf 91' lang='lat' dir='ltr'>et</span> <span class='ocrx_word' id='word_1_191' title='bbox 784 2166 934 2219; x_wconf 88' lang='lat' dir='ltr'>passim</span> <span class='ocrx_word' id='word_1_192' title='bbox 960 2167 992 2218; x_wconf 89' lang='lat'>).</span> <span class='ocrx_word' id='word_1_193' title='bbox 1028 2167 1172 2218; x_wconf 87' lang='lat' dir='ltr'>Itaque</span> <span class='ocrx_word' id='word_1_194' title='bbox 1189 2179 1318 2218; x_wconf 89' lang='lat' dir='ltr'>quum</span> 
     </span>
     <span class='ocr_line' id='line_1_37' title="bbox 76 2225 1319 2280; baseline 0.001 -15"><span class='ocrx_word' id='word_1_195' title='bbox 76 2227 265 2280; x_wconf 83' lang='lat' dir='ltr'>proxime</span> <span class='ocrx_word' id='word_1_196' title='bbox 295 2225 579 2265; x_wconf 86' lang='lat' dir='ltr'>antecedentia</span> <span class='ocrx_word' id='word_1_197' title='bbox 605 2240 655 2265; x_wconf 82' lang='lat' dir='ltr'>ex</span> <span class='ocrx_word' id='word_1_198' title='bbox 686 2226 955 2266; x_wconf 83' lang='lat' dir='ltr'>Artemidoro</span> <span class='ocrx_word' id='word_1_199' title='bbox 979 2229 1224 2280; x_wconf 87' lang='lat' dir='ltr'>Anonymus</span> <span class='ocrx_word' id='word_1_200' title='bbox 1249 2226 1319 2266; x_wconf 87' lang='lat' dir='ltr'>ad-</span> 
     </span>
     <span class='ocr_line' id='line_1_38' title="bbox 78 2286 1319 2337; baseline 0.002 -11"><span class='ocrx_word' id='word_1_201' title='bbox 78 2286 264 2337; x_wconf 91' lang='lat' dir='ltr'>duxerit,</span> <span class='ocrx_word' id='word_1_202' title='bbox 290 2286 342 2326; x_wconf 88' lang='lat' dir='ltr'>ad</span> <span class='ocrx_word' id='word_1_203' title='bbox 374 2286 553 2327; x_wconf 89' lang='lat' dir='ltr'>eundem</span> <span class='ocrx_word' id='word_1_204' title='bbox 582 2295 794 2327; x_wconf 87' lang='lat' dir='ltr'>auctorem</span> <span class='ocrx_word' id='word_1_205' title='bbox 828 2289 952 2328; x_wconf 89' lang='lat' dir='ltr'>etiam</span> <span class='ocrx_word' id='word_1_206' title='bbox 987 2289 1072 2328; x_wconf 85' lang='lat' dir='ltr'>haec</span> <span class='ocrx_word' id='word_1_207' title='bbox 1104 2287 1319 2329; x_wconf 85' lang='lat' dir='ltr'>referenda</span> 
     </span>
     <span class='ocr_line' id='line_1_39' title="bbox 78 2348 1315 2403; baseline 0.002 -15"><span class='ocrx_word' id='word_1_208' title='bbox 78 2363 164 2389; x_wconf 90' lang='lat' dir='ltr'>esse</span> <span class='ocrx_word' id='word_1_209' title='bbox 198 2362 361 2389; x_wconf 91' lang='lat' dir='ltr'>censeo.</span> <span class='ocrx_word' id='word_1_210' title='bbox 397 2349 601 2403; x_wconf 90' lang='lat' dir='ltr'>Deinceps</span> <span class='ocrx_word' id='word_1_211' title='bbox 638 2349 851 2389; x_wconf 83' lang='lat' dir='ltr'>Fabricius</span> <span class='ocrx_word' id='word_1_212' title='bbox 883 2348 1039 2403; x_wconf 88' lang='lat' dir='ltr'>(cujus</span> <span class='ocrx_word' id='word_1_213' title='bbox 1061 2349 1154 2390; x_wconf 87' lang='lat' dir='ltr'>vide</span> <span class='ocrx_word' id='word_1_214' title='bbox 1184 2351 1315 2391; x_wconf 80' lang='lat' dir='ltr'>Lectt.</span> 
     </span>
     <span class='ocr_line' id='line_1_40' title="bbox 78 2410 1317 2466; baseline 0.002 -16"><span class='ocrx_word' id='word_1_215' title='bbox 78 2411 244 2464; x_wconf 89' lang='lat' dir='ltr'>Scymn.</span> <span class='ocrx_word' id='word_1_216' title='bbox 267 2424 311 2465; x_wconf 90' lang='lat' dir='ltr'>p.</span> <span class='ocrx_word' id='word_1_217' title='bbox 340 2423 389 2450; x_wconf 85' lang='lat'>12</span> <span class='ocrx_word' id='word_1_218' title='bbox 410 2410 423 2465; x_wconf 89' lang='lat'><em>)</em></span> <span class='ocrx_word' id='word_1_219' title='bbox 447 2410 567 2465; x_wconf 91' lang='lat' dir='ltr'>eique</span> <span class='ocrx_word' id='word_1_220' title='bbox 590 2410 884 2466; x_wconf 88' lang='lat' dir='ltr'>obtemperans</span> <span class='ocrx_word' id='word_1_221' title='bbox 914 2411 1146 2453; x_wconf 85' lang='lat' dir='ltr'>Meinekius</span> <span class='ocrx_word' id='word_1_222' title='bbox 1169 2420 1317 2466; x_wconf 81' lang='lat' dir='ltr'>praeter</span> 
     </span>
     <span class='ocr_line' id='line_1_41' title="bbox 79 2471 1319 2528; baseline 0.002 -16"><span class='ocrx_word' id='word_1_223' title='bbox 79 2471 269 2513; x_wconf 89' lang='lat' dir='ltr'>ordinem</span> <span class='ocrx_word' id='word_1_224' title='bbox 298 2486 423 2527; x_wconf 91' lang='lat' dir='ltr'>quem</span> <span class='ocrx_word' id='word_1_225' title='bbox 442 2476 687 2528; x_wconf 84' lang='lat' dir='ltr'>Anonymus</span> <span class='ocrx_word' id='word_1_226' title='bbox 706 2474 908 2527; x_wconf 86' lang='lat' dir='ltr'>sequitur,</span> <span class='ocrx_word' id='word_1_227' title='bbox 933 2482 1162 2527; x_wconf 87' lang='lat' dir='ltr'>posuerunt</span> <span class='ocrx_word' id='word_1_228' title='bbox 1180 2488 1319 2514; x_wconf 89' lang='lat' dir='ltr'>versus</span> 
     </span>
     <span class='ocr_line' id='line_1_42' title="bbox 81 2534 1319 2589; baseline 0 -15"><span class='ocrx_word' id='word_1_229' title='bbox 81 2534 261 2582; x_wconf 86' lang='grc'>838-864</span> <span class='ocrx_word' id='word_1_230' title='bbox 278 2565 288 2583; x_wconf 95' lang='grc'>,</span> <span class='ocrx_word' id='word_1_231' title='bbox 307 2535 457 2588; x_wconf 88' lang='lat' dir='ltr'>quibus</span> <span class='ocrx_word' id='word_1_232' title='bbox 482 2543 621 2587; x_wconf 81' lang='lat' dir='ltr'>gentes</span> <span class='ocrx_word' id='word_1_233' title='bbox 647 2535 846 2589; x_wconf 78' lang='lat' dir='ltr'>Scythicae</span> <span class='ocrx_word' id='word_1_234' title='bbox 869 2534 966 2575; x_wconf 91' lang='lat' dir='ltr'>inde</span> <span class='ocrx_word' id='word_1_235' title='bbox 987 2535 1039 2574; x_wconf 91' lang='lat' dir='ltr'>ab</span> <span class='ocrx_word' id='word_1_236' title='bbox 1064 2537 1171 2575; x_wconf 90' lang='lat' dir='ltr'>Istro</span> <span class='ocrx_word' id='word_1_237' title='bbox 1190 2549 1319 2589; x_wconf 87' lang='lat' dir='ltr'>usque</span> 
     </span>
     <span class='ocr_line' id='line_1_43' title="bbox 79 2595 1316 2637; baseline 0.001 -2"><span class='ocrx_word' id='word_1_238' title='bbox 79 2595 131 2635; x_wconf 78' lang='lat' dir='ltr'>ad</span> <span class='ocrx_word' id='word_1_239' title='bbox 149 2595 385 2636; x_wconf 84' lang='lat' dir='ltr'>Maeotidem</span> <span class='ocrx_word' id='word_1_240' title='bbox 410 2597 637 2636; x_wconf 87' lang='lat' dir='ltr'>habitantes</span> <span class='ocrx_word' id='word_1_241' title='bbox 660 2596 807 2637; x_wconf 89' lang='lat' dir='ltr'>eodem</span> <span class='ocrx_word' id='word_1_242' title='bbox 830 2597 922 2637; x_wconf 90' lang='lat' dir='ltr'>loco</span> <span class='ocrx_word' id='word_1_243' title='bbox 945 2611 1088 2637; x_wconf 89' lang='lat' dir='ltr'>omnes</span> <span class='ocrx_word' id='word_1_244' title='bbox 1104 2610 1316 2637; x_wconf 89' lang='lat' dir='ltr'>recensen-</span> 
     </span>
     <span class='ocr_line' id='line_1_44' title="bbox 82 2659 1319 2714; baseline 0.003 -18"><span class='ocrx_word' id='word_1_245' title='bbox 82 2666 164 2697; x_wconf 87' lang='lat' dir='ltr'>tur.</span> <span class='ocrx_word' id='word_1_246' title='bbox 186 2659 318 2698; x_wconf 82' lang='lat' dir='ltr'>Causa</span> <span class='ocrx_word' id='word_1_247' title='bbox 343 2673 441 2698; x_wconf 92' lang='lat' dir='ltr'>vero</span> <span class='ocrx_word' id='word_1_248' title='bbox 471 2659 593 2713; x_wconf 83' lang='lat' dir='ltr'>hujus</span> <span class='ocrx_word' id='word_1_249' title='bbox 614 2660 944 2714; x_wconf 87' lang='lat' dir='ltr'>transpositionis</span> <span class='ocrx_word' id='word_1_250' title='bbox 976 2667 1036 2699; x_wconf 89' lang='lat' dir='ltr'>est</span> <span class='ocrx_word' id='word_1_251' title='bbox 1065 2659 1190 2700; x_wconf 88' lang='lat' dir='ltr'>nulla.</span> <span class='ocrx_word' id='word_1_252' title='bbox 1214 2661 1319 2700; x_wconf 89' lang='lat' dir='ltr'>Nam</span> 
     </span>
     <span class='ocr_line' id='line_1_45' title="bbox 80 2719 1320 2774; baseline 0.003 -16"><span class='ocrx_word' id='word_1_253' title='bbox 80 2719 251 2774; x_wconf 86' lang='lat' dir='ltr'>perinde</span> <span class='ocrx_word' id='word_1_254' title='bbox 272 2734 442 2774; x_wconf 91' lang='lat' dir='ltr'>prorsus</span> <span class='ocrx_word' id='word_1_255' title='bbox 460 2730 563 2772; x_wconf 86' lang='lat' dir='ltr'>erat,</span> <span class='ocrx_word' id='word_1_256' title='bbox 589 2723 673 2762; x_wconf 90' lang='lat' dir='ltr'>sive</span> <span class='ocrx_word' id='word_1_257' title='bbox 688 2721 739 2762; x_wconf 89' lang='lat' dir='ltr'>de</span> <span class='ocrx_word' id='word_1_258' title='bbox 761 2725 869 2765; x_wconf 89' lang='lat' dir='ltr'>Istro</span> <span class='ocrx_word' id='word_1_259' title='bbox 892 2722 1052 2762; x_wconf 91' lang='lat' dir='ltr'>locutus</span> <span class='ocrx_word' id='word_1_260' title='bbox 1067 2730 1212 2762; x_wconf 88' lang='lat' dir='ltr'>auctor</span> <span class='ocrx_word' id='word_1_261' title='bbox 1229 2722 1320 2762; x_wconf 89' lang='lat' dir='ltr'>bar-</span> 
     </span>
     <span class='ocr_line' id='line_1_46' title="bbox 80 2782 1320 2838; baseline 0.003 -17"><span class='ocrx_word' id='word_1_262' title='bbox 80 2782 198 2822; x_wconf 86' lang='lat' dir='ltr'>baras</span> <span class='ocrx_word' id='word_1_263' title='bbox 222 2791 376 2836; x_wconf 83' lang='lat' dir='ltr'>gentes,</span> <span class='ocrx_word' id='word_1_264' title='bbox 398 2794 489 2837; x_wconf 85' lang='lat' dir='ltr'>quae</span> <span class='ocrx_word' id='word_1_265' title='bbox 511 2784 622 2825; x_wconf 92' lang='lat' dir='ltr'>illinc</span> <span class='ocrx_word' id='word_1_266' title='bbox 643 2793 740 2824; x_wconf 82' lang='lat' dir='ltr'>sunt</span> <span class='ocrx_word' id='word_1_267' title='bbox 754 2799 885 2838; x_wconf 90' lang='lat' dir='ltr'>usque</span> <span class='ocrx_word' id='word_1_268' title='bbox 911 2784 960 2824; x_wconf 91' lang='lat' dir='ltr'>ad</span> <span class='ocrx_word' id='word_1_269' title='bbox 991 2783 1238 2834; x_wconf 71' lang='lat' dir='ltr'>Maeofidem,</span> <span class='ocrx_word' id='word_1_270' title='bbox 1256 2799 1320 2825; x_wconf 88' lang='lat' dir='ltr'>re·-</span> 
     </span>
     <span class='ocr_line' id='line_1_47' title="bbox 82 2844 1321 2902; baseline 0.002 -18"><span class='ocrx_word' id='word_1_271' title='bbox 82 2852 286 2895; x_wconf 91' lang='lat' dir='ltr'>censeret,</span> <span class='ocrx_word' id='word_1_272' title='bbox 305 2853 347 2885; x_wconf 87' lang='lat' dir='ltr'>et</span> <span class='ocrx_word' id='word_1_273' title='bbox 364 2844 516 2886; x_wconf 90' lang='lat' dir='ltr'>deinde</span> <span class='ocrx_word' id='word_1_274' title='bbox 531 2845 583 2886; x_wconf 89' lang='lat' dir='ltr'>ad</span> <span class='ocrx_word' id='word_1_275' title='bbox 604 2861 686 2887; x_wconf 81' lang='lat' dir='ltr'>orae</span> <span class='ocrx_word' id='word_1_276' title='bbox 705 2846 1026 2902; x_wconf 87' lang='lat' dir='ltr'>descriptionem</span> <span class='ocrx_word' id='word_1_277' title='bbox 1050 2845 1219 2896; x_wconf 88' lang='lat' dir='ltr'>rediret,</span> <span class='ocrx_word' id='word_1_278' title='bbox 1238 2847 1321 2887; x_wconf 87' lang='lat' dir='ltr'>sive</span> 
     </span>
     <span class='ocr_line' id='line_1_48' title="bbox 81 2907 1321 2964; baseline 0.002 -17"><span class='ocrx_word' id='word_1_279' title='bbox 81 2907 262 2961; x_wconf 87' lang='lat' dir='ltr'>primum</span> <span class='ocrx_word' id='word_1_280' title='bbox 292 2922 407 2948; x_wconf 87' lang='lat' dir='ltr'>oram</span> <span class='ocrx_word' id='word_1_281' title='bbox 428 2907 479 2948; x_wconf 85' lang='lat' dir='ltr'>ad</span> <span class='ocrx_word' id='word_1_282' title='bbox 506 2908 699 2963; x_wconf 86' lang='lat' dir='ltr'>paludem</span> <span class='ocrx_word' id='word_1_283' title='bbox 731 2924 863 2964; x_wconf 90' lang='lat' dir='ltr'>usque</span> <span class='ocrx_word' id='word_1_284' title='bbox 896 2910 1066 2963; x_wconf 85' lang='lat' dir='ltr'>legeret,</span> <span class='ocrx_word' id='word_1_285' title='bbox 1098 2917 1139 2950; x_wconf 89' lang='lat' dir='ltr'>et</span> <span class='ocrx_word' id='word_1_286' title='bbox 1171 2909 1321 2950; x_wconf 91' lang='lat' dir='ltr'>deinde</span> 
     </span>
     <span class='ocr_line' id='line_1_49' title="bbox 82 2967 1323 3025; baseline 0.003 -18"><span class='ocrx_word' id='word_1_287' title='bbox 82 2967 331 3022; x_wconf 90' lang='lat' dir='ltr'>populorum</span> <span class='ocrx_word' id='word_1_288' title='bbox 358 2970 531 3018; x_wconf 82' lang='lat' dir='ltr'>istorum</span> <span class='ocrx_word' id='word_1_289' title='bbox 559 2985 776 3012; x_wconf 84' lang='lat' dir='ltr'>recensum</span> <span class='ocrx_word' id='word_1_290' title='bbox 803 2970 1037 3025; x_wconf 77' lang='lat' dir='ltr'>subjiceret.</span> <span class='ocrx_word' id='word_1_291' title='bbox 1071 2970 1188 3012; x_wconf 89' lang='lat' dir='ltr'>Idem</span> <span class='ocrx_word' id='word_1_292' title='bbox 1218 2971 1323 3012; x_wconf 89' lang='lat' dir='ltr'>valet</span> 
     </span>
     <span class='ocr_line' id='line_1_50' title="bbox 85 3028 1322 3089; baseline 0.004 -20"><span class='ocrx_word' id='word_1_293' title='bbox 85 3028 136 3069; x_wconf 89' lang='lat' dir='ltr'>de</span> <span class='ocrx_word' id='word_1_294' title='bbox 158 3032 398 3086; x_wconf 89' lang='lat' dir='ltr'>Anonymo,</span> <span class='ocrx_word' id='word_1_295' title='bbox 424 3033 495 3086; x_wconf 90' lang='lat' dir='ltr'>qui</span> <span class='ocrx_word' id='word_1_296' title='bbox 529 3041 575 3073; x_wconf 89' lang='lat' dir='ltr'>ut</span> <span class='ocrx_word' id='word_1_297' title='bbox 607 3034 650 3074; x_wconf 90' lang='lat' dir='ltr'>in</span> <span class='ocrx_word' id='word_1_298' title='bbox 673 3034 840 3088; x_wconf 90' lang='lat' dir='ltr'>reliquis</span> <span class='ocrx_word' id='word_1_299' title='bbox 877 3033 1068 3074; x_wconf 88' lang='lat' dir='ltr'>ordinem</span> <span class='ocrx_word' id='word_1_300' title='bbox 1104 3034 1322 3089; x_wconf 86' lang='lat' dir='ltr'>periegesis</span> 
     </span>
     <span class='ocr_line' id='line_1_51' title="bbox 84 3092 1322 3150; baseline 0.003 -18"><span class='ocrx_word' id='word_1_301' title='bbox 84 3092 212 3145; x_wconf 83' lang='lat' dir='ltr'>probe</span> <span class='ocrx_word' id='word_1_302' title='bbox 236 3095 433 3144; x_wconf 89' lang='lat' dir='ltr'>servavit,</span> <span class='ocrx_word' id='word_1_303' title='bbox 458 3095 516 3135; x_wconf 91' lang='lat' dir='ltr'>sic</span> <span class='ocrx_word' id='word_1_304' title='bbox 538 3097 661 3136; x_wconf 87' lang='lat' dir='ltr'>etiam</span> <span class='ocrx_word' id='word_1_305' title='bbox 683 3096 763 3137; x_wconf 93' lang='lat' dir='ltr'>hoc</span> <span class='ocrx_word' id='word_1_306' title='bbox 784 3096 876 3137; x_wconf 92' lang='lat' dir='ltr'>loco</span> <span class='ocrx_word' id='word_1_307' title='bbox 895 3111 980 3136; x_wconf 92' lang='lat' dir='ltr'>non</span> <span class='ocrx_word' id='word_1_308' title='bbox 1003 3095 1231 3136; x_wconf 90' lang='lat' dir='ltr'>deseruisse</span> <span class='ocrx_word' id='word_1_309' title='bbox 1244 3110 1322 3150; x_wconf 91' lang='lat' dir='ltr'>pu·</span> 
     </span>
     <span class='ocr_line' id='line_1_52' title="bbox 87 3153 1319 3214; baseline 0.006 -22"><span class='ocrx_word' id='word_1_310' title='bbox 87 3153 233 3194; x_wconf 84' lang='lat' dir='ltr'>tandus</span> <span class='ocrx_word' id='word_1_311' title='bbox 248 3164 322 3196; x_wconf 90' lang='lat' dir='ltr'>est.</span> <span class='ocrx_word' id='word_1_312' title='bbox 342 3156 359 3210; x_wconf 76' lang='lat' dir='ltr'>ss</span> <span class='ocrx_word' id='word_1_313' title='bbox 377 3180 434 3187; x_wconf 97' lang='lat'><strong>—</strong></span> <span class='ocrx_word' id='word_1_314' title='bbox 448 3159 648 3211; x_wconf 84' lang='lat'>798-803.</span> <span class='ocrx_word' id='word_1_315' title='bbox 666 3161 802 3201; x_wconf 83' lang='lat' dir='ltr'>Anon.</span> <span class='ocrx_word' id='word_1_316' title='bbox 831 3173 880 3214; x_wconf 81' lang='lat' dir='ltr'>p.</span> <span class='ocrx_word' id='word_1_317' title='bbox 897 3174 920 3212; x_wconf 89' lang='lat'><strong>9</strong></span> <span class='ocrx_word' id='word_1_318' title='bbox 934 3161 1069 3213; x_wconf 78' lang='lat' dir='ltr'>H.,p.</span> <span class='ocrx_word' id='word_1_319' title='bbox 1086 3171 1182 3208; x_wconf 84' lang='lat'>220,</span> <span class='ocrx_word' id='word_1_320' title='bbox 1202 3160 1225 3206; x_wconf 99' lang='grc'>4</span> <span class='ocrx_word' id='word_1_321' title='bbox 1240 3161 1291 3199; x_wconf 89' lang='lat' dir='ltr'>G.</span> <span class='ocrx_word' id='word_1_322' title='bbox 1310 3171 1319 3199; x_wconf 74' lang='grc' dir='ltr'>ε</span> 
     </span>
     <span class='ocr_line' id='line_1_53' title="bbox 87 3209 1328 3275; baseline 0.006 -22"><span class='ocrx_word' id='word_1_323' title='bbox 87 3209 208 3262; x_wconf 67' lang='grc' dir='ltr'>Οὗτος</span> <span class='ocrx_word' id='word_1_324' title='bbox 226 3215 246 3255; x_wconf 85' lang='grc' dir='ltr'>ὅ</span> <span class='ocrx_word' id='word_1_325' title='bbox 272 3216 391 3272; x_wconf 76' lang='grc' dir='ltr'>Τύρας</span> <span class='ocrx_word' id='word_1_326' title='bbox 412 3218 584 3273; x_wconf 71' lang='grc' dir='ltr'>ποταμὸς</span> <span class='ocrx_word' id='word_1_327' title='bbox 606 3220 718 3274; x_wconf 77' lang='grc' dir='ltr'>βαθύς</span> <span class='ocrx_word' id='word_1_328' title='bbox 740 3235 781 3260; x_wconf 88' lang='grc' dir='ltr'>τε</span> <span class='ocrx_word' id='word_1_329' title='bbox 803 3221 873 3270; x_wconf 83' lang='grc' dir='ltr'>ὢν,</span> <span class='ocrx_word' id='word_1_330' title='bbox 900 3219 1053 3267; x_wconf 74' lang='grc' dir='ltr'>εὔὸοτος</span> <span class='ocrx_word' id='word_1_331' title='bbox 1074 3222 1158 3267; x_wconf 79' lang='grc' dir='ltr'>ταῖς</span> <span class='ocrx_word' id='word_1_332' title='bbox 1187 3223 1328 3275; x_wconf 79' lang='grc' dir='ltr'>νομαῖς</span> 
     </span>
     <span class='ocr_line' id='line_1_54' title="bbox 89 3274 1323 3336; baseline 0.007 -23"><span class='ocrx_word' id='word_1_333' title='bbox 89 3278 164 3314; x_wconf 81' lang='grc' dir='ltr'>τῶν</span> <span class='ocrx_word' id='word_1_334' title='bbox 201 3274 342 3330; x_wconf 75' lang='grc' dir='ltr'>ἰχΟύων</span> <span class='ocrx_word' id='word_1_335' title='bbox 377 3278 477 3320; x_wconf 81' lang='grc' dir='ltr'>ἐστὶν</span> <span class='ocrx_word' id='word_1_336' title='bbox 510 3281 676 3321; x_wconf 84' lang='grc' dir='ltr'>διάθεσιν</span> <span class='ocrx_word' id='word_1_337' title='bbox 694 3281 885 3336; x_wconf 78' lang='grc' dir='ltr'>ἐμπόροις</span> <span class='ocrx_word' id='word_1_338' title='bbox 908 3280 1028 3336; x_wconf 77' lang='grc' dir='ltr'>ἔχων.</span> <span class='ocrx_word' id='word_1_339' title='bbox 1053 3283 1103 3322; x_wconf 85' lang='lat' dir='ltr'>In</span> <span class='ocrx_word' id='word_1_340' title='bbox 1127 3296 1323 3322; x_wconf 92' lang='lat' dir='ltr'>numeros</span> 
     </span>
     <span class='ocr_line' id='line_1_55' title="bbox 90 3336 1322 3398; baseline 0.006 -22"><span class='ocrx_word' id='word_1_341' title='bbox 90 3336 336 3391; x_wconf 83' lang='lat' dir='ltr'>redegerunt</span> <span class='ocrx_word' id='word_1_342' title='bbox 350 3342 451 3383; x_wconf 91' lang='lat' dir='ltr'>alius</span> <span class='ocrx_word' id='word_1_343' title='bbox 466 3352 558 3397; x_wconf 90' lang='lat' dir='ltr'>post</span> <span class='ocrx_word' id='word_1_344' title='bbox 568 3344 693 3384; x_wconf 85' lang='lat' dir='ltr'>alium</span> <span class='ocrx_word' id='word_1_345' title='bbox 713 3343 857 3384; x_wconf 90' lang='lat' dir='ltr'>melius</span> <span class='ocrx_word' id='word_1_346' title='bbox 869 3344 1054 3398; x_wconf 68' lang='lat' dir='ltr'>quaedam</span> <span class='ocrx_word' id='word_1_347' title='bbox 1070 3346 1322 3385; x_wconf 88' lang='lat' dir='ltr'>constituen-</span> 
     </span>
     <span class='ocr_line' id='line_1_56' title="bbox 91 3400 1325 3460; baseline 0.007 -23"><span class='ocrx_word' id='word_1_348' title='bbox 91 3406 166 3448; x_wconf 85' lang='lat' dir='ltr'>tes,</span> <span class='ocrx_word' id='word_1_349' title='bbox 185 3400 435 3454; x_wconf 87' lang='lat' dir='ltr'>Holstenius,</span> <span class='ocrx_word' id='word_1_350' title='bbox 458 3406 645 3455; x_wconf 62' lang='lat' dir='ltr'>Vosv&#39;us,</span> <span class='ocrx_word' id='word_1_351' title='bbox 667 3407 932 3455; x_wconf 87' lang='lat' dir='ltr'>Letronnius,</span> <span class='ocrx_word' id='word_1_352' title='bbox 955 3405 1202 3447; x_wconf 86' lang='lat' dir='ltr'>Meinekius.</span> <span class='ocrx_word' id='word_1_353' title='bbox 1233 3407 1249 3460; x_wconf 78' lang='grc' dir='ltr'>ΙΙ</span> <span class='ocrx_word' id='word_1_354' title='bbox 1268 3430 1325 3437; x_wconf 88' lang='lat'>-—</span> 
     </span>
     <span class='ocr_line' id='line_1_57' title="bbox 92 3461 1320 3518; baseline 0.006 -18"><span class='ocrx_word' id='word_1_355' title='bbox 92 3461 189 3501; x_wconf 83' lang='lat'>803.</span> <span class='ocrx_word' id='word_1_356' title='bbox 219 3461 411 3518; x_wconf 83' lang='grc' dir='ltr'>λεγομένη</span> <span class='ocrx_word' id='word_1_357' title='bbox 431 3465 586 3514; x_wconf 76' lang='grc' dir='ltr'>ἄποικος</span> <span class='ocrx_word' id='word_1_358' title='bbox 604 3467 809 3518; x_wconf 79' lang='grc' dir='ltr'>Μιλησίων</span> <span class='ocrx_word' id='word_1_359' title='bbox 834 3469 1006 3518; x_wconf 89' lang='lat' dir='ltr'>Anom.;</span> <span class='ocrx_word' id='word_1_360' title='bbox 1025 3482 1109 3509; x_wconf 89' lang='lat' dir='ltr'>em.</span> <span class='ocrx_word' id='word_1_361' title='bbox 1133 3469 1320 3510; x_wconf 91' lang='lat' dir='ltr'>Holsten.</span> 
     </span>
     <span class='ocr_line' id='line_1_58' title="bbox 93 3524 1320 3580; baseline 0.007 -19"><span class='ocrx_word' id='word_1_362' title='bbox 93 3524 154 3562; x_wconf 88' lang='lat' dir='ltr'>De</span> <span class='ocrx_word' id='word_1_363' title='bbox 172 3531 318 3564; x_wconf 88' lang='lat' dir='ltr'>natura</span> <span class='ocrx_word' id='word_1_364' title='bbox 333 3526 452 3580; x_wconf 85' lang='lat' dir='ltr'>Tyrae</span> <span class='ocrx_word' id='word_1_365' title='bbox 466 3527 579 3568; x_wconf 89' lang='lat' dir='ltr'>ssuvii</span> <span class='ocrx_word' id='word_1_366' title='bbox 600 3528 653 3569; x_wconf 84' lang='lat' dir='ltr'>es.</span> <span class='ocrx_word' id='word_1_367' title='bbox 674 3528 798 3569; x_wconf 90' lang='lat' dir='ltr'>Ovid.</span> <span class='ocrx_word' id='word_1_368' title='bbox 812 3530 875 3569; x_wconf 85' lang='lat' dir='ltr'>Ex</span> <span class='ocrx_word' id='word_1_369' title='bbox 894 3531 1028 3570; x_wconf 87' lang='lat' dir='ltr'>Ponto</span> <span class='ocrx_word' id='word_1_370' title='bbox 1046 3531 1122 3580; x_wconf 93' lang='lat' dir='ltr'>IV,</span> <span class='ocrx_word' id='word_1_371' title='bbox 1149 3544 1214 3580; x_wconf 90' lang='lat'>10,</span> <span class='ocrx_word' id='word_1_372' title='bbox 1238 3530 1290 3571; x_wconf 86' lang='lat'>50</span> <span class='ocrx_word' id='word_1_373' title='bbox 1311 3543 1320 3570; x_wconf 75' lang='grc' dir='ltr'>ε</span> 
     </span>
     <span class='ocr_line' id='line_1_59' title="bbox 92 3584 1324 3643; baseline 0.008 -21"><span class='ocrx_word' id='word_1_374' title='bbox 92 3584 204 3623; x_wconf 81' lang='lat' dir='ltr'>nullo</span> <span class='ocrx_word' id='word_1_375' title='bbox 230 3584 392 3626; x_wconf 78' lang='lat' dir='ltr'>tardior</span> <span class='ocrx_word' id='word_1_376' title='bbox 411 3602 526 3627; x_wconf 84' lang='lat' dir='ltr'>amne</span> <span class='ocrx_word' id='word_1_377' title='bbox 547 3592 689 3643; x_wconf 67' lang='lat' dir='ltr'>Tyras.</span> <span class='ocrx_word' id='word_1_378' title='bbox 708 3590 875 3630; x_wconf 88' lang='lat' dir='ltr'>Flaccus</span> <span class='ocrx_word' id='word_1_379' title='bbox 899 3592 998 3643; x_wconf 85' lang='lat' dir='ltr'>Arg.</span> <span class='ocrx_word' id='word_1_380' title='bbox 1015 3592 1092 3640; x_wconf 89' lang='lat' dir='ltr'>VI,</span> <span class='ocrx_word' id='word_1_381' title='bbox 1117 3593 1186 3640; x_wconf 91' lang='grc'>84.</span> <span class='ocrx_word' id='word_1_382' title='bbox 1208 3593 1324 3633; x_wconf 82' lang='lat' dir='ltr'>Grae-</span> 
     </span>
     <span class='ocr_line' id='line_1_60' title="bbox 93 3645 1321 3703; baseline 0.007 -18"><span class='ocrx_word' id='word_1_383' title='bbox 93 3660 162 3686; x_wconf 85' lang='lat' dir='ltr'>cos</span> <span class='ocrx_word' id='word_1_384' title='bbox 184 3645 235 3686; x_wconf 87' lang='lat' dir='ltr'>ad</span> <span class='ocrx_word' id='word_1_385' title='bbox 253 3648 355 3688; x_wconf 88' lang='lat' dir='ltr'>ostia</span> <span class='ocrx_word' id='word_1_386' title='bbox 373 3647 459 3702; x_wconf 86' lang='lat' dir='ltr'>ejus</span> <span class='ocrx_word' id='word_1_387' title='bbox 487 3650 689 3691; x_wconf 86' lang='lat' dir='ltr'>habitasse</span> <span class='ocrx_word' id='word_1_388' title='bbox 711 3660 850 3692; x_wconf 88' lang='lat' dir='ltr'>narrat</span> <span class='ocrx_word' id='word_1_389' title='bbox 868 3651 1106 3692; x_wconf 88' lang='lat' dir='ltr'>Herodotus</span> <span class='ocrx_word' id='word_1_390' title='bbox 1130 3655 1207 3703; x_wconf 89' lang='lat' dir='ltr'>IV,</span> <span class='ocrx_word' id='word_1_391' title='bbox 1234 3654 1281 3694; x_wconf 88' lang='lat'>51</span> <span class='ocrx_word' id='word_1_392' title='bbox 1312 3666 1321 3694; x_wconf 88' lang='grc'>;</span> 
     </span>
     <span class='ocr_line' id='line_1_61' title="bbox 94 3707 1326 3770; baseline 0.006 -22"><span class='ocrx_word' id='word_1_393' title='bbox 94 3708 155 3748; x_wconf 74' lang='grc' dir='ltr'>ἐπὶ</span> <span class='ocrx_word' id='word_1_394' title='bbox 177 3707 217 3748; x_wconf 76' lang='grc' dir='ltr'>δὲ</span> <span class='ocrx_word' id='word_1_395' title='bbox 231 3713 286 3764; x_wconf 83' lang='grc' dir='ltr'>τῷ</span> <span class='ocrx_word' id='word_1_396' title='bbox 305 3710 468 3765; x_wconf 85' lang='grc' dir='ltr'>στόματι</span> <span class='ocrx_word' id='word_1_397' title='bbox 486 3711 600 3752; x_wconf 76' lang='grc' dir='ltr'>αὖτοῦ</span> <span class='ocrx_word' id='word_1_398' title='bbox 619 3713 866 3765; x_wconf 83' lang='grc' dir='ltr'>κατοίκηνται</span> <span class='ocrx_word' id='word_1_399' title='bbox 881 3712 1095 3765; x_wconf 73' lang='grc' dir='ltr'>Ἕλληνες,</span> <span class='ocrx_word' id='word_1_400' title='bbox 1113 3714 1152 3755; x_wconf 85' lang='grc' dir='ltr'>οἳ</span> <span class='ocrx_word' id='word_1_401' title='bbox 1167 3715 1326 3770; x_wconf 76' lang='grc' dir='ltr'>Τυρῖται</span> 
     </span>
     <span class='ocr_line' id='line_1_62' title="bbox 93 3770 1326 3824; baseline 0.008 -15"><span class='ocrx_word' id='word_1_402' title='bbox 93 3770 310 3811; x_wconf 82' lang='grc' dir='ltr'>καλέονται.</span> <span class='ocrx_word' id='word_1_403' title='bbox 340 3773 356 3824; x_wconf 91' lang='grc'>(</span> <span class='ocrx_word' id='word_1_404' title='bbox 375 3774 633 3814; x_wconf 84' lang='lat' dir='ltr'>Ammianus.</span> <span class='ocrx_word' id='word_1_405' title='bbox 670 3775 848 3824; x_wconf 90' lang='lat' dir='ltr'>XXVII,</span> <span class='ocrx_word' id='word_1_406' title='bbox 886 3777 910 3824; x_wconf 89' lang='grc'>4</span> <span class='ocrx_word' id='word_1_407' title='bbox 941 3774 1086 3816; x_wconf 88' lang='lat' dir='ltr'>ludens</span> <span class='ocrx_word' id='word_1_408' title='bbox 1123 3789 1133 3817; x_wconf 92' lang='lat'><strong>:</strong></span> <span class='ocrx_word' id='word_1_409' title='bbox 1171 3777 1326 3819; x_wconf 80' lang='lat' dir='ltr'>civitas</span> 
     </span>
     <span class='ocr_line' id='line_1_63' title="bbox 101 3833 1327 3892; baseline 0.008 -21"><span class='ocrx_word' id='word_1_410' title='bbox 101 3835 240 3884; x_wconf 53' lang='lat' dir='ltr'>Tyros,</span> <span class='ocrx_word' id='word_1_411' title='bbox 276 3833 434 3874; x_wconf 80' lang='lat' dir='ltr'>colonia</span> <span class='ocrx_word' id='word_1_412' title='bbox 465 3835 713 3883; x_wconf 71' lang='lat' dir='ltr'>Phoenicum,</span> <span class='ocrx_word' id='word_1_413' title='bbox 737 3851 858 3891; x_wconf 81' lang='lat' dir='ltr'>quam</span> <span class='ocrx_word' id='word_1_414' title='bbox 882 3837 1143 3892; x_wconf 76' lang='lat' dir='ltr'>proeslringit</span> <span class='ocrx_word' id='word_1_415' title='bbox 1162 3840 1327 3891; x_wconf 75' lang='lat' dir='ltr'>fluvius</span> 
     </span>
     <span class='ocr_line' id='line_1_64' title="bbox 102 3894 1328 3955; baseline 0.005 -20"><span class='ocrx_word' id='word_1_416' title='bbox 102 3897 230 3947; x_wconf 68' lang='lat' dir='ltr'>Tyras</span> <span class='ocrx_word' id='word_1_417' title='bbox 254 3894 285 3949; x_wconf 95' lang='lat'>).</span> <span class='ocrx_word' id='word_1_418' title='bbox 307 3895 462 3936; x_wconf 88' lang='lat' dir='ltr'>Urbem</span> <span class='ocrx_word' id='word_1_419' title='bbox 493 3898 646 3951; x_wconf 70' lang='lat' dir='ltr'>Tyram</span> <span class='ocrx_word' id='word_1_420' title='bbox 663 3897 714 3938; x_wconf 89' lang='lat' dir='ltr'>ab</span> <span class='ocrx_word' id='word_1_421' title='bbox 743 3898 927 3952; x_wconf 87' lang='lat' dir='ltr'>Ophiusa</span> <span class='ocrx_word' id='word_1_422' title='bbox 952 3912 1037 3939; x_wconf 90' lang='lat' dir='ltr'>non</span> <span class='ocrx_word' id='word_1_423' title='bbox 1069 3898 1328 3955; x_wconf 85' lang='lat' dir='ltr'>distinguunt</span> 
     </span>
     <span class='ocr_line' id='line_1_65' title="bbox 93 3957 1328 4018; baseline 0.006 -22"><span class='ocrx_word' id='word_1_424' title='bbox 93 3957 328 3998; x_wconf 74' lang='lat' dir='ltr'>Alexander</span> <span class='ocrx_word' id='word_1_425' title='bbox 348 3959 580 4014; x_wconf 80' lang='lat' dir='ltr'>Polyhistor</span> <span class='ocrx_word' id='word_1_426' title='bbox 594 3974 660 4014; x_wconf 86' lang='lat' dir='ltr'>ap.</span> <span class='ocrx_word' id='word_1_427' title='bbox 685 3960 879 4014; x_wconf 85' lang='lat' dir='ltr'>Stephan.</span> <span class='ocrx_word' id='word_1_428' title='bbox 899 3962 1059 4015; x_wconf 72' lang='lat' dir='ltr'>Byz.‘v.</span> <span class='ocrx_word' id='word_1_429' title='bbox 1083 3961 1203 4018; x_wconf 78' lang='grc' dir='ltr'>Τύρας</span> <span class='ocrx_word' id='word_1_430' title='bbox 1219 3977 1231 3989; x_wconf 89' lang='lat'><strong>·</strong></span> <span class='ocrx_word' id='word_1_431' title='bbox 1248 3963 1269 4004; x_wconf 89' lang='grc' dir='ltr'>ὁ</span> <span class='ocrx_word' id='word_1_432' title='bbox 1288 3964 1328 4004; x_wconf 83' lang='grc' dir='ltr'>δὲ</span> 
     </span>
     <span class='ocr_line' id='line_1_66' title="bbox 97 4017 1329 4079; baseline 0.007 -22"><span class='ocrx_word' id='word_1_433' title='bbox 97 4017 322 4075; x_wconf 83' lang='grc' dir='ltr'>Πολυίστωρ</span> <span class='ocrx_word' id='word_1_434' title='bbox 351 4020 417 4061; x_wconf 73' lang='grc' dir='ltr'>τὸν</span> <span class='ocrx_word' id='word_1_435' title='bbox 437 4022 610 4077; x_wconf 73' lang='grc' dir='ltr'>ποταμὸν</span> <span class='ocrx_word' id='word_1_436' title='bbox 631 4021 695 4062; x_wconf 78' lang='grc' dir='ltr'>καὶ</span> <span class='ocrx_word' id='word_1_437' title='bbox 709 4019 778 4073; x_wconf 76' lang='grc' dir='ltr'>τὴν</span> <span class='ocrx_word' id='word_1_438' title='bbox 803 4021 916 4063; x_wconf 82' lang='grc' dir='ltr'>πόλιν</span> <span class='ocrx_word' id='word_1_439' title='bbox 932 4022 1054 4079; x_wconf 75' lang='grc' dir='ltr'>Τύραν</span> <span class='ocrx_word' id='word_1_440' title='bbox 1077 4024 1220 4079; x_wconf 58' lang='grc' dir='ltr'>(φησὶ),</span> <span class='ocrx_word' id='word_1_441' title='bbox 1243 4026 1329 4074; x_wconf 63' lang='grc' dir='ltr'>τοὺς</span> 
     </span>
    </p>
   </div>
   <div class='ocr_carea' id='block_1_16' title="bbox 1068 199 1649 250">
    <p class='ocr_par' dir='ltr' id='par_1_16' title="bbox 1068 199 1649 250">
     <span class='ocr_line' id='line_1_67' title="bbox 1068 199 1649 250; baseline 0.01 -6"><span class='ocrx_word' id='word_1_442' title='bbox 1068 199 1242 245; x_wconf 83' lang='lat' dir='ltr'>ORBIS</span> <span class='ocrx_word' id='word_1_443' title='bbox 1276 201 1649 250; x_wconf 84' lang='lat' dir='ltr'>DESCRIPTIO.</span> 
     </span>
    </p>
   </div>
   <div class='ocr_carea' id='block_1_17' title="bbox 1284 1496 1389 1500">
    <p class='ocr_par' dir='ltr' id='par_1_17' title="bbox 1284 1496 1389 1500">
     <span class='ocr_line' id='line_1_68' title="bbox 1284 1496 1389 1500; baseline 0 0"><span class='ocrx_word' id='word_1_444' title='bbox 1284 1496 1389 1500; x_wconf 95' lang='lat' dir='ltr'> </span> 
     </span>
    </p>
   </div>
   <div class='ocr_carea' id='block_1_18' title="bbox 2529 226 2614 264">
    <p class='ocr_par' dir='ltr' id='par_1_18' title="bbox 2529 226 2614 264">
     <span class='ocr_line' id='line_1_69' title="bbox 2529 226 2614 264; baseline 0.024 -2"><span class='ocrx_word' id='word_1_445' title='bbox 2529 226 2614 264; x_wconf 81' lang='lat'>229</span> 
     </span>
    </p>
   </div>
   <div class='ocr_carea' id='block_1_19' title="bbox 1390 312 2454 374">
    <p class='ocr_par' dir='ltr' id='par_1_19' title="bbox 1390 312 2454 374">
     <span class='ocr_line' id='line_1_70' title="bbox 1390 312 2454 374; baseline 0.009 -24"><span class='ocrx_word' id='word_1_446' title='bbox 1390 312 1472 362; x_wconf 90' lang='lat' dir='ltr'>(Hi</span> <span class='ocrx_word' id='word_1_447' title='bbox 1491 325 1587 352; x_wconf 86' lang='lat' dir='ltr'>vero</span> <span class='ocrx_word' id='word_1_448' title='bbox 1601 312 1780 353; x_wconf 90' lang='lat' dir='ltr'>Thraces</span> <span class='ocrx_word' id='word_1_449' title='bbox 1798 321 1894 353; x_wconf 88' lang='lat' dir='ltr'>sunt</span> <span class='ocrx_word' id='word_1_450' title='bbox 1911 315 2196 368; x_wconf 85' lang='lat' dir='ltr'>Bastarnaeque</span> <span class='ocrx_word' id='word_1_451' title='bbox 2218 330 2423 360; x_wconf 68' lang='lat' dir='ltr'>convente.</span> <span class='ocrx_word' id='word_1_452' title='bbox 2439 324 2454 374; x_wconf 84' lang='grc'>“)</span> 
     </span>
    </p>
   </div>
   <div class='ocr_carea' id='block_1_20' title="bbox 1387 449 2435 568">
    <p class='ocr_par' dir='ltr' id='par_1_20' title="bbox 1387 449 2435 568">
     <span class='ocr_line' id='line_1_71' title="bbox 2262 449 2435 488; baseline 0.006 0"><span class='ocrx_word' id='word_1_453' title='bbox 2262 449 2376 488; x_wconf 84' lang='lat' dir='ltr'>Fluv&#39;</span> <span class='ocrx_word' id='word_1_454' title='bbox 2432 467 2435 470; x_wconf 74' lang='grc'>’</span> 
     </span>
     <span class='ocr_line' id='line_1_72' title="bbox 1387 465 2427 568; baseline 0.007 -19"><span class='ocrx_word' id='word_1_455' title='bbox 1387 511 1517 564; x_wconf 88' lang='lat' dir='ltr'>Tyras</span> <span class='ocrx_word' id='word_1_456' title='bbox 1534 511 1765 564; x_wconf 83' lang='lat' dir='ltr'>profundus</span> <span class='ocrx_word' id='word_1_457' title='bbox 1782 513 2079 567; x_wconf 85' lang='lat' dir='ltr'>abundansque</span> <span class='ocrx_word' id='word_1_458' title='bbox 2097 519 2269 568; x_wconf 87' lang='lat' dir='ltr'>pascuis,</span> <span class='ocrx_word' id='word_1_459' title='bbox 2367 465 2427 490; x_wconf 77' lang='lat'>¹¹¹⁵</span> 
     </span>
    </p>
   </div>
   <div class='ocr_carea' id='block_1_21' title="bbox 1387 579 2396 839">
    <p class='ocr_par' dir='ltr' id='par_1_21' title="bbox 1388 579 2396 770">
     <span class='ocr_line' id='line_1_73' title="bbox 1388 579 2396 638; baseline 0.009 -21"><span class='ocrx_word' id='word_1_460' title='bbox 1388 579 1564 633; x_wconf 87' lang='lat' dir='ltr'>piscium</span> <span class='ocrx_word' id='word_1_461' title='bbox 1583 579 1864 621; x_wconf 81' lang='lat' dir='ltr'>venditionem</span> <span class='ocrx_word' id='word_1_462' title='bbox 1886 583 2183 623; x_wconf 86' lang='lat' dir='ltr'>mercatoribus</span> <span class='ocrx_word' id='word_1_463' title='bbox 2196 585 2396 638; x_wconf 80' lang='lat' dir='ltr'>praebens,</span> 
     </span>
     <span class='ocr_line' id='line_1_74' title="bbox 1390 647 2358 700; baseline 0.011 -15"><span class='ocrx_word' id='word_1_464' title='bbox 1390 647 1669 700; x_wconf 87' lang='lat' dir='ltr'>onerariisque</span> <span class='ocrx_word' id='word_1_465' title='bbox 1698 648 1871 689; x_wconf 90' lang='lat' dir='ltr'>navibus</span> <span class='ocrx_word' id='word_1_466' title='bbox 1890 657 2020 690; x_wconf 85' lang='lat' dir='ltr'>tutam</span> <span class='ocrx_word' id='word_1_467' title='bbox 2036 651 2358 696; x_wconf 83' lang='lat' dir='ltr'>subvectionem.</span> 
     </span>
     <span class='ocr_line' id='line_1_75' title="bbox 1390 714 2096 770; baseline 0.003 -15"><span class='ocrx_word' id='word_1_468' title='bbox 1390 714 1658 768; x_wconf 83' lang='lat' dir='ltr'>Cognominis</span> <span class='ocrx_word' id='word_1_469' title='bbox 1677 714 1804 755; x_wconf 66' lang='lat' dir='ltr'>fluvio</span> <span class='ocrx_word' id='word_1_470' title='bbox 1823 715 1980 770; x_wconf 86' lang='lat' dir='ltr'>adjacet</span> <span class='ocrx_word' id='word_1_471' title='bbox 1997 717 2096 758; x_wconf 88' lang='lat' dir='ltr'>urbs</span> 
     </span>
    </p>

    <p class='ocr_par' dir='ltr' id='par_1_22' title="bbox 1387 783 2202 839">
     <span class='ocr_line' id='line_1_76' title="bbox 1387 783 2202 839; baseline 0.006 -15"><span class='ocrx_word' id='word_1_472' title='bbox 1387 785 1532 839; x_wconf 88' lang='lat' dir='ltr'>Tyras,</span> <span class='ocrx_word' id='word_1_473' title='bbox 1548 783 1709 825; x_wconf 88' lang='lat' dir='ltr'>colonia</span> <span class='ocrx_word' id='word_1_474' title='bbox 1727 798 1818 838; x_wconf 88' lang='lat' dir='ltr'>quae</span> <span class='ocrx_word' id='word_1_475' title='bbox 1834 783 1913 825; x_wconf 80' lang='lat' dir='ltr'>fuit</span> <span class='ocrx_word' id='word_1_476' title='bbox 1932 785 2202 829; x_wconf 84' lang='lat' dir='ltr'>Milesiorum.</span> 
     </span>
    </p>
   </div>
   <div class='ocr_carea' id='block_1_22' title="bbox 1947 879 2066 887">
    <p class='ocr_par' dir='ltr' id='par_1_23' title="bbox 1947 879 2066 887">
     <span class='ocr_line' id='line_1_77' title="bbox 1947 879 2066 887; baseline 0 3455"><span class='ocrx_word' id='word_1_477' title='bbox 1947 879 2066 887; x_wconf 95' lang='lat' dir='ltr'> </span> 
     </span>
    </p>
   </div>
   <div class='ocr_carea' id='block_1_23' title="bbox 1388 923 2396 1458">
    <p class='ocr_par' dir='ltr' id='par_1_24' title="bbox 1389 923 2076 979">
     <span class='ocr_line' id='line_1_78' title="bbox 1389 923 2076 979; baseline 0.001 -15"><span class='ocrx_word' id='word_1_478' title='bbox 1389 923 1456 964; x_wconf 89' lang='lat' dir='ltr'>Ad</span> <span class='ocrx_word' id='word_1_479' title='bbox 1477 924 1743 979; x_wconf 88' lang='lat' dir='ltr'>Hypanisque</span> <span class='ocrx_word' id='word_1_480' title='bbox 1759 932 1799 965; x_wconf 91' lang='lat' dir='ltr'>et</span> <span class='ocrx_word' id='word_1_481' title='bbox 1812 925 2076 979; x_wconf 87' lang='lat' dir='ltr'>Borysthenis</span> 
     </span>
    </p>

    <p class='ocr_par' dir='ltr' id='par_1_25' title="bbox 1389 993 2287 1116">
     <span class='ocr_line' id='line_1_79' title="bbox 1390 993 2287 1046; baseline 0.004 -14"><span class='ocrx_word' id='word_1_482' title='bbox 1390 993 1612 1033; x_wconf 84' lang='lat' dir='ltr'>fluviorum</span> <span class='ocrx_word' id='word_1_483' title='bbox 1635 993 1821 1046; x_wconf 85' lang='lat' dir='ltr'>geminos</span> <span class='ocrx_word' id='word_1_484' title='bbox 1843 994 2096 1034; x_wconf 79' lang='lat' dir='ltr'>confluentes</span> <span class='ocrx_word' id='word_1_485' title='bbox 2113 995 2210 1035; x_wconf 87' lang='lat' dir='ltr'>urbs</span> <span class='ocrx_word' id='word_1_486' title='bbox 2229 1005 2287 1036; x_wconf 85' lang='lat' dir='ltr'>est</span> 
     </span>
     <span class='ocr_line' id='line_1_80' title="bbox 1389 1061 2134 1116; baseline 0.004 -15"><span class='ocrx_word' id='word_1_487' title='bbox 1389 1061 1569 1110; x_wconf 89' lang='lat' dir='ltr'>condita,</span> <span class='ocrx_word' id='word_1_488' title='bbox 1587 1076 1679 1116; x_wconf 88' lang='lat' dir='ltr'>quae</span> <span class='ocrx_word' id='word_1_489' title='bbox 1695 1063 1810 1116; x_wconf 90' lang='lat' dir='ltr'>prius</span> <span class='ocrx_word' id='word_1_490' title='bbox 1829 1062 1950 1116; x_wconf 87' lang='lat' dir='ltr'>Olbia</span> <span class='ocrx_word' id='word_1_491' title='bbox 1969 1072 2110 1104; x_wconf 86' lang='lat' dir='ltr'>vocata</span> <span class='ocrx_word' id='word_1_492' title='bbox 2123 1095 2134 1113; x_wconf 92' lang='lat'><em>‚</em></span> 
     </span>
    </p>

    <p class='ocr_par' dir='ltr' id='par_1_26' title="bbox 1388 1131 2207 1240">
     <span class='ocr_line' id='line_1_81' title="bbox 1388 1131 2207 1186; baseline 0.004 -16"><span class='ocrx_word' id='word_1_493' title='bbox 1388 1138 1529 1184; x_wconf 88' lang='lat' dir='ltr'>postea</span> <span class='ocrx_word' id='word_1_494' title='bbox 1544 1144 1567 1170; x_wconf 86' lang='lat' dir='ltr'>a</span> <span class='ocrx_word' id='word_1_495' title='bbox 1596 1131 1750 1171; x_wconf 87' lang='lat' dir='ltr'>Graecis</span> <span class='ocrx_word' id='word_1_496' title='bbox 1772 1145 1914 1170; x_wconf 88' lang='lat' dir='ltr'>rursus</span> <span class='ocrx_word' id='word_1_497' title='bbox 1936 1132 2207 1186; x_wconf 87' lang='lat' dir='ltr'>Borysthenes</span> 
     </span>
     <span class='ocr_line' id='line_1_82' title="bbox 1389 1198 2178 1240; baseline 0.004 -3"><span class='ocrx_word' id='word_1_498' title='bbox 1389 1198 1601 1238; x_wconf 87' lang='lat' dir='ltr'>nominata</span> <span class='ocrx_word' id='word_1_499' title='bbox 1629 1206 1706 1238; x_wconf 91' lang='lat' dir='ltr'>est.</span> <span class='ocrx_word' id='word_1_500' title='bbox 1736 1199 1853 1238; x_wconf 89' lang='lat' dir='ltr'>Hanc</span> <span class='ocrx_word' id='word_1_501' title='bbox 1869 1198 2015 1239; x_wconf 89' lang='lat' dir='ltr'>urbem</span> <span class='ocrx_word' id='word_1_502' title='bbox 2034 1200 2178 1240; x_wconf 88' lang='lat' dir='ltr'>Milesii</span> 
     </span>
    </p>

    <p class='ocr_par' dir='ltr' id='par_1_27' title="bbox 1389 1266 2261 1391">
     <span class='ocr_line' id='line_1_83' title="bbox 1389 1266 2149 1323; baseline 0.004 -18"><span class='ocrx_word' id='word_1_503' title='bbox 1389 1266 1576 1306; x_wconf 92' lang='lat' dir='ltr'>condunt</span> <span class='ocrx_word' id='word_1_504' title='bbox 1595 1266 1748 1307; x_wconf 86' lang='lat' dir='ltr'>Medici</span> <span class='ocrx_word' id='word_1_505' title='bbox 1771 1275 1958 1322; x_wconf 90' lang='lat' dir='ltr'>tempore</span> <span class='ocrx_word' id='word_1_506' title='bbox 1974 1269 2149 1323; x_wconf 88' lang='lat' dir='ltr'>imperii.</span> 
     </span>
     <span class='ocr_line' id='line_1_84' title="bbox 1389 1334 2261 1391; baseline 0.006 -18"><span class='ocrx_word' id='word_1_507' title='bbox 1389 1336 1675 1374; x_wconf 86' lang='lat' dir='ltr'>Ducentorum</span> <span class='ocrx_word' id='word_1_508' title='bbox 1696 1334 1923 1375; x_wconf 86' lang='lat' dir='ltr'>stadiorum</span> <span class='ocrx_word' id='word_1_509' title='bbox 1939 1344 1979 1376; x_wconf 90' lang='lat' dir='ltr'>et</span> <span class='ocrx_word' id='word_1_510' title='bbox 1994 1336 2261 1391; x_wconf 83' lang='lat' dir='ltr'>quadraginta</span> 
     </span>
    </p>

    <p class='ocr_par' dir='ltr' id='par_1_28' title="bbox 1389 1402 2396 1458">
     <span class='ocr_line' id='line_1_85' title="bbox 1389 1402 2396 1458; baseline 0.007 -17"><span class='ocrx_word' id='word_1_511' title='bbox 1389 1417 1411 1442; x_wconf 92' lang='lat' dir='ltr'>a</span> <span class='ocrx_word' id='word_1_512' title='bbox 1435 1403 1538 1442; x_wconf 89' lang='lat' dir='ltr'>mari</span> <span class='ocrx_word' id='word_1_513' title='bbox 1560 1411 1620 1442; x_wconf 90' lang='lat' dir='ltr'>est</span> <span class='ocrx_word' id='word_1_514' title='bbox 1641 1402 1690 1443; x_wconf 90' lang='lat' dir='ltr'>ad</span> <span class='ocrx_word' id='word_1_515' title='bbox 1712 1417 1800 1443; x_wconf 85' lang='lat' dir='ltr'>eam</span> <span class='ocrx_word' id='word_1_516' title='bbox 1819 1404 2020 1458; x_wconf 85' lang='lat' dir='ltr'>navigatio</span> <span class='ocrx_word' id='word_1_517' title='bbox 2040 1404 2211 1446; x_wconf 89' lang='lat' dir='ltr'>adverso</span> <span class='ocrx_word' id='word_1_518' title='bbox 2228 1407 2396 1448; x_wconf 86' lang='lat' dir='ltr'>flumine</span> 
     </span>
    </p>
   </div>
   <div class='ocr_carea' id='block_1_24' title="bbox 2456 1503 2620 1512">
    <p class='ocr_par' dir='ltr' id='par_1_29' title="bbox 2456 1503 2620 1512">
     <span class='ocr_line' id='line_1_86' title="bbox 2456 1503 2620 1512; baseline 0 2830"><span class='ocrx_word' id='word_1_519' title='bbox 2456 1503 2620 1512; x_wconf 95' lang='lat' dir='ltr'> </span> 
     </span>
    </p>
   </div>
   <div class='ocr_carea' id='block_1_25' title="bbox 1387 1538 2623 3456">
    <p class='ocr_par' dir='ltr' id='par_1_30' title="bbox 1387 1538 2623 3456">
     <span class='ocr_line' id='line_1_87' title="bbox 1388 1538 2614 1597; baseline 0.005 -19"><span class='ocrx_word' id='word_1_520' title='bbox 1388 1538 1427 1579; x_wconf 79' lang='grc' dir='ltr'>δὲ</span> <span class='ocrx_word' id='word_1_521' title='bbox 1438 1538 1596 1586; x_wconf 85' lang='grc' dir='ltr'>πολίτας</span> <span class='ocrx_word' id='word_1_522' title='bbox 1609 1539 1811 1594; x_wconf 81' lang='grc' dir='ltr'>Τυράνους·</span> <span class='ocrx_word' id='word_1_523' title='bbox 1834 1540 2010 1580; x_wconf 77' lang='grc' dir='ltr'>ἐκαλεῖτο</span> <span class='ocrx_word' id='word_1_524' title='bbox 2026 1540 2066 1580; x_wconf 78' lang='grc' dir='ltr'>δὲ</span> <span class='ocrx_word' id='word_1_525' title='bbox 2087 1540 2285 1596; x_wconf 78' lang='grc' dir='ltr'>Ὀφιοῦσα,</span> <span class='ocrx_word' id='word_1_526' title='bbox 2301 1553 2422 1597; x_wconf 82' lang='lat' dir='ltr'>atque</span> <span class='ocrx_word' id='word_1_527' title='bbox 2438 1545 2593 1584; x_wconf 87' lang='lat' dir='ltr'>Plinius</span> <span class='ocrx_word' id='word_1_528' title='bbox 2606 1577 2614 1584; x_wconf 95' lang='lat'>.</span> 
     </span>
     <span class='ocr_line' id='line_1_88' title="bbox 1391 1601 2617 1659; baseline 0.003 -17"><span class='ocrx_word' id='word_1_529' title='bbox 1391 1602 1531 1642; x_wconf 76' lang='lat' dir='ltr'>Clarus</span> <span class='ocrx_word' id='word_1_530' title='bbox 1546 1601 1682 1642; x_wconf 80' lang='lat' dir='ltr'>amnis</span> <span class='ocrx_word' id='word_1_531' title='bbox 1705 1605 1811 1656; x_wconf 54' lang='lat' dir='ltr'>sljrra</span> <span class='ocrx_word' id='word_1_532' title='bbox 1834 1601 1986 1657; x_wconf 78' lang='lat' dir='ltr'>oppido</span> <span class='ocrx_word' id='word_1_533' title='bbox 2005 1617 2144 1643; x_wconf 84' lang='lat' dir='ltr'>nomen</span> <span class='ocrx_word' id='word_1_534' title='bbox 2161 1603 2381 1659; x_wconf 81' lang='lat' dir='ltr'>imponens,</span> <span class='ocrx_word' id='word_1_535' title='bbox 2405 1606 2475 1646; x_wconf 77' lang='lat' dir='ltr'>ubi</span> <span class='ocrx_word' id='word_1_536' title='bbox 2498 1620 2617 1647; x_wconf 69' lang='lat' dir='ltr'>(nelca</span> 
     </span>
     <span class='ocr_line' id='line_1_89' title="bbox 1392 1663 2606 1719; baseline 0.005 -16"><span class='ocrx_word' id='word_1_537' title='bbox 1392 1663 1600 1719; x_wconf 77' lang='lat' dir='ltr'>Ophiussa</span> <span class='ocrx_word' id='word_1_538' title='bbox 1632 1663 1861 1704; x_wconf 79' lang='lat' dir='ltr'>dicebatur.</span> <span class='ocrx_word' id='word_1_539' title='bbox 1886 1664 2127 1705; x_wconf 60' lang='lat' dir='ltr'>Ptolemaeus</span> <span class='ocrx_word' id='word_1_540' title='bbox 2153 1668 2229 1715; x_wconf 94' lang='grc' dir='ltr'>ΙΙΙ,</span> <span class='ocrx_word' id='word_1_541' title='bbox 2259 1680 2308 1707; x_wconf 89' lang='grc'>10</span> <span class='ocrx_word' id='word_1_542' title='bbox 2338 1667 2445 1707; x_wconf 92' lang='lat' dir='ltr'>inter</span> <span class='ocrx_word' id='word_1_543' title='bbox 2465 1679 2606 1710; x_wconf 83' lang='lat' dir='ltr'>utram-</span> 
     </span>
     <span class='ocr_line' id='line_1_90' title="bbox 1388 1724 2615 1782; baseline 0.006 -18"><span class='ocrx_word' id='word_1_544' title='bbox 1388 1739 1469 1779; x_wconf 89' lang='lat' dir='ltr'>que</span> <span class='ocrx_word' id='word_1_545' title='bbox 1497 1724 1734 1778; x_wconf 82' lang='lat' dir='ltr'>distinguit,</span> <span class='ocrx_word' id='word_1_546' title='bbox 1756 1727 1909 1780; x_wconf 90' lang='lat' dir='ltr'>Tyram</span> <span class='ocrx_word' id='word_1_547' title='bbox 1943 1741 2027 1766; x_wconf 90' lang='lat' dir='ltr'>non</span> <span class='ocrx_word' id='word_1_548' title='bbox 2055 1727 2174 1781; x_wconf 84' lang='lat' dir='ltr'>longe</span> <span class='ocrx_word' id='word_1_549' title='bbox 2209 1728 2260 1768; x_wconf 88' lang='lat' dir='ltr'>ab</span> <span class='ocrx_word' id='word_1_550' title='bbox 2290 1743 2362 1769; x_wconf 91' lang='lat' dir='ltr'>ora</span> <span class='ocrx_word' id='word_1_551' title='bbox 2396 1731 2615 1782; x_wconf 87' lang='lat' dir='ltr'>maritima,</span> 
     </span>
     <span class='ocr_line' id='line_1_91' title="bbox 1388 1787 2617 1847; baseline 0.006 -21"><span class='ocrx_word' id='word_1_552' title='bbox 1388 1787 1636 1841; x_wconf 91' lang='lat' dir='ltr'>Ophiussam</span> <span class='ocrx_word' id='word_1_553' title='bbox 1653 1788 1695 1827; x_wconf 92' lang='lat' dir='ltr'>in</span> <span class='ocrx_word' id='word_1_554' title='bbox 1718 1787 1864 1828; x_wconf 90' lang='lat' dir='ltr'>eodem</span> <span class='ocrx_word' id='word_1_555' title='bbox 1882 1788 1996 1828; x_wconf 86' lang='lat' dir='ltr'>fluvii</span> <span class='ocrx_word' id='word_1_556' title='bbox 2014 1788 2138 1829; x_wconf 89' lang='lat' dir='ltr'>latere</span> <span class='ocrx_word' id='word_1_557' title='bbox 2160 1790 2202 1829; x_wconf 90' lang='lat' dir='ltr'>in</span> <span class='ocrx_word' id='word_1_558' title='bbox 2218 1789 2525 1833; x_wconf 87' lang='lat' dir='ltr'>mediterraneis</span> <span class='ocrx_word' id='word_1_559' title='bbox 2543 1807 2617 1847; x_wconf 92' lang='lat' dir='ltr'>po-</span> 
     </span>
     <span class='ocr_line' id='line_1_92' title="bbox 1389 1849 2621 1908; baseline 0.006 -20"><span class='ocrx_word' id='word_1_560' title='bbox 1389 1864 1505 1890; x_wconf 90' lang='lat' dir='ltr'>nens.</span> <span class='ocrx_word' id='word_1_561' title='bbox 1523 1853 1578 1891; x_wconf 92' lang='lat' dir='ltr'>At</span> <span class='ocrx_word' id='word_1_562' title='bbox 1589 1849 1814 1891; x_wconf 83' lang='lat' dir='ltr'>Alexandri</span> <span class='ocrx_word' id='word_1_563' title='bbox 1829 1859 1870 1890; x_wconf 90' lang='lat' dir='ltr'>et</span> <span class='ocrx_word' id='word_1_564' title='bbox 1885 1851 2005 1891; x_wconf 91' lang='lat' dir='ltr'>Plinii</span> <span class='ocrx_word' id='word_1_565' title='bbox 2025 1853 2266 1892; x_wconf 89' lang='lat' dir='ltr'>sententiam</span> <span class='ocrx_word' id='word_1_566' title='bbox 2279 1854 2479 1908; x_wconf 90' lang='lat' dir='ltr'>potiorem</span> <span class='ocrx_word' id='word_1_567' title='bbox 2497 1854 2621 1896; x_wconf 88' lang='lat' dir='ltr'>duxe-</span> 
     </span>
     <span class='ocr_line' id='line_1_93' title="bbox 1389 1912 2619 1968; baseline 0.005 -16"><span class='ocrx_word' id='word_1_568' title='bbox 1389 1913 1485 1962; x_wconf 86' lang='lat' dir='ltr'>rim,</span> <span class='ocrx_word' id='word_1_569' title='bbox 1511 1912 1624 1967; x_wconf 89' lang='lat' dir='ltr'>quod</span> <span class='ocrx_word' id='word_1_570' title='bbox 1643 1913 1789 1967; x_wconf 86' lang='lat' dir='ltr'>reliqui</span> <span class='ocrx_word' id='word_1_571' title='bbox 1816 1914 2035 1968; x_wconf 85' lang='lat' dir='ltr'>scriptores</span> <span class='ocrx_word' id='word_1_572' title='bbox 2064 1914 2228 1954; x_wconf 91' lang='lat' dir='ltr'>nonnisi</span> <span class='ocrx_word' id='word_1_573' title='bbox 2254 1916 2315 1955; x_wconf 90' lang='lat' dir='ltr'>vel</span> <span class='ocrx_word' id='word_1_574' title='bbox 2344 1915 2422 1957; x_wconf 93' lang='lat' dir='ltr'>hoc</span> <span class='ocrx_word' id='word_1_575' title='bbox 2439 1917 2500 1957; x_wconf 88' lang='lat' dir='ltr'>vel</span> <span class='ocrx_word' id='word_1_576' title='bbox 2520 1918 2619 1959; x_wconf 91' lang='lat' dir='ltr'>illud</span> 
     </span>
     <span class='ocr_line' id='line_1_94' title="bbox 1392 1970 2616 2034; baseline 0.004 -20"><span class='ocrx_word' id='word_1_577' title='bbox 1392 1989 1544 2014; x_wconf 92' lang='lat' dir='ltr'>nomen</span> <span class='ocrx_word' id='word_1_578' title='bbox 1578 1970 1935 2025; x_wconf 64' lang='lat' dir='ltr'>commemorant,</span> <span class='ocrx_word' id='word_1_579' title='bbox 1953 1976 2106 2029; x_wconf 78' lang='lat' dir='ltr'>Tyram</span> <span class='ocrx_word' id='word_1_580' title='bbox 2141 1977 2256 2016; x_wconf 90' lang='lat' dir='ltr'>novit</span> <span class='ocrx_word' id='word_1_581' title='bbox 2294 1978 2401 2018; x_wconf 88' lang='lat' dir='ltr'>Mela</span> <span class='ocrx_word' id='word_1_582' title='bbox 2427 1980 2482 2028; x_wconf 83' lang='lat' dir='ltr'>II,</span> <span class='ocrx_word' id='word_1_583' title='bbox 2507 1993 2543 2029; x_wconf 95' lang='lat'>1,</span> <span class='ocrx_word' id='word_1_584' title='bbox 2570 1995 2616 2034; x_wconf 90' lang='lat'>7;</span> 
     </span>
     <span class='ocr_line' id='line_1_95' title="bbox 1389 2037 2619 2095; baseline 0.005 -19"><span class='ocrx_word' id='word_1_585' title='bbox 1389 2037 1637 2090; x_wconf 88' lang='lat' dir='ltr'>Ophiussam</span> <span class='ocrx_word' id='word_1_586' title='bbox 1670 2037 1813 2091; x_wconf 78' lang='lat' dir='ltr'>Scylax</span> <span class='ocrx_word' id='word_1_587' title='bbox 1832 2040 1853 2089; x_wconf 73' lang='lat' dir='ltr'>S</span> <span class='ocrx_word' id='word_1_588' title='bbox 1874 2039 1924 2078; x_wconf 88' lang='grc'>68</span> <span class='ocrx_word' id='word_1_589' title='bbox 1950 2045 1991 2077; x_wconf 87' lang='lat' dir='ltr'>et</span> <span class='ocrx_word' id='word_1_590' title='bbox 2015 2037 2174 2088; x_wconf 88' lang='lat' dir='ltr'>Strabo,</span> <span class='ocrx_word' id='word_1_591' title='bbox 2202 2040 2299 2089; x_wconf 90' lang='lat' dir='ltr'>VII,</span> <span class='ocrx_word' id='word_1_592' title='bbox 2334 2054 2377 2094; x_wconf 89' lang='lat' dir='ltr'>p.</span> <span class='ocrx_word' id='word_1_593' title='bbox 2415 2041 2510 2091; x_wconf 82' lang='lat'>306,</span> <span class='ocrx_word' id='word_1_594' title='bbox 2548 2043 2619 2095; x_wconf 85' lang='lat' dir='ltr'>qui</span> 
     </span>
     <span class='ocr_line' id='line_1_96' title="bbox 1388 2098 2618 2150; baseline 0.006 -13"><span class='ocrx_word' id='word_1_595' title='bbox 1388 2098 1533 2139; x_wconf 91' lang='lat' dir='ltr'>urbem</span> <span class='ocrx_word' id='word_1_596' title='bbox 1573 2114 1596 2140; x_wconf 90' lang='lat' dir='ltr'>a</span> <span class='ocrx_word' id='word_1_597' title='bbox 1620 2100 1720 2139; x_wconf 87' lang='lat' dir='ltr'>mari</span> <span class='ocrx_word' id='word_1_598' title='bbox 1760 2098 1944 2139; x_wconf 88' lang='lat' dir='ltr'>dissitam</span> <span class='ocrx_word' id='word_1_599' title='bbox 1990 2098 2112 2139; x_wconf 86' lang='lat' dir='ltr'>fuisse</span> <span class='ocrx_word' id='word_1_600' title='bbox 2162 2103 2240 2148; x_wconf 88' lang='grc'>140</span> <span class='ocrx_word' id='word_1_601' title='bbox 2254 2131 2265 2150; x_wconf 86' lang='grc'>,</span> <span class='ocrx_word' id='word_1_602' title='bbox 2307 2101 2368 2141; x_wconf 93' lang='lat' dir='ltr'>vel</span> <span class='ocrx_word' id='word_1_603' title='bbox 2397 2117 2477 2142; x_wconf 89' lang='lat' dir='ltr'>sec.</span> <span class='ocrx_word' id='word_1_604' title='bbox 2520 2103 2618 2144; x_wconf 81' lang='lat' dir='ltr'>alios</span> 
     </span>
     <span class='ocr_line' id='line_1_97' title="bbox 1393 2161 2616 2219; baseline 0.004 -19"><span class='ocrx_word' id='word_1_605' title='bbox 1393 2174 1470 2202; x_wconf 86' lang='lat'>120</span> <span class='ocrx_word' id='word_1_606' title='bbox 1489 2161 1629 2201; x_wconf 90' lang='lat' dir='ltr'>stadiis</span> <span class='ocrx_word' id='word_1_607' title='bbox 1650 2161 1773 2201; x_wconf 84' lang='lat' dir='ltr'>refert</span> <span class='ocrx_word' id='word_1_608' title='bbox 1793 2163 1809 2212; x_wconf 91' lang='lat'>(</span> <span class='ocrx_word' id='word_1_609' title='bbox 1829 2161 1882 2201; x_wconf 84' lang='lat' dir='ltr'>cf.</span> <span class='ocrx_word' id='word_1_610' title='bbox 1906 2169 1994 2201; x_wconf 89' lang='lat' dir='ltr'>not.</span> <span class='ocrx_word' id='word_1_611' title='bbox 2016 2163 2199 2202; x_wconf 90' lang='lat' dir='ltr'>Crameri</span> <span class='ocrx_word' id='word_1_612' title='bbox 2225 2171 2326 2203; x_wconf 91' lang='lat' dir='ltr'>tom.</span> <span class='ocrx_word' id='word_1_613' title='bbox 2362 2166 2417 2214; x_wconf 90' lang='lat' dir='ltr'>H,</span> <span class='ocrx_word' id='word_1_614' title='bbox 2443 2179 2482 2219; x_wconf 78' lang='lat' dir='ltr'>p.</span> <span class='ocrx_word' id='word_1_615' title='bbox 2510 2166 2557 2205; x_wconf 82' lang='lat'>31</span> <span class='ocrx_word' id='word_1_616' title='bbox 2584 2168 2616 2219; x_wconf 85' lang='lat'>).</span> 
     </span>
     <span class='ocr_line' id='line_1_98' title="bbox 1388 2223 2618 2279; baseline 0.005 -17"><span class='ocrx_word' id='word_1_617' title='bbox 1388 2224 1587 2263; x_wconf 87' lang='lat' dir='ltr'>Arrianus</span> <span class='ocrx_word' id='word_1_618' title='bbox 1609 2237 1743 2277; x_wconf 91' lang='lat' dir='ltr'>neque</span> <span class='ocrx_word' id='word_1_619' title='bbox 1763 2223 2010 2277; x_wconf 91' lang='lat' dir='ltr'>Ophiussam</span> <span class='ocrx_word' id='word_1_620' title='bbox 2033 2238 2166 2277; x_wconf 88' lang='lat' dir='ltr'>neque</span> <span class='ocrx_word' id='word_1_621' title='bbox 2187 2226 2340 2279; x_wconf 85' lang='lat' dir='ltr'>Tyram</span> <span class='ocrx_word' id='word_1_622' title='bbox 2369 2241 2618 2267; x_wconf 89' lang='lat' dir='ltr'>commemo-</span> 
     </span>
     <span class='ocr_line' id='line_1_99' title="bbox 1388 2284 2614 2335; baseline 0.004 -11"><span class='ocrx_word' id='word_1_623' title='bbox 1388 2293 1475 2335; x_wconf 89' lang='lat' dir='ltr'>rat,</span> <span class='ocrx_word' id='word_1_624' title='bbox 1497 2293 1542 2324; x_wconf 91' lang='lat' dir='ltr'>ut</span> <span class='ocrx_word' id='word_1_625' title='bbox 1558 2293 1656 2325; x_wconf 90' lang='lat' dir='ltr'>tunc</span> <span class='ocrx_word' id='word_1_626' title='bbox 1679 2284 1730 2325; x_wconf 87' lang='lat' dir='ltr'>ad</span> <span class='ocrx_word' id='word_1_627' title='bbox 1750 2299 1865 2324; x_wconf 90' lang='lat' dir='ltr'>oram</span> <span class='ocrx_word' id='word_1_628' title='bbox 1882 2284 2023 2324; x_wconf 90' lang='lat' dir='ltr'>saltem</span> <span class='ocrx_word' id='word_1_629' title='bbox 2038 2285 2149 2325; x_wconf 88' lang='lat' dir='ltr'>nulla</span> <span class='ocrx_word' id='word_1_630' title='bbox 2162 2285 2284 2326; x_wconf 85' lang='lat' dir='ltr'>fuisse</span> <span class='ocrx_word' id='word_1_631' title='bbox 2298 2288 2396 2327; x_wconf 88' lang='lat' dir='ltr'>urbs</span> <span class='ocrx_word' id='word_1_632' title='bbox 2416 2288 2614 2329; x_wconf 87' lang='lat' dir='ltr'>videatur.</span> 
     </span>
     <span class='ocr_line' id='line_1_100' title="bbox 1394 2348 2619 2402; baseline 0.004 -16"><span class='ocrx_word' id='word_1_633' title='bbox 1394 2348 1485 2400; x_wconf 78' lang='grc'>11-</span> <span class='ocrx_word' id='word_1_634' title='bbox 1504 2349 1700 2395; x_wconf 77' lang='lat'>804-811.</span> <span class='ocrx_word' id='word_1_635' title='bbox 1721 2350 1922 2400; x_wconf 74' lang='lat' dir='ltr'>Anonym.</span> <span class='ocrx_word' id='word_1_636' title='bbox 1937 2361 1987 2401; x_wconf 84' lang='lat' dir='ltr'>p.</span> <span class='ocrx_word' id='word_1_637' title='bbox 2007 2348 2030 2386; x_wconf 91' lang='lat'>8</span> <span class='ocrx_word' id='word_1_638' title='bbox 2046 2349 2123 2396; x_wconf 86' lang='lat' dir='ltr'>H.,</span> <span class='ocrx_word' id='word_1_639' title='bbox 2139 2362 2188 2402; x_wconf 81' lang='lat' dir='ltr'>p.</span> <span class='ocrx_word' id='word_1_640' title='bbox 2209 2350 2304 2397; x_wconf 85' lang='lat'>218,</span> <span class='ocrx_word' id='word_1_641' title='bbox 2327 2353 2424 2390; x_wconf 84' lang='lat' dir='ltr'>12G</span> <span class='ocrx_word' id='word_1_642' title='bbox 2441 2366 2455 2389; x_wconf 91' lang='lat'>.·</span> <span class='ocrx_word' id='word_1_643' title='bbox 2478 2349 2565 2391; x_wconf 81' lang='grc' dir='ltr'>Ἐπὶ</span> <span class='ocrx_word' id='word_1_644' title='bbox 2579 2350 2619 2391; x_wconf 84' lang='grc' dir='ltr'>δὲ</span> 
     </span>
     <span class='ocr_line' id='line_1_101' title="bbox 1387 2407 2616 2466; baseline 0.003 -18"><span class='ocrx_word' id='word_1_645' title='bbox 1387 2409 1471 2455; x_wconf 77' lang='grc' dir='ltr'>ταῖς</span> <span class='ocrx_word' id='word_1_646' title='bbox 1487 2409 1570 2448; x_wconf 79' lang='grc' dir='ltr'>καθ’</span> <span class='ocrx_word' id='word_1_647' title='bbox 1588 2407 1753 2448; x_wconf 49' lang='grc' dir='ltr'>(Ὕπανιν</span> <span class='ocrx_word' id='word_1_648' title='bbox 1771 2408 1834 2447; x_wconf 77' lang='grc' dir='ltr'>καὶ</span> <span class='ocrx_word' id='word_1_649' title='bbox 1857 2409 2090 2462; x_wconf 78' lang='grc' dir='ltr'>Βορυσθένην</span> <span class='ocrx_word' id='word_1_650' title='bbox 2110 2411 2194 2456; x_wconf 81' lang='grc' dir='ltr'>ταῖς</span> <span class='ocrx_word' id='word_1_651' title='bbox 2215 2414 2291 2450; x_wconf 85' lang='grc' dir='ltr'>τῶν</span> <span class='ocrx_word' id='word_1_652' title='bbox 2311 2411 2417 2450; x_wconf 78' lang='grc' dir='ltr'>δυοῖν</span> <span class='ocrx_word' id='word_1_653' title='bbox 2434 2417 2616 2466; x_wconf 76' lang='grc' dir='ltr'>ποταμῶν</span> 
     </span>
     <span class='ocr_line' id='line_1_102' title="bbox 1389 2470 2617 2526; baseline 0.004 -17"><span class='ocrx_word' id='word_1_654' title='bbox 1389 2470 1601 2524; x_wconf 73' lang='grc' dir='ltr'>συμὸολαῖς</span> <span class='ocrx_word' id='word_1_655' title='bbox 1633 2470 1734 2510; x_wconf 82' lang='grc' dir='ltr'>ἔστιν</span> <span class='ocrx_word' id='word_1_656' title='bbox 1767 2470 1964 2510; x_wconf 76' lang='grc' dir='ltr'>κτισθεῖσα</span> <span class='ocrx_word' id='word_1_657' title='bbox 1994 2470 2127 2519; x_wconf 84' lang='grc' dir='ltr'>πόλις,</span> <span class='ocrx_word' id='word_1_658' title='bbox 2160 2472 2342 2526; x_wconf 84' lang='grc' dir='ltr'>πρότερον</span> <span class='ocrx_word' id='word_1_659' title='bbox 2370 2471 2435 2526; x_wconf 78' lang='grc' dir='ltr'>μὲν</span> <span class='ocrx_word' id='word_1_660' title='bbox 2478 2472 2617 2514; x_wconf 79' lang='grc' dir='ltr'>Ὀλὸία</span> 
     </span>
     <span class='ocr_line' id='line_1_103' title="bbox 1392 2531 2617 2587; baseline 0.004 -16"><span class='ocrx_word' id='word_1_661' title='bbox 1392 2533 1571 2587; x_wconf 57' lang='lat' dir='ltr'>(meta)</span> <span class='ocrx_word' id='word_1_662' title='bbox 1592 2532 1810 2586; x_wconf 81' lang='grc' dir='ltr'>καλουμένη</span> <span class='ocrx_word' id='word_1_663' title='bbox 1826 2563 1837 2582; x_wconf 87' lang='grc'>,</span> <span class='ocrx_word' id='word_1_664' title='bbox 1867 2531 1962 2586; x_wconf 71' lang='grc' dir='ltr'>μετὰ</span> <span class='ocrx_word' id='word_1_665' title='bbox 1985 2531 2024 2572; x_wconf 82' lang='grc' dir='ltr'>δὲ</span> <span class='ocrx_word' id='word_1_666' title='bbox 2054 2535 2172 2572; x_wconf 78' lang='grc' dir='ltr'>ταῦτα</span> <span class='ocrx_word' id='word_1_667' title='bbox 2195 2533 2254 2587; x_wconf 73' lang='grc' dir='ltr'>ὑφ’</span> <span class='ocrx_word' id='word_1_668' title='bbox 2281 2532 2482 2585; x_wconf 77' lang='grc' dir='ltr'>Ἑλλήνων</span> <span class='ocrx_word' id='word_1_669' title='bbox 2503 2536 2617 2576; x_wconf 88' lang='grc' dir='ltr'>πάλιν</span> 
     </span>
     <span class='ocr_line' id='line_1_104' title="bbox 1391 2594 2621 2653; baseline 0.004 -19"><span class='ocrx_word' id='word_1_670' title='bbox 1391 2597 1621 2648; x_wconf 78' lang='grc' dir='ltr'>Βορυσθένης</span> <span class='ocrx_word' id='word_1_671' title='bbox 1643 2595 1844 2646; x_wconf 78' lang='grc' dir='ltr'>κληθεῖσα.</span> <span class='ocrx_word' id='word_1_672' title='bbox 1867 2595 2016 2646; x_wconf 75' lang='grc' dir='ltr'>Ταύτην</span> <span class='ocrx_word' id='word_1_673' title='bbox 2040 2594 2080 2635; x_wconf 80' lang='grc' dir='ltr'>δὲ</span> <span class='ocrx_word' id='word_1_674' title='bbox 2102 2594 2198 2635; x_wconf 82' lang='grc' dir='ltr'>κατὰ</span> <span class='ocrx_word' id='word_1_675' title='bbox 2221 2594 2290 2646; x_wconf 82' lang='grc' dir='ltr'>τὴν</span> <span class='ocrx_word' id='word_1_676' title='bbox 2312 2595 2488 2648; x_wconf 80' lang='grc' dir='ltr'>Μηδικὴν</span> <span class='ocrx_word' id='word_1_677' title='bbox 2510 2598 2621 2653; x_wconf 81' lang='grc' dir='ltr'>ἐπαρ-</span> 
     </span>
     <span class='ocr_line' id='line_1_105' title="bbox 1389 2657 2620 2714; baseline 0.003 -18"><span class='ocrx_word' id='word_1_678' title='bbox 1389 2659 1479 2711; x_wconf 75' lang='grc' dir='ltr'>χίαν</span> <span class='ocrx_word' id='word_1_679' title='bbox 1502 2657 1690 2708; x_wconf 82' lang='grc' dir='ltr'>Μιλήσιοι</span> <span class='ocrx_word' id='word_1_680' title='bbox 1711 2658 1918 2704; x_wconf 79' lang='grc' dir='ltr'>κτίζουσιν·</span> <span class='ocrx_word' id='word_1_681' title='bbox 1952 2658 2155 2697; x_wconf 79' lang='grc' dir='ltr'>διακοσίων</span> <span class='ocrx_word' id='word_1_682' title='bbox 2183 2657 2223 2697; x_wconf 81' lang='grc' dir='ltr'>δὲ</span> <span class='ocrx_word' id='word_1_683' title='bbox 2253 2658 2318 2698; x_wconf 82' lang='grc' dir='ltr'>καὶ</span> <span class='ocrx_word' id='word_1_684' title='bbox 2339 2660 2620 2714; x_wconf 80' lang='grc' dir='ltr'>τεσσαράκοντα</span> 
     </span>
     <span class='ocr_line' id='line_1_106' title="bbox 1391 2719 2620 2778; baseline 0.002 -18"><span class='ocrx_word' id='word_1_685' title='bbox 1391 2721 1554 2761; x_wconf 78' lang='grc' dir='ltr'>σταδίων</span> <span class='ocrx_word' id='word_1_686' title='bbox 1578 2720 1644 2761; x_wconf 75' lang='grc' dir='ltr'>τὸν</span> <span class='ocrx_word' id='word_1_687' title='bbox 1668 2719 1862 2761; x_wconf 87' lang='grc' dir='ltr'>ἀνάπλουν</span> <span class='ocrx_word' id='word_1_688' title='bbox 1894 2719 1967 2761; x_wconf 75' lang='grc' dir='ltr'>ἀπὸ</span> <span class='ocrx_word' id='word_1_689' title='bbox 1984 2722 2050 2771; x_wconf 84' lang='grc' dir='ltr'>τῆς</span> <span class='ocrx_word' id='word_1_690' title='bbox 2075 2719 2267 2772; x_wconf 84' lang='grc' dir='ltr'>θαλάσσης</span> <span class='ocrx_word' id='word_1_691' title='bbox 2283 2719 2366 2775; x_wconf 75' lang='grc' dir='ltr'>ἔχει</span> <span class='ocrx_word' id='word_1_692' title='bbox 2384 2725 2439 2777; x_wconf 81' lang='grc' dir='ltr'>τῷ</span> <span class='ocrx_word' id='word_1_693' title='bbox 2460 2728 2620 2778; x_wconf 81' lang='grc' dir='ltr'>ποταμῷ</span> 
     </span>
     <span class='ocr_line' id='line_1_107' title="bbox 1390 2782 2622 2838; baseline 0.002 -16"><span class='ocrx_word' id='word_1_694' title='bbox 1390 2784 1627 2838; x_wconf 82' lang='grc' dir='ltr'>Βορυσθένει.</span> <span class='ocrx_word' id='word_1_695' title='bbox 1646 2782 1825 2824; x_wconf 88' lang='lat' dir='ltr'>Refinxit</span> <span class='ocrx_word' id='word_1_696' title='bbox 1840 2783 2105 2824; x_wconf 91' lang='lat' dir='ltr'>Letronnius.</span> <span class='ocrx_word' id='word_1_697' title='bbox 2121 2782 2352 2823; x_wconf 88' lang='lat' dir='ltr'>Meinekius</span> <span class='ocrx_word' id='word_1_698' title='bbox 2368 2797 2408 2824; x_wconf 88' lang='lat' dir='ltr'>v.</span> <span class='ocrx_word' id='word_1_699' title='bbox 2426 2786 2505 2825; x_wconf 84' lang='lat'>806</span> <span class='ocrx_word' id='word_1_700' title='bbox 2525 2785 2622 2826; x_wconf 90' lang='lat' dir='ltr'>mal-</span> 
     </span>
     <span class='ocr_line' id='line_1_108' title="bbox 1389 2842 2620 2899; baseline 0.002 -15"><span class='ocrx_word' id='word_1_701' title='bbox 1389 2844 1444 2885; x_wconf 87' lang='lat' dir='ltr'>let</span> <span class='ocrx_word' id='word_1_702' title='bbox 1468 2858 1478 2885; x_wconf 80' lang='lat' dir='ltr'>t</span> <span class='ocrx_word' id='word_1_703' title='bbox 1502 2846 1699 2885; x_wconf 75' lang='grc' dir='ltr'>κτισθεῖσα</span> <span class='ocrx_word' id='word_1_704' title='bbox 1720 2844 1806 2899; x_wconf 83' lang='grc' dir='ltr'>πρὶν</span> <span class='ocrx_word' id='word_1_705' title='bbox 1835 2843 1901 2899; x_wconf 84' lang='grc' dir='ltr'>μὲν</span> <span class='ocrx_word' id='word_1_706' title='bbox 1931 2842 2092 2893; x_wconf 70' lang='grc' dir='ltr'>Ὀλῧία,</span> <span class='ocrx_word' id='word_1_707' title='bbox 2121 2852 2162 2883; x_wconf 90' lang='lat' dir='ltr'>et</span> <span class='ocrx_word' id='word_1_708' title='bbox 2188 2846 2267 2897; x_wconf 89' lang='lat'>807</span> <span class='ocrx_word' id='word_1_709' title='bbox 2295 2856 2304 2884; x_wconf 89' lang='lat'>:</span> <span class='ocrx_word' id='word_1_710' title='bbox 2330 2843 2389 2899; x_wconf 72' lang='grc' dir='ltr'>ὕφ’</span> <span class='ocrx_word' id='word_1_711' title='bbox 2420 2842 2620 2896; x_wconf 81' lang='grc' dir='ltr'>Ἑλλήνων</span> 
     </span>
     <span class='ocr_line' id='line_1_109' title="bbox 1391 2904 2619 2961; baseline 0.002 -16"><span class='ocrx_word' id='word_1_712' title='bbox 1391 2906 1431 2946; x_wconf 83' lang='grc' dir='ltr'>δὲ</span> <span class='ocrx_word' id='word_1_713' title='bbox 1464 2907 1558 2948; x_wconf 87' lang='grc' dir='ltr'>πάλι</span> <span class='ocrx_word' id='word_1_714' title='bbox 1587 2907 1834 2961; x_wconf 77' lang='grc' dir='ltr'>Βορυσθένης.</span> <span class='ocrx_word' id='word_1_715' title='bbox 1860 2907 2023 2946; x_wconf 88' lang='lat' dir='ltr'>Nomen</span> <span class='ocrx_word' id='word_1_716' title='bbox 2055 2904 2177 2944; x_wconf 72' lang='grc' dir='ltr'>Σαὸία</span> <span class='ocrx_word' id='word_1_717' title='bbox 2209 2904 2312 2944; x_wconf 90' lang='lat' dir='ltr'>nihil</span> <span class='ocrx_word' id='word_1_718' title='bbox 2339 2913 2421 2956; x_wconf 86' lang='lat' dir='ltr'>est,</span> <span class='ocrx_word' id='word_1_719' title='bbox 2457 2907 2619 2960; x_wconf 87' lang='lat' dir='ltr'>opinor,</span> 
     </span>
     <span class='ocr_line' id='line_1_110' title="bbox 1391 2966 2617 3025; baseline -0.002 -15"><span class='ocrx_word' id='word_1_720' title='bbox 1391 2970 1469 3010; x_wconf 88' lang='lat' dir='ltr'>nisi</span> <span class='ocrx_word' id='word_1_721' title='bbox 1502 2969 1778 3024; x_wconf 86' lang='lat' dir='ltr'>dittographia</span> <span class='ocrx_word' id='word_1_722' title='bbox 1809 2969 1988 3009; x_wconf 90' lang='lat' dir='ltr'>nominis</span> <span class='ocrx_word' id='word_1_723' title='bbox 2025 2966 2164 3008; x_wconf 71' lang='grc' dir='ltr'>Ὀλῧία</span> <span class='ocrx_word' id='word_1_724' title='bbox 2194 2969 2389 3020; x_wconf 89' lang='lat' dir='ltr'>(CABIA,</span> <span class='ocrx_word' id='word_1_725' title='bbox 2421 2968 2564 3009; x_wconf 85' lang='grc' dir='ltr'>ΟΛΒΙΛ</span> <span class='ocrx_word' id='word_1_726' title='bbox 2584 2970 2617 3025; x_wconf 84' lang='grc'>);</span> 
     </span>
     <span class='ocr_line' id='line_1_111' title="bbox 1391 3029 2620 3079; baseline -0.001 -7"><span class='ocrx_word' id='word_1_727' title='bbox 1391 3032 1559 3072; x_wconf 89' lang='lat' dir='ltr'>tertium</span> <span class='ocrx_word' id='word_1_728' title='bbox 1574 3031 1689 3072; x_wconf 88' lang='lat' dir='ltr'>urbis</span> <span class='ocrx_word' id='word_1_729' title='bbox 1706 3045 1859 3072; x_wconf 90' lang='lat' dir='ltr'>nomen</span> <span class='ocrx_word' id='word_1_730' title='bbox 1877 3045 1900 3071; x_wconf 93' lang='lat' dir='ltr'>a</span> <span class='ocrx_word' id='word_1_731' title='bbox 1915 3030 2033 3079; x_wconf 82' lang='lat' dir='ltr'>Sabo,</span> <span class='ocrx_word' id='word_1_732' title='bbox 2046 3030 2074 3070; x_wconf 87' lang='lat' dir='ltr'>i.</span> <span class='ocrx_word' id='word_1_733' title='bbox 2090 3044 2127 3070; x_wconf 90' lang='lat' dir='ltr'>e.</span> <span class='ocrx_word' id='word_1_734' title='bbox 2144 3029 2304 3069; x_wconf 87' lang='lat' dir='ltr'>Baccho</span> <span class='ocrx_word' id='word_1_735' title='bbox 2318 3029 2412 3079; x_wconf 90' lang='lat' dir='ltr'>deo,</span> <span class='ocrx_word' id='word_1_736' title='bbox 2434 3030 2620 3071; x_wconf 88' lang='lat' dir='ltr'>derivans</span> 
     </span>
     <span class='ocr_line' id='line_1_112' title="bbox 1391 3092 2616 3148; baseline -0.002 -13"><span class='ocrx_word' id='word_1_737' title='bbox 1391 3095 1434 3134; x_wconf 90' lang='lat' dir='ltr'>in</span> <span class='ocrx_word' id='word_1_738' title='bbox 1456 3109 1506 3135; x_wconf 93' lang='lat' dir='ltr'>eo</span> <span class='ocrx_word' id='word_1_739' title='bbox 1524 3108 1748 3148; x_wconf 84' lang='lat' dir='ltr'>agnoscere</span> <span class='ocrx_word' id='word_1_740' title='bbox 1766 3094 1843 3134; x_wconf 91' lang='lat' dir='ltr'>sibi</span> <span class='ocrx_word' id='word_1_741' title='bbox 1861 3093 1970 3133; x_wconf 89' lang='lat' dir='ltr'>visus</span> <span class='ocrx_word' id='word_1_742' title='bbox 1988 3100 2049 3132; x_wconf 91' lang='lat' dir='ltr'>est</span> <span class='ocrx_word' id='word_1_743' title='bbox 2067 3093 2290 3133; x_wconf 86' lang='lat' dir='ltr'>Creuzerus</span> <span class='ocrx_word' id='word_1_744' title='bbox 2306 3092 2348 3131; x_wconf 92' lang='lat' dir='ltr'>in</span> <span class='ocrx_word' id='word_1_745' title='bbox 2364 3092 2616 3145; x_wconf 75' lang='lat' dir='ltr'>Heidelberg.</span> 
     </span>
     <span class='ocr_line' id='line_1_113' title="bbox 1390 3153 2621 3210; baseline 0.001 -15"><span class='ocrx_word' id='word_1_746' title='bbox 1390 3156 1615 3197; x_wconf 66' lang='lat' dir='ltr'>salu-bach.</span> <span class='ocrx_word' id='word_1_747' title='bbox 1645 3158 1765 3197; x_wconf 88' lang='grc'>1822.</span> <span class='ocrx_word' id='word_1_748' title='bbox 1782 3170 1825 3210; x_wconf 89' lang='lat' dir='ltr'>p.</span> <span class='ocrx_word' id='word_1_749' title='bbox 1856 3154 1958 3194; x_wconf 83' lang='lat'>1235</span> <span class='ocrx_word' id='word_1_750' title='bbox 1978 3155 1993 3201; x_wconf 87' lang='lat'><em>(</em></span> <span class='ocrx_word' id='word_1_751' title='bbox 2010 3154 2051 3193; x_wconf 92' lang='lat' dir='ltr'>in</span> <span class='ocrx_word' id='word_1_752' title='bbox 2068 3167 2236 3194; x_wconf 89' lang='lat' dir='ltr'>censura</span> <span class='ocrx_word' id='word_1_753' title='bbox 2260 3153 2352 3193; x_wconf 89' lang='lat' dir='ltr'>libri</span> <span class='ocrx_word' id='word_1_754' title='bbox 2375 3166 2384 3193; x_wconf 92' lang='lat'>:</span> <span class='ocrx_word' id='word_1_755' title='bbox 2410 3154 2535 3194; x_wconf 73' lang='lat' dir='ltr'>Choix</span> <span class='ocrx_word' id='word_1_756' title='bbox 2551 3154 2621 3196; x_wconf 79' lang='lat' dir='ltr'>des</span> 
     </span>
     <span class='ocr_line' id='line_1_114' title="bbox 1395 3214 2622 3272; baseline -0.002 -13"><span class='ocrx_word' id='word_1_757' title='bbox 1395 3217 1602 3259; x_wconf 67' lang='lat' dir='ltr'>vne&#39;dailles</span> <span class='ocrx_word' id='word_1_758' title='bbox 1635 3217 1822 3272; x_wconf 78' lang='lat' dir='ltr'>antiques</span> <span class='ocrx_word' id='word_1_759' title='bbox 1847 3215 2122 3271; x_wconf 79' lang='lat' dir='ltr'>‹l&#39;Olbiopolis</span> <span class='ocrx_word' id='word_1_760' title='bbox 2153 3229 2204 3255; x_wconf 82' lang='lat' dir='ltr'>oa</span> <span class='ocrx_word' id='word_1_761' title='bbox 2242 3214 2433 3262; x_wconf 85' lang='lat' dir='ltr'>d’Olbia,</span> <span class='ocrx_word' id='word_1_762' title='bbox 2450 3215 2622 3267; x_wconf 76' lang='lat' dir='ltr'>fitisant</span> 
     </span>
     <span class='ocr_line' id='line_1_115' title="bbox 1388 3275 2623 3335; baseline -0.003 -14"><span class='ocrx_word' id='word_1_763' title='bbox 1388 3280 1528 3335; x_wconf 79' lang='lat' dir='ltr'>partie</span> <span class='ocrx_word' id='word_1_764' title='bbox 1569 3279 1625 3320; x_wconf 82' lang='lat' dir='ltr'>cla</span> <span class='ocrx_word' id='word_1_765' title='bbox 1665 3279 1828 3320; x_wconf 79' lang='lat' dir='ltr'>cabinet</span> <span class='ocrx_word' id='word_1_766' title='bbox 1865 3277 1920 3317; x_wconf 83' lang='lat' dir='ltr'>cla</span> <span class='ocrx_word' id='word_1_767' title='bbox 1952 3275 2160 3317; x_wconf 79' lang='lat' dir='ltr'>conseiller</span> <span class='ocrx_word' id='word_1_768' title='bbox 2198 3275 2326 3314; x_wconf 62' lang='lat' dir='ltr'>d’emt</span> <span class='ocrx_word' id='word_1_769' title='bbox 2359 3276 2623 3329; x_wconf 74' lang='lat' dir='ltr'>Blaramberg</span> 
     </span>
     <span class='ocr_line' id='line_1_116' title="bbox 1392 3337 2618 3394; baseline -0.003 -11"><span class='ocrx_word' id='word_1_770' title='bbox 1392 3343 1507 3383; x_wconf 87' lang='lat' dir='ltr'>Paris</span> <span class='ocrx_word' id='word_1_771' title='bbox 1545 3344 1665 3383; x_wconf 88' lang='grc'>1822.</span> <span class='ocrx_word' id='word_1_772' title='bbox 1697 3343 1729 3394; x_wconf 86' lang='grc'>),</span> <span class='ocrx_word' id='word_1_773' title='bbox 1765 3353 1941 3392; x_wconf 89' lang='lat' dir='ltr'>eumque</span> <span class='ocrx_word' id='word_1_774' title='bbox 1964 3346 2126 3378; x_wconf 87' lang='lat' dir='ltr'>secutus</span> <span class='ocrx_word' id='word_1_775' title='bbox 2146 3337 2326 3376; x_wconf 74' lang='lat' dir='ltr'>Baehrius</span> <span class='ocrx_word' id='word_1_776' title='bbox 2350 3337 2389 3376; x_wconf 91' lang='lat' dir='ltr'>in</span> <span class='ocrx_word' id='word_1_777' title='bbox 2425 3339 2525 3378; x_wconf 80' lang='lat' dir='ltr'>Exc.</span> <span class='ocrx_word' id='word_1_778' title='bbox 2566 3338 2618 3379; x_wconf 86' lang='lat' dir='ltr'>ad</span> 
     </span>
     <span class='ocr_line' id='line_1_117' title="bbox 1393 3398 2619 3456; baseline -0.003 -12"><span class='ocrx_word' id='word_1_779' title='bbox 1393 3403 1594 3444; x_wconf 89' lang='lat' dir='ltr'>Herodot.</span> <span class='ocrx_word' id='word_1_780' title='bbox 1615 3404 1691 3452; x_wconf 90' lang='lat' dir='ltr'>IV,</span> <span class='ocrx_word' id='word_1_781' title='bbox 1718 3403 1765 3442; x_wconf 90' lang='lat'>18</span> <span class='ocrx_word' id='word_1_782' title='bbox 1807 3400 1938 3456; x_wconf 89' lang='lat' dir='ltr'>(tom.</span> <span class='ocrx_word' id='word_1_783' title='bbox 1959 3401 2015 3448; x_wconf 87' lang='lat'>11,</span> <span class='ocrx_word' id='word_1_784' title='bbox 2037 3413 2079 3452; x_wconf 89' lang='lat' dir='ltr'>p.</span> <span class='ocrx_word' id='word_1_785' title='bbox 2107 3399 2183 3438; x_wconf 82' lang='grc'>663</span> <span class='ocrx_word' id='word_1_786' title='bbox 2208 3400 2240 3450; x_wconf 88' lang='grc'>).</span> <span class='ocrx_word' id='word_1_787' title='bbox 2271 3398 2391 3438; x_wconf 90' lang='lat' dir='ltr'>Olbia</span> <span class='ocrx_word' id='word_1_788' title='bbox 2414 3399 2510 3439; x_wconf 89' lang='lat' dir='ltr'>urbs</span> <span class='ocrx_word' id='word_1_789' title='bbox 2536 3414 2619 3440; x_wconf 91' lang='lat' dir='ltr'>non</span> 
     </span>
    </p>
   </div>
   <div class='ocr_carea' id='block_1_26' title="bbox 1353 3460 2620 3520">
    <p class='ocr_par' dir='ltr' id='par_1_31' title="bbox 1353 3460 2620 3520">
     <span class='ocr_line' id='line_1_118' title="bbox 1353 3460 2620 3520; baseline -0.005 -13"><span class='ocrx_word' id='word_1_790' title='bbox 1353 3468 1364 3477; x_wconf 77' lang='grc'><strong>“</strong></span> <span class='ocrx_word' id='word_1_791' title='bbox 1394 3466 1445 3506; x_wconf 88' lang='lat' dir='ltr'>ad</span> <span class='ocrx_word' id='word_1_792' title='bbox 1463 3465 1775 3520; x_wconf 86' lang='lat' dir='ltr'>Borysthenem,</span> <span class='ocrx_word' id='word_1_793' title='bbox 1800 3461 1870 3502; x_wconf 88' lang='lat' dir='ltr'>sed</span> <span class='ocrx_word' id='word_1_794' title='bbox 1889 3460 1941 3501; x_wconf 91' lang='lat' dir='ltr'>ad</span> <span class='ocrx_word' id='word_1_795' title='bbox 1957 3460 2143 3500; x_wconf 83' lang='lat' dir='ltr'>dextram</span> <span class='ocrx_word' id='word_1_796' title='bbox 2162 3460 2345 3514; x_wconf 86' lang='lat' dir='ltr'>Hypanis</span> <span class='ocrx_word' id='word_1_797' title='bbox 2362 3461 2474 3500; x_wconf 87' lang='lat' dir='ltr'>ssuvii</span> <span class='ocrx_word' id='word_1_798' title='bbox 2490 3461 2620 3516; x_wconf 88' lang='lat' dir='ltr'>ripam</span> 
     </span>
    </p>
   </div>
   <div class='ocr_carea' id='block_1_27' title="bbox 1389 3522 2622 4076">
    <p class='ocr_par' dir='ltr' id='par_1_32' title="bbox 1389 3522 2622 4076">
     <span class='ocr_line' id='line_1_119' title="bbox 1394 3522 2622 3578; baseline -0.004 -9"><span class='ocrx_word' id='word_1_799' title='bbox 1394 3531 1469 3569; x_wconf 84' lang='lat' dir='ltr'>sita</span> <span class='ocrx_word' id='word_1_800' title='bbox 1495 3535 1606 3577; x_wconf 88' lang='lat' dir='ltr'>erat,</span> <span class='ocrx_word' id='word_1_801' title='bbox 1630 3534 1677 3566; x_wconf 89' lang='lat' dir='ltr'>ut</span> <span class='ocrx_word' id='word_1_802' title='bbox 1695 3533 1866 3565; x_wconf 91' lang='lat' dir='ltr'>testatur</span> <span class='ocrx_word' id='word_1_803' title='bbox 1889 3524 1960 3578; x_wconf 93' lang='lat' dir='ltr'>qui</span> <span class='ocrx_word' id='word_1_804' title='bbox 1993 3522 2147 3562; x_wconf 91' lang='lat' dir='ltr'>diutius</span> <span class='ocrx_word' id='word_1_805' title='bbox 2178 3522 2234 3562; x_wconf 92' lang='lat' dir='ltr'>ibi</span> <span class='ocrx_word' id='word_1_806' title='bbox 2258 3531 2437 3563; x_wconf 86' lang='lat' dir='ltr'>versatus</span> <span class='ocrx_word' id='word_1_807' title='bbox 2462 3532 2522 3564; x_wconf 89' lang='lat' dir='ltr'>est</span> <span class='ocrx_word' id='word_1_808' title='bbox 2541 3524 2622 3564; x_wconf 91' lang='lat' dir='ltr'>Dio</span> 
     </span>
     <span class='ocr_line' id='line_1_120' title="bbox 1394 3587 2621 3645; baseline -0.005 -13"><span class='ocrx_word' id='word_1_809' title='bbox 1394 3592 1711 3645; x_wconf 78' lang='lat' dir='ltr'>Chrysostomus</span> <span class='ocrx_word' id='word_1_810' title='bbox 1749 3588 1823 3628; x_wconf 93' lang='lat' dir='ltr'>Or.</span> <span class='ocrx_word' id='word_1_811' title='bbox 1848 3587 1916 3636; x_wconf 88' lang='grc'>36,</span> <span class='ocrx_word' id='word_1_812' title='bbox 1940 3593 2042 3626; x_wconf 90' lang='lat' dir='ltr'>tom.</span> <span class='ocrx_word' id='word_1_813' title='bbox 2078 3587 2135 3634; x_wconf 91' lang='grc' dir='ltr'>ΙΙ,</span> <span class='ocrx_word' id='word_1_814' title='bbox 2164 3598 2207 3639; x_wconf 90' lang='lat' dir='ltr'>p.</span> <span class='ocrx_word' id='word_1_815' title='bbox 2231 3587 2283 3639; x_wconf 86' lang='grc'>74</span> <span class='ocrx_word' id='word_1_816' title='bbox 2307 3587 2357 3635; x_wconf 89' lang='lat' dir='ltr'>R,</span> <span class='ocrx_word' id='word_1_817' title='bbox 2382 3594 2422 3626; x_wconf 91' lang='lat' dir='ltr'>et</span> <span class='ocrx_word' id='word_1_818' title='bbox 2443 3601 2491 3626; x_wconf 80' lang='lat' dir='ltr'>ex</span> <span class='ocrx_word' id='word_1_819' title='bbox 2528 3587 2621 3641; x_wconf 90' lang='lat' dir='ltr'>ipsis</span> 
     </span>
     <span class='ocr_line' id='line_1_121' title="bbox 1394 3646 2621 3704; baseline -0.004 -11"><span class='ocrx_word' id='word_1_820' title='bbox 1394 3654 1523 3693; x_wconf 90' lang='lat' dir='ltr'>ruinis</span> <span class='ocrx_word' id='word_1_821' title='bbox 1558 3651 1700 3704; x_wconf 85' lang='lat' dir='ltr'>liquet,</span> <span class='ocrx_word' id='word_1_822' title='bbox 1726 3663 1817 3703; x_wconf 85' lang='lat' dir='ltr'>quae</span> <span class='ocrx_word' id='word_1_823' title='bbox 1847 3656 1943 3688; x_wconf 89' lang='lat' dir='ltr'>sunt</span> <span class='ocrx_word' id='word_1_824' title='bbox 1960 3646 2076 3701; x_wconf 86' lang='lat' dir='ltr'>juxta</span> <span class='ocrx_word' id='word_1_825' title='bbox 2104 3647 2239 3687; x_wconf 86' lang='lat' dir='ltr'>vicum</span> <span class='ocrx_word' id='word_1_826' title='bbox 2266 3647 2438 3702; x_wconf 63' lang='lat' dir='ltr'>Ilinsly,</span> <span class='ocrx_word' id='word_1_827' title='bbox 2462 3663 2510 3688; x_wconf 92' lang='lat' dir='ltr'>eo</span> <span class='ocrx_word' id='word_1_828' title='bbox 2533 3648 2621 3688; x_wconf 93' lang='lat' dir='ltr'>loco</span> 
     </span>
     <span class='ocr_line' id='line_1_122' title="bbox 1394 3709 2616 3769; baseline -0.003 -14"><span class='ocrx_word' id='word_1_829' title='bbox 1394 3716 1504 3769; x_wconf 87' lang='lat' dir='ltr'>quia</span> <span class='ocrx_word' id='word_1_830' title='bbox 1526 3712 1693 3754; x_wconf 81' lang='lat' dir='ltr'>tumulis</span> <span class='ocrx_word' id='word_1_831' title='bbox 1721 3709 2014 3765; x_wconf 68' lang='lat' dir='ltr'>sepulcr-alibus</span> <span class='ocrx_word' id='word_1_832' title='bbox 2049 3717 2217 3750; x_wconf 81' lang='lat' dir='ltr'>vocatur</span> <span class='ocrx_word' id='word_1_833' title='bbox 2253 3709 2453 3760; x_wconf 68' lang='lat' dir='ltr'>Smmagil</span> <span class='ocrx_word' id='word_1_834' title='bbox 2482 3711 2498 3761; x_wconf 71' lang='grc' dir='ltr'><em>ζ</em></span> <span class='ocrx_word' id='word_1_835' title='bbox 2514 3711 2540 3750; x_wconf 89' lang='lat' dir='ltr'>i.</span> <span class='ocrx_word' id='word_1_836' title='bbox 2580 3726 2616 3751; x_wconf 90' lang='lat' dir='ltr'>e.</span> 
     </span>
     <span class='ocr_line' id='line_1_123' title="bbox 1395 3771 2620 3826; baseline -0.003 -9"><span class='ocrx_word' id='word_1_837' title='bbox 1395 3785 1559 3818; x_wconf 86' lang='lat' dir='ltr'>centum</span> <span class='ocrx_word' id='word_1_838' title='bbox 1582 3773 1729 3815; x_wconf 90' lang='lat' dir='ltr'>tumuli</span> <span class='ocrx_word' id='word_1_839' title='bbox 1755 3775 1787 3826; x_wconf 93' lang='lat'>),</span> <span class='ocrx_word' id='word_1_840' title='bbox 1809 3787 1880 3813; x_wconf 85' lang='lat' dir='ltr'>sex</span> <span class='ocrx_word' id='word_1_841' title='bbox 1900 3772 2085 3813; x_wconf 87' lang='lat' dir='ltr'>milliaria</span> <span class='ocrx_word' id='word_1_842' title='bbox 2114 3773 2282 3812; x_wconf 85' lang='lat' dir='ltr'>Russica</span> <span class='ocrx_word' id='word_1_843' title='bbox 2316 3771 2468 3810; x_wconf 83' lang='lat' dir='ltr'>distans</span> <span class='ocrx_word' id='word_1_844' title='bbox 2490 3787 2511 3812; x_wconf 89' lang='lat' dir='ltr'>a</span> <span class='ocrx_word' id='word_1_845' title='bbox 2528 3773 2620 3813; x_wconf 77' lang='lat' dir='ltr'>sinu</span> 
     </span>
     <span class='ocr_line' id='line_1_124' title="bbox 1394 3832 2617 3892; baseline -0.007 -13"><span class='ocrx_word' id='word_1_846' title='bbox 1394 3840 1477 3879; x_wconf 85' lang='lat' dir='ltr'>sive</span> <span class='ocrx_word' id='word_1_847' title='bbox 1504 3837 1595 3877; x_wconf 91' lang='lat' dir='ltr'>lacu</span> <span class='ocrx_word' id='word_1_848' title='bbox 1627 3835 1750 3892; x_wconf 84' lang='grc' dir='ltr'>(ἕλος</span> <span class='ocrx_word' id='word_1_849' title='bbox 1779 3834 2017 3875; x_wconf 87' lang='lat' dir='ltr'>Herodotus</span> <span class='ocrx_word' id='word_1_850' title='bbox 2043 3833 2144 3874; x_wconf 88' lang='lat' dir='ltr'>dicit</span> <span class='ocrx_word' id='word_1_851' title='bbox 2178 3835 2253 3882; x_wconf 91' lang='lat' dir='ltr'>lV,</span> <span class='ocrx_word' id='word_1_852' title='bbox 2291 3833 2392 3886; x_wconf 82' lang='lat'>53),</span> <span class='ocrx_word' id='word_1_853' title='bbox 2425 3832 2464 3870; x_wconf 88' lang='lat' dir='ltr'>in</span> <span class='ocrx_word' id='word_1_854' title='bbox 2497 3846 2617 3885; x_wconf 85' lang='lat' dir='ltr'>quem</span> 
     </span>
     <span class='ocr_line' id='line_1_125' title="bbox 1395 3897 2619 3956; baseline -0.004 -16"><span class='ocrx_word' id='word_1_855' title='bbox 1395 3901 1576 3956; x_wconf 85' lang='lat' dir='ltr'>Hypanis</span> <span class='ocrx_word' id='word_1_856' title='bbox 1599 3907 1639 3939; x_wconf 90' lang='lat' dir='ltr'>et</span> <span class='ocrx_word' id='word_1_857' title='bbox 1661 3898 1932 3952; x_wconf 70' lang='lat' dir='ltr'>Borysthenes</span> <span class='ocrx_word' id='word_1_858' title='bbox 1955 3897 2184 3937; x_wconf 82' lang='lat' dir='ltr'>confluunt.</span> <span class='ocrx_word' id='word_1_859' title='bbox 2207 3899 2345 3947; x_wconf 87' lang='lat' dir='ltr'>Quum</span> <span class='ocrx_word' id='word_1_860' title='bbox 2368 3908 2461 3933; x_wconf 83' lang='lat' dir='ltr'>vero</span> <span class='ocrx_word' id='word_1_861' title='bbox 2483 3907 2504 3933; x_wconf 84' lang='lat' dir='ltr'>a</span> <span class='ocrx_word' id='word_1_862' title='bbox 2534 3908 2619 3935; x_wconf 87' lang='lat' dir='ltr'>ma-</span> 
     </span>
     <span class='ocr_line' id='line_1_126' title="bbox 1389 3954 2618 4018; baseline -0.005 -16"><span class='ocrx_word' id='word_1_863' title='bbox 1389 3963 1471 4018; x_wconf 89' lang='lat' dir='ltr'>jori</span> <span class='ocrx_word' id='word_1_864' title='bbox 1496 3961 1620 4001; x_wconf 85' lang='lat' dir='ltr'>fluvio</span> <span class='ocrx_word' id='word_1_865' title='bbox 1644 3960 1761 4000; x_wconf 89' lang='lat' dir='ltr'>Olbia</span> <span class='ocrx_word' id='word_1_866' title='bbox 1784 3960 1906 3999; x_wconf 86' lang='lat' dir='ltr'>etiam</span> <span class='ocrx_word' id='word_1_867' title='bbox 1931 3958 2202 4012; x_wconf 72' lang='lat' dir='ltr'>Borysthenes</span> <span class='ocrx_word' id='word_1_868' title='bbox 2224 3963 2448 4005; x_wconf 86' lang='lat' dir='ltr'>vocaretur,</span> <span class='ocrx_word' id='word_1_869' title='bbox 2471 3954 2618 3996; x_wconf 83' lang='lat' dir='ltr'>sactum</span> 
     </span>
     <span class='ocr_line' id='line_1_127' title="bbox 1395 4018 2619 4076; baseline -0.007 -10"><span class='ocrx_word' id='word_1_870' title='bbox 1395 4034 1477 4075; x_wconf 86' lang='lat' dir='ltr'>est,</span> <span class='ocrx_word' id='word_1_871' title='bbox 1512 4032 1559 4064; x_wconf 85' lang='lat' dir='ltr'>ut</span> <span class='ocrx_word' id='word_1_872' title='bbox 1581 4022 1768 4063; x_wconf 86' lang='lat' dir='ltr'>nonnulli</span> <span class='ocrx_word' id='word_1_873' title='bbox 1787 4022 1995 4076; x_wconf 80' lang='lat' dir='ltr'>Hypanim</span> <span class='ocrx_word' id='word_1_874' title='bbox 2014 4019 2331 4074; x_wconf 75' lang='lat' dir='ltr'>Borysthenem,</span> <span class='ocrx_word' id='word_1_875' title='bbox 2358 4018 2467 4057; x_wconf 87' lang='lat' dir='ltr'>hune</span> <span class='ocrx_word' id='word_1_876' title='bbox 2486 4026 2619 4058; x_wconf 84' lang='lat' dir='ltr'>autem</span> 
     </span>
    </p>
   </div>
  </div>
 </body>
</html>
