2808 4342
694 111 740 155 Ο

181 168 271 208 3⁰2

177 261 293 327 παρὰ
307 262 351 310 31
365 269 449 315 τοῖς
470 255 658 325 danim<
672 260 807 305 αὐτῶν
828 253 1104 317 Ταπροὸἄνη.
1172 234 1343 309 Ταύτης
1359 253 1416 300 τὰ

178 331 254 393 μὲν
266 330 367 394 πρὸς
386 330 534 393 βορέαν
550 329 659 375 ἐστὶν
677 327 817 388 ἥμερα
832 323 903 370 καὶ
922 322 1253 373 διαπλεῑταιτοῑς
1269 321 1326 372 εἰς
1344 321 1415 368 τὸν

178 399 202 423 ⁴
212 402 535 446 πλιονακιστινει
545 396 614 443 καὶ
632 393 778 456 σχεδὸν
794 394 849 443 εἰς
863 389 910 436 τὸ
923 389 1016 436 κατ’
1034 390 1162 445 αὐτῆς
1180 389 1415 453 ἀντιπαρα-

178 467 362 528 κιίμενον
386 465 567 521 Ἆζανίας
584 461 778 524 παρήκει.
848 456 1012 509 Γίνεται
1033 455 1077 503 δὶ
1102 457 1144 503 ἓν
1162 457 1269 521 αὐτῇ
1290 474 1415 504 mv.-

136 553 158 582 s
180 536 252 582 κὸν
269 535 340 582 καὶ
361 534 470 580 λιθία
490 528 687 593 διαφανὴς
707 526 779 573 καὶ
798 525 976 579 σινδόνες
997 523 1070 572 καὶ
1090 525 1288 590 χελῶναι.

116 893 153 923 10

241 620 296 652 ω.
338 602 441 662 Περὶ
466 598 509 645 δὲ
532 598 698 650 τούτους
720 595 812 648 τοὺς
834 594 984 648 τόπους
1008 593 1114 641 πολὺ
1137 597 1190 657 τῇ
1213 593 1417 656 μεσογείῳ

177 672 420 734 παρήκουσα
458 666 659 715 Μασαλία
692 664 947 728 παράκειται
981 663 1118 728 χώρα·
1152 663 1335 726 γίνονται
1374 667 1415 712 ἐν

177 742 280 800 αὗτῇ
299 736 474 789 σινδόνες
495 737 706 783 πλεῖσται.
774 735 877 782 Ἀπὸ
895 735 939 781 δὲ
955 733 1108 793 ταύτης
1123 735 1179 787 εἷς
1194 732 1324 791 αὑτὴν
1341 734 1416 790 τὴν

176 806 377 862 ἀνατολὴν
430 806 731 868 διαπεράσαντι
785 803 855 851 τὸν
905 803 1211 865 παρακείμενον
1263 802 1416 850 κόλπον

178 880 203 932 ἡ
239 874 465 940 Δησαρηνὴ
496 875 643 939 χώρα,
668 875 849 940 φέρουσα
884 875 1085 938 ἐλέφαντα
1107 872 1176 919 τὸν
1198 871 1417 933 λεγόμενον

176 945 373 1010 βωσαρὴ,
410 945 481 992 καὶ
517 948 610 1007 μετ’
645 944 798 1002 αὐτὴν,
822 946 877 998 εἰς
910 943 980 991 τὸν
1013 941 1161 1007 βορέαν
1197 941 1279 999 ἤδη
1313 943 1417 988 ἀπο·

175 1015 357 1068 νεύοντος
376 1017 447 1061 τοῦ
484 1014 635 1074 πλοὸς,
677 1013 871 1078 βᾶρὸαρα
908 1012 1046 1060 πολλὰ
1077 1011 1196 1069 ἔθνη,
1233 1013 1275 1058 ἐν
1299 1003 1359 1063 οἷς
1378 1012 1416 1056 οἱ

178 1083 408 1147 Κιρρᾶδαι,
440 1083 554 1145 γένος
585 1082 810 1146 ἀνθρώπων
835 1080 1163 1143 ἕντεθλιμμένων
1194 1078 1269 1135 τὴν
1292 1082 1409 1142 ῥῖνα,

174 1246 393 1301 καλουμένη
408 1247 611 1301 πρότερον,
629 1249 695 1287 νῦν
719 1246 760 1287 δὲ
778 1245 941 1297 Σαλική.
961 1243 1029 1286 Id.
1053 1258 1096 1300 p.
1122 1246 1174 1293 44
1204 1256 1214 1284 t
1232 1242 1257 1295 ἣ
1277 1242 1318 1284 δὲ
1338 1242 1416 1283 Τα·

173 1307 347 1363 προὸάνη
364 1311 479 1361 νῆσος
495 1309 679 1363 πρότερον
695 1308 762 1364 μὲν
781 1307 959 1349 ἐκαλεῖτο
974 1306 1329 1362 Παλαισιμοὺνδου,
1350 1307 1416 1345 νῦν

174 1370 216 1412 δὲ
234 1370 397 1422 Σαλική.
423 1371 580 1411 Plinius
612 1372 690 1421 vl,
711 1374 764 1419 24
788 1377 992 1412 memorat
1015 1368 1214 1426 oppidum
1244 1367 1420 1410 Palaesi-

174 1431 371 1474 mundum
386 1433 567 1474 omnium
588 1432 648 1474 ibi
663 1432 958 1475 clarissimam.
980 1433 1135 1476 Contra
1151 1445 1220 1487 ap.
1241 1430 1415 1473 Ptolem.

174 1495 274 1545 vn,
298 1497 341 1546 4,
372 1508 389 1537 1
415 1494 468 1536 de
487 1494 734 1551 Taprobane
756 1494 904 1549 legitur
930 1508 939 1535 :
962 1494 987 1546 ἥ
1009 1509 1064 1542 τις
1083 1493 1261 1536 ἐκαλεῖτο
1296 1492 1420 1534 πάλαι

172 1556 406 1613 Σιμούνδου,
430 1559 497 1597 νῦν
519 1555 561 1597 δὲ
578 1557 744 1608 Σαλική,
769 1555 1020 1610 suffragante
1042 1555 1248 1611 Stephano
1277 1569 1311 1596 s.
1337 1570 1379 1597 v.
1403 1568 1414 1596 :

174 1619 440 1675 Ταπροδάνη..
470 1617 495 1670 ἡ
518 1618 640 1660 πάλαι
656 1618 724 1674 μὲν
749 1617 929 1660 ἐκαλεῖτο
947 1616 1179 1672 Σιμοῦνδου,
1198 1619 1264 1658 νῦν
1284 1617 1325 1659 δὲ
1338 1617 1417 1659 Σα-

173 1681 278 1734 λική.
311 1684 447 1737 Atque
471 1680 554 1723 hoe
579 1682 730 1724 rectius
752 1680 906 1723 habere
924 1688 1107 1731 censent,
1135 1680 1341 1736 siquidem
1373 1682 1418 1722 in

174 1743 389 1799 Σιμοὺνὸου
425 1744 594 1799 vestigia
615 1744 776 1800 antiqui
807 1744 989 1786 nominis
1020 1742 1138 1784 Selan
1166 1742 1242 1784 div
1261 1743 1323 1785 vel
1341 1742 1418 1785 diu

173 1805 431 1863 deprehendi
457 1807 700 1863 opinantur.
734 1808 789 1847 V.
818 1804 1038 1847 Renaudot
1059 1805 1290 1847 Anciennes
1314 1806 1417 1848 rela-

175 1868 286 1910 tions
304 1868 375 1910 des
396 1867 521 1910 ludes
543 1870 692 1924 (1718)
714 1882 758 1924 p.
784 1869 860 1910 133
881 1881 1060 1923 eumque
1081 1876 1244 1909 secutus
1266 1869 1414 1911 Ritter.

174 1932 252 1982 vl,
276 1945 321 1988 p.
349 1944 416 1986 19.
440 1931 533 1973 Haee
570 1933 752 1981 ineerta,
772 1930 874 1972 illud
904 1944 1002 1971 vero
1033 1938 1145 1986 patet
1174 1939 1215 1972 et
1242 1932 1417 1973 Mareia·

175 2006 279 2035 num
296 2001 338 2035 et
351 1993 533 2035 Plinium
559 2002 601 2035 et
620 1994 818 2035 Nostrum
843 1995 859 2046 (
875 1992 1149 2049 probantibus
1165 1992 1301 2035 verbis
1316 1993 1419 2049 παρὰ

173 2054 217 2097 δὲ
250 2054 424 2111 ἀρχαίοις
452 2055 466 2112 )
501 2054 791 2097 Palzoeimundi
829 2069 981 2096 nomen
1021 2055 1248 2108 agnovisse.
1293 2055 1418 2111 Apud

175 2117 444 2160 Ptolemaeum
465 2117 593 2159 dubia
611 2126 673 2159 est
683 2119 915 2173 seriptura;
936 2130 1045 2158 unus
1056 2117 1288 2173 Stephanus
1298 2119 1414 2173 Byz.,

173 2194 226 2222 ex
237 2179 381 2222 eodiee
399 2181 558 2231 vitiato,
576 2188 623 2221 ut
636 2178 816 2231 videtur,
829 2178 1031 2235 pendens,
1044 2186 1184 2235 aperte
1199 2179 1307 2221 favet
1322 2193 1416 2221 sen·

175 2245 313 2285 tentiae
323 2241 556 2284 Renaudoti
563 2273 574 2284 .
583 2243 633 2283 In
641 2256 692 2283 eo
702 2243 853 2283 Noster
860 2240 1002 2282 dissert
1009 2240 1123 2296 quod
1130 2241 1412 2297 Taprobanis,

174 2318 260 2346 non
282 2303 570 2347 Palaesimundi
585 2335 598 2355 ,
634 2318 787 2345 nomen
811 2304 1022 2359 antiquius
1038 2317 1126 2344 esse
1145 2302 1263 2345 dicit.
1298 2305 1416 2347 Cete-

174 2380 283 2408 rum.
298 2381 340 2408 v,
362 2368 514 2409 Lassen
530 2369 593 2409 De
611 2366 859 2423 Taprobane
874 2367 953 2408 ins.
974 2368 1095 2416 1842.
1118 2366 1216 2409 Ind.
1230 2367 1413 2411 Alterele.

172 2431 209 2480 1,
232 2444 274 2486 p.
298 2433 394 2472 260.
417 2430 506 2484 11-
527 2443 565 2471 1.
587 2429 787 2485 αὗτῶν]
809 2429 948 2471 abesse
970 2442 1114 2471 vocem
1137 2429 1291 2471 malim.
1322 2431 1338 2485 ΙΙ
1361 2454 1418 2463 -

174 2504 216 2534 2.
238 2491 292 2533 τὰ
314 2491 398 2547 μὲν
420 2492 535 2547 πρὸς
556 2492 720 2547 βορέαν
741 2492 896 2547 ἥμερα
915 2491 995 2533 καὶ
1016 2491 1419 2543 διαπλεῖταιτοῖς

175 2554 244 2603 εἰς
287 2555 376 2596 τὸν
418 2555 731 2597 πλιανακιστ
748 2570 844 2596 ινει
874 2557 897 2597 8
933 2554 1017 2595 καὶ
1052 2555 1234 2611 σχεδὸν
1275 2556 1414 2614 κτλ.]

173 2617 239 2657 Sic
260 2617 407 2658 codex.
439 2617 715 2659 Salmasiusl.
737 2617 767 2659 l.
791 2631 835 2673 p.
867 2619 944 2671 781
971 2615 1146 2672 eonjeeit
1168 2630 1177 2659 :
1197 2618 1418 2662 διαπλεῖται

173 2680 256 2725 τοῖς
277 2677 647 2733 ίστιοπεποιημένοις
667 2679 780 2721 ναυσὶ
800 2678 866 2720 καὶ
889 2679 1045 2734 σχεδόν.
1070 2679 1233 2733 Quodsi
1249 2682 1291 2723 in
1310 2681 1417 2738 eJus·

174 2738 289 2780 modi
306 2739 467 2781 lieentia
489 2742 749 2796 acquiescere
772 2740 886 2792 velis,
902 2740 1182 2799 quodcunque
1197 2745 1240 2785 in
1255 2753 1414 2787 textum

174 2800 267 2843 lieet
282 2802 507 2844 intrudere.
531 2803 703 2844 Vossius
737 2803 791 2845 ad
818 2803 968 2845 Melam
991 2818 1036 2860 p.
1062 2804 1141 2859 579
1172 2806 1256 2848 ita:
1286 2826 1304 2843 ι
1337 2809 1415 2850 Le-

176 2862 358 2918 gendum
388 2872 447 2905 est
467 2864 531 2905 καὶ
552 2864 774 2907 διαπλεῒται
788 2868 871 2913 τοῖς
901 2865 952 2914 είς
981 2866 1026 2906 τὸ
1048 2866 1184 2909 πλεῖον
1206 2867 1411 2927 εἰκοστινῇ.

85 2940 98 2950 “
175 2922 384 2982 Εἰκοστινῇ
415 2924 525 2967 idem
550 2934 613 2966 αἱ
647 2925 760 2981 quod
785 2925 995 2983 εἶκοσταίῃ.
1023 2927 1239 2982 Trajectus
1262 2933 1373 2973 enim
1391 2947 1415 2974 a

174 2988 365 3044 proxime
385 2987 639 3028 continentis
656 2995 781 3043 portu
801 2988 844 3028 in
870 2987 1044 3028 insulam
1066 2990 1208 3042 viginti
1233 2991 1285 3032 ad
1304 3007 1415 3034 sum·

175 3062 293 3092 mum
311 3049 435 3092 fiebat
455 3048 619 3101 diebus,
637 3048 709 3091 sed
735 3048 890 3091 Indicis
921 3050 1117 3104 navigiis;
1145 3066 1239 3093 nam
1268 3056 1416 3098 Roma-

89 3156 99 3164 ,
174 3111 241 3153 nis
261 3119 304 3154 et
324 3112 479 3155 Graecis
497 3111 672 3154 navibus
688 3111 946 3153 intervallum
969 3110 1011 3152 id
1028 3111 1143 3154 saeile
1158 3123 1313 3170 septem
1329 3116 1415 3159 die-

174 3173 254 3216 bus
270 3173 574 3216 absolvebatur.
593 3194 610 3210 ·
627 3174 903 3229 naecquoque
914 3173 1049 3216 nihili.
1066 3175 1171 3216 Nam
1192 3183 1239 3217 ut
1255 3178 1413 3220 mittam

176 3237 365 3294 ineptum
399 3235 510 3278 istud
540 3235 733 3292 εἰκοστινῇ
755 3234 1002 3278 vocabulum
1018 3266 1031 3288 ,
1056 3234 1145 3278 ἀίω
1180 3237 1246 3279 isti
1270 3240 1411 3293 viginti

179 3298 194 3356 (
217 3298 272 3341 de
287 3298 439 3356 quibus
458 3297 543 3344 vid.
568 3299 826 3341 Onesicritus
854 3312 922 3355 ap.
950 3297 1195 3342 Strabonem
1230 3313 1273 3356 p.
1296 3306 1373 3356 691
1398 3303 1412 3359 )

178 3376 262 3403 non
282 3376 306 3404 a
325 3362 520 3419 proximo
541 3361 672 3404 Indiae
688 3360 824 3411 litore,
847 3358 921 3403 sed
938 3375 960 3403 a
989 3362 1227 3404 Prasiorum
1248 3365 1415 3418 regione

178 3431 468 3474 numerantur,
491 3425 552 3465 uti
579 3423 710 3479 liquet
728 3437 780 3465 ex
804 3422 940 3466 Plinio
961 3424 1039 3475 vl,
1069 3427 1140 3475 24.
1158 3424 1415 3469 Probabilio-

178 3499 224 3526 ra
246 3487 414 3528 tentavit
446 3484 808 3537 Schwanbeekius,
841 3493 952 3529 reete
984 3485 1052 3529 ille
1083 3501 1256 3531 monens
1279 3488 1326 3530 τὰ
1346 3489 1414 3545 μίν

178 3546 271 3601 πρὸς
283 3547 418 3602 βορέαν
441 3549 649 3604 postulare
666 3547 780 3604 quod
795 3548 860 3590 his
870 3558 1109 3605 opponatur
1124 3558 1275 3594 etcum
1296 3566 1411 3609 seqq.

178 3607 317 3650 verbis
334 3609 399 3649 καὶ
420 3611 559 3664 σχεδὸν
580 3610 700 3666 jungi
730 3613 872 3667 possit.
898 3610 1085 3667 Conjeeit
1105 3613 1257 3669 igitur:
1277 3614 1416 3668 ταύτης

177 3668 230 3713 τὶ
245 3669 315 3727 μὶν
336 3671 427 3727 πρὸς
443 3673 577 3727 βορέαν
602 3673 703 3715 ἐστὶν
729 3673 871 3729 ἡμέρας
889 3674 934 3716 τὸ
953 3675 1119 3726 πλάτος,
1137 3675 1185 3719 τὰ
1216 3675 1259 3719 δῖ
1283 3676 1335 3727 εἰς
1353 3679 1413 3719 νό-

178 3747 247 3776 τον
271 3731 333 3777 inl
346 3732 483 3776 πλεῖον
508 3734 662 3776 ἐκτείνει
677 3736 742 3776 καὶ
768 3738 909 3791 σχεδὸν
929 3738 1015 3779 κτλ.
1038 3737 1118 3781 Sed
1140 3738 1228 3782 baee
1247 3753 1415 3797 quoque

124 3799 132 3807 '
177 3795 232 3840 ab
248 3797 426 3854 acceptis
451 3796 613 3853 longius
635 3797 850 3841 recedunt.
882 3802 1020 3843 Prima
1044 3801 1167 3844 verba
1189 3802 1270 3845 ἔστι
1291 3802 1415 3860 ἥμερα

89 3875 103 3886 *
179 3859 246 3902 καὶ
262 3859 483 3902 διαπλεῒται
500 3859 515 3916 (
536 3874 594 3902 se.
621 3858 672 3907 εἰς
690 3858 785 3900 αὐτὰ
806 3863 821 3913 )
850 3862 949 3902 nihil
980 3863 1084 3905 adeo
1099 3865 1208 3920 cogit
1229 3878 1305 3907 eur
1324 3879 1415 3907 cor-

178 3930 301 3980 rupta
326 3930 535 3980 putemus.
558 3923 618 3964 Ut
638 3936 804 3963 sensum
842 3923 1033 3966 inferrem
1063 3926 1218 3983 absque
1249 3925 1415 3983 majoris

178 3984 335 4029 laeunae
356 3985 511 4029 auxilio
538 3985 640 4028 verti
660 3986 776 4042 quasi
802 3986 842 4027 in
870 3989 1009 4041 gra-cis
1038 3999 1142 4032 esset
1172 4004 1181 4032 z
1203 3990 1351 4045 Ταύτης
1365 3990 1413 4033 τὰ

928 152 1220 202 anonym
1254 152 1541 214 (asaiam
1570 153 1656 203 m·
1688 155 1960 221 marna)

1487 464 1541 506 ad
1560 465 1799 522 oppositum
1820 467 1985 523 Azania
2004 466 2101 511 litus
2126 471 2340 528 pertingit.
2398 477 2598 519 Provenit
2622 477 2666 520 in
2688 500 2696 514 a

1486 533 1621 589 piper,
1641 532 1797 590 lapides
1815 533 2031 591 pellucidi,
2056 535 2275 591 sindones,
2294 541 2535 596 testtsdinoe.
2741 588 2748 601 ,

1545 605 1615 644 62.
1642 602 1763 644 Cirea
1783 602 1871 645 haee
1888 602 1976 646 loen
1998 618 2073 660 per
2094 603 2263 660 longum
2290 613 2470 652 metum
2489 610 2752 656 mediterra-

1489 670 1578 711 neis
1613 677 1813 726 praetensa
1843 679 1905 712 est
1930 671 2098 714 Masalia
2128 674 2268 728 regio;
2298 674 2576 723 conficiuntur
2606 681 2650 723 in
2682 695 2729 724 ea
2755 697 2765 734 1

1487 736 1684 780 sindones
1697 737 1901 795 plurimae.
1953 741 2062 781 Hine
2075 755 2215 782 versus
2230 750 2367 784 ortum
2385 745 2642 800 navigantiet
2655 747 2728 791 nd·
2759 779 2772 807 ,Ι

1482 803 1689 861 jacentem
1721 806 1860 848 sinum
1889 806 2107 863 trajicienti
2142 811 2348 853 Desarene
2383 813 2496 867 regio
2529 816 2727 870 occurrit,
2764 827 2779 843 >⁸³

1488 873 1747 931 elephantem
1773 876 1987 927 nutriens,
2007 878 2079 933 qui
2099 879 2248 921 Bosare
2268 882 2286 934 (
2305 881 2517 939 Desarea)
2541 889 2727 927 vocatur.
2752 891 2778 932 ,5,

1490 940 1652 983 Deinde
1670 942 1928 997 navigatione
1956 943 2011 986 ad
2031 944 2199 988 boream
2222 956 2413 1003 vergente
2427 979 2439 998 ,
2469 950 2607 991 multae
2632 959 2729 994 sunt

1490 1018 1630 1064 gentes
1646 1009 1854 1062 barbarae,
1879 1010 1988 1053 inter
2014 1025 2164 1068 easque
2181 1014 2415 1068 Cirrhadae,
2441 1015 2573 1061 serum
2600 1032 2728 1072 genus

1490 1077 1709 1119 hominum
1725 1077 1895 1120 naribus
1916 1077 2139 1135 depressis;
2164 1081 2242 1123 alia
2255 1090 2317 1124 est
2333 1084 2606 1140 Bargysoi-um
2630 1101 2727 1140 gens

1492 1240 1559 1296 μὲν
1590 1240 1682 1296 πρὸς
1709 1241 1845 1296 βορέαν
1864 1240 1968 1283 ἔστιν
1990 1240 2132 1297 ἡμέρας
2150 1242 2166 1298 [
2188 1243 2329 1299 δρόμος
2346 1244 2361 1299 ]
2382 1247 2439 1300 τῷ
2458 1244 2726 1299 διαπλεύοντι,
2778 1239 2789 1258 ⁵

1489 1305 1572 1352 τοῖς
1589 1303 1657 1359 [δ’]
1687 1302 1740 1352 εἰς
1758 1303 1773 1358 [
1789 1304 1922 1360 νό]τον
1951 1303 2088 1346 πλεῖον
2108 1303 2170 1346 ἀεὶ
2189 1304 2241 1354 εἰς
2254 1306 2396 1363 [δύσιν]
2415 1307 2530 1348 τείνει
2546 1307 2612 1349 καὶ
2636 1323 2728 1364 σχε-
2770 1315 2771 1318 ’

1486 1366 1554 1407 δὸν
1569 1365 1658 1407 κτλ.
1682 1368 1701 1418 ΙΙ
1717 1389 1774 1397 -
1791 1365 1831 1407 5.
1848 1365 1992 1407 λιθία
2013 1365 2273 1423 διαφανὴς]
2288 1366 2353 1410 Cf.
2371 1368 2616 1411 Ptolemaeus
2629 1370 2726 1423 vn,

1487 1432 1529 1480 4,
1554 1443 1572 1471 1
1598 1441 1609 1469 ι
1637 1428 1789 1470 Γίνεται
1813 1428 1854 1470 δὲ
1872 1429 1960 1485 παρ’
1977 1427 2108 1478 αὐτοῖς
2128 1431 2146 1484 (
2167 1431 2250 1479 τοῖς
2263 1429 2404 1479 Σάλοις
2422 1430 2436 1488 )
2463 1432 2596 1487 ὄρυζα,
2613 1432 2725 1487 μέλι,
2758 1472 2765 1477 ,,

1486 1491 1700 1547 ζιγγίὸερι,
1727 1490 1940 1547 βήρυλλος,
1970 1490 2170 1544 ὗάκινῦος,
2196 1492 2370 1549 μέταλλα
2388 1495 2555 1535 παντοῖα
2582 1498 2727 1550 χρυσοῦ

1487 1554 1553 1596 καὶ
1580 1552 1747 1610 ἀργύρου
1769 1553 1835 1595 καὶ
1855 1558 1931 1595 τῶν
1961 1553 2118 1595 ἄλλων·
2145 1556 2266 1611 γεννᾷ·
2283 1554 2325 1597 δὲ
2346 1554 2411 1596 καὶ
2431 1549 2642 1612 ἶλέφαντας
2662 1557 2727 1599 καὶ
2765 1588 2768 1596 ,

1485 1616 1627 1672 τίγρεις
1648 1615 1663 1672 (
1682 1630 1766 1657 non
1782 1630 1901 1658 veros
1926 1617 2050 1670 tigres
2070 1615 2142 1658 sed
2161 1616 2391 1673 pardalium
2412 1619 2589 1675 speeiem
2607 1618 2639 1675 ).
2665 1620 2728 1662 De
2768 1624 2770 1630 '

1486 1679 1659 1734 gemmis
1702 1678 1846 1720 insulae
1880 1677 2015 1734 deque
2054 1680 2285 1734 margaritis
2333 1678 2429 1722 vide
2475 1681 2608 1731 Ritter
2646 1683 2724 1734 v1,

1485 1754 1529 1797 p.
1559 1741 1636 1783 108
1667 1754 1759 1796 sqq.
1789 1738 2037 1782 Testudinoe
2071 1741 2211 1795 Ceylon
2239 1740 2396 1794 insulae,
2428 1743 2607 1785 maxime
2635 1756 2728 1799 que

1486 1803 1596 1844 eirca
1610 1804 1747 1844 Panto
1758 1801 1879 1844 Gallo
1892 1803 2129 1859 capiuntur,
2147 1801 2433 1858 magnitudine
2447 1811 2728 1863 testarumque

1485 1865 1721 1921 praestantia
1738 1865 1977 1908 etiamnunc
1997 1864 2272 1921 celebrantur.

1542 1931 1650 1982 562,
1664 1927 1693 1970 l.
1708 1932 1750 1971 6.
1763 1930 1820 1985 τῇ
1837 1944 1890 1984 με
1902 1929 1974 1984 σ.]
1992 1927 2059 1980 τῆς
2075 1929 2279 1984 μεσογείου
2293 1928 2389 1971 eod.
2410 1932 2429 1982 Ιὶ
2445 1943 2554 1984 —7.
2569 1929 2727 1972 Μααα-
2782 1970 2786 1974 ,

1486 1990 1513 2031 λ
1525 1990 1539 2032 ί
1547 1991 1588 2048 α]
1602 1990 1847 2034 Ptolemaeus
1860 1992 1958 2043 vn,
1981 2004 2019 2043 1,
2041 1991 2089 2033 15
2111 1991 2223 2033 hune
2239 2000 2417 2034 tractum
2432 2000 2551 2033 vocat
2566 1991 2727 2034 Μαισω·

1486 2054 1592 2106 λίαν,
1614 2054 1658 2096 in
1674 2068 1756 2110 qua
1777 2055 1961 2111 primum
1984 2062 2186 2096 memorat
2203 2056 2307 2097 ostia
2322 2054 2534 2096 Μαισώλου
2549 2058 2727 2111 ποταμοῦ

1487 2117 1601 2171 (hoe.
1613 2116 1841 2172 Godavery,
1855 2124 1902 2158 ut
1910 2124 2020 2159 recte
2027 2125 2206 2158 statuere
2215 2116 2377 2159 videtur
2384 2116 2588 2174 Benl'eyus
2595 2131 2638 2174 p.
2654 2132 2724 2175 97,

1485 2186 1631 2221 eontra
1653 2193 1725 2221 eos
1746 2177 1961 2234 disputans
1979 2179 2052 2234 qui
2073 2179 2307 2234 eogitarunt
2326 2178 2380 2222 de
2401 2178 2555 2222 Kisena
2574 2179 2726 2233 fluvio,
2798 2179 2801 2181 ’

1485 2254 1582 2282 eum
1604 2243 1719 2295 1)·ηα
1734 2239 1942 2282 Ptolemaei
1963 2240 2103 2297 potius
2116 2238 2426 2297 eomponendo)
2443 2255 2455 2293 ς
2471 2238 2569 2283 dein
2586 2255 2728 2284 reeen-
2793 2242 2796 2246 ’

1484 2310 1628 2344 sentur
1650 2315 1660 2344 ;
1685 2302 1987 2344 Κοντακόσσυλα
2009 2301 2210 2358 ἐμπόριον,
2237 2301 2452 2358 Κόδδουρα,
2485 2300 2726 2359 Άλλοσύγνη
2782 2312 2789 2321 ’

1488 2364 1672 2421 ἐμπόριον
1687 2373 1730 2407 et
1754 2365 1800 2406 τδ
1816 2363 2027 2421 ἀφητήριον
2043 2369 2119 2407 τῶν
2146 2363 2198 2413 εἰς
2218 2362 2289 2416 τὴν
2309 2364 2460 2420 Χρυσῆν
2477 2362 2731 2421 ἐμπλεόντων
2773 2366 2800 2428 ’ῗγ

1489 2426 1503 2484 (
1527 2428 1626 2470 136⁰
1648 2426 1743 2470 ao'·
1759 2429 1876 2483 11⁰).
1899 2429 2064 2470 Nomen
2093 2426 2275 2469 Masona
2296 2442 2331 2469 s.
2355 2426 2535 2470 Mesatis
2551 2425 2728 2478 ductum
2751 2473 2759 2481 ,-

1486 2504 1511 2531 a
1528 2490 1685 2546 populo
1703 2490 1812 2532 eirca
1837 2490 1942 2532 ostia
1957 2489 2174 2546 Godaveo·
2189 2489 2415 2542 habitante,
2433 2489 2551 2547 eujus
2572 2504 2727 2536 nomen

1485 2553 1732 2595 sanseritum
1769 2552 1999 2595 Mauskata
2042 2561 2228 2608 superest
2268 2553 2310 2594 in
2353 2551 2458 2594 urbe
2489 2550 2727 2596 Maushati·
2749 2554 2789 2602 J

1479 2624 1659 2672 paeana,
1691 2612 1792 2656 hod.
1810 2614 2135 2672 Masulipatam.
2157 2616 2174 2669 11
2193 2638 2251 2647 -
2276 2628 2341 2658 10.
2361 2612 2386 2667 ὴ
2414 2613 2479 2667 Δη
2493 2628 2652 2670 σαρην
2666 2613 2723 2672 ή]

1484 2678 1672 2720 sanserit.
1699 2678 1930 2731 Dacarna(
1949 2691 1989 2719 v.
2009 2678 2161 2719 Lassen
2182 2678 2319 2719 Instit.
2340 2676 2439 2731 ling.
2457 2689 2592 2732 praer-
2611 2678 2720 2734 App.
2760 2703 2763 2705 Δ

1484 2754 1527 2796 p.
1554 2744 1618 2782 16.
1640 2743 1720 2782 As.
1743 2743 1836 2781 Bes.
1860 2741 1981 2791 VIII,
2005 2753 2048 2796 p.
2075 2740 2171 2790 343.
2192 2738 2360 2795 Bensey.
2377 2753 2421 2795 p.
2442 2738 2496 2792 93
2521 2739 2554 2792 ).
2578 2738 2724 2793 Regio-

1484 2816 1581 2844 nem
1596 2801 1684 2857 ejus
1699 2801 1880 2843 nominis
1893 2801 2138 2844 Ptolemaeus
2150 2815 2235 2843 non
2252 2800 2398 2851 habet,
2414 2797 2487 2842 sed
2503 2798 2724 2855 Δωσάρωνα

1485 2864 1690 2920 fluvium(
1719 2865 1817 2913 142⁰
1848 2862 1954 2905 25¹-
1988 2865 2108 2922 18⁰).
2136 2865 2286 2907 Noster
2307 2861 2564 2919 elephantem
2597 2861 2722 2919 hujus

1483 2927 1662 2981 regionis
1682 2926 1837 2981 βωσαρῆ
1859 2925 1942 2968 dici
1964 2927 2042 2979 ait3
2073 2934 2177 2983 puto
2190 2940 2220 2967 a
2243 2925 2411 2980 regione
2431 2924 2567 2967 voeari
2583 2932 2625 2966 et
2641 2924 2718 2981 leg.

1483 2989 1673 3046 δωσαρὴ..
1715 2989 1930 3045 Δωσαρηνή
1968 2989 2031 3032 vel
2063 2987 2206 3044 δησαρὴ
2299 2985 2520 3043 Δησαρηνή.
2560 2986 2723 3031 Fluvios

1483 3061 1576 3109 post
1592 3051 1804 3095 Maesolum
1828 3051 2068 3094 Ptolemaeus
2098 3057 2300 3093 memorat
2322 3048 2510 3090 Μανάδαν
2542 3048 2721 3105 (Malea-

1483 3115 1615 3156 naddi
1629 3118 1662 3169 ),
1683 3114 1820 3155 Τύνδιν
1846 3115 1862 3167 (
1880 3113 2088 3168 Braminy,
2106 3111 2157 3154 ad
2174 3111 2291 3168 eujus
2308 3113 2461 3154 ostium
2485 3110 2634 3154 Kunka
2648 3119 2671 3154 Ρ
2685 3112 2719 3170 ),
2804 3138 2808 3139 ⁷

1483 3178 1675 3233 Δωσάρων
1721 3177 1735 3233 (
1770 3177 2054 3228 Beembalang.
2080 3174 2133 3217 ad
2158 3189 2281 3230 quem
2321 3173 2513 3216 Balasore
2533 3173 2663 3217 urbs?
2684 3177 2719 3230 ),
2756 3196 2758 3198 ·

1491 3232 1702 3295 Ἀθάμαντα
1726 3237 2077 3293 (Subeanmkm’),
2119 3237 2291 3292 Γάγγην.
2316 3234 2552 3279 Secundum
2586 3234 2721 3280 Ptots-
2750 3270 2754 3272 Ἴ

1485 3302 1575 3344 maei
1606 3302 1784 3344 rationes
1805 3301 2011 3342 Desarene
2040 3300 2153 3354 regio
2182 3314 2266 3341 non
2300 3300 2355 3341 ita
2387 3298 2508 3353 longe
2536 3312 2560 3340 a
2578 3299 2724 3356 Gange

1484 3364 1612 3406 fluvio
1629 3362 1822 3421 ponenda
1847 3371 1974 3414 esset;
2005 3371 2186 3405 attamen
2219 3362 2336 3404 aliter
2361 3361 2549 3404 statuisse
2570 3355 2721 3420 Periplt

1483 3434 1629 3468 auctor
1640 3425 1817 3476 videtur,
1830 3439 1961 3481 quum
1972 3424 2072 3467 alios
2084 3424 2316 3481 complures
2326 3423 2501 3481 populos
2512 3423 2731 3479 anteon?
2799 3462 2801 3466 .

1483 3503 1575 3544 gem
1595 3497 1736 3545 ponat,
1749 3497 1796 3529 ut
1807 3486 2040 3539 Cirrhadas,
2058 3501 2163 3543 quos
2175 3486 2418 3529 Ptolemaeus
2439 3494 2533 3543 post
2549 3486 2721 3543 Ganga
2735 3511 2747 3517 -›
2767 3487 2778 3534 ’,ἶ
2800 3527 2801 3530 ,

1484 3560 1700 3594 memorat.
1721 3554 1813 3604 11-
1835 3551 1901 3592 13.
1925 3550 1955 3591 K
1971 3551 2198 3606 ιρρᾶδαι]
2222 3549 2463 3592 Ptolemaeus
2478 3549 2582 3599 vn,
2599 3560 2642 3600 a,
2669 3542 2723 3594 ιθ
2745 3543 2789 3605 ,ᾧ

1485 3614 1703 3671 Κιρραδίαν,
1725 3612 1764 3656 ἔν
1789 3609 1918 3669 ᾗφασι
1941 3613 2202 3669 γίγνεσθαιτὸ
2221 3612 2430 3654 κάλλιστον
2454 3609 2719 3667 μαλάδαθρογ,
2744 3626 2797 3669 ³⁶³3

1482 3686 1576 3734 post
1610 3675 1865 3732 Gangaridas
1893 3676 2081 3719 collocat.
2109 3677 2287 3719 Gentem
2317 3674 2424 3717 hane
2445 3672 2721 3732 Mongolieam

1483 3742 1668 3796 Σκιράτας
1688 3740 1789 3782 dicit
1811 3739 1993 3782 AElianus
2015 3743 2068 3783 Α.
2088 3741 2140 3782 Ν.
2162 3740 2279 3791 XVI,
2304 3751 2357 3781 22
2384 3734 2795 3794 εὶ“.κιρσῖιίιιιτ·ιίριγ-’Ἰ

1490 3802 1621 3845 Ἰνδῶν
1653 3803 1811 3851 ἔθνος...
1847 3802 1956 3861 σιμοὶ
1986 3801 2053 3851 τὰς
2073 3801 2193 3859 ῥῖνας,
2219 3800 2331 3858 apud
2370 3798 2483 3856 quod
2513 3790 2726 3855 serpentQ¹

1484 3867 1668 3908 maximi.
1696 3866 1852 3908 Plinius
1870 3866 1968 3917 vn,
2005 3867 2054 3908 18
2091 3864 2404 3918 :Megasthenes
2430 3871 2588 3917 grutem
2615 3858 2633 3904 i
2760 3906 2763 3909 ‚
2803 3887 2805 3889 -

1484 3928 1674 3970 nomades
1696 3927 1822 3969 Indos
1844 3928 2007 3970 nariam
2038 3928 2124 3970 Ioco
2140 3926 2361 3982 foramina
2383 3934 2545 3968 tantum
2573 3920 2719 3977 ΛΜ
2759 3939 2765 3950 “
2787 3778 2799 3992 Ι

1487 4001 1580 4040 tene,
1613 3990 1811 4043 anguium
1844 3988 1961 4032 modo
1985 3987 2219 4047 loripedem,
2237 3987 2379 4031 vocari
2393 3980 2719 4043 soriceml’hn
2758 3975 2804 4051 335

2794 3108 2795 3111 „
2776 3072 2779 3074 ⁴
2771 2912 2797 3047 Μην-
2772 2718 2793 2898 ψωμῷ-β’..)
