2782 4348
80 147 235 237 (ξιιμ.)

77 280 278 339 ποταμὸς,
302 279 426 327 Σόλοι
444 278 559 329 πόλις
578 276 783 332 Ἑλληνὶς,
800 276 999 339 Ζεφύριον
1022 276 1156 336 πόλις,
1180 296 1306 322 ποτα-

79 350 152 409 μὸς
188 348 385 412 Πύραμος
427 347 497 393 καὶ
508 345 634 396 -”πόλις
668 344 872 403 Μαλλὸς,
898 347 955 396 εἷς
979 344 1029 400 ἣν
1053 348 1074 390 ὁ
1105 345 1307 398 ἀνάπλους

78 418 186 464 κατὰ
210 419 276 464 τὸν
303 415 510 475 ποταμὸν,
535 414 730 475 ἐμπόριον
763 413 910 468 Ἀδάνη
944 414 1014 458 καὶ
1048 412 1175 472 λιμὴν
1206 417 1306 460 Μυ-

80 489 239 549 ρίανδος
275 485 497 541 Φοινίκιον,
539 482 740 546 Θάψακος
780 482 978 542 ποταμός.
1052 485 1306 545 Παράπλους

78 558 271 608 Κιλικίας
296 554 378 599 ἀπὸ
407 556 486 598 τῶν
514 552 768 615 Παμφυλίας
788 551 908 614 ὁρίων
944 551 1068 615 μέχρι
1099 553 1304 615 Θαψάκου

58 628 288 685 Χποταμοῦ,
309 625 429 684 τριῶν
447 621 612 683 ἡμερῶν
637 621 708 667 καὶ
724 625 880 667 νυκτῶν
903 621 989 668 δύο.
1059 621 1139 668 Ἐκ
1165 621 1206 667 δὲ
1232 625 1308 668 Σι-

77 693 213 746 νώπης
235 684 307 748 τῆς
327 695 367 738 ἐν
391 694 449 754 τῷ
474 691 622 754 Πόντῳ
655 691 721 735 διὰ
742 694 814 746 τῆς
838 690 1009 753 ἠπείρου
1031 689 1102 735 καὶ
1126 694 1196 746 τῆς
1226 695 1303 738 Κι-

75 761 207 813 λικίας
231 763 286 814 εἷς
306 761 459 813 Σόλους
487 762 574 813 ὁδός
606 762 714 821 ἐστιν
739 760 820 805 ἀπὸ
843 760 1050 823 θαλάσσης
1071 762 1126 812 εἷς
1151 760 1303 806 θάλασ·

75 850 151 878 σαν
174 834 338 893 ἡμερῶν
360 829 407 876 ε’·

139 917 214 947 103.
240 903 457 947 ΚΥΠΡΟΣ.
481 898 602 946 Κατὰ
620 898 661 943 δὲ
684 898 873 945 Κιλικίαν
888 897 973 944 ἐστὶ
986 901 1106 954 νῆσος
1124 898 1304 960 Κύπρος,

75 971 145 1016 καὶ
165 970 302 1021 πόλεις
333 972 372 1014 ἐν
409 971 512 1031 αὐτῇ
551 968 663 1014 αἵδε·
690 968 880 1028 Σαλαμὶς
899 967 1120 1025 ,“Ελληνὶς,
1157 967 1305 1024 λιμένα

75 1039 227 1102 ἔχουσα
268 1039 452 1084 κλειστὸν
489 1037 740 1101 χειμερινὸν,
776 1038 1050 1098 Καρπάσεια,
1074 1037 1302 1099 Κερύνεια,

75 1109 263 1166 Λήπηθις
287 1108 514 1168 Φοινίκων,
539 1107 662 1154 Σόλοι
689 1107 789 1170 (καὶ
813 1106 916 1163 αὕτη
942 1106 1090 1167 λιμένα
1115 1107 1201 1169 ἔχει
1220 1125 1304 1169 χει-

74 1271 183 1312 bone
207 1285 249 1326 p.
270 1275 365 1325 671.
390 1269 552 1322 Quibus
564 1269 758 1309 omnibus
773 1268 887 1309 facile
906 1281 1106 1308 caremus.
1130 1269 1180 1308 In
1197 1282 1310 1307 men-

75 1341 159 1374 tem
192 1333 304 1372 venit
334 1331 444 1378 πόλις
477 1329 654 1386 Ἇρίμων,
680 1331 877 1384 quoniam
908 1329 1075 1371 Arimos
1094 1328 1147 1369 ad
1168 1329 1311 1384 Sarpe-

76 1395 248 1436 donium
277 1409 342 1449 pr.
367 1393 569 1434 habitasse
602 1391 731 1433 refert
765 1391 1029 1433 Callisthenes
1066 1405 1132 1446 ap.
1171 1391 1306 1432 Strab.

73 1472 118 1514 p.
142 1461 236 1513 726.
259 1455 338 1498 Sed
356 1456 424 1496 hic
440 1468 606 1510 quoque
623 1454 737 1494 lusus
755 1453 911 1494 inutilis
923 1454 989 1494 sit.
1008 1454 1132 1495 Mitto
1151 1454 1310 1494 somnia

74 1521 262 1561 aliorum.
297 1522 311 1573 ΙΙ
343 1541 399 1549 --
429 1517 655 1572 ποταμός
678 1517 694 1571 ]
724 1525 784 1557 est
809 1515 1086 1571 Calycadnus,
1120 1516 1310 1571 proxime

72 1591 166 1638 post
184 1588 394 1638 promont.
416 1581 459 1620 in
480 1593 591 1619 mare
611 1578 766 1618 exiens.
797 1577 812 1629 ΙΙ
838 1602 895 1610 —-
921 1574 1078 1629 Σολοὶ
1097 1594 1144 1618 π.
1171 1577 1310 1629 ἑλλη-

74 1644 148 1692 ν·“ις
169 1644 184 1698 ]
207 1645 243 1685 Α
265 1641 413 1684 Solone
447 1640 635 1681 nonnulli
665 1640 876 1682 conditam
907 1639 1197 1681 fabulabantur
1218 1639 1232 1696 (
1250 1641 1306 1681 V.

72 1705 281 1762 Polyzelus
299 1705 341 1745 in
357 1705 520 1758 Fragm.
540 1704 647 1744 Hist.
668 1712 700 1744 t.
715 1705 792 1753 IV,
812 1717 856 1758 p.
874 1704 956 1752 482
983 1710 1071 1743 not.
1097 1702 1129 1758 ).
1147 1703 1310 1743 Nomen

72 1768 327 1825 phoenicium
346 1781 430 1807 esse
448 1774 488 1807 et
502 1780 651 1806 saxum
669 1779 704 1807 s.
723 1779 862 1822 rupem
880 1764 1076 1806 denotare
1094 1773 1204 1805 recte
1223 1779 1311 1805 mo-

73 1841 143 1873 net
167 1829 337 1873 Gailius.
358 1831 377 1882 ΙΙ
393 1853 451 1860 —
476 1827 643 1881 Ἀδάνη
665 1829 680 1883 ]
712 1827 834 1880 ἀλάνη
856 1827 1012 1878 codex3
1037 1828 1210 1868 mutavit
1228 1828 1311 1868 Sal·

72 1894 240 1935 masius.
278 1891 460 1946 Reliquis
494 1891 595 1932 urbs
630 1891 843 1932 notissima
873 1889 1026 1931 dicitur
1055 1889 1103 1930 τὰ
1141 1890 1305 1942 Ἄδανα;

73 1971 206 2011 neque
222 1955 274 1996 ad
289 1969 402 1996 mare
419 1952 491 1993 sed
510 1954 553 1994 in
568 1952 877 1994 mediterraneis
899 1951 952 1993 ad
968 1953 1114 1993 Sarum
1136 1953 1308 1994 fluvium

72 2021 148 2060 sita
169 2027 254 2069 est,
281 2031 416 2072 neque
429 2024 524 2071 post
546 2015 617 2057 sed
636 2024 730 2056 ante
744 2016 916 2057 Mallum
939 2015 1188 2056 recensenda
1204 2024 1305 2057 erat.

73 2085 212 2134 Quare
237 2079 289 2121 de
321 2078 609 2120 emendatione
639 2079 734 2120 licet
764 2078 968 2120 dubitare.
994 2079 1142 2119 Nescio
1160 2093 1212 2118 an
1232 2093 1308 2134 pro

77 2140 215 2195 Ἆλάνη
238 2141 358 2183 sue1it
379 2140 538 2197 Ἀμάνη,
563 2141 622 2182 ita
642 2149 688 2181 ut
702 2141 816 2182 locus
837 2141 1090 2194 significetur
1109 2140 1161 2180 ad
1183 2143 1308 2182 Ama-

73 2205 188 2246 nides
206 2205 319 2260 pylas
334 2205 450 2244 situs.
483 2203 629 2244 Strabo
648 2204 766 2252 XIV,
790 2216 834 2256 p.
872 2206 952 2255 676
975 2214 986 2242 ε
1011 2201 1122 2242 Μετὰ
1140 2201 1180 2241 δὲ
1198 2203 1309 2255 Μάλ-

72 2268 143 2308 λον
157 2267 314 2322 Αἰγαῖαι
326 2266 546 2320 πολίχνιον.
558 2297 566 2305 .
580 2263 652 2305 εἶτ’
674 2263 868 2319 Ἂμανίδες
878 2263 995 2305 πύλαι
1009 2263 1178 2319 ὅφορμον
1196 2263 1309 2318 ἔχου·-

73 2347 151 2381 σαι,
174 2330 223 2378 εἰς
245 2331 287 2377 ἃς
307 2329 466 2383 τελευτᾷ
495 2328 539 2368 τὶ)
560 2327 722 2382 Ἀμανὸν
750 2327 849 2382 ὅρος.
878 2329 892 2380 Η
919 2327 1268 2381 -Μυρίανδος
1289 2330 1304 2383 ]

71 2393 288 2448 Μυριανδὸς
310 2391 455 2441 codex,
477 2389 591 2445 quod
609 2405 695 2431 non
724 2389 881 2429 mutavi
913 2403 1008 2428 cum
1027 2388 1145 2429 editt.
1167 2390 1210 2429 in
1226 2390 1308 2430 Mu-

73 2458 260 2512 ρίανδρος,
286 2468 521 2510 quanquam
557 2453 615 2493 sic
650 2452 772 2506 vulgo
794 2450 947 2491 dicitur
974 2450 1075 2492 Vid.
1110 2453 1303 2507 Xenoph.

37 2552 39 2554 .
72 2519 208 2560 Anab.
228 2519 264 2568 I,
284 2519 324 2566 4,
344 2520 390 2566 63
408 2515 548 2570 Steph.
573 2517 670 2570 Byz.
688 2529 721 2554 s.
744 2527 803 2564 V.;
831 2513 977 2554 Strabo
992 2513 1110 2563 XIV,
1127 2527 1171 2568 p,
1198 2518 1303 2569 6763

71 2581 178 2622 Mela
198 2582 234 2630 Ι,
264 2592 329 2628 12,
354 2578 398 2628 5;
424 2577 602 2628 Plin.V‚
626 2580 666 2618 8.
687 2578 743 2627 Π,
771 2589 870 2627 112;
895 2575 1069 2617 Ptolem.
1097 2577 1153 2627 V,
1186 2579 1234 2619 18
1266 2587 1308 2620 et

71 2643 189 2684 numi
207 2655 274 2697 ap.
299 2640 447 2682 Rasch.
480 2641 582 2680 Lex.
609 2653 726 2679 num.
761 2640 838 2688 ΠΙ,
868 2651 885 2678 1
907 2652 951 2693 p.
981 2636 1101 2679 1005.
1134 2640 1189 2680 At
1212 2638 1306 2679 libri

71 2703 273 2748 Herodoti
303 2704 380 2753 IV,
421 2704 444 2743 8
480 2700 676 2741 exhibent
704 2700 963 2755 Μυριανδικοῦ·
993 2699 1156 2740 κόλπου.
1181 2700 1307 2752 Quod

72 2768 187 2809 ducit
213 2765 266 2807 ad
301 2763 530 2820 Μυρίανδος.
566 2765 583 2815 Η
618 2787 675 2794 -
706 2761 930 2817 Θάψακος
955 2761 970 2816 ]
997 2762 1159 2802 Nomen
1191 2763 1306 2803 fluvii

72 2829 236 2872 aliunde
258 2843 344 2869 non
365 2835 528 2868 notum.
567 2826 723 2867 Gailius
748 2824 921 2865 indicari
955 2824 1128 2864 fluvium
1150 2827 1309 2866 censuit

73 2894 144 2948 qui
177 2892 264 2932 aliis
286 2898 347 2931 est
367 2888 628 2931 Eleutherus.
662 2889 703 2928 Is
726 2902 823 2928 vero
846 2900 977 2941 quum
1003 2901 1027 2927 a
1048 2885 1221 2927 meridie
1256 2889 1308 2928 sit

73 2953 201 2997 Aradi
234 2953 348 2994 urbis
374 2953 482 2992 inter
511 2951 715 3005 Simyram
740 2958 782 2990 et
810 2949 1071 3000 Orthosiam,
1102 2950 1163 2989 uti
1199 2958 1309 2990 recte

73 3016 174 3057 dicit
192 3014 338 3057 Strabo
353 3015 470 3064 XVI,
486 3027 530 3068 p.
549 3012 628 3067 753
655 3011 722 3068 (v.
746 3014 954 3053 Mannert.
975 3013 1052 3062 VI,
1082 3024 1119 3062 1,
1137 3025 1180 3067 p.
1208 3012 1303 3065 389.

74 3078 284 3132 Forbiger.
297 3079 354 3125 ΙΙ,
370 3091 414 3131 p.
431 3080 510 3116 662
528 3077 558 3128 ),
574 3090 596 3115 a
611 3083 754 3115 nostro
769 3075 860 3116 loco
874 3089 1043 3129 prorsus
1059 3082 1120 3115 est
1134 3074 1304 3115 alienus.

73 3143 182 3181 Bene
198 3142 439 3182 Mannertus
458 3138 563 3194 (VI,
593 3152 630 3188 1,
652 3152 694 3193 p.
719 3140 800 3187 448
820 3137 834 3194 )
851 3138 1111 3193 Thapsacum
1130 3137 1307 3192 appella-

74 3203 229 3243 tionem
244 3201 480 3255 indigenam
495 3199 617 3241 fuisse
631 3208 748 3256 putat
766 3199 951 3250 Orontis,
965 3197 1214 3253 suffragante
1230 3202 1308 3240 Le-

74 3265 241 3304 tronnio
256 3265 299 3304 in
320 3266 457 3305 Poem.
468 3278 602 3315 geogr.
620 3277 663 3318 p.
685 3276 766 3304 222
785 3275 795 3303 :
820 3282 836 3298 α
859 3260 940 3303 Des
958 3262 995 3303 le
1013 3270 1144 3317 temps
1161 3261 1213 3302 de
1230 3263 1310 3303 Xe-

75 3324 262 3379 nophon,
274 3325 330 3365 les
341 3325 488 3365 limites
502 3324 554 3365 de
572 3325 610 3366 la
625 3325 764 3366 Cilicie
782 3324 884 3365 etde
898 3324 937 3365 la
956 3325 1070 3380 Syrie
1087 3325 1237 3365 etaient
1251 3325 1308 3366 les

77 3386 188 3443 pyles
196 3388 457 3441 Amaniques,
469 3385 492 3428 ὲ
500 3388 595 3443 cinq
602 3402 842 3442 parasanges
858 3386 1046 3443 (environ
1056 3387 1151 3442 cinq
1159 3387 1281 3428 lieues
1291 3388 1305 3444 )

77 3463 131 3489 au
145 3447 234 3488 dela
248 3447 420 3499 d'Issus;
440 3450 704 3505 Myriandrus
717 3481 727 3500 ,
746 3451 841 3504 cinq
859 3455 1101 3505 parasanges
1116 3450 1208 3504 plus
1224 3449 1307 3490 loin

77 3526 158 3566 que
172 3510 229 3551 les
240 3510 366 3565 pyleS,
380 3513 632 3566 appartenait
643 3511 734 3567 deja
748 3510 816 3553 ala
831 3513 959 3568 Syrie.
977 3513 1082 3554 Mais
1097 3512 1307 3553 Herodote

75 3581 194 3629 porte
206 3587 271 3613 ces
282 3572 428 3612 limites
434 3572 524 3627 plus
535 3588 589 3614 au
598 3573 676 3614 sud
687 3590 698 3625 ;
712 3574 825 3615 selon
835 3574 909 3625 lui,
923 3573 1151 3625 Posidium,
1169 3575 1205 3615 la
1217 3589 1308 3630 pre-

77 3634 204 3677 miere
221 3634 311 3674 ville
327 3648 380 3674 au
396 3633 486 3675 dela
499 3635 551 3676 de
568 3635 770 3687 l’Oronte,
788 3637 885 3677 etait
900 3637 1028 3676 situee
1039 3651 1109 3677 sur
1122 3637 1179 3677 les
1196 3637 1306 3678 fron-

78 3696 198 3738 tieres
210 3696 261 3736 de
275 3696 314 3737 la
331 3696 444 3751 Syrie
453 3704 493 3736 et
510 3695 562 3737 de
572 3697 611 3738 la
627 3698 787 3748 Cilicie;
811 3696 912 3738 d'ou
926 3698 953 3738 il
968 3699 1050 3738 suit
1064 3713 1171 3739 assez
1186 3708 1306 3740 natu-

77 3759 287 3800 rellement
307 3772 386 3812 que
403 3757 588 3799 l'Oronte
601 3760 774 3813 separait
791 3759 897 3800 alors
908 3759 964 3800 les
976 3758 1085 3801 deux
1103 3763 1303 3803 contrees.

77 3823 152 3862 Cet
177 3822 258 3861 etat
275 3819 327 3861 de
353 3820 495 3861 choses
525 3828 585 3861 est
605 3821 879 3862 evidemment
900 3825 1131 3877 represente
1152 3824 1254 3866 dans
1273 3826 1309 3866 le

77 3883 258 3939 Periple,
277 3880 334 3924 ou
348 3883 385 3923 la
405 3882 496 3923 ville
511 3881 563 3922 de
580 3882 843 3938 Myriandrus
858 3892 918 3925 est
939 3886 1066 3927 situee
1081 3901 1131 3927 en
1150 3888 1305 3937 Cilicie,

79 3953 120 3987 et
132 3946 171 3987 la
185 3946 313 3986 limite
326 3944 377 3985 de
392 3953 496 3986 cette
510 3946 674 3986 contree
687 3947 828 4000 portee
843 3960 896 3986 au
911 3947 1041 3988 sseuve
1053 3949 1303 4004 Thapsacus,

80 4008 150 4062 qui
174 4021 238 4048 me
260 4008 390 4063 parait
414 4021 464 4048 ne
482 4007 658 4062 pouvoir
679 4008 764 4047 etre
789 4021 869 4061 que
883 4007 1068 4049 l'Oronte
1086 4009 1157 4050 des
1173 4020 1307 4051 autres

1184 177 1493 225 PERIPLUS.
1894 188 1896 190 v
2544 205 2597 240 7,

1378 288 1482 337 vius,
1502 288 1584 328 Soli
1607 288 1706 328 urbs
1723 289 1882 339 Graeca,
1899 288 2148 343 Zephyrium
2165 292 2263 332 urbs
2280 323 2291 342 ,
2319 294 2466 335 fluvius
2485 301 2609 352 Pyra.

1377 379 1469 405 mus
1488 374 1529 406 et
1550 367 1648 408 urbs
1662 368 1810 408 Mallus
1823 399 1834 418 ,
1849 367 1901 408 ad
1916 382 2041 422 quam
2053 367 2226 410 adverso
2241 372 2455 425 navigatur
2471 389 2603 427 amne,

1376 446 1609 499 emporium
1638 446 1783 487 Adana
1821 455 1861 487 et
1890 455 2035 502 portus
2063 447 2309 501 Myriandus
2350 451 2607 504 Phoenicum,

1375 522 1611 577 Thapsacus
1658 525 1824 566 fluvius.
1881 526 2168 566 Praetervectio
2212 526 2362 566 Ciliciae
2414 543 2437 568 a
2485 532 2606 571 Pam-

1375 598 1612 654 phyliorum
1633 602 1819 640 terminis
1841 615 1970 655 usque
1991 600 2044 642 ad
2065 601 2325 655 Thapsacum
2363 603 2516 645 ssumen
2550 615 2610 647 est

1377 673 1504 714 trium
1538 672 1700 714 dierum
1734 683 1774 714 et
1804 674 1980 715 duarum
2017 675 2217 715 noctium.
2256 678 2293 717 A
2323 677 2472 733 Sinope
2510 695 2610 721 vero

1375 748 1547 789 Pontica
1575 762 1652 803 per
1685 749 1965 789 continentem
1988 757 2028 789 et
2062 749 2249 790 Ciliciam
2272 765 2400 806 usquc
2423 754 2474 794 ad
2497 755 2614 796 Solos

1376 824 1455 865 iter
1469 839 1492 865 a
1507 826 1612 865 mari
1634 824 1686 865 ad
1706 839 1818 865 mare
1838 833 1899 865 est
1914 824 2077 865 dierum
2095 826 2293 881 quinque.

1442 900 1535 940 103.
1550 900 1917 949 ennoscontra
1930 899 2114 940 Ciliciam
2131 909 2191 940 est
2203 903 2360 957 Cyprus
2377 905 2520 957 insula,
2543 921 2614 947 ur-

1377 967 1533 1022 besque
1546 967 1588 1007 in
1605 982 1653 1008 ea
1666 975 1763 1007 sunt
1781 967 1843 1007 hae
1860 966 2053 1008 :Salamis
2068 969 2212 1009 Graeca
2231 970 2368 1011 civitas
2384 987 2476 1014 cum
2489 985 2611 1029 portu

1377 1037 1516 1078 clauso
1534 1036 1587 1078 ad
1609 1035 1916 1078 hibernandum
1933 1037 2170 1088 commodo,
2197 1039 2399 1094 Carpasia,
2415 1044 2605 1098 Cerynia,

1380 1108 1588 1166 Lepethus
1606 1107 1851 1148 Phoenicum
1864 1138 1876 1158 ,
1902 1107 2000 1158 Soli,
2029 1113 2120 1162 quae
2139 1107 2238 1148 urbs
2258 1109 2354 1150 item
2373 1111 2493 1152 habet
2512 1128 2611 1168 por-

1380 1267 1645 1322 geographes.
1675 1286 1691 1301 ι»
1721 1267 1974 1306 Confirmare
1989 1266 2097 1307 hanc
2119 1269 2358 1309 sententiam
2375 1270 2466 1310 licet
2486 1287 2533 1311 ex
2551 1288 2611 1312 se-

1379 1329 1616 1383 quentibus.
1655 1330 1761 1369 Nam
1799 1329 1940 1384 Scylax
1979 1330 2104 1384 Syriae
2142 1330 2355 1385 paraplum
2402 1346 2530 1386 usque
2562 1335 2612 1374 ad

1379 1391 1622 1432 Ascalonem
1639 1406 1725 1431 esse
1737 1390 1838 1431 dicit
1849 1391 2077 1432 stadiorum
2095 1406 2216 1446 1700,
2228 1392 2319 1449 ,αψξ
2339 1394 2395 1433 sic
2410 1395 2537 1435 codex
2550 1412 2560 1445 ;
2575 1406 2615 1437 at

1379 1468 1600 1495 numerum
1620 1454 1732 1495 hunc
1750 1463 1992 1510 corruptum
2009 1469 2095 1494 esse
2116 1455 2206 1495 luce
2228 1455 2374 1495 clarius
2394 1466 2476 1507 est;
2498 1450 2615 1498 lenis-

1379 1515 1483 1556 sima
1503 1523 1641 1556 autem
1661 1530 1787 1555 manu
1814 1530 1891 1571 pro
1915 1515 2159 1573 ‘atla'repono
2177 1515 2256 1573 ,βψ’
2275 1518 2399 1573 (quas
2423 1534 2614 1561 numero-

1378 1592 1473 1618 rum
1493 1586 1610 1619 notas
1639 1579 1786 1633 saepius
1799 1577 1886 1632 jam
1904 1578 2082 1619 vidimus
2099 1580 2328 1636 confundi)
2347 1597 2357 1632 ;
2380 1596 2469 1635 quae
2487 1583 2615 1624 stadia

1380 1653 1490 1695 2700
1501 1641 1553 1682 ab
1564 1641 1764 1682 Ascalone
1777 1642 1985 1696 pertinent
2001 1656 2130 1696 usque
2145 1642 2196 1682 ad
2210 1645 2407 1683 Orontem
2425 1645 2595 1690 fluvium
2609 1684 2612 1686 ,

1379 1704 1519 1745 Prisca
1553 1705 1724 1746 Orontis
1756 1705 1929 1746 nomina
1946 1698 2031 1746 sec.
2075 1706 2317 1746 Strabonem
2354 1715 2394 1747 et
2427 1707 2613 1749 Malalam

1378 1779 1422 1821 p.
1452 1779 1529 1821 197
1553 1766 1620 1808 ed.
1658 1769 1794 1808 Bonn.
1826 1776 1943 1808 erant
1977 1767 2112 1823 Τυφὼν
2146 1777 2187 1809 et
2231 1767 2398 1823 Ὀφίτης.
2429 1769 2506 1810 Sed
2529 1771 2618 1811 haec

1379 1842 1545 1884 quoque
1563 1843 1693 1884 graeca
1713 1837 1824 1871 sunt.
1851 1832 1915 1871 De
1940 1830 2154 1887 Thapsaco
2180 1831 2379 1871 vocabulo
2407 1832 2614 1886 phoenicio

1378 1890 1595 1947 ductisque
1619 1892 1719 1933 hinc
1741 1892 1965 1933 fluviorum
1986 1892 2237 1948 urbiumque
2268 1893 2504 1934 nominibus
2528 1896 2610 1935 vid.

1376 1956 1542 1997 Movers
1553 1956 1693 1997 Plzoen.
1707 1951 1892 1998 'Altertln
1909 1957 1966 2006 II,
1981 1969 2023 2011 p.
2043 1955 2135 2003 154.
2161 1957 2176 2009 Η
2195 1956 2292 1995 -Σ
2306 1956 2445 2003 όλους
2467 1956 2516 1996 ὁδ
2531 1959 2576 2004 ός
2596 1960 2613 2013 ]

1377 2018 1610 2067 Σολουσίδος
1651 2018 1782 2060 codex
1790 2034 1802 2070 ;
1849 2033 1930 2060 em.
1984 2019 2172 2059 Vossius.
2215 2018 2370 2059 Eadem
2409 2020 2609 2060 Herodot.

1376 2083 1433 2132 II,
1457 2083 1508 2131 34
1532 2095 1542 2123 ε
1572 2080 1621 2122 Ἥ
1641 2081 1682 2122 δὲ
1700 2079 1891 2136 Αἴγυπτος
1923 2083 1992 2133 τῆς
2013 2080 2161 2135 ὀρεινῆς
2184 2079 2355 2134 Κιλικίης
2379 2082 2544 2137 μάλιστά
2566 2099 2615 2138 κῃ

1378 2143 1486 2196 ἀντίη
1511 2145 1648 2186 κέεται·
1677 2144 1849 2185 ἐνθεῦτεν
1873 2143 1914 2184 δὲ
1938 2143 1973 2192 ἐς
2006 2141 2277 2196 Σινώπηντὴν
2307 2144 2345 2185 ἐν
2369 2149 2423 2200 τῷ
2450 2144 2613 2200 Εὐξείνῳ

1377 2207 1516 2262 Πόντῳ
1547 2207 1657 2248 πέντε
1690 2205 1862 2261 ἡμερέων
1887 2205 1968 2246 ἰθέα
2001 2204 2087 2253 ὁδὸς
2110 2204 2263 2261 εὐζώνῳ
2299 2204 2421 2261 ἀνδρί.
2454 2206 2517 2246 Cf.
2553 2207 2611 2247 id.

1376 2270 1421 2319 I,
1458 2282 1526 2322 72.
1564 2270 1725 2324 Septem
1753 2269 1890 2324 potius
1913 2267 2075 2308 dierum
2108 2268 2185 2308 iter
2210 2282 2296 2308 esse
2318 2283 2415 2308 vero
2440 2270 2613 2324 propior

1376 2332 1577 2386 Scymnus
1595 2345 1636 2371 v.
1659 2335 1739 2383 926
1765 2332 1834 2371 ait.

1433 2410 1454 2459 ς
1496 2408 1587 2448 103.
1630 2406 1723 2460 Καρ
1737 2407 1798 2447 πά
1812 2407 1947 2460 σεια]
1985 2406 2094 2446 Hinc
2133 2404 2399 2458 corrigendus
2437 2405 2613 2446 Stadias-

1376 2484 1468 2510 mus
1494 2472 1515 2521 S
1548 2471 1628 2522 298
1644 2499 1655 2519 ,
1680 2468 1753 2508 ubi
1783 2468 1914 2509 codex
1940 2480 1949 2508 :
1972 2467 2233 2521 Καρπασαίαν.
2259 2468 2413 2507 Ceteris
2434 2476 2494 2507 est
2515 2468 2614 2523 Καρ-

1377 2531 1494 2572 πασία
1516 2530 1675 2586 (Strab.
1691 2531 1808 2579 XIV,
1825 2545 1868 2585 p.
1892 2531 1993 2579 682;
2013 2528 2188 2569 Diodor.
2202 2530 2299 2577 XX,
2319 2530 2395 2578 48;
2417 2528 2608 2579 Ptolem.;

1375 2593 1516 2648 Steph.
1547 2595 1642 2648 Byz.
1671 2591 1686 2648 )
1718 2600 1758 2632 et
1780 2590 2020 2648 Carpasium
2036 2622 2047 2641 ,
2070 2591 2286 2645 Καρπάσιον
2320 2589 2610 2646 (Constantin.

1375 2655 1651 2710 Porphyrog.;
1669 2654 1850 2696 Hierocli
1866 2668 1908 2709 p.
1921 2668 2022 2708 707;
2039 2653 2172 2695 Plinio
2183 2654 2238 2703 V,
2256 2652 2343 2708 35).
2364 2654 2383 2705 ss
2399 2676 2455 2683 —-
2471 2652 2527 2692 Κε
2540 2668 2559 2707 ρ
2570 2653 2612 2692 ύ-

1377 2719 1483 2773 νεια]
1503 2716 1663 2772 Κερυνία
1682 2717 1858 2758 Diodor.
1878 2706 1996 2765 XIX,
2023 2715 2091 2769 59.
2114 2719 2182 2756 62.
2202 2719 2281 2769 69;
2305 2714 2492 2768 Κεραυνία
2505 2715 2612 2756 Ptol.

1375 2782 1432 2831 V,
1458 2781 1506 2821 13
1527 2795 1570 2835 p.
1595 2781 1702 2829 362;
1728 2778 1879 2835 Κυρήνη
1914 2779 1957 2819 in
1976 2779 2163 2819 Boisson.
2183 2779 2265 2819 An.
2287 2778 2364 2826 IV,
2382 2790 2423 2831 p.
2452 2777 2520 2826 38,
2554 2777 2576 2816 3
2597 2793 2608 2826 ;

1377 2843 1545 2898 Κυρηνία
1570 2842 1779 2884 Hierocles
1800 2857 1842 2897 p.
1878 2855 1957 2896 707
1988 2849 2028 2881 et
2056 2839 2188 2881 codex
2213 2843 2250 2881 A
2279 2840 2323 2880 in
2352 2838 2491 2893 Steph.
2514 2841 2609 2893 Byz.

1377 2920 1416 2946 v.
1436 2904 1582 2958 Πηγαί,
1610 2904 1683 2945 ubi
1705 2919 1756 2945 ex
1773 2904 1860 2944 aliis
1883 2902 2006 2943 codd.
2027 2901 2206 2957 Κερύνεια
2227 2901 2453 2956 repositum
2473 2914 2496 2940 a
2512 2901 2613 2941 Mei-

1377 2968 1528 3019 neki03
1551 2967 1765 3023 Κυρηναῖον
1782 2966 1999 3008 Stadiasm.
2023 2968 2045 3018 5
2068 2979 2164 3019 297.
2195 2984 2212 2999 κ
2234 2965 2330 3005 Non
2356 2962 2614 3004 confunden-

1379 3031 1480 3072 dum
1510 3045 1604 3071 cum
1624 3030 1704 3070 hoc
1731 3029 1823 3070 1000
1838 3037 1900 3069 est
1932 3027 2138 3069 Corineum
2160 3028 2257 3081 (ap.
2288 3026 2392 3067 Plin.
2425 3027 2481 3075 V,
2507 3025 2609 3080 35),

1378 3092 1491 3148 quod
1511 3093 1633 3133 etiam
1657 3092 1793 3147 Κώρην
1817 3099 1858 3131 et
1887 3090 2047 3145 Κορώνη
2071 3089 2239 3140 dicitur,
2264 3097 2379 3129 vetus
2401 3088 2612 3128 Salaminis

1377 3159 1529 3197 nomen
1545 3160 1569 3206 ,'
1591 3155 1652 3194 uti
1684 3153 1771 3208 jam
1802 3151 2043 3195 Harduinus
2073 3151 2126 3191 ad
2152 3151 2256 3191 Plin.
2282 3150 2444 3191 monuit
2470 3157 2610 3188 contra

1376 3219 1606 3261 Mem-sium
1629 3215 1642 3272 (
1660 3219 1784 3272 Cypr.
1806 3230 1848 3270 p.
1873 3228 1942 3268 29,
1961 3229 2012 3255 ex
2031 3228 2114 3268 quo
2136 3212 2287 3267 pendet
2304 3211 2431 3265 Engel
2452 3214 2611 3265 Kypros

1378 3290 1409 3323 t.
1427 3284 1462 3331 I,
1485 3295 1527 3336 p.
1551 3282 1619 3331 81,
1646 3288 1685 3320 et
1702 3280 1875 3334 Kiepert
1895 3278 1937 3317 in
1954 3290 2102 3331 mappa
2128 3276 2253 3329 Cypri
2270 3276 2300 3328 ).
2319 3275 2476 3315 Nostrae
2495 3272 2612 3312 urbis

1378 3357 1530 3384 nomen
1547 3340 1837 3382 deducendum
1852 3353 1902 3379 ex
1924 3338 2132 3393 phoenicio
2150 3351 2242 3410 iffi-‘⁸'
2267 3349 2387 3411 ἵης-ηρ
2409 3336 2424 3386 (
2440 3334 2576 3388 κέρατα
2593 3332 2607 3388 )

1380 3427 1441 3468 vel
1464 3441 1598 3501 ῃῃἾΡ
1619 3425 1633 3480 (
1650 3423 1827 3479 κεραστία
1844 3421 1875 3478 ).
1893 3422 2042 3462 Totam
2057 3420 2179 3460 etiam
2195 3420 2379 3474 Cyprum
2399 3415 2573 3457 insulam
2588 3430 2614 3456 a

1379 3512 1532 3566 κέρασι,
1565 3507 1880 3564 promontoriis,
1905 3503 2112 3559 Κεραστίαν
2143 3500 2382 3557 appellatam
2401 3514 2486 3539 esse
2512 3513 2610 3539 con-

1378 3582 1458 3614 stat
1476 3588 1498 3613 e
1514 3573 1658 3613 Tzetze
1674 3569 1726 3610 ad
1746 3571 1843 3624 Lyc.
1870 3570 1966 3622 447.
2003 3587 2020 3602 »
2042 3567 2140 3607 Haee
2161 3564 2299 3605 notavi
2322 3568 2372 3605 ex
2402 3562 2608 3603 Moversio

1377 3635 1404 3676 l.
1427 3636 1454 3676 1.
1477 3637 1539 3685 ΙΙ,
1568 3648 1611 3689 p.
1647 3633 1742 3672 223.
1764 3633 1856 3683 11-
1884 3629 2130 3684 Λήπηθες]
2163 3628 2221 3668 sic
2249 3625 2403 3675 codex;
2437 3624 2614 3674 Λάπηθος

1378 3696 1556 3738 Diodor.
1577 3696 1695 3745 XIX,
1726 3693 1800 3748 59,
1828 3692 2022 3742 Ptolem.,
2049 3689 2264 3732 Stadiasm.
2287 3690 2423 3743 §297›
2445 3685 2609 3739 Stepha-

1377 3774 1471 3809 nus,
1491 3758 1662 3808 Plinius,
1691 3756 1773 3805 alii,
1795 3756 1873 3796 nisi
1897 3753 2010 3809 quod
2027 3755 2070 3794 in
2099 3752 2264 3799 Λάπιθος
2288 3762 2438 3791 nomen
2458 3746 2606 3801 passim

1380 3828 1644 3874 corruptum;
1679 3819 1855 3865 Λάπαθος
1890 3817 2035 3858 Strabo
2066 3816 2184 3866 XIV,
2208 3828 2252 3869 p.
2283 3814 2388 3861 682;
2424 3806 2607 3862 Lapetha

1379 3899 1445 3939 ap.
1470 3883 1714 3937 Hieronym.
1748 3882 1836 3922 Vit.
1873 3882 1914 3922 S.
1936 3880 2106 3928 Hilarii,
2133 3886 2233 3918 tom.
2258 3876 2333 3928 IV,
2357 3887 2399 3927 p.
2430 3885 2446 3910 1
2479 3876 2519 3908 et
2535 3869 2603 3920 89.

1377 3946 1607 3988 Moversius
1640 3959 1683 4000 p.
1723 3958 1803 3985 222
1840 3943 1998 3984 confert
2030 3954 2181 3982 nomen
2201 3937 2284 3979 loci¹
2315 3936 2358 3975 in
2380 3932 2494 3987 Syria
2515 3933 2607 3969 Bet-

1379 4007 1537 4065 Lapetlz
1574 4007 1587 4063 (
1607 4008 1715 4048 Iocus
1753 4021 1943 4062 raporum
1962 4004 1992 4060 ).
2028 4006 2045 4055 Η
2063 4026 2118 4033 —-
2139 4001 2179 4042 M
2189 4001 2211 4039 ά
2224 4011 2328 4054 ριον
2347 3997 2362 4051 ]
2403 3996 2607 4035 Memorat
