2756 4354
929 177 1008 222 DE
1044 171 1258 221 SCYLAE‘
1286 175 1746 227 CARYANDENSE.

0 270 11 306 ⁷
74 269 174 348 gica
186 288 557 348 interponuntur.
577 283 837 344 —Periplo
854 283 903 328 in
927 283 1083 328 codice
1100 283 1307 342 subjecta

74 376 181 411 sunt
215 362 506 426 διαφράγματα
532 361 624 405 duo
651 360 748 405 sive
770 360 912 420 diapli
938 359 996 404 ab
1019 359 1204 420 Europa
1226 375 1308 419 per

73 442 247 487 insulas
293 432 343 483 in
379 452 508 482 oram
551 436 826 492 Asiaticam3
873 436 987 480 alter
1031 452 1057 480 a
1092 434 1308 479 Chalcide

73 518 123 561 in
157 515 340 560 Samum
381 522 425 557 et
451 512 685 572 Mycalen,
720 512 833 557 alter
865 527 891 556 a
912 511 1059 556 Maleo
1089 516 1308 571 promon-

73 580 192 634 torio
236 588 292 632 ad
332 586 543 632 Rhodum
580 587 716 646 eique
756 586 1015 648 proximam
1065 586 1305 630 continen-
1339 641 1347 649 ι

17 699 19 701 -
71 674 175 709 tem.
203 663 313 707 Post
351 662 449 707 haec
485 664 692 706 maximae
728 662 888 707 insulae
920 662 1086 720 viginti
1119 676 1306 706 enume-

73 748 244 784 rantur.

134 811 279 859 53.'1n
302 813 545 859 tractandis
562 824 710 859 autem
727 814 921 873 singulis
935 815 1187 872 argumenti
1204 830 1307 874 par-

0 874 3 895 ³
70 888 205 934 tibus'
227 883 391 947 magna
434 888 610 934 obtinet
645 889 858 936 varietas.
915 889 1047 943 Quod
1071 892 1308 934 'mensuras

71 965 389 1010 distantiarum
419 965 606 1024 attinet,
634 974 792 1010 auctor
808 974 964 1010 noster
982 964 1118 1009 modo
1143 980 1304 1010 secun-

70 1042 178 1087 dum
208 1042 306 1087 dies
333 1043 405 1087 vel
430 1042 528 1087 dies
555 1051 801 1101 noctesque
831 1041 1136 1100 navigationis
1167 1041 1305 1085 modo

70 1117 318 1163 secundum
341 1117 486 1162 stadia
510 1126 759 1176 computat.
787 1116 975 1160 Dierum
992 1112 1192 1161 *numero
1226 1116 1302 1160 de-

70 1192 228 1237 finitur
246 1191 488 1251 longitudo
517 1207 609 1236 01·ae
639 1190 695 1235 ab
716 1190 868 1235 Iberia
887 1190 944 1235 ad
963 1190 1188 1256 Graeciam
1212 1202 1256 1236 et
1281 1206 1306 1235 a

68 1267 339 1312 Macedonia
367 1268 424 1312 ad
455 1268 622 1312 ostium
653 1265 896 1311 Maeotidis.
930 1265 986 1309 In
1017 1266 1141 1310 Asiae
1169 1267 1306 1311 litore

69 1342 265 1387 Pontico
282 1356 427 1400 usque
446 1341 503 1385 ad
526 1340 791 1400 Bithyniam
815 1339 1042 1384 distantiae
1066 1341 1115 1384 in
1141 1341 1302 1386 codice

69 1426 225 1461 nostro
253 1415 549 1459 librariorum
564 1415 844 1473 negligentia
867 1415 1048 1459 omissae
1075 1427 1198 1471 sunt,
1226 1418 1304 1462 sed

71 1492 151 1536 vix
173 1501 240 1536 est
259 1490 477 1549 dubium,
503 1491 617 1550 quin
642 1491 750 1535 item
780 1491 1030 1535 secundum
1056 1492 1153 1553 dies
1171 1493 1303 1536 navi-

68 1567 264 1625 gationis
298 1566 497 1610 definitae
533 1566 726 1621 fuerint,
754 1566 834 1625 qui
869 1577 1112 1626 computus
1145 1577 1304 1626 regnat

67 1643 200 1687 etiam
225 1643 274 1687 in
298 1642 505 1702 sequenti
533 1658 616 1686 ora
641 1642 881 1687 Asiaticaa
911 1643 1129 1703 Bithynia
1157 1636 1303 1704 usque

69 1718 125 1761 ad
154 1718 289 1762 finem
314 1717 506 1773 Ciliciae,
534 1727 577 1761 et
596 1718 645 1761 in
665 1733 744 1761 ora
766 1717 942 1777 Libyca
962 1735 988 1772 a
1013 1719 1103 1764 fine
1119 1720 1303 1780 AEgypti

68 1793 124 1837 ad
139 1793 320 1837 initium
340 1793 643 1854 Pentapoleos
668 1793 946 1853 Cyrenaicae,
970 1805 1013 1840 et
1035 1796 1142 1840 inde
1166 1813 1192 1840 a
1214 1798 1304 1841 fine

65 1870 164 1927 ejus
179 1884 261 1929 per
280 1869 504 1929 reliquam
524 1869 684 1929 Lihyae
705 1880 878 1930 partem
898 1887 1044 1931 usque
1064 1872 1120 1916 ad
1134 1874 1301 1918 Lixum

66 1943 277 1991 fluvium.
305 1945 472 1990 Stadiis
495 1956 654 1990 auctor
675 1947 821 1991 utitur
837 1947 886 1991 in
902 1948 1105 2008 paraplis
1127 1948 1298 2008 Syriae,

65 2020 261 2077 Arabiae,
272 2021 451 2082 AEgypti
460 2033 503 2067 et
511 2023 812 2083 Pentapoleos
825 2024 1100 2084 Cyrenaicae.
1116 2025 1301 2070 Utrum-

67 2113 155 2156 que
176 2108 439 2158 computum
460 2101 725 2159 promiscue
757 2100 945 2145 adhibet
966 2102 1020 2146 de
1044 2118 1125 2146 ora
1142 2104 1302 2161 regio-

65 2189 174 2219 num
209 2174 487 2221 Graecarum.
519 2175 572 2219 In
598 2177 788 2221 summis
826 2187 974 2221 autem
1005 2181 1300 2238 paraplorum

67 2250 336 2310 colligendis
357 2251 508 2295 varias
526 2251 606 2295 has
634 2252 851 2296 metiendi
871 2254 1072 2298 rationes
1091 2256 1147 2298 ad
1164 2271 1299 2299 unam

66 2325 346 2384 eandemque
356 2336 555 2380 revocat,
571 2326 765 2385 Europae
777 2329 1019 2388 paraplum
1033 2345 1131 2373 esse
1145 2330 1300 2375 dicens

66 2399 241 2443 dierum
264 2399 347 2442 153
365 2399 405 2460 (5
417 2400 513 2459 69),
533 2401 647 2443 Asiae
664 2400 841 2444 dierum
859 2404 914 2456 87
933 2404 973 2460 (§
1001 2402 1122 2463 106),
1141 2403 1299 2463 Libyae

66 2489 210 2533 usque
234 2473 290 2517 ad
322 2474 531 2518 Herculis
555 2476 790 2520 columnas
810 2476 988 2521 dierum
1018 2484 1073 2532 74
1109 2480 1150 2537 (5
1176 2478 1296 2542 111).

64 2550 162 2602 Qua
185 2549 234 2592 in
258 2564 308 2593 re
325 2549 388 2593 ita
410 2561 636 2605 versatur,
665 2562 715 2594 ut
731 2551 944 2596 noctibus
977 2569 1089 2612 quas
1124 2556 1301 2599 notavit

66 2625 252 2670 totidem
272 2625 370 2670 dies
383 2625 644 2682 substituat,
661 2638 704 2670 et
725 2626 806 2671 ubi
827 2628 973 2672 stadia
989 2630 1159 2689 scripta
1178 2642 1297 2687 sunt,

66 2702 156 2745 500
170 2702 315 2745 stadia
323 2718 408 2761 pro
421 2701 559 2746 unius
570 2702 663 2746 diei
676 2703 971 2760 navigatione
982 2717 1297 2751 numerentur.

64 2776 263 2835 Singulae
279 2788 426 2822 autem
445 2778 673 2822 distantiae
689 2780 918 2839 pertinere
930 2782 1077 2825 solent
1090 2797 1115 2825 a
1128 2784 1301 2843 populo

63 2854 119 2898 ad
138 2851 454 2915 populum'vel
495 2871 520 2899 a
544 2857 788 2914 provincia
820 2858 874 2901 ad
899 2859 1216 2918 provinciam3
1244 2861 1301 2905 ab

63 2929 177 2974 urbe
214 2930 270 2974 ad
293 2929 453 2975 urbem
486 2941 705 2990 putantur
728 2932 776 2975 in
798 2934 986 2991 paraplo
1008 2934 1164 2994 Lihyae
1181 2936 1302 2980 ‘inde

65 3005 121 3049 ab
152 3006 345 3066 AEgypto
374 3000 608 3066 usquead
635 3008 770 3052 finem
795 3009 1063 3069 Pentapolis
1088 3011 1303 3070 Cyrenai-

66 3097 142 3128 cae.
176 3082 383 3127 Ceterum
419 3099 560 3142 quum
598 3084 848 3129 secundum
879 3085 975 3131 dies
1009 3089 1302 3148 computandi

65 3157 180 3202 ratio
197 3168 359 3202 natura
374 3174 454 3203 sua
467 3159 710 3204 admodum
723 3175 840 3218 vaga
859 3160 934 3216 sit,
951 3161 999 3205 in
1019 3163 1198 3223 periplo
1221 3180 1300 3208 au-

68 3243 154 3277 tem
168 3234 484 3280 distantiarum
501 3246 615 3280 notae
640 3236 806 3296 saepius
823 3237 1108 3295 omittantur,
1130 3255 1212 3284 nec
1235 3256 1302 3284 se-

67 3310 154 3351 mel
176 3310 311 3354 etiam
345 3309 603 3371 depravatae
638 3326 736 3356 esse
767 3312 1011 3358 videantur
1039 3330 1049 3357 :
1086 3315 1166 3358 vix
1204 3316 1302 3360 fieri

68 3393 215 3444 potest
237 3397 286 3430 ut
303 3387 614 3445 navigationis
638 3388 875 3434 adornatio
909 3390 959 3434 in
980 3390 1175 3448 singulis
1200 3394 1300 3451 qui·

67 3457 244 3518 busque
264 3461 320 3504 ad
344 3472 536 3507 mentem
556 3464 755 3508 auctoris
771 3464 991 3523 exigatur.
1139 3452 1142 3455 ⁴

133 3533 207 3585 54.
226 3533 412 3580 Euaom
436 3537 619 3596 quidem
639 3539 855 3599 paraplus
876 3540 986 3584 satis
1009 3539 1126 3585 bene
1141 3541 1301 3598 habet,

69 3623 167 3653 esse
191 3609 362 3653 dicitur
379 3610 558 3656 dierum
587 3613 670 3658 153
688 3633 700 3670 ;
720 3630 803 3659 1105
824 3615 872 3658 in
898 3614 1052 3659 tabula
1076 3632 1122 3676 p.
1149 3617 1206 3661 58
1237 3634 1304 3678 sq.

2447 217 2599 255 xxxlx

1378 285 1607 348 adscripta
1643 289 1911 348 collegimus
1947 293 2044 338 dies
2091 296 2199 352 1513
2233 303 2309 345 sed
2347 305 2468 365 ipsos
2498 313 2599 360 illos

1382 361 1465 405 153
1491 363 1590 408 dies
1623 380 1783 409 eruere
1824 367 1959 411 facile
1992 368 2111 415 licet.
2145 371 2319 419 Etenim
2345 395 2483 437 quum
2520 402 2601 432 nos

1373 435 1436 480 ita
1455 440 1874 498 computaverimus
1897 458 1907 484 ε

1485 534 1506 583 5
1531 532 1597 580 34.
1624 535 1864 576 Acarnaniae
1882 535 2086 590 paraplus,
2122 568 2131 578 .
2204 567 2216 579 .
2277 553 2302 581 2
2319 543 2361 583 d.
2381 546 2437 600 [2]
2454 564 2493 591 11,

1487 603 1509 653 5
1532 605 1599 655 67.
1627 604 1662 643 A
1688 605 1908 658 Strymone
1929 605 1982 647 ad
2003 608 2173 649 Istrum.
2207 639 2219 650 .
2281 614 2303 652 8
2403 617 2425 654 8

1488 673 1509 722 5
1533 673 1601 711 68.
1628 672 1693 712 Ab
1715 675 1823 714 Istro
1845 674 1898 715 ad
1920 677 2217 733 Criumetopon

1683 740 1788 782 linea
1810 751 1921 783 recta
1925 773 2218 787 .......
2280 749 2302 787 3
2404 753 2425 791 3

2257 833 2303 871 13
2375 837 2422 876 13
2444 851 2453 878 z

1374 917 1728 978 computandum
1751 920 1905 978 potius
1929 930 1995 965 est
2014 920 2137 967 hunc
2156 922 2204 967 in
2231 928 2412 972 modum
2441 946 2450 975 :

1486 1017 1598 1069 534.
1625 1019 1869 1059 Acarnaniae
1900 1021 2107 1075 parapluS.
2150 1052 2163 1064 .
2205 1053 2216 1065 .
2278 1039 2301 1065 2
2318 1027 2360 1068 d.

1483 1087 1506 1137 5
1529 1088 1596 1138 67.
1624 1087 1660 1126 A
1679 1086 1898 1140 Strymone
1924 1087 1977 1127 ad
1995 1090 2163 1130 Istrum.
2200 1121 2211 1132 .
2273 1107 2297 1147 7
2394 1111 2463 1150 7¹1·

1490 1156 1512 1205 5
1536 1156 1604 1195 68.
1629 1154 2103 1213 HincadCriumetopon
2110 1157 2229 1213 juxta

1688 1224 1799 1265 litus.
1842 1255 2224 1273 .........
2285 1237 2308 1272 6
2406 1240 2429 1275 6

2255 1307 2308 1358 ’15
2384 1320 2430 1359 13

1377 1403 1479 1456 Quo
1502 1402 1617 1447 facto
1630 1437 1642 1458 ‚
1668 1419 1845 1450 summa
1864 1406 2002 1452 totius
2019 1411 2196 1470 parapli
2217 1412 2413 1458 efficitur
2434 1416 2608 1462 dierum

1383 1478 1483 1525 153.
1505 1478 1598 1537 In'§
1618 1481 1673 1531 34
1697 1481 1841 1526 codex
1858 1483 2044 1528 nonnisi
2059 1484 2174 1530 duos
2191 1487 2286 1532 dies
2310 1489 2459 1546 habet,
2474 1492 2610 1552 idque

1377 1570 1470 1598 non
1519 1556 1785 1601 mutandum
1836 1557 2032 1614 videtur,
2077 1577 2353 1622 quamquam
2407 1566 2608 1614 Helladis

1377 1629 1651 1691 Anagraphe
1674 1633 1886 1688 metrica,
1932 1650 2032 1693 quae
2059 1650 2114 1679 ex
2144 1638 2302 1682 eodem
2333 1639 2454 1685 fonte
2477 1643 2609 1688 ducta

1377 1716 1460 1761 est,
1497 1706 1596 1751 dies
1633 1718 1880 1767 noctesque
1903 1710 2020 1754 duos
2042 1710 2194 1757 habet.
2229 1711 2328 1771 1115
2371 1716 2426 1770 67
2465 1705 2608 1762 codex

1377 1783 1561 1842 quidem
1600 1795 1702 1829 octo
1741 1785 1836 1830 dies
1877 1797 2126 1847 noctesque
2169 1789 2366 1849 praebet,
2405 1793 2482 1836 sed
2515 1795 2610 1838 sin-

1376 1859 1493 1916 gulae
1515 1859 1739 1905 distantiae
1755 1876 1811 1905 ex
1837 1862 2005 1920 quibus
2028 1863 2122 1907 haec
2144 1879 2321 1909 summa
2344 1868 2604 1926 conflanda,

1376 1936 1563 1979 nonnisi
1599 1946 1770 1995 septem
1808 1937 1905 1981 dies
1941 1948 2187 1998 noctesque
2218 1940 2437 1986 efficiunt.
2470 1943 2606 1988 Deni-

1379 2026 1468 2067 que
1492 2012 1518 2070 5
1543 2013 1602 2056 68
1628 2013 1967 2070 navigationem
1988 2014 2190 2059 litoream
2207 2031 2342 2075 quam
2371 2020 2605 2078 rectam-in

1375 2096 1637 2146 computum
1678 2087 1982 2147 recipiendam
2045 2104 2141 2133 esse
2188 2089 2476 2149 probabilius
2521 2104 2602 2138 est.

1374 2162 1549 2216 Quodsi
1572 2163 1713 2220 igitur
1730 2164 1778 2207 in
1798 2164 2002 2223 singulos
2026 2164 2122 2209 dies
2142 2168 2378 2224 putaveris
2401 2167 2486 2212 500
2511 2180 2603 2213 sta—

1375 2238 1474 2293 dia,
1500 2239 1719 2298 paraplus
1740 2241 1935 2298 Europae
1954 2240 2067 2284 foret
2085 2241 2333 2286 stadiorum
2359 2245 2508 2298 76500
2526 2246 2600 2305 (Ἴ,

1373 2312 1481 2355 dum
1506 2328 1580 2371 ap.
1606 2313 1889 2356 Marcianum
1903 2329 1947 2372 p.
1965 2314 2052 2356 520
2072 2325 2138 2357 est
2158 2315 2407 2360 stadiorum
2434 2320 2600 2376 69000,

1374 2400 1447 2444 ap.
1470 2385 1817 2441 Agathemerum
1845 2385 1883 2439 l,
1929 2387 1951 2427 3
1978 2387 2226 2430 stadiorum
2250 2390 2416 2445 69700,
2440 2406 2602 2435 secun-

1374 2460 1480 2503 dum
1508 2460 1850 2504 Artemidorum
1885 2475 1997 2504 vero
2021 2470 2065 2504 et
2098 2461 2324 2506 Isidorum
2365 2480 2438 2524 ap.
2479 2466 2598 2511 Plin.

1374 2534 1449 2589 IV,
1475 2536 1528 2589 37
1556 2536 1581 2593 5
1611 2551 1689 2578 121
1715 2550 1741 2578 3
1765 2533 1911 2577 Tanai
1935 2534 1990 2577 ad
2015 2524 2163 2580 Gades
2187 2537 2235 2580 in
2266 2538 2499 2583 codicibus
2519 2557 2602 2585 nu-

1375 2626 1608 2662 merantur
1622 2619 1696 2660 vel
1709 2607 1934 2661 Πῶς-Π.
1949 2616 2079 2663 X1111
2093 2609 2451 2667 νειΐὶῢζΧ-ιπι.
2472 2621 2599 2667 X1111

1375 2710 1433 2739 m.
1455 2710 1524 2753 p.,
1549 2693 1628 2752 qui
1646 2708 1861 2737 numerus
1890 2694 2186 2752 corrigendus
2211 2711 2308 2740 esse
2339 2697 2451 2741 mihi
2476 2699 2601 2743 vide-

1375 2788 1448 2821 tur
1472 2777 1520 2820 in
1537 2767 1802 2821 [XX—HF.
1825 2775 1957 2819 XIIII
1989 2778 2068 2835 (=
2093 2779 2244 2836 69712
2274 2778 2468 2840 stadia),
2498 2796 2601 2825 5113-
2628 2829 2646 2839 ἡ

1375 2855 1507 2898 dente
1527 2853 1827 2911 Agathemero
1841 2887 1852 2908 ,
1880 2868 2040 2912 quem,
2063 2853 2197 2897 sicuti
2220 2853 2497 2899 Marcianum
2514 2890 2525 2911 ,
2548 2873 2603 2901 ex

1378 2930 1669 2974 Artemidoro
1694 2929 1897 2988 plurima
1921 2944 2000 2972 sua
2023 2929 2208 2988 petiisse
2230 2940 2420 2976 constat.
2449 2917 2603 2991 Itaq⁶ue

1377 3006 1431 3049 ad
1455 3005 1616 3049 horum
1640 3005 1843 3049 rationes
1862 2996 2031 3048 'Nostra
2050 3004 2088 3052 si
2117 3005 2328 3065 adaptare
2352 3006 2464 3050 velis
2479 3041 2489 3060 ,
2514 3008 2605 3050 sin-

1377 3083 1495 3140 gulis
1520 3080 1682 3125 diebus
1707 3080 1952 3125 tribuenda
1972 3080 2120 3124 forent
2139 3080 2283 3124 stadia
2305 3080 2518 3133 450-455.

1440 3159 1517 3203 55.
1545 3158 1662 3202 As1AE
1684 3157 1900 3218 paraplus
1924 3172 1949 3199 a
1969 3155 2112 3199 Tanai
2134 3157 2189 3200 ad
2219 3156 2310 3199 Nili
2334 3158 2498 3201 ostium
2524 3159 2602 3202 Ca-

1377 3234 1593 3293 nopicum
1616 3233 1664 3277 in
1689 3232 1868 3292 periplo
1891 3241 2049 3276 nostro
2080 3241 2145 3275 est
2183 3231 2359 3275 dierum
2397 3232 2469 3286 87.
2492 3232 2601 3284 Quae

1377 3325 1554 3354 summa
1571 3308 1627 3352 ab
1648 3309 1843 3352 aliorum
1862 3307 2199 3367 computatione
2223 3308 2433 3367 proxime
2453 3307 2576 3353 abest
2588 3327 2600 3365 3

1378 3403 1478 3431 nam
1500 3386 1756 3430 Marcianus
1778 3385 1810 3427 l.
1837 3385 1867 3429 l.
1894 3383 2029 3427 habet
2053 3382 2196 3427 stadia
2222 3389 2388 3437 40120,
2413 3384 2602 3441 Agathe-

1379 3479 1529 3509 merus
1546 3462 1691 3507 stadia
1711 3468 1794 3513 401
1808 3477 1825 3504 1
1836 3477 1880 3516 0,
1904 3475 2004 3519 quae
2020 3460 2121 3519 ipsa
2137 3474 2320 3518 quoque
2336 3475 2392 3503 ex
2407 3459 2602 3503 Artemi-

1379 3543 1492 3586 doro
1530 3539 1716 3584 ssuxisse
1762 3553 1884 3582 nunc
1917 3536 2071 3580 nullus
2106 3534 2291 3594 dubito,
2330 3550 2602 3595 quamquam

1380 3619 1513 3675 longe
1527 3617 1616 3661 alia
1634 3630 1690 3658 ex
1708 3629 1761 3658 eo
1774 3613 1951 3658 tradere
1969 3612 2151 3657 videtur
2164 3611 2343 3655 Plinius
2358 3611 2412 3665 V,
2429 3628 2456 3669 9
2477 3612 2500 3668 5
2525 3617 2599 3668 47,

117 3717 165 3765 (*)
185 3718 237 3755 Ad
266 3719 348 3755 haec
382 3719 420 3756 111
443 3722 599 3759 Recueil
620 3723 688 3760 des
722 3725 962 3763 Itineraz'res
991 3728 1157 3764 ariciens
1186 3728 1198 3774 (
1220 3729 1336 3776 Paris,
1365 3731 1456 3767 1845
1476 3730 1487 3774 )
1507 3738 1544 3775 p.
1571 3729 1641 3764 349
1665 3724 1848 3772 Lapieus:
1885 3737 1902 3755 α
1936 3725 1987 3760 Le
2009 3721 2320 3768 developpement
2340 3720 2404 3756 des
2427 3720 2527 3755 00105
2554 3717 2599 3779 de

67 3772 260 3821 l'Europe,
284 3775 331 3811 de
348 3775 537 3812 Gibraltar
552 3777 574 3814 a
596 3777 877 3818 1’οι1111011011111·0
900 3781 951 3818 du
975 3785 1073 3829 Don,
1092 3794 1138 3820 en
1158 3785 1307 3823 suivant
1326 3787 1380 3824 les
1395 3785 1523 3833 golses‚
1545 3783 1603 3819 est
1632 3781 1677 3817 (10
1694 3784 1831 3826 76,600
1855 3778 1980 3815 stades
1999 3778 2011 3826 (
2030 3778 2051 3814 3
2071 3781 2140 3815 700
2161 3787 2207 3812 au
2226 3775 2336 3821 degre
2352 3775 2379 3821 )‚
2404 3784 2427 3821 y
2442 3783 2599 3819 compris

6 3833 10 3838 ’
67 3828 271 3866 1010111·ἀο
293 3829 327 3865 la
347 3830 472 3877 sicile,
490 3841 532 3868 00
555 3832 620 3878 qui
641 3835 697 3870 est
721 3836 981 3881 parsaitement
1006 3838 1197 3875 conforme
1215 3841 1272 3887 (11)
1296 3851 1343 3878 311
1370 3841 1490 3878 calcul
1513 3839 1560 3876 de
1587 3838 1764 3882 l'auteur,
1782 3837 1819 3872 ct
1853 3836 1908 3872 est
1926 3843 2006 3871 une
2027 3832 2208 3871 nouvelle
2224 3839 2375 3890 premfe
2401 3827 2599 3888 en'saveur

68 3883 133 3921 des
158 3884 282 3922 stades
297 3884 344 3923 de
364 3889 435 3926 700
458 3897 505 3922 au
528 3886 652 3934 degre.
679 3891 797 3927 Garsi
815 3891 888 3928 1’011
907 3903 1055 3931 mesure
1075 3905 1121 3931 011
1144 3895 1268 3933 stades
1284 3897 1331 3934 de
1356 3902 1442 3943 600,
1471 3896 1496 3932 11
1523 3893 1584 3940 n'y
1601 3903 1623 3929 a
1643 3892 1725 3939 plus
1747 3900 1822 3938 que
1839 3895 1900 3935 65,
1926 3892 1994 3927 572
2019 3887 2141 3925 stades
2161 3897 2208 3923 ou
2242 3888 2301 3945 131
2335 3891 2510 3929 10⁰s11095
2532 3890 2598 3940 0¹3·

67 3938 188 3977 viron.
213 3956 230 3972 »
252 3940 491 3978 Admirabilis
509 3941 590 3979 haec
605 3946 903 3994 argumentati03
924 3948 1029 3994 quasi
1053 3949 1213 3995 probare
1232 3952 1414 3999 eJusmodi
1434 3950 1524 3998 quid
1545 3947 1659 3996 possit
1680 3956 1827 3984 summa
1846 3943 2069 3987 stadiorum,
2087 3951 2171 3989 quae
2191 3941 2330 3999 ratione
2351 3935 2600 3997 perfunctoria

67 3995 223 4032 collecta
254 3998 309 4033 est
329 4006 374 4034 ex
399 3997 496 4035 notis
528 3997 805 4048 distantiarum,
830 4012 917 4050 quae
949 4003 1082 4049 partim
1115 4015 1136 4042 3
1160 4015 1247 4044 vero
1266 4007 1372 4055 longe
1395 4006 1590 4052 recedunt,
1615 4005 1652 4042 et
1676 4002 1856 4049 majorem
1882 4001 2023 4048 partem
2046 3996 2091 4034 ad
2126 3995 2374 4033 accuratiores
2392 3989 2598 4028 stadiorum

67 4058 245 4090 numeros
266 4051 362 4110 exigi
381 4052 535 4090 omnino
554 4056 759 4101 nequeunt.
1128 4072 1131 4073 ⁷
