2782 4348
105 168 308 228 ‹us—1⁷.)

109 271 285 317 ’Κάδμου
318 269 365 314 τὸ
401 264 597 320 παλαιὸν,
626 266 680 314 ὥς
714 261 900 320 λέγουσι,
942 260 1339 320 κατεσκευασμένον.

111 340 182 402 (14)
208 318 262 386 Ἥ
287 338 360 397 μὲν
385 328 452 379 οῧν
471 332 588 383 πόλις
606 328 792 385 τοιαύτη.
861 330 916 375 Οἳ
940 329 974 373 δ’
999 330 1244 380 ἐνοικοῦντες
1263 347 1337 387 με·

108 408 335 470 γαλόψυχοι
358 401 427 450 καὶ
453 398 683 460 θαυμαστοὶ
705 404 795 463 ταῖς
826 396 936 443 κατὰ
969 395 1038 441 τὸν
1065 395 1152 458 βίον
1177 397 1338 442 εὔελπι-

104 477 261 526 Αστίοιις·
281 466 441 534 θρασεῖς
463 467 505 514 δὲ
528 467 598 512 καὶ
623 466 816 530 ὓὸρισταὶ
835 465 905 511 καὶ
930 465 1183 528 ὑπερήφανοι
1197 501 1209 522 ,
1227 467 1339 520 πλῆ-

103 544 203 591 Δκτοιί
219 560 262 587 τε
281 540 350 594 καὶ
386 537 598 600 ἀδιάφοροι
620 536 720 598 πρὸς
752 534 889 582 πάντα
921 534 1029 588 ξένον
1060 534 1131 579 καὶ
1156 534 1339 595 δημότην

103 611 178 657 καὶ
197 606 499 656 κατανωτισταὶ
517 606 668 657 παντὸς
685 604 862 650 δικαίου*
907 605 977 665 (15)
995 603 1096 666 πρὸς
1115 603 1166 648 τὰ
1187 606 1345 666 ἀμφισ-

80 679 341 738 ’6ητούμενα
375 679 455 721 τῶν
489 674 845 736 συναλλαγμάτων
872 675 916 719 οὗ
943 673 1054 735 λόγῳ
1088 672 1342 733 συνιστάμε-

105 766 192 806 νοι,
214 747 287 802 τὴν
307 746 340 790 δ’
360 747 406 790 ἐκ
425 749 494 790 τοῦ
514 744 684 806 θράσους
706 742 777 789 καὶ
799 745 879 787 τῶν
899 743 1049 804 χειρῶν
1068 740 1343 802 προσάγοντες

110 815 217 877 βίαν,
240 814 291 859 τὰ
316 816 355 858 ἐν
376 814 459 865 τοῖς
478 815 689 874 γυμνικοῖς
715 814 844 873 ἀγῶσι
865 810 1061 871 γινόμενα
1081 809 1180 872 πρὸς
1199 809 1344 861 αὖτοὺς

107 893 189 938 τοῖς
208 887 400 941 ἀθληταῖς
426 884 541 945 βίαια
561 885 615 936 εἷς
632 882 705 939 τὴν
727 880 1002 942 δικαιολογίαν
1029 880 1338 945 μεταφέροντες.

110 955 176 1016 (16)
203 953 276 1001 Διὸ
297 954 367 999 καὶ
394 956 437 998 αἱ
462 953 572 998 δίκαι
596 952 693 1014 παρ’
719 953 855 1003 αὐτοῖς
875 952 926 996 δι’
952 953 1052 996 ἐτῶν
1077 949 1342 1011 τούλάχιστον

106 1023 340 1082 εἰσάγονται
363 1022 599 1085 τριάκοντα.
666 1021 719 1069 ‘O
739 1022 818 1084 γὰρ
847 1019 1037 1080 μνησθεὶς
1059 1021 1099 1064 ἐν
1121 1021 1180 1083 τῷ
1196 1019 1344 1074 πλήθει

109 1093 201 1154 περί
237 1111 342 1144 τινος
381 1091 564 1138 τοιούτου
599 1091 669 1137 καὶ
707 1091 764 1149 μὴ
808 1090 952 1141 εὐθέως
994 1088 1156 1151 ἀπάρας
1197 1090 1241 1134 ἐκ
1274 1091 1345 1144 τῆς

113 1161 310 1212 Βοιωτίας
325 1197 337 1220 ,
375 1160 483 1206 ἀλλὰ
517 1160 584 1206 τὸν
625 1160 843 1223 ἐλάχιστον
885 1159 1026 1219 μείνας
1059 1161 1100 1204 ἐν
1139 1161 1191 1220 τῇ
1228 1157 1345 1203 πόλει

108 1230 272 1291 χρόνον,
298 1231 386 1290 μετ’
411 1233 455 1276 οὗ
482 1229 587 1276 πολὺ
610 1228 914 1292 παρατηρηθεὶς
933 1227 1075 1279 νυκτὸς
1096 1226 1175 1280 ὑπὸ
1197 1230 1278 1272 τῶν
1300 1229 1344 1271 οὗ

113 1300 369 1361 βουλομένων
391 1299 465 1359 τὰς
486 1299 600 1351 δίκας
624 1300 902 1345 συντελεῖσθαι
927 1297 1089 1359 θανάτῳ
1129 1295 1251 1359 βιαίῳ
1274 1299 1344 1352 ζη-

112 1363 289 1427 μιοῦται.
358 1368 487 1414 Φόνοι
513 1366 555 1413 δὲ
578 1371 677 1430 παρ’
703 1370 838 1420 αὐτοῖς
868 1365 934 1412 διὰ
961 1366 1033 1419 τὰς
1052 1365 1258 1427 τυχούσας
1278 1365 1346 1426 γί-

107 1455 272 1495 γνονται
300 1436 447 1489 αἰτίας.
520 1438 589 1497 (17)
611 1436 719 1487 Τοὺς
743 1437 816 1497 μὲν
853 1429 922 1482 οῧν
954 1436 1103 1497 ἄνδρας
1127 1434 1345 1494 συμὸαίνει

95 1506 311 1557 τοιούτους
329 1499 446 1552 εἶναι.
513 1505 788 1568 Διατρέχουσι
811 1506 856 1550 δέ
883 1524 988 1558 τινες
1012 1508 1053 1550 ἐν
1076 1507 1211 1556 αὐτοῖς
1237 1503 1344 1557 ἀξιό-

108 1578 242 1634 λογοι,
267 1573 575 1638 μεγαλόψυχοι,
595 1573 733 1630 πάσης
765 1573 867 1627 ἄξιοι
890 1573 1043 1637 φιλίας.
1115 1575 1172 1620 Αἱ
1196 1573 1238 1618 δὲ
1263 1593 1341 1635 γυ-

107 1647 242 1695 ναῖκες
266 1645 398 1688 αὐτῶν
421 1644 502 1695 τοῖς
529 1643 744 1704 μεγέθεσι,
769 1643 976 1705 πορείαις,
1001 1645 1167 1706 ῥυθμοῖς
1190 1645 1345 1705 εὔσχη-

109 1712 355 1772 μονέσταταί
377 1731 420 1757 τε
441 1712 511 1758 καὶ
551 1714 881 1776 εὐπρεπέσταται
905 1715 985 1757 τῶν
1015 1713 1056 1758 ἐν
1090 1717 1141 1775 τῆ
1171 1713 1345 1759 Ἑλλάδι

106 1786 324 1844 γυναικῶν.
393 1785 608 1846 Μαρτυρεῖ
631 1785 847 1846 Σοφοκλῆς
862 1797 875 1809 ·

209 1894 332 1938 Θήὸας
347 1894 460 1942 λέγεις
479 1895 540 1942 μοὶ
558 1894 623 1939 τὰς
637 1894 753 1938 πύλας
771 1893 1049 1943 ἑπταστόμους,

205 1948 247 1985 οὗ
265 1949 308 1993 δὴ
326 1949 435 1997 μόνον
450 1949 636 1987 τίκτουσιν
653 1951 690 1986 αἱ
706 1949 830 1994 θνηταὶ
848 1949 962 1994 θεούς.

110 2041 180 2105 (18)
204 2042 266 2089 Τὸ
285 2046 364 2087 τῶν
389 2043 567 2103 ἱματίων
593 2043 660 2090 ἐπὶ
685 2047 757 2100 τῆς
781 2045 962 2107 κεφαλῆς
986 2043 1190 2103 κάλυμμα
1214 2046 1344 2087 τοιοῦ-

108 2111 177 2157 τόν
228 2114 352 2168 ἐστιν,
396 2112 503 2158 ὥστε
539 2112 806 2176 προσωπιδίῳ
853 2114 984 2158 δοκεῖν
1021 2120 1103 2157 πᾶν
1147 2111 1190 2156 τὸ
1238 2110 1346 2172 πρό-

107 2199 246 2226 σωπον
283 2184 580 2245 κατειλῆφθαι·
616 2184 653 2227 οἱ
695 2184 775 2244 γὰρ
818 2182 1023 2245 ὀφθαλμοὶ
1063 2181 1346 2241 διαφαίνονται

110 2249 245 2308 μόνον,
268 2250 319 2295 τὰ
350 2250 392 2295 δὲ
426 2250 550 2295 λοιπὰ
584 2251 688 2312 μέρη
712 2255 784 2295 τοῦ
814 2249 1036 2312 προσώπου
1059 2250 1194 2294 πάντα
1218 2248 1344 2294 κατέ-

107 2336 229 2379 χεται
263 2322 344 2370 τοῖς
371 2319 564 2378 ἷματίοις.
632 2322 818 2382 Φοροῧσι
850 2319 884 2364 δ’
906 2320 1009 2364 αὐτὰ
1042 2326 1173 2364 πᾶσαι
1200 2318 1343 2364 λευκά.

111 2389 179 2449 (19)
204 2387 264 2433 Τὸ
288 2387 330 2432 δὲ
367 2388 560 2449 τρίχωμα
594 2387 751 2444 ξανθὸν,
793 2388 1086 2448 ἀναδεδεμένον
1118 2386 1241 2449 μέχρι
1270 2391 1345 2443 τῆς

108 2460 308 2519 κορυφῆς·
331 2456 352 2502 il
379 2457 428 2511 δὴ
452 2459 639 2502 καλεῖται
660 2458 739 2502 ὕπὸ
764 2461 843 2503 τῶν
865 2458 1074 2519 ἐγχωρίων
1093 2456 1342 2516 λαμπάδιον.

109 2526 334 2585 εΥπόδημα
356 2526 483 2586 λιτὸν,
506 2528 550 2571 οὐ
578 2525 704 2587 βαθὺ,
739 2531 942 2589 φοινικοῦν
966 2526 1008 2571 δὲ
1033 2530 1083 2587 τῆ
1115 2533 1240 2589 χροιᾷ
1275 2525 1345 2570 καὶ

109 2594 316 2653 ταπεινὸν,
341 2595 550 2640 ὓσκλωτὸν
573 2595 622 2652 δ’,
654 2594 760 2640 ὥστε
781 2595 958 2657 γυμνοὺς
983 2595 1127 2657 σχεδὸν
1151 2594 1343 2658 ἐκφαίνε-

109 2669 203 2709 σθαι
235 2663 327 2715 τοὺς
361 2664 505 2715 πόδας.
573 2663 647 2727 ’(211)
685 2664 780 2711 Εἰσὶ
818 2665 858 2709 δὲ
884 2665 953 2710 καὶ
975 2671 1067 2715 ,ταῖς
1097 2664 1274 2722 ὁμιλίαις
1298 2665 1341 2709 οὖ

108 2733 199 2778 λίαν
224 2732 442 2789 Βοιώτιαι,
478 2735 634 2793 μᾶλλον
667 2733 708 2778 δὲ
745 2729 1004 2780 {modwinus
1060 2734 1190 2788 ΚαὶῨι
1229 2732 1341 2795 φωνὴ

109 2801 144 2846 δ’
169 2804 301 2847 αὐτῶν
335 2802 443 2847 ἐστὶν
477 2802 692 2863 ἐπίχαρις·
727 2806 807 2847 τῶν
842 2805 875 2848 δ’
903 2803 1128 2864 ἀνθρώπων
1163 2801 1344 2864 ἀτερπὴς

109 2871 180 2915 καὶ
218 2875 379 2932 βαρεῖα.
451 2874 519 2932 (21)
547 2871 781 2933 Ἐνθερίσαι
822 2872 897 2933 μὲν
933 2876 958 2927 ἡ
991 2873 1108 2923 πόλις
1144 2869 1210 2915 οἵα
1244 2873 1342 2932 βελ-

111 2934 244 2989 τίστη·
258 2933 303 2979 τό
318 2953 362 2979 τε
376 2933 454 2996 γὰρ
474 2934 582 2995 ὕδωρ
598 2934 703 2979 πολὺ
721 2934 807 2996 ἔχει
823 2935 892 2980 καὶ
913 2935 1068 2998 ψυχρὸν
1088 2933 1157 2978 καὶ
1175 2932 1341 2988 κήπους·

111 3001 171 3046 ἔτι
198 3003 230 3046 δ’
254 3003 446 3061 εὖήνεμός
470 3006 555 3048 ἐστι
578 3002 649 3047 καὶ
668 3003 837 3066 χλωρὰν
858 3002 1011 3066 ἔχουσα
1031 3003 1104 3058 τὴν
1127 3002 1342 3065 πρόσοψιν,

111 3069 318 3132 ἐχόπωρός
348 3091 389 3116 τε
425 3072 494 3116 καὶ
518 3078 600 3123 τοῖς
626 3073 793 3135 θερινοῖς
830 3073 962 3125 ὠνίοις
986 3069 1154 3136 ἄφθονος
1170 3091 1178 3100 ·
1201 3070 1344 3126 ἄξυλος

113 3139 155 3182 δὲ
191 3141 259 3184 καὶ
289 3141 534 3202 ἐγχειμοίσαι
567 3140 633 3186 οἵα
657 3142 844 3204 χειρίστη
866 3143 932 3187 διά
961 3162 1004 3188 τε
1022 3142 1114 3194 τοὺς
1136 3141 1344 3202 ποταμοὺς

114 3207 182 3251 καὶ
202 3209 252 3252 τὰ
276 3210 489 3270 πνεύματα
505 3229 514 3238 ·
532 3210 601 3255 καὶ
621 3210 699 3273 γὰρ
719 3211 879 3274 νίφεται
897 3211 967 3257 καὶ
986 3212 1117 3267 πηλὸν
1152 3211 1238 3273 ἔχει
1261 3229 1343 3255 πο-

173 3369 195 3417 S
224 3370 290 3415 14.
328 3370 412 3409 καὶ
432 3386 552 3411 κατα
565 3386 673 3412 νωτ.
699 3375 712 3427 ]
742 3374 799 3413 5ἰο
821 3372 934 3424 0οἀ.;
973 3373 1082 3413 idem
1119 3373 1349 3428 conjecerat

116 3427 336 3478 Hoeschel.;
355 3429 472 3471 editt.
494 3433 690 3473 omittunt
708 3434 785 3475 καί.
1327 3438 1330 3440 v

174 3491 196 3540 §
220 3488 284 3529 15.
322 3489 380 3529 τὰ
403 3490 450 3531 ἐν
473 3495 580 3541 τοῖς
600 3495 615 3549 ]
634 3495 774 3535 malim
803 3497 851 3536 τά
883 3512 924 3537 τε
949 3496 987 3537 ἐν
1011 3498 1115 3547 τοῖς;
1147 3496 1220 3538 sed
1249 3497 1346 3538 ferri

116 3558 250 3603 potest
269 3551 441 3605 vulgata.
468 3555 483 3607 Η
506 3579 563 3587 --
589 3571 615 3610 γ
630 3571 668 3597 ιν
681 3557 798 3611 ὀμεν
812 3573 836 3597 α
855 3559 870 3613 ]
888 3559 1083 3609 Vulcan.,
1107 3560 1243 3615 γένομ.
1277 3574 1346 3600 co-

116 3612 213 3652 dex.
259 3612 274 3666 Η
314 3636 370 3643 —
401 3615 520 3668 πρὸς
560 3617 736 3666 αὖτοὺς
772 3621 881 3666 τοῖς
921 3618 1172 3672 ἀθληταῖς
1209 3622 1225 3676 ]
1258 3620 1350 3676 πρὸς

116 3674 254 3721 αὐτοὺς
270 3676 351 3721 τοῖς
370 3675 409 3715 δὲ
424 3675 514 3726 ἀΟλ.
535 3678 681 3729 codex,
702 3681 746 3720 in
767 3681 917 3735 quibus
932 3681 994 3721 ΔΕ
1006 3691 1144 3723 ortum
1159 3698 1211 3724 ex
1231 3698 1346 3738 seqq.

119 3734 195 3774 ΛΘ.
222 3735 399 3775 Fuhrius
419 3737 544 3778 verba
566 3742 797 3795 transponit
809 3742 922 3783 hunc
943 3744 986 3783 in
1009 3743 1183 3786 modum
1208 3758 1217 3786 :
1238 3745 1287 3786 τὰ
1309 3745 1349 3786 δὲ

117 3799 199 3844 τοῖς
218 3796 403 3849 ἀθληταῖς
426 3797 464 3839 ἐν
484 3801 565 3847 τοῖς
593 3804 795 3856 γυμνικοῖς
814 3803 851 3845 ἀ.
874 3820 914 3859 γ.
939 3805 1031 3860 πρὸς
1050 3805 1184 3855 αὖτοὺς
1203 3808 1220 3861 (
1234 3807 1351 3864 apud

116 3873 182 3898 eos
201 3861 216 3912 )
241 3860 356 3913 βίαια.
378 3863 438 3901 De
455 3876 499 3901 re
516 3861 569 3903 cs.
589 3863 738 3904 Maller
758 3865 868 3907 Min.
885 3881 928 3921 p.
944 3870 1040 3921 409.

147 3924 198 3996 ,S
242 3927 305 4025 {lt-3.
350 3924 629 3979 γίγνονται
675 3917 873 3983 αῗτίας]
919 3930 976 3970 5ἰο
998 3930 1350 3988 0οἀοΧ;γίνονται

119 3998 193 4025 aar.
220 4000 242 4025 e
276 3994 336 4027 111.

1032 159 1387 206 DESCRIPTIO
1423 159 1691 205 GRAECIAE.

2553 178 2629 217 1123

1402 268 1533 317 aiunt,
1567 267 1755 308 artificio.
1797 265 1886 321 (14)
1922 266 2033 306 Urbs
2066 267 2258 320 equidem
2295 271 2383 310 talis
2413 282 2486 313 est.
2511 279 2635 327 Quod

1405 333 1557 373 incolas
1579 341 1747 388 spectat,
1769 331 1825 372 illi
1848 332 2100 385 magnanimi
2117 341 2228 382 sunt,
2250 342 2289 373 et
2306 336 2348 374 in
2371 336 2477 378 bona
2499 354 2568 394 spe
2586 343 2636 385 de

1402 397 1614 450 quibusvis
1653 397 1743 437 vitae
1767 397 1940 450 negotiis
1972 395 2115 436 leviter
2151 398 2419 452 concipienda
2452 404 2634 455 mirifici;

1402 461 1474 502 sed
1493 461 1681 512 audaces,
1703 461 2013 511 contumeliosi,
2037 462 2219 516 superbi,
2241 463 2293 502 ad
2313 465 2479 507 verbera
2500 483 2637 522 prom-

1402 528 1478 582 pti,
1495 528 1762 583 peregrinum
1780 536 1821 568 et
1845 526 2088 583 popularem
2103 527 2217 567 nullo
2237 528 2472 571 discrimine
2490 532 2639 575 haben-

1403 599 1477 641 tes,
1501 592 1636 631 omnis
1653 589 1760 646 juris
1780 599 2100 646 contemptores.
2124 590 2186 645 (5)
2210 593 2517 636 Controversias
2535 599 2639 639 circa

1404 655 1651 695 commercia
1673 662 1783 695 ortas
1804 669 1890 695 11011
1909 654 2043 695 verbis
2062 663 2103 694 et
2124 656 2281 696 ratione
2300 672 2547 713 componere
2576 677 2639 702 so-

1404 721 1503 771 lent,
1527 721 1599 762 sed
1614 720 1827 762 audaciam
1843 728 1884 761 et
1899 735 2099 761 manuum
2119 721 2352 764 violentiam
2370 725 2476 766 hanc
2487 726 2537 767 ad
2555 743 2638 769 rem

1404 788 1604 830 adhibent
1617 820 1628 840 ‚
1663 788 1849 843 adeoque
1889 802 1980 842 quae
2020 789 2063 828 in
2114 791 2310 843 gymnicis
2353 796 2642 837 certaminibus

1405 856 1564 897 athletae
1583 857 1627 896 in
1645 865 1773 897 semet
1795 857 1976 896 invicem
1999 857 2263 897 committunt
2290 859 2484 912 violenta,
2517 878 2564 903 ea
2586 865 2641 905 illi

1406 922 1448 961 in
1465 921 1722 977 judiciorum
1751 921 2090 977 disceptationem
2112 923 2374 966 transferunt.
2414 928 2500 984 (16)
2536 931 2643 971 Hinc

1406 986 1529 1026 etiam
1551 986 1598 1026 fit
1612 985 1756 1026 utlites
1775 985 1886 1041 apud
1909 1000 1978 1026 eos
1999 1000 2075 1040 per
2093 984 2258 1040 triginta
2278 989 2491 1031 minimum
2513 1007 2642 1034 annes

1407 1049 1664 1088 instruantur
1701 1049 1822 1101 (non
1855 1062 1953 1088 vero
1982 1051 2280 1103 peragantur).
2309 1052 2503 1107 Quisquis
2532 1057 2642 1096 enim

1407 1111 1518 1167 apud
1554 1112 1755 1167 populum
1793 1110 2034 1166 hujusmodi
2053 1108 2127 1164 rei‘
2144 1114 2400 1156 mentionem
2421 1107 2575 1169 fecerit,
2597 1135 2643 1160 ac

1409 1191 1493 1217 non
1526 1177 1662 1216 statim
1691 1191 1714 1216 e
1734 1176 1893 1216 Boeotia
1921 1176 2171 1230 migraverit,
2208 1177 2279 1218 sed
2309 1178 2370 1219 vel
2404 1179 2644 1225 brevissimo

1409 1239 1607 1294 temporis
1626 1240 1757 1294 spatio
1778 1240 1822 1279 in
1843 1239 1947 1280 urbe
1966 1240 2176 1291 manserit,
2194 1241 2330 1295 paullo
2350 1253 2456 1298 post,
2481 1249 2644 1288 structis

1409 1309 1537 1341 noctu
1558 1301 1732 1352 insidiis,
1757 1301 1808 1342 ab
1831 1302 1880 1342 iis
1902 1302 1975 1356 qui
2005 1316 2144 1343 causas
2166 1304 2304 1357 peragi
2328 1305 2488 1357 nolunt,
2513 1318 2645 1350 morte

1410 1364 1586 1405 violenta
1608 1364 1844 1406 mulctatur.
1905 1367 1966 1406 Ac
1985 1366 2156 1406 omnino
2174 1366 2393 1408 levissimas
2424 1369 2478 1409 ob
2508 1385 2645 1413 causas

1410 1426 1540 1467 caedes
1565 1427 1676 1483 apud
1707 1442 1776 1468 eos
1808 1428 2036 1483 perpetrari
2067 1428 2214 1470 solent.
2276 1430 2367 1485 (17)
2400 1432 2490 1472 Viri
2523 1434 2646 1487 igitur

1395 1490 1508 1537 *tales
1527 1492 1612 1531 esse
1631 1490 1762 1531 solent
1781 1503 1790 1530 :
1815 1505 2067 1545 quamquam
2094 1491 2202 1532 inter
2221 1507 2291 1533 eos
2319 1494 2470 1548 passim
2502 1510 2643 1538 occur—

1410 1562 1510 1594 runt
1528 1555 1652 1595 etiam
1684 1554 1826 1594 eximii
1852 1553 2023 1608 quidam
2041 1563 2081 1595 et
2110 1556 2361 1608 magnanimi
2392 1565 2514 1612 atque
2532 1562 2645 1600 omni

1410 1617 1590 1658 amicitia
1611 1617 1742 1672 digni.
1802 1619 1963 1658 Uxores
1985 1625 2124 1657 autem
2142 1632 2286 1659 eorum
2306 1621 2565 1674 proceritate,
2585 1623 2646 1663 in-

1412 1693 1548 1730 cessu,
1583 1681 1768 1735 corporis
1798 1679 2074 1720 concinnitate
2110 1681 2296 1726 omnium
2331 1683 2499 1724 Graeciae
2528 1683 2644 1724 femi-

1412 1756 1561 1782 narum
1579 1742 1884 1797 elegantissimae
1906 1751 1946 1782 et
1963 1743 2267 1797 speciosissimae
2289 1744 2398 1786 sunt.
2456 1747 2646 1788 Testatur

1412 1804 1633 1860 Sophocles
1656 1818 1665 1845 :

1496 1906 1629 1939 'thebas
1643 1905 1729 1939 mihi
1745 1914 1869 1939 narras
1885 1908 2006 1948 portas
2020 1905 2188 1939 hahentes
2203 1909 2363 1950 septenas
2374 1933 2383 1947 ,

1495 1959 1556 1993 ubi
1571 1960 1686 1993 solum
1702 1961 1868 1994 mortales
1885 1960 2052 1994 mulieres
2067 1961 2210 2003 pariunt
2227 1961 2323 1996 deos.

1413 2050 1502 2102 (18)
1526 2050 1679 2104 Capitis
1711 2058 1874 2103 tegmen
1895 2049 2007 2104 apud
2038 2050 2144 2104 ipsas
2167 2050 2245 2090 tale
2276 2059 2362 2102 est,
2386 2061 2433 2092 ut
2455 2067 2503 2093 eo
2537 2056 2645 2102 velut

1411 2116 1522 2156 larva
1542 2124 1629 2156 tota
1649 2116 1769 2156 facies
1803 2116 1928 2156 velari
1960 2115 2172 2167 videatur;
2208 2118 2316 2158 oculi
2339 2126 2499 2160 tantum
2521 2136 2643 2177 appa-

1410 2193 1525 2234 rent,
1546 2184 1703 2238 reliqua
1720 2192 1859 2224 autem
1891 2183 2009 2224 faciei
2032 2198 2126 2238 pars
2151 2193 2261 2225 veste
2283 2186 2499 2239 occulitur,
2521 2204 2644 2244 quam

1413 2266 1557 2291 omnes
1577 2251 1711 2291 albam
1730 2258 1903 2303 gestant.
1965 2252 2055 2303 (19)
2076 2251 2220 2291 Crines
2252 2252 2328 2292 illis
2351 2253 2466 2304 ssavi,
2492 2256 2535 2295 in
2568 2272 2643 2297 no·

1411 2318 1512 2358 dum
1537 2318 1712 2371 colligati
1731 2331 1863 2371 usque
1884 2317 1936 2357 ad
1960 2318 2179 2367 verticem;
2200 2326 2323 2372 atque
2341 2320 2385 2360 id
2412 2321 2464 2361 ab
2486 2323 2643 2378 indige-

1411 2385 1475 2424 nis
1493 2383 1717 2439 appellatur
1731 2381 1998 2436 lampadium.
2058 2382 2388 2425 Calceamentum
2399 2394 2536 2439 tenue,
2558 2405 2642 2432 non

1410 2450 1688 2507 profundum,
1726 2462 1984 2504 purpureum
2014 2448 2150 2490 colore
2178 2458 2220 2490 et
2250 2450 2425 2503 humile,
2458 2456 2644 2510 corrigiis

1411 2532 1509 2558 vero
1532 2519 1588 2558 ita
1614 2517 1826 2558 astrictum
1839 2547 1851 2567 ,
1876 2524 1923 2555 ut
1945 2515 2047 2556 nudi
2073 2517 2378 2571 propemodum
2398 2520 2522 2575 pedes
2544 2537 2643 2564 con-

1414 2585 1653 2640 spiciantur.
1714 2585 1804 2637 (20)
1835 2581 2087 2635 Quotidiana
2115 2584 2207 2623 vitae
2229 2587 2526 2629 consuetudine
2559 2605 2644 2631 non

1414 2647 1642 2688 admodum
1668 2646 1859 2686 Boeoticae
1880 2653 2001 2695 sunt,
2031 2645 2103 2685 sed
2136 2646 2344 2700 Sicyonias
2375 2649 2512 2702 potius
2542 2652 2645 2693 refe-

1414 2719 1527 2751 runt.
1587 2711 1683 2749 Vox
1711 2708 1871 2748 illarum
1904 2716 1964 2748 est
1997 2716 2130 2762 grata,
2152 2709 2339 2749 virorum
2369 2719 2506 2752 autem
2537 2713 2645 2768 inju-

1414 2773 1551 2814 cunda
1568 2780 1609 2813 et
1632 2772 1779 2826 gravis.
1829 2772 1918 2824 (21)
1936 2770 2003 2812 Ad
2023 2770 2326 2825 transigendam
2342 2772 2510 2827 quidem
2533 2784 2646 2817 aesta-

1414 2843 1498 2875 tem
1538 2833 1637 2874 urbs
1675 2833 1852 2873 maxime
1892 2841 2146 2887 opportuna;
2185 2832 2334 2887 aquam
2379 2835 2490 2875 enim
2525 2836 2647 2878 habet

1413 2897 1635 2952 plurimam
1656 2909 1827 2949 eamque
1849 2894 2055 2948 frigidam,
2076 2895 2302 2950 hortosque
2321 2898 2514 2939 consitos.
2574 2901 2647 2940 Est

1414 2968 1612 3015 praeterea
1642 2957 1864 2999 commodo
1901 2957 2038 3012 quoad
2073 2966 2216 2998 ventos
2256 2959 2338 2999 situ
2370 2967 2410 3000 et
2452 2970 2646 3002 vernante

1401 3030 1608 3077 .aspcctu;
1630 3020 1832 3061 fructibus
1851 3020 2019 3075 insuper
2046 3020 2320 3075 omnibusque
2351 3022 2473 3062 rebus
2499 3024 2645 3064 aestivis

1415 3085 1468 3126 ad
1490 3085 1646 3126 victum
1665 3083 1874 3124 venalibus
1893 3082 2090 3123 abundat.
2136 3081 2203 3124 Ad
2221 3082 2398 3123 hiemem
2413 3098 2511 3124 vero
2526 3098 2646 3137 agen-

1415 3147 1512 3188 dam
1534 3147 1588 3188 ob
1623 3147 1830 3200 lignorum
1861 3145 2044 3199 inopiam
2070 3144 2245 3199 pessima
2265 3152 2348 3193 est,
2380 3159 2455 3185 nec
2476 3160 2559 3186 non
2591 3147 2644 3186 ob

1414 3210 1562 3251 fluvios
1584 3218 1625 3250 et
1643 3217 1810 3258 ventos;
1835 3208 1977 3247 nivosa
1994 3208 2104 3247 enim
2125 3214 2186 3246 est
2207 3214 2247 3246 et
2271 3206 2403 3246 lutum
2420 3207 2645 3262 plurimum

1474 3375 1495 3424 S
1516 3386 1580 3426 17.
1595 3387 1617 3411 τ
1629 3370 1652 3410 ὰ
1665 3386 1680 3417 ς
1698 3369 1785 3410 πῦλ
1798 3384 1846 3415 ας
1860 3370 1875 3423 ]
1890 3369 1973 3415 ταῖς
1984 3367 2117 3414 πύλαις
2128 3367 2358 3408 Salmasius
2383 3369 2396 3420 ΙΙ
2417 3369 2500 3408 -θ
2513 3369 2590 3408 εοὶ)
2602 3371 2643 3424 ς]

1418 3449 1475 3475 50.
1496 3434 1728 3483 Bacchum;
1747 3431 1852 3472 adde
1875 3430 2109 3471 Herculem.
2131 3430 2357 3484 Stephanus
2374 3444 2482 3483 conj.
2508 3430 2545 3470 oi
2563 3431 2647 3481 θνη-

1417 3497 1478 3537 τοὶ
1498 3497 1596 3547 θεάς,
1628 3494 1742 3550 quod
1775 3494 1929 3548 recepit
1955 3492 2086 3533 Bothe
2108 3493 2151 3532 in
2184 3491 2330 3546 fragm.
2355 3492 2546 3546 Sophocl.
2582 3493 2644 3533 Cf.

1415 3559 1578 3599 Muller.
1607 3556 1716 3599 Min.
1737 3571 1780 3611 p.
1799 3557 1868 3597 28.

1476 3624 1497 3673 S
1524 3622 1589 3662 18.
1614 3620 1713 3659 ὥστ
1726 3634 1742 3658 ε
1761 3619 1776 3674 ]
1794 3619 1921 3673 ὥσπερ
1937 3616 2094 3667 0οἀοΧ;
2114 3631 2196 3658 0111.
2225 3617 2468 3672 Stephanus.

1476 3686 1497 3735 5
1520 3696 1588 3723 21.
1617 3680 1696 3722 ἔτι
1721 3680 1766 3720 δ’
1799 3679 1928 3732 εὖήν.
1967 3678 2077 3720 ἐστι
2097 3677 2309 3735 ]siccod.;
2329 3677 2453 3718 ἔστιδ’
2468 3677 2571 3728 εὖην.
2591 3675 2646 3716 ἔτι

1419 3745 1536 3787 editt.
1555 3745 1572 3799 n
1584 3769 1641 3776 —-
1653 3742 1809 3799 ἐχόπω
1823 3759 1843 3799 ρ
1854 3759 1875 3783 ο
1891 3760 1907 3792 ς
1922 3745 1936 3798 ]
1953 3741 2175 3799 εχέπώρος(
2190 3743 2248 3783 5ἰο
2264 3744 2280 3796 )
2296 3741 2424 3782 codex
2439 3756 2450 3790 ;
2475 3754 2555 3780 em.
2573 3739 2646 3779 Ca-

1418 3808 1552 3858 saub.,
1579 3806 1782 3862 probante
1803 3805 2077 3847 Valckenario
2102 3804 2154 3846 ad
2182 3804 2327 3845 Phoen.
2358 3817 2400 3857 p.
2427 3803 2532 3850 314;
2562 3798 2646 3840 εὐό-

1419 3885 1545 3925 πωρος
1566 3867 1676 3923 conj.
1701 3868 1903 3910 Graevius.
1929 3868 1945 3922 Ι(
1965 3867 2121 3907 -οἵα
2151 3864 2427 3921 χειρίστη]
2448 3860 2513 3902 οἷα
2537 3877 2578 3902 τε
2599 3877 2642 3916 χ.

1421 3933 1577 3982 codex;
1598 3947 1639 3973 τε
1658 3931 1789 3972 delev.
1812 3931 2055 3985 Stephanus.

1478 3999 1500 4049 5
1526 4008 1594 4036 22.
1613 3995 1750 4036 Δάων
1764 4009 1814 4041 ος
1836 3995 1850 4049 ]
1876 3991 2116 4034 Laudantur
2148 3989 2302 4036 Αάωνος
2333 3987 2517 4040 Διαθῆκαι
2537 3986 2647 4044 apud
