2782 4348
750 62 795 109 Ο

152 193 214 236 88
567 202 613 246 0

150 287 408 353 Παράπλους
439 284 522 332 ἀπὸ
550 283 704 340 ταύτης
730 284 786 336 εἷς
806 280 956 344 Θάψον
976 278 1138 342 ἡμέρας
1164 278 1239 326 καὶ
1276 279 1383 342 ἠμί·

149 376 267 412 eamq.
335 355 436 404 Ἀπὸ
473 355 516 402 δὲ
534 353 682 415 Θάψον
699 352 744 376 *⁸
767 350 870 412 [καὶ
892 348 1118 410 Ain-teme]
1138 349 1212 404 ’τῆς
1234 356 1386 413 μικρᾶς

148 427 221 473 καὶ
246 424 501 489 Ἀδρύμητός
523 425 609 469 ἔστι
633 421 784 471 κόλπος
807 416 936 478 μέγας
957 414 1084 477 εἵσω,
1108 418 1151 463 ἂν
1168 409 1205 481 ᾧ
1225 419 1254 473 ἡ
1271 417 1384 480 269-

148 515 210 548 τις
238 494 325 543 ἐστὶ
355 498 383 549 ἡ
420 490 548 555 μικρὰ
564 525 575 546 ,
615 491 844 550 Κιρκινῑτις
879 485 1141 545 καλουμένη,
1174 485 1283 533 πολὺ
1312 490 1385 543 τῆς

149 564 278 622 ἄλλης
302 562 495 624 Σύρτιδος
513 554 787 620 χαλεπωτέρα
811 554 883 600 καὶ
905 553 1204 619 δυσπλοωτίρα
1219 594 1234 616 a
1254 549 1305 612 ἧς
1333 555 1383 603 τὸ

148 632 392 696 περίμετρον
409 628 555 674 στάδια
578 629 635 687 Ιβ.
674 624 746 671 Ἐν
764 622 895 686 ταύτῃ
911 627 964 687 τῇ
981 621 1151 687 Σύρτιδι
1167 622 1383 692 ἕνίστηκεν

145 706 173 758 ἡ
209 704 330 756 νῆσος
368 694 572 758 Τριτωνὶς
603 691 843 753 καλουμένη
874 691 947 739 καὶ
983 692 1172 752 ποταμὸς
1201 692 1382 755 Τρίτων,

145 768 217 816 καὶ
243 766 411 813 αὐτόθεν
436 762 546 809 ἐστὶν
574 762 749 819 Ἀθηνᾶς
770 762 1018 825 Τριτωνίδος
1038 761 1164 825 ἱερόν.
1234 761 1382 821 Στόμα

146 838 190 885 δὲ
223 835 309 899 ἔχει
341 839 368 890 ἡ
403 833 529 893 λίμνη
569 832 738 894 μικρὸν,
772 830 845 877 καὶ
882 832 923 876 ἐν
959 833 1020 894 τῷ
1053 831 1230 890 στόματι
1261 833 1384 886 νῆσος

147 907 302 954 ἔπεστι·
341 903 412 950 καὶ
451 903 549 949 ὅταν
589 902 798 953 ἀνάπωτις
823 894 880 962 ᾖ,
914 900 1040 964 ἐνίοτε
1082 903 1109 956 ἡ
1138 899 1267 960 λίμνη
1309 900 1384 948 οὒκ

147 976 256 1039 ἔχειν
290 973 480 1019 εἴσπλουν
518 971 606 1017 ἐστὶ
651 970 869 1035 φαίνουσα.
941 968 997 1016 Ἦ
1036 969 1079 1015 δὲ
1115 968 1242 1029 λίμνη
1273 966 1379 1024 αὕτη

142 1045 231 1092 ἐστὶ
278 1042 440 1104 μεγάλη
461 1077 475 1102 ,
510 1040 559 1087 τὸ
602 1042 847 1103 περίμετρον
895 1037 1050 1102 ἔχουσα
1094 1040 1149 1089 ὥς
1201 1037 1379 1083 σταδίων

141 1114 301 1178 χιλίων.
370 1114 635 1174 Περιοικοῧσι
654 1109 695 1156 δὲ
720 1108 851 1166 αὐτὴν
876 1108 1028 1161 Δίὸυες
1050 1107 1222 1161 πάντες”
1247 1106 1378 1166 ἔθνος,

146 1183 219 1231 καὶ
261 1182 378 1235 πόλις
415 1180 468 1227 τὰ
523 1180 714 1227 ἐπέκεινα
750 1179 852 1242 πρὸς
889 1178 1008 1234 ἡλίου
1050 1176 1229 1238 δυσμάς·
1267 1169 1378 1222 οὗτοι

141 1252 223 1316 γὰρ
259 1252 437 1303 ἅπαντες
452 1252 476 1276 '⁵
499 1249 651 1301 Λίὸυες
675 1248 863 1310 λέγονται
887 1247 1046 1305 ξανθοὶ,
1077 1245 1292 1292 ἄπαστοι*
1310 1245 1382 1291 καὶ

142 1322 371 1369 κάλλιστοι.
438 1318 527 1367 Καὶ
562 1323 588 1374 ἡ
628 1318 749 1382 χώρα
787 1317 892 1373 αὕτη
926 1317 1074 1378 ἀρίστη
1105 1315 1176 1361 καὶ
1210 1333 1379 1379 παμφο-

142 1525 391 1574 sequuntur,
418 1530 470 1557 ex
491 1514 557 1556 καὶ
583 1514 747 1570 δρονίτις
774 1513 882 1554 eruit
909 1512 1222 1568 Τριτωνίτης
1250 1510 1382 1564 (deb.

140 1580 399 1636 Τριτωνῖτις)
423 1576 505 1619 ἐστὶ
523 1577 692 1627 κόλπος;
713 1590 946 1632 perperam,
970 1575 1058 1616 sive
1079 1574 1216 1616 literas
1230 1573 1387 1616 codicis

141 1644 227 1686 sive
258 1640 531 1696 geographica
562 1647 734 1696 spectes.
772 1640 967 1680 Ceterum
999 1638 1114 1679 sinus
1142 1636 1207 1678 ille
1244 1651 1387 1679 revera

140 1704 240 1748 inde
261 1720 285 1746 a
300 1704 469 1760 Thapso
497 1702 668 1744 demum
684 1701 788 1743 urbe
810 1702 971 1757 incipit,
999 1699 1104 1742 adeo
1134 1708 1182 1741 ut
1201 1699 1386 1756 Leptidis

140 1776 183 1810 et
218 1766 437 1810 Adrumeti
470 1766 627 1807 mentio
665 1763 895 1807 omittenda
936 1763 1093 1804 suisset.
1132 1761 1214 1804 Sed
1249 1763 1384 1819 ipsum

141 1838 370 1879 auctorem,
392 1843 477 1870 non
500 1842 599 1869 vero
628 1827 857 1868 scribarum
889 1826 1147 1867 oscitantiam
1178 1823 1386 1867 Adrume-

139 1901 231 1934 tum
250 1906 345 1934 cum
362 1891 481 1933 initio
503 1891 617 1931 sinus
632 1889 925 1944 composuisse,
950 1902 1000 1928 ex
1016 1886 1282 1942 sequentibus
1300 1886 1384 1927 col-

139 1954 247 2010 ligis,
263 1954 334 1995 ubi
350 1952 580 2009 Neapolim,
594 1966 686 2007 qum
700 1951 887 2005 sequitur
901 1958 993 2006 post
1006 1948 1299 1999 Adrumetum,
1321 1949 1384 1989 in-

138 2015 324 2058 troducit
347 2015 483 2058 verbis
509 2028 519 2056 :
544 2013 655 2056 Μετὰ
676 2013 717 2055 δὲ
736 2011 806 2064 τὴν
821 2013 972 2068 Σύρτιν.
996 2014 1060 2054 De
1076 2012 1242 2067 Thapso
1256 2012 1300 2053 in
1314 2026 1383 2067 pe·

141 2079 306 2120 ninsula
335 2079 410 2119 sita
429 2077 628 2133 urbisque
655 2077 788 2118 ruinis
812 2075 893 2129 (ad
918 2074 1271 2128 Bas-ed·Dimas)
1294 2074 1380 2116 vid.

138 2141 277 2184 Shaw.
309 2141 479 2183 Travels
501 2155 544 2197 p.
578 2153 671 2194 119.
695 2138 835 2179 Barth.
862 2152 904 2193 p.
933 2138 1026 2179 163.
1046 2139 1109 2177 De
1127 2138 1287 2178 ratione
1306 2151 1382 2178 no·

137 2203 300 2245 minum
338 2203 480 2259 θάψος,
512 2201 638 2257 θάψαι,
678 2199 903 2255 Θαψίπυλις,
943 2198 1087 2254 Θάψας,
1126 2197 1304 2253 Θάψακος
1339 2213 1378 2239 v.

137 2266 303 2307 Movers
325 2265 352 2307 l.
376 2265 404 2307 Ι.
436 2279 480 2321 p.
505 2267 599 2313 164.
622 2267 720 2317 296.
754 2263 853 2316 329.
882 2261 980 2310 343.
1001 2261 1144 2315 Leptis
1173 2274 1299 2316 parva
1321 2269 1382 2302 est

135 2342 267 2384 prope
289 2326 391 2370 hod.
413 2331 582 2376 Lenda,-
606 2325 911 2368 Hadrumetum
931 2324 1003 2365 ubi
1034 2338 1147 2365 nunc
1168 2327 1287 2366 Susa.
1319 2326 1382 2366 De

134 2392 267 2433 ruinis
290 2405 330 2433 v.
360 2389 556 2434 At-Bekri
575 2390 617 2430 in
638 2392 765 2430 Extr.
789 2397 830 2429 et
848 2386 1018 2430 Notices
1035 2394 1065 2427 t.
1097 2387 1196 2438 XII,
1216 2401 1259 2443 p.
1279 2390 1377 2437 485.

135 2455 277 2496 Barth.
299 2454 391 2504 154.
419 2454 437 2509 ΙΙ
461 2477 518 2485 -
536 2453 567 2494 Κ
582 2468 597 2494 ε
612 2468 665 2508 pr.
680 2452 862 2507 ινῖτις]
882 2466 991 2506 καρκ.
1015 2449 1129 2502 cod.;
1150 2465 1232 2492 em.
1253 2452 1377 2493 Voss.

142 2518 234 2570 11-
252 2519 303 2557 δυ
315 2516 488 2559 σπλοω
500 2517 639 2571 τέρα]
673 2514 959 2569 δυσπλοτοτέρα
992 2512 1107 2564 cod.;
1143 2527 1225 2554 em.
1257 2512 1375 2555 editt.

140 2582 158 2631 Η
178 2579 386 2618 -σταῧ,
412 2578 492 2635 Ιβ]
519 2581 626 2619 1600
647 2591 730 2618 sec.
762 2575 971 2617 Eratosth.
997 2589 1063 2630 ap.
1090 2574 1285 2616 Strabon.
1319 2578 1376 2625 11,

134 2654 180 2695 p.
206 2641 282 2681 123
299 2671 311 2691 ,
330 2640 549 2694 Agathem.
572 2641 609 2689 1,
632 2640 673 2681 3.
697 2641 754 2690 Π,
781 2642 828 2687 14
846 2669 857 2688 ,
876 2637 1025 2679 Eusth.
1043 2636 1094 2678 ad
1118 2638 1245 2678 Dion.
1271 2651 1375 2692 ¹993

134 2710 416 2743 trecentorum
432 2702 535 2743 mill.
551 2716 659 2757 pass.
677 2716 759 2743 sec.
775 2700 921 2756 Polyb.
937 2714 1004 2755 ap.
1018 2699 1125 2742 Plin.
1142 2701 1198 2750 V,
1222 2703 1262 2749 4.
1283 2702 1299 2754 ΙΙ
1323 2725 1380 2733 —-

135 2764 325 2820 Τριτων
341 2764 407 2820 ίς]
439 2765 631 2819 Τρίτωνος
650 2762 764 2813 cod.;
788 2762 964 2804 mutavit
985 2762 1181 2812 Vossius;
1205 2762 1268 2803 sin
1292 2763 1379 2804 vul-

136 2835 230 2882 gata
250 2827 510 2883 acquiescere
539 2825 653 2875 vetis,
678 2825 780 2866 nihil
810 2825 1010 2878 refragor.
1035 2824 1228 2865 Ceterum
1248 2838 1377 2879 quum

134 2886 180 2928 in
199 2901 315 2944 seqq.
332 2887 356 2940 ἢ
375 2888 495 2944 λίμνη
511 2887 784 2938 describatur,
809 2887 1061 2927 mentionem
1083 2883 1171 2938 ejus
1189 2885 1269 2926 hoc
1287 2885 1379 2927 loco

135 2946 366 2991 faciendam
389 2950 443 2991 ab
464 2957 706 3004 excel-ptore
733 2949 926 2989 omissam
948 2961 1035 2987 esse
1065 2955 1175 2987 recte
1206 2961 1379 2989 monue-

131 3020 251 3055 mut.
271 3012 397 3067 Quod
413 3012 545 3059 insula
564 3013 607 3053 in
625 3011 785 3067 Syrtide
804 3010 926 3052 fuisse
945 3009 1113 3059 dicitur,
1131 3008 1172 3049 id
1189 3010 1243 3051 ita
1260 3010 1378 3052 intel·

133 3070 229 3128 lige,
252 3082 301 3116 ut.
316 3073 428 3117 lacus
449 3074 553 3116 mari
566 3072 737 3130 junctus
756 3071 934 3127 ideoque
961 3070 1256 3126 λιμνοθάλαττα
1284 3086 1378 3127 pars

133 3134 260 3178 suerit
283 3135 475 3193 Syrtidis.
495 3136 653 3186 Insula,
675 3150 801 3192 quam
825 3134 920 3175 Φλᾶ
937 3131 1176 3175 Herodotus
1193 3135 1270 3183 IV,
1301 3138 1377 3189 178

133 3206 268 3251 vocat,
291 3199 335 3241 in
354 3198 446 3242 lacu
466 3207 507 3241 et
524 3213 654 3256 prope
668 3198 820 3240 ostium
835 3195 924 3252 ejus
937 3197 1016 3237 sita
1035 3204 1135 3237 erat.
1162 3196 1377 3239 Ambitum

134 3260 262 3314 lacus,
283 3262 357 3318 qui
386 3277 500 3304 nunc
519 3270 580 3303 est
603 3258 1069 3315 Schibk·aln·el·l.oudjali
1091 3259 1108 3312 (
1126 3258 1272 3301 Schaw
1294 3259 1323 3301 1.
1347 3260 1375 3302 1.

133 3337 178 3379 p.
199 3325 280 3379 275
296 3327 312 3380 )
328 3326 424 3366 satis
436 3333 625 3367 accurate
638 3338 663 3366 a
677 3324 842 3380 Scylace
855 3322 1012 3364 difiniri
1028 3319 1208 3363 videtur.
1227 3322 1377 3365 Triton

135 3385 285 3426 fluvius
301 3395 363 3427 est
380 3386 439 3428 EI
457 3386 682 3437 Hammah,
707 3386 781 3442 qui
800 3399 913 3427 nunc
931 3392 1069 3426 tamen
1089 3397 1174 3425 non
1203 3383 1378 3440 amplius

134 3459 184 3487 ex
216 3446 306 3501 ipso
323 3447 415 3489 lacu
443 3448 678 3503 egreditur3
699 3447 814 3504 quod
842 3462 893 3489 ex
911 3447 1083 3502 aggestis
1118 3445 1269 3498 arenis,
1286 3461 1379 3503 quae

131 3506 257 3549 etiam
281 3508 455 3550 insulam
474 3510 581 3568 ostio
596 3509 851 3564 adjacentem
875 3518 995 3550 terrae
1005 3506 1193 3564 junxisse
1207 3506 1375 3561 debent,

130 3567 336 3624 probabili
366 3571 526 3612 ratione
550 3572 770 3627 explicant.
811 3569 1050 3613 Herodotus
1077 3583 1246 3626 quoque
1274 3585 1376 3626 qua·

131 3637 256 3673 tenus
271 3631 380 3685 (IV,
403 3635 480 3687 178
497 3636 514 3687 )
534 3634 619 3689 ipsa
651 3634 739 3675 loca
757 3633 969 3685 describit,
997 3633 1050 3675 de
1070 3634 1162 3675 lacu
1193 3633 1379 3690 loquitur

136 3705 264 3749 quem
287 3692 429 3735 festiva
451 3708 603 3750 pompa
628 3697 776 3751 Libyes
807 3697 1095 3746 circumeunt;
1130 3695 1202 3738 ubi
1237 3705 1374 3740 autem

132 3761 316 3796 veterem
345 3755 508 3796 Jasonis
533 3754 711 3797 fabulam
737 3757 876 3806 refert,
898 3757 955 3798 ibi
987 3758 1110 3798 etiam
1144 3772 1287 3813 vagam
1318 3758 1377 3800 sa-

131 3814 326 3858 bularum
348 3817 637 3874 geographiam
662 3827 924 3874 repra-sentat
954 3827 1077 3875 atque
1101 3821 1154 3861 ita
1176 3820 1375 3876 loquitur,

132 3879 251 3934 quasi
286 3879 472 3922 Tritonis
501 3880 612 3923 lacus
645 3881 754 3923 idem
783 3882 888 3923 soret
920 3896 1015 3923 cum
1049 3884 1157 3937 Syrti
1199 3884 1375 3925 minore.

134 3941 274 3994 Quam
312 3943 556 3984 sententiam
599 3944 671 3999 «psi
694 3943 817 3984 etiam
847 3943 1002 3998 Scy-laci
1026 3944 1199 3985 Vossius
1234 3945 1377 3987 obtru-

137 4001 233 4045 dere
266 4004 408 4047 voluit.
448 4006 465 4059 ss
497 4030 554 4038 —
575 4004 591 4045 i
614 4020 683 4062 (ει
715 4005 739 4059 ἡ
768 4005 954 4062 λίμνη]
991 4005 1178 4061 ἔγ-(εἰυ)
1212 4006 1375 4062 fingi-er,

1031 177 1318 227 SCYLACIS
1348 177 1812 230 CARYANDENsts

2537 188 2699 253 (uuo.)

1457 287 1674 347 'rbapsum
1687 291 1812 334 unius
1829 290 1911 334 diei
1926 300 1968 334 et
1989 291 2187 335 dimidiae.
2249 297 2284 337 A
2306 295 2473 352 Thapso
2490 297 2578 352 [ad
2596 302 2698 359 Lep-
2745 286 2774 347 ᾖ

1455 356 1520 399 tin
1530 371 1714 415 paruam
1740 359 1985 413 manig-reim·
2000 376 2028 402 α
2046 362 2170 420 Lepta·
2181 377 2322 420 parm
2336 363 2395 404 ad
2416 364 2637 420 ,idq-men.
2654 373 2697 412 A
2748 358 2751 366 ’
2777 393 2782 397 -

1460 426 1626 484 Thapso
1658 436 1796 470 autem
1830 438 1871 471 ee
1900 430 2048 489 Lepti]
2089 445 2215 488 parva
2243 440 2285 475 et
2323 433 2549 491 Adrymete
2581 437 2696 480 sinin

1455 506 1629 548 magnus
1647 495 1760 538 intus
1780 496 1975 549 flectitur,
2000 499 2043 541 in
2065 513 2151 556 quo
2167 509 2227 542 αι
2261 502 2391 558 Syrtis
2422 504 2573 554 minor,
2596 507 2696 549 Cer-

1454 562 1592 604 cinitis
1609 563 1823 620 appellata,
1843 565 1970 608 altera
1991 568 2100 623 Syrti
2117 568 2248 611 multo
2263 571 2408 612 saevior
2422 574 2697 631 navigatuque

1453 629 1690 684 difficilior,
1727 633 1846 689 eujus
1880 634 2061 678 ambitus
2098 646 2159 679 ent
2194 638 2424 682 stadiorum
2459 654 2582 684 2000.
2644 646 2692 686 In
2778 634 2782 650 ⁷

1453 698 1532 742 hac
1561 701 1669 757 Syrti
1701 701 1898 745 collocata
1928 712 1991 746 est
2016 705 2148 748 insula
2176 706 2241 763 [ee
2270 707 2412 765 lacus]
2436 710 2621 752 Tritonis
2654 721 2693 753 ct

1454 766 1605 809 fluvius
1620 769 1784 820 'Ii-iton,
1814 770 1955 826 ibique
1978 780 2038 813 αι
2063 774 2259 816 Minervae
2279 776 2509 819 Tritonidis
2532 778 2690 821 sanum.

1454 835 1514 876 Os
1541 834 1654 877 lacus
1681 837 1876 890 exiguum
1910 837 2058 891 habet,
2090 849 2133 883 et
2168 842 2211 884 in
2243 857 2316 885 ore
2347 845 2692 903 insula-adjacet;

1454 902 1623 959 quando
1644 902 1800 944 recedit
1814 915 1928 946 mare
1942 936 1954 956 ,
1975 906 2185 950 interdum
2206 909 2317 953 lacus
2332 913 2489 956 nullum
2513 915 2696 971 praebere

1453 972 1742 1027 navigantibus
1757 987 1967 1015 accessum
1993 972 2171 1017 videtur.
2232 979 2365 1021 Lacus
2384 989 2523 1024 autem
2549 982 2618 1027 bic
2632 992 2694 1025 est

1454 1054 1642 1095 magnus,
1660 1041 1863 1083 ambitum
1877 1041 2034 1083 habens
2044 1042 2273 1086 stadiorum
2285 1046 2449 1090 circiter
2463 1049 2589 1092 mille.
2604 1052 2695 1094 Cir-

1453 1109 1738 1151 cumhabitant
1755 1109 1888 1151 lacum
1909 1112 2127 1165 Gyzantes,
2153 1125 2251 1165 gens
2267 1112 2435 1169 Libyca,
2458 1124 2581 1173 atque
2595 1119 2695 1161 urbs

1452 1185 1514 1217 εει
1529 1186 1642 1218 trans
1657 1177 1792 1219 lacum
1808 1191 1950 1219 versus
1964 1192 2156 1220 occasum
2179 1180 2270 1221 sita.
2330 1182 2384 1222 Hi
2401 1185 2605 1237 Gyzantes
2627 1189 2695 1228 Li.

1453 1244 1552 1301 byes
1573 1245 1773 1287 dicuntur
1795 1246 1888 1287 ssavi
1906 1261 2040 1287 omnes
2055 1250 2140 1288 ess‘e
2162 1255 2204 1289 et
2226 1248 2508 1304 pulcherrimi.
2570 1254 2697 1308 Regio

1452 1313 1541 1355 haec
1559 1315 1717 1370 optima
1730 1322 1790 1355 est
1808 1323 1849 1355 et
1872 1314 2178 1365 secundissima,
2197 1330 2419 1373 gregesque
2437 1332 2563 1374 penes
2587 1321 2698 1377 ipsos

1456 1509 1552 1552 cod.
1580 1511 1729 1563 Paris.;
1771 1509 1876 1566 ἔχων
1904 1510 1928 1563 ἡ
1966 1511 2005 1552 λ.
2036 1512 2131 1553 cod.
2166 1514 2357 1556 Vatican.
2394 1516 2547 1558 Totum
2586 1518 2697 1563 hunc

1455 1572 1593 1614 locum
1627 1571 1725 1614 inde
1756 1587 1779 1614 a
1811 1573 1939 1628 στόμα
1970 1587 2101 1629 usque
2127 1573 2180 1615 ad
2211 1576 2376 1617 σταδίων
2405 1578 2546 1632 χιλίων
2569 1581 2694 1624 inu-1·-

1454 1635 1631 1691 polatori
1651 1634 1832 1676 vindicat
1864 1635 2037 1687 Gailius,
2065 1637 2160 1692 quia
2184 1638 2314 1679 multo
2336 1643 2590 1685 accuratiora
2612 1646 2695 1686 No·

1454 1706 1540 1739 ster
1571 1697 1750 1754 praebeat
1782 1712 1908 1753 quam
1932 1698 2185 1750 Herodotus,
2224 1715 2354 1756 quum
2390 1711 2527 1746 tamen
2549 1707 2694 1763 Scylax

1454 1761 1667 1802 Gailianus
1698 1759 1830 1802 multo
1861 1761 1914 1802 sit
1935 1760 2150 1803 Herodoto
2174 1764 2400 1819 antiquior.
2427 1767 2444 1819 ΙΙ
2463 1790 2519 1798 -
2540 1768 2694 1828 ὅταν]

1455 1822 1477 1863 ὁ
1496 1825 1563 1875 τῆς
1581 1821 1695 1873 cod.;
1713 1836 1795 1864 em.
1809 1822 2043 1865 Salmasius.
2068 1825 2084 1877 ΙΙ
2106 1847 2163 1855 -
2178 1823 2313 1879 ἔχειν
2328 1826 2345 1882 ]
2361 1825 2408 1881 ἐχ
2426 1828 2521 1870 cod.
2547 1831 2695 1882 Parim

1455 1884 1560 1941 ἔχων
1599 1886 1750 1927 iterum
1789 1885 1884 1927 cod.
1920 1887 2017 1927 Vat.
2059 1887 2075 1940 ΙΙ
2110 1910 2166 1918 —
2185 1886 2288 1930 ἐστὶ
2315 1890 2593 1950 φαίνουσα]
2634 1895 2696 1937 vel

1455 1946 1556 1990 ἐστὶν
1592 1947 1852 2004 ἄναφαίνουσα
1888 1947 2106 2002 legendum
2151 1964 2227 2005 pro
2274 1953 2552 2007 συνυφαίνουσα
2584 1957 2697 2000 codi-

1453 2011 1526 2052 cis.
1547 2011 1720 2053 Clausen
1739 2009 1856 2053 dedit
1878 2010 2156 2067 συμφαίνουσα,
2183 2012 2355 2055 verbum
2373 2014 2416 2056 h.
2435 2015 2461 2057 l.
2485 2017 2694 2074 ineptum3

1453 2073 1673 2115 Salmasius
1683 2072 1795 2128 conj.
1812 2073 1942 2115 ναυσὶν
1962 2073 2235 2129 ὓποφαίνουσα.
2261 2077 2277 2130 ΙΙ
2293 2100 2350 2108 —
2364 2092 2447 2134 περ
2460 2084 2693 2139 ιοικοῦσι]

1452 2136 1670 2191 περιέπουσι
1701 2135 1848 2178 codex.
1881 2135 2101 2190 vulgatam
2134 2145 2274 2179 tuetur
2305 2140 2463 2182 Gailius
2493 2142 2697 2200 interpre-

1452 2205 1543 2238 tans
1565 2211 1576 2238 ε
1601 2197 1745 2239 Colunt
1763 2212 1854 2239 eum
1885 2197 2018 2238 lacum
2050 2212 2186 2239 omnes
2215 2198 2354 2255 Libya.-
2368 2211 2522 2253 gemes.
2546 2205 2699 2260 Cujus·

1452 2259 1566 2301 modi
1581 2261 1826 2302 sententiam
1850 2268 1970 2302 tenor
1991 2262 2250 2316 sequentium
2272 2277 2355 2303 non
2377 2262 2573 2310 admittit.
2599 2268 2615 2322 ΙΙ
2640 2294 2697 2303 -

1450 2323 1622 2372 Λίὸυες
1655 2324 1864 2379 πάντες]
1886 2323 2007 2364 λίὸιοι
2022 2324 2159 2373 πάντες
2182 2324 2330 2377 codex,
2352 2337 2574 2384 corrupte;
2594 2333 2700 2374 scri-
2750 2363 2757 2366 .

1449 2384 1635 2427 bendum
1657 2385 1788 2434 Δίὸυες
1807 2386 1990 2434 Γύζαντες
2004 2385 2068 2427 vel
2085 2386 2272 2436 Βύζαντες
2292 2387 2356 2429 vel
2372 2387 2562 2445 Ζῦγαντες
2574 2422 2587 2443 ,
2608 2407 2699 2435 mo—

1450 2447 1644 2488 nentibus
1672 2448 1888 2490 Gronovio
1917 2456 1958 2489 et
1981 2447 2215 2490 Clausenio.
2243 2447 2366 2504 Apud
2392 2450 2595 2496 Herodot.
2615 2456 2694 2508 IV,
2780 2487 2782 2491 Α

1454 2510 1685 2553 1801acum
1703 2511 1894 2552 accolunt
1914 2514 2119 2554 Ausenses
2139 2520 2180 2553 et
2207 2512 2441 2569 Machlyoe;
2459 2515 2696 2573 Machlyen.

1451 2574 1560 2615 sium
1582 2588 1681 2615 vero
1704 2574 1903 2615 finitimos
1929 2572 2031 2615 dicit
2053 2575 2217 2629 Mazyoe
2243 2574 2306 2615 vel
2324 2576 2491 2632 Maxyes
2513 2585 2553 2619 et
2576 2577 2694 2622 dein·

1449 2650 1545 2691 ceps
1563 2638 1766 2692 Gyzantoe
1785 2637 1803 2690 (
1819 2636 1891 2691 qui
1920 2634 2008 2676 aliis
2036 2636 2249 2691 Byzantoe,
2274 2637 2464 2679 Hecataeo
2494 2640 2695 2695 Zygantes

1448 2706 1544 2739 sunt
1560 2700 1604 2752 );
1630 2698 1780 2754 Libyoe
1801 2711 1900 2738 vero
1919 2697 1991 2752 qui
2015 2696 2112 2738 inde
2133 2711 2156 2738 a
2169 2697 2387 2740 Tritonide
2408 2699 2558 2756 palude
2577 2702 2698 2746 habi·
2776 2718 2779 2723 ·

1448 2768 1551 2810 tent,
1577 2774 1662 2801 non
1699 2758 1875 2814 amplius
1896 2772 1983 2799 esse
2014 2758 2238 2810 nomades;
2274 2762 2443 2818 Maxyoe
2478 2762 2694 2809 stabilibus

1449 2822 1510 2863 uti
1528 2821 1710 2873 sedibus,
1730 2834 1860 2862 comae
1875 2828 2045 2862 tonsura
2062 2834 2318 2877 corporeque
2337 2822 2467 2864 minio
2483 2824 2613 2868 tincto
2631 2827 2696 2870 in·

1447 2885 1601 2938 signes3
1626 2897 1760 2939 neque
1791 2882 1957 2938 Libyca:
1977 2881 2049 2924 sed
2073 2884 2261 2925 Asiatica:
2290 2885 2452 2941 stirpis;
2482 2887 2691 2943 perhiberi
2760 2894 2762 2897 ⁴

1446 2948 1556 2988 enim
1578 2945 1680 2988 εἶναι
1699 2951 1774 2988 τῶν
1802 2944 1844 2987 ἐκ
1861 2945 1997 3000 Τροίας
2025 2944 2172 3000 ἀνδρῶν
2194 2949 2209 2999 (
2229 2962 2252 2987 ε
2271 2947 2496 2990 Palaestina
2513 2948 2701 2996 advenas-

1447 3009 1547 3050 dicit
1575 3010 1752 3065 Procop.
1773 3010 1822 3051 B.
1856 3006 1997 3051 Vand.
2027 3010 2083 3058 11,
2111 3013 2208 3063 ιο).
2233 3009 2299 3051 Ad
2323 3010 2498 3053 eandem
2520 3012 2688 3070 stirpem
2751 3038 2755 3039 ν

1447 3073 1738 3127 pertinuerunt
1758 3072 1978 3127 Gymutes,
2004 3085 2107 3126 quos
2131 3072 2227 3113 item
2258 3073 2389 3114 minio
2411 3088 2586 3130 corpora
2607 3076 2693 3119 tin·
2738 3069 2743 3108 Ϊ

1446 3148 1542 3188 gere
1559 3133 1797 3176 Herodotus
1813 3142 1965 3177 narrat.
1988 3133 2184 3175 Similiter
2209 3149 2307 3176 vero
2323 3134 2528 3191 Scylacem
2546 3146 2690 3181 nostro
2738 3157 2744 3160 ·

1448 3197 1540 3240 loco
1554 3206 1716 3253 gentem
1737 3211 1968 3240 memorare
1997 3212 2020 3238 a
2039 3198 2322 3240 Nasamonum
2336 3230 2348 3250 ,
2369 3199 2688 3254 Garamantum,

1446 3260 1618 3302 aliarum
1648 3261 1915 3315 nigrescentis
1944 3260 2092 3301 coloris
2110 3262 2295 3315 gentium
2310 3261 2438 3318 stirpe
2458 3260 2686 3317 diversam,

1447 3322 1544 3364 inde
1562 3322 1689 3379 liquet
1704 3323 1816 3379 quod
1834 3322 1913 3371 ξαν
1928 3325 1947 3364 0
1962 3323 2013 3363 ob
2026 3339 2042 3371 ς
2064 3338 2150 3365 oese
2178 3322 2295 3366 dicit.
2323 3323 2706 3378 Quemadmodum

1447 3385 1489 3426 in
1509 3384 1622 3426 hisce
1651 3385 1888 3439 regionibus
1917 3386 2052 3441 Ζυγεῖς
2073 3394 2114 3428 ει
2143 3386 2330 3435 Βύζαντες
2346 3385 2466 3441 juxta
2485 3386 2698 3432 habitusoe·
2726 3383 2734 3395 ⁸

1447 3455 1653 3499 narratur,
1681 3449 1740 3489 sic
1758 3449 1891 3504 Ζυγεῖς
1907 3457 1948 3490 et
1968 3449 2125 3497 Βουζεῖς
2146 3449 2164 3502 (
2179 3446 2290 3489 idem
2310 3461 2462 3490 nomen
2491 3455 2554 3490 est
2572 3446 2686 3504 quod

1447 3509 1632 3559 Βόζαντες
1648 3513 1664 3564 )
1679 3526 1745 3567 ap.
1764 3511 1936 3553 Ptolem.
1953 3513 2030 3563 IV,
2050 3511 2072 3552 5
2087 3524 2131 3567 p.
2148 3524 2229 3565 279
2241 3509 2429 3552 habes-in
2445 3511 2693 3567 Cyrenaica..
2720 3539 2734 3567 3-

1446 3571 1518 3614 ubi
1533 3572 1643 3614 haud
1666 3572 1792 3614 dubie
1813 3574 1946 3615 sabula
1964 3572 2265 3629 conjunxiteos
2292 3587 2387 3614 cum
2418 3571 2689 3616 Antenoridic

1445 3634 1613 3676 advenis
1634 3635 1839 3691 Trojanis.
1864 3638 1879 3691 ΙΙ
1899 3661 1956 3669 -
1974 3636 2264 3692 ἄπαστοι]ὶ.
2290 3650 2329 3678 e.
2340 3633 2489 3691 jejuni.
2511 3637 2692 3689 Auem·
2728 3659 2734 3666 n

1445 3696 1543 3738 cilrs
1561 3713 1607 3739 ea
1626 3713 1722 3740 voce
1741 3698 1879 3740 dicere
1897 3697 2052 3740 voluit?
2066 3696 2187 3740 Haud
2207 3695 2365 3739 credas.
2382 3697 2554 3739 Vossius
2569 3695 2680 3752 conj.

1446 3760 1652 3811 ἄπλαστοι,
1676 3761 1927 3818 rerepulcri,
1954 3759 2196 3816 minimeque
2208 3759 2357 3814 fucati
2371 3777 2384 3808 .·
2402 3758 2561 3801 Gailius
2582 3758 2689 3802 πλο-

1446 3823 1547 3873 etot,
1556 3825 1701 3878 fucati
1710 3826 1763 3876 (l)
1776 3840 1786 3873 ;
1798 3823 1907 3865 idem
1923 3823 2141 3880 proposuit
2152 3823 2317 3879 ἅγαστοι
2331 3838 2342 3873 ;
2354 3821 2594 3864 Clausenius
2605 3819 2684 3877 ἔρο-
2699 3776 2782 3875 ιὲ

1446 3900 1545 3926 etot.
1571 3887 1703 3927 Possis
1720 3886 1942 3938 εὕπλαστοι,
1964 3885 2069 3932 bene
2082 3884 2262 3936 formati,
2288 3884 2349 3926 vel
2365 3885 2569 3934 ἅσπαστοι,
2592 3894 2687 3925 mo·
2721 3875 2778 3953 ’Ξ

1446 3948 1560 3989 ribus
1589 3950 1781 4000 amoeni„
1810 3947 1882 3990 scd
1905 3950 1990 3990 veri
2013 3947 2241 4004 quidquam
2270 3947 2334 3989 his
2355 3945 2682 3989 insolitisinoeoe
2719 3953 2724 3959 “
2746 3943 2769 4005 ‘j'f

1445 4010 1608 4052 dubito.
1628 4012 1768 4053 Malim
1791 4011 1922 4060 ξανθοὶ
1941 4011 2103 4059 ἅπαντες
2124 4009 2189 4052 καὶ
2212 4009 2429 4051 κάλλιστοι.
2456 4010 2471 4062 ΙΙ
2493 4030 2548 4040 -
2576 4004 2681 4049 ἐπί·
2744 4024 2759 4038 ⁷¹>
