2808 4342
148 165 362 226 (σι-69.)

23 267 133 305 Phot.
212 282 287 315 107.
312 266 415 315 εὈτι
435 267 560 313 εἰπὼν
582 268 675 330 περὶ
698 267 929 328 ἅμπώτεων
953 272 974 315 ὃ
1004 274 1259 337 συγγραφεὺς
1288 279 1375 323 δια-

145 336 293 399 φόρους
311 337 466 397 αἰτίας,
478 334 550 382 καὶ
571 336 710 388 πάσας
727 339 782 389 ὡς
796 337 908 383 οὐδὲν
921 339 1095 400 ἐχούσας
1108 343 1254 399 ἀληθὲς
1278 347 1377 393 οἰπο-

147 404 394 465 δοκιμοίσας,
417 402 577 464 ἐπάγει·
599 401 701 450 εὈτι
731 403 774 450 δὲ
796 409 928 451 ταῦτα
960 407 1098 454 πάντα
1120 411 1268 457 λαλιὰν
1295 413 1370 474 μὲν

144 473 231 535 ἔχει
251 479 366 534 σιγᾶν
388 471 707 534 αἰσχυνομένην,
742 473 985 537 πράγματος
1003 477 1046 523 δὲ
1064 480 1221 533 οὐδενὸς
1246 483 1374 528 ἀντεί-

104 545 122 570 5
144 544 299 598 ληπται
319 541 510 603 βοήθειαν
526 541 754 602 δυναμένου
772 544 856 596 τοῖς
878 545 1105 607 εἰρημένοις
1125 555 1371 613 παρασχεῖν,

141 605 300 670 εὐχερές
334 610 422 654 ἔστι
455 612 616 670 μαθεῖν.
682 603 790 657 Εἶτα
814 614 1003 675 προσθεὶς
1038 616 1110 661 καὶ
1148 616 1265 680 ἔτερα
1301 625 1374 678 τῆς

139 678 264 732 αὐτῆς
285 677 439 730 ἐννοίας
464 678 660 741 ἐχόμενα,
693 679 818 727 πάλιν
843 682 1048 746 ἐπιφέρει·
1075 685 1150 732 Διὸ
1174 688 1270 751 περὶ
1298 689 1372 750 μὲν

136 745 372 804 ἀμπώτιδος
399 746 471 793 καὶ
501 752 671 809 σεισμοῦ
696 749 767 795 καὶ
792 752 1037 812 πνευμάτων
1059 755 1131 801 καὶ
1163 761 1370 820 κεραυνῶν

134 813 207 860 καὶ
228 818 309 862 τῶν
328 816 518 863 τοιούτων
538 817 731 864 ἁπάντων
748 818 820 872 τὰς
840 821 914 881 μὲν
939 823 1095 885 αἰτίας,
1122 826 1172 871 δι’
1193 826 1240 880 ἃς
1257 828 1368 889 γίνε-

47 906 50 910 ’
74 896 112 925 10
134 902 223 941 ται,
251 891 586 949 παραχωροῧμεν
606 895 689 940 τοῖς
708 890 963 953 ἑτοιμότερον
982 892 1122 956 ἔχουσι
1137 896 1238 959 πρὸς
1253 899 1370 944 εὐκο-

133 950 224 996 λίαν
254 955 398 1012 ἡμῶν·
430 953 483 1000 τὰ
508 954 553 1000 δὲ
581 956 693 1013 πάθη
721 957 772 1003 τὰ
806 963 1010 1020 γεννῶντα
1045 961 1117 1014 τὰς
1149 970 1369 1028 προφανεῒς

133 1022 345 1083 συμφορὰς
380 1024 688 1086 δεδηλώκαμεν,
709 1028 905 1087 μαθόντες
935 1030 1050 1094 παρὰ
1069 1035 1149 1078 τῶν
1181 1034 1362 1080 εἰδότων.

134 1091 354 1151 Εὑρίσκειν
372 1092 414 1138 δὲ
433 1095 694 1158 πιθανώτερα
714 1097 867 1143 τούτων
889 1101 944 1152 εἷς
969 1103 1045 1161 μὲν
1071 1101 1259 1148 ὑπόθεσιν
1282 1123 1364 1149 πα-

132 1158 296 1221 ράδοξον
339 1164 689 1226 φιλοτιμούμεθα,
734 1163 915 1229 ἱστορίαν
953 1167 995 1214 δὲ
1039 1171 1364 1233 ἀπαγγέλλοντες

70 1240 107 1268 15
130 1229 324 1284 ἀληθινὴν
342 1233 415 1277 οὐκ
433 1230 480 1277 ἂν
502 1234 795 1295 ὑπομείναμεν.
851 1245 854 1248 ’

192 1314 269 1346 108.
287 1297 389 1346 c'Ort
409 1303 450 1346 ἐν
466 1305 524 1363 τῷ
543 1304 829 1368 προειρημένῳ
858 1306 997 1370 πόρῳ,
1023 1309 1124 1372 φησί
1137 1346 1151 1368 ,
1175 1311 1270 1373 περὶ
1288 1311 1361 1365 τὰς

124 1366 268 1418 ἐλαίας
302 1370 484 1415 τοιοῦτόν
526 1389 565 1416 τι
603 1371 710 1424 ξένον
757 1375 989 1434 συμὸαίνει.
1060 1381 1359 1442 Πλημμυρίδος

125 1435 394 1497 ὑπαρχούσης
414 1445 546 1484 πᾶσαι
566 1442 870 1504 καλύπτονται,
900 1450 974 1502 τῆς
995 1446 1030 1492 δ’
1050 1449 1279 1508 ἀμπώτεως
1295 1470 1358 1510 γι-

123 1503 293 1562 νομένης
316 1507 356 1551 ἐν
383 1510 434 1568 τῇ
455 1509 644 1572 θαλάσσῃ
676 1513 813 1557 πάντα
842 1514 909 1559 τὸν
931 1516 1078 1577 χρόνον
1120 1519 1352 1566 θάλλουσιν.

58 1579 99 1608 20
121 1570 246 1618 Ἔστι
276 1573 319 1619 δέ
339 1593 379 1621 τι
412 1576 611 1640 φυόμενον
647 1581 786 1625 αὐτόθι
810 1582 917 1627 κατὰ
937 1584 1058 1642 βάθος
1091 1588 1131 1631 ἐν
1155 1589 1244 1640 ταῖς
1274 1594 1360 1651 §ot-⁴

118 1642 248 1703 χίαις,
269 1643 442 1707 μελαίνῃ
475 1647 626 1711 σχοίνῳ
649 1651 959 1711 παραπλήσιον,
981 1652 1007 1699 ὅ
1026 1673 1148 1717 φασιν
1166 1659 1202 1702 οἱ
1223 1659 1354 1705 ἐκεῖσε

119 1717 404 1766 κατοικοῦντες
442 1713 593 1768 Ἴσιδος
629 1710 732 1763 εἶναι
778 1721 994 1783 τρίχωμα,
1035 1725 1211 1784 μυθώδει
1243 1729 1352 1774 πλά-

118 1797 246 1839 σματι
288 1781 424 1828 πίστιν
477 1785 600 1842 εὐήθη
649 1789 897 1849 περιτιθέναι
936 1794 1162 1849 ζητοῦντες.
1233 1799 1352 1858 Συμ-

119 1849 269 1906 6έὸηκε
288 1853 324 1897 δ’
340 1854 451 1917 αὐτῷ
472 1855 715 1920 τυπτομένῳ
742 1858 816 1916 μὲν
838 1859 916 1906 ὑπὸ
944 1867 1017 1908 τοῦ
1036 1864 1219 1925 κύματος
1236 1868 1351 1928 κάμ-

49 1929 91 1958 25
114 1925 285 1966 πτεσθαι
316 1924 565 1985 πολλαχῶς,
597 1926 762 1983 ἁπαλῆς
784 1927 907 1987 οὔσης
934 1935 1007 1989 τῆς
1029 1932 1126 1990 ὅλης
1155 1942 1352 2000 περιοχῆς

107 1989 182 2033 καὶ
200 1993 282 2043 τοῖς
302 1991 441 2045 ἄλλοις
461 1996 760 2057 παραπλησίας
793 2001 930 2061 φυτοῖς
943 2019 953 2029 ·
984 2000 1033 2047 ἂν
1059 2003 1104 2049 δέ
1120 2024 1180 2057 τις
1199 2007 1351 2053 ἀποκό-

111 2061 190 2120 ψας
224 2063 279 2112 εἰς
312 2062 382 2108 τὸν
409 2062 606 2128 ὕπαιθρον
640 2067 828 2132 ἀναφήνῃ
851 2068 994 2131 τόπον,
1020 2074 1186 2136 σιδήρου
1211 2095 1347 2140 παρα-

109 2132 255 2190 χρῆμα
277 2130 432 2190 γίνεται
451 2133 496 2179 τὸ
516 2136 761 2197 διῃρημένον
780 2139 1067 2203 σκληρότερον.

175 2213 251 2246 109.
278 2197 379 2246 “Ort
403 2201 474 2245 καὶ
499 2202 616 2248 ἄλλοι
637 2204 711 2263 μὲν
729 2207 897 2263 πολλοὶ,
921 2210 1064 2272 φησίν,
1091 2213 1228 2273 ἰχθύες
1253 2216 1347 2276 περὶ

42 2275 89 2306 -30
114 2266 205 2319 τοὺς
227 2269 545 2330 προειρημένους
568 2272 775 2319 τίκτονται
796 2275 972 2334 τόπους,
993 2283 1345 2342 παρηλλαγμένην

109 2335 269 2395 ἔχοντες
296 2336 372 2393 τὴν
393 2338 530 2401 φύσιν,
555 2340 710 2402 γίνεται
735 2342 778 2388 δέ
798 2362 858 2396 τις
873 2346 987 2407 ἰχθὺς
1007 2348 1346 2410 ὗπερὸαλλόντως

107 2405 263 2462 μέλας,
293 2407 435 2469 ἀνδρὸς
469 2407 576 2470 ἔχων
609 2410 798 2472 μέγεθος,
838 2415 881 2458 ὃν
914 2418 1110 2462 καλοῦσιν
1147 2419 1341 2480 αἰθίοπαῆ

107 2471 174 2517 διὰ
197 2473 242 2518 τὸ
258 2475 328 2519 καὶ
342 2480 413 2521 τοῦ
432 2477 653 2540 προσώπου
672 2481 790 2540 σιμὸν
811 2481 919 2544 ἔχειν
940 2484 1010 2530 τὸν
1023 2486 1166 2536 τύπον.
1234 2493 1344 2536 Τοῦ-

106 2560 174 2587 τον
202 2543 294 2588 κατ’
316 2544 448 2607 ἀρχὰς
468 2545 541 2606 μὲν
564 2550 601 2593 οἱ
631 2549 900 2611 θηρεύσαντες
925 2553 991 2598 διὰ
1017 2554 1091 2611 τὴν
1121 2556 1342 2616 ὁμοιότητα

42 2619 81 2650 35
106 2609 199 2655 οὔτε
217 2614 371 2657 πωλεῖν
393 2613 532 2669 ἠξίουν
555 2615 646 2662 οὔτε
683 2619 1012 2676 καταναλίσκειν,
1034 2627 1102 2668 τοῦ
1128 2623 1169 2668 δὲ
1195 2626 1341 2687 χρόνου

103 2679 314 2740 προϊόντος
335 2683 547 2747 ἀμφότερα
567 2686 814 2747 πράττοντες
829 2689 942 2734 οὐδὲν
965 2692 1260 2754 ἁμαρτάνουσι.

1083 173 1164 218 DE
1196 175 1352 223 MARI
1385 180 1754 232 ERYTHRAEO.

2589 223 2672 262 193

1506 306 1599 347 107.
1614 296 1724 336 Hinc
1738 305 1956 353 postquam
1971 302 2100 342 varias
2110 306 2440 359 reciprocationis
2458 330 2594 360 causas
2606 337 2673 364 au·

1445 366 1535 399 ctor
1544 366 1792 416 percensuit,
1806 380 2046 422 omnesque,
2060 380 2107 411 ut
2117 385 2208 425 quae
2218 375 2321 416 nihil
2333 381 2417 419 veri
2426 386 2672 439 contineant,

1445 425 1696 480 improbatas
1719 431 1874 486 rejecit,
1899 434 2092 492 deinceps
2117 439 2243 481 infert
2268 455 2277 482 :
2308 446 2433 496 Quod
2451 449 2537 490 haec
2559 459 2675 510 nugis

1443 503 1646 547 constent,
1666 507 1705 539 et
1733 515 1756 540 a
1771 502 1928 543 nullius·
1943 505 2004 544 rei
2029 506 2214 557 veritate,
2236 523 2327 563 quae
2346 516 2522 557 recitatis
2541 524 2674 574 opitu·

1443 559 1563 612 letur,
1582 565 1663 605 sint
1682 565 1913 623 desumpta,
1935 572 2100 624 cognitu
2119 573 2234 615 facile
2251 587 2326 619 est.
2387 582 2495 624 Tum
2510 589 2675 639 quibus-

1443 625 1539 668 dam
1567 629 1655 671 aliis
1678 633 1721 673 in
1744 649 1834 675 eam
1853 640 2097 680 sententiam
2113 641 2293 696 adjectiS‚
2325 647 2475 691 iterum
2498 653 2636 696 subdit
2662 674 2670 698 :

1441 695 1542 738 Ideo
1574 698 1626 739 de
1654 714 1826 744 recursu
1859 707 1984 746 maris
2016 716 2216 765 terraeque
2251 724 2368 756 motu
2389 732 2436 759 ac
2468 725 2597 764 ventis
2635 737 2674 767 et

1442 765 1684 810 fulminibus
1701 779 1743 812 et
1772 772 1816 813 id
1835 787 1962 828 genus
1984 778 2185 820 universis
2204 781 2520 838 disputationem
2533 824 2544 842 ,
2581 797 2671 849 qui-

1440 833 1517 874 bus
1535 835 1725 880 videlicet
1742 842 1874 882 causis
1893 844 2104 896 exsistant,
2125 851 2387 895 concedimus
2406 857 2507 909 aliis,
2530 863 2599 915 qui
2619 864 2670 904 ad

1439 903 1743 958 expediendum
1775 909 1850 951 ista
1868 925 1994 965 quam
2022 928 2098 955 nos
2119 926 2215 958 sunt
2245 924 2481 974 paratiores.
2540 932 2595 970 At
2613 932 2669 972 af-

1438 971 1633 1015 fectiones
1670 977 1821 1032 quibus
1854 979 2080 1022 manifestae
2116 985 2360 1031 calamitates
2406 1007 2666 1049 generentur,

1436 1043 1718 1096 exposuimus,
1742 1060 1766 1086 a
1786 1048 1924 1100 gnaris
1956 1059 2154 1107 aqceptas.
2214 1056 2510 1103 Verisimiliora
2532 1074 2669 1108 autem

1435 1109 1546 1152 hisce
1565 1113 1750 1156 invenire
1763 1147 1777 1167 ,
1793 1116 1847 1157 ad
1862 1129 2151 1172 argumentum
2167 1125 2333 1179 quidem
2355 1130 2531 1173 insolens
2549 1138 2668 1178 enixe

1433 1182 1638 1235 cupimus,
1660 1185 1733 1226 sed
1757 1186 1811 1227 ad
1826 1202 1931 1229 verae
1945 1190 2241 1244 professionem
2257 1196 2435 1241 historiae
2453 1203 2530 1243 tale
2549 1207 2668 1259 quid-

1433 1247 1530 1289 dam
1552 1265 1575 1290 a
1589 1252 1709 1293 nobis
1737 1254 1900 1296 admitti
1920 1272 2004 1298 non
2023 1269 2172 1314 potest.

1489 1329 1582 1368 108.
1622 1331 1673 1369 In
1703 1329 1808 1372 freto
1827 1324 1952 1389 supra
1974 1347 2204 1380 memorato
2235 1342 2343 1384 circa
2361 1344 2483 1387 olivas
2515 1349 2666 1392 mirum

1429 1393 1508 1434 hoc
1539 1396 1725 1439 accidere
1746 1400 1886 1442 tradit.
1945 1404 2063 1445 AEstu
2091 1409 2216 1448 maris
2247 1411 2497 1465 exundante,
2523 1431 2665 1460 omnes

1428 1473 1688 1536 operiuntur,
1708 1478 1893 1533 marique
1911 1481 2043 1522 undas
2058 1485 2310 1538 resorbente,
2336 1492 2450 1530 omni
2481 1501 2665 1549 tempore

1427 1547 1589 1590 florent.
1649 1552 1841 1594 Nascitur
1870 1556 1938 1596 hic
1953 1558 2166 1613 quippiam
2189 1562 2231 1602 in
2247 1563 2458 1618 profundo
2483 1563 2557 1623 per
2575 1586 2664 1612 sco-

1425 1624 1566 1678 puJOS,
1585 1625 1715 1680 juneo
1738 1631 1857 1684 nigro
1888 1647 1974 1673 non
2002 1634 2219 1688 dissimile,
2252 1640 2366 1694 quod
2393 1643 2513 1685 Isidis
2542 1649 2664 1702 capil-

1424 1700 1511 1741 lum
1544 1713 1693 1745 vocant
1729 1707 1897 1759 incolae,
1938 1709 2124 1753 fabuloso
2165 1725 2401 1758 commento
2436 1721 2663 1776 simplicem

1423 1778 1635 1822 adstruere
1664 1782 1790 1823 fidem
1823 1787 1973 1827 conati.
2034 1789 2197 1831 Accidit
2226 1806 2325 1834 vero
2359 1803 2407 1835 ut
2438 1796 2662 1852 impulsum

1422 1869 1446 1895 a
1467 1856 1598 1898 fluctu
1619 1860 1741 1900 variis
1763 1861 1939 1915 agitetur
1960 1864 2134 1907 flexibus
2147 1897 2158 1917 ,
2185 1881 2316 1923 quum
2348 1879 2436 1913 tota
2457 1872 2543 1927 ejus
2566 1877 2683 1917 suh-³

1421 1934 1570 1974 stantia
1588 1936 1641 1976 sit
1663 1937 1818 1988 mollis,
1840 1941 2067 1996 ceterisque
2089 1943 2134 1983 in
2150 1944 2232 1985 hoc
2249 1958 2396 1999 genere
2410 1949 2559 2003 plantis
2577 1967 2659 1994 res-

1419 2005 1614 2058 pondeat.
1676 2011 1732 2051 At
1750 2011 1784 2050 si
1796 2013 1898 2065 quis
1917 2014 2104 2055 avulsum
2123 2017 2167 2057 in
2181 2017 2316 2059 lucem
2333 2019 2476 2062 efferat
2495 2024 2656 2065 subdia-

1418 2075 1519 2127 lem,
1545 2093 1638 2133 pars
1670 2082 1736 2123 illa
1769 2084 1901 2126 ablata
1923 2088 2122 2129 continuo
2150 2090 2353 2144 rigescens
2381 2093 2526 2136 durior
2547 2096 2657 2138 ferro

1418 2149 1567 2191 evadit.

1478 2234 1570 2274 109.
1592 2225 1640 2263 In
1663 2224 1776 2276 locis,
1800 2242 1890 2281 quae
1916 2233 2124 2283 recensui,
2146 2248 2276 2288 quum
2295 2237 2362 2278 alii
2381 2239 2499 2279 multi
2523 2243 2653 2282 vario·

1417 2300 1496 2340 que
1522 2298 1678 2332 naturae
1695 2292 1933 2337 discrimine
1950 2299 2079 2351 pisces
2098 2312 2338 2354 nascuntur,
2370 2313 2458 2346 tum
2480 2308 2649 2361 quidam

1416 2356 1590 2398 offertur
1615 2360 1836 2403 immodice
1867 2366 1997 2418 niger,
2021 2367 2073 2407 ad
2098 2372 2425 2422 magnitudinem
2450 2377 2549 2426 viri,
2583 2380 2649 2418 cui

1413 2425 1615 2481 AEthiopis
1637 2442 1790 2482 nomen
1815 2432 2057 2486 imponunt,
2079 2437 2193 2490 quod
2222 2440 2343 2480 etiam
2376 2443 2521 2484 siniam
2544 2446 2646 2486 ima·
2668 2472 2671 2474 -

1415 2494 1509 2547 gine
1543 2510 1616 2536 sua
1651 2497 1795 2540 faciem
1824 2501 2022 2544 imitatur.
2095 2507 2219 2548 Hunc
2247 2510 2467 2563 piscatores
2500 2515 2644 2564 initio,

1412 2570 1583 2617 propter
1601 2565 1912 2609 similitudinem
1945 2571 2086 2623 istam,
2112 2588 2188 2614 nec
2220 2576 2484 2619 vendendum
2502 2595 2578 2621 nec
2604 2583 2647 2622 in

1412 2630 1506 2670 cibo
1526 2632 1826 2676 absumendum
1838 2636 2095 2691 judicabant,
2114 2642 2185 2682 sed
2214 2647 2410 2699 temporis
2427 2660 2646 2701 progressu

1386 2740 1388 2742 ,
1410 2706 1635 2755 utrumque
1661 2702 1904 2757 factitantes,
1929 2708 2033 2749 nihil
2053 2720 2239 2764 peccant.

627 2783 2137 2812 Ἣ

0 2811 167 2857 )ἰο(1-τὸν
191 2814 331 2877 καιρὸν
367 2816 533 2873 ἥδιστον
564 2822 647 2872 τοῖς
684 2822 896 2884 ἐγχωρίοις
929 2824 1170 2888 φαίνεσθαι,
1192 2846 1336 2874 ταπει-

99 2883 293 2942 νουμένου
319 2890 390 2932 τοῦ
412 2886 624 2947 καύματος
647 2889 714 2934 διὰ
743 2891 817 2947 τὴν
843 2891 955 2938 δύσιν
974 2898 1044 2939 τοῦ
1072 2895 1207 2951 ἡλίου.

163 2967 237 2998 106.
272 2956 368 3000 Τῶν
386 2954 420 2999 δ’
444 2956 606 3017 ἀνέμων
625 2958 788 3022 ζέφυροι
809 2960 882 3021 μὲν
900 2962 971 3015 καὶ
993 2963 1104 3016 λίὸες
1125 2964 1184 3010 ἔτι
1205 2968 1241 3012 δ’
1262 2969 1334 3030 ἀρ-

37 3040 78 3070 40
99 3018 241 3079 γέσται
277 3022 347 3068 καὶ
386 3018 497 3087 εὖροι
537 3026 706 3073 πνέουσι
746 3030 934 3094 καθάπερ
980 3034 1051 3079 καὶ
1094 3035 1210 3097 παρὰ
1249 3038 1333 3090 τοῖς

101 3087 259 3141 ἄλλοις·
294 3092 400 3138 νότοι
431 3093 474 3139 δὲ
511 3096 619 3141 κατὰ
652 3097 726 3157 μὲν
760 3100 976 3148 Αἰθιοπίαν
1011 3102 1103 3149 οὔτε
1140 3105 1330 3151 πνέουσιν

100 3155 189 3201 οὔτε
208 3161 475 3223 γνωρίζονται
502 3164 548 3209 τὸ
570 3166 753 3225 σύνολον,
781 3170 889 3216 κατὰ
911 3171 953 3216 δὲ
975 3172 1049 3228 τὴν
1079 3177 1332 3235 Τρωγλοδυ-

99 3223 212 3279 τικὴν
230 3229 300 3273 καὶ
319 3230 392 3286 τὴν
410 3232 603 3294 Ἀραὸίαν
618 3238 759 3299 θερμοὶ
777 3239 956 3300 γίνονται
972 3242 1064 3287 καθ’
1082 3244 1330 3307 ὖπερῧολὴν,

99 3293 205 3339 ὥστε
230 3297 301 3342 καὶ
325 3298 397 3352 τὰς
426 3300 526 3355 ὕλας
551 3306 749 3369 ἐκπυροῦν
773 3309 843 3354 καὶ
874 3313 954 3356 τῶν
989 3314 1328 3375 καταφευγόντων

35 3379 76 3408 45
99 3363 153 3412 εἷς
183 3363 253 3416 τὰς
286 3369 326 3412 ἐν
358 3372 446 3422 ταῖς
476 3373 820 3430 καλύὸαις·σκιὰς
849 3380 1005 3426 ἐκλύειν
1041 3383 1092 3427 τὰ
1134 3382 1326 3444 σώματα.

98 3429 147 3477 Ὁ
172 3431 213 3477 δὲ
236 3437 377 3496 βορέας
400 3440 564 3494 δικαίως
587 3442 634 3489 ἂν
656 3444 817 3507 ἄριστος
839 3449 1064 3508 νομίζοιτο,
1091 3452 1327 3514 διικνούμε-

96 3518 159 3551 νος
196 3503 254 3553 εἷς
286 3503 449 3552 ἅπαντα
482 3510 604 3556 τόπον
639 3516 712 3568 τῆς
742 3517 981 3576 οἰκουμένης
1020 3520 1090 3566 καὶ
1122 3522 1325 3582 διαμένων

96 3570 265 3631 ψυχρός-

1409 2842 1597 2882 omnium
1618 2852 1678 2883 est
1690 2843 2055 2900 jucundissimum,
2083 2850 2299 2893 deminuto
2318 2853 2404 2907 jam
2433 2869 2508 2910 per
2526 2871 2641 2898 occa·

1407 2924 1498 2951 sum
1519 2912 1612 2952 solis
1635 2922 1750 2955 aestu.

1465 2984 1556 3020 106.
1589 2982 1653 3021 Ex
1685 2984 1816 3023 ventis
1836 2985 2006 3027 Favonii
2031 2982 2074 3028 'et
2092 2988 2220 3030 Africi
2239 3004 2315 3031 nec
2344 3007 2429 3032 non
2463 2995 2642 3047 Argestae

1406 3056 1446 3088 et
1471 3049 1599 3099 Euri,
1631 3058 1678 3090 ut
1712 3051 1807 3092 alibi
1829 3061 2060 3106 terrarum,
2089 3058 2270 3111 spirant3
2297 3059 2368 3099 sed
2403 3063 2543 3101 Austri
2565 3077 2640 3116 per

1404 3117 1656 3171 AEthiopiam
1676 3133 1809 3173 neque
1831 3121 1930 3162 flant
1949 3138 2084 3178 neque
2105 3126 2147 3164 in
2171 3126 2293 3166 ullam
2328 3141 2474 3168 venere
2497 3131 2637 3181 cogni-

1404 3185 1575 3226 tionem.
1636 3187 1687 3226 In
1707 3187 1997 3244 Troglodytica
2028 3200 2164 3232 tamen
2190 3202 2230 3233 et
2254 3194 2405 3235 Arabia
2434 3194 2635 3237 servorem

1402 3268 1526 3308 supra
1548 3252 1720 3294 modum
1753 3256 2000 3308 intendunt,
2027 3260 2083 3299 ita
2104 3268 2151 3300 ut
2178 3261 2293 3301 silvas
2313 3276 2477 3318 quoque
2496 3265 2634 3306 ineen-

1401 3322 1522 3374 dant,
1555 3334 1594 3365 et
1621 3328 1807 3380 quamvis
1840 3327 1917 3367 sub
1946 3329 2203 3381 tuguriorum
2223 3331 2415 3373 umbram
2446 3334 2634 3376 homines

1401 3394 1618 3448 refugiant,
1646 3404 1733 3436 toto
1751 3404 1888 3436 tamen
1908 3412 2080 3453 corpore
2098 3399 2373 3454 languescant.
2434 3403 2534 3444 Ideo
2556 3405 2630 3445 bo-

1399 3477 1486 3503 reas
1519 3464 1666 3504 merito
1688 3472 1906 3505 ventorum
1936 3467 2116 3520 optimus
2142 3467 2368 3522 judicetur,
2404 3473 2475 3527 qui
2499 3481 2631 3513 totum

1397 3530 1623 3585 pervadens
1655 3531 1797 3572 orbem
1830 3541 2071 3588 perpetuam
2109 3536 2378 3590 refrigerandi
2411 3540 2496 3580 vim
2531 3555 2629 3581 con-

1397 3608 1542 3640 servat.

103 3684 2613 3725 Ἂ-Ἃῇ

148 3746 171 3796 §
190 3748 283 3795 108,
305 3746 334 3788 l.
355 3750 420 3790 18.
453 3749 750 3811 ἀμπότεως]
782 3756 998 3808 ἀναπότεως
1018 3763 1076 3813 Β;
1102 3763 1328 3819 ἀμαπότεως

85 3806 139 3845 C.
164 3807 178 3859 ΙΙ
198 3831 254 3838 —
270 3812 505 3866 γινομένη
520 3816 564 3870 ς]
588 3820 796 3873 γενομένης
814 3823 861 3862 C.
891 3823 907 3876 ss
925 3847 983 3854 —
1006 3838 1071 3878 19.
1091 3827 1260 3885 θαλάττῃ
1274 3832 1321 3870 Β.

90 3869 153 3908 De
168 3869 283 3910 olivis
302 3872 387 3912 istis
400 3873 486 3928 jam
505 3877 680 3920 vidimus
699 3895 835 3936 supra.
857 3885 920 3925 Cf.
937 3886 1042 3927 Plin.
1064 3889 1253 3940 X111‚·41
1266 3923 1275 3932 .
1303 3893 1318 3946 Η

87 3944 228 3972 —21.
245 3934 482 3992 μελαίνῃ]
505 3939 698 3994 μέλανιΟ.
717 3945 778 3984 De
796 3959 840 3985 re
856 3946 908 3986 cs.
928 3947 1082 3989 Plinius
1101 3952 1218 4003 XIII,
1237 3957 1319 4002 42:

91 3993 204 4034 Juba
239 3995 374 4037 tradit
396 4000 507 4041 circa
536 4004 871 4060 T1·ogl0cl)·ta1·um
893 4008 1050 4052 insulas
1057 4012 1257 4065 fiuet'cem
1281 4016 1322 4057 in

267 4077 390 4107 efiocn
425 4075 457 4108 1.

1397 3767 1482 3807 alto
1499 3766 1641 3806 vocari
1656 3766 1789 3807 Isidis
1807 3767 1971 3818 crinem,
1987 3770 2155 3811 corallio
2172 3770 2360 3819 similem,
2375 3773 2462 3813 sine
2471 3773 2597 3825 soliis
2611 3792 2626 3822 ‚-

1390 3829 1611 3885 praecisum
1634 3840 1793 3870 mutato
1827 3832 1954 3872 colore
1978 3833 2020 3873 in
2048 3833 2210 3886 nigrum
2237 3834 2439 3875 durescere
2453 3853 2468 3882 ;
2501 3851 2623 3891 quum

1395 3891 1532 3938 cadat,
1543 3891 1707 3944 finngi.

1450 3957 1472 4007 5
1503 3959 1598 4004 109,
1620 3954 1648 3995 l.
1668 3956 1735 3995 33.
1773 3958 1988 4011 τοῦτον]
2023 3960 2136 3997 τοῦτο
2160 3959 2207 3999 C.
2230 3960 2292 3998 De
2310 3958 2497 4013 AEthiope
2514 3961 2625 4014 pisce

1394 4019 1531 4059 nescio
1554 4033 1605 4059 an
1623 4018 1788 4060 aliunde
1811 4028 1982 4060 constet.

2405 4097 2444 4128 13
