<?xml version="1.0" encoding="UTF-8"?>
<!DOCTYPE html PUBLIC "-//W3C//DTD XHTML 1.0 Transitional//EN"
    "http://www.w3.org/TR/xhtml1/DTD/xhtml1-transitional.dtd">
<html xmlns="http://www.w3.org/1999/xhtml" xml:lang="en" lang="en">
 <head>
  <title>
</title>
<meta http-equiv="Content-Type" content="text/html;charset=utf-8" />
  <meta name='ocr-system' content='tesseract 3.04.00' />
  <meta name='ocr-capabilities' content='ocr_page ocr_carea ocr_par ocr_line ocrx_word'/>
</head>
<body>
  <div class='ocr_page' id='page_1' title='image "./geographigraeci00mueluoft_0350.png"; bbox 0 0 2808 4342; ppageno 0'>
   <div class='ocr_carea' id='block_1_1' title="bbox 193 93 794 231">
    <p class='ocr_par' dir='ltr' id='par_1_1' title="bbox 193 93 794 231">
     <span class='ocr_line' id='line_1_1' title="bbox 747 93 794 138; baseline 0 0"><span class='ocrx_word' id='word_1_1' title='bbox 747 93 794 138; x_wconf 67' lang='grc' dir='ltr'>Ο</span> 
     </span>
     <span class='ocr_line' id='line_1_2' title="bbox 193 191 279 231; baseline -0.012 0"><span class='ocrx_word' id='word_1_2' title='bbox 193 191 279 231; x_wconf 74' lang='grc'><strong>192</strong></span> 
     </span>
    </p>
   </div>
   <div class='ocr_carea' id='block_1_2' title="bbox 60 268 1429 2063">
    <p class='ocr_par' dir='ltr' id='par_1_2' title="bbox 60 268 1423 554">
     <span class='ocr_line' id='line_1_3' title="bbox 60 268 1423 339; baseline -0.018 -1"><span class='ocrx_word' id='word_1_3' title='bbox 60 286 174 326; x_wconf 56' lang='lat' dir='ltr'>Phot-</span> <span class='ocrx_word' id='word_1_4' title='bbox 253 301 330 333; x_wconf 71' lang='grc' dir='ltr'>ιω.</span> <span class='ocrx_word' id='word_1_5' title='bbox 352 287 441 332; x_wconf 68' lang='grc' dir='ltr'><strong>Τοῦ</strong></span> <span class='ocrx_word' id='word_1_6' title='bbox 459 282 503 330; x_wconf 73' lang='grc' dir='ltr'><strong>δὲ</strong></span> <span class='ocrx_word' id='word_1_7' title='bbox 521 283 640 339; x_wconf 72' lang='grc' dir='ltr'>ἡλιου</span> <span class='ocrx_word' id='word_1_8' title='bbox 655 278 731 334; x_wconf 73' lang='grc' dir='ltr'><strong>τὴν</strong></span> <span class='ocrx_word' id='word_1_9' title='bbox 750 276 922 338; x_wconf 71' lang='grc' dir='ltr'>ἔκφασιν</span> <span class='ocrx_word' id='word_1_10' title='bbox 939 274 981 317; x_wconf 75' lang='grc' dir='ltr'><strong>έν</strong></span> <span class='ocrx_word' id='word_1_11' title='bbox 1002 277 1085 322; x_wconf 87' lang='grc' dir='ltr'>τοῖς</span> <span class='ocrx_word' id='word_1_12' title='bbox 1106 268 1296 315; x_wconf 72' lang='grc' dir='ltr'><strong>ἐπέκεινα</strong></span> <span class='ocrx_word' id='word_1_13' title='bbox 1317 269 1423 322; x_wconf 81' lang='grc' dir='ltr'>Πτο-</span> 
     </span>
     <span class='ocr_line' id='line_1_4' title="bbox 186 338 1423 414; baseline -0.015 -14"><span class='ocrx_word' id='word_1_14' title='bbox 186 349 381 414; x_wconf 71' lang='grc' dir='ltr'>λεμαίδος</span> <span class='ocrx_word' id='word_1_15' title='bbox 404 351 512 398; x_wconf 75' lang='grc' dir='ltr'>ἰδίαν</span> <span class='ocrx_word' id='word_1_16' title='bbox 531 349 698 409; x_wconf 80' lang='grc' dir='ltr'>λέγουσι</span> <span class='ocrx_word' id='word_1_17' title='bbox 720 344 791 391; x_wconf 82' lang='grc' dir='ltr'><strong>καὶ</strong></span> <span class='ocrx_word' id='word_1_18' title='bbox 808 338 1181 404; x_wconf 66' lang='grc' dir='ltr'><strong>παρηλλαγμένην.</strong></span> <span class='ocrx_word' id='word_1_19' title='bbox 1249 338 1423 399; x_wconf 78' lang='grc' dir='ltr'>Πρῶτον</span> 
     </span>
     <span class='ocr_line' id='line_1_5' title="bbox 187 405 1423 484; baseline -0.016 -14"><span class='ocrx_word' id='word_1_20' title='bbox 187 423 263 484; x_wconf 66' lang='grc' dir='ltr'><strong>μὲν</strong></span> <span class='ocrx_word' id='word_1_21' title='bbox 279 423 359 484; x_wconf 75' lang='grc' dir='ltr'><strong>γὰρ</strong></span> <span class='ocrx_word' id='word_1_22' title='bbox 378 423 425 468; x_wconf 84' lang='grc' dir='ltr'><strong>οὗ</strong></span> <span class='ocrx_word' id='word_1_23' title='bbox 445 418 631 479; x_wconf 88' lang='grc' dir='ltr'>καθάπερ</span> <span class='ocrx_word' id='word_1_24' title='bbox 652 417 752 475; x_wconf 89' lang='grc' dir='ltr'>παρ’</span> <span class='ocrx_word' id='word_1_25' title='bbox 767 414 867 471; x_wconf 75' lang='grc' dir='ltr'>ἡμῖν</span> <span class='ocrx_word' id='word_1_26' title='bbox 891 411 973 468; x_wconf 77' lang='grc' dir='ltr'>φῶς</span> <span class='ocrx_word' id='word_1_27' title='bbox 993 406 1159 462; x_wconf 68' lang='grc' dir='ltr'>ἀνήλιον</span> <span class='ocrx_word' id='word_1_28' title='bbox 1177 405 1300 453; x_wconf 62' lang='grc' dir='ltr'>ἕωθεν</span> <span class='ocrx_word' id='word_1_29' title='bbox 1322 407 1423 467; x_wconf 81' lang='grc' dir='ltr'>ὁρῶ·</span> 
     </span>
     <span class='ocr_line' id='line_1_6' title="bbox 188 470 1423 554; baseline -0.015 -16"><span class='ocrx_word' id='word_1_30' title='bbox 188 510 264 554; x_wconf 88' lang='grc' dir='ltr'><strong>μεν</strong></span> <span class='ocrx_word' id='word_1_31' title='bbox 292 490 361 537; x_wconf 66' lang='grc' dir='ltr'>ἐπὶ</span> <span class='ocrx_word' id='word_1_32' title='bbox 385 488 531 553; x_wconf 82' lang='grc' dir='ltr'>χρόνον</span> <span class='ocrx_word' id='word_1_33' title='bbox 553 488 627 533; x_wconf 80' lang='grc' dir='ltr'><strong>οὔκ</strong></span> <span class='ocrx_word' id='word_1_34' title='bbox 655 480 810 541; x_wconf 78' lang='grc' dir='ltr'>ὀλίγον,</span> <span class='ocrx_word' id='word_1_35' title='bbox 834 470 924 523; x_wconf 76' lang='grc' dir='ltr'>εἶτα</span> <span class='ocrx_word' id='word_1_36' title='bbox 944 474 1022 533; x_wconf 75' lang='grc' dir='ltr'><strong>τὴν</strong></span> <span class='ocrx_word' id='word_1_37' title='bbox 1046 473 1253 532; x_wconf 78' lang='grc' dir='ltr'>ἀνατολήν</span> <span class='ocrx_word' id='word_1_38' title='bbox 1267 488 1280 501; x_wconf 92' lang='grc'><em>·</em></span> <span class='ocrx_word' id='word_1_39' title='bbox 1313 471 1423 520; x_wconf 79' lang='grc' dir='ltr'>ἀλλὰ</span> 
     </span>
    </p>

    <p class='ocr_par' dir='ltr' id='par_1_3' title="bbox 147 542 1425 897">
     <span class='ocr_line' id='line_1_7' title="bbox 147 542 1424 612; baseline -0.01 -11"><span class='ocrx_word' id='word_1_40' title='bbox 147 577 169 607; x_wconf 68' lang='lat'><strong>⁶</strong></span> <span class='ocrx_word' id='word_1_41' title='bbox 186 558 329 612; x_wconf 65' lang='grc' dir='ltr'>νυκτὸς</span> <span class='ocrx_word' id='word_1_42' title='bbox 378 555 543 607; x_wconf 70' lang='grc' dir='ltr'>σκοτίας</span> <span class='ocrx_word' id='word_1_43' title='bbox 591 547 882 612; x_wconf 75' lang='grc' dir='ltr'>ὑπαρχούσης,</span> <span class='ocrx_word' id='word_1_44' title='bbox 942 542 1134 608; x_wconf 74' lang='grc' dir='ltr'>ἐξαίφνης</span> <span class='ocrx_word' id='word_1_45' title='bbox 1186 542 1424 606; x_wconf 75' lang='grc' dir='ltr'>ἀνέλαμψεν</span> 
     </span>
     <span class='ocr_line' id='line_1_8' title="bbox 186 610 1423 688; baseline -0.014 -15"><span class='ocrx_word' id='word_1_46' title='bbox 186 628 328 688; x_wconf 75' lang='grc' dir='ltr'>ἥλιος,</span> <span class='ocrx_word' id='word_1_47' title='bbox 372 624 510 687; x_wconf 74' lang='grc' dir='ltr'>ἡμέρα</span> <span class='ocrx_word' id='word_1_48' title='bbox 545 622 591 675; x_wconf 70' lang='grc' dir='ltr'><strong>δὲ</strong></span> <span class='ocrx_word' id='word_1_49' title='bbox 617 616 811 664; x_wconf 81' lang='grc' dir='ltr'>οὐδέποτε</span> <span class='ocrx_word' id='word_1_50' title='bbox 842 613 1000 675; x_wconf 84' lang='grc' dir='ltr'>γίνεται</span> <span class='ocrx_word' id='word_1_51' title='bbox 1044 615 1178 660; x_wconf 75' lang='grc' dir='ltr'>ἐκεῖσε</span> <span class='ocrx_word' id='word_1_52' title='bbox 1222 611 1321 676; x_wconf 70' lang='grc' dir='ltr'>πρὶν</span> <span class='ocrx_word' id='word_1_53' title='bbox 1353 610 1423 658; x_wconf 79' lang='grc' dir='ltr'><strong>τὸν</strong></span> 
     </span>
     <span class='ocr_line' id='line_1_9' title="bbox 186 671 1423 754; baseline -0.014 -11"><span class='ocrx_word' id='word_1_54' title='bbox 186 698 302 754; x_wconf 72' lang='grc' dir='ltr'>ἥλιον</span> <span class='ocrx_word' id='word_1_55' title='bbox 327 671 442 741; x_wconf 68' lang='grc' dir='ltr'>ἰδεῖν.</span> <span class='ocrx_word' id='word_1_56' title='bbox 511 689 710 750; x_wconf 82' lang='grc' dir='ltr'>Δεύτερον</span> <span class='ocrx_word' id='word_1_57' title='bbox 730 688 752 732; x_wconf 83' lang='grc' dir='ltr'>ὁ</span> <span class='ocrx_word' id='word_1_58' title='bbox 773 683 888 740; x_wconf 83' lang='grc' dir='ltr'>ἥλιος</span> <span class='ocrx_word' id='word_1_59' title='bbox 906 681 1211 747; x_wconf 76' lang='grc' dir='ltr'>ἀναφερόμενος</span> <span class='ocrx_word' id='word_1_60' title='bbox 1233 680 1423 746; x_wconf 89' lang='grc' dir='ltr'>φαίνεται</span> 
     </span>
     <span class='ocr_line' id='line_1_10' title="bbox 186 751 1425 824; baseline -0.013 -12"><span class='ocrx_word' id='word_1_61' title='bbox 186 768 234 813; x_wconf 73' lang='grc' dir='ltr'><strong>ἐκ</strong></span> <span class='ocrx_word' id='word_1_62' title='bbox 271 763 398 824; x_wconf 82' lang='grc' dir='ltr'>μέσου</span> <span class='ocrx_word' id='word_1_63' title='bbox 437 764 510 806; x_wconf 80' lang='grc' dir='ltr'><strong>τοῦ</strong></span> <span class='ocrx_word' id='word_1_64' title='bbox 548 756 769 817; x_wconf 74' lang='grc' dir='ltr'>πελάγους.</span> <span class='ocrx_word' id='word_1_65' title='bbox 838 754 853 815; x_wconf 95' lang='grc'>(</span> <span class='ocrx_word' id='word_1_66' title='bbox 873 752 1052 817; x_wconf 79' lang='grc' dir='ltr'>Τρίτον)</span> <span class='ocrx_word' id='word_1_67' title='bbox 1084 757 1194 799; x_wconf 87' lang='grc' dir='ltr'>ποιεῖ</span> <span class='ocrx_word' id='word_1_68' title='bbox 1223 751 1267 797; x_wconf 73' lang='grc' dir='ltr'><strong>δὲ</strong></span> <span class='ocrx_word' id='word_1_69' title='bbox 1304 754 1425 797; x_wconf 80' lang='grc' dir='ltr'>τοῦτο</span> 
     </span>
     <span class='ocr_line' id='line_1_11' title="bbox 188 821 1424 897; baseline -0.012 -16"><span class='ocrx_word' id='word_1_70' title='bbox 188 835 359 897; x_wconf 80' lang='grc' dir='ltr'>ἄνθρακι</span> <span class='ocrx_word' id='word_1_71' title='bbox 376 829 451 892; x_wconf 69' lang='grc' dir='ltr'><strong>μὲν</strong></span> <span class='ocrx_word' id='word_1_72' title='bbox 472 827 528 876; x_wconf 76' lang='grc' dir='ltr'><strong>ὢν</strong></span> <span class='ocrx_word' id='word_1_73' title='bbox 545 831 627 874; x_wconf 84' lang='grc' dir='ltr'><strong>τῶν</strong></span> <span class='ocrx_word' id='word_1_74' title='bbox 648 822 979 889; x_wconf 84' lang='grc' dir='ltr'>πυρωδεστάτων</span> <span class='ocrx_word' id='word_1_75' title='bbox 994 821 1243 886; x_wconf 79' lang='grc' dir='ltr'>παρόμοιος,</span> <span class='ocrx_word' id='word_1_76' title='bbox 1258 823 1424 876; x_wconf 83' lang='grc' dir='ltr'>σπινθῆ-</span> 
     </span>
    </p>

    <p class='ocr_par' dir='ltr' id='par_1_4' title="bbox 122 890 1429 2063">
     <span class='ocr_line' id='line_1_12' title="bbox 127 890 1425 969; baseline -0.012 -19"><span class='ocrx_word' id='word_1_77' title='bbox 127 919 167 950; x_wconf 87' lang='lat'><strong>10</strong></span> <span class='ocrx_word' id='word_1_78' title='bbox 188 923 258 969; x_wconf 89' lang='grc' dir='ltr'><strong>ρας</strong></span> <span class='ocrx_word' id='word_1_79' title='bbox 281 901 323 948; x_wconf 78' lang='grc' dir='ltr'><strong>δὲ</strong></span> <span class='ocrx_word' id='word_1_80' title='bbox 343 899 546 962; x_wconf 81' lang='grc' dir='ltr'>μεγάλους</span> <span class='ocrx_word' id='word_1_81' title='bbox 575 895 860 959; x_wconf 77' lang='grc' dir='ltr'>ἀπορρίπτων,</span> <span class='ocrx_word' id='word_1_82' title='bbox 881 891 976 945; x_wconf 74' lang='grc' dir='ltr'>τοὺς</span> <span class='ocrx_word' id='word_1_83' title='bbox 988 890 1084 953; x_wconf 66' lang='grc' dir='ltr'>Ψὲν</span> <span class='ocrx_word' id='word_1_84' title='bbox 1107 893 1163 942; x_wconf 79' lang='grc' dir='ltr'><strong>εἷς</strong></span> <span class='ocrx_word' id='word_1_85' title='bbox 1194 890 1265 937; x_wconf 84' lang='grc' dir='ltr'><strong>τὸν</strong></span> <span class='ocrx_word' id='word_1_86' title='bbox 1284 890 1425 953; x_wconf 87' lang='grc' dir='ltr'>κύκλῳ</span> 
     </span>
     <span class='ocr_line' id='line_1_13' title="bbox 185 959 1427 1033; baseline -0.011 -14"><span class='ocrx_word' id='word_1_87' title='bbox 185 973 308 1019; x_wconf 92' lang='grc' dir='ltr'>τόπον</span> <span class='ocrx_word' id='word_1_88' title='bbox 331 974 402 1016; x_wconf 80' lang='grc' dir='ltr'><strong>τοῦ</strong></span> <span class='ocrx_word' id='word_1_89' title='bbox 426 969 692 1033; x_wconf 81' lang='grc' dir='ltr'>φωτίζοντος,</span> <span class='ocrx_word' id='word_1_90' title='bbox 715 963 808 1016; x_wconf 77' lang='grc' dir='ltr'>τοὺς</span> <span class='ocrx_word' id='word_1_91' title='bbox 837 962 879 1009; x_wconf 85' lang='grc' dir='ltr'><strong>δὲ</strong></span> <span class='ocrx_word' id='word_1_92' title='bbox 905 964 960 1014; x_wconf 82' lang='grc' dir='ltr'><strong>εἷς</strong></span> <span class='ocrx_word' id='word_1_93' title='bbox 978 961 1048 1008; x_wconf 83' lang='grc' dir='ltr'><strong>τὸν</strong></span> <span class='ocrx_word' id='word_1_94' title='bbox 1067 959 1285 1023; x_wconf 87' lang='grc' dir='ltr'>ἀπωτέρω.</span> <span class='ocrx_word' id='word_1_95' title='bbox 1305 963 1318 1021; x_wconf 85' lang='grc'><strong>(</strong></span> <span class='ocrx_word' id='word_1_96' title='bbox 1339 959 1427 1007; x_wconf 87' lang='grc' dir='ltr'><strong>Τέ-</strong></span> 
     </span>
     <span class='ocr_line' id='line_1_14' title="bbox 185 1027 1425 1103; baseline -0.01 -16"><span class='ocrx_word' id='word_1_97' title='bbox 185 1059 332 1103; x_wconf 87' lang='grc' dir='ltr'>ταρτον</span> <span class='ocrx_word' id='word_1_98' title='bbox 366 1043 379 1100; x_wconf 95' lang='grc'><strong>)</strong></span> <span class='ocrx_word' id='word_1_99' title='bbox 422 1037 495 1085; x_wconf 80' lang='grc' dir='ltr'><strong>καὶ</strong></span> <span class='ocrx_word' id='word_1_100' title='bbox 528 1035 575 1082; x_wconf 79' lang='grc' dir='ltr'><strong>τὸ</strong></span> <span class='ocrx_word' id='word_1_101' title='bbox 611 1038 759 1097; x_wconf 75' lang='grc' dir='ltr'>σχῆμα</span> <span class='ocrx_word' id='word_1_102' title='bbox 799 1031 842 1078; x_wconf 83' lang='grc' dir='ltr'><strong>δὲ</strong></span> <span class='ocrx_word' id='word_1_103' title='bbox 877 1033 923 1078; x_wconf 80' lang='grc' dir='ltr'><strong>οὔ</strong></span> <span class='ocrx_word' id='word_1_104' title='bbox 958 1028 1176 1082; x_wconf 86' lang='grc' dir='ltr'>δισκοειδὲς</span> <span class='ocrx_word' id='word_1_105' title='bbox 1213 1028 1323 1092; x_wconf 85' lang='grc' dir='ltr'>ἔχειν</span> <span class='ocrx_word' id='word_1_106' title='bbox 1356 1027 1425 1075; x_wconf 86' lang='grc' dir='ltr'><strong>τὸν</strong></span> 
     </span>
     <span class='ocr_line' id='line_1_15' title="bbox 186 1100 1424 1169; baseline -0.01 -14"><span class='ocrx_word' id='word_1_107' title='bbox 186 1109 300 1165; x_wconf 76' lang='grc' dir='ltr'>ἥλιόν</span> <span class='ocrx_word' id='word_1_108' title='bbox 334 1126 476 1169; x_wconf 79' lang='grc' dir='ltr'>φασιν,</span> <span class='ocrx_word' id='word_1_109' title='bbox 514 1102 623 1150; x_wconf 78' lang='grc' dir='ltr'>ἀλλὰ</span> <span class='ocrx_word' id='word_1_110' title='bbox 653 1103 759 1149; x_wconf 90' lang='grc' dir='ltr'>κίονι</span> <span class='ocrx_word' id='word_1_111' title='bbox 781 1104 913 1165; x_wconf 84' lang='grc' dir='ltr'>παχεῖ</span> <span class='ocrx_word' id='word_1_112' title='bbox 933 1100 987 1147; x_wconf 88' lang='grc' dir='ltr'><strong>τά</strong></span> <span class='ocrx_word' id='word_1_113' title='bbox 1003 1118 1051 1161; x_wconf 88' lang='grc' dir='ltr'><strong>γε</strong></span> <span class='ocrx_word' id='word_1_114' title='bbox 1073 1102 1218 1163; x_wconf 79' lang='grc' dir='ltr'>πρῶτα</span> <span class='ocrx_word' id='word_1_115' title='bbox 1238 1101 1396 1163; x_wconf 77' lang='grc' dir='ltr'>ἐμφερῆ</span> <span class='ocrx_word' id='word_1_116' title='bbox 1410 1133 1424 1158; x_wconf 90' lang='grc'>,</span> 
     </span>
     <span class='ocr_line' id='line_1_16' title="bbox 187 1168 1426 1239; baseline -0.01 -14"><span class='ocrx_word' id='word_1_117' title='bbox 187 1178 331 1239; x_wconf 80' lang='grc' dir='ltr'>μικρὸν</span> <span class='ocrx_word' id='word_1_118' title='bbox 351 1174 665 1239; x_wconf 61' lang='grc' dir='ltr'>ἐμβριθέστερον</span> <span class='ocrx_word' id='word_1_119' title='bbox 692 1171 828 1236; x_wconf 82' lang='grc' dir='ltr'>ἔχοντι</span> <span class='ocrx_word' id='word_1_120' title='bbox 854 1169 928 1228; x_wconf 81' lang='grc' dir='ltr'><strong>τὴν</strong></span> <span class='ocrx_word' id='word_1_121' title='bbox 951 1169 1033 1216; x_wconf 82' lang='grc' dir='ltr'><strong>ἀπὸ</strong></span> <span class='ocrx_word' id='word_1_122' title='bbox 1056 1171 1136 1216; x_wconf 81' lang='grc' dir='ltr'><strong>τῶν</strong></span> <span class='ocrx_word' id='word_1_123' title='bbox 1158 1168 1294 1231; x_wconf 82' lang='grc' dir='ltr'>ἄκρων</span> <span class='ocrx_word' id='word_1_124' title='bbox 1318 1186 1426 1233; x_wconf 90' lang='grc' dir='ltr'>φαν-</span> 
     </span>
     <span class='ocr_line' id='line_1_17' title="bbox 126 1236 1427 1307; baseline -0.011 -10"><span class='ocrx_word' id='word_1_125' title='bbox 126 1267 165 1298; x_wconf 74' lang='lat'><strong>1⁶</strong></span> <span class='ocrx_word' id='word_1_126' title='bbox 186 1248 352 1305; x_wconf 86' lang='grc' dir='ltr'>τασίαν,</span> <span class='ocrx_word' id='word_1_127' title='bbox 375 1245 497 1294; x_wconf 73' lang='grc' dir='ltr'>οἱονεὶ</span> <span class='ocrx_word' id='word_1_128' title='bbox 519 1241 720 1307; x_wconf 82' lang='grc' dir='ltr'>κεφαλήν.</span> <span class='ocrx_word' id='word_1_129' title='bbox 787 1242 803 1303; x_wconf 94' lang='grc'><strong>(</strong></span> <span class='ocrx_word' id='word_1_130' title='bbox 823 1240 1025 1301; x_wconf 84' lang='grc' dir='ltr'>Πέμπτον</span> <span class='ocrx_word' id='word_1_131' title='bbox 1050 1240 1064 1300; x_wconf 93' lang='grc'>)</span> <span class='ocrx_word' id='word_1_132' title='bbox 1087 1238 1148 1285; x_wconf 77' lang='grc' dir='ltr'><strong>ἔτι</strong></span> <span class='ocrx_word' id='word_1_133' title='bbox 1174 1237 1308 1284; x_wconf 87' lang='grc' dir='ltr'>τοίνυν</span> <span class='ocrx_word' id='word_1_134' title='bbox 1333 1236 1427 1284; x_wconf 82' lang='grc' dir='ltr'>οὔτε</span> 
     </span>
     <span class='ocr_line' id='line_1_18' title="bbox 187 1307 1426 1381; baseline -0.011 -15"><span class='ocrx_word' id='word_1_135' title='bbox 187 1318 317 1381; x_wconf 78' lang='grc' dir='ltr'>αὐγὴν</span> <span class='ocrx_word' id='word_1_136' title='bbox 340 1316 435 1364; x_wconf 80' lang='grc' dir='ltr'>οὔτε</span> <span class='ocrx_word' id='word_1_137' title='bbox 453 1317 604 1362; x_wconf 80' lang='grc' dir='ltr'>ἀκτῖνα</span> <span class='ocrx_word' id='word_1_138' title='bbox 630 1313 896 1373; x_wconf 86' lang='grc' dir='ltr'>ἀπολάμπειν</span> <span class='ocrx_word' id='word_1_139' title='bbox 917 1309 1126 1371; x_wconf 79' lang='grc' dir='ltr'>οὐδεμίαν,</span> <span class='ocrx_word' id='word_1_140' title='bbox 1145 1307 1238 1355; x_wconf 81' lang='grc' dir='ltr'>οὔτε</span> <span class='ocrx_word' id='word_1_141' title='bbox 1262 1308 1328 1353; x_wconf 80' lang='grc' dir='ltr'><strong>ἐπὶ</strong></span> <span class='ocrx_word' id='word_1_142' title='bbox 1351 1307 1426 1363; x_wconf 83' lang='grc' dir='ltr'><strong>τὴν</strong></span> 
     </span>
     <span class='ocr_line' id='line_1_19' title="bbox 187 1375 1428 1447; baseline -0.01 -13"><span class='ocrx_word' id='word_1_143' title='bbox 187 1391 280 1447; x_wconf 87' lang='grc' dir='ltr'>γῆν,</span> <span class='ocrx_word' id='word_1_144' title='bbox 299 1386 392 1434; x_wconf 82' lang='grc' dir='ltr'>οὔτε</span> <span class='ocrx_word' id='word_1_145' title='bbox 416 1386 484 1432; x_wconf 70' lang='grc' dir='ltr'><strong>ἐπὶ</strong></span> <span class='ocrx_word' id='word_1_146' title='bbox 521 1383 597 1441; x_wconf 79' lang='grc' dir='ltr'><strong>τὴν</strong></span> <span class='ocrx_word' id='word_1_147' title='bbox 617 1382 838 1439; x_wconf 86' lang='grc' dir='ltr'>θάλατταν,</span> <span class='ocrx_word' id='word_1_148' title='bbox 870 1380 947 1433; x_wconf 76' lang='grc' dir='ltr'><strong>ἕως</strong></span> <span class='ocrx_word' id='word_1_149' title='bbox 985 1378 1158 1443; x_wconf 81' lang='grc' dir='ltr'>πρώτης</span> <span class='ocrx_word' id='word_1_150' title='bbox 1179 1375 1306 1441; x_wconf 79' lang='grc' dir='ltr'>ὥρας,</span> <span class='ocrx_word' id='word_1_151' title='bbox 1338 1377 1428 1422; x_wconf 85' lang='grc' dir='ltr'>ἀλλ’</span> 
     </span>
     <span class='ocr_line' id='line_1_20' title="bbox 187 1445 1425 1517; baseline -0.011 -13"><span class='ocrx_word' id='word_1_152' title='bbox 187 1456 255 1504; x_wconf 65' lang='lat' dir='ltr'><strong>tul</strong></span> <span class='ocrx_word' id='word_1_153' title='bbox 274 1456 413 1503; x_wconf 84' lang='grc' dir='ltr'>σκότει</span> <span class='ocrx_word' id='word_1_154' title='bbox 438 1459 522 1517; x_wconf 81' lang='grc' dir='ltr'>π’ῡρ</span> <span class='ocrx_word' id='word_1_155' title='bbox 556 1451 770 1513; x_wconf 89' lang='grc' dir='ltr'>ἀλαμπές·</span> <span class='ocrx_word' id='word_1_156' title='bbox 794 1449 985 1514; x_wconf 81' lang='grc' dir='ltr'>δευτέρας</span> <span class='ocrx_word' id='word_1_157' title='bbox 1007 1450 1043 1495; x_wconf 90' lang='grc' dir='ltr'><strong>δ’</strong></span> <span class='ocrx_word' id='word_1_158' title='bbox 1080 1447 1346 1509; x_wconf 77' lang='grc' dir='ltr'>ἐνισταμένης</span> <span class='ocrx_word' id='word_1_159' title='bbox 1378 1445 1425 1492; x_wconf 82' lang='grc' dir='ltr'><strong>τὸ</strong></span> 
     </span>
     <span class='ocr_line' id='line_1_21' title="bbox 187 1516 1424 1589; baseline -0.011 -15"><span class='ocrx_word' id='word_1_160' title='bbox 187 1527 283 1574; x_wconf 81' lang='grc' dir='ltr'>ὅλον</span> <span class='ocrx_word' id='word_1_161' title='bbox 307 1525 458 1589; x_wconf 81' lang='grc' dir='ltr'>ἄστρον</span> <span class='ocrx_word' id='word_1_162' title='bbox 481 1522 721 1581; x_wconf 76' lang='grc' dir='ltr'>ἀναὸαῖνον,</span> <span class='ocrx_word' id='word_1_163' title='bbox 743 1519 997 1572; x_wconf 81' lang='grc' dir='ltr'>ἀσπιδοειδὲς</span> <span class='ocrx_word' id='word_1_164' title='bbox 1018 1516 1331 1577; x_wconf 80' lang='grc' dir='ltr'>καθιστάμενον,</span> <span class='ocrx_word' id='word_1_165' title='bbox 1354 1520 1424 1562; x_wconf 76' lang='grc' dir='ltr'><strong>τοῦ</strong></span> 
     </span>
     <span class='ocr_line' id='line_1_22' title="bbox 122 1578 1425 1654; baseline -0.009 -17"><span class='ocrx_word' id='word_1_166' title='bbox 122 1609 166 1640; x_wconf 73' lang='lat'><strong>20</strong></span> <span class='ocrx_word' id='word_1_167' title='bbox 187 1589 401 1654; x_wconf 75' lang='grc' dir='ltr'>σχήματος</span> <span class='ocrx_word' id='word_1_168' title='bbox 421 1587 491 1644; x_wconf 65' lang='grc' dir='ltr'><strong>τὸν</strong></span> <span class='ocrx_word' id='word_1_169' title='bbox 516 1585 644 1631; x_wconf 83' lang='grc' dir='ltr'>τύπον</span> <span class='ocrx_word' id='word_1_170' title='bbox 666 1583 737 1631; x_wconf 78' lang='grc' dir='ltr'><strong>καὶ</strong></span> <span class='ocrx_word' id='word_1_171' title='bbox 760 1583 807 1629; x_wconf 78' lang='grc' dir='ltr'><strong>τὸ</strong></span> <span class='ocrx_word' id='word_1_172' title='bbox 829 1586 913 1648; x_wconf 76' lang='grc' dir='ltr'>φῶς</span> <span class='ocrx_word' id='word_1_173' title='bbox 940 1580 1009 1627; x_wconf 79' lang='grc' dir='ltr'><strong>ἐπί</strong></span> <span class='ocrx_word' id='word_1_174' title='bbox 1027 1599 1072 1627; x_wconf 89' lang='grc' dir='ltr'><strong>τε</strong></span> <span class='ocrx_word' id='word_1_175' title='bbox 1090 1580 1165 1637; x_wconf 80' lang='grc' dir='ltr'><strong>τὴν</strong></span> <span class='ocrx_word' id='word_1_176' title='bbox 1187 1583 1263 1642; x_wconf 92' lang='grc' dir='ltr'><strong>γῆν</strong></span> <span class='ocrx_word' id='word_1_177' title='bbox 1283 1578 1355 1626; x_wconf 79' lang='grc' dir='ltr'><strong>καὶ</strong></span> <span class='ocrx_word' id='word_1_178' title='bbox 1378 1578 1425 1625; x_wconf 80' lang='grc' dir='ltr'><strong>τὸ</strong></span> 
     </span>
     <span class='ocr_line' id='line_1_23' title="bbox 186 1648 1424 1719; baseline -0.008 -15"><span class='ocrx_word' id='word_1_179' title='bbox 186 1659 364 1719; x_wconf 85' lang='grc' dir='ltr'>πέλαγος</span> <span class='ocrx_word' id='word_1_180' title='bbox 383 1656 528 1719; x_wconf 81' lang='grc' dir='ltr'>βάλλει</span> <span class='ocrx_word' id='word_1_181' title='bbox 540 1653 668 1706; x_wconf 78' lang='grc' dir='ltr'>οὕτως</span> <span class='ocrx_word' id='word_1_182' title='bbox 685 1652 839 1700; x_wconf 85' lang='grc' dir='ltr'>ἄτοπον</span> <span class='ocrx_word' id='word_1_183' title='bbox 854 1650 925 1698; x_wconf 79' lang='grc' dir='ltr'><strong>καὶ</strong></span> <span class='ocrx_word' id='word_1_184' title='bbox 944 1650 1143 1714; x_wconf 83' lang='grc' dir='ltr'>πυρῶδες,</span> <span class='ocrx_word' id='word_1_185' title='bbox 1153 1648 1260 1696; x_wconf 80' lang='grc' dir='ltr'>ὥστε</span> <span class='ocrx_word' id='word_1_186' title='bbox 1273 1651 1424 1712; x_wconf 74' lang='grc' dir='ltr'>ἀμφοῖν</span> 
     </span>
     <span class='ocr_line' id='line_1_24' title="bbox 187 1718 1425 1789; baseline -0.008 -15"><span class='ocrx_word' id='word_1_187' title='bbox 187 1729 422 1789; x_wconf 81' lang='grc' dir='ltr'>νομίζεσθαι</span> <span class='ocrx_word' id='word_1_188' title='bbox 459 1723 741 1786; x_wconf 84' lang='grc' dir='ltr'>παμμεγέθεις</span> <span class='ocrx_word' id='word_1_189' title='bbox 772 1721 847 1775; x_wconf 80' lang='grc' dir='ltr'><strong>τὰς</strong></span> <span class='ocrx_word' id='word_1_190' title='bbox 882 1719 1130 1784; x_wconf 76' lang='grc' dir='ltr'>ὓπερὸολάς.</span> <span class='ocrx_word' id='word_1_191' title='bbox 1202 1718 1389 1781; x_wconf 69' lang='grc' dir='ltr'>(”Εκτον</span> <span class='ocrx_word' id='word_1_192' title='bbox 1411 1720 1425 1779; x_wconf 85' lang='grc'>)</span> 
     </span>
     <span class='ocr_line' id='line_1_25' title="bbox 187 1789 1428 1858; baseline -0.007 -15"><span class='ocrx_word' id='word_1_193' title='bbox 187 1801 243 1850; x_wconf 79' lang='grc' dir='ltr'><strong>εἷς</strong></span> <span class='ocrx_word' id='word_1_194' title='bbox 267 1797 309 1844; x_wconf 73' lang='grc' dir='ltr'><strong>δὲ</strong></span> <span class='ocrx_word' id='word_1_195' title='bbox 337 1796 411 1853; x_wconf 77' lang='grc' dir='ltr'><strong>τὴν</strong></span> <span class='ocrx_word' id='word_1_196' title='bbox 434 1795 613 1858; x_wconf 80' lang='grc' dir='ltr'>ἑσπέραν</span> <span class='ocrx_word' id='word_1_197' title='bbox 645 1791 827 1839; x_wconf 76' lang='grc' dir='ltr'>ἐναντίον</span> <span class='ocrx_word' id='word_1_198' title='bbox 848 1791 895 1838; x_wconf 81' lang='grc' dir='ltr'><strong>τὸ</strong></span> <span class='ocrx_word' id='word_1_199' title='bbox 932 1789 1028 1854; x_wconf 71' lang='grc' dir='ltr'>περὶ</span> <span class='ocrx_word' id='word_1_200' title='bbox 1055 1789 1125 1836; x_wconf 84' lang='grc' dir='ltr'><strong>τὸν</strong></span> <span class='ocrx_word' id='word_1_201' title='bbox 1162 1789 1277 1846; x_wconf 80' lang='grc' dir='ltr'>ἥλιον</span> <span class='ocrx_word' id='word_1_202' title='bbox 1301 1791 1428 1840; x_wconf 82' lang='grc' dir='ltr'>πάθος</span> 
     </span>
     <span class='ocr_line' id='line_1_26' title="bbox 174 1859 1427 1933; baseline -0.008 -18"><span class='ocrx_word' id='word_1_203' title='bbox 174 1866 314 1933; x_wconf 75' lang='grc' dir='ltr'>-φασὶν</span> <span class='ocrx_word' id='word_1_204' title='bbox 340 1870 533 1929; x_wconf 76' lang='grc' dir='ltr'>δρᾶσθαι·</span> <span class='ocrx_word' id='word_1_205' title='bbox 558 1863 825 1917; x_wconf 79' lang='grc' dir='ltr'>ὑποδείξαντα</span> <span class='ocrx_word' id='word_1_206' title='bbox 855 1862 935 1925; x_wconf 82' lang='grc' dir='ltr'><strong>γὰρ</strong></span> <span class='ocrx_word' id='word_1_207' title='bbox 966 1860 1029 1907; x_wconf 82' lang='grc' dir='ltr'><strong>ὅτι</strong></span> <span class='ocrx_word' id='word_1_208' title='bbox 1056 1859 1196 1907; x_wconf 83' lang='grc' dir='ltr'>δέδυκε</span> <span class='ocrx_word' id='word_1_209' title='bbox 1224 1859 1332 1907; x_wconf 74' lang='grc' dir='ltr'>κατὰ</span> <span class='ocrx_word' id='word_1_210' title='bbox 1354 1863 1427 1916; x_wconf 86' lang='grc' dir='ltr'><strong>τῆς</strong></span> 
     </span>
     <span class='ocr_line' id='line_1_27' title="bbox 123 1930 1429 1999; baseline -0.009 -12"><span class='ocrx_word' id='word_1_211' title='bbox 123 1955 167 1987; x_wconf 74' lang='lat'><strong>2³</strong></span> <span class='ocrx_word' id='word_1_212' title='bbox 188 1940 285 1999; x_wconf 82' lang='grc' dir='ltr'>γῆς,</span> <span class='ocrx_word' id='word_1_213' title='bbox 307 1938 382 1983; x_wconf 85' lang='grc' dir='ltr'><strong>οὔκ</strong></span> <span class='ocrx_word' id='word_1_214' title='bbox 404 1935 563 1982; x_wconf 84' lang='grc' dir='ltr'>έλάττω</span> <span class='ocrx_word' id='word_1_215' title='bbox 591 1934 737 1996; x_wconf 77' lang='grc' dir='ltr'>χρόνον</span> <span class='ocrx_word' id='word_1_216' title='bbox 760 1934 877 1993; x_wconf 79' lang='grc' dir='ltr'>ὡρῶν</span> <span class='ocrx_word' id='word_1_217' title='bbox 905 1933 1027 1992; x_wconf 80' lang='grc' dir='ltr'>τριῶν</span> <span class='ocrx_word' id='word_1_218' title='bbox 1052 1930 1158 1992; x_wconf 77' lang='grc' dir='ltr'>μετὰ</span> <span class='ocrx_word' id='word_1_219' title='bbox 1179 1935 1312 1977; x_wconf 77' lang='grc' dir='ltr'>ταῦτα</span> <span class='ocrx_word' id='word_1_220' title='bbox 1333 1948 1429 1993; x_wconf 91' lang='grc' dir='ltr'>φω-</span> 
     </span>
     <span class='ocr_line' id='line_1_28' title="bbox 131 1991 1429 2063; baseline -0.008 -10"><span class='ocrx_word' id='word_1_221' title='bbox 131 1993 135 1997; x_wconf 39' lang='grc'><em>“</em></span> <span class='ocrx_word' id='word_1_222' title='bbox 187 2005 336 2063; x_wconf 86' lang='grc' dir='ltr'>τίζειν,</span> <span class='ocrx_word' id='word_1_223' title='bbox 364 2004 410 2051; x_wconf 80' lang='grc' dir='ltr'><strong>ὃν</strong></span> <span class='ocrx_word' id='word_1_224' title='bbox 427 2004 499 2051; x_wconf 79' lang='grc' dir='ltr'><strong>καὶ</strong></span> <span class='ocrx_word' id='word_1_225' title='bbox 528 2003 739 2063; x_wconf 84' lang='grc' dir='ltr'>νομίζουσι</span> <span class='ocrx_word' id='word_1_226' title='bbox 770 2003 872 2063; x_wconf 83' lang='grc' dir='ltr'>παρ’</span> <span class='ocrx_word' id='word_1_227' title='bbox 903 2000 1036 2052; x_wconf 84' lang='grc' dir='ltr'>αὑτοῖς</span> <span class='ocrx_word' id='word_1_228' title='bbox 1054 1998 1196 2062; x_wconf 83' lang='grc' dir='ltr'>καιρὸν</span> <span class='ocrx_word' id='word_1_229' title='bbox 1217 1991 1321 2045; x_wconf 67' lang='grc' dir='ltr'>εἶναι</span> <span class='ocrx_word' id='word_1_230' title='bbox 1356 2002 1429 2055; x_wconf 91' lang='grc' dir='ltr'><strong>τῆς</strong></span> 
     </span>
    </p>
   </div>
   <div class='ocr_carea' id='block_1_3' title="bbox 190 2073 642 2139">
    <p class='ocr_par' dir='ltr' id='par_1_5' title="bbox 190 2073 642 2139">
     <span class='ocr_line' id='line_1_29' title="bbox 190 2073 642 2139; baseline -0.004 -17"><span class='ocrx_word' id='word_1_231' title='bbox 190 2075 349 2139; x_wconf 77' lang='grc' dir='ltr'>ἡμέρας</span> <span class='ocrx_word' id='word_1_232' title='bbox 367 2073 437 2121; x_wconf 75' lang='grc' dir='ltr'><strong>τὸν</strong></span> <span class='ocrx_word' id='word_1_233' title='bbox 459 2073 642 2131; x_wconf 79' lang='grc' dir='ltr'>ἥδιστον.</span> 
     </span>
    </p>
   </div>
   <div class='ocr_carea' id='block_1_4' title="bbox 66 2202 1429 2267">
    <p class='ocr_par' dir='ltr' id='par_1_6' title="bbox 66 2202 1429 2267">
     <span class='ocr_line' id='line_1_30' title="bbox 66 2202 1429 2267; baseline -0.007 -9"><span class='ocrx_word' id='word_1_234' title='bbox 66 2216 180 2258; x_wconf 72' lang='lat' dir='ltr'><strong>[iod.</strong></span> <span class='ocrx_word' id='word_1_235' title='bbox 250 2225 329 2257; x_wconf 77' lang='lat'><strong>106.</strong></span> <span class='ocrx_word' id='word_1_236' title='bbox 363 2207 447 2255; x_wconf 81' lang='grc' dir='ltr'><strong>Τὸν</strong></span> <span class='ocrx_word' id='word_1_237' title='bbox 471 2208 506 2252; x_wconf 82' lang='grc' dir='ltr'><strong>δ’</strong></span> <span class='ocrx_word' id='word_1_238' title='bbox 531 2205 648 2262; x_wconf 82' lang='grc' dir='ltr'>ἥλιον</span> <span class='ocrx_word' id='word_1_239' title='bbox 676 2207 752 2267; x_wconf 83' lang='grc' dir='ltr'><strong>οὐχ</strong></span> <span class='ocrx_word' id='word_1_240' title='bbox 774 2203 916 2264; x_wconf 79' lang='grc' dir='ltr'>ὥσπερ</span> <span class='ocrx_word' id='word_1_241' title='bbox 937 2202 1037 2266; x_wconf 89' lang='grc' dir='ltr'>παρ’</span> <span class='ocrx_word' id='word_1_242' title='bbox 1055 2206 1157 2264; x_wconf 80' lang='grc' dir='ltr'>ἡμῖν</span> <span class='ocrx_word' id='word_1_243' title='bbox 1190 2202 1325 2266; x_wconf 80' lang='grc' dir='ltr'>βραχὺ</span> <span class='ocrx_word' id='word_1_244' title='bbox 1348 2202 1429 2264; x_wconf 86' lang='grc' dir='ltr'><strong>πρὸ</strong></span> 
     </span>
    </p>
   </div>
   <div class='ocr_carea' id='block_1_5' title="bbox 125 2271 1432 3455">
    <p class='ocr_par' dir='ltr' id='par_1_7' title="bbox 125 2271 1432 3455">
     <span class='ocr_line' id='line_1_31' title="bbox 189 2271 1431 2338; baseline -0.007 -13"><span class='ocrx_word' id='word_1_245' title='bbox 189 2281 263 2335; x_wconf 84' lang='grc' dir='ltr'><strong>τῆς</strong></span> <span class='ocrx_word' id='word_1_246' title='bbox 283 2278 389 2330; x_wconf 77' lang='grc' dir='ltr'>ἰδίας</span> <span class='ocrx_word' id='word_1_247' title='bbox 418 2277 619 2331; x_wconf 77' lang='grc' dir='ltr'>ἀνατολῆς</span> <span class='ocrx_word' id='word_1_248' title='bbox 651 2273 1007 2338; x_wconf 87' lang='grc' dir='ltr'>προαποστέλλειν</span> <span class='ocrx_word' id='word_1_249' title='bbox 1033 2271 1080 2318; x_wconf 84' lang='grc' dir='ltr'><strong>τὸ</strong></span> <span class='ocrx_word' id='word_1_250' title='bbox 1113 2274 1222 2336; x_wconf 85' lang='grc' dir='ltr'>φῶς,</span> <span class='ocrx_word' id='word_1_251' title='bbox 1246 2271 1339 2319; x_wconf 78' lang='grc' dir='ltr'>ἀλλ’</span> <span class='ocrx_word' id='word_1_252' title='bbox 1369 2272 1431 2319; x_wconf 87' lang='grc' dir='ltr'><strong>ἔτι</strong></span> 
     </span>
     <span class='ocr_line' id='line_1_32' title="bbox 126 2340 1431 2406; baseline -0.007 -10"><span class='ocrx_word' id='word_1_253' title='bbox 126 2363 170 2395; x_wconf 77' lang='grc'><strong>30</strong></span> <span class='ocrx_word' id='word_1_254' title='bbox 189 2347 333 2399; x_wconf 80' lang='grc' dir='ltr'>νυκτὸς</span> <span class='ocrx_word' id='word_1_255' title='bbox 343 2346 469 2403; x_wconf 81' lang='grc' dir='ltr'>οὔσης</span> <span class='ocrx_word' id='word_1_256' title='bbox 482 2343 674 2392; x_wconf 79' lang='grc' dir='ltr'>σκοταίου</span> <span class='ocrx_word' id='word_1_257' title='bbox 690 2343 931 2406; x_wconf 82' lang='grc' dir='ltr'>παραδόξως</span> <span class='ocrx_word' id='word_1_258' title='bbox 943 2342 1059 2406; x_wconf 82' lang='grc' dir='ltr'>ἄφνω</span> <span class='ocrx_word' id='word_1_259' title='bbox 1072 2340 1253 2405; x_wconf 82' lang='grc' dir='ltr'>φανέντα</span> <span class='ocrx_word' id='word_1_260' title='bbox 1270 2341 1431 2403; x_wconf 82' lang='grc' dir='ltr'>ἐκλάμ-</span> 
     </span>
     <span class='ocr_line' id='line_1_33' title="bbox 188 2410 1429 2475; baseline -0.005 -11"><span class='ocrx_word' id='word_1_261' title='bbox 188 2436 294 2464; x_wconf 88' lang='grc' dir='ltr'>πειν.</span> <span class='ocrx_word' id='word_1_262' title='bbox 362 2415 437 2464; x_wconf 80' lang='grc' dir='ltr'><strong>Διὸ</strong></span> <span class='ocrx_word' id='word_1_263' title='bbox 458 2413 531 2462; x_wconf 78' lang='grc' dir='ltr'><strong>καὶ</strong></span> <span class='ocrx_word' id='word_1_264' title='bbox 562 2412 763 2475; x_wconf 88' lang='grc' dir='ltr'>μηδέποθ’</span> <span class='ocrx_word' id='word_1_265' title='bbox 786 2411 946 2475; x_wconf 72' lang='grc' dir='ltr'>ἡμέραν</span> <span class='ocrx_word' id='word_1_266' title='bbox 980 2414 1022 2457; x_wconf 84' lang='grc' dir='ltr'><strong>ἐν</strong></span> <span class='ocrx_word' id='word_1_267' title='bbox 1050 2410 1218 2463; x_wconf 83' lang='grc' dir='ltr'>ἐκείνοις</span> <span class='ocrx_word' id='word_1_268' title='bbox 1242 2416 1327 2463; x_wconf 89' lang='grc' dir='ltr'>τοῖς</span> <span class='ocrx_word' id='word_1_269' title='bbox 1359 2411 1429 2458; x_wconf 89' lang='grc' dir='ltr'><strong>τό-</strong></span> 
     </span>
     <span class='ocr_line' id='line_1_34' title="bbox 190 2480 1430 2549; baseline -0.006 -16"><span class='ocrx_word' id='word_1_270' title='bbox 190 2506 280 2540; x_wconf 90' lang='grc' dir='ltr'>ποις</span> <span class='ocrx_word' id='word_1_271' title='bbox 297 2486 481 2548; x_wconf 88' lang='grc' dir='ltr'>γίνεσθαι</span> <span class='ocrx_word' id='word_1_272' title='bbox 499 2483 595 2549; x_wconf 78' lang='grc' dir='ltr'>πρὶν</span> <span class='ocrx_word' id='word_1_273' title='bbox 618 2486 817 2547; x_wconf 82' lang='grc' dir='ltr'>ὁραθῆναι</span> <span class='ocrx_word' id='word_1_274' title='bbox 840 2481 909 2528; x_wconf 80' lang='grc' dir='ltr'><strong>τὸν</strong></span> <span class='ocrx_word' id='word_1_275' title='bbox 930 2481 1066 2539; x_wconf 84' lang='grc' dir='ltr'>ἥλιον.</span> <span class='ocrx_word' id='word_1_276' title='bbox 1134 2480 1215 2528; x_wconf 84' lang='grc' dir='ltr'><strong>Ἐκ</strong></span> <span class='ocrx_word' id='word_1_277' title='bbox 1234 2480 1363 2541; x_wconf 84' lang='grc' dir='ltr'>μέσου</span> <span class='ocrx_word' id='word_1_278' title='bbox 1387 2480 1430 2527; x_wconf 80' lang='grc' dir='ltr'><strong>δὲ</strong></span> 
     </span>
     <span class='ocr_line' id='line_1_35' title="bbox 190 2549 1431 2618; baseline -0.006 -15"><span class='ocrx_word' id='word_1_279' title='bbox 190 2561 261 2603; x_wconf 77' lang='grc' dir='ltr'><strong>τοῦ</strong></span> <span class='ocrx_word' id='word_1_280' title='bbox 284 2555 487 2617; x_wconf 86' lang='grc' dir='ltr'>πελάγους</span> <span class='ocrx_word' id='word_1_281' title='bbox 506 2552 631 2618; x_wconf 76' lang='grc' dir='ltr'>φασὶν</span> <span class='ocrx_word' id='word_1_282' title='bbox 651 2551 978 2616; x_wconf 83' lang='grc' dir='ltr'>ἀναφαινόμενον</span> <span class='ocrx_word' id='word_1_283' title='bbox 999 2549 1123 2597; x_wconf 81' lang='grc' dir='ltr'>αὐτὸν</span> <span class='ocrx_word' id='word_1_284' title='bbox 1158 2553 1332 2613; x_wconf 80' lang='grc' dir='ltr'>δρᾶσθαι</span> <span class='ocrx_word' id='word_1_285' title='bbox 1356 2549 1431 2612; x_wconf 84' lang='grc' dir='ltr'><strong>μὲν</strong></span> 
     </span>
     <span class='ocr_line' id='line_1_36' title="bbox 192 2619 1431 2690; baseline -0.006 -18"><span class='ocrx_word' id='word_1_286' title='bbox 192 2628 366 2690; x_wconf 82' lang='grc' dir='ltr'>ἄνθρακι</span> <span class='ocrx_word' id='word_1_287' title='bbox 385 2622 679 2688; x_wconf 81' lang='grc' dir='ltr'>παραπλήσιον</span> <span class='ocrx_word' id='word_1_288' title='bbox 699 2626 758 2685; x_wconf 84' lang='grc' dir='ltr'><strong>τῷ</strong></span> <span class='ocrx_word' id='word_1_289' title='bbox 778 2620 1113 2685; x_wconf 78' lang='grc' dir='ltr'>πυρωδεστάτῳ,</span> <span class='ocrx_word' id='word_1_290' title='bbox 1139 2623 1364 2682; x_wconf 74' lang='grc' dir='ltr'>σπινθῆρας</span> <span class='ocrx_word' id='word_1_291' title='bbox 1389 2619 1431 2666; x_wconf 80' lang='grc' dir='ltr'><strong>δὲ</strong></span> 
     </span>
     <span class='ocr_line' id='line_1_37' title="bbox 125 2687 1429 2759; baseline -0.006 -19"><span class='ocrx_word' id='word_1_292' title='bbox 125 2709 167 2740; x_wconf 66' lang='lat'><strong>³5</strong></span> <span class='ocrx_word' id='word_1_293' title='bbox 193 2698 264 2759; x_wconf 81' lang='grc' dir='ltr'><strong>ἀφ’</strong></span> <span class='ocrx_word' id='word_1_294' title='bbox 287 2698 432 2741; x_wconf 73' lang='grc' dir='ltr'>ἑαυτοῦ</span> <span class='ocrx_word' id='word_1_295' title='bbox 472 2691 676 2755; x_wconf 87' lang='grc' dir='ltr'>μεγάλους</span> <span class='ocrx_word' id='word_1_296' title='bbox 713 2690 998 2755; x_wconf 83' lang='grc' dir='ltr'>ἀπορρίπτειν,</span> <span class='ocrx_word' id='word_1_297' title='bbox 1022 2688 1094 2734; x_wconf 79' lang='grc' dir='ltr'><strong>καὶ</strong></span> <span class='ocrx_word' id='word_1_298' title='bbox 1123 2691 1183 2751; x_wconf 81' lang='grc' dir='ltr'><strong>τῷ</strong></span> <span class='ocrx_word' id='word_1_299' title='bbox 1216 2687 1335 2750; x_wconf 84' lang='grc' dir='ltr'>τύπῳ</span> <span class='ocrx_word' id='word_1_300' title='bbox 1370 2687 1429 2745; x_wconf 81' lang='grc' dir='ltr'><strong>μὴ</strong></span> 
     </span>
     <span class='ocr_line' id='line_1_38' title="bbox 192 2756 1432 2827; baseline -0.008 -15"><span class='ocrx_word' id='word_1_301' title='bbox 192 2765 390 2819; x_wconf 73' lang='grc' dir='ltr'>κωνοειδῆ</span> <span class='ocrx_word' id='word_1_302' title='bbox 412 2765 467 2827; x_wconf 90' lang='lat' dir='ltr'><strong>(l.</strong></span> <span class='ocrx_word' id='word_1_303' title='bbox 493 2762 736 2822; x_wconf 79' lang='grc' dir='ltr'>κυκλοειδῆ)</span> <span class='ocrx_word' id='word_1_304' title='bbox 757 2761 991 2825; x_wconf 84' lang='grc' dir='ltr'>φαίνεσθαι,</span> <span class='ocrx_word' id='word_1_305' title='bbox 1015 2756 1202 2820; x_wconf 88' lang='grc' dir='ltr'>καθάπερ</span> <span class='ocrx_word' id='word_1_306' title='bbox 1223 2760 1343 2817; x_wconf 78' lang='grc' dir='ltr'>ἡμεῖς</span> <span class='ocrx_word' id='word_1_307' title='bbox 1364 2758 1432 2803; x_wconf 86' lang='grc' dir='ltr'><strong>δο-</strong></span> 
     </span>
     <span class='ocr_line' id='line_1_39' title="bbox 193 2826 1430 2895; baseline -0.006 -15"><span class='ocrx_word' id='word_1_308' title='bbox 193 2834 383 2895; x_wconf 82' lang='grc' dir='ltr'>ξάζομεν,</span> <span class='ocrx_word' id='word_1_309' title='bbox 415 2830 524 2878; x_wconf 78' lang='grc' dir='ltr'>ἀλλὰ</span> <span class='ocrx_word' id='word_1_310' title='bbox 548 2830 651 2877; x_wconf 88' lang='grc' dir='ltr'>κίονι</span> <span class='ocrx_word' id='word_1_311' title='bbox 679 2831 748 2876; x_wconf 80' lang='grc' dir='ltr'><strong>τὸν</strong></span> <span class='ocrx_word' id='word_1_312' title='bbox 782 2828 909 2875; x_wconf 89' lang='grc' dir='ltr'>τύπον</span> <span class='ocrx_word' id='word_1_313' title='bbox 936 2828 1048 2892; x_wconf 80' lang='grc' dir='ltr'>ἔχειν</span> <span class='ocrx_word' id='word_1_314' title='bbox 1080 2829 1254 2891; x_wconf 81' lang='grc' dir='ltr'>ἐμφερῆ,</span> <span class='ocrx_word' id='word_1_315' title='bbox 1285 2826 1430 2889; x_wconf 82' lang='grc' dir='ltr'>μικρὸν</span> 
     </span>
     <span class='ocr_line' id='line_1_40' title="bbox 192 2895 1430 2966; baseline -0.008 -16"><span class='ocrx_word' id='word_1_316' title='bbox 192 2900 514 2966; x_wconf 73' lang='grc' dir='ltr'>έμόριθεστέραν</span> <span class='ocrx_word' id='word_1_317' title='bbox 537 2898 674 2961; x_wconf 76' lang='grc' dir='ltr'>ἱχοντι</span> <span class='ocrx_word' id='word_1_318' title='bbox 690 2897 763 2953; x_wconf 81' lang='grc' dir='ltr'><strong>τὴν</strong></span> <span class='ocrx_word' id='word_1_319' title='bbox 786 2897 867 2943; x_wconf 81' lang='grc' dir='ltr'><strong>ἀπὸ</strong></span> <span class='ocrx_word' id='word_1_320' title='bbox 886 2899 958 2953; x_wconf 91' lang='grc' dir='ltr'><strong>τῆς</strong></span> <span class='ocrx_word' id='word_1_321' title='bbox 973 2897 1155 2958; x_wconf 80' lang='grc' dir='ltr'>κεφαλῆς</span> <span class='ocrx_word' id='word_1_322' title='bbox 1175 2895 1430 2958; x_wconf 71' lang='grc' dir='ltr'>ἐπιφάνειαν,</span> 
     </span>
     <span class='ocr_line' id='line_1_41' title="bbox 190 2965 1431 3037; baseline -0.008 -17"><span class='ocrx_word' id='word_1_323' title='bbox 190 2971 293 3037; x_wconf 80' lang='grc' dir='ltr'>πρὸς</span> <span class='ocrx_word' id='word_1_324' title='bbox 316 2971 358 3019; x_wconf 85' lang='grc' dir='ltr'><strong>δὲ</strong></span> <span class='ocrx_word' id='word_1_325' title='bbox 383 2968 539 3022; x_wconf 87' lang='grc' dir='ltr'>τούτοις</span> <span class='ocrx_word' id='word_1_326' title='bbox 572 2967 669 3030; x_wconf 80' lang='grc' dir='ltr'>μήτ’</span> <span class='ocrx_word' id='word_1_327' title='bbox 692 2966 823 3028; x_wconf 77' lang='grc' dir='ltr'>αὐγὴν</span> <span class='ocrx_word' id='word_1_328' title='bbox 846 2969 976 3012; x_wconf 88' lang='grc' dir='ltr'>ποιεῖν</span> <span class='ocrx_word' id='word_1_329' title='bbox 1008 2965 1296 3025; x_wconf 82' lang='grc' dir='ltr'>μήτ”ἀκτίνας</span> <span class='ocrx_word' id='word_1_330' title='bbox 1318 2965 1431 3026; x_wconf 86' lang='grc' dir='ltr'>βάλ-</span> 
     </span>
     <span class='ocr_line' id='line_1_42' title="bbox 129 3033 1431 3105; baseline -0.009 -15"><span class='ocrx_word' id='word_1_331' title='bbox 129 3057 173 3091; x_wconf 67' lang='lat' dir='ltr'><strong>oo</strong></span> <span class='ocrx_word' id='word_1_332' title='bbox 191 3043 278 3090; x_wconf 88' lang='grc' dir='ltr'>λειν</span> <span class='ocrx_word' id='word_1_333' title='bbox 301 3041 402 3105; x_wconf 80' lang='grc' dir='ltr'>ἄχρι</span> <span class='ocrx_word' id='word_1_334' title='bbox 423 3038 593 3102; x_wconf 80' lang='grc' dir='ltr'>πρώτης</span> <span class='ocrx_word' id='word_1_335' title='bbox 623 3035 755 3100; x_wconf 80' lang='grc' dir='ltr'>ὥρας,</span> <span class='ocrx_word' id='word_1_336' title='bbox 790 3035 1035 3099; x_wconf 81' lang='grc' dir='ltr'>φαινομένου</span> <span class='ocrx_word' id='word_1_337' title='bbox 1060 3033 1184 3096; x_wconf 79' lang='grc' dir='ltr'>πυρὸς</span> <span class='ocrx_word' id='word_1_338' title='bbox 1215 3036 1431 3093; x_wconf 74' lang='grc' dir='ltr'>ἀλαμποῦς</span> 
     </span>
     <span class='ocr_line' id='line_1_43' title="bbox 137 3102 1429 3169; baseline -0.009 -9"><span class='ocrx_word' id='word_1_339' title='bbox 137 3135 141 3138; x_wconf 86' lang='grc'><em>·</em></span> <span class='ocrx_word' id='word_1_340' title='bbox 195 3114 237 3159; x_wconf 83' lang='grc' dir='ltr'><strong>έν</strong></span> <span class='ocrx_word' id='word_1_341' title='bbox 261 3110 424 3158; x_wconf 88' lang='grc' dir='ltr'>σκότει·</span> <span class='ocrx_word' id='word_1_342' title='bbox 446 3109 640 3169; x_wconf 87' lang='grc' dir='ltr'>δευτέρας</span> <span class='ocrx_word' id='word_1_343' title='bbox 660 3108 696 3152; x_wconf 83' lang='grc' dir='ltr'><strong>δ’</strong></span> <span class='ocrx_word' id='word_1_344' title='bbox 721 3102 954 3169; x_wconf 75' lang='grc' dir='ltr'>ἀρχομένης</span> <span class='ocrx_word' id='word_1_345' title='bbox 976 3104 1216 3158; x_wconf 86' lang='grc' dir='ltr'>ἀσπιδοειδῆ</span> <span class='ocrx_word' id='word_1_346' title='bbox 1249 3102 1429 3163; x_wconf 85' lang='grc' dir='ltr'>γίνεσθαι</span> 
     </span>
     <span class='ocr_line' id='line_1_44' title="bbox 194 3174 1432 3246; baseline -0.009 -18"><span class='ocrx_word' id='word_1_347' title='bbox 194 3181 332 3228; x_wconf 76' lang='grc' dir='ltr'>καὶτὸ</span> <span class='ocrx_word' id='word_1_348' title='bbox 349 3182 433 3246; x_wconf 82' lang='grc' dir='ltr'>φῶς</span> <span class='ocrx_word' id='word_1_349' title='bbox 454 3179 622 3242; x_wconf 77' lang='grc' dir='ltr'>βάλλειν</span> <span class='ocrx_word' id='word_1_350' title='bbox 642 3175 851 3237; x_wconf 81' lang='grc' dir='ltr'>ἀπότομον</span> <span class='ocrx_word' id='word_1_351' title='bbox 875 3174 945 3221; x_wconf 80' lang='grc' dir='ltr'><strong>καὶ</strong></span> <span class='ocrx_word' id='word_1_352' title='bbox 970 3174 1156 3238; x_wconf 80' lang='grc' dir='ltr'>πυρῶδες</span> <span class='ocrx_word' id='word_1_353' title='bbox 1183 3175 1276 3218; x_wconf 85' lang='grc' dir='ltr'>καθ’</span> <span class='ocrx_word' id='word_1_354' title='bbox 1298 3175 1432 3235; x_wconf 85' lang='grc' dir='ltr'>ὑπερ-</span> 
     </span>
     <span class='ocr_line' id='line_1_45' title="bbox 196 3241 1432 3307; baseline -0.009 -10"><span class='ocrx_word' id='word_1_355' title='bbox 196 3250 339 3307; x_wconf 78' lang='grc' dir='ltr'>6ολήν.</span> <span class='ocrx_word' id='word_1_356' title='bbox 410 3246 535 3298; x_wconf 76' lang='grc' dir='ltr'>Κατὰ</span> <span class='ocrx_word' id='word_1_357' title='bbox 554 3245 597 3293; x_wconf 64' lang='grc' dir='ltr'>δὲ</span> <span class='ocrx_word' id='word_1_358' title='bbox 619 3245 694 3303; x_wconf 80' lang='grc' dir='ltr'><strong>τὴν</strong></span> <span class='ocrx_word' id='word_1_359' title='bbox 715 3244 829 3292; x_wconf 90' lang='grc' dir='ltr'>δύσιν</span> <span class='ocrx_word' id='word_1_360' title='bbox 849 3243 1013 3291; x_wconf 74' lang='grc' dir='ltr'>ἐναντία</span> <span class='ocrx_word' id='word_1_361' title='bbox 1030 3242 1215 3305; x_wconf 84' lang='grc' dir='ltr'>γίνεσθαι</span> <span class='ocrx_word' id='word_1_362' title='bbox 1234 3241 1432 3303; x_wconf 83' lang='grc' dir='ltr'>συμπτώ-</span> 
     </span>
     <span class='ocr_line' id='line_1_46' title="bbox 195 3312 1429 3384; baseline -0.009 -17"><span class='ocrx_word' id='word_1_363' title='bbox 195 3339 308 3382; x_wconf 88' lang='grc' dir='ltr'>ματα</span> <span class='ocrx_word' id='word_1_364' title='bbox 327 3319 423 3384; x_wconf 70' lang='grc' dir='ltr'>περὶ</span> <span class='ocrx_word' id='word_1_365' title='bbox 443 3316 586 3365; x_wconf 86' lang='grc' dir='ltr'>αὔτόν·</span> <span class='ocrx_word' id='word_1_366' title='bbox 606 3317 740 3363; x_wconf 85' lang='grc' dir='ltr'>δοκεῖν</span> <span class='ocrx_word' id='word_1_367' title='bbox 754 3314 835 3378; x_wconf 76' lang='grc' dir='ltr'><strong>γὰρ</strong></span> <span class='ocrx_word' id='word_1_368' title='bbox 856 3317 940 3367; x_wconf 90' lang='grc' dir='ltr'>τοῖς</span> <span class='ocrx_word' id='word_1_369' title='bbox 962 3315 1089 3378; x_wconf 80' lang='grc' dir='ltr'>δρῶσι</span> <span class='ocrx_word' id='word_1_370' title='bbox 1107 3313 1269 3365; x_wconf 82' lang='grc' dir='ltr'>καιναῖς</span> <span class='ocrx_word' id='word_1_371' title='bbox 1290 3312 1429 3358; x_wconf 78' lang='grc' dir='ltr'>ἀκτῖσι</span> 
     </span>
     <span class='ocr_line' id='line_1_47' title="bbox 131 3381 1430 3455; baseline -0.008 -18"><span class='ocrx_word' id='word_1_372' title='bbox 131 3405 175 3436; x_wconf 68' lang='grc' dir='ltr'><strong>ιο</strong></span> <span class='ocrx_word' id='word_1_373' title='bbox 195 3391 381 3455; x_wconf 73' lang='grc' dir='ltr'>φωτίζειν</span> <span class='ocrx_word' id='word_1_374' title='bbox 414 3389 483 3436; x_wconf 80' lang='grc' dir='ltr'><strong>τὸν</strong></span> <span class='ocrx_word' id='word_1_375' title='bbox 519 3387 675 3449; x_wconf 88' lang='grc' dir='ltr'>κόσμον</span> <span class='ocrx_word' id='word_1_376' title='bbox 707 3387 782 3434; x_wconf 80' lang='grc' dir='ltr'><strong>οὐκ</strong></span> <span class='ocrx_word' id='word_1_377' title='bbox 811 3383 983 3432; x_wconf 71' lang='grc' dir='ltr'>ἔλαττον</span> <span class='ocrx_word' id='word_1_378' title='bbox 1003 3385 1123 3448; x_wconf 79' lang='grc' dir='ltr'>ὡρῶν</span> <span class='ocrx_word' id='word_1_379' title='bbox 1153 3382 1279 3439; x_wconf 84' lang='grc' dir='ltr'>δυοῖν,</span> <span class='ocrx_word' id='word_1_380' title='bbox 1308 3382 1364 3435; x_wconf 79' lang='grc' dir='ltr'>ὥς</span> <span class='ocrx_word' id='word_1_381' title='bbox 1394 3381 1430 3427; x_wconf 87' lang='grc' dir='ltr'><strong>δ’</strong></span> 
     </span>
    </p>
   </div>
   <div class='ocr_carea' id='block_1_6' title="bbox 1159 163 1754 215">
    <p class='ocr_par' dir='ltr' id='par_1_8' title="bbox 1159 163 1754 215">
     <span class='ocr_line' id='line_1_48' title="bbox 1159 163 1754 215; baseline -0.007 0"><span class='ocrx_word' id='word_1_382' title='bbox 1159 169 1239 215; x_wconf 81' lang='lat' dir='ltr'><strong>Ex</strong></span> <span class='ocrx_word' id='word_1_383' title='bbox 1272 163 1754 214; x_wconf 72' lang='lat' dir='ltr'><strong>AGA&#39;rnancfflnE</strong></span> 
     </span>
    </p>
   </div>
   <div class='ocr_carea' id='block_1_7' title="bbox 1552 164 2729 318">
    <p class='ocr_par' dir='ltr' id='par_1_9' title="bbox 1552 164 2729 318">
     <span class='ocr_line' id='line_1_49' title="bbox 2569 164 2729 224; baseline 0 -13"><span class='ocrx_word' id='word_1_384' title='bbox 2569 164 2729 224; x_wconf 62' lang='lat' dir='ltr'><strong>(scm.)</strong></span> 
     </span>
     <span class='ocr_line' id='line_1_50' title="bbox 1552 269 2728 318; baseline 0 -2"><span class='ocrx_word' id='word_1_385' title='bbox 1552 272 1647 317; x_wconf 79' lang='lat'><strong>105.</strong></span> <span class='ocrx_word' id='word_1_386' title='bbox 1667 272 1868 318; x_wconf 72' lang='lat' dir='ltr'><strong>Peculiui</strong></span> <span class='ocrx_word' id='word_1_387' title='bbox 1885 274 2009 316; x_wconf 83' lang='lat' dir='ltr'><strong>etiam</strong></span> <span class='ocrx_word' id='word_1_388' title='bbox 2026 280 2067 315; x_wconf 88' lang='lat' dir='ltr'><strong>et</strong></span> <span class='ocrx_word' id='word_1_389' title='bbox 2080 271 2245 315; x_wconf 82' lang='lat' dir='ltr'><strong>diverso</strong></span> <span class='ocrx_word' id='word_1_390' title='bbox 2273 280 2441 314; x_wconf 87' lang='lat' dir='ltr'><strong>narrant</strong></span> <span class='ocrx_word' id='word_1_391' title='bbox 2457 269 2584 315; x_wconf 90' lang='lat' dir='ltr'><strong>modo</strong></span> <span class='ocrx_word' id='word_1_392' title='bbox 2600 273 2728 316; x_wconf 78' lang='lat' dir='ltr'><strong>solem</strong></span> 
     </span>
    </p>
   </div>
   <div class='ocr_carea' id='block_1_8' title="bbox 2755 282 2808 314">
    <p class='ocr_par' dir='ltr' id='par_1_10' title="bbox 2755 282 2808 314">
     <span class='ocr_line' id='line_1_51' title="bbox 2755 282 2808 314; baseline -0.019 0"><span class='ocrx_word' id='word_1_393' title='bbox 2755 282 2808 314; x_wconf 49' lang='grc' dir='ltr'><strong>νῆ’</strong></span> 
     </span>
    </p>
   </div>
   <div class='ocr_carea' id='block_1_9' title="bbox 1490 347 2806 420">
    <p class='ocr_par' dir='ltr' id='par_1_11' title="bbox 1490 339 2806 420">
     <span class='ocr_line' id='line_1_52' title="bbox 1490 347 2806 420; baseline 0 -28"><span class='ocrx_word' id='word_1_394' title='bbox 1490 348 1678 392; x_wconf 75' lang='lat' dir='ltr'><strong>exhiberi</strong></span> <span class='ocrx_word' id='word_1_395' title='bbox 1704 349 1813 392; x_wconf 80' lang='lat' dir='ltr'><strong>ultra</strong></span> <span class='ocrx_word' id='word_1_396' title='bbox 1829 347 2142 392; x_wconf 75' lang='lat' dir='ltr'><strong>Ptolemaidem.</strong></span> <span class='ocrx_word' id='word_1_397' title='bbox 2200 349 2341 391; x_wconf 87' lang='lat' dir='ltr'><strong>Primo</strong></span> <span class='ocrx_word' id='word_1_398' title='bbox 2360 349 2507 402; x_wconf 87' lang='lat' dir='ltr'><strong>(aiunt</strong></span> <span class='ocrx_word' id='word_1_399' title='bbox 2525 348 2539 405; x_wconf 93' lang='lat'>)</span> <span class='ocrx_word' id='word_1_400' title='bbox 2561 362 2662 401; x_wconf 86' lang='lat' dir='ltr'><strong>non,</strong></span> <span class='ocrx_word' id='word_1_401' title='bbox 2682 358 2731 393; x_wconf 90' lang='lat' dir='ltr'><strong>ut</strong></span> <span class='ocrx_word' id='word_1_402' title='bbox 2749 359 2806 420; x_wconf 41' lang='grc' dir='ltr'><strong>(ΓΗ</strong></span> 
     </span>
    </p>
   </div>
   <div class='ocr_carea' id='block_1_10' title="bbox 1491 421 2732 710">
    <p class='ocr_par' dir='ltr' id='par_1_12' title="bbox 1491 421 2732 710">
     <span class='ocr_line' id='line_1_53' title="bbox 1491 421 2732 482; baseline 0.004 -19"><span class='ocrx_word' id='word_1_403' title='bbox 1491 421 1604 479; x_wconf 83' lang='lat' dir='ltr'><strong>apud</strong></span> <span class='ocrx_word' id='word_1_404' title='bbox 1631 437 1724 476; x_wconf 84' lang='lat' dir='ltr'><strong>nos,</strong></span> <span class='ocrx_word' id='word_1_405' title='bbox 1742 422 1878 467; x_wconf 79' lang='lat' dir='ltr'><strong>lucem</strong></span> <span class='ocrx_word' id='word_1_406' title='bbox 1906 423 2062 480; x_wconf 78' lang='lat' dir='ltr'><strong>absque</strong></span> <span class='ocrx_word' id='word_1_407' title='bbox 2081 423 2167 467; x_wconf 86' lang='lat' dir='ltr'><strong>sole</strong></span> <span class='ocrx_word' id='word_1_408' title='bbox 2188 438 2310 466; x_wconf 86' lang='lat' dir='ltr'><strong>mane</strong></span> <span class='ocrx_word' id='word_1_409' title='bbox 2330 423 2470 466; x_wconf 88' lang='lat' dir='ltr'><strong>vident</strong></span> <span class='ocrx_word' id='word_1_410' title='bbox 2493 423 2545 466; x_wconf 88' lang='lat' dir='ltr'><strong>ad</strong></span> <span class='ocrx_word' id='word_1_411' title='bbox 2568 433 2732 482; x_wconf 82' lang='lat' dir='ltr'><strong>tempus</strong></span> 
     </span>
     <span class='ocr_line' id='line_1_54' title="bbox 1491 498 2732 558; baseline 0.002 -16"><span class='ocrx_word' id='word_1_412' title='bbox 1491 498 1716 553; x_wconf 82' lang='lat' dir='ltr'><strong>mediocre,</strong></span> <span class='ocrx_word' id='word_1_413' title='bbox 1734 507 1777 542; x_wconf 88' lang='lat' dir='ltr'><strong>et</strong></span> <span class='ocrx_word' id='word_1_414' title='bbox 1794 508 1884 543; x_wconf 89' lang='lat' dir='ltr'><strong>tum</strong></span> <span class='ocrx_word' id='word_1_415' title='bbox 1899 499 2069 543; x_wconf 86' lang='lat' dir='ltr'><strong>demum</strong></span> <span class='ocrx_word' id='word_1_416' title='bbox 2084 499 2231 543; x_wconf 85' lang='lat' dir='ltr'><strong>sideris</strong></span> <span class='ocrx_word' id='word_1_417' title='bbox 2244 509 2452 552; x_wconf 85' lang='lat' dir='ltr'><strong>exortum,</strong></span> <span class='ocrx_word' id='word_1_418' title='bbox 2473 500 2545 542; x_wconf 85' lang='lat' dir='ltr'><strong>sed</strong></span> <span class='ocrx_word' id='word_1_419' title='bbox 2564 516 2614 543; x_wconf 85' lang='lat' dir='ltr'><strong>ex</strong></span> <span class='ocrx_word' id='word_1_420' title='bbox 2633 502 2732 558; x_wconf 83' lang='lat' dir='ltr'><strong>ipsis</strong></span> 
     </span>
     <span class='ocr_line' id='line_1_55' title="bbox 1491 575 2731 635; baseline 0.001 -16"><span class='ocrx_word' id='word_1_421' title='bbox 1491 576 1626 619; x_wconf 81' lang='lat' dir='ltr'><strong>noetis</strong></span> <span class='ocrx_word' id='word_1_422' title='bbox 1646 575 1828 620; x_wconf 75' lang='lat' dir='ltr'><strong>tenebris</strong></span> <span class='ocrx_word' id='word_1_423' title='bbox 1855 586 2025 635; x_wconf 86' lang='lat' dir='ltr'><strong>repente</strong></span> <span class='ocrx_word' id='word_1_424' title='bbox 2054 576 2116 619; x_wconf 88' lang='lat' dir='ltr'><strong>sol</strong></span> <span class='ocrx_word' id='word_1_425' title='bbox 2138 576 2330 632; x_wconf 74' lang='lat' dir='ltr'><strong>effulget,</strong></span> <span class='ocrx_word' id='word_1_426' title='bbox 2355 592 2432 619; x_wconf 89' lang='lat' dir='ltr'><strong>nec</strong></span> <span class='ocrx_word' id='word_1_427' title='bbox 2454 592 2640 634; x_wconf 90' lang='lat' dir='ltr'><strong>unquam</strong></span> <span class='ocrx_word' id='word_1_428' title='bbox 2674 578 2731 621; x_wconf 78' lang='lat' dir='ltr'><strong>ibi</strong></span> 
     </span>
     <span class='ocr_line' id='line_1_56' title="bbox 1491 651 2732 710; baseline 0.002 -16"><span class='ocrx_word' id='word_1_429' title='bbox 1491 652 1540 695; x_wconf 81' lang='lat' dir='ltr'><strong>fit</strong></span> <span class='ocrx_word' id='word_1_430' title='bbox 1552 651 1657 705; x_wconf 66' lang='lat' dir='ltr'><strong>dien,</strong></span> <span class='ocrx_word' id='word_1_431' title='bbox 1671 653 1916 710; x_wconf 83' lang='lat' dir='ltr'><strong>priusquam</strong></span> <span class='ocrx_word' id='word_1_432' title='bbox 1934 661 2070 696; x_wconf 88' lang='lat' dir='ltr'><strong>totum</strong></span> <span class='ocrx_word' id='word_1_433' title='bbox 2095 654 2351 710; x_wconf 82' lang='lat' dir='ltr'><strong>conspiciant</strong></span> <span class='ocrx_word' id='word_1_434' title='bbox 2367 654 2510 696; x_wconf 84' lang='lat' dir='ltr'><strong>solem.</strong></span> <span class='ocrx_word' id='word_1_435' title='bbox 2571 655 2732 696; x_wconf 82' lang='lat' dir='ltr'>Deinde</span> 
     </span>
    </p>
   </div>
   <div class='ocr_carea' id='block_1_11' title="bbox 2760 417 2808 734">
    <p class='ocr_par' dir='ltr' id='par_1_13' title="bbox 2760 417 2808 734">
     <span class='ocr_line' id='line_1_57' title="bbox 2760 417 2808 734; baseline 0 0"><span class='ocrx_word' id='word_1_436' title='bbox 2760 417 2808 734; x_wconf 60' lang='lat' dir='ltr'><strong>i</strong></span> 
     </span>
    </p>
   </div>
   <div class='ocr_carea' id='block_1_12' title="bbox 1491 728 2808 787">
    <p class='ocr_par' dir='ltr' id='par_1_14' title="bbox 1491 728 2808 787">
     <span class='ocr_line' id='line_1_58' title="bbox 1491 728 2808 787; baseline 0.003 -16"><span class='ocrx_word' id='word_1_437' title='bbox 1491 728 1554 771; x_wconf 80' lang='lat' dir='ltr'><strong>sol</strong></span> <span class='ocrx_word' id='word_1_438' title='bbox 1574 743 1626 772; x_wconf 85' lang='lat' dir='ltr'><strong>ex</strong></span> <span class='ocrx_word' id='word_1_439' title='bbox 1643 728 1784 772; x_wconf 82' lang='lat' dir='ltr'><strong>medio</strong></span> <span class='ocrx_word' id='word_1_440' title='bbox 1809 729 1953 787; x_wconf 75' lang='lat' dir='ltr'><strong>pelago</strong></span> <span class='ocrx_word' id='word_1_441' title='bbox 1974 729 2194 772; x_wconf 79' lang='lat' dir='ltr'><strong>ascendere</strong></span> <span class='ocrx_word' id='word_1_442' title='bbox 2210 730 2386 773; x_wconf 79' lang='lat' dir='ltr'><strong>videtur.</strong></span> <span class='ocrx_word' id='word_1_443' title='bbox 2444 732 2587 774; x_wconf 87' lang='lat' dir='ltr'><strong>Tertio</strong></span> <span class='ocrx_word' id='word_1_444' title='bbox 2609 731 2733 774; x_wconf 74' lang='lat' dir='ltr'><strong>offen-t</strong></span> <span class='ocrx_word' id='word_1_445' title='bbox 2800 743 2808 778; x_wconf 68' lang='grc' dir='ltr'><strong>’ς</strong></span> 
     </span>
    </p>
   </div>
   <div class='ocr_carea' id='block_1_13' title="bbox 1492 804 2736 1326">
    <p class='ocr_par' dir='ltr' id='par_1_15' title="bbox 1492 804 2736 1326">
     <span class='ocr_line' id='line_1_59' title="bbox 1492 804 2733 865; baseline 0.003 -18"><span class='ocrx_word' id='word_1_446' title='bbox 1492 819 1538 847; x_wconf 86' lang='lat' dir='ltr'><strong>se</strong></span> <span class='ocrx_word' id='word_1_447' title='bbox 1564 804 1735 848; x_wconf 79' lang='lat' dir='ltr'><strong>carboni</strong></span> <span class='ocrx_word' id='word_1_448' title='bbox 1764 805 2011 861; x_wconf 81' lang='lat' dir='ltr'><strong>ignitissimo</strong></span> <span class='ocrx_word' id='word_1_449' title='bbox 2037 806 2278 863; x_wconf 84' lang='lat' dir='ltr'><strong>persimilis,</strong></span> <span class='ocrx_word' id='word_1_450' title='bbox 2311 816 2351 849; x_wconf 90' lang='lat' dir='ltr'><strong>et</strong></span> <span class='ocrx_word' id='word_1_451' title='bbox 2373 807 2547 863; x_wconf 59' lang='lat' dir='ltr'><strong>grandes</strong></span> <span class='ocrx_word' id='word_1_452' title='bbox 2569 807 2733 865; x_wconf 77' lang='lat' dir='ltr'><strong>projicit</strong></span> 
     </span>
     <span class='ocr_line' id='line_1_60' title="bbox 1493 881 2734 942; baseline 0.004 -19"><span class='ocrx_word' id='word_1_453' title='bbox 1493 881 1704 934; x_wconf 82' lang='lat' dir='ltr'><strong>scintillas,</strong></span> <span class='ocrx_word' id='word_1_454' title='bbox 1724 881 1881 938; x_wconf 80' lang='lat' dir='ltr'><strong>aliquas</strong></span> <span class='ocrx_word' id='word_1_455' title='bbox 1899 882 1942 923; x_wconf 87' lang='lat' dir='ltr'><strong>in</strong></span> <span class='ocrx_word' id='word_1_456' title='bbox 1967 889 2146 924; x_wconf 83' lang='lat' dir='ltr'><strong>tractum</strong></span> <span class='ocrx_word' id='word_1_457' title='bbox 2166 882 2290 925; x_wconf 82' lang='lat' dir='ltr'><strong>sideri</strong></span> <span class='ocrx_word' id='word_1_458' title='bbox 2310 886 2576 927; x_wconf 74' lang='lat' dir='ltr'><strong>circumcirca</strong></span> <span class='ocrx_word' id='word_1_459' title='bbox 2595 888 2734 942; x_wconf 79' lang='lat' dir='ltr'><strong>proxi-</strong></span> 
     </span>
     <span class='ocr_line' id='line_1_61' title="bbox 1496 957 2733 1014; baseline 0.006 -15"><span class='ocrx_word' id='word_1_460' title='bbox 1496 972 1628 1009; x_wconf 88' lang='lat' dir='ltr'><strong>mum,</strong></span> <span class='ocrx_word' id='word_1_461' title='bbox 1649 957 1805 1014; x_wconf 83' lang='lat' dir='ltr'><strong>aliquas</strong></span> <span class='ocrx_word' id='word_1_462' title='bbox 1822 958 1947 999; x_wconf 84' lang='lat' dir='ltr'><strong>etiam</strong></span> <span class='ocrx_word' id='word_1_463' title='bbox 1964 957 2245 1014; x_wconf 76' lang='lat' dir='ltr'><strong>longinquius.</strong></span> <span class='ocrx_word' id='word_1_464' title='bbox 2304 962 2480 1014; x_wconf 88' lang='lat' dir='ltr'><strong>Quarto,</strong></span> <span class='ocrx_word' id='word_1_465' title='bbox 2509 978 2585 1005; x_wconf 86' lang='lat' dir='ltr'><strong>nec</strong></span> <span class='ocrx_word' id='word_1_466' title='bbox 2602 963 2662 1006; x_wconf 83' lang='lat' dir='ltr'><strong>sol</strong></span> <span class='ocrx_word' id='word_1_467' title='bbox 2681 964 2733 1005; x_wconf 84' lang='lat' dir='ltr'><strong>ad</strong></span> 
     </span>
     <span class='ocr_line' id='line_1_62' title="bbox 1494 1034 2733 1087; baseline 0.006 -10"><span class='ocrx_word' id='word_1_468' title='bbox 1494 1035 1597 1078; x_wconf 90' lang='lat' dir='ltr'><strong>disci</strong></span> <span class='ocrx_word' id='word_1_469' title='bbox 1617 1035 1793 1078; x_wconf 87' lang='lat' dir='ltr'><strong>sormam</strong></span> <span class='ocrx_word' id='word_1_470' title='bbox 1811 1049 1856 1077; x_wconf 85' lang='lat' dir='ltr'><strong>se</strong></span> <span class='ocrx_word' id='word_1_471' title='bbox 1879 1034 2028 1087; x_wconf 88' lang='lat' dir='ltr'><strong>habet,</strong></span> <span class='ocrx_word' id='word_1_472' title='bbox 2046 1034 2119 1077; x_wconf 81' lang='lat' dir='ltr'><strong>sed</strong></span> <span class='ocrx_word' id='word_1_473' title='bbox 2143 1050 2319 1078; x_wconf 75' lang='lat' dir='ltr'>crassam</span> <span class='ocrx_word' id='word_1_474' title='bbox 2345 1038 2469 1081; x_wconf 75' lang='lat' dir='ltr'><strong>refert</strong></span> <span class='ocrx_word' id='word_1_475' title='bbox 2498 1040 2733 1083; x_wconf 87' lang='lat' dir='ltr'><strong>columnam</strong></span> 
     </span>
     <span class='ocr_line' id='line_1_63' title="bbox 1495 1112 2731 1175; baseline 0.005 -20"><span class='ocrx_word' id='word_1_476' title='bbox 1495 1114 1704 1171; x_wconf 88' lang='lat' dir='ltr'><strong>principio</strong></span> <span class='ocrx_word' id='word_1_477' title='bbox 1718 1144 1731 1165; x_wconf 92' lang='lat'><strong>,</strong></span> <span class='ocrx_word' id='word_1_478' title='bbox 1762 1112 1880 1170; x_wconf 86' lang='lat' dir='ltr'><strong>cujus</strong></span> <span class='ocrx_word' id='word_1_479' title='bbox 1903 1128 1927 1155; x_wconf 92' lang='lat' dir='ltr'><strong>a</strong></span> <span class='ocrx_word' id='word_1_480' title='bbox 1952 1127 2118 1155; x_wconf 85' lang='lat' dir='ltr'><strong>summo</strong></span> <span class='ocrx_word' id='word_1_481' title='bbox 2146 1114 2301 1170; x_wconf 86' lang='lat' dir='ltr'><strong>species</strong></span> <span class='ocrx_word' id='word_1_482' title='bbox 2324 1114 2533 1172; x_wconf 87' lang='lat' dir='ltr'><strong>aliquanto</strong></span> <span class='ocrx_word' id='word_1_483' title='bbox 2557 1118 2731 1175; x_wconf 84' lang='lat' dir='ltr'><strong>plenior,</strong></span> 
     </span>
     <span class='ocr_line' id='line_1_64' title="bbox 1497 1191 2733 1250; baseline 0.005 -16"><span class='ocrx_word' id='word_1_484' title='bbox 1497 1193 1613 1249; x_wconf 90' lang='lat' dir='ltr'><strong>quasi</strong></span> <span class='ocrx_word' id='word_1_485' title='bbox 1628 1200 1777 1250; x_wconf 75' lang='lat' dir='ltr'><strong>caput,</strong></span> <span class='ocrx_word' id='word_1_486' title='bbox 1796 1200 2006 1249; x_wconf 77' lang='lat' dir='ltr'><strong>appareat.</strong></span> <span class='ocrx_word' id='word_1_487' title='bbox 2036 1192 2214 1246; x_wconf 85' lang='lat' dir='ltr'><strong>Quinto,</strong></span> <span class='ocrx_word' id='word_1_488' title='bbox 2235 1206 2312 1234; x_wconf 88' lang='lat' dir='ltr'><strong>nec</strong></span> <span class='ocrx_word' id='word_1_489' title='bbox 2322 1191 2447 1248; x_wconf 87' lang='lat' dir='ltr'><strong>jubar</strong></span> <span class='ocrx_word' id='word_1_490' title='bbox 2468 1209 2545 1238; x_wconf 90' lang='lat' dir='ltr'><strong>nec</strong></span> <span class='ocrx_word' id='word_1_491' title='bbox 2572 1197 2733 1240; x_wconf 83' lang='lat' dir='ltr'><strong>radium</strong></span> 
     </span>
     <span class='ocr_line' id='line_1_65' title="bbox 1497 1265 2736 1326; baseline 0.005 -19"><span class='ocrx_word' id='word_1_492' title='bbox 1497 1266 1595 1308; x_wconf 90' lang='lat' dir='ltr'><strong>inde</strong></span> <span class='ocrx_word' id='word_1_493' title='bbox 1622 1265 1899 1323; x_wconf 56' lang='lat' dir='ltr'><strong>resplendere,</strong></span> <span class='ocrx_word' id='word_1_494' title='bbox 1922 1274 2005 1308; x_wconf 89' lang='lat' dir='ltr'><strong>tam</strong></span> <span class='ocrx_word' id='word_1_495' title='bbox 2043 1267 2086 1308; x_wconf 90' lang='lat' dir='ltr'><strong>in</strong></span> <span class='ocrx_word' id='word_1_496' title='bbox 2106 1267 2209 1309; x_wconf 89' lang='lat' dir='ltr'><strong>mari</strong></span> <span class='ocrx_word' id='word_1_497' title='bbox 2234 1281 2359 1323; x_wconf 90' lang='lat' dir='ltr'><strong>quam</strong></span> <span class='ocrx_word' id='word_1_498' title='bbox 2381 1268 2423 1310; x_wconf 94' lang='lat' dir='ltr'><strong>in</strong></span> <span class='ocrx_word' id='word_1_499' title='bbox 2448 1276 2571 1321; x_wconf 86' lang='lat' dir='ltr'><strong>terra,</strong></span> <span class='ocrx_word' id='word_1_500' title='bbox 2598 1270 2736 1326; x_wconf 88' lang='lat' dir='ltr'><strong>perhi-</strong></span> 
     </span>
    </p>
   </div>
   <div class='ocr_carea' id='block_1_14' title="bbox 1498 1340 2808 1469">
    <p class='ocr_par' dir='ltr' id='par_1_16' title="bbox 1498 1340 2808 1469">
     <span class='ocr_line' id='line_1_66' title="bbox 1500 1340 2808 1398; baseline 0.005 -17"><span class='ocrx_word' id='word_1_501' title='bbox 1500 1340 1616 1392; x_wconf 88' lang='lat' dir='ltr'><strong>bent,</strong></span> <span class='ocrx_word' id='word_1_502' title='bbox 1642 1355 1775 1397; x_wconf 88' lang='lat' dir='ltr'><strong>usque</strong></span> <span class='ocrx_word' id='word_1_503' title='bbox 1794 1340 1847 1382; x_wconf 89' lang='lat' dir='ltr'><strong>ad</strong></span> <span class='ocrx_word' id='word_1_504' title='bbox 1876 1341 2033 1382; x_wconf 88' lang='lat' dir='ltr'><strong>exitum</strong></span> <span class='ocrx_word' id='word_1_505' title='bbox 2053 1340 2167 1383; x_wconf 87' lang='lat' dir='ltr'><strong>horae</strong></span> <span class='ocrx_word' id='word_1_506' title='bbox 2185 1342 2351 1398; x_wconf 85' lang='lat' dir='ltr'><strong>primae,</strong></span> <span class='ocrx_word' id='word_1_507' title='bbox 2377 1341 2450 1383; x_wconf 88' lang='lat' dir='ltr'><strong>sed</strong></span> <span class='ocrx_word' id='word_1_508' title='bbox 2477 1343 2643 1385; x_wconf 77' lang='lat' dir='ltr'>interim</span> <span class='ocrx_word' id='word_1_509' title='bbox 2661 1358 2738 1387; x_wconf 89' lang='lat' dir='ltr'><strong>ceu</strong></span> <span class='ocrx_word' id='word_1_510' title='bbox 2801 1350 2808 1393; x_wconf 67' lang='lat' dir='ltr'>j</span> 
     </span>
     <span class='ocr_line' id='line_1_67' title="bbox 1498 1412 2806 1469; baseline 0.005 -14"><span class='ocrx_word' id='word_1_511' title='bbox 1498 1415 1636 1469; x_wconf 85' lang='lat' dir='ltr'><strong>ignem</strong></span> <span class='ocrx_word' id='word_1_512' title='bbox 1655 1428 1742 1455; x_wconf 85' lang='lat' dir='ltr'><strong>esse</strong></span> <span class='ocrx_word' id='word_1_513' title='bbox 1757 1428 1841 1456; x_wconf 91' lang='lat' dir='ltr'><strong>non</strong></span> <span class='ocrx_word' id='word_1_514' title='bbox 1857 1412 2061 1465; x_wconf 84' lang='lat' dir='ltr'><strong>lucidum,</strong></span> <span class='ocrx_word' id='word_1_515' title='bbox 2079 1413 2249 1469; x_wconf 83' lang='lat' dir='ltr'><strong>caligine</strong></span> <span class='ocrx_word' id='word_1_516' title='bbox 2265 1413 2513 1458; x_wconf 85' lang='lat' dir='ltr'><strong>involutum.</strong></span> <span class='ocrx_word' id='word_1_517' title='bbox 2549 1416 2738 1460; x_wconf 77' lang='lat' dir='ltr'><strong>Secunda</strong></span> <span class='ocrx_word' id='word_1_518' title='bbox 2804 1460 2806 1463; x_wconf 82' lang='grc'>,</span> 
     </span>
    </p>
   </div>
   <div class='ocr_carea' id='block_1_15' title="bbox 1496 1486 2742 2130">
    <p class='ocr_par' dir='ltr' id='par_1_17' title="bbox 1496 1486 2742 2130">
     <span class='ocr_line' id='line_1_68' title="bbox 1496 1486 2734 1547; baseline 0.004 -18"><span class='ocrx_word' id='word_1_519' title='bbox 1496 1496 1634 1530; x_wconf 91' lang='lat' dir='ltr'><strong>autem</strong></span> <span class='ocrx_word' id='word_1_520' title='bbox 1664 1488 1768 1530; x_wconf 90' lang='lat' dir='ltr'><strong>hora</strong></span> <span class='ocrx_word' id='word_1_521' title='bbox 1808 1486 1923 1530; x_wconf 83' lang='lat' dir='ltr'><strong>sidus</strong></span> <span class='ocrx_word' id='word_1_522' title='bbox 1950 1496 2085 1531; x_wconf 87' lang='lat' dir='ltr'><strong>totum</strong></span> <span class='ocrx_word' id='word_1_523' title='bbox 2115 1487 2361 1541; x_wconf 86' lang='lat' dir='ltr'><strong>ascendere,</strong></span> <span class='ocrx_word' id='word_1_524' title='bbox 2395 1489 2526 1546; x_wconf 81' lang='lat' dir='ltr'><strong>clypei</strong></span> <span class='ocrx_word' id='word_1_525' title='bbox 2559 1491 2734 1547; x_wconf 83' lang='lat' dir='ltr'><strong>effigiem</strong></span> 
     </span>
     <span class='ocr_line' id='line_1_69' title="bbox 1497 1562 2735 1619; baseline 0.003 -16"><span class='ocrx_word' id='word_1_526' title='bbox 1497 1570 1815 1619; x_wconf 65' lang='lat' dir='ltr'><strong>repraesentans,</strong></span> <span class='ocrx_word' id='word_1_527' title='bbox 1839 1570 1881 1604; x_wconf 91' lang='lat' dir='ltr'><strong>et</strong></span> <span class='ocrx_word' id='word_1_528' title='bbox 1901 1570 2019 1604; x_wconf 85' lang='lat' dir='ltr'><strong>terrae</strong></span> <span class='ocrx_word' id='word_1_529' title='bbox 2040 1563 2226 1619; x_wconf 89' lang='lat' dir='ltr'><strong>marique</strong></span> <span class='ocrx_word' id='word_1_530' title='bbox 2247 1571 2288 1605; x_wconf 91' lang='lat' dir='ltr'><strong>et</strong></span> <span class='ocrx_word' id='word_1_531' title='bbox 2318 1562 2462 1605; x_wconf 65' lang='lat' dir='ltr'><strong>formae</strong></span> <span class='ocrx_word' id='word_1_532' title='bbox 2489 1562 2675 1607; x_wconf 85' lang='lat' dir='ltr'><strong>habitum</strong></span> <span class='ocrx_word' id='word_1_533' title='bbox 2695 1574 2735 1608; x_wconf 85' lang='lat' dir='ltr'><strong>et</strong></span> 
     </span>
     <span class='ocr_line' id='line_1_70' title="bbox 1497 1635 2736 1692; baseline 0.002 -14"><span class='ocrx_word' id='word_1_534' title='bbox 1497 1635 1630 1678; x_wconf 86' lang='lat' dir='ltr'><strong>lucem</strong></span> <span class='ocrx_word' id='word_1_535' title='bbox 1646 1637 1868 1678; x_wconf 82' lang='lat' dir='ltr'><strong>immittere</strong></span> <span class='ocrx_word' id='word_1_536' title='bbox 1883 1644 1967 1678; x_wconf 86' lang='lat' dir='ltr'><strong>tam</strong></span> <span class='ocrx_word' id='word_1_537' title='bbox 1986 1636 2227 1679; x_wconf 85' lang='lat' dir='ltr'><strong>insolentem</strong></span> <span class='ocrx_word' id='word_1_538' title='bbox 2246 1645 2287 1679; x_wconf 90' lang='lat' dir='ltr'><strong>et</strong></span> <span class='ocrx_word' id='word_1_539' title='bbox 2307 1637 2467 1692; x_wconf 81' lang='lat' dir='ltr'><strong>igneam</strong></span> <span class='ocrx_word' id='word_1_540' title='bbox 2483 1668 2495 1690; x_wconf 91' lang='lat'><strong>,</strong></span> <span class='ocrx_word' id='word_1_541' title='bbox 2517 1646 2565 1680; x_wconf 91' lang='lat' dir='ltr'><strong>ut</strong></span> <span class='ocrx_word' id='word_1_542' title='bbox 2583 1639 2736 1681; x_wconf 85' lang='lat' dir='ltr'><strong>utrius-</strong></span> 
     </span>
     <span class='ocr_line' id='line_1_71' title="bbox 1497 1708 2735 1766; baseline 0.003 -15"><span class='ocrx_word' id='word_1_543' title='bbox 1497 1724 1579 1765; x_wconf 88' lang='lat' dir='ltr'><strong>que</strong></span> <span class='ocrx_word' id='word_1_544' title='bbox 1628 1708 1895 1752; x_wconf 85' lang='lat' dir='ltr'><strong>immodicam</strong></span> <span class='ocrx_word' id='word_1_545' title='bbox 1942 1724 2029 1752; x_wconf 66' lang='lat' dir='ltr'><strong>oese</strong></span> <span class='ocrx_word' id='word_1_546' title='bbox 2085 1709 2411 1766; x_wconf 80' lang='lat' dir='ltr'><strong>magnitudinem</strong></span> <span class='ocrx_word' id='word_1_547' title='bbox 2462 1712 2735 1756; x_wconf 78' lang='lat' dir='ltr'><strong>existimetur.</strong></span> 
     </span>
     <span class='ocr_line' id='line_1_72' title="bbox 1498 1781 2737 1834; baseline 0.004 -11"><span class='ocrx_word' id='word_1_548' title='bbox 1498 1783 1649 1834; x_wconf 84' lang='lat' dir='ltr'><strong>Sexto,</strong></span> <span class='ocrx_word' id='word_1_549' title='bbox 1685 1781 1738 1824; x_wconf 89' lang='lat' dir='ltr'><strong>ad</strong></span> <span class='ocrx_word' id='word_1_550' title='bbox 1771 1797 1963 1824; x_wconf 74' lang='lat' dir='ltr'><strong>oceasum</strong></span> <span class='ocrx_word' id='word_1_551' title='bbox 1993 1784 2203 1825; x_wconf 79' lang='lat' dir='ltr'><strong>contrario</strong></span> <span class='ocrx_word' id='word_1_552' title='bbox 2234 1782 2428 1826; x_wconf 75' lang='lat' dir='ltr'><strong>affectum</strong></span> <span class='ocrx_word' id='word_1_553' title='bbox 2454 1783 2582 1826; x_wconf 88' lang='lat' dir='ltr'><strong>modo</strong></span> <span class='ocrx_word' id='word_1_554' title='bbox 2609 1784 2737 1828; x_wconf 85' lang='lat' dir='ltr'><strong>solem</strong></span> 
     </span>
     <span class='ocr_line' id='line_1_73' title="bbox 1499 1853 2742 1912; baseline 0.004 -17"><span class='ocrx_word' id='word_1_555' title='bbox 1499 1854 1682 1911; x_wconf 87' lang='lat' dir='ltr'><strong>conspici</strong></span> <span class='ocrx_word' id='word_1_556' title='bbox 1703 1853 1927 1896; x_wconf 84' lang='lat' dir='ltr'><strong>affirmant.</strong></span> <span class='ocrx_word' id='word_1_557' title='bbox 1986 1856 2209 1912; x_wconf 86' lang='lat' dir='ltr'><strong>Postquam</strong></span> <span class='ocrx_word' id='word_1_558' title='bbox 2226 1857 2337 1898; x_wconf 89' lang='lat' dir='ltr'><strong>enim</strong></span> <span class='ocrx_word' id='word_1_559' title='bbox 2355 1855 2656 1899; x_wconf 86' lang='lat' dir='ltr'><strong>demersionem</strong></span> <span class='ocrx_word' id='word_1_560' title='bbox 2679 1859 2742 1900; x_wconf 90' lang='lat' dir='ltr'><strong>in-</strong></span> 
     </span>
     <span class='ocr_line' id='line_1_74' title="bbox 1501 1926 2738 1987; baseline 0.002 -19"><span class='ocrx_word' id='word_1_561' title='bbox 1501 1926 1564 1968; x_wconf 80' lang='lat' dir='ltr'><strong>fra</strong></span> <span class='ocrx_word' id='word_1_562' title='bbox 1593 1934 1745 1969; x_wconf 87' lang='lat' dir='ltr'><strong>terram</strong></span> <span class='ocrx_word' id='word_1_563' title='bbox 1770 1926 1975 1980; x_wconf 87' lang='lat' dir='ltr'><strong>ostendit,</strong></span> <span class='ocrx_word' id='word_1_564' title='bbox 2009 1942 2094 1970; x_wconf 92' lang='lat' dir='ltr'><strong>non</strong></span> <span class='ocrx_word' id='word_1_565' title='bbox 2129 1929 2365 1983; x_wconf 85' lang='lat' dir='ltr'><strong>angustiore</strong></span> <span class='ocrx_word' id='word_1_566' title='bbox 2386 1927 2579 1986; x_wconf 79' lang='lat' dir='ltr'><strong>deinceps</strong></span> <span class='ocrx_word' id='word_1_567' title='bbox 2606 1931 2738 1987; x_wconf 90' lang='lat' dir='ltr'><strong>spatio</strong></span> 
     </span>
     <span class='ocr_line' id='line_1_75' title="bbox 1499 1998 2736 2059; baseline 0.003 -19"><span class='ocrx_word' id='word_1_568' title='bbox 1499 1998 1633 2041; x_wconf 88' lang='lat' dir='ltr'><strong>tribus</strong></span> <span class='ocrx_word' id='word_1_569' title='bbox 1664 1999 1779 2042; x_wconf 89' lang='lat' dir='ltr'><strong>horis</strong></span> <span class='ocrx_word' id='word_1_570' title='bbox 1806 1999 1946 2042; x_wconf 91' lang='lat' dir='ltr'><strong>lumen</strong></span> <span class='ocrx_word' id='word_1_571' title='bbox 1980 2009 2093 2043; x_wconf 90' lang='lat' dir='ltr'><strong>retro</strong></span> <span class='ocrx_word' id='word_1_572' title='bbox 2122 2002 2262 2043; x_wconf 88' lang='lat' dir='ltr'><strong>mittit.</strong></span> <span class='ocrx_word' id='word_1_573' title='bbox 2322 2000 2449 2055; x_wconf 91' lang='lat' dir='ltr'><strong>Quod</strong></span> <span class='ocrx_word' id='word_1_574' title='bbox 2477 2010 2639 2059; x_wconf 87' lang='lat' dir='ltr'><strong>tempus</strong></span> <span class='ocrx_word' id='word_1_575' title='bbox 2669 2017 2736 2044; x_wconf 79' lang='lat' dir='ltr'><strong>vc-</strong></span> 
     </span>
     <span class='ocr_line' id='line_1_76' title="bbox 1500 2071 2586 2130; baseline 0.004 -18"><span class='ocrx_word' id='word_1_576' title='bbox 1500 2085 1628 2128; x_wconf 82' lang='lat' dir='ltr'><strong>sperae</strong></span> <span class='ocrx_word' id='word_1_577' title='bbox 1639 2071 1990 2127; x_wconf 85' lang='lat' dir='ltr'><strong>jucundissimum</strong></span> <span class='ocrx_word' id='word_1_578' title='bbox 2013 2072 2124 2130; x_wconf 89' lang='lat' dir='ltr'><strong>apud</strong></span> <span class='ocrx_word' id='word_1_579' title='bbox 2149 2088 2192 2115; x_wconf 90' lang='lat' dir='ltr'><strong>se</strong></span> <span class='ocrx_word' id='word_1_580' title='bbox 2214 2088 2300 2115; x_wconf 88' lang='lat' dir='ltr'><strong>esse</strong></span> <span class='ocrx_word' id='word_1_581' title='bbox 2320 2073 2586 2117; x_wconf 77' lang='lat' dir='ltr'><strong>arbitrantur.</strong></span> 
     </span>
    </p>
   </div>
   <div class='ocr_carea' id='block_1_16' title="bbox 1458 2168 1783 2175">
    <p class='ocr_par' dir='ltr' id='par_1_18' title="bbox 1458 2168 1783 2175">
     <span class='ocr_line' id='line_1_77' title="bbox 1458 2168 1783 2175; baseline 0 2167"><span class='ocrx_word' id='word_1_582' title='bbox 1458 2168 1783 2175; x_wconf 95' lang='lat' dir='ltr'><strong> </strong></span> 
     </span>
    </p>
   </div>
   <div class='ocr_carea' id='block_1_17' title="bbox 1489 2210 2742 2355">
    <p class='ocr_par' dir='ltr' id='par_1_19' title="bbox 1489 2210 2742 2355">
     <span class='ocr_line' id='line_1_78' title="bbox 1556 2210 2742 2269; baseline 0.004 -17"><span class='ocrx_word' id='word_1_583' title='bbox 1556 2210 1648 2253; x_wconf 86' lang='lat'><strong>105.</strong></span> <span class='ocrx_word' id='word_1_584' title='bbox 1680 2212 1768 2254; x_wconf 88' lang='lat' dir='ltr'><strong>Nec</strong></span> <span class='ocrx_word' id='word_1_585' title='bbox 1786 2212 1930 2264; x_wconf 88' lang='lat' dir='ltr'><strong>solem,</strong></span> <span class='ocrx_word' id='word_1_586' title='bbox 1951 2220 2000 2254; x_wconf 92' lang='lat' dir='ltr'><strong>ut</strong></span> <span class='ocrx_word' id='word_1_587' title='bbox 2017 2211 2130 2269; x_wconf 90' lang='lat' dir='ltr'><strong>apud</strong></span> <span class='ocrx_word' id='word_1_588' title='bbox 2155 2227 2232 2254; x_wconf 92' lang='lat' dir='ltr'><strong>nos</strong></span> <span class='ocrx_word' id='word_1_589' title='bbox 2252 2244 2263 2264; x_wconf 93' lang='lat'><strong>,</strong></span> <span class='ocrx_word' id='word_1_590' title='bbox 2289 2212 2501 2255; x_wconf 88' lang='lat' dir='ltr'><strong>modicum</strong></span> <span class='ocrx_word' id='word_1_591' title='bbox 2523 2216 2635 2257; x_wconf 88' lang='lat' dir='ltr'><strong>ortui</strong></span> <span class='ocrx_word' id='word_1_592' title='bbox 2661 2229 2742 2257; x_wconf 88' lang='lat' dir='ltr'><strong>suo</strong></span> 
     </span>
     <span class='ocr_line' id='line_1_79' title="bbox 1489 2296 2736 2355; baseline 0.003 -16"><span class='ocrx_word' id='word_1_593' title='bbox 1489 2296 1615 2353; x_wconf 87' lang='lat' dir='ltr'><strong>jubar</strong></span> <span class='ocrx_word' id='word_1_594' title='bbox 1630 2299 1894 2355; x_wconf 72' lang='lat' dir='ltr'><strong>praemittere,</strong></span> <span class='ocrx_word' id='word_1_595' title='bbox 1911 2297 1984 2340; x_wconf 90' lang='lat' dir='ltr'><strong>sed</strong></span> <span class='ocrx_word' id='word_1_596' title='bbox 1999 2299 2242 2355; x_wconf 87' lang='lat' dir='ltr'><strong>intempesta</strong></span> <span class='ocrx_word' id='word_1_597' title='bbox 2261 2298 2398 2341; x_wconf 86' lang='lat' dir='ltr'><strong>adhuc</strong></span> <span class='ocrx_word' id='word_1_598' title='bbox 2411 2307 2533 2342; x_wconf 88' lang='lat' dir='ltr'><strong>nocte</strong></span> <span class='ocrx_word' id='word_1_599' title='bbox 2547 2299 2736 2343; x_wconf 75' lang='lat' dir='ltr'><strong>insolenti</strong></span> 
     </span>
    </p>
   </div>
   <div class='ocr_carea' id='block_1_18' title="bbox 1495 2384 2741 2443">
    <p class='ocr_par' dir='ltr' id='par_1_20' title="bbox 1495 2384 2741 2443">
     <span class='ocr_line' id='line_1_80' title="bbox 1495 2384 2741 2443; baseline 0.003 -16"><span class='ocrx_word' id='word_1_600' title='bbox 1495 2386 1751 2442; x_wconf 85' lang='lat' dir='ltr'><strong>apparitione</strong></span> <span class='ocrx_word' id='word_1_601' title='bbox 1790 2385 1929 2428; x_wconf 85' lang='lat' dir='ltr'><strong>subito</strong></span> <span class='ocrx_word' id='word_1_602' title='bbox 1972 2384 2184 2441; x_wconf 75' lang='lat' dir='ltr'><strong>effulgere.</strong></span> <span class='ocrx_word' id='word_1_603' title='bbox 2265 2384 2366 2428; x_wconf 90' lang='lat' dir='ltr'><strong>Ideo</strong></span> <span class='ocrx_word' id='word_1_604' title='bbox 2402 2399 2617 2443; x_wconf 84' lang='lat' dir='ltr'><strong>nunquam</strong></span> <span class='ocrx_word' id='word_1_605' title='bbox 2658 2386 2741 2431; x_wconf 87' lang='lat' dir='ltr'><strong>illic</strong></span> 
     </span>
    </p>
   </div>
   <div class='ocr_carea' id='block_1_19' title="bbox 1495 2470 2741 3178">
    <p class='ocr_par' dir='ltr' id='par_1_21' title="bbox 1495 2470 2741 3178">
     <span class='ocr_line' id='line_1_81' title="bbox 1495 2470 2738 2528; baseline 0.002 -16"><span class='ocrx_word' id='word_1_606' title='bbox 1495 2471 1612 2526; x_wconf 86' lang='lat' dir='ltr'><strong>prius</strong></span> <span class='ocrx_word' id='word_1_607' title='bbox 1644 2470 1873 2521; x_wconf 84' lang='lat' dir='ltr'><strong>lucescere.</strong></span> <span class='ocrx_word' id='word_1_608' title='bbox 1895 2485 2021 2527; x_wconf 91' lang='lat' dir='ltr'><strong>quam</strong></span> <span class='ocrx_word' id='word_1_609' title='bbox 2044 2470 2106 2513; x_wconf 82' lang='lat' dir='ltr'><strong>sol</strong></span> <span class='ocrx_word' id='word_1_610' title='bbox 2137 2472 2430 2528; x_wconf 77' lang='lat' dir='ltr'><strong>conspiciatur.</strong></span> <span class='ocrx_word' id='word_1_611' title='bbox 2489 2472 2554 2514; x_wconf 80' lang='lat' dir='ltr'><strong>Ex</strong></span> <span class='ocrx_word' id='word_1_612' title='bbox 2581 2471 2738 2525; x_wconf 85' lang='lat' dir='ltr'><strong>medio,</strong></span> 
     </span>
     <span class='ocr_line' id='line_1_82' title="bbox 1497 2553 2738 2611; baseline 0.002 -16"><span class='ocrx_word' id='word_1_613' title='bbox 1497 2562 1544 2595; x_wconf 89' lang='lat' dir='ltr'><strong>ut</strong></span> <span class='ocrx_word' id='word_1_614' title='bbox 1564 2562 1695 2606; x_wconf 77' lang='lat' dir='ltr'><strong>alunt,</strong></span> <span class='ocrx_word' id='word_1_615' title='bbox 1719 2563 1862 2611; x_wconf 79' lang='lat' dir='ltr'><strong>pelago</strong></span> <span class='ocrx_word' id='word_1_616' title='bbox 1887 2555 2085 2609; x_wconf 83' lang='lat' dir='ltr'><strong>emergit,</strong></span> <span class='ocrx_word' id='word_1_617' title='bbox 2106 2553 2299 2596; x_wconf 88' lang='lat' dir='ltr'><strong>candenti</strong></span> <span class='ocrx_word' id='word_1_618' title='bbox 2321 2553 2509 2596; x_wconf 86' lang='lat' dir='ltr'><strong>assimilis</strong></span> <span class='ocrx_word' id='word_1_619' title='bbox 2540 2553 2738 2607; x_wconf 77' lang='lat' dir='ltr'><strong>carboni,</strong></span> 
     </span>
     <span class='ocr_line' id='line_1_83' title="bbox 1497 2632 2740 2689; baseline 0.002 -14"><span class='ocrx_word' id='word_1_620' title='bbox 1497 2641 1538 2675; x_wconf 91' lang='lat' dir='ltr'><strong>et</strong></span> <span class='ocrx_word' id='word_1_621' title='bbox 1555 2633 1749 2675; x_wconf 86' lang='lat' dir='ltr'><strong>scintillas</strong></span> <span class='ocrx_word' id='word_1_622' title='bbox 1766 2632 1819 2675; x_wconf 92' lang='lat' dir='ltr'><strong>de</strong></span> <span class='ocrx_word' id='word_1_623' title='bbox 1837 2647 1881 2674; x_wconf 88' lang='lat' dir='ltr'><strong>se</strong></span> <span class='ocrx_word' id='word_1_624' title='bbox 1903 2634 2088 2688; x_wconf 87' lang='lat' dir='ltr'><strong>ingentes</strong></span> <span class='ocrx_word' id='word_1_625' title='bbox 2106 2632 2287 2689; x_wconf 85' lang='lat' dir='ltr'><strong>projicit.</strong></span> <span class='ocrx_word' id='word_1_626' title='bbox 2349 2633 2436 2674; x_wconf 85' lang='lat' dir='ltr'><strong>Nec</strong></span> <span class='ocrx_word' id='word_1_627' title='bbox 2452 2632 2647 2685; x_wconf 82' lang='lat' dir='ltr'><strong>rotunda,</strong></span> <span class='ocrx_word' id='word_1_628' title='bbox 2667 2643 2740 2677; x_wconf 81' lang='lat' dir='ltr'><strong>aut</strong></span> 
     </span>
     <span class='ocr_line' id='line_1_84' title="bbox 1497 2714 2741 2771; baseline 0.001 -13"><span class='ocrx_word' id='word_1_629' title='bbox 1497 2716 1617 2768; x_wconf 90' lang='lat' dir='ltr'><strong>disci,</strong></span> <span class='ocrx_word' id='word_1_630' title='bbox 1644 2725 1692 2758; x_wconf 92' lang='lat' dir='ltr'><strong>ut</strong></span> <span class='ocrx_word' id='word_1_631' title='bbox 1714 2716 1834 2758; x_wconf 88' lang='lat' dir='ltr'><strong>nobis</strong></span> <span class='ocrx_word' id='word_1_632' title='bbox 1852 2715 2032 2768; x_wconf 87' lang='lat' dir='ltr'><strong>videtur,</strong></span> <span class='ocrx_word' id='word_1_633' title='bbox 2062 2716 2194 2771; x_wconf 80' lang='lat' dir='ltr'><strong>figura</strong></span> <span class='ocrx_word' id='word_1_634' title='bbox 2208 2725 2403 2771; x_wconf 87' lang='lat' dir='ltr'><strong>apparet,</strong></span> <span class='ocrx_word' id='word_1_635' title='bbox 2442 2714 2513 2757; x_wconf 83' lang='lat' dir='ltr'><strong>sed</strong></span> <span class='ocrx_word' id='word_1_636' title='bbox 2536 2714 2741 2759; x_wconf 65' lang='lat' dir='ltr'><strong>columne</strong></span> 
     </span>
     <span class='ocr_line' id='line_1_85' title="bbox 1497 2793 2736 2853; baseline -0.001 -14"><span class='ocrx_word' id='word_1_637' title='bbox 1497 2797 1675 2853; x_wconf 86' lang='lat' dir='ltr'><strong>speciem</strong></span> <span class='ocrx_word' id='word_1_638' title='bbox 1694 2796 1846 2848; x_wconf 81' lang='lat' dir='ltr'><strong>refert,</strong></span> <span class='ocrx_word' id='word_1_639' title='bbox 1871 2795 1989 2851; x_wconf 89' lang='lat' dir='ltr'><strong>cujus</strong></span> <span class='ocrx_word' id='word_1_640' title='bbox 2014 2803 2139 2852; x_wconf 76' lang='lat' dir='ltr'><strong>eaput</strong></span> <span class='ocrx_word' id='word_1_641' title='bbox 2165 2793 2388 2851; x_wconf 90' lang='lat' dir='ltr'><strong>aliquando</strong></span> <span class='ocrx_word' id='word_1_642' title='bbox 2419 2795 2592 2837; x_wconf 79' lang='lat' dir='ltr'><strong>crassius</strong></span> <span class='ocrx_word' id='word_1_643' title='bbox 2609 2810 2736 2853; x_wconf 87' lang='lat' dir='ltr'><strong>appa-</strong></span> 
     </span>
     <span class='ocr_line' id='line_1_86' title="bbox 1498 2873 2736 2932; baseline -0.001 -13"><span class='ocrx_word' id='word_1_644' title='bbox 1498 2885 1600 2919; x_wconf 88' lang='lat' dir='ltr'><strong>reat.</strong></span> <span class='ocrx_word' id='word_1_645' title='bbox 1659 2878 1861 2920; x_wconf 79' lang='lat' dir='ltr'><strong>Praeterea</strong></span> <span class='ocrx_word' id='word_1_646' title='bbox 1892 2889 2027 2932; x_wconf 84' lang='lat' dir='ltr'><strong>neque</strong></span> <span class='ocrx_word' id='word_1_647' title='bbox 2059 2874 2321 2932; x_wconf 81' lang='lat' dir='ltr'><strong>splendorem</strong></span> <span class='ocrx_word' id='word_1_648' title='bbox 2354 2889 2488 2931; x_wconf 87' lang='lat' dir='ltr'><strong>neque</strong></span> <span class='ocrx_word' id='word_1_649' title='bbox 2514 2873 2651 2918; x_wconf 85' lang='lat' dir='ltr'><strong>radios</strong></span> <span class='ocrx_word' id='word_1_650' title='bbox 2683 2876 2736 2918; x_wconf 91' lang='lat' dir='ltr'><strong>ad</strong></span> 
     </span>
     <span class='ocr_line' id='line_1_87' title="bbox 1498 2956 2738 3016; baseline 0.001 -15"><span class='ocrx_word' id='word_1_651' title='bbox 1498 2960 1674 3016; x_wconf 85' lang='lat' dir='ltr'><strong>primam</strong></span> <span class='ocrx_word' id='word_1_652' title='bbox 1693 2973 1824 3015; x_wconf 83' lang='lat' dir='ltr'><strong>usque</strong></span> <span class='ocrx_word' id='word_1_653' title='bbox 1841 2958 1987 3001; x_wconf 87' lang='lat' dir='ltr'><strong>horam</strong></span> <span class='ocrx_word' id='word_1_654' title='bbox 2007 2956 2159 3009; x_wconf 83' lang='lat' dir='ltr'><strong>fundit,</strong></span> <span class='ocrx_word' id='word_1_655' title='bbox 2180 2956 2252 2999; x_wconf 79' lang='lat' dir='ltr'><strong>sed</strong></span> <span class='ocrx_word' id='word_1_656' title='bbox 2273 2965 2319 2999; x_wconf 90' lang='lat' dir='ltr'><strong>ut</strong></span> <span class='ocrx_word' id='word_1_657' title='bbox 2341 2958 2446 3013; x_wconf 86' lang='lat' dir='ltr'><strong>ignis</strong></span> <span class='ocrx_word' id='word_1_658' title='bbox 2466 2956 2622 3015; x_wconf 84' lang='lat' dir='ltr'><strong>absque</strong></span> <span class='ocrx_word' id='word_1_659' title='bbox 2644 2957 2738 3002; x_wconf 86' lang='lat' dir='ltr'><strong>luce</strong></span> 
     </span>
     <span class='ocr_line' id='line_1_88' title="bbox 1498 3034 2740 3096; baseline -0.001 -12"><span class='ocrx_word' id='word_1_660' title='bbox 1498 3043 1541 3083; x_wconf 85' lang='lat' dir='ltr'><strong>in</strong></span> <span class='ocrx_word' id='word_1_661' title='bbox 1562 3034 1740 3084; x_wconf 81' lang='lat' dir='ltr'><strong>tenebris</strong></span> <span class='ocrx_word' id='word_1_662' title='bbox 1757 3042 1921 3083; x_wconf 88' lang='lat' dir='ltr'><strong>emicat.</strong></span> <span class='ocrx_word' id='word_1_663' title='bbox 1981 3039 2155 3082; x_wconf 86' lang='lat' dir='ltr'><strong>Ineunte</strong></span> <span class='ocrx_word' id='word_1_664' title='bbox 2173 3038 2351 3081; x_wconf 87' lang='lat' dir='ltr'><strong>secunda</strong></span> <span class='ocrx_word' id='word_1_665' title='bbox 2368 3070 2379 3090; x_wconf 91' lang='lat'><strong>,</strong></span> <span class='ocrx_word' id='word_1_666' title='bbox 2400 3038 2531 3096; x_wconf 84' lang='lat' dir='ltr'><strong>clypei</strong></span> <span class='ocrx_word' id='word_1_667' title='bbox 2561 3039 2740 3083; x_wconf 75' lang='lat' dir='ltr'><strong>sormam</strong></span> 
     </span>
     <span class='ocr_line' id='line_1_89' title="bbox 1503 3120 2738 3178; baseline -0.001 -13"><span class='ocrx_word' id='word_1_668' title='bbox 1503 3123 1661 3175; x_wconf 88' lang='lat' dir='ltr'><strong>induit,</strong></span> <span class='ocrx_word' id='word_1_669' title='bbox 1695 3123 1962 3178; x_wconf 76' lang='lat' dir='ltr'><strong>subitumque</strong></span> <span class='ocrx_word' id='word_1_670' title='bbox 1994 3137 2042 3163; x_wconf 88' lang='lat' dir='ltr'><strong>ac</strong></span> <span class='ocrx_word' id='word_1_671' title='bbox 2062 3136 2186 3178; x_wconf 80' lang='lat' dir='ltr'><strong>snpra</strong></span> <span class='ocrx_word' id='word_1_672' title='bbox 2220 3120 2390 3163; x_wconf 87' lang='lat' dir='ltr'><strong>modum</strong></span> <span class='ocrx_word' id='word_1_673' title='bbox 2422 3120 2580 3163; x_wconf 78' lang='lat' dir='ltr'><strong>fervens</strong></span> <span class='ocrx_word' id='word_1_674' title='bbox 2598 3121 2738 3164; x_wconf 83' lang='lat' dir='ltr'><strong>iumen</strong></span> 
     </span>
    </p>
   </div>
   <div class='ocr_carea' id='block_1_20' title="bbox 1502 3203 2737 3264">
    <p class='ocr_par' dir='ltr' id='par_1_22' title="bbox 1502 3203 2737 3264">
     <span class='ocr_line' id='line_1_90' title="bbox 1502 3203 2737 3264; baseline -0.002 -15"><span class='ocrx_word' id='word_1_675' title='bbox 1502 3206 1714 3264; x_wconf 85' lang='lat' dir='ltr'><strong>dispergit.</strong></span> <span class='ocrx_word' id='word_1_676' title='bbox 1773 3205 1859 3248; x_wconf 88' lang='lat' dir='ltr'><strong>Sub</strong></span> <span class='ocrx_word' id='word_1_677' title='bbox 1890 3219 2081 3246; x_wconf 83' lang='lat' dir='ltr'><strong>occasum</strong></span> <span class='ocrx_word' id='word_1_678' title='bbox 2112 3219 2209 3245; x_wconf 73' lang='lat' dir='ltr'><strong>vcro</strong></span> <span class='ocrx_word' id='word_1_679' title='bbox 2228 3204 2433 3245; x_wconf 86' lang='lat' dir='ltr'><strong>contraria</strong></span> <span class='ocrx_word' id='word_1_680' title='bbox 2462 3203 2504 3245; x_wconf 88' lang='lat' dir='ltr'><strong>in</strong></span> <span class='ocrx_word' id='word_1_681' title='bbox 2537 3203 2626 3259; x_wconf 84' lang='lat' dir='ltr'><strong>ipso</strong></span> <span class='ocrx_word' id='word_1_682' title='bbox 2644 3218 2737 3246; x_wconf 73' lang='lat' dir='ltr'><strong>eve·</strong></span> 
     </span>
    </p>
   </div>
   <div class='ocr_carea' id='block_1_21' title="bbox 1502 3286 2808 3346">
    <p class='ocr_par' dir='ltr' id='par_1_23' title="bbox 1502 3286 2808 3346">
     <span class='ocr_line' id='line_1_91' title="bbox 1502 3286 2808 3346; baseline -0.003 -15"><span class='ocrx_word' id='word_1_683' title='bbox 1502 3290 1639 3331; x_wconf 89' lang='lat' dir='ltr'><strong>niunt.</strong></span> <span class='ocrx_word' id='word_1_684' title='bbox 1699 3290 1803 3331; x_wconf 89' lang='lat' dir='ltr'><strong>Nam</strong></span> <span class='ocrx_word' id='word_1_685' title='bbox 1827 3288 1945 3330; x_wconf 89' lang='lat' dir='ltr'><strong>novis</strong></span> <span class='ocrx_word' id='word_1_686' title='bbox 1965 3286 2091 3328; x_wconf 85' lang='lat' dir='ltr'><strong>radiis</strong></span> <span class='ocrx_word' id='word_1_687' title='bbox 2110 3301 2194 3328; x_wconf 92' lang='lat' dir='ltr'><strong>non</strong></span> <span class='ocrx_word' id='word_1_688' title='bbox 2218 3286 2356 3327; x_wconf 90' lang='lat' dir='ltr'><strong>minus</strong></span> <span class='ocrx_word' id='word_1_689' title='bbox 2377 3298 2502 3342; x_wconf 88' lang='lat' dir='ltr'><strong>quam</strong></span> <span class='ocrx_word' id='word_1_690' title='bbox 2521 3299 2597 3342; x_wconf 87' lang='lat' dir='ltr'><strong>per</strong></span> <span class='ocrx_word' id='word_1_691' title='bbox 2616 3286 2738 3339; x_wconf 85' lang='lat' dir='ltr'><strong>duas,</strong></span> <span class='ocrx_word' id='word_1_692' title='bbox 2806 3343 2808 3346; x_wconf 88' lang='lat'><strong>.</strong></span> 
     </span>
    </p>
   </div>
   <div class='ocr_carea' id='block_1_22' title="bbox 1501 3368 2798 3428">
    <p class='ocr_par' dir='ltr' id='par_1_24' title="bbox 1501 3368 2798 3428">
     <span class='ocr_line' id='line_1_92' title="bbox 1501 3368 2798 3428; baseline -0.002 -14"><span class='ocrx_word' id='word_1_693' title='bbox 1501 3373 1580 3426; x_wconf 81' lang='lat' dir='ltr'><strong>vel,</strong></span> <span class='ocrx_word' id='word_1_694' title='bbox 1603 3381 1652 3416; x_wconf 90' lang='lat' dir='ltr'><strong>ut</strong></span> <span class='ocrx_word' id='word_1_695' title='bbox 1674 3369 1997 3428; x_wconf 61' lang='lat' dir='ltr'><strong>Agatharchides</strong></span> <span class='ocrx_word' id='word_1_696' title='bbox 2015 3369 2180 3421; x_wconf 82' lang='lat' dir='ltr'><strong>scribit,</strong></span> <span class='ocrx_word' id='word_1_697' title='bbox 2202 3382 2276 3426; x_wconf 88' lang='lat' dir='ltr'><strong>per</strong></span> <span class='ocrx_word' id='word_1_698' title='bbox 2290 3375 2372 3411; x_wconf 61' lang='grc' dir='ltr'><strong>ιτα</strong></span> <span class='ocrx_word' id='word_1_699' title='bbox 2393 3368 2516 3411; x_wconf 88' lang='lat' dir='ltr'><strong>horas</strong></span> <span class='ocrx_word' id='word_1_700' title='bbox 2534 3368 2736 3413; x_wconf 73' lang='lat' dir='ltr'><strong>illusa-m</strong></span> <span class='ocrx_word' id='word_1_701' title='bbox 2783 3373 2798 3384; x_wconf 73' lang='lat'><strong>‘&#39;</strong></span> 
     </span>
    </p>
   </div>
   <div class='ocr_carea' id='block_1_23' title="bbox 2788 3383 2808 3457">
    <p class='ocr_par' dir='ltr' id='par_1_25' title="bbox 2788 3383 2808 3457">
     <span class='ocr_line' id='line_1_93' title="bbox 2788 3383 2808 3457; baseline 0 -64"><span class='ocrx_word' id='word_1_702' title='bbox 2788 3383 2808 3457; x_wconf 45' lang='grc' dir='ltr'><strong>γ.</strong></span> 
     </span>
    </p>
   </div>
   <div class='ocr_carea' id='block_1_24' title="bbox 196 3449 2808 3523">
    <p class='ocr_par' dir='ltr' id='par_1_26' title="bbox 196 3446 2808 3523">
     <span class='ocr_line' id='line_1_94' title="bbox 196 3449 2808 3523; baseline -0.005 -16"><span class='ocrx_word' id='word_1_703' title='bbox 196 3460 498 3523; x_wconf 73' lang='grc' dir='ltr'>Ἀγαθαρχίδης</span> <span class='ocrx_word' id='word_1_704' title='bbox 519 3460 542 3505; x_wconf 79' lang='grc' dir='ltr'><strong>δ</strong></span> <span class='ocrx_word' id='word_1_705' title='bbox 563 3457 726 3510; x_wconf 84' lang='grc' dir='ltr'>Κνίδιος</span> <span class='ocrx_word' id='word_1_706' title='bbox 751 3454 975 3519; x_wconf 87' lang='grc' dir='ltr'>ἀνέγραψε,</span> <span class='ocrx_word' id='word_1_707' title='bbox 994 3455 1135 3518; x_wconf 83' lang='grc' dir='ltr'>τριῶν.</span> <span class='ocrx_word' id='word_1_708' title='bbox 1201 3453 1359 3501; x_wconf 78' lang='grc' dir='ltr'>Τοῦτον</span> <span class='ocrx_word' id='word_1_709' title='bbox 1386 3450 1429 3497; x_wconf 65' lang='grc' dir='ltr'>δὲ</span> <span class='ocrx_word' id='word_1_710' title='bbox 1501 3454 1707 3498; x_wconf 88' lang='lat' dir='ltr'><strong>mundum</strong></span> <span class='ocrx_word' id='word_1_711' title='bbox 1738 3450 1994 3495; x_wconf 89' lang='lat' dir='ltr'><strong>intuentibus</strong></span> <span class='ocrx_word' id='word_1_712' title='bbox 2012 3449 2191 3492; x_wconf 75' lang='lat' dir='ltr'><strong>videtur.</strong></span> <span class='ocrx_word' id='word_1_713' title='bbox 2251 3449 2378 3504; x_wconf 91' lang='lat' dir='ltr'><strong>Quod</strong></span> <span class='ocrx_word' id='word_1_714' title='bbox 2411 3458 2574 3507; x_wconf 86' lang='lat' dir='ltr'><strong>tempus</strong></span> <span class='ocrx_word' id='word_1_715' title='bbox 2595 3449 2754 3494; x_wconf 78' lang='lat' dir='ltr'><strong>ineolis-</strong></span> <span class='ocrx_word' id='word_1_716' title='bbox 2787 3480 2808 3500; x_wconf 71' lang='lat'><strong>‹.</strong></span> 
     </span>
    </p>
   </div>
   <div class='ocr_carea' id='block_1_25' title="bbox 196 3553 2724 3585">
    <p class='ocr_par' dir='ltr' id='par_1_27' title="bbox 196 3553 2724 3585">
     <span class='ocr_line' id='line_1_95' title="bbox 196 3553 2724 3585; baseline 0 757"><span class='ocrx_word' id='word_1_717' title='bbox 196 3553 2724 3585; x_wconf 95' lang='lat' dir='ltr'><strong> </strong></span> 
     </span>
    </p>
   </div>
   <div class='ocr_carea' id='block_1_26' title="bbox 187 3588 2808 3815">
    <p class='ocr_par' dir='ltr' id='par_1_28' title="bbox 187 3588 2808 3815">
     <span class='ocr_line' id='line_1_96' title="bbox 187 3588 2808 3685; baseline -0.007 -16"><span class='ocrx_word' id='word_1_718' title='bbox 187 3625 323 3684; x_wconf 69' lang='lat' dir='ltr'><strong>garde</strong></span> <span class='ocrx_word' id='word_1_719' title='bbox 343 3624 396 3667; x_wconf 87' lang='lat' dir='ltr'><strong>de</strong></span> <span class='ocrx_word' id='word_1_720' title='bbox 416 3625 455 3667; x_wconf 91' lang='lat' dir='ltr'><strong>la</strong></span> <span class='ocrx_word' id='word_1_721' title='bbox 470 3626 577 3675; x_wconf 91' lang='lat' dir='ltr'><strong>nuit,</strong></span> <span class='ocrx_word' id='word_1_722' title='bbox 594 3634 655 3666; x_wconf 58' lang='lat' dir='ltr'><strong>ost</strong></span> <span class='ocrx_word' id='word_1_723' title='bbox 673 3624 783 3666; x_wconf 91' lang='lat' dir='ltr'><strong>donc</strong></span> <span class='ocrx_word' id='word_1_724' title='bbox 800 3624 956 3675; x_wconf 86' lang='lat' dir='ltr'><strong>sausse;</strong></span> <span class='ocrx_word' id='word_1_725' title='bbox 974 3622 1002 3665; x_wconf 90' lang='lat' dir='ltr'><strong>il</strong></span> <span class='ocrx_word' id='word_1_726' title='bbox 1020 3630 1082 3665; x_wconf 54' lang='grc' dir='ltr'><strong>εει</strong></span> <span class='ocrx_word' id='word_1_727' title='bbox 1096 3619 1323 3677; x_wconf 59' lang='lat' dir='ltr'><strong>&amp;galement</strong></span> <span class='ocrx_word' id='word_1_728' title='bbox 1338 3617 1436 3661; x_wconf 78' lang='lat' dir='ltr'><strong>saux</strong></span> <span class='ocrx_word' id='word_1_729' title='bbox 1506 3617 1675 3666; x_wconf 88' lang='lat' dir='ltr'><strong>lectum,</strong></span> <span class='ocrx_word' id='word_1_730' title='bbox 1701 3624 1745 3656; x_wconf 88' lang='lat' dir='ltr'><strong>tu</strong></span> <span class='ocrx_word' id='word_1_731' title='bbox 1769 3612 1907 3655; x_wconf 82' lang='lat' dir='ltr'><strong>videas</strong></span> <span class='ocrx_word' id='word_1_732' title='bbox 1947 3616 2052 3667; x_wconf 76' lang='lat' dir='ltr'><strong>Qum</strong></span> <span class='ocrx_word' id='word_1_733' title='bbox 2070 3626 2167 3685; x_wconf 59' lang='lat' dir='ltr'><strong>veno</strong></span> <span class='ocrx_word' id='word_1_734' title='bbox 2182 3610 2376 3667; x_wconf 88' lang='lat' dir='ltr'><strong>deinceps</strong></span> <span class='ocrx_word' id='word_1_735' title='bbox 2397 3609 2411 3666; x_wconf 98' lang='lat'>(</span> <span class='ocrx_word' id='word_1_736' title='bbox 2427 3613 2451 3663; x_wconf 76' lang='lat' dir='ltr'>S</span> <span class='ocrx_word' id='word_1_737' title='bbox 2477 3608 2739 3665; x_wconf 69' lang='lat' dir='ltr'><strong>1o⁵)1egun-</strong></span> <span class='ocrx_word' id='word_1_738' title='bbox 2783 3588 2808 3685; x_wconf 63' lang='lat'><strong>{3</strong></span> 
     </span>
     <span class='ocr_line' id='line_1_97' title="bbox 188 3677 2808 3743; baseline -0.008 -8"><span class='ocrx_word' id='word_1_739' title='bbox 188 3689 295 3738; x_wconf 60' lang='lat' dir='ltr'><strong>2d’en</strong></span> <span class='ocrx_word' id='word_1_740' title='bbox 320 3688 513 3731; x_wconf 72' lang='lat' dir='ltr'><strong>condux-c</strong></span> <span class='ocrx_word' id='word_1_741' title='bbox 531 3701 612 3743; x_wconf 88' lang='lat' dir='ltr'><strong>que</strong></span> <span class='ocrx_word' id='word_1_742' title='bbox 630 3687 666 3728; x_wconf 88' lang='lat' dir='ltr'><strong>le</strong></span> <span class='ocrx_word' id='word_1_743' title='bbox 701 3687 811 3729; x_wconf 80' lang='lat' dir='ltr'><strong>lever</strong></span> <span class='ocrx_word' id='word_1_744' title='bbox 831 3686 884 3729; x_wconf 89' lang='lat' dir='ltr'><strong>de</strong></span> <span class='ocrx_word' id='word_1_745' title='bbox 901 3687 939 3729; x_wconf 89' lang='lat' dir='ltr'><strong>la</strong></span> <span class='ocrx_word' id='word_1_746' title='bbox 965 3684 1120 3742; x_wconf 86' lang='lat' dir='ltr'><strong>grande</strong></span> <span class='ocrx_word' id='word_1_747' title='bbox 1141 3685 1275 3727; x_wconf 86' lang='lat' dir='ltr'><strong>Ourse</strong></span> <span class='ocrx_word' id='word_1_748' title='bbox 1298 3680 1435 3725; x_wconf 88' lang='lat' dir='ltr'><strong>recule</strong></span> <span class='ocrx_word' id='word_1_749' title='bbox 1506 3688 1576 3721; x_wconf 87' lang='lat' dir='ltr'><strong>tur</strong></span> <span class='ocrx_word' id='word_1_750' title='bbox 1595 3677 1649 3719; x_wconf 88' lang='lat' dir='ltr'><strong>de</strong></span> <span class='ocrx_word' id='word_1_751' title='bbox 1669 3677 1764 3718; x_wconf 87' lang='lat' dir='ltr'><strong>solis</strong></span> <span class='ocrx_word' id='word_1_752' title='bbox 1784 3685 1879 3718; x_wconf 84' lang='lat' dir='ltr'><strong>ortu</strong></span> <span class='ocrx_word' id='word_1_753' title='bbox 1895 3707 1906 3726; x_wconf 89' lang='lat'><strong>,</strong></span> <span class='ocrx_word' id='word_1_754' title='bbox 1928 3690 1975 3717; x_wconf 89' lang='lat' dir='ltr'><strong>ea</strong></span> <span class='ocrx_word' id='word_1_755' title='bbox 1996 3683 2274 3717; x_wconf 75' lang='lat' dir='ltr'><strong>recentiorum</strong></span> <span class='ocrx_word' id='word_1_756' title='bbox 2296 3680 2651 3730; x_wconf 73' lang='lat' dir='ltr'><strong>peregrinatorum</strong></span> <span class='ocrx_word' id='word_1_757' title='bbox 2668 3678 2738 3713; x_wconf 77' lang='lat' dir='ltr'><strong>0te·</strong></span> <span class='ocrx_word' id='word_1_758' title='bbox 2781 3681 2808 3735; x_wconf 58' lang='lat' dir='ltr'><strong>{i</strong></span> 
     </span>
     <span class='ocr_line' id='line_1_98' title="bbox 187 3729 2808 3815; baseline -0.008 -21"><span class='ocrx_word' id='word_1_759' title='bbox 187 3743 380 3794; x_wconf 71' lang='lat' dir='ltr'><strong>‘demnis</strong></span> <span class='ocrx_word' id='word_1_760' title='bbox 396 3764 448 3792; x_wconf 85' lang='lat' dir='ltr'><strong>en</strong></span> <span class='ocrx_word' id='word_1_761' title='bbox 468 3749 590 3799; x_wconf 85' lang='lat' dir='ltr'><strong>mois,</strong></span> <span class='ocrx_word' id='word_1_762' title='bbox 614 3747 750 3789; x_wconf 78' lang='lat' dir='ltr'><strong>landis</strong></span> <span class='ocrx_word' id='word_1_763' title='bbox 771 3762 867 3804; x_wconf 85' lang='lat' dir='ltr'><strong>que,</strong></span> <span class='ocrx_word' id='word_1_764' title='bbox 903 3748 1007 3790; x_wconf 89' lang='lat' dir='ltr'><strong>dans</strong></span> <span class='ocrx_word' id='word_1_765' title='bbox 1026 3747 1064 3789; x_wconf 84' lang='lat' dir='ltr'><strong>la</strong></span> <span class='ocrx_word' id='word_1_766' title='bbox 1096 3747 1239 3797; x_wconf 73' lang='lat' dir='ltr'><strong>verite,</strong></span> <span class='ocrx_word' id='word_1_767' title='bbox 1261 3758 1308 3787; x_wconf 86' lang='lat' dir='ltr'><strong>ce</strong></span> <span class='ocrx_word' id='word_1_768' title='bbox 1325 3742 1436 3786; x_wconf 82' lang='lat' dir='ltr'><strong>lever</strong></span> <span class='ocrx_word' id='word_1_769' title='bbox 1505 3740 1709 3783; x_wconf 82' lang='lat' dir='ltr'><strong>stimoniis</strong></span> <span class='ocrx_word' id='word_1_770' title='bbox 1740 3738 2009 3795; x_wconf 87' lang='lat' dir='ltr'><strong>comprobata</strong></span> <span class='ocrx_word' id='word_1_771' title='bbox 2041 3746 2153 3779; x_wconf 85' lang='lat' dir='ltr'><strong>sunt.</strong></span> <span class='ocrx_word' id='word_1_772' title='bbox 2174 3734 2284 3779; x_wconf 86' lang='lat' dir='ltr'><strong>Vide</strong></span> <span class='ocrx_word' id='word_1_773' title='bbox 2313 3735 2502 3777; x_wconf 87' lang='lat' dir='ltr'><strong>Valentia</strong></span> <span class='ocrx_word' id='word_1_774' title='bbox 2532 3735 2635 3790; x_wconf 72' lang='lat' dir='ltr'><strong>Vqr.</strong></span> <span class='ocrx_word' id='word_1_775' title='bbox 2655 3729 2746 3775; x_wconf 69' lang='lat' dir='ltr'><strong>aad</strong></span> <span class='ocrx_word' id='word_1_776' title='bbox 2787 3741 2808 3815; x_wconf 60' lang='grc' dir='ltr'>Ξ</span> 
     </span>
    </p>
   </div>
   <div class='ocr_carea' id='block_1_27' title="bbox 198 3805 1437 4057">
    <p class='ocr_par' dir='ltr' id='par_1_29' title="bbox 198 3805 1437 4057">
     <span class='ocr_line' id='line_1_99' title="bbox 198 3805 1433 3865; baseline -0.006 -8"><span class='ocrx_word' id='word_1_777' title='bbox 198 3827 366 3857; x_wconf 85' lang='lat' dir='ltr'><strong>avanoe.</strong></span> <span class='ocrx_word' id='word_1_778' title='bbox 388 3833 406 3850; x_wconf 75' lang='grc' dir='ltr'>ι</span> <span class='ocrx_word' id='word_1_779' title='bbox 423 3814 544 3855; x_wconf 68' lang='lat' dir='ltr'><strong>Mle-r</strong></span> <span class='ocrx_word' id='word_1_780' title='bbox 562 3810 613 3853; x_wconf 91' lang='lat' dir='ltr'><strong>ad</strong></span> <span class='ocrx_word' id='word_1_781' title='bbox 629 3825 733 3852; x_wconf 74' lang='lat' dir='ltr'><strong>vers.</strong></span> <span class='ocrx_word' id='word_1_782' title='bbox 753 3810 844 3865; x_wconf 86' lang='lat' dir='ltr'><strong>gall.</strong></span> <span class='ocrx_word' id='word_1_783' title='bbox 867 3810 1060 3852; x_wconf 88' lang='lat' dir='ltr'><strong>Diodori.</strong></span> <span class='ocrx_word' id='word_1_784' title='bbox 1081 3811 1097 3864; x_wconf 66' lang='grc' dir='ltr'>ῃ</span> <span class='ocrx_word' id='word_1_785' title='bbox 1117 3834 1173 3841; x_wconf 94' lang='grc'>-</span> <span class='ocrx_word' id='word_1_786' title='bbox 1191 3813 1257 3851; x_wconf 88' lang='lat'><strong>16.</strong></span> <span class='ocrx_word' id='word_1_787' title='bbox 1277 3806 1323 3849; x_wconf 82' lang='lat' dir='ltr'><strong>oi</strong></span> <span class='ocrx_word' id='word_1_788' title='bbox 1348 3805 1433 3863; x_wconf 74' lang='grc' dir='ltr'><strong>μὶν</strong></span> 
     </span>
     <span class='ocr_line' id='line_1_100' title="bbox 200 3867 1436 3931; baseline -0.006 -12"><span class='ocrx_word' id='word_1_789' title='bbox 200 3877 457 3930; x_wconf 84' lang='grc' dir='ltr'>πλάνητες</span> <span class='ocrx_word' id='word_1_790' title='bbox 499 3873 712 3931; x_wconf 85' lang='grc' dir='ltr'>ἀόρατοι</span> <span class='ocrx_word' id='word_1_791' title='bbox 755 3872 880 3929; x_wconf 64' lang='grc' dir='ltr'>κτλ]</span> <span class='ocrx_word' id='word_1_792' title='bbox 927 3874 1026 3914; x_wconf 81' lang='lat' dir='ltr'><strong>Haec</strong></span> <span class='ocrx_word' id='word_1_793' title='bbox 1060 3887 1227 3928; x_wconf 87' lang='lat' dir='ltr'><strong>quoque</strong></span> <span class='ocrx_word' id='word_1_794' title='bbox 1258 3867 1436 3913; x_wconf 79' lang='lat' dir='ltr'><strong>absurda</strong></span> 
     </span>
     <span class='ocr_line' id='line_1_101' title="bbox 201 3934 1435 3990; baseline -0.006 -8"><span class='ocrx_word' id='word_1_795' title='bbox 201 3948 312 3982; x_wconf 82' lang='lat' dir='ltr'><strong>sunt.</strong></span> <span class='ocrx_word' id='word_1_796' title='bbox 349 3939 463 3981; x_wconf 88' lang='lat' dir='ltr'><strong>Num</strong></span> <span class='ocrx_word' id='word_1_797' title='bbox 486 3935 624 3980; x_wconf 84' lang='lat' dir='ltr'><strong>sabula</strong></span> <span class='ocrx_word' id='word_1_798' title='bbox 656 3935 780 3978; x_wconf 74' lang='lat' dir='ltr'><strong>suerit</strong></span> <span class='ocrx_word' id='word_1_799' title='bbox 810 3950 835 3977; x_wconf 91' lang='lat' dir='ltr'><strong>a</strong></span> <span class='ocrx_word' id='word_1_800' title='bbox 866 3934 1172 3990; x_wconf 82' lang='lat' dir='ltr'><strong>navigatoribus</strong></span> <span class='ocrx_word' id='word_1_801' title='bbox 1204 3934 1358 3990; x_wconf 83' lang='lat' dir='ltr'><strong>sparsa,</strong></span> <span class='ocrx_word' id='word_1_802' title='bbox 1382 3945 1435 3973; x_wconf 90' lang='lat' dir='ltr'><strong>au</strong></span> 
     </span>
     <span class='ocr_line' id='line_1_102' title="bbox 202 3993 1437 4057; baseline -0.006 -13"><span class='ocrx_word' id='word_1_803' title='bbox 202 4014 349 4044; x_wconf 72' lang='lat' dir='ltr'><strong>verum</strong></span> <span class='ocrx_word' id='word_1_804' title='bbox 373 3998 532 4057; x_wconf 85' lang='lat' dir='ltr'><strong>aliquid</strong></span> <span class='ocrx_word' id='word_1_805' title='bbox 559 3998 690 4042; x_wconf 86' lang='lat' dir='ltr'><strong>subsit</strong></span> <span class='ocrx_word' id='word_1_806' title='bbox 720 3997 773 4040; x_wconf 90' lang='lat' dir='ltr'><strong>ab</strong></span> <span class='ocrx_word' id='word_1_807' title='bbox 805 3996 1107 4054; x_wconf 80' lang='lat' dir='ltr'><strong>Agatharchide</strong></span> <span class='ocrx_word' id='word_1_808' title='bbox 1139 4010 1286 4053; x_wconf 83' lang='lat' dir='ltr'><strong>parum</strong></span> <span class='ocrx_word' id='word_1_809' title='bbox 1319 3993 1437 4036; x_wconf 84' lang='lat' dir='ltr'><strong>intel·</strong></span> 
     </span>
    </p>
   </div>
   <div class='ocr_carea' id='block_1_28' title="bbox 1511 3799 2376 3858">
    <p class='ocr_par' dir='ltr' id='par_1_30' title="bbox 1511 3799 2376 3858">
     <span class='ocr_line' id='line_1_103' title="bbox 1511 3799 2376 3858; baseline -0.007 -12"><span class='ocrx_word' id='word_1_810' title='bbox 1511 3807 1637 3847; x_wconf 61' lang='lat' dir='ltr'><strong>Tm».</strong></span> <span class='ocrx_word' id='word_1_811' title='bbox 1659 3804 1714 3852; x_wconf 87' lang='lat'><strong>11,</strong></span> <span class='ocrx_word' id='word_1_812' title='bbox 1736 3816 1778 3858; x_wconf 91' lang='lat' dir='ltr'><strong>p.</strong></span> <span class='ocrx_word' id='word_1_813' title='bbox 1803 3803 1898 3851; x_wconf 67' lang='lat'><strong>342.</strong></span> <span class='ocrx_word' id='word_1_814' title='bbox 1923 3802 2073 3843; x_wconf 85' lang='lat' dir='ltr'><strong>Ritter.</strong></span> <span class='ocrx_word' id='word_1_815' title='bbox 2092 3800 2191 3851; x_wconf 83' lang='lat' dir='ltr'><strong>xn,</strong></span> <span class='ocrx_word' id='word_1_816' title='bbox 2213 3813 2256 3855; x_wconf 89' lang='lat' dir='ltr'><strong>p.</strong></span> <span class='ocrx_word' id='word_1_817' title='bbox 2279 3799 2376 3854; x_wconf 88' lang='lat'><strong>780.</strong></span> 
     </span>
    </p>
   </div>
   <div class='ocr_carea' id='block_1_29' title="bbox 2754 3834 2803 3861">
    <p class='ocr_par' dir='ltr' id='par_1_31' title="bbox 2754 3834 2803 3861">
     <span class='ocr_line' id='line_1_104' title="bbox 2754 3834 2803 3861; baseline 0 0"><span class='ocrx_word' id='word_1_818' title='bbox 2754 3834 2803 3861; x_wconf 66' lang='lat' dir='ltr'><em>l</em></span> 
     </span>
    </p>
   </div>
   <div class='ocr_carea' id='block_1_30' title="bbox 1562 3857 2808 3921">
    <p class='ocr_par' dir='ltr' id='par_1_32' title="bbox 1562 3857 2808 3921">
     <span class='ocr_line' id='line_1_105' title="bbox 1562 3857 2808 3921; baseline -0.009 -12"><span class='ocrx_word' id='word_1_819' title='bbox 1562 3864 1847 3919; x_wconf 75' lang='lat' dir='ltr'><strong>§¹05,1.1ss.</strong></span> <span class='ocrx_word' id='word_1_820' title='bbox 1891 3862 2243 3918; x_wconf 80' lang='grc' dir='ltr'>ἀπολάμπειν]</span> <span class='ocrx_word' id='word_1_821' title='bbox 2278 3859 2580 3917; x_wconf 23' lang='grc' dir='ltr'>ἀπολάμπειιΒ.</span> <span class='ocrx_word' id='word_1_822' title='bbox 2627 3857 2647 3912; x_wconf 77' lang='lat' dir='ltr'>u</span> <span class='ocrx_word' id='word_1_823' title='bbox 2681 3876 2720 3888; x_wconf 83' lang='lat'><strong>-·</strong></span> <span class='ocrx_word' id='word_1_824' title='bbox 2760 3874 2808 3921; x_wconf 46' lang='grc' dir='ltr'><strong>τῇ</strong></span> 
     </span>
    </p>
   </div>
   <div class='ocr_carea' id='block_1_31' title="bbox 1506 3926 2115 3984">
    <p class='ocr_par' dir='ltr' id='par_1_33' title="bbox 1506 3926 2115 3984">
     <span class='ocr_line' id='line_1_106' title="bbox 1506 3926 2115 3984; baseline -0.007 -13"><span class='ocrx_word' id='word_1_825' title='bbox 1506 3942 1574 3971; x_wconf 83' lang='lat'><strong>21.</strong></span> <span class='ocrx_word' id='word_1_826' title='bbox 1594 3928 1746 3984; x_wconf 75' lang='grc' dir='ltr'>πυρῶδ</span> <span class='ocrx_word' id='word_1_827' title='bbox 1762 3942 1777 3968; x_wconf 86' lang='grc' dir='ltr'><strong>ε</strong></span> <span class='ocrx_word' id='word_1_828' title='bbox 1792 3929 1838 3980; x_wconf 83' lang='grc' dir='ltr'>ς]</span> <span class='ocrx_word' id='word_1_829' title='bbox 1863 3926 2115 3983; x_wconf 78' lang='grc' dir='ltr'>πυρρῶόεςΟ.</span> 
     </span>
    </p>
   </div>
  </div>
 </body>
</html>
