2756 4354
538 193 542 196 q
578 136 1054 185 PROLEGOMENA.
1090 136 1171 206 DE·
1202 135 1502 180 HANNONE
1538 135 2082 185 CARTHAGleNSE.

9 255 12 257 ’
67 269 209 316 prope
233 253 346 298 fines
361 247 585 295 Numidiae
618 243 953 304 quinquaginta
985 251 1294 285 memorentur

67 329 290 391 (Appian.
306 311 421 370 Pun.
439 339 481 368 c.
504 320 615 380 68),
641 328 684 363 et
702 318 825 362 intra
846 316 988 360 fossas
1010 314 1205 359 Punicas
1220 315 1295 358 vel

67 403 188 449 tertii
211 399 321 446 belli
338 395 503 441 Punici
527 405 730 453 tempore
749 390 922 452 oppida
938 389 1109 434 fuerint
1131 398 1299 432 trecen-

68 489 112 523 ta
133 477 146 536 (
165 471 327 519 Strabo
344 487 393 531 p.
413 469 501 515 833
521 467 552 530 ).
570 466 885 513 Artemidorus
904 464 1087 524 quidem
1104 459 1300 520 vesiigia

68 551 251 598 urbium
276 562 370 592 non
394 559 630 606 superesse
650 543 864 588 dictitans
886 541 1019 585 fidem
1045 539 1233 599 Ophelae
1255 548 1300 582 et

66 621 353 670 Eratostheni
376 619 641 679 denegavit,
667 617 944 675 suffragante
975 614 1198 659 Strabone
1216 628 1300 657 nec

67 715 159 747 non
180 698 337 743 Plinio
358 696 410 751 V,
436 713 478 751 1,
513 697 539 754 S
575 696 621 753 8,
647 695 727 754 qui
754 694 814 748 ad
835 692 975 738 urbes
996 691 1052 736 ab
1077 691 1301 735 Hannone

65 777 260 821 conditas
292 786 532 833 perperam
557 769 769 814 transfert
806 783 908 828 quae
937 767 992 811 de
1025 766 1298 811 Phoenicum

68 849 261 897 coloniis
285 847 465 893 dixerat
483 844 816 890 Artemidorus.
835 845 992 895 Fuere,
1017 841 1096 898 ait,
1116 853 1161 885 ec
1173 844 1301 884 Han-

67 931 189 971 nonis
210 924 640 982 Carthaginiensium
655 908 786 963 ‘ducis
794 923 1104 971 commentarii,
1124 920 1302 961 Punicis

68 1003 193 1057 rebus
189 1001 338 1057 floren
343 1003 472 1042 tis-sim
478 1002 514 1041 Is
520 1013 608 1055 exp
613 998 755 1039 lorare
766 996 974 1044 ambitum
985 995 1027 1035 A
1018 991 1160 1049 sricoe
1165 997 1278 1046 jussi
1284 1008 1301 1044 ‚-

69 1094 193 1137 quem
216 1082 352 1120 secute·
383 1079 586 1135 plerique
622 1088 646 1115 e
677 1074 845 1115 Graecis
876 1073 1113 1127 nostrisque
1134 1078 1176 1111 et
1207 1070 1303 1110 alla

69 1156 239 1213 quidem
252 1151 469 1208 fabulosa
491 1161 536 1194 et
553 1151 673 1193 urbis
694 1150 854 1191 multas
878 1149 935 1190 ab
960 1162 1011 1189 eo
1033 1146 1231 1187 conditas
1247 1145 1306 1186 ibi

63 1230 311 1287 prodt'dere,
340 1242 523 1285 quarum
543 1241 622 1268 nec
638 1228 851 1267 memoria
873 1224 966 1263 ulla
980 1235 1061 1263 nec:
1081 1223 1302 1275 vestI'gium

70 1313 233 1347 exstat.
259 1300 348 1345 Sed
365 1300 462 1344 haec
483 1314 575 1343 non
597 1295 788 1356 majoris
823 1294 1027 1338 facienda
1044 1308 1179 1352 quam
1204 1308 1304 1351 quae

2 1383 5 1385 ’
73 1387 232 1422 contra
246 1374 579 1434 Megasthenem
601 1381 644 1415 et
661 1369 882 1429 Pytheam
901 1382 1152 1425 eorumque
1169 1377 1306 1411 secta-

1 1482 5 1487 -
71 1462 212 1496 torem
233 1448 573 1493 Eratosthenem
588 1442 1047 1506 praeposterajudicii
1070 1442 1304 1486 confiden-

69 1527 133 1571 tia
168 1524 529 1579 deblaterarunt,
569 1523 862 1566 immemores
909 1518 980 1562 illi
1024 1528 1305 1577 quantopere

71 1600 270 1660 cognitio
289 1608 515 1643 terrarum
547 1612 638 1640 una
662 1610 767 1640 cum
793 1594 895 1638 fatis
917 1593 1195 1653 populorum
1221 1592 1304 1636 flu-

71 1687 223 1721 ctuare
258 1675 422 1730 soleat,
460 1684 503 1718 et
527 1688 662 1731 quam
698 1670 933 1716 lubricum
958 1670 1018 1714 sit
1047 1672 1304 1730 priscorum

71 1751 346 1810 scriptorum
385 1748 519 1793 fidem
556 1746 820 1807 suspectari,
845 1744 905 1789 ob
939 1744 1178 1806 praesentis
1218 1744 1305 1788 aevi

69 1826 370 1885 ignorantiam
385 1859 396 1881 ,
412 1834 456 1869 et
473 1839 530 1868 ex
551 1823 774 1868 fabulosis
791 1821 1047 1880 nonnullis,
1066 1836 1167 1880 quae
1185 1819 1305 1879 ejus·

69 1901 194 1946 modi
208 1898 551 1945 narrationibus
567 1908 617 1943 ut
632 1897 886 1959 plurimum
911 1895 1158 1952 adhaerent,
1182 1911 1307 1939 arre-

71 1986 199 2037 ptum
221 1975 394 2020 fraudis
411 1985 454 2019 et
473 1973 702 2018 mendacii
722 1981 1041 2031 argumentum
1056 1970 1111 2015 ad
1128 1971 1307 2030 reliqua

72 2050 228 2095 omnia
264 2049 529 2096 transferre.
573 2048 726 2092 Simili
762 2048 945 2092 levitate
987 2046 1306 2090 Artemidorus

71 2119 197 2169 nulla
221 2122 455 2168 contendit
479 2137 699 2182 apparere
731 2120 918 2166 urbium
941 2120 1130 2177 vestigia
1154 2120 1202 2163 in
1227 2135 1307 2163 ora

48 2215 205 2258 -quam
236 2214 293 2243 ex
326 2197 498 2241 Graecis
529 2197 742 2241 adierunt
774 2193 1067 2255 paucissimi,
1102 2209 1186 2238 nec
1205 2194 1306 2253 ipse

72 2275 331 2336 explorasse
356 2271 588 2332 putandus
611 2282 678 2315 est
693 2305 705 2326 ,
729 2285 869 2330 quum
888 2270 1023 2313 etiam
1040 2285 1162 2313 nunc
1184 2269 1306 2312 haud

11 2379 16 2386 ·
72 2352 185 2396 adeo
202 2366 309 2394 rara
333 2359 510 2393 exstent
529 2346 715 2392 urbium
740 2347 887 2391 ruinae
902 2378 914 2399 ,
940 2354 984 2388 et
1007 2353 1131 2388 tanto
1151 2345 1306 2403 plures

71 2426 352 2483 detegentur,
373 2438 465 2482 quo
489 2422 690 2465 curatius
720 2419 790 2463 11ae
810 2419 1020 2474 regiones
1037 2417 1305 2461 lustrabun-

73 2510 161 2544 tur.
185 2498 410 2542 Praeterea
431 2496 532 2556 ipse
547 2494 626 2539 ille
644 2493 824 2537 Plinius
845 2491 900 2547 V,
929 2509 946 2535 1
966 2493 992 2550 g
1017 2491 1068 2535 13
1086 2492 1181 2536 haec
1194 2492 1306 2535 scri·

43 2574 47 2578 ’
70 2574 141 2619 bit
167 2589 177 2617 z
217 2575 453 2631 IndI'genoe
491 2582 637 2613 tamen
672 2570 849 2612 tradunt
883 2572 927 2610 in
965 2584 1045 2612 ora
1089 2570 1146 2610 ab
1179 2570 1310 2611 Salat

77 2649 216 2710 (hod.
243 2646 352 2710 Sla)
382 2649 453 2691 CL
477 2648 544 2689 M.
558 2662 609 2703 p.
623 2646 792 2700 flumen
820 2647 1022 2686 Asanam
1050 2643 1187 2703 (hod.
1211 2645 1310 2689 Om-

2498 169 2584 201 xtx

1368 243 1536 284 merbe'a
1555 241 1568 300 )
1594 247 1767 284 marino
1785 243 1944 285 haustu
1967 248 2045 287 secl
2059 258 2187 302 portu
2219 255 2460 307 spectabile,
2493 274 2592 302 moa·

1369 331 1543 358 amnem
1561 331 1687 373 quem
1709 327 1862 359 vocant
1879 319 1966 359 Fut
1991 318 2004 376 (
2023 318 2130 364 hod.
2159 323 2366 383 Tonsift),
2392 330 2449 370 ab
2467 345 2516 373 eo
2536 337 2597 374 ad

1371 394 1522 446 Dyrim
1545 391 1655 450 (hoc
1676 398 1792 435 enim
1812 395 1984 435 Atlanti
2001 409 2156 437 nomen
2176 412 2266 439 esse
2283 414 2423 443 eorum
2443 405 2595 461 lc'ngua

1372 463 1597 525 convenit)
1624 467 1762 509 CCM
1784 483 1847 524 p.‚
1876 471 2181 511 interveniente
2197 471 2399 525 flumme,
2438 482 2506 518 cui
2520 494 2599 521 no..

1370 555 1468 582 men
1485 551 1551 582 est
1574 543 1612 582 V
1616 546 1683 583 ior
1702 542 1714 599 (
1735 540 1844 585 hod.
1872 545 1986 585 Beni
2007 545 2179 598 Tamer,
2201 560 2294 588 non
2319 546 2453 604 longe
2475 565 2500 592 a
2515 555 2601 595 Ras

1371 616 1552 670 Agadir
1573 613 1856 673 ).Ib1'fama
1878 628 2053 660 exstare
2068 623 2186 661 circa
2209 625 2383 677 vestigia
2417 623 2602 668 habitati

1372 691 1596 747 quondam
1615 691 1712 742 soli,
1737 695 1971 733 vinearum
1984 695 2362 751 palmetorumque
2375 698 2601 753 reliquias.

1370 763 1488 809 Vitis
1512 763 1686 808 scilicet
1705 764 1754 808 in
1781 765 1936 809 Africa
1958 782 2050 810 non
2070 769 2288 825 nascitur,
2312 770 2399 814 nisi
2423 771 2606 817 aliunde

1374 839 1538 895 allata3
1565 829 1810 884 attulerant
1835 855 1945 884 vero
1980 840 2225 886 Phoenices
2263 844 2440 899 coloni,
2473 846 2606 890 sicuti

1378 914 1532 959 seculo
1557 914 1736 958 decimo
1757 914 1920 974 quinto
1947 915 2185 973 Portugali
2203 916 2508 976 importarunt
2527 920 2607 964 de-

1375 1005 1486 1034 nuo.
1506 990 1638 1033 Mitto
1662 988 1786 1048 quod
1804 989 1965 1034 Hanno
1983 990 2188 1049 quinque
2208 990 2344 1049 hujus
2367 1008 2458 1036 orae
2471 994 2607 1039 urbes

1375 1081 1467 1110 non
1491 1063 1651 1120 ἔκτισε,
1675 1065 1754 1110 sed
1775 1064 1978 1126 ἐπῴκισε;
1999 1066 2131 1109 mitto
2149 1066 2273 1125 quod
2293 1068 2478 1112 nomina
2500 1085 2607 1129 pro·

1374 1143 1724 1207 montoriorum,
1747 1141 2007 1196 fluviorum,
2032 1140 2237 1198 urbium,
2260 1144 2476 1203 majorem
2505 1161 2607 1206 par-

1375 1227 1464 1261 tem
1483 1229 1588 1262 sunt
1603 1219 1839 1264 Phoenicia
1859 1216 1906 1280 (⁴¹)
1929 1220 2125 1279 aliisque
2144 1221 2193 1264 in
2213 1222 2502 1279 regionibus,
2528 1224 2609 1269 ubi

1376 1294 1618 1339 Phoenices
1636 1295 1960 1352 consederant,
1987 1307 2257 1352 recurrunt3
2282 1299 2411 1343 mitto
2436 1315 2535 1359 quae
2554 1316 2610 1345 ex

1376 1368 1587 1413 Arabicis
1600 1370 1908 1430 scriptoribus
1923 1404 1935 1426 ,
1955 1371 2035 1430 qui
2052 1371 2353 1417 Berberorum
2374 1374 2609 1419 historiam

1379 1444 1736 1503 consignarunt,
1760 1445 1916 1489 afferri
1934 1437 2127 1506 possint.
2151 1447 2291 1492 Docte
2314 1448 2370 1492 de
2386 1449 2457 1493 his
2473 1466 2610 1510 expo-

1378 1519 1470 1563 suit
1492 1519 1747 1564 Moversius
1764 1521 1812 1583 in
1828 1535 1967 1580 opere
1983 1521 2167 1580 egregio
2182 1522 2247 1566 De
2264 1524 2610 1583 antiquitatibus

1377 1594 1632 1640 Phoeniciis
1676 1596 1814 1655 (tom.
1850 1595 1919 1651 11,
1958 1613 2006 1657 p.
2048 1597 2137 1641 530
2179 1613 2277 1657 sqq.
2302 1608 2346 1642 et
2381 1600 2549 1658 passim
2567 1600 2606 1659 );

1378 1670 1514 1716 nobis
1538 1683 1607 1716 sat
1630 1682 1724 1716 erat
1744 1673 1947 1731 attigisse
1981 1666 2103 1730 rem,
2131 1689 2232 1733 quae
2253 1674 2513 1719 addubitari
2535 1691 2610 1720 ne-

1377 1757 1527 1806 queat.

1443 1823 1518 1868 30.
1540 1821 1785 1883 Temporis
1807 1824 2013 1882 ’spatium
2039 1839 2122 1884 per
2141 1824 2264 1883 quod
2298 1825 2488 1870 coloniae
2521 1825 2610 1869 illae

1378 1897 1582 1942 deductae
1607 1908 1712 1943 sunt
1742 1909 1784 1943 et
1807 1899 2085 1954 floruerunt,
2126 1899 2284 1943 iisdem
2311 1900 2475 1944 seculis
2498 1900 2610 1944 duo·

1377 1970 1464 2017 bus
1498 1983 1542 2017 et
1569 1973 1765 2018 dimidio
1805 1974 2275 2019 circumscribendum
2312 1985 2402 2030 est,
2442 1974 2610 2034 quibus

1378 2046 1581 2106 pollebat
1610 2048 1762 2107 Tyrus
1798 2050 2084 2109 metropolis.
2122 2048 2265 2108 Cujus
2287 2048 2468 2094 viribus
2495 2052 2610 2094 acci-

1379 2121 1463 2177 sis,
1495 2123 1634 2167 tutela
1657 2123 1883 2168 destitutae
1908 2124 2213 2184 barbarisque
2241 2125 2426 2184 populis
2462 2127 2610 2185 impa-

1378 2213 1450 2243 res
1467 2199 1696 2259 pleraeque
1712 2200 1866 2260 praeda
1878 2211 2118 2245 evaserunt
2137 2200 2436 2246 Numidarum
2452 2235 2464 2257 ‚
2496 2218 2607 2261 quo-

1378 2289 1480 2317 rum
1509 2284 1617 2318 tunc
1656 2275 1903 2334 imperium
1940 2291 2129 2334 surgere
2163 2277 2324 2336 coepit3
2361 2277 2610 2321 restiterint

1378 2363 1549 2406 paucae,
1570 2364 1682 2406 quas
1699 2350 1904 2393 locorum
1921 2351 2111 2395 firmitas
2134 2361 2178 2394 et
2200 2351 2415 2394 idoneum
2452 2355 2607 2410 praesi-

1379 2420 1504 2464 dium
1530 2430 1797 2468 tutarentur.
1819 2423 1982 2467 Postea
2003 2423 2053 2468 in
2079 2423 2193 2482 Tyri
2217 2425 2368 2468 locum
2387 2428 2603 2471 successit
2644 2440 2659 2458 ·

1381 2496 1605 2554 Carthago
1624 2531 1636 2551 ,
1656 2513 1756 2556 quae
1781 2513 1903 2541 nono
1926 2509 2029 2543 ante
2053 2498 2285 2543 Christum
2319 2501 2471 2544 seculo
2493 2519 2606 2546 con-

1381 2569 1476 2613 dita
1496 2570 1571 2630 (**)
1597 2571 1708 2615 adeo
1725 2573 1962 2631 paullatim
1989 2574 2158 2629 crevit,
2179 2583 2229 2618 ut
2252 2574 2472 2619 Hannone
2495 2576 2608 2621 duce

1383 2647 1532 2690 30000
1568 2646 1923 2708 Libyphoenices
1957 2650 2006 2693 in
2044 2649 2292 2695 Atlanticas
2316 2650 2518 2696 colonias
2542 2652 2609 2696 di·

121 2770 170 2820 (*)
190 2771 241 2808 Ut
261 2783 270 2807 ι
293 2767 448 2807 Rusibis
462 2766 520 2805 vel
547 2766 730 2813 Rutubis,
748 2764 990 2811 Rusadium,
1013 2765 1230 2814 Usadz’um,
1247 2766 1386 2813 Solois‚
1407 2767 1624 2815 Soloentia,
1642 2769 1755 2814 Sala,
1779 2771 1868 2811 Lix,
1890 2770 2113 2808 Chusarz'us
2124 2771 2189 2818 sl„
2207 2770 2412 2819 Suburfl„
2430 2770 2605 2809 Bambo-

74 2827 139 2864 tus
163 2824 227 2873 sl„
253 2822 498 2862 Masicholus
510 2821 575 2870 fl„
595 2822 642 2859 de
663 2821 803 2870 quibus
825 2825 910 2867 post
933 2821 1027 2859 alios
1047 2820 1134 2859 vide
1151 2823 1302 2860 Movers
1322 2822 1349 2860 l.
1378 2822 1404 2860 l.
1438 2825 1487 2869 ll,
1511 2833 1546 2871 p.
1570 2826 1654 2861 244.
1682 2826 1766 2862 274.
1791 2828 1876 2863 291.
1903 2828 1985 2863 295.
2008 2831 2091 2864 335.
2118 2829 2203 2864 344.
2234 2831 2316 2865 516.
2346 2830 2432 2873 534,
2462 2828 2500 2865 et
2523 2837 2609 2875 quae

74 2881 112 2919 in
134 2881 262 2918 annot.
290 2879 336 2916 ad
357 2881 532 2935 Hannon.
547 2877 683 2926 passim
711 2877 940 2915 notavimus.

123 2935 194 2984 (ἣ)
216 2934 274 2975 Ad
293 2945 434 2973 annum
452 2945 532 2974 rem
553 2933 650 2982 exigi
671 2944 747 2971 non
772 2943 881 2982 posse
907 2943 995 2971 cum
1019 2933 1100 2972 aliis
1119 2936 1221 2972 recte
1243 2934 1369 2972 censet
1388 2933 1585 2972 Gesenius.
1619 2935 1828 2973 Moversius
1851 2936 1874 2973 l.
1897 2936 1922 2973 1.
1942 2946 1978 2984 p.
2017 2938 2083 2974 146
2110 2947 2211 2985 sqq„
2234 2937 2298 2985 qui
2325 2938 2539 2986 nuperrime
2559 2937 2612 2974 di-

77 2991 286 3030 versissima
308 2992 402 3028 vett.
425 2990 744 3037 chronologorum
763 2989 981 3028 testimonia
1004 2990 1183 3036 excussit,
1200 3001 1343 3028 annum
1363 2994 1435 3030 814
1456 2990 1514 3028 vel
1536 2994 1607 3029 813
1624 3001 1659 3028 a.
1691 2991 1781 3029 Chr.
1799 2992 1813 3038 (
1832 3002 1945 3040 quem
1964 2993 2120 3030 tradunt
2143 2993 2254 3032 Dion.
2275 2992 2359 3031 Hal.
2384 2995 2421 3030 et
2446 2994 2610 3040 VelleJus

76 3049 108 3094 1,
136 3050 178 3084 12
197 3047 235 3084 et
252 3046 349 3084 inter
371 3045 464 3084 alios
479 3045 593 3084 etiam
621 3046 735 3084 habet
756 3045 1043 3093 Hieronymus)
1068 3045 1329 3084 indubitandae
1351 3045 1436 3084 fidei
1468 3055 1548 3083 esse
1577 3047 1615 3083 et
1640 3056 1684 3083 ex
1706 3047 1906 3095 Tyriorum
1934 3048 2131 3085 annalibus
2161 3047 2313 3085 fluxisse
2333 3050 2473 3085 censet.
2502 3048 2610 3092 Quod

79 3111 186 3140 secus
214 3101 304 3139 mihi
326 3101 496 3148 videtum
526 3112 650 3150 neque
686 3102 793 3139 aliter
816 3100 856 3140 in
889 3101 1125 3149 Carthaginis
1151 3101 1295 3149 epocha
1324 3101 1536 3139 delinienda
1561 3113 1702 3150 graecos
1738 3104 1985 3152 chronologos
2006 3105 2122 3152 egisse
2159 3106 2250 3152 puto
2269 3114 2385 3152 quam
2408 3104 2446 3141 in
2476 3105 2610 3141 ceteris

80 3157 285 3204 priscorum
308 3159 524 3205 temporum
550 3156 839 3206 παραπήγμασι.
859 3157 1053 3204 Praecipua
1072 3160 1267 3196 momenta
1284 3159 1413 3207 paucis
1428 3159 1616 3197 indicabo.
1633 3161 1838 3209 Carthago,
1859 3161 1969 3199 sicuti
1985 3162 2068 3198 aliae
2090 3162 2200 3198 urbes
2218 3160 2426 3206 nonnullae,
2452 3160 2508 3197 bis
2523 3170 2611 3196 con-

79 3211 157 3250 dita
171 3223 193 3249 a
213 3213 471 3260 compluribus
489 3212 706 3258 dicebatur,
732 3212 897 3260 primum
921 3211 1019 3249 circa
1037 3213 1199 3260 Trojana
1218 3216 1390 3262 tempora
1408 3214 1467 3251 vel
1483 3215 1677 3262 aliquanto
1695 3218 1801 3263 post;
1825 3215 1960 3254 deinde
1972 3215 2095 3253 denuo
2107 3244 2118 3263 ‚
2140 3215 2268 3254 seculo
2283 3225 2384 3252 nono
2399 3215 2609 3253 secundum

82 3267 274 3314 plurimos.
305 3268 512 3316 Carthaqo
531 3269 660 3305 autem
682 3278 804 3314 quum
824 3267 1005 3316 significet
1026 3269 1125 3306 urbs
1155 3279 1274 3313 nova,
1312 3273 1422 3309 Utica
1445 3281 1549 3316 vero,
1569 3281 1655 3317 quae
1685 3273 1765 3309 erat
1785 3270 1978 3319 proxima,
1999 3272 2107 3309 sonet
2126 3273 2240 3309 vetus
2259 3269 2358 3308 urbs
2380 3281 2393 3306 :
2423 3271 2612 3318 putaveris

83 3323 211 3369 prioris
222 3323 321 3361 illius
337 3324 571 3371 Carthaginis
591 3324 753 3371 epochas
771 3324 818 3362 ad
841 3323 989 3363 Uticam
1011 3325 1224 3364 referendas
1239 3337 1332 3365 esse.
1352 3328 1402 3364 Ut
1422 3328 1465 3364 ut
1481 3330 1556 3372 est,
1578 3326 1828 3374 Hieronymus
1845 3327 1891 3365 de
1908 3327 1968 3365 his
1981 3327 2057 3364 tres
2072 3326 2181 3364 affert
2196 3336 2382 3364 annorum
2399 3336 2578 3364 numeros
2600 3341 2608 3364 z

507 3404 577 3438 An.
603 3399 743 3437 Abrah.
797 3403 868 3438 804
923 3404 1014 3439 1212
1039 3411 1073 3439 a.
1103 3403 1145 3439 C.
1177 3415 1188 3449 ;
1216 3401 1376 3439 debebat
1400 3406 1498 3440 :808
1555 3407 1646 3441 1208
1671 3413 1705 3440 a.
1731 3405 1774 3440 C.

785 3460 854 3494 971
912 3461 1007 3495 1045
1165 3470 1176 3504 ;
1417 3461 1487 3496 975
1544 3461 1635 3496 1041

763 3516 851 3550 1001
912 3518 1006 3551 1015
1397 3517 1490 3550 1005
1546 3518 1632 3551 1011

86 3590 130 3625 111
160 3587 319 3625 Eusebio
341 3590 518 3627 Armenio
540 3590 662 3638 prima
681 3590 826 3638 epocha
842 3601 918 3628 non
936 3592 1088 3639 legitur,
1112 3591 1225 3630 tertia
1244 3600 1336 3627 vero
1361 3591 1462 3627 recte
1476 3589 1630 3638 ponitur
1653 3589 1699 3626 ad
1717 3599 1777 3627 an.
1801 3589 1889 3626 Abr.
1909 3592 2001 3628 1005
2017 3601 2028 3635 ;
2046 3588 2207 3626 mediam
2224 3588 2356 3626 eodem
2377 3588 2489 3626 modo
2506 3589 2609 3635 quat-

85 3644 175 3680 tuor
194 3642 301 3679 aunis
320 3643 562 3690 posteriorem
584 3655 663 3684 esse
688 3645 825 3683 debere
848 3647 970 3695 liquet
1003 3658 1050 3685 ex
1075 3647 1200 3685 verbis
1233 3646 1451 3693 Hieronymi
1482 3659 1490 3684 :
1519 3646 1723 3693 carthaqo
1755 3645 1919 3683 condita
1952 3648 2072 3684 est....
2093 3648 2182 3693 post
2207 3645 2430 3692 Trojanum
2462 3644 2608 3682 bellum

85 3709 188 3742 ann.
214 3701 384 3738 CXLIII
387 3712 404 3744 ,·
427 3709 515 3737 nam
539 3704 633 3740 1045
651 3701 702 3749 -l-
725 3705 791 3741 143
810 3703 1003 3742 efficerent
1021 3715 1163 3742 annum
1191 3706 1298 3750 1188,
1325 3703 1389 3751 qui
1415 3702 1556 3740 nullius
1576 3704 1632 3740 est
1650 3711 1736 3738 aerae
1755 3701 1952 3749 'frojanoe3
1969 3702 2025 3739 sin
2045 3711 2123 3739 rem
2143 3701 2431 3738 accommodare
2451 3699 2540 3737 velis
2563 3698 2609 3735 ad

56 3758 57 3762 ’
85 3764 243 3801 annum,
271 3764 385 3802 quem
406 3754 590 3793 Eusebius
606 3756 755 3794 excidio
776 3758 939 3805 Troiano
972 3770 1145 3808 perverse
1172 3761 1335 3808 assignat
1361 3762 1503 3808 (1181),
1528 3760 1701 3809 ponenda
1724 3760 1866 3807 epocha
1886 3761 1984 3797 esset
2006 3759 2053 3796 ad
2077 3769 2138 3796 an.
2167 3758 2305 3797 Abrah.
2326 3761 2412 3803 978,
2444 3755 2608 3793 1111111111

87 3808 249 3845 Eusebio
269 3807 469 3854 Armenio;
489 3809 528 3845 at
551 3811 653 3855 patet
667 3810 825 3850 indicari
849 3813 1083 3852 notissimam
1102 3825 1218 3853 aeram
1242 3817 1329 3853 anni
1351 3819 1457 3862 1184,
1480 3817 1641 3863 ideoque
1669 3815 1887 3862 Hieronymi
1906 3815 2088 3862 epocham
2113 3824 2245 3852 revera
2264 3813 2449 3861 pertinere
2475 3810 2519 3847 ad
2544 3819 2605 3845 an.

88 3862 225 3900 Abrah.
248 3866 333 3903 975.
358 3862 503 3901 Eodem
524 3863 636 3900 modo
655 3866 799 3912 epocha
817 3868 936 3915 prima
953 3879 1014 3908 an.
1035 3870 1123 3908 Abr.
1145 3874 1214 3910 804
1233 3874 1414 3920 quattuor
1430 3874 1519 3911 item
1539 3872 1644 3910 annis
1666 3872 1851 3910 recentior
1872 3882 1951 3909 0550
1969 3871 2094 3909 debet.
2119 3891 2168 3898 ——
2189 3872 2273 3908 Jam
2300 3879 2386 3906 vero
2401 3866 2447 3904 ad
2467 3875 2608 3902 annum

92 3921 301 3957 1041recte
321 3918 574 3966 Hieronymus
596 3920 705 3957 notat
727 3923 1014 3969 miqrationem
1046 3927 1235 3974 lonicum,
1257 3939 1342 3976 quae
1365 3929 1415 3966 ita
1439 3928 1660 3976 computata
1696 3929 1752 3965 est
1782 3930 1826 3965 ut
1845 3927 1892 3965 ab
1918 3926 2063 3964 excidio
2088 3925 2249 3972 Trojano
2270 3923 2316 3960 ad
2337 3921 2509 3960 Doricam
2533 3919 2606 3956 mi-

91 3974 297 4021 grationem
313 3974 388 4013 sint
409 3973 498 4012 anni
522 3977 584 4022 80,
610 3973 698 4012 hinc
717 3974 766 4012 ad
795 3978 959 4016 ionicam
976 3981 1105 4028 cyclus
1128 3992 1314 4020 annorum
1334 3985 1381 4022 63
1410 3982 1422 4030 (
1442 3998 1489 4015 =
1513 3985 1579 4020 143
1600 3984 1627 4030 ).
1651 3981 1764 4020 Vides
1794 3982 1908 4029 igitur
1927 3982 2120 4018 auctorem
2147 3978 2257 4024 hujus
2277 3975 2478 4023 computus
2502 3983 2607 4011 com-

2346 4047 2369 4085 h
