2756 4354
197 171 345 204 cxxtv

196 260 279 320 qui
319 259 367 306 in
402 214 562 320 lazyae
597 258 789 320 paraplo
821 255 864 319 (5
896 272 937 301 t·
920 271 1030 299 --·ι2
1012 254 1050 310 )
1097 253 1281 299 notitias
1316 267 1438 300 nau-

197 338 307 380 ticas
330 335 572 394 diligenter
592 344 636 378 et
658 332 906 394 plurimum
930 338 1092 374 enotav
1097 328 1204 383 erit,
1223 328 1273 374 in
1295 327 1434 375 Phoe·

198 410 333 456 nicia·
349 420 498 455 autem
514 420 558 455 et
575 408 721 469 Syriae
739 407 871 452 litore
885 404 926 466 (5
944 420 958 447 1
971 404 1051 447 28-
1062 420 1075 447 ι
1087 401 1183 465 53),
1205 419 1347 464 quum
1366 415 1436 451 tet·

199 486 419 532 duntaxat
462 485 503 547 (5
546 485 651 530 ι28.
694 483 793 534 ι34.
837 478 953 543 ι46)
979 480 1036 525 de
1066 477 1205 526 rebus
1240 481 1436 528 nauticis

199 571 396 616 moneat,
433 573 637 617 magnam
679 555 773 616 jam
814 553 1121 600 festinantiam
1163 554 1346 616 prodat,
1385 556 1434 603 in

199 634 496 697 sequentibus
526 633 724 691 denique
759 630 972 676 fatiscens
999 631 1073 676 vel
1108 630 1245 677 taedio
1285 633 1436 679 victus

198 709 355 755 omnia
377 724 477 768 quae
494 707 737 765 rugientem
757 704 981 750 calamum
1002 704 1282 763 inhiberent,
1304 706 1436 768 abje-

198 786 331 839 cerit,
366 790 468 842 post
491 780 585 824 haec
614 789 765 825 tamen
789 790 991 826 resumto
1023 781 1189 842 spiritu
1213 780 1262 826 in
1292 780 1437 844 Cypri

195 867 238 902 et
261 856 405 902 Coetae
426 855 619 917 periplis
643 855 700 900 ad
724 854 962 916 pristinam
987 854 1270 915 diligentiam
1290 841 1438 903 rever·

196 947 272 977 sus
306 932 379 976 sit.
410 933 467 975 At
498 946 590 975 non
623 931 686 975 ita
716 945 811 975 rem
834 929 1029 986 habere,
1061 929 1139 975 sed
1176 930 1437 991 complures

200 1007 410 1052 Nostrum
443 1006 588 1051 fontes
611 1021 879 1065 usurpasse,
904 1006 943 1051 si
978 1005 1159 1064 singula
1192 1005 1438 1065 diligenter

196 1082 471 1144 perpendas,
493 1083 590 1127 veri
609 1083 657 1127 fit
669 1082 885 1128 similius.
902 1081 955 1127 ln
971 1082 1072 1143 ipsa
1084 1081 1244 1143 Libyae
1259 1082 1409 1128 deseri
1420 1109 1436 1117 -

197 1159 355 1219 ptione
369 1191 381 1213 ,
401 1158 448 1202 in
475 1173 565 1218 qua
584 1173 691 1218 pars
704 1157 886 1202 nautica
903 1171 999 1219 prae
1011 1157 1174 1202 ceteris
1191 1157 1439 1219 conspicua

195 1242 287 1289 est,
306 1242 466 1279 auctor
480 1243 647 1294 praeter
662 1232 894 1278 nauticum
912 1231 1121 1277 libellum
1142 1232 1276 1277 etiam
1295 1232 1436 1278 alium

197 1308 427 1369 periplum
467 1307 719 1368 (eundem,
752 1318 883 1368 puto,
904 1307 978 1351 cui
1012 1307 1059 1352 in
1093 1307 1213 1352 Asiae
1248 1309 1438 1354 minoris

196 1382 390 1443 paraplo
415 1396 463 1427 se
484 1380 692 1443 addixit)
715 1380 776 1427 ob
806 1381 965 1427 oculos
994 1380 1209 1427 habuisse
1234 1382 1434 1428 videtur.

197 1454 252 1500 ld
274 1456 397 1501 enim
422 1455 579 1501 suadet
606 1455 729 1517 quod
757 1457 804 1501 in
836 1456 986 1518 prima
1004 1455 1105 1516 ejus
1130 1467 1258 1518 parte
1281 1456 1323 1520 (5
1349 1456 1437 1519 ¹·9)

197 1531 373 1577 notitiae
404 1531 596 1578 nauticae
632 1531 818 1577 nonnisi
852 1530 1161 1592 parenthetice
1198 1531 1319 1576 inter
1351 1547 1438 1577 no-

198 1610 324 1655 mina
352 1609 556 1654 locorum
584 1618 628 1654 et
654 1608 972 1653 distantiarum
998 1617 1127 1653 notas
1153 1608 1436 1664 inseruntur,

197 1695 248 1731 ut
284 1686 331 1731 in
352 1684 476 1731 hisce
503 1702 512 1728 :
550 1684 647 1731 Ἀπὸ
669 1682 937 1746 Ταποσίρεως
965 1683 1032 1728 ἐπὶ
1065 1683 1112 1728 τὸ
1136 1682 1258 1743 Χιμὼ
1280 1684 1292 1746 (
1315 1683 1437 1744 κώμη

200 1761 309 1807 ἐστί·
337 1762 476 1825 βρᾶχη
500 1759 756 1824 φαινόμενα)
796 1759 955 1805 σδᾶδιοι
985 1759 1037 1821 [ι’.
1078 1758 1178 1806 Ἀπὸ
1223 1759 1439 1815 Πλινθίνης

199 1836 269 1883 ἐπὶ
291 1837 520 1899 Ταπόσιριν
542 1836 554 1899 (
574 1837 690 1886 πόλις
723 1835 831 1880 ἐστὶν
859 1833 1071 1893 ἀλίμενος·
1096 1834 1203 1893 ἱερὸν
1226 1838 1295 1879 τοῦ
1323 1834 1438 1880 Ὀσί-

201 1912 307 1974 ριδος
330 1910 343 1973 )
362 1911 521 1956 στάδιοι
541 1910 577 1971 ιζ
593 1920 637 1955 et
656 1911 723 1955 sic
743 1926 899 1972 porro.
920 1909 1067 1964 Quam
1091 1909 1436 1954 adornationem

197 1986 609 2034 incommodiorem
628 1986 850 2047 relinquit
866 1985 974 2031 inde
994 2001 1019 2029 a
1036 1988 1061 2045 5
1087 2002 1139 2029 ιο
1153 2020 1165 2041 ,
1185 1985 1263 2030 ubi
1288 1986 1439 2046 primo

198 2062 492 2109 stadiasmum
510 2062 656 2118 affert,
677 2061 842 2107 deinde
858 2072 1007 2107 cetera
1022 2060 1276 2121 subjungit.
1306 2062 1440 2105 Prior

198 2138 533 2185 ratioindicare
546 2138 658 2183 mihi
672 2136 1109 2183 videtui-stadiasmo
1124 2136 1259 2181 alicui
1276 2153 1329 2181 ex
1349 2137 1440 2181 alio

196 2216 379 2279 periplo
398 2215 585 2262 notitias
604 2214 809 2260 nauticas
822 2213 998 2260 additas
1011 2228 1125 2259 esse.
1147 2212 1315 2258 Eodem
1335 2213 1441 2259 sacit

198 2292 324 2354 quod
347 2292 577 2338 interdum
601 2291 774 2352 duplex
808 2289 1014 2351 ejusdem
1040 2290 1132 2336 loci
1158 2306 1322 2336 nomen
1349 2302 1438 2336 tam

196 2365 478 2411 inconcinno
504 2366 640 2411 modo
657 2365 924 2426 apponitur,
949 2375 1000 2411 ut
1021 2382 1115 2411 non
1137 2369 1303 2411 veteris
1326 2368 1440 2413 scri-

196 2444 343 2504 ptoris
354 2459 534 2488 manum
549 2442 626 2488 sed
638 2443 729 2488 seri
743 2442 830 2487 aevi
840 2442 1188 2504 compilatorem
1200 2458 1436 2502 agnoscas,

196 2518 272 2563 Sic
293 2520 319 2578 S
340 2519 398 2563 56
419 2536 431 2563 2
453 2518 551 2563 Ἀπὸ
577 2518 859 2577 Πτολεμαΐδος
878 2519 933 2570 εἷς
948 2518 1154 2581 Τεύχειρα
1185 2520 1343 2565 στάδιοι
1363 2521 1439 2564 σν’·

197 2594 315 2645 πόλις
331 2594 418 2639 ἐστὶ
438 2595 734 2646 Πενταπόλεως
755 2594 930 2656 ἀρχαία.
956 2594 1073 2650 Αὕτη
1096 2595 1284 2640 καλεῖται
1308 2595 1441 2657 Ἀρσι·

196 2667 288 2725 νόη.
314 2668 405 2714 Ubi
429 2686 484 2715 nc
505 2680 636 2731 putes
660 2670 871 2715 voculam
894 2671 965 2717 καὶ
978 2680 1083 2716 ante
1105 2671 1293 2715 καλεῖται
1317 2672 1441 2716 exci-

199 2742 339 2800 disse,
377 2755 531 2790 vetant
565 2746 757 2804 gemella
780 2745 926 2806 liaecs
965 2745 1025 2805 95
1054 2762 1064 2789 ε
1104 2743 1206 2791 Ἀπὸ
1238 2743 1441 2807 Ἑρμαίου

199 2819 268 2865 ἰπὶ
286 2819 460 2882 Γάιριιρα
487 2821 643 2865 στάδιοι
658 2819 751 2868 τ’...
775 2821 976 2868 Καλεῖται
1001 2820 1275 2882 Αίνεόσπορα.
1300 2823 1439 2880 §931

199 2893 333 2956 [Ἀπὸ
375 2897 578 2957 Κιφαλῶν
601 2897 655 2946 εἷς
694 2896 903 2943 Νιάπολιν
926 2897 1084 2942 στάδιοι
1127 2894 1291 2961 χν’]....
1338 2896 1441 2953 αὕτη

198 2970 389 3015 καλεῖται
409 2969 576 3020 Λίπτις.
603 2969 683 3015 llis
712 2970 826 3015 adde
850 2971 876 3031 5
895 2977 945 3022 l01
970 2986 982 3018 ε
1004 2971 1102 3018 Ἀπὸ
1122 2975 1191 3016 τοῦ
1222 2972 1441 3034 Βατράχου

198 3043 258 3096 εἷς
286 3045 498 3092 Πλατιῖαν
522 3045 680 3090 στάδιοι
703 3044 781 3090 ον’.
812 3044 920 3108 Πρὸς
940 3047 999 3108 τῷ
1018 3046 1189 3106 πιλάγιι
1212 3047 1344 3091 κεῖται
1366 3052 1439 3102 νῆ-

201 3136 271 3172 σος
286 3117 523 3176 καλουμένη
545 3118 725 3173 Σιδωνία
744 3119 756 3182 (
776 3120 861 3166 i.e.
891 3119 1077 3176 Ἀηδονία
1094 3123 1135 3181 );
1162 3137 1262 3166 nam
1289 3121 1439 3168 Platea

198 3195 258 3242 ab
271 3194 478 3243 Aedonia
489 3196 566 3241 vix
583 3195 718 3242 suerit
735 3196 935 3245 diversa.
957 3197 1068 3251 Quae
1084 3213 1224 3258 quum
1237 3198 1283 3243 in
1302 3215 1442 3243 anno-

201 3270 374 3317 tatione
410 3285 438 3316 a
459 3269 711 3331 glossatore
751 3271 955 3333 prosecta
994 3287 1093 3318 esse
1129 3273 1437 3334 putavissem,

199 3360 325 3392 nunc
357 3344 473 3391 nihil
515 3345 679 3402 video,
709 3347 822 3399 quin
860 3362 916 3393 ex
947 3346 1140 3393 sontium
1173 3346 1440 3394 diversitate

202 3423 454 3467 derivanda
476 3422 585 3470 sint.
604 3421 910 3470 Accensendae
926 3421 1142 3470 videntur
1163 3422 1298 3469 etiam
1315 3422 1438 3485 ejus·

201 3497 303 3543 dem
327 3499 527 3543 nominis
553 3499 709 3546 sormae
725 3500 889 3559 variae,
915 3501 1003 3560 ιιῑ5
1024 3500 1081 3544 52
1107 3517 1117 3545 :
1143 3501 1199 3552 εἰς
1232 3499 1441 3547 Ἀπολλω-

200 3572 290 3627 νίαν
324 3583 369 3618 et
402 3589 508 3619 mox
544 3576 599 3625 εἰς
644 3575 965 3622 Ἀπολλωνιᾶδα.
1005 3576 1180 3622 Deinde
1219 3576 1336 3622 mira
1373 3587 1443 3623 est

201 3648 410 3695 confusio
434 3650 483 3694 in
501 3650 666 3709 titulis,
684 3654 762 3712 qui
788 3652 985 3711 singulis
1008 3668 1101 3698 orae
1125 3651 1310 3714 Libycae
1336 3668 1442 3714 pat·-

201 3722 327 3771 tibus
369 3725 688 3786 praefiguntur,
736 3727 874 3771 modo
919 3743 944 3772 a
986 3727 1196 3774 barbaris
1244 3729 1439 3785 accolis,

199 3800 340 3845 modo
360 3814 387 3845 a
403 3800 691 3859 regnantium
707 3802 984 3862 populorum
999 3802 1255 3849 ditionibus
1271 3837 1283 3859 ‚
1304 3803 1442 3849 modo

201 3874 424 3921 asinuum
439 3874 705 3921 nominibus
714 3877 857 3936 petiti.
874 3876 1068 3923 'l'ractus
1082 3879 1159 3938 qni
1174 3878 1231 3923 ab
1243 3879 1438 3925 Alexan—

202 3949 306 3996 dria
322 3949 380 3996 ad
399 3949 613 4010 Magnum
635 3950 981 3997 Catabathmum
1007 3954 1203 4013 pertinet
1222 3955 1261 4015 (5
1291 3956 1437 4012 ι-33),

175 4079 181 4084 ,
203 4026 508 4089 inscriptione
524 4037 663 4075 caret.
686 4026 903 4089 Sequitur
924 4028 1193 4075 Marmarica
1216 4046 1359 4090 usqne
1382 4029 1437 4074 ad

1225 153 1697 204 PROLEGOMENA.

1504 257 1813 319 Apolloniam.
1838 259 2056 306 Proxima
2069 275 2213 321 usque
2232 260 2289 305 ad
2306 260 2556 308 Berenicen
2572 262 2588 309 i
2603 248 2626 302 ι’

1501 330 1676 379 buntur
1695 332 1887 395 Κυρήνης
1910 335 1924 398 (
1954 335 2104 381 voluit
2124 345 2285 380 auctor
2327 334 2575 390 πιντάπολις

1501 424 1573 462 νης
1606 407 1638 468 2.
1673 408 1909 464 Quatenus
1940 409 1999 455 ab
2029 410 2276 472 Apollonia
2314 411 2538 456 orientem
2584 433 2626 448 ·-

1502 482 1621 528 ditio
1639 482 1892 553 Cyrenaica
1911 484 2209 546 pertinuerit,
2243 500 2335 531 non
2363 494 2610 543 notatur,
2596 495 2601 497 ’

1504 568 1653 606 tamen
1677 560 2005 608 occidentalem
2027 562 2274 608 terminum
2298 562 2352 607 ad
2387 578 2488 607 aras
2503 562 2590 609 Phi

1503 651 1603 681 rum
1625 637 1922 699 ponendams
1939 640 1994 692 84
2022 649 2256 684 memoret.
2281 638 2454 684 Deinde
2475 654 2503 684 a
2526 638 2588 686 Be
2625 672 2630 675 -
2652 665 2657 677 ι

1503 712 1711 773 sequitur
1729 711 1879 775 Σύρτις
1898 714 2144 776 Κυρηναίων
2162 713 2203 775 (5
2219 711 2292 774 58)
2314 723 2358 758 et
2377 728 2484 758 mox
2499 713 2540 773 (5
2553 714 2638 775 62).
2654 740 2657 750 ·

1504 787 1697 833 Boreum
1734 790 2102 850 promontorium
2127 806 2184 835 ex
2204 790 2295 835 alio
2321 790 2443 834 fonte
2464 803 2613 836 novus
2644 798 2666 829 a.

1505 863 1577 910 lus
1599 864 1748 926 Σύρτις
1771 864 1989 927 Κυρήνης,
2007 866 2226 912 nimirum
2248 866 2365 910 alios
2385 865 2440 910 ad
2466 864 2624 911 Beren'
2639 890 2668 903 *-

1505 939 1621 984 alios
1641 939 1696 984 ad
1722 940 1917 986 Boreum
1940 956 2014 1002 pr.
2038 940 2187 1000 Syrtis
2207 941 2389 987 initium
2409 940 2619 1002 posuisse
2645 964 2674 979 ·-·

1505 1023 1609 1058 stat.
1640 1013 1844 1059 Pertinet
1880 1030 1934 1060 ea
1956 1030 2101 1075 usque
2130 1014 2187 1060 ad
2212 1016 2354 1071 Aras3
2379 1015 2550 1076 quibus
2574 1031 2649 1061 m
2673 1040 2676 1054 ·

1506 1086 1640 1142 ratis,
1668 1102 1815 1133 novus
1834 1088 2023 1149 ponitur
2041 1087 2202 1134 titulus
2226 1087 2268 1150 (5
2296 1089 2369 1148 85)
2396 1087 2543 1150 Σύρτις
2558 1089 2666 1150 μιγᾶ

1505 1162 1636 1223 quasi
1694 1162 2008 1208 antecedentia
2051 1179 2143 1208 non
2193 1174 2342 1208 essent
2386 1178 2492 1224 pars
2539 1163 2669 1226 ejusd

1505 1237 1705 1298 Syrtidis
1749 1237 1941 1297 Magnae.
1977 1237 2196 1299 Sequitur
2232 1239 2258 1298 5
2303 1254 2386 1283 too
2419 1237 2570 1300 Syrtis
2603 1254 2660 1301 pa

1507 1330 1652 1375 usque
1694 1314 1750 1360 ad
1795 1314 2028 1375 Thapsum
2065 1316 2107 1375 (5
2153 1331 2168 1359 ι
2185 1316 2271 1373 13).
2313 1314 2546 1361 Proximis
2586 1316 2646 1377 tit,

1507 1390 1760 1451 praeligitur
1787 1407 1797 1434 :
1826 1389 1979 1437 Λοιπὸν
2004 1390 2201 1446 Φοινίκη,
2225 1391 2324 1435 sive
2343 1390 2466 1451 quod
2486 1379 2590 1452 post
2609 1391 2670 1437 tin

1506 1465 1708 1526 Syrtidis
1752 1481 1917 1511 novam
1958 1465 2303 1526 inscriptionem
2347 1465 2555 1525 ssagttans
2588 1481 2670 1514 auc

1506 1541 1741 1600 regionem
1766 1541 1986 1587 Punicam
2018 1556 2073 1586 eo
2111 1541 2297 1587 nomine
2317 1541 2500 1599 signare
2518 1538 2679 1588 voluer

1507 1617 1603 1661 sive
1623 1616 1747 1677 quod
1768 1632 1871 1661 sero
1904 1615 2085 1661 demum
2108 1617 2267 1662 titulus
2290 1632 2316 1661 a
2335 1615 2532 1662 librario
2565 1617 2671 1664 addi

1506 1702 1597 1747 est,
1624 1691 1704 1751 qui
1725 1701 1980 1737 truncatum
2002 1691 2096 1752 jam
2123 1691 2325 1737 codicem
2354 1690 2527 1738 habens
2550 1692 2599 1738 in
2647 1716 2692 1746 »η

1506 1770 1548 1827 (5
1578 1767 1679 1828 128)
1707 1767 1957 1813 Phoeniciae
1983 1767 2154 1829 oppida
2188 1768 2413 1813 recenseri
2438 1766 2635 1815 videret..
2655 1775 2672 1822 ‚⁸

1506 1844 1544 1888 si
1580 1853 1674 1899 est,
1711 1853 1884 1889 ceteros
1907 1859 2093 1904 quoque
2116 1843 2274 1888 titulos
2306 1842 2511 1889 indidem
2542 1859 2566 1889 r

1507 1918 1691 1975 licebit3
1718 1921 1790 1965 sin
1828 1920 2000 1978 minus,
2022 1930 2226 1965 auctore
2251 1919 2451 1966 diversis
2481 1918 2618 1967 libris

1507 1994 1615 2040 inde
1630 1994 1806 2055 aliquid
1827 1995 2056 2056 arripiens
2080 1995 2211 2040 istam
2230 1994 2584 2056 inscriptionum

1507 2071 1655 2128 ginem
1677 2070 1877 2129 collegit.
2648 2111 2649 2114 ,
2704 2107 2716 2118 ψ,

1565 2139 1671 2184 205.
1683 2139 1988 2185 'l'ranseamus
1998 2139 2053 2184 ad
2069 2139 2186 2185 Asiae
2197 2138 2390 2184 minoris
2401 2139 2610 2187 insularu
2640 2165 2673 2193 μ,

1507 2215 1821 2272 stadiasmum,
1837 2231 1971 2277 quem
1991 2230 2089 2260 esse
2107 2230 2226 2277 opus
2252 2214 2601 2261 vermiculatum
2629 2238 2635 2254 ν
2669 2209 2686 2266 ξ’

1507 2293 1844 2353 cognoscimus.
1869 2296 1935 2337 Ac
1969 2291 2170 2351 primum
2204 2292 2284 2352 qui
2317 2291 2533 2351 leguntur
2553 2291 2600 2338 di
2644 2316 2649 2331 ·

1510 2367 1671 2413 Rhodo
1713 2367 1770 2413 ad
1807 2366 2049 2428 Scyllaeum
2092 2365 2132 2428 (5
2164 2367 2289 2427 275),
2323 2382 2350 2411 a
2392 2366 2459 2412 Co
2493 2367 2543 2412 in

1507 2444 1550 2503 (5
1574 2445 1680 2489 280.
1704 2444 1831 2503 282),
1857 2458 1884 2487 a
1906 2441 2073 2502 Myndo
2097 2441 2152 2486 ad
2172 2440 2364 2487 Sunium
2389 2443 2429 2502 (5
2450 2442 2580 2500 28ι),
2614 2465 2621 2482 .

1509 2522 1676 2567 mirum
1702 2521 1749 2565 in
1782 2519 1967 2565 modum
1993 2518 2131 2563 laceri
2153 2519 2262 2574 sint,
2295 2518 2367 2564 vel
2391 2517 2500 2564 hinc
2522 2511 2667 2580 suspi',

1509 2598 1614 2643 licet
1637 2597 1769 2642 initio
1783 2611 1861 2641 eos
1884 2595 2071 2640 nonnisi
2098 2594 2294 2654 margini
2309 2593 2564 2656 adscriptos
2582 2594 2644 2641 fu'
2668 2604 2673 2651 j

1509 2687 1644 2732 quam
1684 2670 1993 2731 conjecturam
2020 2671 2168 2714 tin-mat
2188 2668 2312 2730 quod
2343 2684 2435 2715 non
2469 2670 2566 2716 suis
2590 2686 2618 2715 o
2660 2665 2673 2678 ”

1510 2748 1622 2793 locis
1647 2763 1767 2792 nunc
1789 2747 1836 2791 in
1857 2745 2028 2791 ver-bot
2033 2761 2107 2791 um
2130 2745 2293 2790 otdine
2322 2755 2515 2792 exstant.
2536 2731 2669 2800 Nam¹

1507 2824 1536 2887 §
1557 2822 2054 2883 28011abetu1·diaplus
2073 2838 2154 2883 per
2173 2822 2344 2881 insulas
2361 2838 2387 2867 a
2402 2821 2469 2868 Co
2489 2822 2545 2868 atl
2614 2847 2646 2863 -ιν
2663 2817 2681 2836 ⁴

1510 2902 1551 2946 is
1589 2900 1828 2945 manifesto
1858 2900 1989 2959 quasi
2032 2898 2386 2944 commentarius
2409 2898 2510 2943 sive
2538 2913 2586 2945 sc
2629 2894 2668 2952 *ᾖ

1508 2987 1574 3023 cst
1597 2977 1652 3022 ad
1688 2975 1826 3021 verba
1850 2975 2083 3021 stadiasmi
2107 2976 2133 3034 5
2155 2991 2282 3034 279:
2309 2973 2409 3021 Ἀπὸ
2434 2975 2508 3021 Κῶ
2530 2974 2628 3027 εἰς

1508 3053 1667 3098 στάδιοι
1710 3051 1803 3114 στ’,
1850 3051 2044 3110 ideoque
2086 3050 2159 3095 his
2198 3050 2354 3095 verbis
2397 3050 2548 3095 statim
2619 3069 2656 3087 w
2735 3071 2738 3084 ·

1508 3126 1871 3188 subjungendus.
1894 3125 2117 3171 Similitet
2142 3124 2323 3185 diaplus
2344 3138 2370 3168 a
2388 3122 2595 3182 Myndo
2581 3137 2665 3171 tn

1509 3204 1635 3247 nium
1658 3204 1700 3261 (§
1728 3203 1834 3262 28¹)
1862 3202 2012 3262 posts
2050 3201 2165 3256 278,
2193 3197 2273 3243 ubi
2304 3197 2360 3242 de
2384 3196 2555 3257 Myndo
2575 3196 2674 3258 agi

1509 3276 1749 3337 ponendus
1773 3292 1822 3320 et
1825 3285 1886 3321 at
1904 3276 2006 3329 Quo
2031 3273 2261 3332 neglecto,
2289 3273 2455 3318 sactum
2475 3281 2543 3318 est
2564 3281 2616 3319 ut

1507 3367 1532 3396 a
1555 3351 1590 3395 (I
1593 3367 1619 3396 o
1658 3351 1705 3396 in
1738 3350 1898 3395 Delum
1930 3348 2113 3411 diaplus
2150 3349 2191 3408 (5
2209 3346 2316 3411 282)
2337 3364 2362 3393 a
2386 3347 2544 3409 ptiore
2571 3347 2667 3452 (5Ξὲ

1508 3426 1625 3471 male
1654 3425 1966 3471 divelletetur.
1996 3450 2056 3459 —
2087 3422 2263 3469 Deinde
2285 3423 2397 3468 latet
2400 3422 2551 3469 culum
2571 3421 2643 3470 d

1508 3501 1596 3546 ttat
1599 3516 1672 3545 um
1695 3515 1797 3560 quae
1822 3499 1914 3544 sint
1936 3515 1962 3543 a
1996 3497 2156 3543 Rhodo
2184 3497 2239 3543 atl
2263 3498 2427 3558 viginti
2461 3498 2582 3544 Asiae
2616 3519 2658 3535 ω
2683 3556 2685 3558 ¹

1508 3574 1739 3622 insulasve
1757 3575 1796 3637 (5
1817 3575 1945 3634 27ι),
1971 3589 2062 3619 non
2081 3588 2136 3619 ex
2155 3572 2313 3619 eodem
2343 3572 2468 3619 sonte
2491 3587 2609 3619 man
2651 3590 2677 3623 „t

1507 3667 1600 3712 quo
1623 3650 1898 3695 continentis
1911 3664 1991 3695 ora
2014 3648 2308 3705 describitur,
2327 3647 2632 3708 colligimuse
2662 3704 2666 3706 .

1507 3725 1580 3772 bis
1603 3726 1679 3773 Ἐκ
1702 3724 1849 3773 Ῥόδου
1871 3727 1925 3779 εἶς
1942 3725 2111 3774 Φύσκον
2132 3724 2288 3771 στάδιοι
2309 3725 2386 3774 υν’.
2410 3723 2522 3770 Nam
2537 3722 2626 3771 Ph
2657 3714 2674 3761 's

1507 3800 1619 3847 urbs
1657 3802 1702 3846 in
1745 3817 1837 3846 ora·
1874 3801 2184 3863 descriptione
2218 3815 2312 3846 non
2345 3809 2514 3856 exstat,
2538 3799 2620 3857 sed
2721 3821 2724 3829 ·

1508 3877 1609 3922 loco
1632 3876 1836 3937 Physcus
1857 3878 1970 3922 situs
1986 3887 2099 3934 erat,
2122 3875 2282 3923 Samos
2305 3885 2597 3935 memoratur,
2627 3898 2633 3913 ·
2667 3864 2677 3873 ¹

1508 3952 1667 3997 navale
1698 3953 1862 4012 l‘liysci
1897 3953 2036 3999 fuisse
2062 3952 2260 3999 videtur.
2290 3951 2516 3997 Praeterea
2542 3966 2571 3997 a
2636 3974 2678 4017 ss

1508 4029 1560 4074 ml
1586 4028 1793 4074 Rhodum
1823 4030 2103 4076 Statliasmtts
2126 4030 2236 4075 satis
2258 4039 2378 4075 recte
2397 4034 2627 4090 computat
2651 4031 2689 4075 ·ss
