2808 4342
644 156 650 160 .
711 114 753 157 O
810 77 812 79 ί

221 207 309 248 394

281 318 323 349 2⁹
356 299 458 349 Ἀπὸ
489 259 764 352 83·Ew81x?.<
800 296 856 347 εἰς
877 292 1092 355 Βόσπορον
1127 290 1198 337 τὸν
1222 290 1455 354 Κιμμέριον

219 369 474 431 καλούμενον
509 367 586 414 καὶ
613 366 734 411 πόλιν
771 381 845 409 του
881 360 1099 422 Βοσπόρου
1139 359 1457 408 Παντικάπαιον

223 436 532 503 τεσσαράκοντα
555 435 626 481 καὶ
647 431 929 479 πεντακόσιοι.
997 428 1190 478 Ἐνθένδε
1206 427 1276 477 ἰπὶ
1294 428 1459 478 Τάναϊν

221 505 409 568 ποταμὸν
429 505 637 560 ἐξήκοντα·
661 501 705 553 ὃς
730 499 895 561 λέγεται
922 498 1069 562 ὁρίζειν
1102 497 1187 546 ἀπὸ
1218 500 1293 556 τῆς
1321 498 1459 552 Ἀσίας

177 598 198 628 ι
223 578 296 632 τὴν
317 574 434 623 Εὗ’
383 590 538 636 ρω·πην
561 569 633 617 καὶ
649 571 830 631 ὁρμᾶται
847 567 922 629 μὲν
942 566 1027 615 ἀπὸ
1048 567 1199 629 λίμνης
1213 570 1288 624 τῆς
1304 565 1458 616 Μαιώ-

159 969 197 999 10

159 1320 196 1349 ts

154 1680 196 1709 20

220 647 350 700 τιδος,
374 594 567 688 ἕωσὸάλλει
588 636 631 684 δὲ
650 639 708 692 εἰς
728 637 937 684 θάλατταν
955 638 1031 695 τὴν
1054 641 1125 684 τοῦ
1148 636 1335 691 Εὖξείνου
1355 637 1461 684 Πόν·

220 730 306 757 του·
329 709 463 756 καίτοι
487 707 695 770 Αἰσχύλος
715 709 757 754 ἒν
790 710 1007 771 Προμηθεῖ
1042 707 1243 771 Λυομένῳ
1262 707 1331 754 τὸν
1364 709 1459 756 Φᾶ·

218 799 280 824 σιν
300 777 392 841 ὅρον
414 781 488 834 τῆς
513 776 720 841 Εὐρώπης
738 776 811 823 καὶ
831 780 905 834 τῆς
928 775 1067 830 Ἄσίας
1089 779 1213 826 ποιεῖ.
1283 775 1460 838 Λέγουσι

216 853 313 909 γοῦν
337 848 450 910 αὖτῷ
468 849 504 892 οἶ
523 849 696 899 Τιτᾶνες
717 845 819 910 πρὸς
835 845 905 892 τὸν
930 844 1161 909 Προμηθία
1178 845 1241 891 ὅτι

314 954 507 1052 τῗὺῖοιῗσοῖις
523 1007 653 1051 ἄθλους
679 1006 828 1055 τούσδε,
846 1006 1042 1056 Προμηθεῦ
1056 1034 1068 1054 ,

316 1063 457 1112 δεσμοῦ
474 1076 515 1102 τε
535 1063 649 1107 πάθος
668 1062 744 1101 τόδ’
761 1061 995 1111 ἐσοψὸμενοι.

218 1151 403 1201 Ἔπειτα
426 1145 723 1213 καταλέγουσιν
743 1149 844 1207 ὅσην
869 1148 1014 1214 χώραν
1034 1151 1210 1207 ἐπῆλθον
1227 1169 1238 1180 ·

317 1250 379 1298 uz
395 1248 461 1297 μὲν
480 1225 630 1297 δεδυμὸν
644 1246 773 1296 χθονὸς
793 1245 972 1295 Εὐρώπης

266 1304 269 1306 ’
319 1306 435 1354 μέγαν
453 1303 514 1349 ἠδ’
533 1302 651 1347 Ἀσίας
666 1303 826 1352 τέρμονα
846 1303 1017 1340 Φᾶσιν...

218 1387 307 1441 Τῆς
352 1383 394 1430 δὲ
429 1383 578 1444 λίμνης
607 1386 679 1438 τῆς
715 1381 953 1435 Μαιώτιδος
980 1380 1204 1445 περίπλους
1250 1383 1290 1428 ἐν
1324 1380 1464 1445 κύκλῳ

219 1454 383 1517 λέγεται
400 1452 576 1499 σταδίων
594 1451 700 1516 ἀμφὶ
719 1451 810 1504 τοὺς
830 1452 1143 1514 ἐνακισχιλίους.

282 1539 339 1571 ao.
407 1522 508 1569 Ἀπὸ
531 1521 573 1568 δὲ
608 1521 930 1569 Παντικαπαίου
949 1523 1004 1574 εἷς
1034 1520 1180 1583 κώμην
1203 1520 1373 1575 Καζέκα
1393 1522 1461 1568 ἐπὶ

219 1592 404 1654 θαλάττῃ
445 1589 680 1654 ᾠκισμένην
712 1590 870 1636 στάδιοι
907 1589 1036 1637 εἴκοσι
1086 1589 1156 1636 καὶ
1192 1589 1461 1653 τετρακόσιοι.

220 1660 410 1709 Ἐνθένδε
431 1661 470 1713 ἐς
496 1659 754 1719 Θεοδοσίαν,
779 1659 900 1705 πόλιν
924 1658 1108 1722 ἐρήμην,
1131 1659 1288 1706 στάδιοι
1313 1660 1463 1721 ὀγδοή-

219 1748 343 1777 κοντα
379 1728 453 1777 καὶ
477 1728 695 1777 διακόσιοι.
766 1729 852 1777 Καὶ
883 1728 990 1786 αὕτη
1025 1728 1187 1775 παλαιὰ
1220 1722 1270 1786 ἦν
1302 1727 1460 1781 Ἑλλὰς

219 1903 259 1946 ἓν
275 1904 317 1946 δὲ
330 1904 499 1952 σταδίοις
512 1903 649 1944 ἕκατον
670 1902 915 1958 ὀγδοήκοντα
931 1902 952 1943 ὅ
967 1902 1142 1952 Σινδικός
1160 1902 1240 1944 ἔστι
1257 1900 1378 1959 λιμὴν
1398 1903 1463 1944 καὶ

217 1966 343 2019 πόλις,
370 1965 458 2009 εἶτα
480 1964 520 2008 ἔν
554 1966 814 2022 τετρακοσίοις
846 1965 894 2007 τὰ
924 1965 1147 2023 καλούμενα
1169 1966 1322 2017 Βάτα,
1348 1966 1460 2022 κώμη

218 2029 284 2071 καὶ
300 2027 439 2085 λιμὴν,
463 2029 549 2070 καθ’
568 2030 591 2069 ὃ
622 2028 793 2084 μάλιστα
827 2027 1063 2070 ἀντικεῖσθαι
1088 2029 1202 2070 δοκεῖ
1226 2027 1319 2084 πρὸς
1348 2028 1461 2070 νότον

217 2092 243 2144 ἦ
265 2092 421 2146 Σινώπη
452 2091 573 2149 ταύτῃ
595 2094 645 2149 τῇ
669 2092 852 2148 παραλίᾳ.
882 2090 1041 2133 Eodem
1070 2090 1198 2134 modo
1220 2090 1463 2133 Ptolemaeus

220 2154 326 2196 Βάτα
346 2153 467 2211 λιμήν
490 2157 564 2196 66⁰
580 2153 649 2197 30'
664 2178 722 2186 —-
748 2156 823 2208 47ο
844 2153 937 2204 4ο’;
966 2154 1072 2195 Bar-a
1096 2155 1208 2210 κώμη
1234 2155 1308 2196 66⁰
1326 2152 1464 2197 20'—

221 2220 296 2271 47ο
320 2216 403 2259 30’.
441 2218 492 2258 In
514 2215 691 2271 Scylacis
724 2215 885 2271 periplo
921 2218 945 2269 S
969 2229 1021 2271 7²
1051 2215 1165 2257 locus
1194 2223 1363 2258 vocatur
1383 2216 1465 2258 Πά-

218 2294 318 2328 τους.
339 2280 392 2320 Ni
407 2277 526 2320 fallor
541 2276 651 2319 idem
669 2277 784 2319 locus
800 2278 843 2319 in
860 2278 1014 2333 Geogr.
1032 2280 1134 2319 Rav.
1146 2278 1204 2327 V,
1229 2290 1279 2323 10
1294 2286 1465 2320 voeatur

218 2347 412 2400 Sapaeos,
428 2340 500 2383 ubi
525 2348 792 2382 recensentur
814 2354 824 2381 :
848 2339 1027 2390 Sindice,
1053 2343 1322 2391 Ermonassa,
1341 2343 1463 2383 Eteo-

219 2407 369 2447 hmcon
387 2402 402 2462 (
422 2402 740 2459 Ἐτεοὸροὺχιον,
761 2418 784 2444 a
798 2403 1060 2445 Bruchorum
1082 2412 1202 2459 gente
1225 2399 1343 2459 eujus
1361 2406 1464 2446 Pro·

218 2469 363 2524 copius
386 2466 574 2509 meminit
585 2465 640 2523 Ρ),
664 2465 853 2508 Latet-itu
869 2467 1018 2522 (prope
1038 2465 1240 2508 Setherien
1259 2466 1359 2509 fluv.
1385 2467 1462 2510 Pli-

221 2531 304 2572 nii?
320 2531 353 2586 ),
369 2533 561 2586 Secpatos.
588 2529 605 2584 ΙΙ
624 2552 683 2560 -
701 2541 769 2571 20.
799 2526 1063 2585 Σινδικὴν]
1087 2530 1231 2582 Quum
1253 2544 1276 2571 a
1300 2528 1465 2572 Sindice

218 2592 271 2635 ad
286 2594 460 2635 Hierum
474 2593 558 2632 sint
575 2590 707 2633 stadia
727 2591 824 2642 300,
844 2590 897 2633 ad
917 2592 1220 2647 Panticapaeum
1241 2592 1337 2643 450,
1355 2601 1466 2648 patet

220 2655 413 2697 Sindicen
434 2654 598 2697 Arriani
620 2652 864 2710 ponendum
887 2668 975 2696 esse
995 2654 1067 2695 uhi
1087 2669 1199 2696 nunc
1212 2663 1273 2696 est
1291 2657 1461 2712 Anapu.

222 2717 379 2758 Eodem
401 2716 494 2758 loco
514 2715 759 2758 Ptolemaeus
774 2714 947 2757 collocat
970 2715 1110 2756 Σίνδαν
1131 2717 1268 2771 κώμην
1288 2718 1306 2770 (
1322 2718 1467 2757 66⁰-

222 2780 296 2826 (08⁰
313 2782 351 2832 ),
375 2794 398 2819 a
420 2793 501 2834 qua
515 2777 734 2832 distinguit
751 2776 929 2818 Σινδικδν
952 2776 1091 2833 λιμένα
1117 2777 1130 2833 (
1149 2778 1222 2819 650
1239 2777 1307 2820 30'
1320 2802 1376 2809 —·
1391 2781 1466 2833 47ο

225 2840 291 2883 50'
307 2843 339 2896 )‚
362 2840 697 2896 componendum
714 2854 810 2881 curn
830 2840 932 2881 hod.
960 2840 1052 2881 lacu
1074 2839 1317 2882 Kizil·tach.
1343 2842 1466 2883 Hunc

222 2902 436 2944 Sindicum
456 2910 623 2958 portum
643 2903 767 2942 etiam
787 2902 936 2942 Strabo
958 2902 984 2941 l.
1012 2902 1039 2943 l.
1062 2911 1102 2943 et
1122 2902 1279 2944 Plinius
1309 2902 1463 2958 signifi-

224 2973 334 3016 cant,
363 2973 409 3005 ut
426 2978 477 3006 ex
507 2962 660 3004 additis
682 2963 886 3003 mensuris
907 2962 1161 3016 intelligitur.
1184 2965 1376 3005 Ceterum
1409 2965 1463 3006 cs.

227 3034 318 3069 not.
347 3026 399 3069 ad
422 3025 577 3082 Scylac.
611 3027 634 3079 S
666 3038 736 3079 72.

280 3092 396 3143 529,
421 3089 519 3131 l.·2.
551 3087 838 3128 Παντικάπαιον
857 3117 868 3137 ,
901 3101 1030 3143 prope
1052 3086 1152 3127 hod.
1189 3089 1372 3128 Kertsch.
1407 3092 1467 3130 De

225 3151 329 3194 urbe
346 3152 561 3195 notissima
576 3164 615 3191 v.
637 3149 773 3191 Ukert
785 3151 863 3200 111,
882 3163 907 3190 2
923 3164 965 3205 p.
986 3151 1066 3204 478
1082 3150 1207 3205 etqui
1223 3149 1277 3190 11ιί
1299 3150 1467 3192 laudan·

225 3223 308 3257 tur.
344 3238 402 3247 —
434 3214 475 3256 3.
507 3213 660 3255 Tanais
693 3212 773 3255 hoc
802 3212 893 3254 1000
930 3212 1172 3253 insolentius
1204 3222 1469 3268 nuncupatur

225 3276 400 3329 fretum,
431 3275 545 3332 quod
568 3274 747 3317 dicimus
768 3273 921 3316 den-oie
943 3274 992 3315 de
1028 3273 1237 3316 Ze'nikale.
1273 3275 1469 3317 Similiter

226 3342 471 3396 Anonymus
490 3341 513 3392 S
531 3339 581 3380 5ο
600 3337 724 3379 dicit:
745 3336 807 3379 ἐπὶ
826 3340 892 3389 τῆς
909 3337 1129 3384 Μαιώτιδος
1141 3334 1284 3392 λίμνης
1300 3335 1385 3388 ἤτοι.
1402 3342 1469 3379 τοῦ

225 3402 390 3451 Τάνεως.
419 3419 434 3441 ιι
459 3400 620 3455 Quidni
639 3415 691 3442 ex
713 3399 930 3443 Herodoto
943 3401 1021 3451 lv,
1051 3400 1126 3441 123
1142 3399 1202 3441 sie
1215 3400 1469 3455 eon-igamus

228 3464 452 3506 Arrianum
479 3477 489 3505 ε
514 3462 580 3504 καὶ
597 3462 763 3519 ὁρμᾶται
787 3462 855 3520 μὲν
876 3461 951 3505 ἀπὸ
973 3461 1115 3519 λίμνης
1139 3461 1336 3518 μεγάλης,
1368 3461 1469 3505 taat-

227 3526 296 3566 δοῖ
306 3526 347 3567 δὲ
362 3525 413 3574 εἰς
434 3526 578 3582 λίμνην
602 3526 832 3577 Μαιώτιδα,
857 3525 939 3578 ἥτις
967 3523 1166 3567 εἰσθάλλει
1194 3522 1246 3574 εἰς
1271 3523 1468 3566 θάλασσαν

228 3585 298 3638 τὴν
321 3591 390 3629 τοῦ
410 3588 588 3636 Εὐξείνου
610 3588 785 3631 πόντουὲ
811 3609 827 3625 ι
858 3589 1091 3631 srucnus.
1119 3585 1247 3642 Quod
1272 3595 1381 3629 recte
1403 3602 1467 3629 re-

227 3650 340 3706 spuit
360 3650 534 3700 Gailius,
559 3650 659 3693 salso
678 3660 816 3693 tamen
835 3650 1006 3693 laudans
1034 3650 1278 3694 Strabonem
1300 3663 1343 3707 p.
1373 3655 1466 3702 126,

228 3710 346 3767 quasi
369 3711 404 3752 is
428 3712 665 3753 Maeotidem
699 3729 785 3755 oese
807 3711 1120 3769 quodammodo
1142 3721 1300 3770 partem
1317 3711 1468 3754 Tanai-

229 3773 294 3815 dis
309 3773 482 3826 diceret,
508 3788 639 3830 quum
671 3775 906 3817 Maeotidem
927 3775 1039 3819 dicat
1058 3777 1173 3831 quasi
1192 3782 1354 3831 partem
1382 3788 1469 3817 esse

231 3838 356 3879 maris
387 3835 543 3892 magni.
580 3837 701 3879 Gailii
739 3852 923 3880 errorem
956 3840 1106 3895 repetit
1142 3836 1275 3881 Ukert
1314 3838 1393 3888 111,
1424 3850 1466 3888 α,

229 3912 272 3954 p.
300 3902 393 3954 167.
415 3897 483 3941 Ad
516 3912 592 3940 nos
611 3912 711 3941 vero
742 3901 919 3955 pertinet
947 3899 1061 3942 locus
1085 3899 1278 3957 Procopii
1304 3898 1387 3957 (Β.
1411 3898 1467 3941 G.

229 3961 306 4011 IV,
327 3963 352 4011 4
372 3975 415 4017 p.
437 3963 516 4015 474
534 3963 550 4015 )
574 3973 583 4001 :
605 3960 751 4002 Τάναϊν
775 3962 815 4003 δὲ
838 3961 1020 4002 καλοῦσιν
1041 3962 1079 4003 οἱ
1098 3961 1298 4018 ἐπιχώριοι
1320 3960 1385 4003 καὶ
1399 3957 1470 4012 τὴν

234 4021 398 4074 ἔκὸολὴν
416 4022 575 4076 ταύτην,
604 4021 645 4065 ἔκ
666 4023 806 4081 λίμνης
822 4023 1036 4080 ἀρξαμένην
1059 4029 1125 4077 τῆς
1145 4024 1364 4072 Μαιώτιδος
1379 4022 1469 4078 άχρ.

1365 185 1622 234 Annum

2697 19 2762 82 ἠέ

1585 309 1655 351 29.
1689 299 1725 340 A
1754 296 1924 340 studim
1943 297 2000 340 ad
2019 299 2251 356 θυμω-11111
2269 299 2541 341 Cimmerium
2559 307 2601 341 et
2628 301 2683 341 Pa
2729 296 2753 332 υἱ

1526 390 1711 434 mpoeum
1727 407 1741 428 ,
1764 377 1912 419 urbem
1932 378 2135 434 Bospori,
2171 380 2396 436 quingenta
2416 390 2457 423 et
2475 380 2703 436 quadr-agiu

1526 457 1632 500 Inde
1662 456 1716 499 ad
1735 457 1911 499 Tanaim
1937 457 2110 499 fluvium
2124 488 2136 508 ,
2156 459 2230 515 qui
2246 460 2458 519 Europum
2475 462 2529 504 ab
2548 463 2645 505 Asia
2664 451 2752 518 difl

1532 546 1602 580 tur
1622 537 1930 588 disterminare,
1967 538 2190 593 sexaginta.
2251 539 2332 582 nic
2357 544 2539 598 oenmpit
2568 558 2619 585 ex
2642 545 2698 585 Μ
2727 532 2747 541 ’

1530 618 1616 660 tide
1650 608 1828 676 palude,
1869 628 1992 675 atque
2028 620 2163 662 inssuit
2202 621 2245 661 111
2278 634 2392 663 mare
2422 623 2546 666 Ponti
2584 625 2737 668 Euxini

1529 714 1785 759 quamquam
1828 701 2046 759 AEschylus
2081 702 2123 743 in
2157 702 2407 745 Prometheo
2439 702 2583 747 Soluto
2615 705 2772 749 Phasi

1533 784 1714 840 Europe
1731 791 1854 839 atque
1875 783 1983 825 Asiae
2005 784 2229 826 terminum
2250 782 2346 826 facit
2421 785 2586 827 Etenim
2602 786 2714 829 ‘fita
2736 814 2752 820 --

1528 866 1642 923 apud
1661 866 1776 909 illum
1792 867 1848 908 ita
1864 866 2131 922 alloquuntur
2144 868 2438 910 Prometheum
2463 882 2474 910 ε

1636 962 1808 997 venimus

1614 1017 1677 1052 has
1698 1020 1775 1052 ιιιιιε
1789 1025 1985 1059 111-11111111,
2003 1017 2221 1054 Promethea
2234 1042 2244 1057 .

1616 1071 1917 1115 vinculorumque
1930 1070 2022 1106 111110
2040 1071 2275 1107 affinitatem
2293 1072 2416 1108 vimi-t.

1531 1158 1694 1202 Deinde
1711 1166 1951 1210 recensent,
1973 1166 2074 1214 quot
2092 1159 2280 1213 regione·
2297 1161 2600 1215 peragraret-int
2621 1175 2631 1204 :

1616 1254 1685 1291 mc
1700 1253 1844 1299 quidem
1865 1253 2045 1299 duplicem
2060 1255 2210 1298 Europae

1616 1312 1654 1345 et
1668 1309 1757 1344 Λεία
1772 1317 1941 1353 magnum
1964 1308 2172 1351 termlnum,
2188 1308 2355 1344 Phasin...

1530 1384 1666 1440 Ipsius
1681 1398 1780 1425 vero
1794 1382 1956 1442 plaudis
1975 1383 2181 1426 Maeotidis
2199 1382 2381 1426 ambitus
2397 1382 2531 1427 fertur
2550 1398 2638 1429 esse
2659 1386 2755 1430 circi

1532 1462 1598 1496 ter
1610 1453 1840 1496 stadiorum
1862 1454 2004 1496 novies
2019 1453 2143 1496 mille.

1594 1522 1663 1565 30.
1695 1524 1733 1564 A
1758 1522 2017 1578 Panticapaeo
2036 1521 2088 1563 ad
2110 1522 2246 1563 vicum
2275 1522 2424 1564 Cazeca
2436 1553 2449 1573 ,
2467 1524 2570 1564 mari
2589 1522 2757 1580 adjaoen

1535 1599 1642 1642 tem,
1668 1591 1798 1633 stadia
1827 1591 2129 1647 quadringenta
2157 1600 2199 1632 et
2223 1592 2380 1647 viginti.
2438 1592 2543 1635 Inde
2561 1593 2613 1636 ad
2640 1595 2757 1638 Τ1100

1533 1660 1710 1711 dosiam,
1733 1661 1879 1703 urbem
1894 1660 2097 1703 desertam
2109 1692 2120 1711 ‚
2142 1660 2271 1702 stadia
2290 1660 2468 1704 ducenta
2482 1671 2523 1705 et
2537 1666 2745 1720 octoginta

1532 1729 1619 1770 11ωο
1639 1733 1807 1785 quoque
1822 1737 1939 1770 vetus
1952 1728 2052 1771 urbs
2070 1730 2215 1771 Graeca
2234 1729 2326 1781 suit,
2346 1731 2503 1780 Ionica,
2520 1731 2673 1774 Milesi
2717 1752 2720 1766 ·
2760 1756 2764 1770 .

1536 1902 1573 1953 ἔς
1606 1919 1673 1946 τον
1711 1903 1883 1954 Εὔξεινον
1918 1905 2086 1947 Πόντον.
2112 1905 2294 1947 Ukertus
2326 1906 2353 1947 1.
2390 1906 2416 1948 l.
2459 1906 2726 1981 confert-ij
2735 1895 2763 1901 ’

1534 1966 1755 2024 Klaproth.
1776 1968 1821 2009 in
1840 1970 1981 2010 Nouv.
2006 1968 2183 2009 Journal
2203 1967 2345 2009 Asiae.
2368 1970 2404 2019 1,
2426 1983 2467 2025 p.
2496 1973 2564 2012 60.
2588 1994 2647 2003 —
2707 1959 2774 2041 ''s-

1535 2042 1630 2070 rum
1653 2022 1791 2072 stadia
1802 2032 1856 2073 60
1871 2043 1963 2085 quae
1981 2030 2064 2071 sint
2084 2044 2108 2071 a
2131 2030 2390 2087 Panticapaeo
2409 2044 2540 2087 usque
2557 2030 2648 2074 ad·

1535 2168 1702 2210 nymus.
1723 2155 1813 2208 ΙΙ-
1755 2169 1869 2210 -7.
1887 2153 2164 2210 Αἰσχύλος]
2182 2153 2247 2197 Cf
2273 2156 2450 2212 Procop.
2462 2156 2540 2207 IV,
2558 2159 2645 2213 6p.
2665 2152 2801 2208 485

1541 2213 1877 2272 ’,ΗρόδοτοςῌὛ
1899 2218 2035 2271 40)..
2042 2214 2146 2267 .τὴν
2178 2214 2304 2258 Ἀσίαν
2334 2232 2376 2259 τε
2404 2217 2470 2258 καὶ
2492 2216 2656 2274 Εὖρωπη
2661 2220 2764 2262 νδ.

1534 2091 1570 2133 ri
1605 2091 1739 2134 fauces
1757 2092 1843 2134 sive
1870 2092 2023 2135 ostium
2053 2091 2275 2143 Maeotidis,
2302 2102 2503 2135 memorat
2528 2094 2650 2137 etiam
2720 2119 2725 2130 ·
2753 2069 2801 2116 ¹

1535 2277 1705 2333 ρίζεσθαι
1722 2276 1790 2319 τὸν
1814 2275 1981 2332 Κολχων
2001 2276 2152 2329 Φᾶσιν,
2178 2276 2287 2326 εἰδὼς
2309 2278 2350 2320 δέ
2375 2291 2480 2328 τινας
2503 2276 2602 2336 ἀμφὶ
2616 2280 2754 2323 Τανά
2802 2296 2803 2305 ’

1534 2344 1699 2397 ποταμῷ
1716 2342 1837 2381 ταῦτα
1852 2337 2053 2382 οἴεσθαι...

1535 2403 1604 2451 λος
1623 2402 1662 2444 ἐν
1685 2402 1893 2460 Προμηθεῖ
1906 2407 1963 2460 τῷ
1980 2373 2161 2461 λυομένῳ
2178 2402 2285 2453 εὖθυς
2306 2402 2523 2460 ἀρχόμενος
2545 2406 2614 2459 τῆς
2633 2420 2690 2448 τ

1536 2466 1619 2515 δίας
1640 2465 1708 2508 τὸν
1728 2465 1903 2522 ποταμὸν
1925 2466 2053 2508 Φᾶσιν
2082 2467 2249 2523 τέρμονα
2271 2465 2391 2508 καλει
2411 2469 2484 2523 γῆς
2502 2481 2543 2510 τε
2563 2469 2631 2521 τῆς
2706 2495 2712 2501 -

1537 2528 1602 2570 καὶ
1619 2531 1687 2583 τῆς
1706 2527 1905 2584 Εὗρώπης.
1923 2528 1987 2571 Cf.
2006 2529 2122 2572 Plato
2142 2528 2282 2572 Phaed.
2304 2543 2345 2586 p.
2371 2529 2673 2585 109.Α31111·-·ι

1536 2593 1572 2642 1,
1618 2605 1656 2636 ι.
1687 2593 1847 2634 Locum
1884 2591 2062 2648 AEschyli
2087 2606 2136 2633 ex
2174 2589 2333 2647 paredo
2357 2589 2503 2633 sabuloe
2538 2605 2749 2650 anapoes

1535 2652 1773 2695 doeumtum
1802 2653 1960 2695 habes
1950 2668 1991 2695 tn
2012 2654 2177 2709 Fragm.
2210 2652 2346 2695 AEsch.
2366 2667 2409 2709 p.
2439 2667 2517 2707 190
2541 2652 2609 2695 ed.
2634 2653 2763 2715 Did·-

1542 2716 1559 2770 ΙΙ
1581 2740 1639 2749 -
1665 2718 1730 2767 14.
1749 2718 1808 2769 πῆ
1841 2715 1953 2772 μὲν]
1979 2716 2037 2757 sic
2058 2714 2190 2757 codex
2210 2715 2375 2758 Arriani
2394 2723 2437 2757 et
2454 2717 2682 2774 Anonymi,
2716 2739 2722 2753 ·
2747 2743 2758 2766 ι,

1538 2778 1716 2820 eundem
1745 2778 1881 2821 locum
1911 2793 1963 2820 ex
1988 2778 2166 2821 Arriano
2188 2774 2441 2834 1111110111-
2464 2777 2530 2821 15.
2553 2777 2627 2832 ἠδ’
2642 2780 2659 2838 ]

1538 2840 1633 2883 cod.
1659 2842 1884 2899 Anonymi.
1920 2842 1937 2897 11
1962 2864 2018 2874 -—
2054 2855 2119 2897 17.
2155 2841 2566 2900 ἐνακισχιλίους]
2597 2841 2663 2885 Cf.

1538 2902 1590 2944 ad
1613 2903 1767 2960 Scylac.
1793 2907 1886 2959 §69
1909 2918 1952 2960 p.
1981 2903 2049 2954 58,
2075 2903 2146 2945 11111
2169 2902 2276 2945 adde
2297 2904 2489 2961 Theoph.
2515 2904 2679 2948 simoen
2745 2933 2750 2958 3

1540 2965 1699 3021 Dialog.
1726 2966 1768 3007 in
1798 2965 1921 3022 Phys.
1947 2973 1988 3007 et
2007 2964 2117 3007 med.
2142 2979 2185 3022 p.
2220 2969 2295 3021 169
2315 2965 2384 3008 ed.
2410 2965 2565 3018 meter,
2585 2966 2693 3024 quii

1541 3042 1651 3081 9000
1666 3027 1808 3071 stadiis
1826 3027 2033 3070 ambitum
2053 3026 2259 3069 Maeotidis
2276 3026 2436 3069 definit.

1596 3093 1707 3142 530,
1725 3090 1752 3132 l.
1781 3092 1843 3133 18.
1867 3090 2071 3145 Καζέκα]
2094 3089 2367 3131 Probabiliter
2381 3088 2504 3132 seu-ib.
2525 3088 2712 3142 Καζέκαν,
2744 3114 2748 3123 .

1539 3165 1605 3205 ap.
1629 3156 1836 3207 Anonym.
1859 3153 1982 3205 §502
2006 3151 2055 3199 εἰς
2074 3152 2210 3206 κώμην
2229 3150 2410 3203 Καζέκας,
2434 3150 2762 3208 οοῳιειιιοάπδ

1542 3211 1728 3263 Καζέκας,
1756 3221 1801 3254 ιιι
1819 3215 2000 3268 primum
2026 3211 2193 3260 Καζέκας
2220 3227 2302 3254 11011
2333 3214 2385 3254 sit
2406 3213 2678 3267 aecusativus,
2711 3247 2716 3251 .
2759 3241 2761 3244 -

1540 3276 1757 3327 genitivus,
1769 3276 1875 3316 sicut
1890 3289 1984 3315 mox
2005 3273 2112 3316 idem
2131 3274 2254 3316 habet
2275 3274 2325 3323 εἰς
2337 3274 2471 3331 ’Ἄκρας
2484 3275 2633 3333 κωμίον
2646 3286 2712 3320 et

1542 3336 1688 3392 Ἄκρας
1728 3337 1843 3379 Alius
1880 3351 2002 3378 nemo
2031 3337 2145 3378 hunc
2184 3338 2319 3379 vicum
2357 3346 2672 3382 commemorat.
2732 3339 2750 3370 ι’

1539 3396 1731 3440 distantia
1762 3402 2006 3455 Anonymus
2038 3400 2266 3451 consentit,
2287 3407 2470 3442 ceterum
2497 3413 2549 3441 ex
2566 3397 2647 3442 1110
2666 3397 2736 3443 fo
2735 3446 2746 3451 ..

1541 3460 1667 3503 multa
1703 3461 1820 3534 plura
1860 3461 2103 3518 depromsit.
2142 3462 2248 3504 Nam
2286 3477 2310 3504 a
2343 3461 2602 3519 Pantieapoeo
2639 3475 2686 3504 v
2739 3469 2741 3473 '

1540 3524 1721 3566 Maeotim
1738 3525 1836 3566 sitos
1851 3523 1977 3575 locos,
1992 3525 2265 3581 Myrtnecium
2286 3532 2326 3567 et
2342 3524 2620 3577 Porthmium‚

1539 3594 1578 3628 et
1598 3587 2015 3644 interPanticapaeum
2035 3587 2121 3629 sive
2131 3588 2291 3643 Bospoi
2293 3601 2365 3629 um
2377 3594 2418 3630 et
2433 3587 2627 3631 Caecum
2641 3574 2726 3629 tri-s

1540 3650 1765 3706 interponit
1788 3651 2055 3706 Tyristacen,
2075 3650 2366 3706 Nymphaeum,
2396 3652 2574 3700 Aetam,
2595 3650 2747 3706 Cyto·

1539 3712 1826 3762 Cimmerium,
1840 3711 2196 3769 dequibusvideas
2212 3720 2365 3755 notata.
2383 3711 2734 3755 Cazecavieusn

1540 3783 1601 3815 est
1625 3774 1754 3816 Taele-
1760 3773 1939 3816 Koechik
1955 3789 2037 3817 sec.
2056 3773 2299 3817 Koehlerum
2320 3775 2337 3829 (
2354 3776 2477 3816 Mem.
2498 3772 2579 3815 del
2582 3769 2713 3828 ἀεαιῇ

2063 2338 2211 2382 ,Ἀλλὰ
2226 2339 2292 2381 καὶ
2302 2339 2325 2382 ὁ
2339 2341 2627 2398 τραγῳδοποιὸς
2641 2341 2701 2385 At
2741 2343 2770 2410 ¹¹

1543 3836 1721 3878 Inter-sb.
1747 3838 1808 3878 IX
1827 3851 1905 3893 ,p
1943 3837 2073 3893 341),
2098 3845 2139 3880 et
2158 3837 2358 3879 Taitbout
2393 3834 2627 3891 (Por-tulate
2650 3831 2715 3879 de
2793 3818 2799 3864 s

1541 3914 1625 3940 mer
1655 3899 1781 3941 Noire
1813 3914 1856 3955 p.
1889 3913 1956 3955 71.
1977 3901 1993 3954 )
2034 3901 2051 3954 ΙΙ
2088 3924 2145 3932 -
2184 3913 2254 3942 20.
2283 3897 2657 3954 θεοδοσίαν]-

1542 3961 1625 4001 σίαν
1646 3964 1855 4017 Ληοημῃ.
1881 3962 1989 4015 551,
2012 3962 2083 4017 qui
2106 3960 2404 4003 nostraiisdetn
2421 3958 2555 4002 verbis
2576 3956 2685 4002 res
2690 3931 2791 4052 3*

1542 4023 1738 4064 nonnulla
1773 4022 1889 4065 addit
1924 4022 2091 4065 aliunde
2123 4031 2303 4080 sumpta.
2349 4021 2415 4065 Cf.
2451 4030 2538 4063 not.
2582 4018 2681 4063 ad
