2782 4348
100 203 191 266 (³2)

98 308 272 360 Κάϊκος.
342 304 463 354 Μετὰ
487 302 674 358 Πιτάνην
707 299 881 354 Ἐλαία,
913 299 1123 363 Γρύνειον,
1149 299 1326 361 Ἀχαιῶν

97 376 237 435 λιμήν·
262 378 303 421 ἐν
344 372 476 433 τούτῳ
513 368 701 430 λέγονται
732 367 891 429 Ἀχαιοὶ
923 367 1223 427 βουλεύσασθαι
1260 367 1327 413 ἐπὶ

95 444 163 489 τὸν
209 444 397 504 Τήλεφον
427 439 599 499 πότερον
634 435 890 499 στρατεύοιεν
927 433 954 491 ἢ
994 435 1167 481 ἀπίοιεν·
1207 435 1326 487 πόλις

96 513 260 576 Μύρινα
291 509 362 556 καὶ
389 506 529 567 λιμὴν,
556 504 681 566 Κύμη
704 504 775 551 καὶ
799 503 925 565 λιμήν
952 503 1088 568 (ὑπὲρ
1116 504 1159 550 δὲ
1178 504 1328 564 Κύμης

95 585 137 628 ἐν
159 579 354 642 μεσογείᾳ
386 576 505 628 πόλις
539 574 730 631 Ἑλληνίς
753 575 862 619 ἔστιν
886 573 1013 634 Αἰγαὶ
1035 573 1047 636 )
1068 573 1139 619 καὶ
1171 576 1329 620 Λεῧκαι

95 644 164 697 καὶ
185 649 345 708 λιμένες
376 646 448 693 καὶ
479 643 678 707 Σμύρνα,
715 645 756 689 ἐν
778 637 807 705 ᾗ
829 641 1021 705 εΌμηρος
1056 637 1121 701 ἦν,
1148 643 1327 689 Φώκαια

92 718 162 764 καὶ
181 717 306 777 λιμὴν
322 716 393 763 καὶ
407 714 572 779 “Ἐρμος
588 712 772 773 ποταμὸς
783 747 795 769 ,
817 712 1083 773 Κλαζομεναὶ
1101 712 1172 758 καὶ
1183 712 1327 772 λιμὴν,

92 787 290 850 Ἐρυθραὶ
315 785 386 832 καὶ
406 784 549 845 λιμήν.
618 782 741 829 Κατὰ
758 782 800 828 δὲ
821 781 973 833 ταύτας
987 781 1106 838 νῆσός
1123 783 1209 827 ἐστι
1228 781 1328 832 Χίος

91 857 162 902 καὶ
186 856 329 917 λιμήν.
397 854 621 914 Ἔπάνειμι
643 853 768 898 πάλιν
789 852 857 898 ἐπὶ
879 851 954 907 τὴν
988 851 1174 914 ἤπειρον.
1198 850 1326 912 Γέραι

93 926 208 978 πόλις
231 926 302 971 καὶ
321 924 466 984 λιμὴν,
494 923 609 976 Τέως
631 922 748 974 πόλις
766 922 837 967 καὶ
851 922 995 982 λιμὴν,
1014 921 1216 981 Λέὸεδος,
1246 923 1328 967 Κο-

91 996 225 1058 λοφὼν
257 997 297 1040 ἐν
331 993 563 1056 μεσογαίᾳ,
597 991 746 1039 Νότιον
784 992 855 1037 καὶ
889 990 1030 1052 λιμὴν,
1074 989 1327 1042 Ἀπόλλωνος

91 1168 194 1223 κος]
221 1169 447 1222 Hucusque
474 1167 676 1222 pertinuit
710 1173 828 1206 vetus
850 1165 998 1220 Mysia.
1022 1164 1216 1219 Sequitur
1245 1165 1328 1218 Ly-

91 1229 173 1270 dia.
201 1230 300 1270 Haec
318 1244 394 1269 suo
415 1229 507 1269 loco
525 1229 735 1269 monuisse
767 1234 979 1267 auctorem
1008 1233 1329 1267 consentaneum

91 1300 165 1332 cst.
206 1293 338 1332 Porro
364 1289 718 1345 quemadmodum
747 1289 792 1329 in
823 1289 1009 1344 Phrygiae
1041 1303 1114 1329 ora
1142 1287 1331 1328 distinxit

90 1363 131 1394 et
149 1352 355 1394 Troadem
370 1361 411 1393 et
428 1352 647 1403 AEolidem‚
669 1353 729 1392 sic
746 1352 870 1392 etiam
885 1352 929 1391 in
946 1351 1088 1405 Mysiae
1107 1350 1330 1406 Lydiaeque

90 1416 259 1470 paraplo
277 1412 569 1467 distinguenda
589 1421 677 1453 erat
702 1412 829 1453 altera
849 1412 1020 1453 AEolidis
1041 1427 1135 1467 pars
1154 1420 1194 1452 et
1212 1411 1329 1453 dein-

90 1491 184 1532 ceps
210 1477 345 1532 prima
372 1490 466 1531 pars
484 1476 627 1516 Ioniae.
649 1478 754 1528 Quae
782 1476 949 1515 nonnisi
972 1475 1224 1529 excerptoris
1256 1489 1328 1515 ne-

89 1539 278 1593 gligentia
296 1540 445 1579 omissa
459 1546 571 1579 sunt.
592 1540 611 1590 Η
627 1562 684 1568 -
698 1537 727 1577 Γ
740 1552 759 1593 ρ
771 1537 792 1577 ύ
806 1552 825 1578 ν
836 1553 852 1578 ε
868 1552 910 1577 ιο
923 1538 965 1591 ν]
986 1537 1166 1592 Χρύνειον
1180 1536 1326 1589 codex;

88 1616 170 1642 em.
188 1603 310 1642 Voss.
331 1602 424 1654 Η-
445 1599 655 1656 Ἀχαιῶν
678 1599 844 1656 λιμήν]
862 1600 1009 1641 Strabo
1023 1601 1142 1651 XIII,
1156 1614 1198 1656 p.
1219 1604 1325 1641 622:

86 1663 290 1719 Μυρίνα...
315 1662 460 1718 ἔχουσα
476 1663 629 1719 λιμένα·
654 1660 727 1703 εἶτ’
746 1661 910 1718 Ἀχαιῶν
929 1660 1065 1718 λιμὴν,
1084 1663 1180 1704 ὅπου
1196 1662 1233 1703 οἱ
1254 1663 1328 1717 βω-

90 1726 157 1781 μοὶ
168 1730 243 1767 τῶν
263 1726 412 1766 δώδεκα
431 1725 541 1765 θεῶν·
564 1723 650 1766 εἶτα
665 1724 871 1780 πολίχνιον
884 1724 1116 1780 Μυριναῖον,
1130 1724 1325 1782 Γρύνειον,

88 1789 153 1830 καὶ
185 1788 286 1844 ἱερὸν
315 1787 570 1836 Ἀπόλλωνος.
606 1790 756 1830 Portus
777 1788 1035 1830 Achivorum
1070 1788 1114 1828 in
1143 1788 1232 1843 ipso
1259 1788 1328 1829 illo

87 1853 197 1902 sinu,
222 1851 289 1892 cui
312 1851 527 1905 Gryneum
559 1849 785 1905 adjacebat,
810 1849 936 1890 fuisse
965 1849 1102 1890 debet.
1122 1852 1185 1891 De
1213 1851 1329 1892 Tele-

85 1914 186 1969 pho,
202 1913 467 1954 Teuthrantis
483 1914 527 1953 in
539 1927 667 1967 regno
682 1927 931 1963 successore,
950 1927 1047 1953 cum
1066 1913 1236 1964 Graecis,
1255 1915 1327 1969 qui

85 1978 130 2017 in
158 1976 333 2031 Mysiam
359 1976 610 2030 irruperant,
641 1984 867 2031 pugnante,
892 1990 933 2016 v.
958 1977 1134 2017 Pausan.
1155 1977 1212 2027 X,
1241 1978 1324 2028 283

85 2038 254 2079 Pindar.
271 2040 307 2079 I.
331 2039 388 2088 V,
416 2038 483 2078 52.
509 2039 562 2078 O.
587 2039 665 2088 IX,
691 2052 767 2093 107
794 2052 915 2092 sqq.;
937 2038 1091 2092 Hygin.
1114 2036 1198 2078 fab.
1225 2051 1324 2088 101;

85 2102 250 2142 Tzetzes
278 2100 330 2142 ad
353 2102 454 2156 Lyc.
481 2104 577 2142 206.
615 2113 717 2150 2113
750 2100 975 2141 Antehom.
999 2101 1079 2140 268
1103 2113 1194 2153 sqq.
1212 2114 1223 2149 ;
1241 2100 1324 2139 Eu-

87 2164 258 2205 stathius
280 2163 333 2204 ad
351 2165 477 2204 Hom.
498 2177 542 2218 p.
572 2165 642 2212 46.
663 2164 755 2214 Η-
768 2162 795 2201 λ
807 2163 824 2202 έ
836 2177 861 2217 γ
875 2177 895 2201 ο
909 2176 928 2202 ν
941 2177 963 2202 τ
976 2176 998 2201 α
1013 2162 1053 2217 ι]
1079 2161 1235 2216 λέγεται
1257 2176 1327 2202 co·

86 2226 166 2267 dex
180 2242 191 2277 ;
206 2241 287 2267 em.
306 2226 441 2266 scriba
459 2239 600 2280 apogr.
618 2225 755 2264 Vatic.
777 2227 797 2276 Η
813 2248 870 2254 -
884 2239 906 2263 κ
919 2223 966 2263 αὶ
995 2225 1190 2278 Αεῦκαι]
1210 2223 1326 2264 Ordo

85 2289 272 2329 locorum
298 2283 503 2329 turbatus.
538 2287 668 2328 Series
691 2295 778 2326 est:
804 2286 1004 2337 Phocaea,
1027 2288 1173 2327 Leucae
1187 2318 1199 2336 ,
1223 2287 1328 2326 Her-

87 2364 180 2390 mus
201 2350 320 2400 ssuv.,
342 2351 530 2404 Smyrna.
552 2349 692 2388 Λεῦκαι
718 2347 731 2403 (
750 2362 800 2388 eo
819 2355 991 2387 accentu
1012 2347 1135 2387 etiam
1167 2346 1325 2387 Diodo-

86 2413 187 2468 rus)
225 2427 338 2452 nunc
370 2411 507 2464 Leflce.
531 2410 632 2450 Vid.
654 2410 800 2451 Strabo
830 2411 947 2460 XIV,
972 2424 1014 2464 p.
1039 2412 1145 2459 6465
1168 2409 1326 2450 Diodo-

86 2490 156 2515 rus
175 2477 272 2526 XV,
295 2477 367 2524 18,
404 2488 422 2515 1
452 2473 554 2529 (ubi
583 2472 759 2528 Λεύκην)
783 2481 823 2513 ει
843 2486 922 2525 92,
952 2486 970 2512 1
990 2471 1003 2527 (
1020 2472 1092 2512 ubi
1126 2472 1266 2520 Λεύκας
1282 2473 1323 2529 );

85 2538 243 2579 Plinius
275 2539 331 2587 V,
355 2538 434 2586 313
469 2536 577 2576 Mela
602 2550 620 2575 1
635 2566 646 2585 ,
685 2550 726 2589 7,
756 2536 778 2575 3
817 2534 921 2590 (ubi
957 2538 1089 2576 Leuca
1106 2533 1147 2590 );
1171 2537 1323 2576 Justin.

86 2601 244 2650 XXVI,
270 2602 321 2649 43
361 2598 548 2640 Arundel
580 2601 703 2638 Seven
729 2597 925 2638 Charches
962 2611 1004 2651 p.
1044 2596 1141 2650 295.
1167 2597 1279 2638 Urbs
1303 2613 1325 2639 a

84 2662 225 2702 Tacho
258 2660 425 2701 condita
443 2669 504 2701 est
523 2660 690 2714 Olymp.
717 2675 794 2713 99,
823 2673 863 2700 2.
887 2659 983 2708 383,
1019 2667 1118 2699 teste
1138 2659 1326 2701 Diodoro

84 2725 112 2765 l.
131 2725 157 2764 l.
178 2724 426 2765 Letronnius
463 2721 659 2778 (Poemes
676 2724 813 2773 geogr.
837 2735 879 2776 p.
910 2720 1046 2777 220),
1068 2735 1198 2775 quum
1220 2722 1327 2763 hanc

84 2788 235 2843 Peripli
263 2795 422 2842 partem
435 2786 600 2837 auctori
631 2782 811 2825 vindicet
837 2785 909 2839 qui
933 2784 1040 2824 bello
1070 2784 1326 2839 Peloponne-

85 2850 193 2890 siaco
218 2864 303 2889 non
328 2849 385 2891 ,sit
409 2847 568 2902 junior,
586 2855 777 2888 nostrum
792 2846 946 2897 locum,
974 2861 1106 2901 quum
1123 2846 1326 2901 ejusmodi

85 2912 295 2952 sententiae
306 2910 548 2964 refragetur,
561 2910 618 2950 ita
633 2910 940 2965 interpretatur,
956 2917 1004 2950 ut
1012 2924 1097 2949 non
1106 2909 1323 2964 oppidum,

86 2973 158 3014 sed
178 2973 284 3015 nihil
303 2974 380 3013 nisi
399 2973 735 3027 promontorium
764 2972 987 3012 memorari
1015 2979 1181 3012 statuat.
1201 2972 1326 3024 Quod

87 3036 156 3075 vix
170 3036 362 3090 cuiquam
380 3035 628 3090 persuaserit
639 3066 651 3086 ,
665 3035 893 3090 praesertim
909 3049 1040 3090 quum
1053 3035 1211 3089 reliqua
1224 3049 1327 3089 quo-

88 3111 167 3150 que
188 3106 428 3151 argumenta
442 3128 453 3148 ,
486 3097 636 3151 quibus
663 3112 752 3138 eam
785 3112 911 3152 quam
941 3097 1027 3138 vult
1047 3097 1199 3152 Peripli
1219 3098 1326 3139 Asiae

89 3160 258 3200 minoris
280 3169 439 3205 aetatem
461 3175 604 3201 eruere
629 3159 766 3201 studet
782 3192 793 3211 ,
815 3174 963 3215 parum
1001 3160 1121 3201 firma
1147 3161 1243 3201 sint.
1267 3162 1340 3203 V..

89 3222 272 3275 Prolegg.
293 3226 384 3275 Η-
411 3223 514 3279 Σμύ
529 3239 580 3278 ρν
595 3225 647 3278 α]
674 3223 820 3265 Strabo
843 3225 960 3274 XIV,
982 3238 1025 3278 p.
1057 3227 1136 3272 646
1162 3236 1171 3263 ε
1194 3224 1324 3263 Λυδῶν

90 3282 130 3322 δὲ
152 3286 475 3326 κατασπασάντων
491 3284 560 3337 τὴν
577 3286 753 3341 Σμύρναν
771 3286 857 3341 περὶ
871 3287 1098 3341 τετρακόσια
1118 3285 1183 3338 ἔτη
1208 3287 1325 3327 διετέ-

91 3345 201 3385 λεσεν
225 3345 425 3402 οἰκουμένη
446 3350 628 3404 κωμηδόν
646 3365 654 3373 ·
679 3347 765 3390 εἶτα
791 3349 990 3405 ἀνήγειρεν
1011 3348 1128 3401 αὐτὴν
1156 3348 1326 3405 Ἀντίγο-

92 3423 168 3456 νος,
193 3407 277 3447 κτλ.
302 3412 440 3461 Quare
472 3412 629 3452 Gailius
652 3413 835 3467 Smyrnae
857 3413 1112 3453 mentionem
1142 3413 1325 3467 interpo-

91 3470 208 3509 latori
233 3469 539 3525 vindicat.11-
571 3473 616 3514 ἐν
645 3470 700 3530 ᾗ]
724 3474 760 3522 ἐξ
782 3469 826 3526 ἧς
844 3473 952 3529 conj.
985 3477 1034 3516 L.
1062 3475 1234 3517 Allatius
1263 3477 1326 3516 De

91 3532 222 3586 patria
234 3532 404 3573 Homeri
422 3548 464 3588 p.
491 3548 564 3588 191
583 3551 594 3586 3
615 3536 897 3590 probabiliter.
917 3538 1073 3578 Gailius
1089 3536 1198 3591 conj.
1219 3538 1322 3578 ὅθεν.

109 3597 199 3646 Η-
228 3592 307 3648 ‘Ep
321 3594 402 3648 μὸς
417 3597 431 3650 ]
446 3596 591 3652 Τερμος
605 3598 718 3650 cod.;
740 3614 821 3640 em.
840 3602 1026 3642 Vossius.
1048 3604 1139 3654 Η-
1159 3603 1322 3658 Γέραι]

93 3655 212 3710 ,Άγρα
246 3654 389 3695 codex.
436 3658 606 3699 Vossius
646 3662 806 3714 putavit
837 3661 1010 3703 eandem
1060 3662 1142 3704 dici
1178 3665 1326 3706 urbem

7 3751 14 3757 .
93 3732 217 3771 quam
250 3717 418 3772 Αἰγάραν
459 3729 577 3760 vocat
613 3722 854 3762 Ptolemaeus
889 3725 945 3773 V,
989 3737 1014 3764 2
1052 3739 1096 3779 p.
1132 3727 1228 3781 319,
1272 3728 1323 3768 25

92 3780 155 3820 W
158 3779 229 3819 ilb.
252 3780 411 3820 Verum
429 3779 516 3820 haec
538 3781 678 3836 Lydiae
702 3784 799 3823 urbs
819 3784 1114 3828 mediterranea
1141 3803 1165 3829 a
1187 3798 1326 3831 nostra

93 3856 166 3881 ora
188 3841 421 3895 longissime
445 3842 558 3883 abest
572 3874 584 3893 ,
606 3845 666 3898 uti
690 3859 740 3884 ex
765 3847 948 3886 numeris
970 3848 1175 3891 Ptolemaei
1195 3860 1322 3906 patet.

93 3903 250 3943 Gailius
277 3902 450 3957 conjecit
473 3903 608 3959 ’Άκραν
632 3906 896 3947 scribendum
928 3922 1028 3959 esse,
1052 3909 1220 3967 ejusque
1249 3928 1325 3954 no-

94 3965 216 4005 minis
263 3959 410 4006 urben‘1
445 3966 680 4020 fingendam
717 3968 761 4008 in
798 3969 972 4024 Corycio
1018 3976 1321 4026 promontorio.

96 4028 328 4079 Quemnam
358 4028 493 4068 locum
528 4029 669 4084 Scylax
701 4029 942 4071 indicaverit
970 4041 1078 4073 recte
1103 4034 1187 4089 jam
1224 4037 1322 4077 vidit

1217 184 1529 247 PEMPLUS.
1856 180 1860 185 ’
2567 223 2619 262 71

1398 309 1544 349 Pitane
1558 317 1599 349 et
1614 309 1764 349 fluvius
1779 309 1940 349 Caicus.
2001 311 2099 349 Post
2118 311 2289 350 Pitanen
2305 316 2487 367 sequitur
2502 319 2622 369 Elaea,

1399 376 1632 430 Gryneum,
1660 375 1918 417 Achivorum
1939 383 2100 430 porum,
2126 376 2169 415 in
2193 390 2277 430 quo
2300 377 2406 419 sama
2424 390 2482 422 εει
2504 386 2626 426 Achi-

1399 457 1472 483 vos
1509 442 1767 495 deliberasse,
1794 436 1938 485 utrum
1969 443 2153 499 Telepho
2184 459 2299 485 arma
2330 447 2542 502 inferrent,
2576 468 2627 495 an

1395 510 1682 563 *discederent3
1699 521 1790 554 tum
1809 514 1976 570 Myrina
1992 513 2092 554 urbs
2118 527 2213 554 cum
2227 523 2367 569 portu,
2389 518 2514 571 Cyme
2536 535 2628 563 cum

1399 588 1526 635 portu
1546 580 1560 637 (
1579 582 1711 636 Supra
1729 583 1887 637 Cymen
1912 584 1957 624 in
1975 582 2277 624 mediterraneo
2307 592 2440 626 tractu
2455 597 2514 628 est
2532 591 2629 631 urbs

1400 649 1544 689 Graeca
1579 647 1720 704 AEgae)
1746 657 1787 689 et
1807 650 1980 690 Phocaea
2016 664 2111 691 cum
2130 659 2255 704 portu
2284 659 2324 691 et
2361 654 2506 696 Leucae
2535 671 2629 704 cum

1398 716 1603 772 portubus
1625 724 1666 756 et
1697 717 1876 757 Hermus
1897 717 2048 757 fluvius
2070 725 2111 758 ει
2128 719 2316 772 Smyrna,
2337 720 2409 761 ubi
2430 723 2446 775 (
2464 724 2596 765 unde?
2614 728 2630 779 )

1399 786 1606 826 Homerus
1627 783 1731 835 suit;
1756 798 1884 839 porro
1905 784 2158 826 Clazomenae
2190 799 2285 826 cum
2306 796 2429 841 portu
2458 798 2498 830 ει
2527 793 2628 848 Ery-

1397 852 1501 893 thrae
1515 866 1611 893 cum
1627 860 1769 907 portu.
1829 851 1897 894 Ad
1915 852 1988 895 has
2008 861 2069 893 est
2087 852 2213 893 Chius
2231 854 2363 896 insula
2378 871 2472 898 cum
2488 868 2627 913 portu.

1399 920 1579 962 Confero
1593 934 1661 962 me
1675 919 1815 961 denuo
1836 919 1890 961 ad
1908 921 2205 971 continentem,
2222 921 2294 962 ubi
2313 925 2497 978 sequitur
2513 928 2631 968 Gerae

1397 989 1497 1030 urbs
1515 1003 1610 1030 cum
1627 997 1768 1044 portu,
1788 989 1896 1030 Teos
1906 987 2006 1029 urbs
2019 1002 2114 1028 cum
2128 997 2268 1043 portu,
2286 990 2489 1044 Lebedus,
2510 995 2630 1036 Colo-

1399 1162 1625 1204 Palmerius
1645 1174 1655 1202 ε
1687 1180 1704 1196 α
1730 1161 1913 1201 Omnino
1934 1159 2169 1214 legendum,
2188 1162 2258 1211 ait,
2281 1160 2403 1217 Ἐραὶ,
2429 1178 2519 1219 quae
2535 1167 2633 1207 urbs

1400 1233 1487 1266 erat
1518 1226 1562 1265 in
1594 1238 1644 1265 eo
1680 1223 1827 1264 ordine
1858 1238 1954 1264 cum
1983 1232 2134 1279 portu,
2165 1224 2270 1264 Teiis
2292 1226 2445 1278 vicina,
2479 1227 2531 1269 de
2553 1244 2634 1284 qua

1398 1286 1663 1343 Thucydides
1680 1287 1799 1337 VIII,
1825 1300 1873 1340 19
1894 1295 1935 1328 et
1956 1287 2103 1328 Strabo
2121 1287 2240 1337 XIV,
2260 1301 2303 1342 p.
2330 1291 2424 1337 644.
2447 1309 2463 1325 n
2483 1290 2633 1332 Videa-

1398 1364 1491 1390 mus
1523 1350 1575 1390 de
1607 1350 1672 1390 his
1694 1351 1939 1391 accuratius.
1978 1348 2171 1405 Thucyd.
2200 1350 2326 1401 VHI,
2369 1364 2451 1405 19:
2486 1352 2533 1392 Οἱ
2567 1353 2632 1408 μὲν

1404 1412 1668 1466 Ἄθηναῖοι....
1696 1413 1859 1454 Αέὸεδον
1881 1412 2096 1466 ἀπέστησαν
2123 1411 2190 1454 καὶ
2222 1410 2375 1467 Ἐράς.
2401 1412 2467 1454 Id.
2488 1429 2525 1455 c.
2551 1429 2630 1457 20:

1397 1474 1629 1531 Διομέδων..
1652 1474 1852 1517 ἐσπείσατο
1872 1475 2054 1528 Τηίοις..,
2072 1475 2139 1517 καὶ
2161 1475 2411 1531 περιπλεύσας
2438 1475 2499 1518 ἐπὶ
2526 1475 2637 1533 Ἐρὰς

1398 1537 1464 1577 καὶ
1493 1537 1747 1593 προσὸαλὼν,
1779 1538 1831 1586 ὡς
1852 1536 1933 1579 οὖκ’
1966 1537 2108 1579 ἔλα6ον
2131 1536 2202 1589 τὴν
2231 1538 2361 1590 πόλιν,
2385 1538 2631 1583 ἀπέπλευσεν.

1398 1599 1543 1641 Strabo
1561 1593 1678 1651 XIV,
1702 1615 1745 1656 p.
1766 1603 1846 1650 644
1866 1613 1876 1642 :
1905 1598 1953 1640 ‘H
1972 1601 2073 1649 Τέως
2088 1600 2129 1641 δὲ
2152 1600 2213 1643 ἐπὶ
2226 1601 2451 1658 χερρονήσῳ
2467 1603 2631 1659 ἵδρυται,

1397 1661 1536 1718 λιμένα
1560 1662 1719 1718 ἔχουσα.
1748 1662 1863 1704 >Ἐστι
1881 1663 1946 1704 καὶ
1965 1663 2084 1711 ἄλλος
2111 1661 2231 1720 λιμὴν
2259 1664 2280 1704 ὁ
2309 1664 2541 1720 πρόσὸορρος
2560 1664 2634 1707 ἀπὸ

1396 1725 1603 1780 τριάκοντα
1618 1725 1782 1766 σταδίων
1791 1728 1859 1778 τῆς
1869 1725 2017 1774 πόλεως
2027 1726 2055 1766 Γ
2065 1742 2081 1767 ε
2092 1741 2138 1781 ρρ
2149 1725 2195 1766 αΐ
2204 1727 2257 1766 δα
2269 1741 2279 1765 ι
2290 1741 2298 1749 ·
2316 1724 2402 1767 εἶτα
2415 1727 2629 1776 Χαλκιδεῖς·

1396 1786 1461 1827 καὶ
1475 1786 1496 1827 ὁ
1511 1790 1578 1839 τῆς
1598 1788 1836 1843 χερρονήσου
1854 1787 1986 1844 ἰσθμὸς
2000 1791 2068 1840 τῆς
2081 1788 2207 1841 Τηίων
2221 1788 2285 1829 καὶ
2302 1792 2369 1841 τῆς
2382 1788 2629 1845 Ἐρυθραίων.

1397 1850 1538 1891 Livius
1560 1852 1791 1902 XXXVII,
1827 1865 1880 1906 27
1914 1851 2093 1892 eundem
2126 1860 2294 1907 portum
2311 1883 2322 1903 ,
2358 1852 2431 1908 qui
2469 1867 2496 1892 a
2526 1862 2636 1904 tergo

1397 1912 1512 1954 urbis
1530 1922 1604 1963 est,
1631 1922 1751 1955 vocat
1769 1914 2049 1956 Geraesticum.
2069 1914 2215 1955 Strabo
2236 1914 2374 1970 paullo
2394 1923 2488 1970 post
2507 1927 2516 1955 :
2538 1916 2632 1971 Πρὶν

1396 1975 1431 2016 δ’
1460 1975 1588 2017 ἐλθεῖν
1620 1976 1681 2018 ἐπὶ
1701 1976 1767 2025 τὰς
1789 1975 1974 2033 Ἐρυθρὰς
1999 1976 2174 2032 (aTejo
2191 1977 2452 2034 profectum)
2485 1982 2633 2033 πρῶτον

1399 2038 1466 2094 μὲν
1485 2039 1568 2095 Γέρ
1581 2055 1620 2094 αι
1639 2040 1845 2095 πολίχνιόν
1869 2039 1949 2081 ἐστι
1971 2040 2114 2092 Τηίων·
2137 2038 2223 2080 εἷτα
2246 2040 2422 2095 Κώρυκος
2440 2040 2525 2095 ὄρος
2542 2040 2634 2096 ὑψη-

1396 2101 1483 2142 λόν.
1508 2105 1591 2143 Pro
1619 2103 1730 2158 Γέραι
1755 2104 1799 2143 in
1826 2103 1913 2143 aliis
1936 2101 2148 2143 codicibus
2171 2110 2231 2142 est
2255 2103 2386 2158 γέρραι
2414 2111 2455 2143 et
2490 2102 2628 2158 γ’ἔραι.

1395 2166 1604 2206 Posterius
1639 2166 1719 2206 hoc
1757 2174 2002 2220 receperunt
2036 2165 2315 2205 Tzschuckius
2348 2174 2388 2206 ct
2425 2167 2606 2220 Corayus
2619 2198 2630 2217 ,

1397 2241 1649 2282 quamquam
1671 2227 1773 2268 illud
1795 2229 1861 2283 μέν
1879 2243 1926 2282 γε
1949 2227 2213 2268 vehementer
2228 2227 2443 2278 claudicat,
2466 2237 2506 2268 et
2524 2229 2632 2283 Γέραι

1397 2289 1574 2330 formam
1606 2299 1745 2331 tuetur
1763 2290 1863 2330 alter
1880 2289 2091 2331 Strabonis
2123 2289 2238 2329 locus
2268 2303 2345 2329 nec
2366 2304 2451 2330 non
2474 2290 2628 2330 Livius.

1396 2353 1502 2392 Nam
1512 2351 1773 2406 jungendum
1788 2367 1874 2393 esse
1889 2352 1917 2391 Γ
1928 2367 1944 2391 ε
1955 2367 1973 2406 ρ
1984 2367 2003 2406 ρ
2014 2350 2059 2390 osi*
2068 2352 2088 2390 δ
2099 2366 2122 2390 α
2136 2367 2152 2398 ς
2173 2351 2236 2391 vel
2256 2351 2520 2392 Gcroesticum
2534 2366 2631 2406 por-

1396 2421 1486 2453 tum
1501 2428 1597 2454 cum
1613 2414 1740 2468 Γέραις
1755 2414 1872 2463 urbe,
1888 2421 2210 2453 consentaneum
2228 2422 2302 2458 est.
2321 2412 2447 2466 Quod
2467 2414 2631 2469 Thucy-

1396 2475 1512 2516 dides
1522 2476 1646 2517 habet
1662 2475 1787 2531 Ἐραὶ,
1798 2475 1842 2516 id
1852 2483 1991 2516 tuetur
2002 2489 2154 2516 numus
2163 2476 2206 2516 in
2214 2489 2298 2530 quo
2305 2475 2454 2530 legitur
2463 2475 2632 2516 ΕΡΑΩΝ

1400 2536 1618 2594 (Mionnet
1653 2538 1859 2594 Supple'm.
1885 2537 1967 2578 vol.
2006 2539 2084 2588 VI,
2107 2551 2150 2592 p.
2192 2540 2321 2591 212).
2354 2536 2515 2578 Scilicet
2543 2538 2631 2580 haec

1396 2609 1471 2651 est,
1493 2602 1658 2656 opinor,
1679 2601 1859 2641 nominis
1881 2599 2015 2641 forma
2036 2601 2172 2640 ionica
2185 2615 2197 2650 ;
2219 2600 2344 2640 altera
2375 2608 2535 2650 autem,
2560 2601 2629 2642 Γέ-

1397 2678 1483 2718 ραι,
1524 2663 1686 2714 aeolica;
1729 2677 1826 2703 nam
1861 2663 1981 2702 mixti
2019 2662 2077 2702 ibi
2120 2662 2292 2708 Ionibus
2332 2670 2449 2703 erant
2495 2662 2629 2704 AEoles

1399 2724 1485 2781 (V.
1505 2726 1656 2766 Muller
1683 2725 1792 2767 Min.
1812 2739 1855 2780 p.
1882 2728 1963 2773 400
1980 2724 2012 2780 ).
2034 2724 2181 2765 Strabo
2195 2725 2313 2775 XIV,
2341 2739 2383 2780 p.
2419 2725 2497 2765 633
2516 2737 2526 2764 ι
2550 2725 2631 2766 Τέω

1396 2786 1437 2828 δὲ
1458 2786 1559 2828 Ἀθά
1572 2803 1654 2843 μας
1671 2787 1737 2843 μὲν
1761 2787 1944 2842 πρότερον
1966 2785 2121 2842 (ἔκτισε
2137 2789 2226 2841 )...,
2248 2785 2345 2827 κατὰ
2358 2785 2399 2826 δὲ
2416 2784 2486 2837 τὴν
2509 2785 2630 2827 Ἰωνι-

1396 2847 1467 2901 κὴν
1485 2849 1664 2891 ἀποικίαν
1687 2849 1866 2896 Ναῧκλος
1882 2849 1962 2896 υἱὸς
1981 2848 2127 2904 Κόδρου
2153 2849 2263 2896 νόθος
2283 2848 2348 2889 καὶ
2372 2847 2467 2903 μετὰ
2496 2852 2630 2890 τοῦτον

1396 2911 1572 2961 Ἄποικος
1590 2912 1655 2953 καὶ
1671 2912 1850 2968 Δάμασος
1871 2910 2080 2963 Ἀθηναῖοι,
2104 2910 2169 2952 καὶ
2195 2911 2338 2966 Γέρας
2366 2910 2407 2952 ἐκ
2435 2911 2627 2951 Βοιωτῶν.

1397 2978 1525 3017 Geras
1561 2975 1575 3032 (
1592 2974 1709 3031 cujus
1727 2975 1947 3017 Pausanias
1966 2988 2131 3028 quoque
2151 2975 2235 3014 VH
2250 3004 2262 3025 ,
2286 2973 2326 3023 3,
2362 2988 2386 3027 7
2408 2973 2627 3030 meminit)

1394 3038 1508 3079 haud
1535 3038 1662 3079 dubie
1684 3038 1799 3078 urbis
1831 3037 2088 3091 cognominis
2107 3036 2230 3076 fuisse
2254 3035 2468 3076 dicebatur
2486 3035 2631 3076 condi-

1395 3108 1476 3142 tor.
1504 3101 1630 3155 Apud
1651 3100 1859 3156 Scylacem
1877 3100 2002 3152 igitur
2022 3113 2099 3153 pro
2123 3098 2259 3153 Ἄγρα,
2284 3112 2369 3138 non
2404 3095 2527 3150 Ἐραὶ,
2560 3097 2631 3136 sed

1394 3162 1505 3218 Γέραι
1527 3162 1591 3202 vel
1613 3162 1754 3203 saltem
1775 3162 1871 3217 Γέρα
1893 3160 2158 3202 scribendum
2176 3167 2250 3209 est,
2272 3159 2350 3199 nisi
2374 3157 2540 3198 fortasse
2568 3158 2630 3198 vel

1401 3222 1530 3280 Ἀγέρα
1540 3225 1716 3265 sormam
1732 3239 1826 3265 cum
1840 3239 1863 3263 α
1875 3223 2016 3263 mobili
2037 3222 2099 3278 (ut
2114 3223 2156 3262 in
2168 3221 2286 3268 Λύκος
2296 3229 2336 3261 ει
2349 3220 2514 3269 Ἄλυκος,
2530 3219 2627 3276 etc.)

1395 3286 1612 3328 admittere
1634 3287 1746 3327 velis.
1769 3288 1892 3327 Nunc
1914 3285 2027 3340 Γεραὶ
2043 3292 2105 3324 est
2124 3282 2336 3337 Siglzajilt;
2356 3290 2499 3336 portus
2518 3280 2630 3335 adja-

1395 3364 1491 3390 cens
1506 3350 1639 3390 arenis
1659 3349 1910 3390 obstructus.
1925 3348 1982 3388 V.
2000 3345 2211 3388 Hamilton
2230 3344 2483 3393 Researclzes,
2507 3352 2539 3384 t.
2560 3346 2602 3384 II
2614 3375 2627 3394 ‚

1393 3427 1437 3468 p.
1459 3412 1525 3454 15.
1546 3415 1565 3465 Η
1581 3436 1638 3443 ·—
1655 3411 1808 3465 Τέως]
1835 3415 1912 3465 γῶς
1941 3408 2105 3458 codeX.;
2133 3422 2214 3448 em.
2239 3408 2362 3447 Voss.
2383 3408 2474 3459 11—
2494 3421 2629 3461 μεσο-

1394 3473 1542 3530 γαίᾳ]
1570 3475 1628 3515 sic
1652 3473 1694 3514 h.
1719 3473 1748 3514 l.
1784 3472 1915 3513 codex
1929 3487 1941 3523 ;
1976 3472 2242 3527 plerumque,
2277 3483 2362 3509 non
2386 3482 2548 3523 semper
2568 3476 2629 3509 ta-

1394 3551 1505 3586 men,
1528 3538 1573 3576 in
1594 3535 1756 3591 Periplo
1786 3543 1929 3576 nostro
1959 3543 2019 3575 est
2044 3533 2240 3589 μεσογείᾳ.
2263 3535 2281 3585 Η
2297 3555 2354 3562 -
2385 3531 2626 3585 Δέὸεδος]

1394 3599 1551 3646 λε’ὅελος
1576 3597 1688 3648 cod.;
1719 3612 1800 3638 em.
1821 3598 1944 3637 Voss.
1966 3598 1984 3649 Η
2000 3620 2057 3627 --
2074 3595 2254 3636 Νότιον
2271 3594 2287 3648 ]
2311 3595 2409 3635 Ροει
2427 3592 2631 3648 Colopho-

1394 3676 1489 3702 nem
1506 3661 1547 3700 in
1567 3658 1875 3700 mediterraneis
1892 3659 2010 3698 sitam
2029 3658 2211 3713 primum
2227 3653 2527 3696 nominandum
2543 3662 2629 3694 erat

1395 3723 1507 3779 quod
1531 3724 1713 3778 primum
1734 3736 1849 3763 oram
1868 3721 2018 3775 legenti
2041 3719 2282 3762 occurrebat
2306 3718 2446 3758 sanum
2476 3717 2629 3771 Apolli·

1394 3788 1457 3827 nis
1480 3786 1600 3832 Clarii
1625 3787 1709 3826 sive
1737 3785 1879 3827 Clarus
1908 3785 2021 3825 locus
2043 3783 2113 3841 (v.
2144 3782 2290 3824 Strabo
2313 3782 2428 3830 XIV,
2453 3794 2495 3833 p.
2519 3781 2624 3827 6413

1394 3851 1569 3890 Pausan.
1587 3850 1670 3899 VI,
1698 3849 1745 3899 3,
1774 3862 1819 3899 1;
1842 3848 1949 3890 Plin.
1970 3849 2027 3897 V,
2050 3847 2118 3897 31,
2143 3845 2183 3895 5;
2206 3843 2312 3885 Mela
2330 3845 2364 3892 Ι,
2390 3856 2430 3894 7,
2449 3853 2496 3889 23
2517 3837 2627 3879 Mul-

1393 3911 1467 3952 ler.
1495 3915 1598 3952 Dor.
1628 3913 1691 3962 H,
1715 3925 1757 3966 p.
1793 3915 1872 3951 226
1889 3913 1921 3964 ),
1947 3908 2098 3950 deinde
2123 3907 2314 3953 Notium,
2352 3900 2627 3956 Colophonio·

1394 3988 1488 4014 rum
1523 3973 1665 4014 navale
1705 3973 1717 4029 (
1737 3974 1948 4014 Hecataeus
1988 3972 2039 4011 fr.
2076 3983 2179 4018 2203
2214 3964 2413 4008 Herodot.
2447 3965 2489 4012 I,
2523 3964 2623 4015 149;

1395 4036 1584 4091 Thucyd.
1621 4039 1703 4086 111,
1741 4037 1814 4085 343
1855 4033 2045 4088 Xenoph.
2084 4030 2187 4071 Hell.
2219 4031 2261 4079 I,
2283 4041 2329 4076 2,
2363 4029 2410 4076 45
2448 4023 2622 4064 Diodor-
