2782 4348
120 133 288 196 ‹³-⁵·),

117 239 214 291 θηκε
239 238 352 300 παρὰ
376 239 551 302 Πέρσου·
583 241 706 294 Βόξος
737 242 770 287 δ’
795 237 843 298 ἦν
869 244 1000 306 τούτῳ
1023 247 1152 307 ὄνομα
1169 285 1180 307 ,
1207 253 1344 312 φησίν·

115 303 158 348 ὃν
178 307 247 350 καὶ
267 308 476 362 ἑλληνίσαι
499 309 691 367 γλῶσσαν
714 310 785 354 καὶ
808 311 976 372 γνώμην
992 351 1004 370 ,
1027 317 1097 360 καὶ
1124 319 1211 370 ταῖς
1230 320 1345 375 Ἀθή-

115 391 202 426 ναις
219 375 388 421 λιπόντα
408 375 480 429 τῆν
504 376 683 437 πατρίδα
703 379 919 436 ἐμὸιῶναι.
987 380 1140 445 Ἔλεγε
1164 387 1205 432 δὲ
1229 391 1250 433 ὃ
1272 395 1342 435 τοῦ

115 439 276 504 Πέρσου
294 443 410 504 λόγος
438 448 585 490 ταῦτα.
654 447 689 492 Γ
693 446 819 492 ίνεταί
845 468 904 501 τις
921 452 1012 496 κατ’
1037 455 1255 513 εὐτολμίαν
1273 461 1343 503 καὶ

70 524 89 553 5
114 512 286 556 πλοῦτον
304 512 738 575 εὐδοκιμῶνἘρύθρας
752 515 900 576 ὄνομα,
917 519 1031 579 γένος
1051 521 1125 585 μὲν
1148 524 1340 587 Πέρσης,

110 571 193 623 υίὸς
209 573 250 617 δὲ
263 572 487 629 Μυοζαίου,
505 580 706 622 κατοικῶν
725 577 767 623 δὲ
786 580 990 638 θάλαττης
1013 584 1086 643 μὲν
1111 589 1154 631 οὐ
1176 588 1316 651 πόρρω
1329 625 1340 646 ,

108 641 365 686 κατεναντίον
392 641 435 687 δὲ
452 642 585 698 νήσων
611 645 775 706 ἐρήμων
799 650 929 695 οὗσῶν
950 653 995 696 οὗ
1019 658 1113 711 νῦν,
1147 657 1237 702 ἀλλ’
1273 659 1341 704 ἐπὶ

103 712 176 764 τῆς
202 709 359 764 Μήδων
379 713 609 771 ἡγεμονίας·
634 715 723 760 τότε
748 716 826 780 γὰρ
846 720 916 764 καὶ
941 724 961 765 ὃ
984 720 1185 786 Ἐρύθρας
1209 727 1340 787 ἐγνω-

107 778 236 839 ρίζετο
251 814 263 837 ,
295 778 336 831 ὃς
358 785 429 825 τοῦ
452 781 525 841 μὲν
559 788 760 845 χειμῶνος
780 789 820 831 ἐν
846 791 1144 852 Πασαργάδαις
1166 796 1339 843 ἐποιεῖτο

42 863 83 895 10
106 845 181 902 τὴν
203 846 388 905 οἴκησιν,
422 849 539 911 ἔαρος
575 854 616 898 δὲ
648 855 885 913 μετέὸαινεν
916 859 983 904 ἐπὶ
1002 861 1076 916 τὴν
1105 863 1209 908 ἰδίαν
1233 870 1337 921 κτῆ-

102 934 190 975 σιν,
215 920 287 972 τῆς
305 935 347 961 τε
367 918 492 974 ἄλλης
510 919 628 966 ἕνεκα
647 924 812 984 χρείας,
834 926 904 972 καὶ
923 928 1043 991 χάριν
1067 931 1156 975 τινὰ
1180 937 1238 996 τῷ
1260 934 1337 997 βίῳ

102 984 167 1029 διὰ
189 989 261 1040 τῆς
285 986 476 1043 τοιαύτης
497 991 729 1049 μεταὸολῆς
750 995 983 1056 ἀπονέμων.
1053 1000 1210 1047 Τούτου
1234 1022 1335 1066 φορ-

101 1053 236 1099 ὅάδων
262 1055 389 1118 ἀγέλῃ
423 1057 575 1117 μείζονι
602 1059 759 1115 λέοντες
793 1066 1089 1128 ἐπορούσαν-τες
1117 1070 1227 1124 τινὰς
1260 1073 1333 1134 μὲν

99 1122 231 1167 αὐτῶν
271 1126 529 1172 ἀπέκτειναν·
551 1131 607 1174 -αἱ
647 1131 687 1175 δὲ
729 1135 1046 1197 περισωθεῗσαι,
1072 1142 1131 1201 τῷ
1159 1140 1238 1187 δέει
1261 1147 1334 1200 τῆς

31 1206 70 1239 15
96 1189 225 1253 ὄψεως
251 1186 408 1256 οἶστρον
435 1196 636 1243 λαὸοῧσαι
650 1234 662 1255 ,
683 1202 749 1245 ἐπὶ
770 1202 841 1258 τὴν
862 1204 1068 1252 θάλατταν
1086 1209 1329 1271 ἠλαύνοντο,

95 1267 165 1311 καὶ
194 1262 271 1329 (ἦν
298 1270 377 1332 γὰρ
406 1265 511 1334 αῧρα
546 1275 653 1320 κατὰ
685 1276 813 1338 τύχην
848 1278 1043 1343 ἀπόγαιος
1077 1286 1327 1350 εὐμεγέθης)

95 1337 346 1395 ἐμπεσοῦσαι
363 1341 443 1392 τοῖς
466 1342 631 1405 ῥείθροις
656 1346 760 1404 μετὰ
785 1350 994 1406 πτοήσεως
1013 1352 1065 1398 τὰ
1085 1353 1159 1414 μὲν
1183 1361 1327 1420 πρῶτα

92 1406 206 1468 παρὰ
235 1405 314 1467 τὴν,
333 1412 409 1467 γῆν
436 1410 652 1472 ἐνήχοντο,
684 1420 755 1460 τοῦ
779 1417 822 1462 δὲ
846 1419 1037 1480 δείματος
1057 1426 1100 1469 οὐ
1133 1425 1327 1486 λήγοντος

91 1473 423 1534 ἐξεκυμάνθησαν
442 1480 511 1524 καὶ
536 1479 650 1539 μόλις
676 1484 741 1529 ἐπὶ
762 1485 807 1531 τὸ
830 1491 902 1543 τῆς
919 1490 1084 1554 ἀντικρὺ
1105 1492 1227 1548 νήσου
1252 1498 1325 1542 πέ-

27 1561 69 1591 20
84 1560 163 1604 ρας
186 1543 458 1604 διεσώθησαν,
487 1548 571 1600 ἑνὸς
590 1554 669 1596 τῶν
695 1555 876 1601 αἰπόλων
903 1559 1060 1605 νεανίου
1084 1562 1155 1607 καὶ
1189 1564 1322 1627 τόλμῃ

25 1651 28 1654 .
88 1611 344 1674 διαφέροντος
361 1619 756 1680 συμπεραιωθέντος,
781 1624 927 1672 ἄλλοτε
945 1628 1073 1687 ἄλλης
1092 1634 1171 1678 τῶν
1196 1633 1322 1695 ὤμων

85 1682 371 1744 ἀντεχομένου.
418 1685 470 1732 Ὁ
483 1680 551 1733 οῧν
566 1688 764 1754 Ἐρύθρας
780 1696 910 1751 ζητῶν
928 1697 1000 1751 τὰς
1015 1701 1059 1744 οὗ
1074 1705 1322 1764 φαινομένας

84 1751 471 1815 φορὸάδας,πρῶτος
492 1759 571 1802 τῶν
592 1761 723 1806 ἐκεῖσε
747 1763 916 1824 σχεδίαν
937 1768 1134 1827 ἐπήξατο,
1160 1773 1320 1835 μεγέθει

84 1818 158 1876 μὲν
193 1820 450 1886 σύμμετρον,
483 1829 534 1887 τῇ
559 1828 729 1890 δυνάμει
756 1831 798 1877 δὲ
828 1835 1046 1899 στερίφην,
1082 1840 1153 1885 καὶ
1178 1842 1318 1888 λαὸὼν

19 1902 59 1934 25
83 1887 224 1933 στάσιν
247 1890 381 1953 οὐρίου
399 1893 470 1938 καὶ
487 1898 725 1962 συμμέτρου
742 1902 974 1964 πνεύματος
998 1909 1153 1970 ἀφῆκεν
1176 1913 1231 1964 εἷς
1249 1912 1317 1958 τὸν

81 1956 220 2020 πόρον·
249 1959 355 2022 ταχὺ
389 1962 430 2007 δὲ
456 1969 523 2010 τοῦ
548 1966 728 2027 κύματος
764 1973 883 2018 αὐτὸν
910 1975 1195 2038 προώσαντος,
1225 1976 1315 2044 εῧρε

85 2026 160 2086 μὲν
184 2027 274 2080 τοὺς
295 2028 472 2089 ἵππους,
507 2028 610 2098 stipe·
629 2038 670 2083 δὲ
706 2041 772 2086 τὸν
798 2043 940 2101 νομέα.
1009 2049 1244 2108 Θαυμάσας
1272 2052 1313 2097 δὲ

77 2095 150 2151 τὴν
168 2101 288 2157 νῆσον
301 2136 312 2158 ,
335 2101 405 2146 καὶ
425 2102 610 2165 πόλισμα
630 2108 697 2154 ἐπὶ
717 2111 878 2168 λιμένος
895 2115 1084 2177 εὐκαίρου
1101 2119 1310 2180 ἱδρύσατο,

77 2165 147 2209 καὶ
172 2169 217 2211 ἐκ
233 2171 305 2222 τῆς
329 2170 547 2234 ἀντιπέραν
565 2175 656 2227 τοὺς
673 2180 927 2240 ἀποροῦντας
953 2184 1041 2244 βίου
1059 2189 1311 2247 μετενεγκὼν

8 2247 50 2278 30
77 2234 280 2292 ἐπόλισεν,
296 2239 446 2284 ἐκεῖθέν
463 2260 506 2286 τε
522 2242 675 2303 καὶιτὰς
693 2245 823 2301 ἄλλας
838 2250 984 2305 νήσους
998 2254 1173 2316 ἐρήμους
1189 2258 1310 2312 οὔσας

76 2303 299 2364 ἀνθρώπων
324 2308 530 2363 οἰκήσεσιν
554 2311 801 2375 ἐξημέρωσε·
825 2319 895 2363 καὶ
918 2323 1170 2381 τηλικαύτην
1193 2328 1310 2381 δόξαν

74 2372 120 2415 ἐκ
158 2376 238 2417 τῶν
277 2377 539 2437 πραχθέντων
584 2384 750 2436 πολλοῖς
786 2387 1044 2449 ἐνεποίησεν,
1073 2393 1198 2453 ,ὥστε
1236 2398 1309 2454 τὴν

75 2441 205 2486 ἐκεῖσε
225 2443 450 2505 θάλατταν,
469 2443 591 2494 οὖσαν
608 2451 774 2515 ἄπειρον
789 2456 963 2516 μεγέθει,
982 2461 1139 2515 πάντας
1160 2464 1218 2511 ἔτι
1238 2469 1307 2513 καὶ

8 2559 11 2562 y
72 2512 284 2569 καθ’-ἡμᾶς
302 2516 565 2575 ἐπονομάζειν
580 2519 798 2585 Ἔρυθράν.
836 2526 902 2572 Τὰ
917 2528 990 2587 μὲν
1009 2524 1077 2576 οῧν
1102 2533 1212 2579 αἴτια
1235 2540 1307 2592 τῆς

6 2591 47 2622 35
70 2577 254 2632 κλήσεως
279 2580 426 2643 ἔχοντα
455 2586 650 2650 διαφοράν
670 2591 801 2653 (μέγα
821 2594 900 2658 γὰρ
926 2598 972 2643 τὸ
996 2604 1303 2667 παραλλάττον,

71 2645 249 2711 Ἐρύθρα
265 2651 471 2699 θάλατταν
484 2655 646 2713 εἷπεῖνῆ
658 2659 864 2709 θάλατταν
875 2667 1058 2729 ἐρυθράν·
1070 2671 1116 2716 τὸ
1133 2673 1208 2732 μὲν
1224 2674 1303 2738 γὰρ

60 2715 136 2768 ,τὸν
148 2718 417 2779 κυριεύσαντα
436 2725 629 2784 σημαίνει
647 2730 930 2789 τῆςθαλάττης
943 2736 1085 2800 ἄνδρα,
1099 2740 1145 2787 τὸ
1165 2742 1206 2787 δὲ
1224 2743 1299 2800 τὴν

68 2786 302 2847 πυρρότητα
328 2791 447 2846 δηλοῖ
484 2797 557 2850 τῆς
599 2798 787 2859 ρηθείσης
826 2802 1011 2868 φύσεως)
1046 2810 1087 2854 ἐν
1122 2811 1295 2866 τούτοις.

55 2850 190 2900 -Ἔστι
214 2857 273 2916 δὲ,
301 2860 424 2922 φησί,
447 2862 493 2907 τὸ
514 2864 587 2923 μὲν
615 2868 697 2913 ἀπὸ
717 2875 788 2915 τοῦ
806 2872 1028 2935 χρώματος
1058 2877 1132 2934 τὴν
1154 2883 1298 2938 κλῆσιν

8 2941 48 2973 40
70 2928 369 2981 κατασκευάζον
387 2932 530 2992 ψεῦδος
545 2935 558 2995 (
573 2937 617 2980 οὐ
632 2936 710 3000 γὰρ
735 2938 842 2986 ἔστιν
867 2946 1063 3007 ἐρυθρά),
1087 2948 1132 2994 τὸ
1157 2951 1191 2995 δ’
1216 2952 1298 2998 ἀπὸ

68 2996 136 3037 τοῦ
153 2995 514 3054 ’δυναστεύσαντος
552 3006 721 3069 ἀληθὲς,
759 3012 812 3062 ὡς
835 3015 855 3056 ὃ
886 3013 1051 3077 Πέρσης
1074 3019 1190 3080 λόγος
1209 3024 1296 3067 ἐπι·

69 3060 269 3114 στώσατο.

128 3147 164 3179 6.
201 3130 301 3181 c'Ort
332 3138 423 3184 οὑδὲ
447 3141 529 3187 ἀπό
554 3162 659 3197 τινος
688 3150 770 3193 τῶν
793 3155 865 3196 τοῦ
898 3155 1088 3216 Περσέως
1121 3160 1296 3222 ἐγγόνων

67 3198 171 3251 ἀξιοῖ
192 3196 325 3262 οὗτος,
349 3209 482 3255 καίτοι
505 3214 667 3259 πολλῶν
689 3217 913 3279 λεγόντων,
939 3223 1012 3279 τὴν
1038 3227 1183 3283 κλῆσιν
1206 3230 1298 3284 τοὺς

2 3273 45 3302 ⁴5
69 3266 231 3328 Πέρσας
252 3274 557 3335 κληρώσασθαι·
582 3284 686 3342 μηδὲ
712 3287 791 3350 γὰρ
822 3290 998 3345 ἐκείνους
1025 3303 1128 3358 σφᾶς
1153 3300 1296 3353 αὐτοὺς

67 3337 233 3397 Πέρσας
254 3343 533 3403 παροξυτόνως
554 3353 777 3413 ὀνομάζειν,
803 3359 909 3405 ἀλλὰ
935 3364 1114 3425 Περσᾶς,
1141 3369 1210 3414 ἐπὶ
1229 3370 1291 3414 τέ-

48 3405 156 3465 ’.λους
178 3410 249 3462 τ’ἧς
273 3417 588 3477 περισπωμένης
609 3424 836 3483 τιθεμένης.

126 3491 157 3520 7.
195 3474 295 3522 “Ort
319 3480 369 3524 τὰ
394 3485 500 3530 κατὰ
519 3487 587 3533 τὸν
613 3493 778 3554 Περσέα
799 3499 854 3550 εἷς
878 3501 1024 3562 ψεῦδος
1048 3505 1119 3550 καὶ
1144 3507 1195 3552 δι’
1219 3509 1290 3554 ἅλ-

1045 149 1125 193 DE
1157 151 1317 199 MARI
1352 155 1720 206 ERYTHRAEO.

2557 195 2640 234 113

1417 272 1561 305 auctor
1575 280 1598 306 e
1619 269 1743 308 Persa
1765 269 1852 310 viro
1868 270 2028 312 didicit.
2088 276 2226 317 Boxus
2248 279 2432 340 (inquit)
2458 289 2553 332 huie
2574 309 2645 335 no-

1416 343 1511 370 men
1529 341 1630 382 erat,
1650 336 1721 388 qui
1740 335 1881 390 lingua
1898 348 2116 394 menteque
2146 345 2335 388 Graecum
2359 353 2556 408 reserens,
2580 377 2643 402 re-

1415 394 1508 436 licta
1516 401 1661 451 patria,
1674 402 1846 444 Athenis
1862 405 1988 446 vitam
2005 408 2100 460 egit.
2161 411 2304 453 Sermo
2314 430 2410 458 vero
2425 423 2544 464 Persa
2561 439 2645 470 erat

1413 460 1667 515 hujusmodi.
1728 471 1822 510 Fuit
1845 472 2015 526 quidam
2045 475 2215 518 audacia
2241 488 2281 519 et
2305 481 2455 526 divitiis
2488 490 2642 545 clarus,

1412 527 1610 583 Erythras
1632 536 1815 587 nomine,
1835 552 1982 591 genere
2010 543 2148 592 Persa,
2181 546 2350 600 Myozaei
2379 552 2500 596 filius.
2561 562 2645 601 Do-

1412 609 1527 638 mum
1544 598 1722 642 habebat
1743 618 1827 643 non
1847 607 1993 659 procul
2018 622 2042 648 a
2063 612 2164 650 mari
2183 613 2298 654 sitam
2319 628 2460 662 contra
2479 624 2642 679 insulas,

1411 677 1502 718 quae
1521 665 1690 709 desertae
1705 684 1818 711 nunc
1833 673 2001 726 quidem
2017 690 2102 716 non
2121 688 2231 729 sunt,
2246 682 2316 723 sed
2332 698 2445 729 erant
2462 699 2644 749 tempore

1410 733 1572 789 imperii
1586 737 1830 790 Medorum,
1850 742 2017 795 quando
2033 745 2155 786 etiam
2171 749 2364 803 Erythras
2378 760 2619 804 noscebatur
2629 781 2640 814 ;

1409 803 1480 857 qui
1506 803 1641 846 hieme
1664 808 1902 863 Pasargadis
1925 817 2172 856 commorari
2196 818 2362 872 solebat,
2388 840 2480 868 vere
2506 841 2642 876 autem

1409 870 1460 911 ad
1482 874 1673 928 proprios
1693 874 1845 917 fundos
1876 878 2052 931 redibat,
2077 889 2166 923 tum
2188 885 2305 928 aliam
2326 891 2378 931 ob
2402 896 2613 942 utilitatem
2627 935 2638 953 ‚

1408 947 1496 981 tum
1508 951 1554 982 ut
1566 943 1744 998 aliquam
1758 947 1850 988 vitae
1867 962 1949 989 suae
1968 950 2216 1007 voluptatem
2233 955 2308 998 hac
2323 971 2641 1012 commutatione

1406 1008 1651 1064 indulgeret.
1712 1014 1846 1069 Hujus
1879 1017 1923 1058 in
1953 1032 2152 1073 equarum
2176 1038 2336 1079 gregem
2355 1040 2416 1072 sat
2446 1049 2639 1080 numero-

1405 1090 1497 1117 sum
1516 1092 1647 1134 quum
1662 1081 1799 1124 leones
1817 1084 2077 1141 irrupissent,
2102 1093 2309 1142 nonnullae
2331 1099 2496 1151 quidem
2516 1106 2639 1148 inter—

1403 1154 1551 1200 emptae
1567 1157 1678 1199 sunt,
1688 1150 1855 1206 reliquae
1867 1161 2004 1194 autem
2020 1155 2260 1211 incolumes,
2275 1173 2601 1216 consternatione
2617 1192 2638 1217 e

1403 1226 1448 1253 re
1467 1215 1550 1255 visa
1565 1230 1637 1256 seu
1663 1226 1788 1259 oestro
1803 1221 2012 1274 perculsae,
2042 1224 2094 1264 ad
2118 1240 2229 1268 mare
2244 1244 2366 1273 cursu
2387 1235 2635 1294 serebantur,

1401 1289 1440 1321 et
1464 1283 1595 1335 (aura
1625 1292 1715 1326 tum
1746 1286 1851 1328 forte
1880 1303 1904 1330 a
1939 1291 2060 1332 terris
2090 1293 2212 1336 flante
2252 1299 2558 1364 vehementius)
2596 1313 2636 1351 in

1400 1349 1551 1391 fluenta
1589 1352 1812 1395 insilientes
1844 1370 1930 1411 prae
1962 1372 2137 1413 pavore,
2176 1378 2306 1419 quum
2343 1370 2461 1413 initio
2492 1386 2638 1429 praeter

1398 1415 1492 1457 litus
1514 1427 1716 1471 natarent,
1742 1437 1840 1464 mox
1854 1455 1866 1475 ,
1888 1433 2046 1469 terrore
2065 1444 2150 1470 non
2170 1431 2407 1488 desistente,
2428 1443 2636 1486 undarum

1400 1485 1437 1524 vi
1471 1485 1651 1542 abreptae
1684 1499 1781 1531 sunt
1817 1500 1857 1533 et
1882 1494 1951 1534 vix
1981 1497 2147 1539 tandem
2165 1500 2208 1540 in
2229 1501 2441 1548 adversam
2464 1510 2636 1555 insulam

1398 1551 1540 1595 delatae
1560 1566 1790 1610 evaserunt,
1812 1561 1936 1603 simul
1965 1578 2061 1605 cum
2086 1567 2135 1607 iis
2158 1568 2384 1623 trajiciente
2403 1590 2487 1618 uno
2506 1594 2555 1619 ex
2571 1596 2635 1622 ar-

1395 1624 1620 1675 mentariis,
1646 1624 1799 1679 juvene
1831 1629 2005 1685 insignis
2038 1634 2241 1689 audaciae,
2277 1643 2348 1695 qui
2381 1645 2507 1687 modo
2530 1648 2635 1690 hanc

1394 1690 1520 1732 modo
1547 1692 1655 1735 illam
1685 1710 1804 1738 armo
1836 1701 2070 1753 prensabat.
2131 1707 2328 1762 Erythras
2358 1713 2482 1766 igitur
2510 1731 2633 1772 equas

1392 1775 1477 1801 non
1498 1764 1672 1818 amplius
1696 1767 1800 1808 visas
1827 1769 2091 1826 investigans,
2116 1778 2274 1831 primus
2300 1780 2517 1826 hominum
2545 1788 2632 1842 ejus

1394 1830 1472 1871 loci
1510 1841 1641 1875 ratem
1677 1840 1883 1893 compegit
1919 1844 2203 1896 magnitudine
2234 1850 2448 1904 mediocri,
2485 1856 2556 1897 sed
2592 1860 2630 1898 vi

1388 1907 1605 1943 structurae
1620 1903 1923 1960 solidissimam,
1943 1919 2065 1966 atque
2082 1916 2192 1955 venti
2212 1919 2382 1960 secundi
2400 1925 2629 1966 commodi-

1389 1981 1469 2021 que
1502 1971 1688 2012 tenorem
1720 1983 1866 2016 nactus
1899 1976 2064 2020 demisit
2092 1981 2134 2021 in
2169 1982 2334 2036 fretum,
2367 1990 2630 2048 celeriterque

1386 2034 1496 2077 unda
1528 2038 1663 2092 ipsum
1683 2042 1936 2096 propellente
1950 2076 1961 2095 ,
1986 2049 2138 2101 reperit
2164 2065 2287 2105 equas
2310 2058 2542 2112 reperitque
2559 2075 2629 2115 pa-

1386 2109 1554 2144 storem.
1615 2107 1855 2150 Admiratus
1880 2120 2017 2154 autem
2038 2115 2212 2158 insulam
2237 2128 2326 2161 tum
2349 2125 2548 2179 oppidum
2572 2129 2625 2168 ad

1382 2178 1550 2222 portum
1564 2174 1782 2216 commode
1798 2178 1923 2218 situm
1937 2184 2152 2234 exstruxit,
2169 2193 2258 2227 tum
2270 2202 2320 2228 ex
2332 2193 2517 2245 opposita
2530 2210 2625 2235 con-

1383 2238 1539 2280 tinente
1554 2242 1769 2298 rei‘inopia
1779 2245 2011 2289 laborantes
2026 2250 2121 2292 illuc
2132 2253 2362 2298 habitatum
2374 2262 2619 2313 transduxit,

1381 2305 1561 2362 indeque
1579 2309 1702 2350 etiam
1721 2312 1897 2367 reliquas
1914 2316 2064 2358 insulas
2080 2333 2226 2361 vacuas
2243 2323 2520 2369 habitatorum
2544 2330 2622 2371 sre-

1380 2374 1549 2427 quentia
1560 2377 1739 2418 excoluit
1754 2394 1763 2427 3
1778 2394 1826 2420 ac
1847 2389 2008 2424 tantum
2025 2385 2161 2439 gloriae
2173 2403 2223 2429 ex
2238 2391 2360 2432 rebus
2376 2396 2495 2446 gestis
2509 2399 2620 2452 apud

1378 2440 1522 2495 vulgus
1558 2443 1635 2485 sibi
1667 2450 1936 2502 comparavit,
1980 2460 2025 2492 ut
2054 2468 2167 2496 mare
2199 2456 2299 2500 illud
2337 2464 2619 2515 magnitudine

1376 2513 1586 2556 infinitum
1602 2531 1744 2559 omnes
1761 2520 1813 2560 ad
1832 2531 2014 2565 nostram
2034 2540 2164 2581 usque
2183 2532 2340 2572 aetatem
2355 2536 2616 2589 Erythraeum

1374 2587 1592 2642 appellent.
1654 2594 1758 2644 Quae
1777 2594 1901 2647 igitur
1922 2596 1974 2637 de
1996 2602 2127 2640 causis
2150 2601 2499 2650 denominationis
2517 2625 2614 2665 pro-

1375 2657 1565 2702 feruntur
1578 2662 1685 2704 bene
1701 2664 1990 2720 distinguenda
2013 2670 2136 2727 (nam
2158 2676 2334 2718 multum
2354 2679 2494 2722 differt
2512 2685 2615 2738 Ery-

1377 2732 1480 2774 thrae
1497 2748 1610 2777 mare
1625 2736 1762 2779 dicere
1777 2748 1818 2780 et
1832 2755 1945 2783 mare
1962 2745 2173 2799 erythrum
2191 2749 2219 2789 i.
2239 2764 2276 2790 e.
2302 2753 2493 2806 rubrum,
2515 2757 2616 2798 illud

1372 2807 1482 2847 enim
1506 2810 1687 2863 potitum
1714 2826 1763 2853 eo
1792 2816 1897 2856 mari
1928 2817 2062 2859 virum
2091 2820 2317 2874 significat,
2349 2825 2430 2867 hoc
2447 2828 2612 2870 rubedi-

1371 2893 1467 2921 nem
1495 2896 1612 2937 aquae
1646 2884 1844 2941 denotat)
1868 2889 1924 2930 ita
1953 2904 1996 2931 se
2027 2891 2194 2935 habent.
2254 2897 2390 2939 Ducta
2424 2909 2560 2942 autem
2590 2918 2612 2944 a

1374 2952 1508 2995 colore
1529 2957 1713 2999 nominis
1733 2959 1950 3015 explicatio
1971 2962 2068 3005 falsa
2090 2974 2150 3007 est
2167 2966 2310 3023 (mare
2328 2972 2437 3012 enim
2452 2988 2537 3014 non
2552 2985 2628 3028 est,

1369 3025 1602 3086 rubrum),
1628 3031 1754 3074 altera
1782 3042 1920 3076 autem
1951 3051 1975 3077 a
2005 3038 2095 3079 viro
2117 3039 2175 3080 ibi
2207 3052 2402 3095 regnante
2437 3049 2607 3101 repetita

1370 3107 1430 3140 est
1446 3115 1542 3143 vera
1553 3134 1564 3153 ,
1582 3113 1629 3145 ut
1650 3107 1813 3148 Persica
1830 3110 2012 3151 narratio
2031 3110 2156 3152 fidem
2175 3112 2282 3155 fecit.

1429 3176 1468 3214 6.
1502 3175 1646 3231 Neque
1668 3192 1692 3218 a
1714 3179 1896 3233 quodam
1923 3195 1973 3222 ex
2003 3184 2139 3223 Persei
2161 3187 2349 3241 prosapia
2369 3190 2510 3230 Persas
2532 3207 2606 3234 no-

1368 3253 1464 3281 men
1483 3252 1625 3284 nactos
1657 3260 1743 3286 esse
1772 3248 2094 3301 Agatharchides
2116 3261 2266 3303 censet,
2291 3253 2383 3295 licet
2415 3259 2530 3299 multi
2561 3261 2604 3301 id

1366 3308 1623 3361 perhibeant.
1682 3312 1778 3353 Illos
1800 3315 1911 3355 enim
1937 3329 1978 3356 se
1996 3316 2104 3370 ipsos
2127 3332 2211 3359 non
2233 3321 2374 3361 Persas
2389 3353 2400 3372 ,
2433 3335 2604 3368 accentu

1365 3376 1408 3417 in
1428 3380 1657 3432 penultima
1671 3412 1681 3431 ,
1707 3381 1779 3422 sed
1802 3384 1944 3424 Persas
1958 3415 1969 3435 ,
1998 3385 2143 3427 ultima
2165 3388 2441 3443 circumflexa,
2467 3396 2602 3450 appel-

1361 3444 1444 3486 lare
1458 3446 1572 3488 dicit.

1417 3528 1457 3567 7.
1491 3516 1602 3556 Dum
1626 3519 1904 3561 narrationem
1930 3535 2021 3576 quae
2044 3522 2096 3563 de
2113 3525 2262 3584 Perseo
2285 3525 2416 3569 sertur
2435 3544 2508 3585 per
2524 3533 2599 3574 alia

535 3639 666 3681 gnost.
685 3634 786 3676 Can.
806 3637 885 3692 378
898 3642 1021 3684 scrib.
1039 3644 1144 3688 soret
1159 3649 1287 3699 Βοξός.

68 3677 83 3728 Η
107 3692 213 3719 -2,
232 3680 410 3735 γλῶτταν
423 3699 516 3740 vgo.
538 3690 554 3744 ΙΙ
573 3715 630 3723 —
648 3697 688 3735 6.
708 3696 899 3741 θάλατταν
917 3717 1009 3757 vgo.
1034 3707 1048 3759 ΙΙ
1063 3731 1121 3740 —
1149 3725 1190 3765 7.
1213 3713 1290 3753 οὖ-

62 3742 183 3795 σῶν]
211 3742 332 3784 ὄντων
349 3746 396 3786 C.
420 3747 436 3801 ΙΙ
455 3772 512 3780 ——
531 3755 595 3793 16.
620 3753 694 3810 γὰρ
710 3771 793 3799 om.
815 3762 862 3802 C.
894 3763 911 3817 ΙΙ
933 3789 990 3797 --
1009 3766 1214 3826 εὐμεγέθης
1230 3777 1286 3826 C3

61 3800 273 3857 εὐμεγέθεις
299 3809 394 3858 ΑΒ;
420 3809 516 3852 fort.
538 3823 625 3855 erat
644 3815 894 3874 εὖμεγὲθεσι..
920 3824 1078 3883 ῥείθροις
1105 3832 1120 3886 ΙΙ
1142 3857 1200 3866 —
1221 3849 1287 3891 17.

0 3880 1 3900 ι
58 3864 279 3922 πτοήσεως]
297 3871 476 3920 πτώσεως
490 3880 810 3935 suprascriptum
826 3884 949 3928 habet
959 3889 1006 3930 C.
1027 3891 1112 3945 11-—
1126 3897 1190 3938 18.
1205 3897 1252 3939 δε
1265 3899 1291 3939 ί-

0 3943 1 3950 *
60 3930 234 3984 ματος]
256 3945 306 3971 an
324 3931 531 3990 οἰδήματος
542 3969 554 3989 ,
574 3937 626 3981 de
646 3944 747 3984 mari
769 3953 951 3991 tumente
973 3950 1156 3998 dictum?
1189 3959 1206 4014 ss
1232 3985 1289 3995 —

225 4013 360 4043 cssocn.
380 4016 410 4046 1.

1363 3656 1432 3702 24.
1451 3655 1627 3710 στερίφην
1651 3672 1735 3699 om.
1758 3662 1844 3710 AB,
1871 3663 2049 3717 spadum
2065 3678 2239 3707 vacuum
2261 3668 2548 3724 relinquentes.
2576 3672 2591 3724 Η

1360 3739 1416 3746 -
1433 3718 1499 3771 37.
1526 3721 1593 3770 τῆς
1612 3719 1803 3774 θαλάττης
1829 3725 1866 3764 Α
1893 3732 1933 3764 et
1951 3740 2047 3780 mgo
2065 3727 2120 3778 C;
2147 3731 2214 3781 τῆς
2237 3730 2428 3783 θαλάσσης
2448 3735 2502 3783 Β;
2525 3732 2593 3784 τὴν
2619 3732 2623 3738 ’

1363 3778 1555 3822 θάλατταν
1574 3782 1622 3823 C.
1646 3783 1661 3838 ss
1680 3807 1738 3815 —
1752 3787 1820 3834 41.
1840 3786 2133 3837 δυναστεύοντος
2149 3792 2216 3841 Β.;
2235 3791 2255 3831 ὁ
2271 3791 2383 3833 deest
2401 3794 2442 3832 in
2461 3803 2589 3847 vgata.

1417 3843 1439 3894 5
1458 3846 1498 3893 6,
1520 3842 1548 3884 l.
1572 3845 1641 3893 43.
1666 3843 1835 3901 ἐκγόνων
1859 3850 1906 3889 Β.
1935 3850 1950 3904 ΙΙ
1968 3874 2024 3882 —
2043 3854 2112 3901 44.
2131 3852 2286 3893 πολλῶν
2302 3853 2432 3894 ἄλλων
2452 3854 2590 3910 λεγόν-

1360 3917 1436 3943 των
1463 3905 1497 3945 C
1516 3913 1556 3946 et
1577 3920 1670 3960 vgo.

1415 3968 1437 4019 5
1461 3971 1501 4020 7,
1519 3967 1548 4009 l.
1574 3971 1643 4018 48.
1660 3971 1846 4014 Titulum
1871 3975 2069 4030 ineptum,
2091 3977 2166 4030 qui*
2191 3976 2287 4017 huic
2304 3987 2494 4034 excerpto
2513 3994 2590 4035 vgo

2393 4059 2414 4087 8
