2756 4354
526 192 604 238 DE
638 187 937 236 ANONYMO
973 171 1538 235 AUCTORE'PERIPLI
1578 190 1768 236 MAms
1803 192 2146 243 ERYTflaAEi.

2532 230 2591 260 CV

65 295 186 347 ἷδῖοις
223 291 477 355 ἐξαρτισμοῒς
504 289 544 348 (9
565 287 659 345 21),
687 294 824 342 atque
844 283 966 328 Cane
990 282 1076 344 ἔχει
1106 282 1175 327 καὶ
1200 283 1303 337 αὐτὴ
1371 284 1559 345 δηνάριον
1587 285 1626 348 (9
1644 287 1688 332 6.
1712 287 1776 344 8),
1807 303 1909 346 quae
1934 299 2035 334 ante
2054 290 2263 337 Nostrum
2295 313 2320 339 a
2341 314 2481 354 graeco
2509 309 2595 351 ali-

69 373 301 433 ,σύγχρησιν
336 368 414 427 τῶν
437 367 508 408 τοῦ
532 363 660 422 πέραν
694 359 920 421 ἐμπορίων,
947 359 1198 420 Βαρυγάζων
1229 358 1300 430 καὶ
1372 375 1463 416 quo
1487 361 1709 419 scriptore
1730 373 1947 421 usurpata
1976 378 2073 408 esse
2096 368 2174 408 vix
2195 368 2470 424 probaveris,

69 445 251 495 Σκυθίας
272 441 341 487 καὶ
365 437 558 498 Ὀμάνων
576 435 646 481 καὶ
670 438 741 490 τῆς
765 433 1072 496 παρακειμένης
1102 432 1302 494 Περσίδος

73 522 114 580 (9
137 500 230 580 ²7),
251 526 295 561 et
316 514 356 559 si
373 527 474 573 quae
494 511 583 555 alia
605 509 833 570 ejusmodi
852 509 1081 567 leguntur.

138 594 241 638 180.
267 589 370 637 llaec
385 596 490 632 sunt
509 584 764 644 argumenti
788 584 953 644 capita,
972 583 1021 627 in
1040 582 1210 643 quibus
1230 598 1301 627 ra-

69 669 135 715 tio
174 675 218 712 et
249 663 426 710 indoles
452 672 496 706 et
534 661 729 721 pretium
769 660 913 704 libelli
942 659 1124 714 eximii,
1168 662 1301 718 quem

69 757 209 791 unum
227 757 283 785 ex
299 740 385 784 hoc
408 752 572 797 genere
592 737 882 797 superstitem
898 734 1119 780 habemus
1132 769 1145 791 ,
1167 750 1300 795 repo-

70 819 157 865 sita
178 826 298 863 sunt.
322 815 515 874 Reliqua
541 829 632 858 non
662 814 773 858 adeo
793 812 935 857 multa
954 813 1082 872 quasi
1115 811 1303 873 πάρεργα

67 896 482 953 intersperguntur.
501 888 708 943 Quorum
728 888 951 932 nonnulla
963 897 1006 931 et
1019 887 1120 947 ipsa
1138 902 1304 932 merca-

66 981 212 1016 torem
241 968 487 1026 virumque
519 981 614 1010 non
649 964 770 1008 ultra
799 963 1048 1024 sapientem
1082 962 1303 1006 redolent.

67 1043 307 1105 Ejusmodi
329 1052 396 1087 est
424 1040 549 1101 quod
572 1041 818 1098 Barygazis
842 1047 996 1082 narrat
1030 1038 1071 1097 (9
1090 1036 1165 1099 47)
1181 1047 1304 1081 vete-

70 1135 143 1166 res
162 1119 401 1165 drachmas
435 1118 483 1162 in
519 1116 793 1161 commercio
831 1129 1074 1159 occurrere
1106 1115 1304 1171 signatas

66 1195 220 1253 effigie
242 1192 482 1239 Menandri
505 1191 577 1236 vel
603 1190 890 1251 Apollodoti;
916 1190 997 1234 hos
1030 1182 1142 1233 νει-ο
1167 1189 1305 1233 fuisse

69 1271 190 1315 inter
229 1268 478 1314 Alexandri
528 1282 810 1312 successores
825 1301 836 1321 ,
878 1267 958 1325 qui
1006 1266 1061 1309 ad
1100 1265 1302 1323 Gangem

68 1362 213 1406 usque
249 1353 554 1406 penetrasset,
580 1342 753 1386 relictis
777 1357 802 1384 a
832 1340 989 1384 dextra
1008 1340 1236 1400 Limyrice
1262 1350 1306 1385 et

68 1421 203 1467 India
242 1419 448 1465 australi.
476 1417 531 1471 In
562 1416 811 1474 Gangetica
846 1430 958 1459 vero
988 1415 1179 1474 regione
1202 1416 1302 1460 auri

69 1495 251 1541 metalla
266 1510 363 1540 esse
395 1510 445 1538 ac
467 1501 694 1537 monetam
720 1505 920 1549 auream,
945 1490 1019 1533 cui
1050 1490 1188 1534 Caltis
1220 1506 1302 1534 no-

68 1587 197 1628 men,
225 1570 421 1631 reperiri
454 1578 621 1612 monet.
659 1568 764 1611 Alia
798 1567 853 1611 ad
875 1566 1201 1626 geographicas
1225 1566 1303 1610 de-

68 1646 342 1707 scriptiones
368 1642 649 1705 pertinentia
670 1643 810 1686 habes
835 1644 860 1701 9
885 1643 936 1686 15
966 1642 1022 1686 de
1044 1641 1301 1686 Menuthia-

67 1721 178 1780 de,§
205 1721 260 1765 33
287 1722 343 1765 de
366 1719 597 1779 Serapidis
613 1718 779 1773 insula,
800 1719 824 1776 §
858 1719 913 1762 3ο
938 1717 993 1761 de
1015 1718 1302 1778 Dioscuridis

27 1818 35 1827 κ
70 1796 226 1854 ins.,§
254 1796 308 1839 61
337 1794 393 1839 de
415 1792 761 1852 Taprobane,§
791 1809 849 1851 29
877 1802 922 1836 et
949 1793 1004 1835 32
1027 1792 1083 1836 de
1117 1793 1303 1850 regione

68 1870 317 1929 thurifera,
338 1870 576 1928 thurisque
594 1867 863 1912 collectione
883 1877 928 1910 et
945 1867 1169 1923 custodia,
1197 1869 1221 1926 9
1245 1868 1302 1911 50

67 1945 123 1990 de
133 1946 293 1991 bestiis
306 1944 660 1998 Daehinabadae,
672 1945 698 2003 9
711 1944 767 1988 63
787 1943 842 1987 de
854 1942 1027 2001 Gangis
1047 1943 1302 1987 incremen-

66 2021 150 2076 tis;
170 2020 339 2080 quibus
360 2020 474 2065 adde
498 2021 522 2078 §
545 2019 603 2078 59
631 2019 687 2063 de
710 2019 893 2063 Comari
918 2018 1012 2062 deae
1036 2006 1159 2062 cultu
1184 2019 1301 2063 noti-

66 2096 175 2139 tiam
187 2130 198 2151 ,
217 2106 261 2140 et
279 2095 500 2139 historica
518 2093 723 2154 quaedam
743 2093 798 2136 de
812 2092 1094 2137 Ptolemaide
1117 2093 1302 2136 Theron

69 2170 111 2230 (ᾗ
155 2171 197 2232 3)
242 2186 324 2216 nec
369 2186 461 2215 non
485 2170 540 2214 de
571 2168 798 2213 Parthicis
831 2169 879 2212 in
903 2169 1088 2228 Scythia
1133 2170 1303 2227 regulis

70 2244 111 2305 (5
138 2246 231 2305 ³8>-

137 2322 238 2367 181.
262 2322 424 2365 D1c‘r1o
442 2320 659 2376 auctoris,
672 2329 830 2380 utpote
846 2319 1047 2364 hominis
1070 2319 1272 2379 βαναύσου
1288 2354 1299 2374 ,

71 2395 227 2457 paullo
248 2394 409 2438 rudior
441 2404 485 2438 et
524 2394 709 2438 incultae
739 2393 1075 2453 simplicitatis,
1112 2403 1302 2450 angusto

70 2469 246 2527 aliquot
276 2467 575 2511 formularum
615 2467 715 2524 giro
761 2481 859 2510 sese
913 2467 1128 2512 continet.
1170 2467 1303 2520 Quod

70 2544 221 2602 ipsum
238 2575 250 2597 ‚
273 2551 324 2585 ut
357 2557 480 2585 nunc
503 2556 575 2585 res
602 2540 761 2595 habet,
796 2556 888 2583 non
912 2543 1136 2598 ingratum
1164 2540 1303 2585 nobis

70 2618 196 2661 venit
211 2652 223 2673 ,
241 2632 381 2676 quum
396 2617 452 2661 ad
476 2616 829 2674 redintegranda
844 2616 985 2660 verba
1001 2618 1049 2660 in
1068 2617 1304 2676 permultis

69 2692 181 2736 locis
219 2691 568 2750 corruptissima
600 2691 813 2734 idoneum
839 2693 1038 2750 praebeat
1065 2691 1302 2738 auxilium.

68 2766 274 2810 Notanda
289 2775 394 2810 sunt
406 2766 454 2809 in
475 2765 696 2809 mercium
715 2765 918 2823 catalogo
933 2766 1154 2809 nonnulla
1167 2782 1303 2810 voca-

67 2841 174 2886 liuta
199 2840 426 2895 Romana,
464 2850 513 2883 ut
541 2838 677 2883 λέντια
705 2839 746 2902 (9
774 2840 835 2899 6),
859 2839 1126 2890 σκοτουλοίτος
1149 2841 1188 2898 (9
1214 2842 1304 2900 24),

1446 435 1545 477 182.
1575 436 1967 495 Appendicisloco
1987 438 2187 497 subjicio
2201 458 2421 501 MssncmM,
2437 466 2529 500 Qua:
2552 471 2598 499 m

1376 526 1560 554 pampro
1587 528 1895 557 vaioam'run
1911 547 1923 569 ,
1949 531 2218 559 mmcumm.

1438 584 1474 627 I.
1502 585 1731 629 Amnius
1760 603 1770 630 :
1796 588 1833 631 [l
1846 606 1869 630 α
1887 586 2055 647 ρθένοι
2074 590 2235 640 εὐειδεῖς
2254 591 2351 652 πρὸς
2372 597 2600 643 παλλακίαν

1378 659 1476 716 regi
1494 658 1776 704 destinandae
1793 662 2100 721 importantur
2116 664 2346 724 Barygaza
2368 669 2410 727 (9
2431 671 2522 730 49),
2545 699 2605 707 —

1376 737 1440 778 Ao
1453 732 1510 778 ύλ
1523 739 1606 777 ι’κα
1624 733 1853 794 κρείσσονα,
1874 735 1900 779 ἃ
1918 738 1972 787 εἷς
1991 738 2196 798 Αἴγυπτον
2210 751 2414 803 προχωρεῖ
2434 748 2603 803 μᾶλλον,

1376 812 1423 853 in
1439 810 1962 870 Oponerepe1·iuntur(§
1984 814 2074 872 14).
2090 841 2149 847 —
2163 814 2314 872 Σώμα
2328 836 2385 861 τα
2410 823 2430 863 θ
2446 822 2605 875 ηλυκὰ

1375 900 1433 929 ex
1456 884 1628 929 Arabia
1651 896 1695 930 et
1721 886 1853 930 lndia
1872 887 1921 931 in
1940 887 2222 934 Dioscoridis
2242 891 2434 938 insulam
2461 906 2604 943 trans-

1375 972 1620 1022 portantur
1639 962 1696 1022 (§
1725 962 1817 1021 31).
1843 988 1900 996 —
1922 962 2123 1021 Σώματα,
2144 971 2265 1022 servi,
2288 968 2471 1015 Omanis
2489 982 2532 1016 et
2551 988 2607 1018 ex

1376 1038 1574 1097 Apologi
1599 1041 1803 1098 emporio
1833 1039 1947 1099 imp.
1981 1039 2208 1100 Barygaza
2224 1044 2260 1102 (9
2284 1044 2386 1104 36);
2414 1047 2519 1091 item
2550 1064 2606 1094 ex

1375 1112 1550 1157 Mundu
1570 1123 1613 1157 et
1631 1113 1804 1168 Malao,
1827 1114 1976 1158 rarius
1997 1125 2145 1159 tamen
2164 1116 2342 1178 (98.9).
2364 1146 2424 1153 —
2440 1118 2580 1167 Ἵππο
2594 1141 2607 1167 ι

1374 1190 1472 1247 regi
1483 1189 1654 1245 Canen,
1666 1199 1862 1249 tyranno
1873 1190 2046 1235 Muzam
2059 1192 2362 1251 importantur
2374 1196 2413 1254 (§
2426 1198 2500 1241 23.
2519 1200 2606 1258 24).

1377 1290 1438 1297 —
1456 1264 1510 1310 ‘H
1525 1263 1693 1323 μίονοι
1713 1265 1888 1325 νωτηγοὶ
1905 1276 2102 1326 tyranno
2124 1268 2301 1314 Muzam
2314 1270 2426 1330 imp.
2447 1272 2488 1333 (§
2514 1275 2604 1333 34).

1440 1338 1500 1386 ΙΙ.
1543 1340 1630 1385 Rns
1646 1375 1657 1395 ‚
1706 1357 1818 1393 Quas
1857 1358 2073 1387 ANIMALu
2109 1360 2405 1391 surrEm'rAN'r
2431 1364 2440 1389 t
2476 1348 2606 1393 Βού-

1375 1434 1525 1480 τυρον
1550 1419 1599 1477 (Ρ)
1627 1418 1675 1461 in
1696 1418 1860 1462 Ariace
1892 1419 1933 1480 (§
1955 1418 2057 1481 41);
2088 1421 2332 1481 Barygazis
2354 1423 2466 1484 imp.
2491 1425 2539 1468 in
2559 1424 2609 1468 τὰ

1378 1493 1506 1555 πέραν
1554 1493 1732 1555 ἐμπόρια
1773 1495 2004 1540 Barbariae
2041 1497 2221 1557 Libycae
2247 1499 2290 1558 (9
2325 1505 2375 1551 14
2406 1500 2461 1559 (*)
2483 1501 2516 1559 ).
2553 1526 2610 1534 —

1374 1568 1619 1630 Δέρματα
1643 1567 1844 1630 Σηρικὰ
1866 1568 1939 1632 (**)
1964 1586 2066 1631 exp.
2093 1587 2146 1616 ex
2166 1572 2410 1618 Barbarico
2428 1574 2483 1619 ad
2505 1577 2610 1619 Sin-

1376 1644 1502 1688 thum
1529 1644 1576 1690 ss.
1598 1646 1805 1705 emporio
1833 1647 1875 1706 (§
1899 1645 1987 1705 39).
2010 1674 2069 1680 —-
2097 1646 2318 1710 Ἐλέφας
2337 1665 2438 1707 exp.
2467 1649 2608 1695 Aduli

1378 1721 1421 1780 (§
1444 1722 1517 1781 6);
1553 1721 1686 1780 ὀλίγος
1700 1722 1880 1767 Aualite
1907 1723 1948 1782 (9
1970 1723 2041 1783 8);
2061 1723 2213 1783 ὀλίγος,
2235 1722 2368 1782 ὅμοιος
2393 1726 2450 1786 τῷ
2471 1722 2607 1770 Ἀδου-

1374 1796 1518 1858 λιτικῷ
1532 1833 1542 1851 ,
1562 1796 1843 1842 Ptolemaide
1868 1799 1908 1857 (9
1929 1796 1971 1858 3)
1991 1815 2003 1854 3
2023 1797 2226 1853 σπανίως,
2241 1798 2441 1858 Mossylo
2459 1798 2499 1859 (9
2518 1801 2604 1859 10);

1373 1872 1582 1926 πλεῖστος,
1605 1872 1742 1927 ἥσσων
1768 1872 1810 1917 δὲ
1829 1877 1899 1917 τοῦ
1923 1873 2196 1918 Ἀδουλιτικοῧ
2213 1910 2224 1932 ,
2247 1890 2303 1919 ex
2318 1875 2499 1920 Azaniae
2521 1891 2610 1920 em-

1374 1946 1520 2006 poriis
1544 1948 1583 2005 (9
1608 1949 1678 1991 16.
1704 1949 1801 2007 17);
1831 1958 2049 2008 praeterea
2064 1964 2166 2008 exp.
2192 1949 2431 2008 Barygazis
2456 1951 2495 2008 (9
2513 1948 2604 2009 49),

1375 2021 1541 2066 Muziri
1567 2033 1610 2066 et
1630 2023 1930 2083 Nelcynda‘(§
1962 2025 2054 2083 56).
2080 2024 2148 2070 Cf.
2183 2024 2361 2086 Βωσαρὴ
2399 2025 2540 2086 ἐλέφας
2558 2026 2607 2070 in

1374 2097 1601 2142 Desarene
1637 2099 1840 2157 regione,
1864 2102 1888 2158 9
1914 2101 1989 2146 62.
2032 2127 2091 2134 —-
2118 2098 2288 2162 Ἔριον
2328 2101 2545 2162 Σηρικὸν
2583 2116 2608 2146 e

1378 2171 1631 2218 Thinai-um
1674 2176 1860 2232 regione
1895 2191 1979 2232 per
2009 2176 2233 2220 Bactriani
2272 2177 2500 2236 Barygaza
2516 2212 2527 2232 ,
2564 2187 2608 2221 et

1375 2262 1457 2305 per
1476 2247 1678 2306 Gangem
1702 2249 1748 2295 fl.
1772 2250 1821 2293 in
1842 2249 2101 2308 Limyricen
2123 2252 2238 2311 imp.
2261 2252 2303 2310 (9
2325 2253 2419 2311 64).
2435 2279 2497 2284 -
2519 2252 2610 2297 Ki-

1375 2338 1467 2381 ρατ
1482 2339 1507 2364 α
1530 2323 1579 2382 (Ρ)
1606 2323 1835 2381 Barygaza
1860 2323 1908 2366 in
1930 2323 2103 2367 Omana
2126 2335 2169 2367 et
2185 2326 2377 2384 Apologi
2402 2326 2606 2384 emporia

1375 2397 1487 2456 imp.
1530 2397 1570 2455 (9
1601 2399 1675 2452 36,
1707 2397 1786 2440 ubi
1811 2413 1854 2442 v,
1886 2398 2030 2455 not.).
2063 2423 2125 2430 —
2164 2398 2375 2457 Κοράλλ
2390 2417 2459 2443 ιον
2489 2402 2599 2458 imp.

1375 2470 1528 2515 Canen
1568 2472 1609 2530 (9
1630 2471 1725 2530 28),
1777 2471 1826 2514 in
1860 2471 2152 2515 Barbaricum
2200 2471 2302 2515 lndi
2348 2473 2601 2532 emporium

1374 2546 1418 2603 (9
1441 2547 1531 2604 39),
1555 2546 1785 2604 Barygaza
1809 2546 1849 2603 (9
1875 2546 1968 2604 49),
1988 2544 2201 2601 Nauram,
2226 2545 2430 2605 Tyndin,
2461 2547 2603 2591 Muzi-

1374 2620 1465 2673 rin,
1486 2618 1762 2678 Nelcyndam
1783 2621 1822 2677 (9
1839 2619 1894 2662 56
1913 2621 1946 2679 ).
1972 2645 2033 2652 ——-
2062 2620 2256 2681 Acixxoc
2279 2620 2604 2681 χρωμοίτινος

1376 2693 1549 2737 Adulin
1604 2703 1866 2753 exportatur
1892 2694 1932 2752 (9
1957 2693 1998 2753 6)
2039 2692 2119 2736 ἀπὸ
2146 2695 2224 2737 τῶν
2255 2694 2335 2737 ἔσω
2364 2693 2499 2738 τόπων
2533 2697 2603 2748 ’.ἧς

1375 2765 1595 2827 Ἀραὸικῆς
1629 2768 1641 2826 (
1671 2783 1727 2811 ex
1760 2767 1873 2811 locis
1911 2783 2010 2826 quae
2043 2767 2164 2812 intus
2210 2778 2314 2811 sunt
2350 2767 2406 2811 ab
2439 2767 2606 2812 Arabia

1379 2843 1477 2886 sive
1502 2842 1558 2886 ab
1588 2842 1758 2886 Arabia
1781 2843 2000 2888 orientem
2026 2859 2210 2898 versus,
2237 2844 2267 2889 i.
2297 2859 2337 2887 e.
2370 2860 2425 2888 ex
2447 2843 2602 2888 India?

116 3003 163 3052 (*)
189 3003 367 3050 Βούτυρον
381 3001 589 3049 significare
611 3001 744 3038 oleum
761 3001 886 3038 censet
910 3003 1061 3038 Lassen.
1088 3000 1178 3038 lnd.
1204 3000 1376 3038 Alterclz.
1395 3004 1426 3049 1,
1447 3012 1484 3049 p.
1508 3006 1576 3040 213
1591 3031 1601 3048 ,
1626 3002 1792 3040 addens:
1815 3018 1833 3035 α
1857 3002 1922 3040 Die
1940 3004 2068 3042 Butter
2088 3013 2191 3040 mnss
2210 3013 2251 3040 so
2271 3003 2413 3040 lieissen
2428 3003 2603 3040 Laendern

68 3060 139 3097 wie
157 3058 288 3098 Indien
306 3057 429 3095 sremd
442 3057 521 3094 scin
538 3071 572 3093 ν.
599 3058 773 3094 Attamen
791 3055 838 3093 de
866 3055 1002 3103 butyro
1022 3055 1035 3102 (
1056 3055 1158 3093 Ghee,
1178 3055 1329 3104 indice)
1350 3057 1387 3094 in
1409 3058 1544 3096 Delcan
1567 3058 1715 3105 regione
1738 3067 1759 3094 e
1783 3057 1879 3094 lacte
1896 3059 2028 3105 parato
2052 3057 2143 3093 dicit
2176 3056 2340 3094 Ritterus
2370 3058 2435 3101 vt,
2462 3068 2497 3103 p.
2516 3059 2601 3094 498-

63 3118 113 3160 V,
140 3125 178 3163 p.
200 3118 285 3152 895.
319 3114 460 3150 Contra
480 3122 569 3149 vero
591 3112 632 3149 τὸ
653 3112 788 3157 ἔλαιον,
810 3111 911 3159 quod
938 3121 985 3148 ex
1011 3111 1116 3148 India
1140 3111 1176 3147 in
1202 3112 1391 3149 Moscliam
1417 3112 1564 3150 Arabiae
1590 3114 1723 3150 Noster
1743 3112 1931 3159 deportari
1954 3112 2004 3149 ait
2026 3110 2061 3159 (9
2082 3114 2159 3156 32),
2178 3111 2225 3148 de
2250 3111 2385 3157 butyro
2408 3111 2486 3147 sive
2506 3111 2604 3147 Glzee

58 3168 350 3217 'triteiligendum
365 3178 443 3204 esse
458 3167 666 3215 suspicatur
682 3167 849 3204 Ritterus
872 3168 956 3212 ΧΠ,
980 3176 1016 3214 p.
1043 3170 1129 3214 335,
1144 3168 1279 3214 praeter
1301 3166 1559 3203 necessitatem
1593 3165 1758 3212 Intellige
1779 3167 1904 3203 oleum
1917 3166 2140 3203 sesaminum
2156 3193 2166 3209 ,
2189 3165 2289 3212 quod
2308 3176 2351 3201 ex
2370 3164 2473 3202 India
2491 3165 2602 3200 etiam

70 3225 142 3262 alio
167 3223 353 3271 exportari
374 3223 526 3261 scimus.
548 3244 595 3250 —
612 3225 790 3260 Celerum
826 3233 943 3270 quum
966 3222 1147 3270 butyrum
1164 3221 1310 3259 nonnisi
1337 3223 1374 3258 in
1390 3220 1586 3258 altioribus
1605 3221 1803 3266 minusque
1820 3219 1949 3256 calidis
1968 3219 2103 3257 Delfan
2123 3218 2328 3263 regionibus
2342 3218 2458 3264 parari
2477 3217 2603 3253 videa-

70 3290 169 3326 mus,
190 3279 302 3327 idque
321 3281 612 3318 consentaneum
629 3279 689 3324 sit,
704 3279 850 3316 mireris
869 3278 966 3315 lianc
983 3288 1150 3316 mercem
1169 3277 1304 3315 catoris
1326 3276 1583 3324 impatientem
1601 3276 1639 3312 in
1654 3275 1834 3312 torridam
1853 3275 2038 3313 Bai-bariae
2062 3285 2193 3311 zonam
2218 3273 2375 3312 navibus
2397 3271 2605 3310 transferri.

72 3339 197 3380 Quare
217 3335 341 3372 nescio
367 3345 414 3372 an
432 3335 455 3384 9
479 3338 525 3372 42
542 3336 554 3383 (
573 3335 773 3384 πολυφὸρος
798 3335 835 3372 δὲ
855 3337 877 3378 ἡ
894 3336 1000 3383 χώρα
1015 3334 1120 3372 σίτου
1140 3335 1201 3371 καὶ
1222 3333 1346 3382 ὀρύζης
1362 3333 1423 3369 καὶ
1445 3331 1569 3368 ἐλαίου
1589 3330 1795 3378 σησαμίνου
1820 3331 1881 3367 καὶ
1903 3329 2205 3379 βουτύρουκαὶ
2221 3328 2412 3377 καρπάσου
2431 3330 2442 3374 )
2463 3330 2501 3364 et
2522 3326 2545 3376 §
2565 3330 2605 3364 14

74 3391 197 3438 (σῖτος
215 3391 276 3427 καὶ
299 3390 409 3438 ὄρυζα
441 3391 503 3428 ’καὶ
532 3390 705 3440 βούτυρον
726 3391 788 3427 καὶ
823 3390 943 3427 ἔλαιον
971 3389 1203 3438 σησάμινον)
1228 3399 1293 3436 pro
1318 3386 1540 3436 βούτυρον
1571 3385 1766 3431 tegendum
1789 3386 1836 3421 sit
1857 3386 2039 3433 βόσμορον
2058 3383 2135 3420 sive
2160 3383 2360 3432 βόσπορον,
2391 3382 2492 3431 quod
2517 3391 2603 3418 cum

71 3445 205 3482 ceteris
220 3445 424 3482 cerealibus
443 3446 566 3493 aptius
585 3447 888 3493 componeretur,
907 3448 950 3483 ut
968 3446 1066 3493 apud
1086 3446 1260 3482 Strabon.
1285 3453 1320 3491 p.
1343 3446 1414 3479 1290
1431 3441 1549 3478 ελίνον
1576 3441 1758 3488 σπείρεται
1778 3441 1788 3485 (
1807 3442 1843 3476 in
1867 3439 1968 3476 india
1987 3439 2000 3486 )
2017 3441 2077 3475 καὶ
2095 3440 2262 3487 κέγχρον,
2283 3438 2369 3486 πρὸς
2387 3438 2525 3475 τούτοις
2541 3436 2605 3482 σή-

74 3513 207 3548 σαμον,
224 3499 347 3547 ὄρυζα,
370 3500 608 3548 βόσμορον
627 3500 638 3547 (
659 3500 706 3537 cs.
735 3511 770 3547 p.
794 3501 892 3548 692).
912 3503 950 3538 el.
973 3501 1126 3538 Diodor.
1152 3504 1199 3546 ll,
1220 3504 1266 3538 36
1286 3515 1294 3536 :
1317 3499 1380 3542 τὴν
1411 3498 1539 3545 ὄρυζαν
1559 3498 1620 3534 καὶ
1650 3498 1691 3533 τὸ
1718 3496 1951 3545 βόσπορον
1967 3524 1976 3542 ,
1997 3495 2049 3532 ἔτι
2082 3495 2119 3531 δὲ
2148 3495 2316 3542 σήσαμον
2348 3494 2410 3531 καὶ
2439 3494 2603 3540 κέγχρον.

75 3556 170 3594 Alibi
192 3565 328 3591 nomen
357 3566 428 3592 non
448 3557 635 3602 occurrit3
661 3555 817 3593 eandem
849 3556 1003 3593 sortasse
1030 3557 1193 3604 plantam
1219 3553 1394 3592 describit
1416 3554 1602 3599 Tlieoplir.
1629 3555 1676 3590 H.
1713 3553 1765 3589 ΡΙ.
1794 3554 1862 3598 IV,
1891 3554 1928 3596 4,
1947 3559 1981 3589 9.
2016 3553 2196 3594 Quaenam
2219 3550 2281 3597 sit,
2301 3549 2398 3586 inter
2418 3549 2605 3586 herbarios

73 3622 148 3648 non
167 3610 323 3645 constat.
346 3610 441 3647 Vide
465 3612 609 3647 Ernest.
636 3610 762 3648 Meier.
801 3611 1043 3649 Batanisclze
1072 3612 1412 3655 Erloeucerunqen
1430 3618 1482 3645 zu
1501 3608 1696 3645 Strabons
1719 3606 1968 3655 Geoqrapln‘e
1987 3608 1997 3651 (
2014 3606 2258 3652 Konigsberg‚
2291 3605 2410 3651 1852)
2432 3616 2464 3649 p.
2489 3607 2546 3639 ui.

125 3664 195 3710 β’)
213 3665 354 3700 Vocem
371 3664 528 3712 δέρματα
543 3664 580 3701 in
605 3667 683 3702 not.
704 3665 765 3702 ad.
787 3663 810 3712 §
830 3670 876 3703 39
895 3677 982 3703 cum
998 3666 1184 3704 vincento
1204 3666 1359 3703 sortasse
1378 3665 1595 3710 corruptam
1611 3672 1690 3700 esse
1713 3662 1806 3699 dixi.
1830 3664 2039 3708 perperam.
2061 3659 2204 3697 Plinius
2223 3661 2284 3706 34,
2304 3661 2343 3696 41
2374 3674 2382 3695 z
2401 3661 2510 3694 Seres
2530 3657 2602 3692 lzoc

75 3720 250 3766 (ferrum
268 3718 281 3766 )
298 3727 390 3756 cum
410 3718 581 3756 vestibus
604 3722 692 3757 suis
715 3720 973 3769 pellibusque
999 3724 1181 3759 initiunt.
1204 3720 1464 3759 conserendus
1495 3720 1608 3758 etiam
1639 3721 1694 3757 est
1722 3719 1848 3764 locus,
1872 3728 1984 3765 quem
2019 3728 2067 3755 ex
2091 3715 2398 3754 Malzdblzclrata
2426 3717 2471 3758 ΙΙ,
2492 3717 2601 3755 1250,

77 3775 163 3810 dist-
198 3777 285 3811 1817
313 3773 424 3810 affert
443 3774 581 3811 Lassen
599 3775 625 3810 1.
654 3775 727 3821 1.1,
748 3786 784 3822 p.
811 3781 875 3815 321
904 3778 967 3814 ubi
990 3779 1087 3814 dona
1112 3788 1198 3826 quae
1221 3775 1516 3814 ludhislcclziroe
1543 3775 1705 3813 arserunt
1733 3777 1861 3822 gentes
1888 3773 2011 3821 Galea,
2043 3772 2233 3810 Tulslzcira
2254 3774 2290 3807 et
2316 3768 2459 3807 Kanlm
2482 3776 2599 3803 recen-

75 3832 205 3868 sentur
226 3845 235 3868 :
264 3831 346 3866 lana
365 3830 379 3873 <
397 3829 445 3866 cs.
470 3829 563 3878 ἔριον
583 3830 735 3878 Σηρικὸν
756 3832 791 3867 in
816 3832 981 3880 peripl.§
1003 3834 1243 3882 64),pelles,
1267 3834 1377 3870 texta
1396 3834 1525 3870 serica
1543 3834 1555 3879 (
1576 3831 1727 3879 kicaqa,
1750 3832 1773 3868 i.
1796 3842 1827 3867 e.
1848 3830 1986 3878 quoda
2007 3840 2145 3871 verme,
2171 3829 2241 3864 ἀπὸ
2267 3826 2386 3873 σηρὸς,
2404 3823 2495 3865 men,
2518 3830 2602 3866 pro-

78 3887 202 3932 venit,
224 3886 359 3933 μέταξα
378 3885 406 3932 ),
434 3887 537 3922 texta
558 3895 578 3921 e
611 3887 711 3932 patta
738 3886 862 3933 planta
884 3890 998 3924 strata
1017 3888 1096 3926 sive
1117 3891 1258 3936 tapetes
1279 3890 1292 3937 (
1312 3904 1331 3923 α
1356 3898 1428 3924 von
1461 3889 1581 3934 palla
1602 3886 1830 3933 gemaclitcS,
1858 3886 1882 3922 i.
1905 3895 1938 3922 e.
1968 3895 2035 3920 aus
2058 3883 2122 3919 der
2152 3880 2419 3926 t‘attapssanze,
2443 3875 2601 3935 ‹tecken-
2640 3897 2642 3899 -

77 3941 262 3990 mlinliclie
278 3942 419 3978 Matten
437 3956 454 3973 »
479 3943 639 3978 Lassen.
662 3941 719 3978 Ct'.
738 3941 903 3989 τέρπονες
921 3944 1191 3991 ὠμαμτιελὶνοις
1206 3946 1475 3989 παραπλήσιοι,
1494 3943 1634 3990 quibus
1653 3940 1952 3989 ὑποστρωμάτων
1973 3940 2054 3976 loco
2084 3938 2221 3974 Sesatai
2239 3935 2394 3970 utuntur
2410 3931 2444 3966 in
2467 3929 2600 3975 Peripl.

73 3995 100 4044 §
130 4000 174 4034 64
195 3997 223 4044 ),
244 3996 368 4034 mollia
385 3996 514 4033 ovium
534 3995 670 4033 vellera
690 4000 762 4032 etc.
781 3998 876 4039 Qum
900 3997 1051 4044 quidem
1065 3999 1195 4036 omnia
1217 3987 1269 4037 ad*
1286 4001 1450 4039 Sei-icam
1472 3998 1656 4046 regionem
1687 3999 1699 4044 (
1712 4007 1824 4044 quain
1846 3996 1898 4032 sic
1923 3997 1969 4031 ‹te
1992 3993 2099 4039 σηρὸς
2118 3993 2295 4037 1¹¹·0V011111
2318 3985 2413 4034 ³¹1)ud
2444 3983 2602 4032 l‘ssl'egl'i·

80 4061 146 4089 nos
166 4051 239 4088 dici
264 4062 353 4089 usus
370 4051 556 4098 obtinuit)
581 4052 748 4098 spectare
766 4052 825 4087 vix
847 4051 1003 4090 dubium
1023 4062 1090 4092 est.
