2808 4342
428 233 513 267 ΛΟῙ
522 233 626 267 ΠΟΝ
659 232 768 267 KIAI
777 233 881 269 KIA.

0 391 8 399 Α,
106 358 178 387 151.
214 340 313 387 Ἀπὸ
343 343 422 385 τῶν
447 341 644 386 Κιλικίων
665 344 804 387 πυλῶν
823 344 876 394 εἷς
900 342 946 388 τὸ
970 342 1098 405 Ἱερὸν
1124 342 1280 388 στάδιοι

0 417 1 420 ’
42 410 115 474 ρκ’·
141 408 256 474 [ἀπὸ
274 410 291 470 ]
309 409 451 455 τούτου
473 411 578 455 ἐστὶν
603 412 836 472 ὓπερὸἦναι
859 412 916 462 εἷς
940 411 1035 473 (τὸν
1052 411 1204 472 τόπον)
1227 414 1281 462 εἷς

11 486 21 535 ζ
38 482 55 542 [
74 481 109 525 Ν
116 479 196 539 ικό]
205 481 320 523 πολιν
332 515 342 525 .

0 639 3 663 ;
40 611 104 653 καὶ
127 612 375 667 στενοπορίαν
401 613 449 664 δή
480 627 566 653 τινα
588 612 777 664 τοσαύτην
809 610 909 666 ἔχει,
941 613 1040 652 ὥστε
1064 612 1129 653 καὶ
1160 612 1281 660 πύλας

0 676 17 725 ξ,
41 674 132 716 ποτὲ
151 674 189 715 ἐν
208 675 303 732 αὐτῇ
321 676 417 732 μετὰ
436 677 585 730 τείχους
601 676 967 730 ἐνοικοδομηθῆναι,
989 675 1055 716 καὶ
1072 675 1116 715 τὸ
1132 676 1277 730 χωρίον

0 746 17 788 i}
38 737 102 778 ἀπ’
127 737 250 779 αὐτῶν
275 739 601 794 ἐπονομασθῆναι.
626 739 772 778 Muros
794 738 883 778 illos
905 739 1051 793 saepius
1073 739 1184 779 haud
1203 738 1279 779 du-

34 799 102 840 bie
116 799 348 842 destructos
362 810 402 841 et
421 809 685 851 restauratOS‚
707 815 967 855 quorumque
988 800 1138 849 rudera
1156 802 1278 842 etiam

15 876 148 903 'nunc
176 863 315 904 videre
352 873 426 913 est,
454 865 508 904 ita
542 864 739 905 describit
766 864 1034 907 Willebrand
1053 865 1104 905 ab
1127 865 1278 906 Olden-

11 931 15 977 j
33 925 138 978 burg
159 926 257 966 Itin.
283 934 402 966 terrae
435 936 564 967 sanct.
597 941 664 981 ap.
692 929 823 967 Leon.
861 928 1075 981 Symmict.
1099 942 1142 982 p.
1169 928 1243 968 135
1266 942 1274 968 :

0 998 18 1043 3'
39 1004 55 1025 «
78 987 276 1028 Venimus
294 987 353 1028 ad
371 988 605 1043 portellam,
631 990 704 1029 hoc
725 998 787 1030 est
812 990 948 1030 casale
967 990 1128 1039 bonam,
1150 989 1297 1045 prope

33 1063 74 1091 se
106 1049 257 1090 habens
282 1060 465 1106 portam,
493 1066 519 1090 a
546 1066 628 1106 qua
650 1051 786 1107 ipsam
824 1051 1147 1103 cognominatur.
1176 1055 1277 1092 Hcec

4 1107 121 1159 fsola
149 1112 237 1152 sita
259 1123 320 1154 est
347 1113 388 1154 in
418 1123 557 1154 strata
582 1114 757 1170 publiea
784 1115 825 1155 in
854 1114 948 1170 ripa
981 1114 1125 1164 maris,
1158 1124 1197 1154 et
1217 1124 1278 1155 est

33 1173 318 1224 ornatissima,
347 1175 440 1215 albo
460 1185 498 1215 et
514 1176 636 1216 valde
651 1176 787 1231 polito
807 1190 1004 1216 marmore
1030 1176 1272 1231 composita,

37 1233 77 1274 in
97 1236 215 1289 cajus
231 1237 483 1286 summitate,
502 1247 547 1278 ut
559 1238 731 1287 dicitur,
759 1253 852 1278 ossa
874 1238 1103 1278 Alexandri
1123 1238 1275 1292 requie-

5 1307 168 1347 „iscanm
194 1297 271 1353 qai
288 1299 375 1340 illic
397 1314 452 1347 se,
478 1310 524 1340 ut
539 1301 699 1349 volant,
721 1301 824 1356 poni
843 1299 1076 1348 mandavit,
1101 1310 1147 1340 ut
1169 1315 1276 1352 reges

31 1359 100 1399 vel
108 1359 334 1415 princzpes‚
349 1376 428 1417 per
445 1361 560 1402 illam
574 1372 741 1418 portam
759 1372 1028 1411 transeuntes,
1045 1377 1134 1403 eum
1149 1363 1275 1402 etiam

33 1429 235 1461 mortalem
253 1436 464 1478 supersaa
479 1424 625 1484 capita
643 1419 904 1475 sustinerent,
923 1439 1038 1479 quem
1052 1424 1276 1479 aliquando

33 1482 176 1523 vivum
204 1498 328 1540 super
354 1499 396 1525 se
426 1486 732 1527 sustinuerant.
772 1489 861 1530 Hoc
896 1487 1032 1526 casale
1064 1486 1199 1527 distat
1222 1487 1274 1526 ab

32 1544 292 1586 Alexandria
323 1556 501 1601 quatuor
522 1548 657 1588 milia.
685 1550 806 1589 Nunc
825 1549 938 1588 locus
957 1557 1127 1589 vocatur
1149 1563 1276 1604 passe

31 1605 80 1647 de
108 1607 248 1647 Sakal—
258 1611 406 1657 Tatan,
444 1613 584 1665 prope}
606 1625 729 1664 quem
757 1611 906 1650 fluvius
930 1612 1014 1650 exit
1042 1611 1275 1651 Merkes-Scc

31 1669 49 1722 (
63 1670 127 1709 cui
151 1670 194 1709 in
211 1669 519 1712 mediterraneis
544 1672 702 1726 adjacet
721 1672 878 1713 Merkes
900 1672 1043 1724 vicus)
1065 1672 1126 1711 vel
1143 1675 1275 1711 Kara-

14 1733 98 1785 ¹asle,
133 1733 282 1772 Carsus
307 1735 614 1789 Xenophontis.
644 1735 709 1776 Ab
733 1734 979 1775 [scenderun
998 1733 1122 1773 distat
1151 1734 1272 1782 40-45

10 1790 14 1791 ⁷
30 1793 173 1835 stadia.
193 1796 408 1835 Consentit
422 1797 667 1836 Ptolemaeus
683 1795 975 1836 Alexandriam
992 1810 1014 1836 a
1029 1796 1132 1850 pylis
1149 1798 1274 1851 Syriis

29 1854 274 1896 duodecima
289 1855 438 1910 gradus
449 1866 564 1912 parte
579 1857 812 1912 sejungens.
830 1860 878 1898 In
899 1857 1127 1899 Stadiasmo
1139 1873 1215 1913 pro
1228 1860 1271 1899 C'

14 1917 151 1963 ,filerit
179 1918 305 1974 [μ]6’.
331 1919 456 1975 Apud
478 1921 704 1962 Arrianum
726 1923 783 1970 ΙΙ,
806 1923 846 1971 8,
873 1935 898 1962 2
931 1921 1164 1962 Alexander
1184 1922 1275 1977 πρὸς

29 1979 260 2036 Μυριάνδρῳ
275 1981 386 2021 πόλει
402 1982 742 2032 castrametatus,
765 1985 850 2034 τῆς
870 1997 888 2023 ν
898 1998 918 2022 υ
928 1999 950 2023 κ
963 1999 984 2023 τ
996 1983 1017 2023 ὸ
1029 2000 1043 2030 ς
1065 1983 1272 2024 ἀναλαὸὼν

11 2038 97 2094 -τὴν
119 2043 298 2098 στρατιὰν
315 2045 439 2084 πᾶσαν
460 2045 533 2101 ᾔει,
557 2050 608 2094 ὡς
626 2047 838 2100 κατασχεῖν
859 2042 965 2093 αὖθις
981 2046 1046 2094 τὰς
1069 2047 1202 2094 πύλας·
1223 2048 1274 2094 ὡς

18 2103 70 2149 δὲ
96 2103 192 2160 ἀμφὶ
228 2107 372 2161 μέσας
397 2107 566 2155 νύκτας
593 2107 802 2162 ἐκράτησεν
834 2104 939 2156 αὖθις
969 2114 1045 2149 τῶν
1076 2111 1270 2164 παρόδων,

31 2165 189 2208 ἀνέπαυε
225 2166 294 2219 τὴν
327 2171 520 2224 στρατιάν.
555 2172 571 2223 Η
606 2195 661 2200 --
692 2171 890 2210 στάδιοι
917 2171 1026 2225 βφ’]
1062 2181 1269 2227 corrupte.

31 2230 269 2284 Legendum
283 2231 356 2286 αρ’.
384 2246 392 2271 :
412 2283 415 2285 Α

7 2304 9 2307 »
324 2311 327 2314 .
429 2288 434 2292 ”
630 2288 761 2318 Numeri
815 2288 948 2317 Numeri

628 2329 762 2357 codicis
800 2331 959 2358 emendati

165 2362 302 2402 Paltus
326 2378 461 2418 prom.

165 2425 428 2466 Paltenorum
457 2441 553 2481 opp.
713 2429 767 2469 30
856 2429 908 2469 30
996 2433 1048 2469 60

168 2486 324 2528 Gabala
713 2490 767 2530 30
855 2490 907 2530 30
996 2494 1048 2531 60

166 2549 316 2590 fluvius
336 2551 575 2604 navigabilis
711 2555 766 2600 40
854 2555 907 2594 80
969 2556 1047 2600 140

157 2611 370 2652 Laodiceae
391 2627 528 2667 prom.
686 2628 769 2656 200
857 2629 909 2668 70
967 2628 1048 2655 210

166 2675 327 2714 Leucus
342 2684 486 2730 portus
713 2677 735 2716 3
742 2691 767 2719 0
855 2678 908 2718 30
967 2680 1048 2725 240

165 2737 343 2778 Pasieria
713 2740 767 2780 30
856 2740 908 2781 30
967 2753 1047 2793 270

35 2807 37 2809 “
164 2799 277 2840 Polia
298 2814 391 2840 acra

0 2743 3 2919 ι
166 2861 360 2901 Heraclea
691 2846 706 2871 1
717 2845 769 2873 20
832 2846 847 2871 1
856 2845 908 2873 20
968 2833 1048 2885 390

163 2922 376 2963 Posidium
688 2939 767 2966 100
828 2939 905 2966 100
964 2927 1046 2977 490

164 2984 333 3026 Sidonia
682 2988 764 3028 300
854 2989 906 3028 80
967 2986 1047 3040 570

165 3049 182 3101 (
197 3048 433 3090 Charadrus
454 3050 665 3091 mediterr.
690 3049 773 3106 60)

162 3112 303 3152 Macra
325 3113 405 3153 ins.
714 3126 764 3153 10
857 3125 907 3152 10
967 3111 1046 3153 580

165 3170 440 3230 Nymphaeum
713 3174 765 3216 50
854 3174 907 3216 50
966 3176 1047 3217 630

165 3237 343 3278 Orontes
714 3237 762 3278 15
855 3236 903 3277 15
966 3237 1043 3285 645

166 3299 182 3350 (
201 3300 422 3340 Antiochia
454 3300 597 3340 medit.
641 3303 722 3348 400
747 3300 760 3355 )

166 3360 348 3402 Seleucia
712 3366 765 3410 40
853 3365 906 3410 40
966 3363 1043 3403 685

168 3424 346 3478 Georgia
690 3427 766 3471 142
855 3428 908 3472 40
967 3425 1045 3477 725

166 3486 344 3526 Rhosius
363 3501 476 3541 scop.
681 3486 760 3526 300
850 3488 902 3526 80
962 3486 1041 3526 805

173 3548 188 3601 [
207 3548 365 3589 Rhosus
384 3550 480 3589 urbs
857 3547 939 3601 80]
967 3549 1045 3588 885

167 3611 432 3665 Myriandrus
710 3625 763 3663 90
851 3624 904 3662 90
963 3610 1042 3662 975

169 3673 417 3714 Alexandria
685 3686 763 3713 120
855 3675 908 3713 80
942 3671 1044 3712 1055

168 3736 275 3790 Pylae
685 3748 767 3776 200
855 3734 905 3782 45
943 3747 1048 3775 1100

656 3819 780 3871 2307.

47 3936 49 3938 -
88 3905 110 3955 5
132 3907 224 3945 145.
254 3903 368 3958 ‘Isph
382 3906 427 3958 ν]
454 3903 725 3943 Η1111010011111
741 3903 821 3943 1100
840 3911 947 3944 certe
963 3905 1130 3944 nomine
1150 3919 1272 3945 nemo

30 3958 248 4029 {memorab
276 3968 379 4017 Quae
406 3965 637 4023 Gailius-de
657 3980 706 4005 eo
731 3967 940 4020 opinatur,
969 3981 1051 4006 non
1080 3967 1271 4021 estquod

882 124 1279 172 sTADIASMUS
1299 127 1491 173 MARts
1528 127 1748 174 MAGNI.

2492 142 2580 180 47⁴1

1728 245 1967 286 SEQUITUR
2002 247 2207 278 ClLtctA.

1412 352 1505 399 154.
1538 355 1574 393 Α
1596 354 1730 394 Portis
1760 353 1910 394 Ciliciae
1932 368 2061 408 usque
2083 354 2135 394 ad
2159 356 2317 395 Fanum
2342 357 2473 398 stadia
2497 371 2589 401 120.

1353 419 1419 460 Ab
1441 420 1521 460 hoc
1544 419 1634 460 loco
1653 421 1879 474 transgredi
1900 422 1993 462 licet
2022 422 2304 478 [Nico]polin.

1351 612 1541 654 referam.
1569 613 1744 667 Lapieus
1774 605 1947 654 Hierum
1970 629 2065 655 cum
2085 616 2243 657 Merkes
2263 618 2368 668 vico,
2394 619 2437 659 in
2458 620 2589 661 medi-

1350 675 1546 715 terraneis
1567 688 1697 729 prope
1716 675 1833 729 Pylas
1849 676 2010 717 Cilicias
2026 677 2118 727 sito,
2141 679 2369 733 componit,
2386 694 2463 735 pro
2476 683 2584 723 στάδ.

1351 735 1408 791 ρκ’
1427 737 1562 790 legens
1588 737 1735 777 στάδιοι
1754 736 1804 787 κ’,
1829 746 1870 777 01
1900 741 1922 790 §
1952 738 2026 778 155
2047 753 2123 793 pro
2144 749 2341 795 corrupto
2362 756 2536 784 numero
2551 745 2590 800 ψ’

1349 799 1532 839 scribens
1552 797 1602 848 o',
1630 798 1734 840 adeo
1754 808 1800 839 ut
1821 801 1930 840 Issus
1966 801 2065 841 urbs
2098 801 2150 841 ad
2183 802 2430 845 hodiernum
2451 806 2587 847 vicum

1349 863 1457 914 Pyat
1480 862 1556 902 sita
1582 861 1719 902 suerit.
1758 866 1861 914 Quae
1896 862 1982 916 ipsa
2008 877 2176 917 quoque
2204 865 2321 905 nihili
2340 875 2451 908 sunt.
2483 869 2588 910 Sane

1349 923 1517 977 quidem
1554 938 1645 978 quae
1674 924 1938 982 Callisthenes
1960 933 2000 964 et
2026 926 2192 966 Curtius
2211 926 2263 967 de
2295 930 2440 983 proelio
2461 933 2586 973 Issico

1348 994 1532 1034 narrant,
1558 986 1599 1025 in
1622 984 1825 1039 ejusmodi
1849 987 2094 1027 sententiam
2119 986 2269 1029 ducere
2292 992 2463 1044 possint,
2485 1007 2587 1048 quo-

1347 1047 1459 1087 niam
1492 1047 1723 1088 Alexander
1751 1062 1774 1088 a
1804 1048 1976 1106 meridie
2007 1064 2175 1090 movens
2212 1061 2354 1093 contra
2388 1055 2583 1107 Darium,

1347 1122 1476 1164 prope
1517 1111 1713 1150 Pinarum
1751 1111 1903 1150 ssumen
1941 1120 2070 1152 castra
2110 1122 2324 1164 metatum,
2367 1126 2586 1172 postquam

1347 1172 1462 1225 Pylas
1495 1180 1747 1226 occupasset,
1790 1174 1955 1213 nonnisi
1988 1175 2041 1215 30
2063 1175 2125 1214 vel
2156 1178 2209 1223 40
2234 1176 2365 1218 stadia
2400 1178 2451 1219 ab
2470 1180 2586 1221 hoste

1347 1232 1524 1273 abfuisse
1557 1233 1734 1273 videtur.
1765 1235 1932 1274 Curtius
1967 1237 2054 1285 ΙΙΙ,
2082 1239 2105 1277 8
2144 1250 2153 1276 ε
2196 1241 2377 1279 Dareum
2409 1241 2586 1295 triginta

1349 1294 1469 1348 inde(
1482 1296 1532 1336 ab
1548 1296 1770 1351 angustiis)
1791 1296 1933 1336 stadia
1949 1298 2086 1338 abesse
2098 1300 2309 1353 proemissi
2326 1301 2581 1346 indicabant.

1352 1359 1464 1397 Tunc
1496 1357 1715 1398 consistere
1740 1372 1883 1408 agmen
1903 1358 2049 1412 jubet,
2088 1360 2293 1415 armisque
2321 1362 2407 1417 ipse
2435 1367 2585 1406 sumtis

1346 1419 1474 1459 aciem
1503 1419 1685 1460 ordinat.
1718 1420 1914 1460 Similiter
1935 1421 2199 1462 Callisthenes
2221 1422 2332 1477 apud
2366 1425 2583 1479 Polybium

1346 1482 1442 1531 XII,
1486 1496 1533 1535 19
1567 1491 1706 1522 narrat
1738 1482 2045 1534 Alexandrum,
2080 1484 2149 1524 ubi
2178 1486 2361 1539 primum
2394 1487 2446 1527 de
2472 1491 2585 1530 Darii

1346 1543 1526 1584 adventu
1548 1544 1718 1585 edoctus
1748 1544 1904 1598 suerit(
1927 1545 1970 1585 id
1995 1561 2090 1586 vero
2114 1547 2156 1586 in
2184 1548 2325 1588 castris
2341 1563 2470 1605 prope
2491 1554 2584 1607 My-

1346 1605 1561 1645 riandrum
1586 1608 1722 1646 evenit
1741 1609 1773 1660 ),
1793 1622 1843 1647 ex
1859 1609 1992 1647 nuntii
2013 1610 2213 1649 sententia
2236 1612 2399 1651 nonnisi
2419 1622 2583 1655 centum

1346 1667 1476 1707 stadia
1491 1683 1512 1707 a
1529 1669 1643 1708 Darii
1663 1670 1847 1709 exercitu
1862 1669 2053 1710 abfuisse.
2076 1672 2150 1711 His
2179 1672 2399 1713 innitentes
2418 1675 2584 1728 plurimi

1345 1730 1477 1767 Issum
1512 1730 1619 1769 circa
1652 1730 1901 1770 hodiernum
1927 1732 2055 1772 Baias
2086 1733 2148 1772 vel
2182 1734 2283 1774 Piat
2306 1746 2520 1789 quaerunt,
2545 1749 2587 1779 et

1346 1789 1574 1829 Amanidas
1589 1791 1719 1845 pylas,
1739 1806 1813 1846 per
1831 1806 1931 1845 quas
1954 1795 2103 1834 Darius
2126 1795 2178 1834 ad
2203 1797 2337 1836 Issum
2353 1806 2394 1837 et
2414 1798 2512 1839 hinc
2533 1801 2586 1840 ad

1345 1852 1541 1892 Pinarum
1562 1853 1735 1893 fluvium
1755 1853 1981 1904 descendit,
2010 1856 2052 1895 in
2086 1857 2134 1896 iis
2158 1856 2342 1898 faucibus
2380 1863 2585 1902 montanis

1346 1928 1567 1966 agnoscere
1580 1915 1658 1955 sibi
1675 1914 1882 1966 videntur,
1899 1917 2049 1971 quibus
2065 1919 2115 1958 ab
2134 1919 2234 1960 hod.
2258 1921 2385 1962 Baias
2400 1922 2452 1963 ad
2467 1924 2585 1964 Ada-

1345 1980 1569 2018 Boaroume
1605 1979 1690 2018 itur
1716 1978 1805 2033 (V.
1833 1994 1925 2033 quae
1947 1983 2149 2034 congessit
2182 1984 2350 2024 Matzell
2380 1985 2432 2025 ad
2466 1988 2583 2031 Curt.

1344 2040 1421 2088 ΙΙΙ,
1452 2053 1500 2079 12
1517 2042 1549 2093 ).
1569 2042 1624 2081 At
1641 2054 1732 2094 quae
1750 2041 2016 2081 Callisthenes
2034 2042 2158 2082 habet
2176 2042 2227 2082 de
2243 2044 2382 2084 stadiis
2402 2055 2583 2099 centum,

1347 2115 1439 2154 quae
1464 2103 1635 2142 nuntius
1668 2102 1910 2152 declaravit,
1950 2105 2082 2157 premi
2113 2119 2196 2145 non
2230 2103 2416 2160 possunt,
2457 2123 2585 2163 quum

1345 2162 1442 2202 salsa
1462 2178 1548 2203 esse
1578 2164 1668 2203 luce
1688 2164 1835 2204 clarius
1857 2165 1922 2204 sit.
1949 2165 2075 2216 Quod
2104 2175 2240 2206 autem
2271 2169 2401 2208 Curtii
2421 2171 2586 2224 triginta

1345 2225 1397 2264 ab
1417 2226 1614 2278 angustiis
1637 2225 1767 2266 stadia
1788 2227 1948 2275 attinet,
1967 2241 2013 2266 ea
2036 2241 2120 2267 non
2137 2228 2188 2267 ab
2213 2229 2309 2282 ipsis
2326 2230 2434 2284 Pylis
2459 2233 2584 2286 Syriis

1347 2286 1360 2341 (
1381 2287 1649 2327 Sahal-tutan
1669 2287 1980 2342 >computanda
2003 2296 2112 2338 sunt,
2146 2289 2217 2329 sed
2250 2290 2301 2330 ab
2329 2295 2584 2337 extremitate

1344 2351 1505 2402 angusti
1526 2358 1679 2390 tractus
1699 2351 1807 2390 inter
1830 2360 1990 2391 montes
2013 2360 2053 2392 et
2089 2367 2200 2392 mare
2231 2356 2425 2407 porrecti,
2458 2371 2582 2411 quem

1344 2426 1527 2465 egressus
1544 2411 1712 2452 demum
1733 2412 1966 2453 Alexander
1990 2413 2119 2453 aciem
2135 2415 2341 2470 explicare
2359 2419 2509 2471 potuit.
2534 2422 2582 2462 Id

1343 2474 1452 2513 enim
1474 2482 1513 2514 et
1527 2488 1577 2513 ex
1601 2474 1698 2527 ipsis
1726 2475 1859 2515 Curtii
1875 2475 2010 2515 verbis
2032 2475 2166 2515 elicias
2182 2507 2192 2526 ,
2229 2486 2269 2517 et
2291 2478 2483 2520 disertius
2511 2482 2581 2523 de-

1344 2536 1470 2576 clarat
1488 2535 1752 2576 Callisthenes
1774 2536 1802 2577 l.
1835 2537 1861 2576 l.
1886 2551 1954 2586 20,
1980 2537 2051 2576 ubi
2076 2551 2084 2577 :
2118 2537 2227 2578 Μετὰ
2254 2538 2441 2594 δὲ-ταῦτά
2465 2542 2478 2597 (
2496 2544 2523 2584 1.
2542 2560 2578 2585 e.

1346 2597 1441 2653 μετὰ
1465 2597 1508 2638 τὸ
1533 2597 1584 2645 εἰς
1599 2597 1665 2645 τὰς
1696 2597 1926 2653 εὐρυχωρίας
1944 2599 2116 2640 ἐκπεσεῖν
2135 2602 2150 2652 )
2171 2615 2261 2654 φησι
2287 2616 2484 2655 μετωπη
2500 2605 2550 2645 δὲ)
2563 2622 2581 2646 ν

1345 2659 1452 2714 ἄγειν
1485 2658 1555 2710 τὴν
1576 2660 1737 2714 δύναμιν
1766 2660 1962 2714 ἀπέχοντα
1990 2666 2065 2700 τῶν
2090 2661 2287 2716 πολεμίων
2309 2663 2397 2718 περὶ
2421 2679 2582 2706 τεττα-

1345 2738 1364 2776 ρ
1379 2723 1461 2763 άκο
1473 2737 1491 2762 ν
1504 2737 1560 2762 τα
1576 2722 1764 2770 σταδίους.
1787 2725 1917 2763 Porro
1936 2731 1980 2762 ut
1998 2724 2103 2764 acies
2119 2738 2167 2763 eo
2182 2724 2309 2765 modo
2320 2756 2331 2775 ,
2350 2740 2434 2779 quo
2454 2727 2582 2769 histo·

1347 2786 1419 2825 rici
1460 2793 1645 2835 narrant,
1684 2785 1878 2839 explicari
1918 2793 2079 2839 posset,
2115 2800 2284 2840 campus
2318 2788 2452 2842 proelii
2489 2792 2583 2831 satis

1344 2846 1463 2899 longe
1486 2860 1509 2886 a
1544 2846 1653 2900 Pylis
1687 2846 1814 2900 Syriis
1839 2846 1979 2899 abesse
2002 2845 2178 2887 debebat
2209 2848 2258 2887 iis
2291 2848 2334 2887 in
2367 2848 2486 2899 10015,
2513 2851 2582 2892 ubi

1343 2909 1480 2963 paullo
1503 2909 1630 2962 magis
1656 2908 1708 2948 ab
1738 2922 1810 2948 ora
1825 2907 1971 2962 jugum
1998 2917 2243 2950 montanum
2269 2910 2437 2951 recedit.
2468 2914 2584 2954 Calli-

1346 2971 1533 3011 sthenem
1555 2985 1655 3010 vero
1678 2970 1866 3010 locorum
1885 2970 2163 3011 dimensiones
2182 2972 2406 3012 absurdum
2431 2975 2472 3013 in
2493 2990 2581 3016 mo·

1345 3033 1447 3074 dum
1476 3034 1727 3074 contraxisse
1760 3033 1848 3073 fuse
1877 3033 1997 3074 docet
2031 3034 2252 3088 Polybius,
2271 3033 2398 3087 judex
2434 3036 2580 3077 harum

1344 3111 1483 3136 rerum
1506 3097 1791 3151 peritissimus·
1816 3096 1910 3135 Huc
1936 3095 2092 3135 accedit
2126 3094 2237 3149 quod
2255 3109 2345 3148 quae
2363 3095 2414 3136 de
2432 3099 2580 3139 Pinaro

1343 3159 1470 3199 fluvio
1496 3160 1603 3199 inter
1640 3159 1834 3212 abruptas
1866 3158 1975 3211 ripas
2000 3156 2142 3211 rapide
2182 3156 2387 3197 defluente
2412 3159 2581 3202 tradunt

1342 3220 1566 3262 Alexandri
1604 3234 1742 3261 rerum
1775 3219 2007 3273 scriptores,
2040 3219 2246 3272 aptissime
2272 3218 2506 3260 referuntur
2527 3222 2580 3263 ad

1342 3284 1592 3324 hodiernum
1617 3282 1711 3322 Deli
1739 3280 1868 3322 Tclzai
1894 3282 1910 3334 (
1931 3282 2038 3320 inter
2070 3279 2192 3334 hujus
2212 3289 2364 3321 tractus
2393 3283 2580 3324 fluviolos

1345 3361 1474 3387 unum
1506 3346 1769 3398 insigniorem
1794 3343 1826 3399 ),
1853 3344 1912 3383 uti
1936 3351 2166 3383 statuerunt
2189 3344 2397 3383 novissimi
2430 3343 2578 3386 harum

1343 3411 1558 3463 regionum
1594 3407 1897 3461 exploratores,
1933 3405 2168 3445 Ainsworth
2193 3414 2233 3445 et
2267 3406 2469 3461 Chesney,
2505 3423 2582 3449 1100

1343 3473 1490 3512 nonin
1520 3470 1676 3524 mappis
1708 3469 1790 3507 suis
1822 3468 2058 3522 Kiepertus.
2092 3469 2201 3507 Issus
2233 3475 2370 3508 autem
2398 3483 2422 3510 a
2454 3469 2580 3512 borea

1343 3543 1430 3575 erat
1445 3534 1581 3574 Pinari
1596 3532 1730 3580 (luvii3
1752 3539 1791 3570 et
1810 3528 2033 3571 Amanides
2048 3529 2165 3584 pylae,
2183 3544 2257 3584 per
2265 3545 2365 3584 quas
2379 3531 2431 3571 ad
2447 3534 2579 3573 Issum

1342 3597 1493 3636 Darius
1512 3594 1696 3642 devenit,
1715 3592 1766 3632 ad
1789 3606 1884 3631 eum
1904 3591 2112 3646 pertinent
2127 3592 2277 3632 Amani
2294 3594 2447 3633 montis
2471 3603 2579 3634 tran-

1342 3660 1464 3698 situm
1495 3658 1565 3711 qui
1590 3672 1613 3696 a
1632 3654 1744 3695 Deli·
1754 3653 1882 3695 Tclmi
1905 3662 1965 3694 est
1985 3654 2155 3694 boream
2188 3663 2228 3694 et
2258 3655 2457 3696 orientem
2489 3671 2577 3695 ver·

1343 3734 1426 3760 sus.
1463 3721 1560 3759 Haec
1584 3717 1665 3757 sere
1695 3714 1989 3770 praemonenda
2017 3724 2133 3756 erant
2169 3724 2387 3770 antequam
2415 3716 2467 3756 ad
2503 3732 2577 3756 no-

1342 3790 1472 3822 strum
1497 3781 1631 3820 locum
1652 3777 1954 3818 accederemus.
1978 3802 2035 3808 —-
2053 3777 2191 3818 Stadia
2212 3792 2302 3826 120,
2328 3790 2418 3830 quae
2434 3778 2577 3832 aPylis

1343 3844 1493 3884 Ciliciae
1513 3840 1764 3882 Stadiasmus
1780 3854 1910 3894 usque
1922 3839 1971 3880 ad
1989 3840 2160 3879 Hierum
2178 3847 2400 3892 computat,
2420 3838 2577 3879 ducunt

1343 3905 1396 3946 ad
1418 3906 1520 3945 ostia
1549 3902 1797 3944 Deli-Toleni
1825 3903 1908 3942 sive
1931 3902 2067 3942 Pinari
2090 3902 2218 3941 ssuvii.
2244 3900 2440 3941 Proclivis
2454 3901 2579 3954 igitur

1343 3966 1576 4021 conjectura
1602 3974 1662 4006 cst
1691 3963 1808 4019 Ἱερὸν
1830 3963 1940 4005 1511111
1963 3964 2168 4018 pertinere
2195 3977 2247 4003 au
2275 3977 2372 4003 aras
2392 3962 2578 4003 Alexan-
