2756 4354
1150 125 1232 170 DE
1254 124 1601 173 LOmCIBUs.

105 250 208 294 pag.
238 236 312 289 28,
342 249 416 277 20.
441 231 609 275 Primae
640 227 818 288 paginae
848 226 948 270 duae
979 226 1113 270 lineae
1139 226 1337 284 priores,

105 324 245 369 quum
267 309 315 353 in
338 308 444 351 Par.
470 318 616 348 exesae
635 302 729 346 fere
752 311 918 355 essent,
946 300 994 344 in
1019 301 1122 344 cod.
1147 299 1278 344 Rom.
1299 308 1343 342 et

105 384 285 431 Monac.
333 380 621 425 omittuntur.
663 376 847 421 Titulus
894 374 974 418 fini
1017 372 1128 418 libri
1168 374 1342 434 prioris

107 454 414 504 subscribitur
453 454 502 496 111
544 450 695 515 Paris.
741 460 786 494 et
821 449 921 494 Pal.
953 458 998 493 et
1034 447 1343 508 probabiliter

105 535 234 579 etiam
264 531 313 575 in
330 530 619 575 Monacense.
641 527 843 571 Omnino
875 526 999 571 tituli
1030 525 1264 570 librorum
1291 524 1342 568 in

103 609 207 654 Par.
227 623 321 652 non
344 606 663 667 praefiguntur,
688 603 766 649 sed
790 602 847 648 ad
868 603 1037 647 calcem
1058 611 1298 655 notantur3
1318 615 1345 644 a

103 699 195 742 quo
215 697 342 726 more
358 680 530 726 recedit
546 688 703 724 auctor
723 678 773 723 in
798 693 892 723 uno
908 677 1111 737 Scylacis
1132 676 1315 737 periplo
1328 709 1340 731 ,

103 758 183 817 qui
204 773 298 801 non
322 755 634 815 subscriptum
655 753 808 807 modo,
837 752 915 797 sed
946 752 1083 797 etiam
1103 751 1342 812 praefixum

103 832 270 877 idonea
289 831 344 875 de
368 845 503 875 causa
529 828 606 889 (V.
635 830 662 888 S
689 828 769 888 15)
796 827 980 871 titulum
1000 826 1154 871 habet.
1182 825 1344 873 Minus

104 909 154 952 in
189 908 263 953 his
307 906 398 952 sibi
440 915 650 950 constant
700 904 932 950 Romanus
973 914 1016 948 et
1055 891 1345 947 Monacensis

7 990 10 991 ’
103 982 301 1029 codices.

171 1077 240 1122 12.
255 1058 472 1120 Sequitur
491 1055 596 1103 inde
614 1072 638 1102 a
655 1071 758 1118 pag.
777 1072 837 1115 29
854 1055 1080 1103 Marciani
1099 1054 1154 1100 de
1175 1070 1345 1100 oceano

101 1134 223 1180 'liber
247 1135 480 1195 posterior
505 1148 648 1193 usque
676 1133 734 1176 ad
767 1133 901 1177 finem
927 1132 1106 1191 paginae
1128 1131 1186 1182 48
1206 1130 1267 1188 (i.
1301 1145 1343 1175 e.

104 1210 284 1271 paginae
312 1210 486 1254 ultimae
524 1208 844 1267 quaternionis
872 1204 954 1264 ε’),
991 1204 1072 1249 ubi
1106 1205 1155 1248 in
1197 1204 1348 1248 media

107 1287 311 1330 oratione
334 1285 645 1344 abrumpitur,
674 1297 818 1341 quum
845 1281 1086 1340 quaternio
1108 1279 1148 1331 ς’
1165 1281 1346 1325 excide-

106 1362 183 1408 rit.
205 1361 384 1405 Desinit
403 1375 508 1420 pars
535 1368 764 1419 superstes
790 1358 839 1401 in
856 1356 1000 1402 verba
1015 1360 1084 1401 τοῧ
1111 1357 1273 1402 δυτικοῧ
1297 1357 1347 1401 111

104 1436 250 1481 Paris.
272 1445 316 1479 et
337 1434 470 1478 Rom.
500 1432 563 1496 (f.
593 1449 679 1488 207
707 1433 789 1491 v.)
816 1442 860 1476 et
874 1432 1052 1476 Monac.
1083 1430 1096 1494 (
1118 1432 1149 1477 f.
1172 1449 1230 1491 29
1248 1449 1286 1476 r.
1303 1432 1344 1493 );

83 1502 365 1570 'apographa
386 1509 570 1553 disertis
586 1508 722 1552 etiam
748 1506 907 1551 verbis
922 1541 934 1562 ‚
961 1505 1106 1552 Λείπει
1130 1505 1254 1568 μέχρι
1276 1511 1346 1551 τοῦ

103 1583 263 1640 τέλους,
293 1585 501 1629 lacunam
540 1583 773 1638 indicant,
801 1592 938 1642 atque
979 1581 1234 1626 Romanum
1262 1583 1349 1627 tria

106 1659 217 1706 folia
253 1661 559 1721 (208-2101,
592 1659 868 1705 Monacense
905 1659 1016 1703 folia
1052 1668 1269 1718 quattuor
1305 1669 1348 1703 et

106 1737 348 1783 dimidium
372 1738 386 1798 (
407 1754 465 1795 29
489 1753 573 1782 vso
597 1747 642 1782 et
677 1737 832 1790 30-33
861 1737 873 1795 )
898 1735 1069 1780 habent
1087 1752 1246 1780 vacua.

174 1814 541 1883 133Deperditus
573 1813 815 1874 quaternio
838 1811 877 1865 ς’
904 1822 1069 1872 praeter
1103 1813 1238 1857 finem
1276 1818 1348 1857 sed-

108 1889 243 1934 cundi
269 1889 325 1934 de
348 1905 518 1934 oceano
554 1888 667 1933 libri
693 1889 924 1933 continuit
954 1888 1188 1948 Menippei
1223 1888 1349 1947 peri·

109 1964 177 2025 pli
191 1964 669 2009 aMarcianobreviati
682 1963 960 2021 indiculum7
976 1963 1106 2023 cujus
1122 1973 1351 2023 postrema

107 2040 322 2098 leguntur
337 2040 472 2084 initio
490 2040 810 2100 quaternionis
833 2038 865 2091 ζ’
884 2056 928 2099 p.
948 2025 1020 2098 [19.
1036 2038 1194 2083 Prima
1210 2038 1350 2083 verba

109 2125 214 2159 sunt
243 2132 253 2159 :
275 2114 328 2160 πὸ
351 2118 526 2174 καννῶν,
551 2116 669 2161 sicut
686 2116 734 2159 in
760 2115 954 2161 Roman.
979 2116 1084 2173 (fol.
1109 2132 1159 2158 21
1176 2132 1192 2158 1
1218 2132 1251 2158 r.
1276 2117 1351 2174 )et

107 2190 286 2236 Monac.
319 2182 430 2250 (fol.
453 2191 510 2235 58
536 2207 570 2235 r.
594 2201 638 2235 et
662 2191 718 2246 67
748 2204 786 2235 r.
808 2191 838 2249 ).
862 2190 973 2234 Post
1002 2191 1202 2250 capitum
1232 2190 1352 2235 indi-

111 2280 206 2309 cem
235 2265 474 2310 Parisinus
511 2282 521 2308 :

111 2333 154 2385 εἶ
174 2340 387 2402 πράττειν,
414 2357 515 2399 quae
537 2341 753 2396 omittunt
774 2340 908 2385 Rom.
942 2350 986 2383 et
1014 2340 1190 2383 Monac.
1215 2341 1353 2384 Dein-

111 2415 166 2458 de
185 2414 332 2474 ipsius
367 2415 522 2472 operis
548 2412 852 2469 fragmentum
891 2411 1099 2470 sequitur
1129 2426 1276 2469 usque
1296 2413 1352 2456 ad

111 2489 290 2549 paginae
325 2489 382 2531 60
418 2486 613 2530 mediam
644 2487 814 2530 lineam
846 2503 925 2544 22,
965 2485 1046 2529 ubi
1075 2485 1244 2529 desinit
1268 2487 1349 2529 in:

565 2264 807 2324 Μαρκιανὸς
836 2267 892 2326 τῷ
919 2263 1068 2326 ἑταίρῳ
1098 2263 1351 2326 Ἀμεριθαλίῳ

110 2566 181 2611 καὶ
203 2564 389 2623 ποταμὸν
415 2563 617 2610 Χαδέσιον
654 2565 775 2608 σταδ.
806 2563 881 2623 ρν’.
910 2563 1229 2623 Subscripturn
1258 2580 1352 2608 ma-

111 2659 174 2688 nu
202 2642 329 2702 ejus,
357 2641 438 2699 qui
476 2640 679 2684 codicem
716 2640 928 2683 exaravit
955 2656 963 2682 :
1000 2638 1132 2693 Λείπη
1177 2639 1354 2699 (Asina

115 2720 242 2765 Rom.
278 2729 322 2764 et
352 2719 531 2765 Monac.
558 2720 601 2778 );
639 2720 802 2763 ultima
835 2717 1014 2778 paginae
1049 2733 1157 2777 pars
1194 2733 1353 2777 vacua,

114 2801 221 2845 item
256 2815 450 2859 sequens
485 2800 654 2859 pagina
689 2801 743 2842 61
783 2799 978 2856 integra,
1025 2814 1161 2858 quam
1201 2809 1356 2859 postea

115 2877 334 2937 graeculus
352 2876 600 2936 neograecis
618 2876 896 2937 quibus1.!am
916 2875 1196 2935 inquinavit.
1213 2875 1267 2921 In
1284 2875 1356 2920 his

109 2954 257 3015 'igitur
279 2969 467 2998 mancus
491 2963 586 2997 erat
624 2953 702 2997 ille
737 2954 836 3013 ipse
862 2953 1001 3009 liber,
1040 2967 1173 3011 quem
1204 2950 1356 2996 scriba

119 3028 290 3073 codicis
325 3028 530 3073 Parisini
570 3027 629 3072 ob
672 3029 832 3073 oculos
874 3026 1086 3073 habebat.
1119 3027 1355 3071 Palatinus

118 3120 252 3148 unam
291 3105 398 3149 item
433 3105 648 3165 paginam
684 3105 922 3165 explendae
959 3105 1135 3148 lacunae
1168 3103 1357 3162 reliquit

120 3180 134 3238 (
152 3179 226 3224 fol.
248 3181 334 3224 216
353 3180 386 3223 R
412 3179 442 3241 ).
462 3180 608 3227 Multo
633 3192 782 3225 tamen
799 3181 1036 3239 angustius
1054 3179 1141 3224 hoc
1159 3180 1356 3239 spatium

122 3270 254 3312 quam
299 3260 423 3314 quod
472 3255 721 3316 deperditae
774 3256 929 3316 operis
973 3255 1095 3315 parti
1150 3255 1358 3299 sufficere

123 3339 288 3386 posset.
316 3322 521 3375 Sensisse
551 3331 598 3375 id
627 3331 967 3390 quodammodo
1001 3330 1185 3374 videtur
1205 3329 1359 3374 scriba

126 3403 236 3448 libri
265 3405 582 3466 Monacensis,
615 3408 696 3467 qui
732 3408 820 3451 tria
858 3407 969 3451 folia
1001 3407 1177 3467 (63-65)
1216 3422 1360 3451 vacua

127 3478 277 3524 habet.
315 3482 539 3528 Praeterea
573 3484 826 3529 notandum
866 3484 918 3528 in
940 3483 1119 3528 Monac.
1149 3483 1238 3527 duo
1263 3499 1360 3528 esse

127 3554 267 3614 hujus
303 3556 542 3615 fragmenti
583 3561 848 3622 apographa
885 3576 980 3605 non
1016 3561 1172 3605 eadem
1211 3571 1360 3605 tamen

131 3647 269 3676 manu
307 3634 492 3694 scripta,
529 3647 572 3680 et
598 3635 872 3699 interposito
907 3638 964 3682 de
996 3637 1283 3698 ponderibus
1319 3647 1363 3681 et

131 3708 359 3752 mensuris
382 3708 541 3754 libello
561 3711 779 3771 sejuncta.
804 3708 990 3758 Titulus
1006 3713 1155 3757 nostri
1180 3715 1358 3773 operis,

131 3783 187 3827 ad
211 3783 378 3827 calcem
406 3784 456 3827 in
483 3784 661 3843 integro
679 3787 803 3833 libro
823 3789 1129 3849 subscriptus,
1151 3803 1206 3832 ex
1230 3803 1363 3846 argu-

131 3868 281 3903 mento
317 3859 461 3918 partis
493 3862 750 3919 superstitis
778 3864 1007 3908 eruendus
1035 3874 1145 3910 erat.
1184 3863 1284 3916 Qua
1314 3864 1363 3907 in

131 3949 178 3977 re
200 3934 394 3994 turpiter
431 3935 584 3995 lapsus
610 3946 676 3980 est
700 3936 1002 3999 Hoeschelius‚
1027 3940 1106 3998 qui
1132 3939 1359 3998 fragmen-

2539 161 2631 193 x111

1408 236 1501 270 tum
1544 225 1681 270 nobis
1726 238 1954 273 servatum
2002 232 2237 290 inscripsit
2275 253 2283 279 :
2313 240 2524 300 Τεμάχιον
2562 250 2634 300 τῆς

1409 302 1609 360 ἐπιτομῆς
1632 304 1710 346 τῶν
1730 301 1785 346 ια’
1816 303 1984 363 βιὸλίων
2007 306 2299 370 Ἀρτεμιδώρου
2323 317 2391 357 τοῦ
2423 314 2631 376 Ἐφεσίου,

1479 378 1551 422 1711.
1599 375 1816 435 Sequitur
1855 393 1901 436 p.
1940 380 1997 422 62
2045 397 2054 422 ε
2109 380 2292 441 Ἑτέρα
2347 393 2633 453 συγγραφή.

1411 448 1626 500 Σκύλακος
1676 451 1948 511 Καρυανδέως
2001 452 2221 514 περίπλους
2280 460 2352 512 τῆς
2404 462 2639 520 οἰκουμένης

1413 524 1552 583 (Haec
1576 526 1792 570 omittunt
1820 527 1948 573 Rom.
1970 527 2002 573 f.
2031 530 2118 571 216
2144 529 2240 574 Ret
2268 531 2444 577 Monac.
2477 536 2508 581 f.
2534 539 2588 590 34
2607 542 2638 598 ).

1410 597 1586 643 Deinde
1607 599 1747 645 habes
1765 600 1822 645 de
1845 601 2030 661 Scylace
2053 603 2260 648 scholion
2289 622 2298 648 :
2321 606 2485 660 Σκύλαξ
2505 612 2525 653 ὁ
2548 613 2639 656 Κα-

1416 673 1607 734 ρυανδεὺς
1627 674 1901 736 ἀρχαιότατος
1926 676 1999 734 μέν
2027 680 2112 722 ἐστι
2136 682 2250 738 κτλ..)
2279 691 2371 726 tum
2390 682 2641 730 indiculum

1415 752 1672 809 argumenti
1695 766 1705 797 τ
1733 750 1965 813 Περίπλους
1993 756 2064 807 τῆς
2083 755 2291 812 θαλάσσης
2314 761 2385 811 τῆς
2409 759 2646 819 οἰκουμένης

1411 829 1522 884 κτλ.,
1546 838 1591 872 et
1612 828 1721 873 inde
1751 844 1776 872 a
1795 845 1839 889 p.
1866 830 1944 885 63,
1976 829 2000 873 5
2026 830 2175 890 ipsum
2208 834 2437 893 periplum
2481 836 2553 897 (p.
2587 853 2641 895 91

1412 913 1456 948 et
1497 907 1556 949 92
1578 903 1774 948 lacerato
1803 903 1914 948 folio
1944 903 2204 965 mutilum),
2241 908 2313 950 cui
2337 907 2647 967 subjiciuntur

1413 978 1504 1023 duo
1530 979 1672 1023 maris
1689 978 1826 1037 AEgaei
1844 978 2138 1041 διαφράγματα
2152 981 2372 1038 etviginti
2396 982 2647 1029 insularum

1414 1054 1718 1099 maximarum
1744 1054 1991 1111 laterculus
2012 1064 2056 1098 et
2085 1055 2244 1099 titulus
2264 1055 2400 1115 hujus
2424 1059 2575 1117 operis
2599 1075 2650 1104 ac

1415 1131 1464 1174 in
1489 1131 1644 1175 eadem
1681 1130 1804 1174 linea
1826 1131 1942 1174 alius
1969 1131 2122 1191 operis
2147 1131 2406 1192 inscriptio,
2434 1149 2535 1193 quae
2559 1151 2649 1194 quo

1416 1207 1653 1251 referenda
1685 1207 1745 1251 sit
1782 1207 2016 1267 quaeritur.
2049 1206 2273 1252 Nimirum
2304 1220 2541 1269 postremae
2561 1221 2650 1257 tres

1414 1282 1547 1326 lineae
1571 1299 1617 1342 p.
1643 1298 1748 1339 107,
1771 1299 1825 1326 10
1846 1282 1914 1326 hae
1940 1293 2077 1327 sunt:

1414 1375 1445 1430 3'1
1453 1393 1575 1442 μὸρος,
1588 1395 1738 1438 εἷκοστή
1757 1393 1878 1437 Θάσος
1911 1407 1959 1429 zo,
1983 1394 2167 1437 Σκύλακος
2184 1397 2307 1443 Καρυ-

1416 1454 1552 1498 ανδέως
1572 1454 1769 1503 περίπλους
1784 1459 1847 1501 τῆς
1867 1457 2104 1504 οἰκουμένης·
2126 1469 2174 1491 ee>
2193 1457 2296 1501 Ἀθη-

1414 1517 1518 1555 ναίου
1537 1518 1680 1555 πόλεων
1700 1518 1925 1567 σκώμματα·
1942 1520 2004 1556 καὶ
2023 1519 2101 1556 ὁδοί
2116 1530 2124 1539 ·
2146 1520 2208 1556 καὶ
2228 1519 2433 1568 περίπλους.

1417 1601 1584 1646 Eadem
1620 1604 1775 1646 omnia
1796 1603 2030 1648 Palatinus
2053 1602 2247 1662 praebet,
2275 1604 2364 1648 nisi
2389 1603 2511 1663 quod
2552 1604 2650 1647 folii

1417 1677 1653 1721 dilacerati
1680 1678 1876 1738 primam
1898 1688 2071 1723 tantum
2108 1678 2349 1738 paginam,
2387 1680 2552 1723 notatis
2588 1679 2650 1722 la-

1418 1770 1635 1799 cunarum
1668 1755 1855 1814 spatii‘s,
1889 1751 2086 1807 exhibet,
2115 1755 2300 1799 alterius
2329 1770 2442 1799 vero
2475 1756 2652 1815 paginae

1415 1836 1618 1888 pannum
1647 1830 1827 1875 omittit.
1850 1829 1904 1874 In
1928 1830 2190 1874 Monacensi
2210 1829 2333 1874 libro
2355 1829 2556 1889 Scylacis
2574 1845 2652 1890 pe-

1419 1906 1565 1965 riplus
1586 1906 1774 1951 mutilus
1797 1905 1956 1965 paucis
1977 1905 2112 1949 lineis
2136 1915 2237 1949 ante
2262 1905 2421 1949 folium
2442 1905 2654 1949 dilacera·

1418 1990 1512 2024 tum
1551 1981 1600 2025 in
1635 1980 1779 2025 verbo
1825 1979 2059 2042 Μυρίανδος
2100 1982 2154 2040 (ξ
2196 1997 2280 2024 102
2326 1997 2372 2040 p.
2412 1998 2466 2036 77
2487 1981 2499 2039 )
2544 1980 2652 2024 sub-

1418 2055 1552 2103 sistit.

1487 2132 1559 2177 15.
1586 2131 1793 2177 Primum
1820 2131 1961 2190 igitur
1986 2130 2115 2176 vides
2134 2131 2311 2176 titulum
2332 2146 2425 2175 non
2442 2130 2578 2175 modo
2597 2130 2653 2174 ad

1419 2207 1584 2251 calcem
1623 2208 1776 2267 operis
1813 2207 1892 2266 sed
1928 2207 1977 2251 in
2013 2207 2159 2250 fronte
2187 2221 2370 2265 quoque
2400 2205 2579 2260 notari3
2605 2205 2653 2249 id

1417 2297 1527 2325 vero
1568 2291 1810 2341 propterea
1854 2281 2019 2325 Noster
2060 2281 2184 2333 fecit,
2222 2280 2344 2339 quod
2387 2279 2653 2324 antecedens

1419 2371 1535 2412 opus
1576 2356 1666 2397 fine
1697 2370 1856 2397 carens
1891 2355 2024 2397 etiam
2059 2354 2400 2411 subscriptione
2441 2352 2649 2407 carebat,

1421 2427 1623 2486 adeoque
1646 2426 1900 2486 periculum
1923 2435 2035 2479 erat,
2062 2441 2118 2469 ne
2134 2425 2221 2468 hoc
2253 2440 2435 2484 quoque
2451 2425 2653 2484 Scylacis

1420 2519 1517 2548 esse
1532 2513 1784 2563 putaretur,
1801 2503 1891 2546 nisi
1908 2501 2058 2546 verbis
2073 2500 2221 2561 Ἑτέρα
2238 2499 2470 2560 συγγραφή.
2488 2500 2651 2546 Σκύλα-

1420 2595 1488 2628 κος
1519 2578 1610 2622 κτλ.
1645 2576 2028 2636 praescinderetur
2069 2574 2311 2620 dubitatio.
2348 2574 2460 2628 Quae
2490 2574 2654 2619 deinde

1421 2652 1477 2697 de
1508 2652 1695 2712 Scylace
1719 2653 1945 2712 scriptore
1965 2652 2126 2696 notitia
2146 2651 2456 2712 praemittitur,
2479 2666 2574 2695 eam
2596 2651 2652 2695 ab

1422 2727 1762 2787 antiquioribus
1775 2727 1909 2771 libris
1920 2726 2118 2772 abfuisse
2134 2726 2358 2786 suspicor.
2371 2725 2500 2770 Certe
2514 2741 2652 2785 quum

1423 2803 1650 2862 ejusmodi
1671 2802 1843 2847 scholia
1866 2802 1921 2846 de
1940 2802 2130 2861 reliquis
2158 2800 2430 2846 auctoribus
2458 2816 2551 2845 non
2571 2816 2653 2844 ex—

1424 2888 1559 2935 stent,
1575 2877 1797 2938 proclivis
1815 2875 2077 2936 conjectura
2090 2886 2156 2921 est
2175 2886 2331 2921 nostro
2345 2875 2445 2920 loco
2456 2875 2653 2920 chartam

1424 2954 1473 2998 in
1496 2952 1633 2997 libris
1652 2967 1841 2996 vacuam
1856 2988 1868 3011 ,
1894 2966 1994 3011 quae
2013 2950 2293 3011 supplendae,
2313 2950 2352 2995 si
2376 2966 2474 2994 sors
2493 2949 2650 3004 ferret,

1423 3028 1670 3073 Marcianei
1689 3027 1841 3087 operis
1860 3027 1979 3087 parti
1996 3036 2235 3086 postremae
2259 3025 2516 3080 inserviret,
2540 3025 2662 3068 invi--

1424 3115 1541 3151 tasse
1558 3104 1755 3163 aliquem
1775 3113 1825 3148 ut
1838 3102 2087 3162 deScylace
2106 3101 2326 3161 quaedam,
2339 3116 2499 3159 paru-m
2524 3099 2657 3143 docta

1424 3182 1528 3240 illa,
1554 3190 1802 3225 annotaret.
1908 3177 1910 3179 ’

1493 3257 1562 3302 16.
1583 3256 1714 3309 Quod
1732 3255 1892 3300 attinet
1908 3254 2087 3298 titulum
2109 3251 2319 3306 Ἀθηναίου
2339 3251 2495 3295 πόλεων
2516 3248 2661 3308 σκώμ-

1426 3316 1559 3389 ματα,
1591 3331 1705 3375 nihil
1738 3329 1955 3390 praecedit
1996 3328 2062 3372 vel
2101 3327 2311 3388 proxime
2354 3326 2561 3386 sequitur
2600 3325 2656 3368 ad

1426 3406 1549 3466 quod
1581 3406 1743 3450 referri
1784 3404 1946 3464 possit.
1984 3403 2140 3462 Itaque
2180 3402 2383 3446 Athenaei
2421 3399 2656 3459 cujusdam

1426 3481 1498 3525 vel
1517 3480 1745 3538 Anonymi
1776 3478 2067 3522 Atheniensis
2090 3478 2309 3538 scriptum
2342 3474 2529 3534 aliquod
2547 3474 2592 3519 h.
2621 3474 2653 3518 1.

1428 3557 1639 3601 omisisse
1655 3555 1888 3613 solamque
1906 3554 2060 3614 operis
2076 3552 2424 3612 inscriptionem
2441 3550 2510 3594 vel
2532 3564 2657 3606 argu-

1430 3644 1630 3679 mentum
1650 3632 1954 3690 incogitanter
1975 3630 2022 3674 h.
2048 3630 2080 3676 1.
2110 3629 2317 3690 posuisse
2337 3627 2489 3672 scriba
2508 3626 2656 3670 videri

1430 3710 1579 3756 debet.
1611 3709 1711 3756 Jam
1738 3723 1848 3753 vero
1873 3723 2012 3768 quum
2051 3722 2158 3750 mox
2184 3706 2379 3750 duorum
2425 3713 2658 3747 auctorum

1430 3788 1682 3844 fragmenta
1704 3783 1884 3845 poetica
1906 3793 1948 3827 et
1964 3782 2174 3843 prosaria
2195 3782 2346 3840 inepte
2366 3779 2658 3829 misceantur,

1432 3854 1623 3906 alterum
1654 3874 1815 3905 verum
1846 3874 1995 3920 prosae
2025 3856 2245 3902 orationis
2270 3855 2566 3912 fragmentum
2586 3849 2658 3908 (in

1434 3954 1525 3999 quo
1563 3938 1750 3983 ssoeotiae
1786 3938 1922 3981 urbes
1946 3946 1994 3980 ut
2027 3933 2274 3995 plurimum
2300 3929 2430 3974 salsis
2452 3925 2662 3972 dicteriis,
