2782 4348
101 158 193 218 (⁴⁸·)

0 300 3 310 ,
27 270 93 307 tot.
162 274 217 304 66.
249 258 349 305 εὈτι
371 258 462 310 τοὺς
485 260 565 302 τῶν
601 255 824 318 ἀνθρώπων
846 255 1177 318 διαφορωτάτους
1215 257 1328 318 βίους

0 324 5 334 “
99 328 144 372 οὗ
167 326 292 379 πολὺς
316 327 527 387 διαμετρεῒ
547 324 619 370 καὶ
649 324 811 386 διορίζει
845 324 982 375 τόπος.
1051 324 1130 370 'Ex
1152 323 1232 387 γὰρ
1255 330 1328 382 τῆς

100 396 334 448 Μαιώτιδος
354 395 500 454 λίμνης
519 392 663 438 πολλοὶ
682 396 762 437 τῶν
788 391 1084 454 φορτιζομένων
1114 396 1154 439 ἐν
1175 412 1327 455 φορτη-

0 482 7 528 [
97 468 181 525 γοῖς
198 466 358 515 ἀκάτοις
377 462 585 521 δεκαταῖοι
603 465 786 523 κατῆραν
811 463 867 513 εἷς
888 460 954 506 τὸν
968 460 1142 507 Ῥοδίων
1160 461 1325 521 λιμένα,

0 532 7 570 Ϊ
61 553 79 579 5
99 536 168 592 ἀφ’
189 527 245 579 ὧν
264 531 342 577 ὑπὸ
361 531 430 575 τὸν
450 529 572 574 αὐτὸν
591 529 731 592 καιρὸν
764 533 1000 616 τεταρταῖοι
1035 529 1110 590 μὲν
1134 530 1328 591 ἀφίκοντο

96 605 151 654 εἷς
179 602 253 656 τὴν
277 599 641 661 Ἀλεξάνδρειαν,’
624 618 669 644 εκ
701 599 743 644 δὲ
773 598 925 654 ταύτης
957 599 1130 661 ἐναντίῳ
1154 602 1212 662 τῷ
1233 599 1327 663 ῥεύ-

97 689 199 730 ματι
216 668 408 721 πλέοντες
433 667 511 713 ἀνὰ
531 668 597 712 τὸν
621 686 808 726 ποταμον
835 669 876 713 ἐν
903 668 1047 719 ἄλλαις
1067 669 1168 713 δέκα
1191 687 1328 730 παρα-

94 739 259 799 γε”νοιντ
290 738 337 783 ἂν
362 739 407 782 οὗ
434 738 627 799 χαλεπῶς
659 739 713 789 εἷς
739 736 974 784 Αἰθιοπίαν·
1002 735 1109 782 ὥστε
1151 737 1232 782 ἀπὸ
1255 741 1328 792 τ’ἧς

92 807 322 870 ὓπερὸολης
360 811 430 852 τοῦ
461 806 618 868 ψύχους
652 808 707 857 εἷς
743 806 873 868 ἄκραν
906 810 978 851 τοῦ
1009 804 1221 866 καύματος
1252 806 1325 862 τὴν

0 932 2 934 ,
27 888 69 919 ·10
92 877 229 939 ἀκμὴν
251 877 309 938 μὴ
330 876 495 928 πλείους
517 875 646 921 εἴκοσι
668 876 851 936 γίνεσθαι
870 877 942 922 καὶ
962 877 1082 923 πέντε
1107 881 1190 930 τοῖς
1209 896 1327 938 κομι-

0 942 6 1009 ξ
92 947 272 1007 ζομένοις
305 947 526 1007 ἐνδελεχῶς
558 945 732 1007 ἡμέρας.
809 946 918 991 Ἀλλ’
955 945 1092 1007 ὅμως,
1126 946 1327 1004 τοσαύτης

89 1017 212 1073 οὔσης
234 1021 307 1072 τῆς
330 1019 501 1070 τοπικῆς
539 1015 815 1072 διαστάσεως,
850 1015 1154 1079 ἀνυπέρὸλητον
1187 1017 1327 1079 ἔχουσι

88 1086 189 1149 πρὸς
214 1086 416 1142 ἀλλήλους
439 1087 475 1130 οἱ
502 1084 707 1147 ἅνθρωποι
724 1089 803 1130 τῶν
829 1104 871 1130 τε
901 1085 998 1147 βίων
1024 1086 1195 1131 καὶτῶν
1225 1090 1324 1132 ἐθῶν

88 1155 159 1200 καὶ
191 1161 262 1201 τοῦ
287 1155 402 1218 ἀέρος
423 1154 497 1210 τὴν
533 1154 745 1216 διαφορὰν,
775 1153 882 1200 ὥστε
921 1154 1024 1216 μηδὲ
1058 1154 1324 1201 πιστεύεσθαι

30 1239 67 1269 15
90 1229 189 1288 παρ’
210 1224 359 1287 ἑτέροις
392 1223 443 1269 τὰ
467 1242 552 1284 παρ
554 1223 721 1275 ’ἄλλοις
745 1224 899 1280 συνήθη
932 1244 974 1269 τε
995 1243 1065 1269 και
1096 1223 1325 1285 ὁμολογού-

90 1313 209 1353 μενοι,
230 1293 335 1353 μηδὲ
355 1292 511 1354 στέγειν
529 1292 631 1344 ὅλως
652 1292 886 1339 δύνασθαι
863 1314 919 1338 ων
937 1293 1064 1355 χωρὶς
1081 1292 1212 1355 ἕτεροι
1233 1292 1325 1338 οὐδὲ

89 1367 161 1418 ζῆν
199 1364 248 1408 ἂν
280 1363 454 1410 ἕλοιντο.
522 1362 717 1413 Ουτως”
695 1381 781 1424 εχει
813 1382 853 1407 τι
874 1363 1037 1426 φίλτρον
1072 1362 1178 1423 μέγα
1208 1369 1324 1407 πᾶσα

88 1432 279 1487 συνήθεια
295 1432 366 1478 καὶ
390 1439 484 1494 νικᾷ
501 1431 573 1486 τὴν
594 1431 675 1476 ἀπὸ
698 1436 769 1476 τοῦ
798 1431 1058 1494 περιέχοντος
1084 1431 1323 1493 δυσχέρειαν

85 1505 106 1546 6
129 1503 273 1567 χρόνος
292 1506 313 1548 ὃ
331 1503 405 1558 τὴν
428 1500 598 1562 πρώτην
620 1500 834 1559 δεξάμενος
857 1504 912 1552 εἷς
935 1501 1002 1546 τὸν
1029 1502 1319 1563 βίονὴλικίαν.

0 1645 68 1684 iod.
83 1636 172 1682 οὐδὲ
195 1642 365 1698 συνορᾶν
385 1634 586 1689 ἀλλήλους
605 1636 643 1680 οἱ
662 1637 921 1694 παρεστῶτες
943 1633 1136 1679 δύνανται
1150 1634 1217 1679 διὰ
1239 1634 1314 1688 τὴν

82 1706 305 1768 παχύτητα
339 1708 410 1759 τῆς
442 1703 536 1766 περὶ
567 1703 637 1749 τὸν
676 1703 778 1765 ἀέρα
811 1703 1082 1760 πυκνώσεως,
1115 1703 1243 1765 χωρὶς
1273 1702 1316 1748 δὲ

81 1777 308 1826 ὑποδέσεως
326 1773 476 1825 πάντες
497 1774 745 1819 ἀδυνατοῦσι
766 1773 962 1835 βαδίζειν,
984 1776 1037 1825 ὡς
1054 1772 1104 1818 ἂν
1126 1780 1209 1824 τοῖς
1225 1775 1317 1818 ἀνυ-

80 1846 263 1896 ποδέτοις
287 1846 548 1904 παραχρῆμα
570 1843 800 1905 φλυκτίδων
818 1836 1055 1904 γινομένων.
1121 1843 1245 1889 Κατὰ
1271 1841 1314 1888 δὲ

79 1915 125 1976 τὸ
148 1914 284 1970 ποτὸν,
311 1912 378 1958 ἐὰν
404 1912 462 1972 μὴ
486 1912 560 1968 τὴν
583 1913 738 1959 ἔνδειαν
765 1912 937 1974 ἑτοίμως
965 1916 1214 1976 ἀφαιρῆται,
1237 1933 1315 1958 τα-

14 1996 59 2026 25
79 1984 184 2046 χέως
206 1984 465 2038 τελευτῶσιν,
487 1985 540 2033 ὡς
563 1980 611 2027 ἂν
634 1985 706 2038 τῆς
734 1981 957 2043 θερμασίας
979 1979 1052 2036 τὴν
1072 1985 1152 2026 τῶν
1182 1984 1313 2043 ὑγρῶν

78 2056 119 2098 ἐν
139 2057 196 2116 τῷ
221 2051 385 2111 σώματι
411 2051 530 2114 φύσιν
553 2051 673 2105 ὀξέως
693 2051 1017 2106 ἀναλισκούσης·
1038 2050 1137 2113 πρὸς
1161 2050 1203 2096 δὲ
1219 2052 1314 2096 τού-

77 2141 184 2179 τοις,
202 2121 298 2166 &mv
320 2140 379 2173 τις
402 2123 456 2173 εἷς
486 2123 668 2183 χαλκοῦν
698 2122 859 2181 ἀγγεῖον
891 2119 1086 2180 ἐμὸαλὼν
1109 2123 1190 2165 τῶν
1212 2121 1312 2165 ἔδω-

72 2191 206 2252 δίμων
230 2193 457 2247 ὁδηποτοῦν
482 2191 569 2250 μεθ’
587 2190 731 2241 ὕδατος
752 2193 806 2242 εἷς
828 2190 895 2235 τὸν
915 2189 1031 2245 ἥλιον
1056 2193 1129 2250 θῇ,
1153 2190 1314 2252 ταχέως

75 2260 218 2322 ἕψεται
240 2260 367 2322 χωρὶς
388 2259 515 2322 πυρὸς
533 2258 603 2304 καὶ
627 2258 776 2311 ξύλων.

7 2343 55 2373 30
141 2345 198 2376 66.
218 2328 326 2375 Ἀλλ’
350 2327 460 2387 ὅμως
479 2331 516 2373 οἱ
536 2332 819 2379 κατοικοῦντες
845 2326 1079 2390 ἀμφοτέρας
1097 2327 1171 2377 τὰς
1188 2329 1312 2390 εἰρη-

78 2399 201 2458 μένας
221 2398 360 2460 χώρας
377 2400 454 2459 οὐχ
468 2392 550 2442 οἷον
569 2396 731 2460 φεύγειν
754 2396 969 2459 βούλονται
985 2394 1057 2451 τὴν
1082 2395 1312 2457 ὃπερὸολῆν

75 2471 155 2512 τῶν
179 2467 485 2527 συμὸαινόντων
509 2469 642 2518 αὐτοῖς
676 2470 833 2523 κακῶν,
854 2465 962 2511 ἀλλὰ
984 2465 1054 2511 καὶ
1080 2465 1311 2511 τούναντίον

40 2546 43 2551 ’
75 2536 267 2589 ἑκουσίως
297 2535 508 2598 προίενται
547 2535 593 2581 τὸ
627 2538 699 2591 ζῆν
732 2534 854 2580 ἕνεκα
893 2539 964 2580 τοῦ
992 2533 1050 2593 μὴ
1095 2538 1312 2596 βιασθῆναι

74 2605 232 2662 διαίτης
264 2605 407 2667 ἑτέρας
436 2605 506 2650 καὶ
544 2604 632 2666 βίου
660 2608 927 2667 πειραθῆναι·
960 2603 1085 2654 οὕτως
1115 2604 1312 2666 αὐτοφυὲς

5 2688 51 2718 :35
76 2675 162 2738 ἔχει
187 2695 227 2720 τι
258 2675 424 2737 φίλτρον
453 2682 571 2719 πᾶσα
593 2673 771 2729 συνήθης
788 2673 930 2735 χώρα,
963 2672 1035 2718 καὶ
1060 2673 1311 2735 περιγίνεται

0 2755 2 2792 ἱ
72 2748 143 2800 τῆς
166 2747 212 2789 ἐκ
233 2748 314 2789 τῶν
345 2744 475 2806 ἀέρων
499 2743 777 2795 κακοπαθείας
806 2747 826 2788 6
848 2742 992 2805 χρόνος
1012 2746 1033 2788 6
1054 2741 1130 2798 τὴν
1157 2745 1202 2787 ἐκ
1229 2763 1310 2800 νη-

33 2867 40 2870 ,
72 2813 165 2859 πίου
203 2813 462 2877 παραλαὸων
499 2813 683 2870 ἡλικίαν.
760 2812 848 2865 Τὰς
885 2812 928 2858 δὲ
960 2811 1212 2868 τηλικαύτας
1246 2815 1309 2858 επ’

74 2883 284 2948 ἀμφότερα
313 2883 508 2947 διαφορὰς
536 2885 581 2928 οὐ
604 2882 710 2929 πολυ
734 2883 898 2945 διορίζει
916 2880 1047 2927 τόπου
1076 2881 1308 2941 διάστημα·

74 2954 154 2999 ἀπὸ
177 2955 255 3016 γὰρ
285 2959 358 3010 τῆς
393 2954 628 3005 Μαιώτιδος
650 2953 821 3011 λίμνης,
855 2956 882 3014 ᾗ
906 2951 1174 3014 προσοικοῦσί
1206 2971 1309 3004 τινες

10 3038 52 3068 60
74 3027 152 3068 τῶν
174 3026 382 3070 Σκυθων’
365 3044 405 3069 εν
425 3024 550 3085 πάγει
574 3042 644 3068 και
668 3022 840 3086 ψύχεσιν
865 3021 1171 3084 υπεροάλλουσι
1194 3026 1309 3066 καθι-

28 3093 32 3097 ’
74 3094 283 3154 δρυμένοι,
321 3086 467 3139 πολλ’ῦὶ
509 3096 589 3138 τῶν
626 3091 901 3151 πλοϊζομένων
948 3092 1308 3153 οὐριοδρομούσαις

73 3163 192 3207 ναυσὶ
215 3163 393 3226 φορτίσιν
426 3166 481 3215 εἷς
512 3162 585 3222 μὲν
618 3162 762 3208 Ῥόδον
782 3162 991 3206 δεκαταῖοι
1014 3161 1306 3206 καταπεπλεύ-

74 3248 210 3286 κασιν,
232 3231 272 3284 ἐξ
289 3226 337 3287 ἧς
356 3234 410 3283 εἷς
428 3231 561 3293 [μὲν]
579 3228 881 3291 Ἀλεξάνδρειαν
901 3237 1134 3292 τεταρταῖοι
1155 3249 1306 3276 καταν-

76 3301 214 3355 τῶσιν,
234 3301 279 3344 ἐκ
311 3300 353 3345 δὲ
376 3301 528 3356 ταύτης
551 3300 659 3346 κατὰ
682 3301 748 3346 τὸν
771 3302 920 3347 Νεῖλον
951 3300 1143 3352 πλέοντες
1162 3300 1306 3346 πολλοὶ

15 3367 282 3416 ιεδεκαταῗοι
310 3369 614 3424 κατηντήκασιν
643 3371 699 3421 εἷς
718 3369 952 3425 Αἰθιοπίαν,
985 3369 1091 3414 ὥστε
1120 3369 1200 3413 ἀπο
1224 3372 1304 3415 τῶν

76 3436 394 3523 κατεψυγμένων
413 3442 545 3499 μερῶν
562 3459 634 3494 της
655 3438 895 3498 οἰκουμένης
915 3438 982 3483 ἐπὶ
998 3438 1049 3483 τὰ
1072 3438 1306 3500 θερμότατα

78 3506 180 3568 μέρη
207 3525 263 3566 μη
287 3509 426 3552 πλεῖον
449 3507 577 3553 εἴκοσι
600 3507 671 3553 καὶ
701 3509 906 3570 τεττάρων
927 3511 1092 3570 ἡμερῶν
1116 3513 1218 3553 εῖναι
1236 3508 1303 3553 τὸν

75 3579 202 3621 πλοῦν
241 3593 323 3627 τοις
358 3575 466 3621 κατὰ
494 3595 541 3621 το
579 3576 742 3639 συνεχὲς
788 3577 1085 3637 κομιζομένοις.
1151 3577 1304 3640 Διόπερ

74 3648 145 3700 τῆς
168 3647 362 3708 διαφορᾶς
383 3649 455 3698 τῆς
491 3648 572 3690 τῶν
598 3645 725 3706 ἀέρων
745 3648 786 3690 ἐν
809 3646 934 3709 ὀλίγῳ
964 3646 1215 3705 διαστήματι
1236 3665 1309 3705 με-

75 3715 204 3774 γάλης
221 3714 362 3770 οὔσης,
382 3713 495 3758 οὐδὲν
520 3714 749 3775 παράδοξον
767 3714 837 3758 καὶ
861 3714 934 3768 τὴν
954 3714 1112 3759 δίαιταν
1132 3714 1202 3759 καὶ
1218 3715 1309 3765 τοὺς

68 3784 200 3845 βίους,
210 3782 268 3829 ἔτι
282 3782 324 3828 δὲ
340 3782 391 3827 τὰ
409 3782 585 3840 σώματα
601 3782 706 3827 πολὺ
723 3782 976 3827 διαλλάττειν
993 3786 1072 3827 τῶν
1085 3784 1306 3844 παρ’ἡμῖν.

1028 157 1112 204 DE
1144 158 1301 208 MARI
1332 159 1694 208 ERYTHRAEO.

2540 185 2621 221 157

1451 271 1519 308 66.
1563 269 1756 308 Ceterum
1795 267 2078 309 diversissimae
2111 270 2328 312 hominum
2371 276 2531 318 vivendi
2562 294 2625 321 ra-

1393 336 1526 376 tiones
1549 351 1634 377 non
1666 338 1722 378 ita
1743 337 1875 391 longis
1907 336 2152 378 dividuntur
2173 338 2359 380 locorum
2389 344 2623 389 intervallis.

1392 404 1498 444 Nam
1521 419 1572 445 ex
1593 405 1742 460 palude
1758 406 1947 446 Maeotica
1971 405 2088 446 multi
2107 408 2305 447 onerariis
2320 411 2422 449 vecti
2443 414 2624 465 navigiis,

1393 470 1555 511 decimo
1574 472 1642 512 die
1660 473 1703 512 in
1725 472 1985 513 Rhodiorum
2003 481 2148 527 portus
2178 473 2348 524 intrant,
2372 476 2468 516 inde
2487 480 2627 521 eadem

1393 540 1662 593 navigationis
1696 541 1991 582 commoditate
2010 541 2063 582 ad
2097 541 2208 582 diem
2237 552 2430 597 quartum
2457 547 2629 589 Alexan-

1393 609 1493 649 driae
1511 609 1722 664 appellunt
1738 641 1749 660 ,
1772 610 1823 650 ab
1841 610 1918 651 hac
1936 619 2077 651 autem
2101 611 2294 652 adversus
2319 612 2451 654 amnis
2483 616 2628 658 decur-

1393 691 1486 717 sum
1508 677 1715 726 subvecti,
1743 677 1852 717 intra
1873 677 1960 717 dies
1989 677 2089 717 alios
2109 677 2252 718 decem
2273 694 2357 720 non
2379 681 2533 723 difficili
2556 699 2627 725 ne-

1394 745 1506 798 gotio
1518 745 1770 799 AEthiopiam
1782 745 2020 798 contingere
2033 754 2226 800 possunt:
2246 747 2347 788 adeo
2359 757 2405 790 ut
2419 765 2443 790 a
2464 765 2627 794 summo

1395 812 1547 866 frigore
1569 812 1622 853 ad
1652 820 1887 853 extremum
1919 821 2040 852 aestus
2074 814 2257 866 vigorem
2276 818 2518 859 continuum
2550 821 2628 861 iter

1393 882 1637 924 facientibus
1673 881 1931 923 intercedant
1968 897 2054 922 non
2089 882 2227 937 plures
2264 886 2406 939 viginti
2444 890 2628 944 quinque

1398 951 1652 1008 (quattuor)
1683 951 1785 992 dies.
1844 953 1950 992 Tam
1979 952 2126 1005 exigua
2152 967 2250 993 vero
2283 957 2467 1008 quamvis
2496 959 2548 998 sit
2567 959 2626 1000 lo·

1395 1035 1542 1060 corum
1570 1020 1789 1070 distantia,
1818 1028 1932 1060 tanta
1954 1020 2064 1060 inter
2096 1034 2139 1060 se
2157 1020 2344 1062 homines
2378 1032 2512 1065 tamen
2536 1028 2627 1068 vitae

1394 1105 1642 1144 morumque
1663 1099 1703 1131 et
1726 1091 1830 1130 aeris
1855 1089 2095 1130 discrimina
2113 1090 2281 1140 habent,
2306 1101 2352 1132 ut
2371 1094 2525 1148 majora
2542 1111 2627 1137 esse

1394 1173 1481 1198 non
1504 1160 1688 1213 possint,
1721 1158 1826 1199 adeo
1847 1167 1894 1199 ut
1913 1158 2028 1199 alteri
2064 1173 2148 1199 non
2171 1159 2360 1210 credant,
2397 1177 2486 1216 quae
2517 1164 2627 1218 apud

1393 1226 1540 1266 alteros
1562 1241 1677 1266 more
1696 1234 1737 1267 et
1761 1240 1841 1266 usu
1859 1234 1957 1266 sunt
1978 1227 2074 1266 trita
2089 1257 2100 1277 ,
2129 1241 2205 1267 nec
2233 1230 2407 1269 omnino
2432 1230 2536 1272 ferre
2561 1247 2627 1272 va-

1392 1293 1516 1344 leant,
1535 1295 1623 1334 sine
1638 1294 1790 1349 quibus
1809 1294 1877 1334 alii
1897 1295 2023 1334 vitam
2040 1295 2230 1335 acerbam
2249 1296 2325 1335 sibi
2341 1305 2500 1351 putent.
2561 1301 2627 1341 Sic

1392 1353 1637 1417 magno'sui
1665 1377 1807 1403 amore
1827 1362 2014 1417 percellit
2049 1364 2183 1402 omnis
2204 1365 2422 1405 assuetudo
2439 1397 2450 1415 ‚
2476 1375 2516 1407 et
2548 1368 2627 1407 cir-

1391 1431 1570 1472 cumfusi
1590 1431 1695 1471 aeris
1718 1430 2003 1471 difficultatem
2027 1439 2189 1486 tempus
2210 1433 2388 1486 primam
2418 1434 2509 1474 vitae
2536 1443 2627 1475 aeta-

1389 1510 1472 1541 tem
1492 1501 1718 1556 suscipiens
1734 1501 1876 1541 vincit.

1393 1643 1579 1682 contueri
1595 1642 1763 1696 quidem
1783 1657 1824 1681 se
1843 1642 2020 1681 invicem
2037 1641 2241 1682 adstantes
2259 1641 2313 1682 ob
2329 1644 2432 1684 aeris
2448 1642 2628 1685 conden-

1392 1727 1466 1766 sati
1497 1727 1719 1767 crassitiem
1741 1735 1928 1781 possunt.
1988 1727 2152 1766 Nemini
2186 1726 2338 1781 absque
2366 1728 2507 1768 calceis
2531 1743 2619 1783 pro-

1392 1810 1507 1863 gredi
1526 1818 1662 1850 tutum
1686 1818 1770 1860 est;
1788 1810 1939 1864 alioqui
1956 1810 2103 1864 plantae
2122 1811 2256 1850 statim
2274 1811 2447 1865 pustulis
2466 1812 2623 1852 exulce-

1391 1903 1551 1935 rantur.
1612 1895 1700 1935 Nisi
1726 1902 1868 1949 parato
1892 1895 2000 1935 sitim
2020 1903 2123 1949 potu
2143 1895 2332 1935 homines
2348 1896 2623 1949 restinguant,

1390 1983 1606 2024 confestim
1626 1983 1930 2033 exanimantur,
1954 1983 2087 2023 calore
2111 1983 2263 2023 scilicet
2289 1983 2514 2023 naturalem
2537 1999 2626 2024 cor-

1389 2071 1501 2124 poris
1520 2071 1738 2110 humorem
1754 2070 1862 2110 illico
1877 2070 2130 2110 absumente.
2191 2072 2404 2120 Praeterea,
2422 2072 2455 2110 si
2470 2072 2560 2125 quis
2583 2073 2625 2111 in

1390 2170 1483 2196 vase
1510 2171 1624 2197 aeneo
1647 2157 1842 2197 esculenti
1863 2157 2078 2212 quidpiam
2097 2170 2192 2197 cum
2213 2171 2319 2212 aqua
2343 2157 2417 2198 soli
2433 2160 2621 2212 exponit,

1389 2245 1491 2284 citra
1508 2244 1617 2298 ligna
1631 2252 1672 2285 et
1692 2245 1828 2297 ignem
1845 2244 2050 2299 extemplo
2065 2245 2271 2299 coquitur.

1446 2337 1514 2373 66.
1543 2332 1624 2373 Sed
1641 2340 1781 2373 tamen
1800 2333 2015 2387 utriusque
2032 2333 2160 2387 partis
2186 2331 2330 2373 incolae
2358 2332 2445 2373 haee
2463 2347 2622 2374 summa

1389 2418 1480 2458 vitae
1502 2416 1766 2458 incommoda
1787 2431 1873 2457 non
1888 2425 2050 2457 tantum
2066 2431 2152 2457 non
2165 2416 2345 2470 effugere
2364 2417 2528 2467 volunt,
2550 2418 2622 2458 sed

1388 2506 1511 2545 etiam
1532 2503 1642 2544 ultro
1657 2504 1782 2544 vitam
1797 2502 2073 2559 profundunt,
2097 2517 2150 2542 ne
2168 2502 2288 2543 aliam
2304 2504 2396 2543 vitae
2418 2504 2621 2543 rationem

1387 2593 1564 2647 experiri
1577 2599 1791 2645 cogantur.
1852 2591 1919 2632 Sic
1937 2591 2071 2631 omnis
2093 2598 2251 2631 assueta
2264 2589 2380 2630 tellus
2395 2590 2621 2630 naturalem

1386 2681 1449 2719 sui
1466 2679 1590 2720 habet
1616 2693 1823 2729 amorem,
1846 2686 1887 2719 et
1913 2692 2012 2718 usus
2030 2693 2054 2718 a
2072 2678 2222 2718 teneris
2244 2678 2366 2732 coepti
2388 2679 2505 2717 annis
2533 2677 2622 2717 lon-

1386 2761 1590 2815 ginquitas
1602 2761 1706 2801 aeris
1721 2758 2079 2800 incommoditates
2094 2765 2274 2812 superat.
2332 2758 2507 2797 Tantam
2524 2772 2621 2798 vero

1384 2849 1608 2904 utrobique
1627 2848 1905 2890 differentiam
1922 2862 2008 2888 non
2029 2847 2200 2900 longum
2221 2845 2409 2886 locorum
2431 2843 2620 2884 interval-

1384 2936 1471 2978 lum
1488 2935 1700 2990 disjungit.
1762 2937 1801 2976 A
1828 2934 1922 2974 lacu
1948 2932 2060 2973 enim
2091 2930 2297 2979 Maeotico,
2319 2943 2442 2984 quem
2464 2928 2621 2982 Scythae

1384 3022 1556 3079 quidam
1571 3023 1678 3062 inter
1701 3020 1793 3075 gelu
1812 3027 1853 3060 et
1868 3016 1997 3073 frigus
2015 3019 2263 3057 immensum
2281 3013 2483 3062 accolunt,
2500 3011 2618 3051 multi

1383 3109 1557 3151 navibus
1576 3106 1775 3148 onerariis
1791 3102 1973 3145 secundo
1989 3115 2113 3144 cursu
2126 3100 2230 3141 vecti
2246 3098 2408 3139 decimo
2427 3096 2493 3136 die
2509 3097 2620 3136 Rho-

1383 3198 1485 3238 dum
1503 3196 1738 3253 appellunt;
1770 3192 1867 3234 inde
1889 3189 2111 3246 quatriduo
2127 3195 2220 3243 post
2237 3184 2527 3228 Alexandriam
2546 3184 2616 3223 de-

1381 3284 1468 3335 lati,
1495 3298 1546 3323 ex
1566 3282 1645 3323 hae
1660 3279 1832 3321 adverso
1849 3276 1931 3317 Nili
1947 3274 2062 3315 alveo
2081 3272 2243 3313 decimo
2261 3269 2532 3325 utplurimum
2548 3268 2616 3308 die

1381 3369 1633 3424 AEthiopiam
1659 3365 1918 3418 contingunt.
1978 3363 2016 3402 A
2047 3358 2318 3413 frigidissimis
2350 3357 2475 3410 igitur
2504 3354 2615 3426 orbis

1380 3453 1510 3508 plagis
1548 3449 1601 3491 ad
1633 3446 1896 3489 calidissimas
1929 3442 2134 3484 continuae
2166 3439 2434 3493 navigationis
2472 3451 2615 3478 cursus

1381 3534 1524 3589 viginti
1537 3539 1732 3587 quattuor
1746 3527 1832 3568 dies
1848 3541 1934 3567 non
1953 3523 2127 3566 excedit.
2189 3521 2471 3576 Quamobrem
2486 3534 2615 3575 quum

1379 3619 1421 3657 in
1442 3625 1525 3656 tam
1548 3614 1695 3666 exiguo
1712 3608 1922 3650 intervallo
1938 3615 2022 3648 tam
2038 3608 2180 3660 ingens
2196 3605 2248 3645 sit
2270 3605 2373 3645 aeris
2385 3602 2612 3648 diversitas,

1380 3712 1463 3738 non
1486 3696 1634 3736 mirum
1658 3700 1718 3731 est
1739 3691 1893 3730 victum
1925 3702 2090 3743 quoque
2119 3695 2157 3727 ct
2176 3700 2311 3727 mores
2333 3693 2373 3725 et
2401 3696 2572 3736 corpora
2591 3694 2614 3718 a

1381 3777 1630 3820 nostratibus
1652 3774 1874 3828 plurimum
1894 3770 2076 3810 differre.

80 3851 2602 3886 ΜΗ

130 3922 152 3971 S
174 3923 227 3962 66
243 3952 253 3971 ‚
278 3919 351 3959 lin·
375 3919 414 3958 3-
441 3918 652 3972 φθρῖηγαῗς
674 3918 721 3957 C·
759 3918 775 3970 H
806 3941 862 3948 --
881 3931 945 3959 10.
966 3918 1134 3973 πέντε]
1150 3916 1323 3958 debebat
1345 3917 1546 3969 τέσσαρας,
1566 3910 1624 3950 uti
1645 3917 1703 3949 cst
1719 3923 1784 3963 ap.
1806 3906 1981 3947 Diodor.
2003 3906 2018 3959 ξ’,
2038 3929 2094 3936 -
2112 3903 2176 3944 ΙΙ.
2195 3902 2348 3957 ἡμέραις
2367 3895 2507 3945 codd.;
2526 3908 2612 3934 em.

47 3962 49 3964 -
73 3981 246 4023 Bekker.
278 3982 293 4035 Η
315 4006 372 4012 -
394 3980 458 4021 15.
479 3979 614 4027 ἄλλοις
631 3979 767 4032 vulgo.
