2808 4342
57 146 131 200 ‹⁶⁵›
146 145 219 202 58·)

51 259 117 288 255
139 244 345 306 ἀπότομον
370 242 644 298 εἷςθάλατταν
667 240 824 305 ὑψηλόν
837 241 884 286 ’τ’
907 241 1017 304 ὅρος,

141 316 267 375 Κριοῦ
287 313 476 373 μέτωπον
496 309 733 370 λεγόμενον,

137 381 394 443 νυχθήμερον
413 381 542 424 πλοῦν
562 377 715 439 ἀπέχον
737 380 782 424 ἐκ
802 378 1079 439 Καράμὸεως.

133 508 217 562 ῗΩν
238 516 285 570 δὴ
309 514 443 560 τόπων
469 513 710 576 [λέγουσιν]
734 513 852 577 ἄρξαι
872 514 1032 575 Φινέα,

134 583 200 629 τὸν
221 588 292 629 τοῦ
314 583 466 646 Τυρίου
488 584 705 641 Φοίνικος,
724 584 927 646 ὑστέροισι
945 584 987 629 δέ

43 665 110 698 960
129 650 287 714 χρόνοις
305 653 512 697 κατελθεῖν
536 651 576 705 ἐξ
594 652 750 703 Ἰωνίας
776 653 920 698 στόλον

131 719 347 778 Μιλησίων
371 720 511 766 κτίσαι
534 740 577 766 τε
600 722 752 774 ταύτας
773 720 847 772 τὰς
869 721 1030 778 πόλεις,

130 788 176 841 ἃς
199 791 253 840 εἷς
273 786 501 851 Ἄμαστριν
525 787 693 851 ὕστερον
715 788 944 851 συνήγαγεν

127 856 196 902 ἐπὶ
218 859 297 902 τῶν
316 857 455 903 τόπων
473 858 636 904 κτίσασ’
655 858 872 918 ὁμώνυμον
895 860 1012 904 πόλιν

126 923 374 989 Ἄμαστρις,
400 926 629 990 Ὀξυάθρου
654 924 727 988 μὲν
750 926 1019 990 ἱστορουμένη

37 1012 105 1044 ⁴265
125 997 311 1061 ’θυγάτηρ
332 997 553 1061 ὑπάρχειν,
579 1000 633 1051 ὡς
655 997 773 1059 λόγος
790 1034 803 1058 ,
826 1003 896 1043 τοῦ
922 1001 1153 1060 Περσικοῦ,

128 1071 196 1112 τοῦ
218 1067 252 1111 δ’
275 1067 526 1129 Ἡρακλείας
548 1067 746 1129 γενομένη
770 1068 982 1114 Διονυσίου

123 1135 224 1195 γυνὴ
244 1137 457 1198 τυράννου.
552 1151 555 1152 ’

125 1271 407 1335 Παρθένιος...
841 1267 973 1327 Οὗτος
997 1272 1216 1334 ὅποταμός

123 1341 284 1394 πλωτὸς
303 1342 545 1405 καταφέρων
569 1345 721 1406 ῥεῖθρον
738 1344 1023 1406 ἡσυχώτατον.

34 1425 100 1456 r970
763 1416 835 1458 Ἐν
856 1416 891 1458 δ’
918 1416 1029 1476 αὐτῷ
1052 1412 1171 1474 λόγος

122 1477 354 1541 Ἀρτέμιδος
377 1471 480 1524 εἶναι
503 1479 684 1541 λουτρὸν
697 1481 1033 1544 ἐπιφανέστατον.

124 1607 252 1677 [Εἶτ’
274 1615 382 1660 ἔστιν
401 1616 418 1676 ]
444 1616 670 1678 Ἡράκλεια
688 1653 700 1676 ,
724 1621 916 1663 Βοιωτῶν
937 1618 1065 1670 κτίσις

119 1684 190 1729 καὶ
206 1685 455 1746 Μεγαρέων·
477 1685 585 1738 ἐντὸς
602 1686 644 1732 δὲ
661 1686 815 1743 ταύτην
837 1687 1035 1734 Κυανέων

118 1754 319 1807 κτίζουσιν
342 1754 584 1818 ὁρμηθέντες
604 1756 685 1801 ἀπὸ
707 1761 778 1812 τῆς
802 1757 1027 1813 Ἑλλάδος,

29 1838 96 1870 975
119 1823 210 1868 καθ’
233 1823 299 1875 οὓς
317 1823 485 1885 χρόνους
508 1825 711 1886 ἐκράτησε
738 1828 874 1887 Κῦρος
899 1825 1082 1881 Μηδίας.

115 1961 401 2023 Σαγγάριος...
469 1956 476 1964 ’
719 1957 850 2014 Οῧτος
874 1966 895 2008 ὁ
918 1963 1104 2022 ποταμός

117 2031 162 2074 ἐκ
181 2034 253 2085 τῆς
275 2029 378 2092 ὑπὲρ
403 2028 548 2078 Θυνῶν
569 2050 611 2076 τε
636 2031 706 2076 καὶ
726 2034 906 2095 Φρυγῶν
924 2033 1102 2094 [χθονός]

114 2098 332 2160 φερόμενος
357 2098 486 2154 ἐξίησι
509 2098 575 2144 διὰ
595 2103 667 2155 τῆς
683 2101 871 2152 Θυνίδος.

376 2275 382 2285 .
587 2236 740 2290 ρ’Υπιος
755 2257 764 2266 ·
790 2240 852 2299 ἐφ’
878 2241 990 2300 αὑτῷ
1013 2239 1047 2282 δ’
1070 2237 1174 2299 ἔχει’

25 2320 92 2350 080
115 2304 274 2365 μεσηγὺ
298 2305 370 2360 τὴν
394 2306 636 2368 Προυσιάδοι
654 2306 880 2366 λεγομένην
902 2309 1038 2352 πόλιν.

23 2439 157 2480 stituit
180 2439 426 2480 Meinekius.
451 2441 516 2482 Cf.
541 2442 699 2496 Ephori
720 2441 772 2482 fr.
796 2444 850 2490 84
875 2442 1067 2482 Strabon.
1092 2456 1135 2496 p.
1167 2443 1264 2490 545.

27 2503 47 2556 Η
79 2525 136 2533 -
171 2501 372 2556 958-967.
411 2506 615 2557 Anonym.
636 2519 687 2559 p.
725 2503 746 2544 5
779 2506 857 2554 H„
884 2519 933 2559 p.
971 2507 1065 2559 147,
1095 2518 1112 2543 1
1150 2504 1263 2544 Gail.

24 2565 173 2604 Versu.
212 2564 292 2617 758
323 2561 377 2606 ὧν
403 2564 444 2605 δὲ
480 2566 608 2607 τόπων
642 2565 737 2606 cod.
770 2568 931 2616 Anon.;
969 2581 1051 2607 em.
1076 2566 1262 2607 Holsten.

25 2625 186 2666 Deinde
197 2625 355 2681 λέγουσι
369 2625 531 2667 addidit
545 2627 757 2677 Meineke;
781 2627 893 2668 idem
910 2642 1032 2668 versu
1049 2642 1135 2683 seq.
1156 2628 1264 2669 ὓστέ-

23 2702 121 2741 ροισι
142 2686 257 2728 dedit
276 2702 353 2743 pro
381 2688 563 2743 ὑστέροις.
601 2690 616 2743 ΙΙ
644 2713 702 2720 —-
731 2693 829 2743 961.
869 2689 935 2730 καὶ
961 2690 1087 2730 κτίσαι
1105 2706 1142 2731 τ.
1162 2693 1262 2740 An.;

22 2763 103 2790 em.
129 2751 242 2790 Letr.
264 2743 411 2791 Strabo
433 2765 476 2806 p.
505 2751 584 2800 544
614 2763 624 2792 :
649 2751 728 2792 ’Ἦν
747 2750 788 2792 δὲ
809 2750 834 2802 ἢ
857 2751 1059 2807 ’Άμαστρις
1076 2751 1172 2807 γυνὴ
1197 2752 1263 2808 μὲν

22 2811 218 2852 Διονυσίου
231 2815 298 2852 τοῦ
322 2811 550 2868 Ἡρακλείας
568 2814 770 2868 τυράννου,
791 2815 960 2870 θυγάτηρ
973 2815 1007 2854 ’δ’
1028 2814 1235 2870 Ὀξυάθρου
1250 2848 1260 2865 ,

22 2876 90 2914 τοῦ
106 2873 262 2929 Δαρείου
280 2874 446 2931 ἀδελφοῦ
470 2878 539 2916 τοῦ
554 2875 652 2917 κατὰ
676 2875 936 2932 Ἀλέξανδρον·
961 2876 1084 2930 ἐκείνη
1109 2878 1174 2933 μὲν
1195 2877 1262 2919 οὖν

23 2935 64 2978 ἐκ
82 2938 271 2992 τεττάρων
294 2943 498 2980 κατοικιῶν
521 2940 706 2995 συνῴκισε
723 2937 794 2990 τὴν
814 2939 944 2991 πόλιν,
969 2939 1012 2981 ἔκ
1022 2955 1063 2981 τε
1081 2941 1263 2997 Σησάμου

21 2998 87 3040 καὶ
105 2999 282 3055 Κυτώρου
308 3001 374 3041 καὶ
392 3001 650 3057 Κρώμνης...,
676 3003 859 3058 τετάρτης
881 3002 922 3043 δὲ
940 3005 1008 3055 τῆς
1027 3003 1152 3043 Τιείου
1172 3004 1259 3045 κτλ.

22 3059 245 3101 Hudsonus
258 3077 336 3117 pro
360 3063 497 3110 ταύτας
511 3062 578 3111 τὰς
597 3063 726 3105 voluit
747 3065 929 3120 τέσσαρας
948 3065 1078 3114 πόλεις
1091 3097 1103 3116 ,
1126 3065 1197 3106 sed
1220 3067 1263 3107 in

23 3130 177 3164 antece.
206 3124 312 3179 ipsas
334 3124 420 3165 illas
443 3125 566 3166 urbes
585 3127 817 3167 nominatas
841 3126 965 3168 fuisse
990 3127 1259 3182 probabilius.

22 3185 85 3224 De
102 3198 147 3224 re
175 3185 228 3226 ef.
251 3187 466 3228 Memnon.
501 3202 538 3229 0.
567 3188 617 3241 53
645 3189 774 3230 schol.
799 3189 937 3244 Apoll.
970 3190 1050 3230 Rh.
1072 3191 1128 3240 H,
1151 3193 1258 3244 9413

23 3245 163 3299 steph.
182 3248 278 3301 Byz.
296 3262 330 3288 s,
349 3262 389 3289 v.
405 3248 619 3305 Ἄμαστρις.
645 3251 661 3304 Η
679 3275 736 3281 --
752 3252 849 3304 963.
869 3250 930 3293 ἐπὶ
944 3251 1011 3293 τὸν
1027 3252 1145 3293 τόπον
1163 3252 1258 3294 cod.

22 3309 123 3357 An.;
142 3321 223 3348 em.
237 3310 366 3350 Mein.
389 3310 405 3363 Η
423 3334 481 3342 -
495 3315 592 3365 964.
610 3311 634 3364 ἣ
654 3311 861 3368 Ὀξυάθρου
877 3313 972 3355 cod.
988 3316 1088 3365 An.;
1104 3315 1263 3356 Holste-

24 3369 116 3409 nius
135 3370 296 3424 scripsit
329 3369 528 3428 Ὀξάθρου,
567 3389 691 3428 quam
716 3377 896 3416 nominis
930 3377 1106 3418 formam
1138 3378 1262 3420 habet

23 3430 192 3469 Memno
212 3445 248 3470 0.
273 3431 311 3472 5.
342 3433 359 3487 ss
381 3457 437 3465 —-
454 3434 551 3488 965.
575 3435 801 3491 ὑπάρχουσα
828 3440 928 3488 An.;
950 3454 1031 3480 em.
1050 3440 1257 3483 Meineke.

23 3491 130 3531 Dein
149 3491 199 3539 ὡς
232 3492 252 3532 ὃ
271 3492 388 3549 λόγος
407 3498 489 3537 An.
522 3498 539 3551 ll
562 3521 619 3529 —
645 3503 742 3551 966.
774 3502 842 3539 τοῦ
871 3499 912 3540 δὲ
947 3499 1174 3556 Ἡρακλείας
1191 3507 1259 3544 τοῦ

22 3554 219 3593 Διονυσίου
241 3558 308 3595 τοῦ
330 3558 515 3611 τυράννου
545 3561 734 3615 γενομένη
762 3559 858 3616 γυνὴ
889 3564 1046 3613 Anon.;
1071 3578 1152 3605 em.
1181 3567 1260 3607 Le-

22 3622 161 3655 tronn.
188 3616 203 3668 ll
222 3640 278 3647 -—
297 3619 496 3672 968·971.
516 3622 711 3677 Anomp.
736 3622 848 3675 5H.‚
863 3638 912 3678 p.
939 3627 1032 3675 146,
1053 3627 1075 3666 8
1098 3626 1209 3668 Gail.
1239 3629 1254 3682 Η

26 3694 78 3708 >-
108 3679 204 3730 968.
237 3678 430 3733 Παρθένης
461 3679 556 3722 cod.
595 3684 696 3734 An.‚
727 3701 743 3722 ι(
777 3699 900 3739 quem
926 3686 1100 3728 fluvium
1129 3701 1266 3742 quumv

1035 145 1208 192 ORBIS
1243 146 1611 198 DESCRIPTIO.

2498 178 2581 218 237

1358 258 1400 290 et
1416 259 1648 306 praeruptus
1663 252 1789 307 inque
1808 266 1920 294 mare
1945 267 2113 308 vergens
2133 258 2312 301 excelsus
2331 277 2448 304 mons
2463 298 2473 315 ,

1290 371 1299 377 „
1359 318 1673 374 Criu-metopon
1690 319 1839 371 dictus,

1358 384 1442 426 diei
1459 387 1672 440 noctisque
1691 389 1950 442 navigatione
1972 389 2127 432 distans
2144 407 2168 434 a
2188 395 2394 438 Carambi.

1356 521 1520 574 Quibus
1541 521 1638 564 locis
1659 524 1877 579 imperasse
1900 527 2053 583 [ajunt]
2081 528 2307 581 Phineum,

1354 590 1578 641 Phoenicis,
1602 592 1679 632 viri
1705 594 1835 648 Tyrii,
1857 595 2013 645 filium3
2038 599 2334 651 posterioribus
2357 613 2489 647 autem

1355 659 1611 713 temporibus
1629 675 1679 701 eo
1697 662 1854 702 venisse
1872 678 1921 703 ex
1937 664 2054 704 Ionia
2076 665 2241 708 classem

1352 726 1609 767 Milesiorum
1637 736 1677 768 et
1697 728 1931 770 condidisse
1946 731 2066 772 hasce
2085 734 2206 775 urbes
2220 767 2232 786 ,

1354 809 1457 849 quas
1474 795 1516 836 in
1541 797 1765 838 Amastrim
1783 807 1925 853 postea
1938 800 2139 842 conduxit

1353 866 1643 917 cognominem
1658 867 1736 908 sibi
1763 867 1806 907 in
1828 867 1891 908 his
1910 868 2008 910 locis
2025 871 2205 913 condens
2222 875 2364 917 urbem

1353 935 1569 986 Amastris,
1591 936 1811 992 Oxyathrae
1833 952 1925 992 quae
1947 931 2139 982 narratur

1352 1004 1520 1054 Persici,
1542 1013 1588 1046 ut
1606 1005 1751 1057 fertur,
1773 1005 1897 1047 fuisse
1913 1007 1995 1048 filia
2010 1039 2022 1058 ,

1351 1084 1459 1111 uxor
1475 1081 1610 1113 autem
1629 1074 1817 1129 Dionysii
1832 1075 2037 1116 Heraeleae

1351 1140 1531 1193 tyranni.

1349 1278 1648 1320 Parthenus....
1793 1282 1872 1322 Hic
1894 1284 2027 1323 amnis

1348 1347 1608 1400 navigabilis,
1631 1347 1798 1389 volvens
1815 1349 2017 1392 fluentum
2035 1352 2372 1408 placidissimum.

1964 1422 2014 1460 In
2034 1435 2083 1461 eo
2104 1422 2210 1463 sama
2227 1433 2286 1464 est

1346 1483 1490 1523 Dianae
1510 1498 1595 1528 esse
1610 1484 1818 1526 lavacrum
1842 1486 2170 1530 celeberrimum.

1347 1621 1363 1675 [
1383 1622 1540 1664 Deinde
1554 1625 1642 1679 est]
1662 1624 1870 1675 Heraclea,
1892 1626 2131 1667 Boeotorum
2153 1627 2312 1669 colonia

1342 1698 1383 1729 et
1399 1692 1702 1743 Megarensium
1716 1723 1727 1742 ‚
1757 1707 1881 1747 quam
1901 1693 2007 1733 intra
2027 1695 2207 1748 Cyaneas

1342 1758 1530 1798 condunt
1544 1759 1717 1813 profecti
1740 1775 1790 1800 ex
1809 1761 1967 1801 Graecia
1980 1792 1991 1810 ,

1342 1840 1426 1880 quo
1446 1835 1630 1881 tempore
1649 1829 1779 1882 Cyrus
1806 1828 2022 1883 imperavit
2043 1829 2205 1870 Mediae.

1341 1965 1592 2017 Sangarius„
1618 1995 1630 2007 .
1831 1968 1909 2008 Hic
1925 1968 2074 2009 fluvius

1340 2046 1391 2071 ex
1414 2033 1656 2074 imminente
1673 2034 1831 2089 Thynis
1847 2044 1886 2075 et
1911 2036 2142 2091 Phrygibus
2170 2037 2312 2093 [terra]

1340 2100 1532 2141 delabens
1554 2117 1628 2157 per
1649 2103 1856 2158 Thyniam
1878 2105 1920 2144 in
1944 2119 2056 2145 mare
2074 2106 2295 2159 egreditur.

1733 2240 1892 2294 Hypius
1912 2240 2164 2295 adjacentem
2184 2243 2260 2284 sibi
2275 2244 2399 2285 habet

1338 2306 1515 2346 mediam
1538 2307 1736 2348 Prusiada
1755 2323 1877 2361 quam
1897 2317 2043 2348 vocant
2060 2309 2222 2348 urbem.

1338 2456 1482 2482 omnes
1509 2450 1744 2481 constanter
1771 2442 1978 2496 Παρθένιον
2000 2442 2160 2492 dicunt,
2192 2458 2243 2483 ne
2264 2445 2464 2498 Scymnus
2484 2447 2575 2500 qui·

1337 2503 1432 2543 dem
1450 2503 1566 2543 aliter
1584 2502 1734 2543 dixisse
1750 2503 1977 2543 censendus
1992 2512 2067 2544 est.
2091 2505 2298 2545 Nimirum
2314 2506 2507 2560 Παρθένης
2522 2522 2571 2548 ex

1336 2566 1520 2620 Πάρθενις
1543 2574 1785 2620 corruptum
1806 2573 1881 2614 est,
1907 2580 1988 2620 qua
2006 2565 2139 2606 forma
2158 2581 2240 2607 suae
2259 2567 2386 2608 aetatis
2411 2582 2571 2609 morem

1336 2642 1510 2681 sequens
1535 2641 1633 2667 usus
1655 2634 1742 2667 erat
1764 2630 2023 2682 Anonymus.
2045 2628 2239 2668 Similiter
2257 2642 2380 2683 quem
2399 2629 2572 2671 fluvium

1336 2697 1491 2728 veteres
1508 2688 1642 2729 Graeci
1666 2687 1885 2742 Σαγγάριον
1909 2687 2115 2740 dicebant,
2137 2691 2341 2745 Procopio
2363 2691 2488 2732 AEdif.
2513 2693 2569 2743 V,

1337 2751 1359 2790 3
1381 2751 1550 2804 aliisque
1572 2759 1632 2790 est
1650 2749 1860 2805 Σάγγαρις.
1890 2749 1957 2791 Ad
1977 2750 2150 2792 eandem
2175 2753 2379 2793 rationem
2398 2749 2572 2796 formata

1335 2821 1446 2862 sunt,
1466 2827 1557 2867 quae
1572 2812 1808 2867 frequenter
1827 2812 2020 2866 leguntur
2038 2814 2083 2854 in
2098 2813 2225 2854 titulis
2247 2816 2386 2868 graecis
2402 2817 2572 2858 nomina

1334 2875 1505 2923 Διόνυσις
1522 2890 1599 2930 pro
1611 2874 1824 2931 Διονύσιος,
1844 2873 2006 2929 Αὔρηλις
2021 2889 2098 2930 pro
2113 2875 2314 2931 Αὐρήλιος,
2339 2876 2482 2925 ’Ίουλις
2494 2892 2571 2932 pro

1340 2936 1514 2985 Ἰούλιος.
1539 2939 1595 2978 V.
1624 2936 1807 2978 Lobeck.
1835 2937 1995 2978 Pathol.
2024 2951 2066 2992 p.
2091 2937 2171 2980 500
2181 2954 2192 2989 ;
2223 2938 2438 2981 Welcker.
2473 2941 2568 2995 Syll,

1333 3002 1476 3056 Epigr.
1507 3014 1551 3061 ρ.
1583 3002 1648 3041 18.
1690 3016 1706 3037 n
1738 3001 1958 3040 annu.
1982 2999 1999 3054 ΙΙ
2025 3024 2082 3031 -
2100 3015 2196 3055 970.
2223 3001 2262 3042 ἐν
2279 3001 2380 3058 αὐτῷ
2395 3001 2435 3042 δὲ
2453 3002 2570 3057 λόγος

1333 3065 1433 3113 An.;
1459 3077 1541 3103 em.
1579 3062 1708 3103 Mein.
1743 3063 1806 3102 De
1836 3076 1881 3103 re
1909 3062 1963 3103 cf.
1994 3062 2187 3117 Apollon.
2219 3062 2356 3104 Rhod.
2389 3065 2455 3111 H,
2489 3065 2567 3116 936

1333 3124 1434 3179 ibiq.
1475 3124 1603 3165 schol.
1637 3133 1677 3165 et
1713 3124 1842 3165 schol.
1876 3123 1929 3165 ad
1969 3125 2095 3164 Hom.
2130 3124 2180 3164 ΙΙ.
2226 3137 2274 3173 2,
2316 3123 2412 3172 854.
2452 3125 2468 3178 Η
2509 3148 2565 3155 —-

1333 3187 1536 3242 972-975.
1554 3189 1754 3242 Anon.p.
1770 3189 1942 3242 4H.‚p.
1966 3188 2059 3236 144,
2082 3199 2118 3225 1.
2139 3185 2251 3226 Gail.
2276 3186 2471 3240 11—972.
2493 3185 2565 3226 εἴτ’

1333 3250 1435 3291 ἔστιν
1459 3249 1606 3304 adjecit
1626 3251 1874 3290 Letronnus.
1895 3249 1910 3303 ΙΙ
1931 3273 1986 3279 --
2003 3249 2202 3302 976-978.
2226 3251 2422 3303 Αιιοη.]).
2443 3249 2466 3288 3
2487 3250 2564 3298 H„

1327 3328 1374 3369 p.
1406 3314 1499 3363 143,
1522 3326 1547 3353 2
1570 3311 1683 3353 Gail.
1710 3312 1726 3366 ll
1748 3335 1805 3342 —
1827 3325 1924 3365 977.
1951 3310 2015 3350 καὶ
2038 3310 2208 3365 Φρυγίας
2225 3310 2431 3364 φερόμενος
2454 3309 2565 3357 ἔξεισι

1331 3374 1393 3415 διὰ
1416 3379 1482 3426 τῆς
1502 3366 1684 3421 Θυνιάδος
1705 3377 1862 3423 Anon.;
1886 3386 1967 3412 em.
1991 3373 2104 3412 Letr.
2130 3380 2170 3412 et
2193 3371 2438 3413 Meinekius.
2466 3372 2481 3425 {1
2509 3395 2565 3403 ——-

1332 3453 1411 3493 979
1437 3441 1680 3492 Anonymus
1699 3435 1727 3476 l.
1753 3435 1781 3475 l.
1824 3447 1834 3475 ;
1860 3430 1981 3481 Οὗτος
2004 3433 2024 3473 ὃ
2050 3433 2220 3488 ποταμὸς
2240 3433 2253 3490 (
2273 3449 2330 3475 sc.
2352 3434 2374 3474 ὁ
2393 3433 2561 3489 υΥπιος)

1332 3500 1374 3555 ἔγ
1384 3516 1415 3541 ει
1432 3500 1488 3541 ἐπ’
1513 3498 1613 3554 αὐτῷ
1637 3496 1802 3553 μεσηγὺς
1821 3496 1933 3537 πόλιν
1955 3496 2173 3551 Προυσιάδα
2193 3496 2426 3551 λεγομένην.
2461 3499 2564 3548 Quae

1330 3549 1481 3604 Nostro
1519 3560 1721 3601 vindicavi
1749 3559 1803 3599 ob
1834 3573 1973 3599 vocem
2005 3559 2208 3613 poeticam
2245 3558 2425 3614 μεσηγύς.
2459 3561 2563 3611 Quae

1331 3625 1523 3679 deinceps
1555 3622 1607 3662 de
1642 3621 1914 3676 Apolloniade
1940 3623 2183 3676 Anonymus
2216 3620 2365 3671 habet,
2404 3621 2500 3661 item
2540 3634 2562 3659 e

1329 3691 1479 3730 Nostro
1504 3686 1709 3728 ssuxerInt.

1036 3889 1619 3917 --ssss——Qeoe—
1688 3907 1692 3911 .
