2756 4354
1 0 132 222 55

42 267 381 330 *Heracleensis
402 280 493 335 vir,
529 277 603 323 cui
629 276 812 321 Miletus
847 284 944 320 erat
960 274 1101 319 altera
1128 283 1297 319 metro-

66 359 204 420 polis.
250 357 366 402 Hinc
396 354 539 413 igitur
568 350 766 411 conjicio
801 348 1015 394 Nostrum
1050 349 1294 393 oriundum

69 434 208 479 fuisse
226 447 283 477 ex
302 427 536 485 Heraclea,
558 425 805 470 multorum
826 423 1101 484 scriptorum
1119 423 1271 483 patria
1281 441 1294 479 3

66 508 119 552 in
159 521 271 567 qua,
307 487 446 563 quum
502 498 766 560 Byzantinis
820 495 1102 558 temporibus
1139 497 1296 542 doctos

66 581 319 626 Marcianos
341 575 568 621 exstitisse
584 583 758 618 constet
773 608 785 631 ,
802 572 964 632 quidni
980 571 1074 632 jam
1097 572 1296 617 secundo

65 656 268 720 etprimo
282 663 384 698 ante
397 652 628 696 Christum
647 650 800 694 seculo
823 649 995 693 vixisse
1014 647 1295 693 Marcianum

63 729 286 795 quendam
307 727 529 789 poematis
553 724 842 785 geographici
862 723 1150 784 scriptorem,
1174 723 1298 768 Pari-

63 804 154 850 sini
180 803 350 849 codicis
369 801 542 847 indicio
557 800 752 845 nitentes
775 799 1038 844 credamus?

34 862 44 870 .
131 895 232 938 109.
247 877 378 932 Quod
388 888 544 921 eorum
561 874 828 920 sententiam
844 875 1018 929 attinet,
1038 873 1135 933 qui,
1154 889 1294 932 quum

62 954 343 1000 Marcianum
372 952 705 1006 Heracleotam,
732 950 863 1010 cujus
887 950 1055 1011 peripli
1088 950 1294 1010 'prosaici

62 1039 321 1091 supersunt,
338 1045 364 1073 a
382 1027 606 1089 poematis
629 1037 812 1071 auctore
829 1026 1026 1070 alienum
1049 1040 1147 1070 esse
1175 1035 1296 1070 recte

61 1105 430 1166 perspexissent,
456 1103 655 1163 Scymno
683 1102 799 1146 Chio
826 1117 942 1162 opus
969 1111 1175 1146 nostrum
1195 1101 1295 1145 vin·

63 1179 290 1232 dicarunt,
317 1194 388 1224 res
408 1181 468 1222 ita
486 1177 638 1223 habet.
659 1176 888 1222 Laudatur
911 1176 1133 1236 Scymnus
1154 1175 1295 1220 Chius

64 1254 179 1300 locis
193 1265 295 1300 octo
311 1254 430 1313 apud
449 1253 729 1314 Stephanum
746 1253 856 1311 Byz.
876 1251 943 1313 (v,
958 1250 1124 1310 Ἀγάθη,
1142 1249 1189 1295 Ἄ
1197 1268 1295 1311 ρεως

62 1331 206 1386 νῆσος,
255 1327 552 1390 Ἑρμώνασσα,
585 1326 723 1388 Πάρος
743 1328 781 1386 ),
817 1325 960 1372 schol.
1000 1325 1153 1386 Apoll‘.
1203 1325 1290 1372 Rh-

62 1404 168 1464 (IV,
207 1420 310 1461 271.
335 1404 424 1455 284
443 1403 476 1460 ),
501 1400 797 1462 Apollonium
826 1400 838 1463 (
862 1399 1029 1447 Mirab.
1070 1417 1110 1445 0.
1141 1400 1192 1444 15
1218 1401 1231 1458 >
1255 1411 1297 1445 et

61 1478 370 1523 Herodianum
398 1477 499 1536 (De
522 1476 629 1522 dict.
662 1476 786 1521 solit.
823 1491 871 1536 p.
914 1492 987 1534 19,
1012 1483 1037 1528 4
1062 1473 1094 1537 ).
1137 1475 1206 1532 Ex
1224 1475 1297 1520 his

61 1569 161 1600 cum
196 1563 351 1615 nostra
375 1551 608 1610 Pei-iegesi
632 1551 747 1595 nihil
786 1561 936 1610 potest
956 1551 1172 1611 componi
1208 1551 1297 1595 nisi

52 1628 156 1674 -haec
179 1628 485 1689 Stephaniana
508 1644 517 1671 :

121 1704 324 1764 Ἀγάθη,
346 1704 461 1754 πόλις
483 1699 687 1763 Λιγύωνῆ
711 1703 896 1750 Κελτῶν.
918 1701 1108 1762 Σκύμνος
1131 1701 1171 1747 δὲ
1192 1704 1293 1748 Φω-

58 1778 191 1825 καέων
211 1778 336 1834 αὐτήν
359 1796 480 1842 φησιν
505 1780 544 1822 ἒν
562 1781 611 1838 τῇ
636 1777 838 1839 Εὐρώπῃ.

118 1851 163 1899 Ἄ
178 1871 300 1915 ρεως
323 1856 383 1908 νῆ
398 1870 504 1910 σος,
536 1851 635 1913 πρὸς
664 1855 746 1904 τοῖς
775 1853 951 1913 Κόλχοις
972 1853 1010 1896 ἐν
1046 1854 1103 1915 τῷ
1126 1851 1290 1912 Πόντῳ.

58 1926 246 1988 Σκύμνος
273 1929 314 1973 ἐν
334 1927 467 1989 Ἀσίᾳ.

119 2025 138 2046 «
174 2004 430 2065 Utrumque
465 2004 615 2048 locum
642 2003 778 2048 etiam
814 2004 864 2047 in
885 2002 1118 2061 Periegesi
1139 2012 1295 2047 nostra

58 2090 353 2125 memoratum
375 2079 604 2140 reperias,
629 2078 846 2137 Agatham
867 2093 937 2124 vs.
962 2094 1047 2136 297
1075 2093 1085 2120 :
1111 2079 1147 2121 οἵ
1172 2079 1295 2121 Μασ-

39 2154 204 2201 -σαλίαν
221 2154 432 2204 κτίσαντες
451 2153 570 2215 ἔσχον
593 2154 788 2204 Φωκαεῖς
807 2153 980 2213 Ἀγάθην
1002 2153 1292 2198 Ῥοδανουσίαν

56 2248 121 2286 τε,
141 2229 300 2275 Martis
320 2230 515 2274 insulam
534 2239 680 2272 autem
702 2244 770 2273 vs.
794 2230 882 2286 913
914 2245 924 2271 :
962 2227 1052 2272 καθ’
1081 2227 1126 2278 ἃς
1146 2226 1295 2289 ἔρημος

56 2293 224 2363 κειμένη
266 2302 425 2365 [μικρὰ
445 2304 462 2363 ]
503 2301 681 2364 παρήκει
725 2305 845 2356 νῆσος
887 2297 1040 2362 Ἄρεως
1071 2301 1288 2361 λεγομένη,

56 2380 196 2439 Atqui
231 2394 288 2423 ex
316 2379 404 2423 hoc
449 2379 689 2437 utriusque
727 2376 1032 2436 chorographi
1069 2391 1292 2421 consensu

58 2465 182 2501 tanto
222 2455 374 2499 minus
405 2469 497 2499 suae
523 2453 758 2510 sententiae
788 2456 1110 2510 argumentum
1128 2451 1294 2495 ducere

57 2528 251 2574 debebat
299 2527 512 2583 Vossius,
571 2542 712 2587 quum
770 2526 883 2570 illud
929 2526 1082 2585 potius
1121 2524 1291 2585 justam

57 2604 373 2651 admirationis
393 2619 573 2649 causam
597 2602 862 2647 habiturum
888 2611 1030 2657 esset,
1052 2601 1089 2646 si
1109 2601 1167 2645 de
1185 2601 1293 2645 duo·

57 2681 144 2726 bus
170 2680 474 2741 scriptoribus
498 2681 547 2724 in
578 2679 782 2739 ejusdem
813 2678 1068 2735 argumenti
1092 2677 1292 2736 explica-

55 2757 180 2805 tione
207 2756 439 2815 occupatis
467 2755 734 2799 alterutrum
761 2754 943 2796 illorum
972 2753 1178 2796 locorum
1202 2767 1293 2795 me-

59 2832 252 2876 moriam
277 2832 486 2875 omisisse
506 2831 811 2875 demonstrari
834 2839 1002 2890 posset.
1026 2850 1043 2866 »
1061 2827 1288 2873 Mummii.

61 2908 142 2952 His
161 2908 373 2966 igitur-,ut
392 2919 483 2951 'non
507 2906 729 2967 probatur
744 2905 965 2950 sententia
983 2939 995 2960 ‚
1019 2905 1084 2949 sic
1101 2905 1293 2962 reliquis

59 2982 297 3027 refellitur.
328 2981 441 3027 Nam
474 2982 698 3042 Scymnus
725 2981 953 3036 Pharum,
983 2980 1136 3024 Adriae
1167 2981 1293 3023 insu-

60 3057 172 3116 lam,
199 3058 363 3102 Parum
383 3057 532 3117 dixit(
554 3073 624 3117 ap.
650 3056 711 3101 St.
735 3056 786 3100 B.
814 3071 851 3101 s.
888 3071 934 3099 v.
953 3053 986 3115 ),
1006 3053 1170 3099 Noster
1189 3070 1291 3099 cum

23 3147 45 3156 ⁸>
58 3131 217 3177 ceteris
235 3133 432 3177 Pharum
451 3141 595 3176 vocat.
620 3131 743 3175 Idem
759 3132 982 3188 Scymnus
1007 3128 1166 3173 urbem
1186 3130 1293 3173 Bos·

61 3208 164 3265 pori
200 3208 437 3253 Cimmerii
478 3206 735 3270 Ἑρμώνειαν
771 3207 889 3251 dixit
925 3204 1015 3265 (St.
1055 3205 1103 3249 B.
1123 3203 1152 3267 )‚
1194 3221 1294 3264 quae

63 3282 182 3341 apud
197 3293 373 3342 poetam
395 3283 702 3328 Hermonassa
717 3292 922 3328 vocatur.
937 3306 997 3315 —-—
1010 3280 1157 3324 Porro
1174 3280 1294 3340 apud

65 3356 208 3400 schol.
232 3358 462 3416 Apollonii
503 3358 648 3404 Rhod.
685 3357 760 3414 IV,
796 3358 884 3410 284
906 3356 1003 3401 haec
1038 3356 1289 3415 leguntur:

64 3432 208 3482 Οὐδεὶς
231 3432 272 3476 δὲ
299 3435 448 3494 ἱστορεῖ
470 3433 536 3478 διὰ
572 3433 713 3479 τούτου
744 3433 847 3496 (τοῦ
867 3430 1032 3494 Ἴστρου
1057 3431 1069 3494 )
1096 3432 1185 3482 τοὺς
1207 3432 1245 3475 Ἀ
1255 3450 1296 3492 ρ-

62 3505 259 3565 γοναύτας
282 3507 608 3558 εἷςπεπλευκέναι
632 3511 686 3559 εἷς
723 3507 794 3561 τὴν
832 3505 1033 3566 ἡμετέραν
1067 3506 1294 3561 θάλασσαν,

67 3578 142 3632 ἔξω
165 3580 406 3640 Τιμαγήτου
422 3616 433 3636 ,
459 3575 493 3644 ᾧ
526 3582 801 3638 ἠκολούθησεν
825 3580 1111 3632 Ἀπολλώνιος.
1146 3580 1199 3626 ‘O
1221 3579 1294 3639 μὲν

64 3661 143 3723 γὰρ
169 3661 354 3720 Σκύμνος
385 3662 526 3714 αὐτοὺς
544 3662 609 3708 διὰ
629 3665 832 3716 Τανάϊδος
845 3662 1117 3709 πεπλευκέναι
1138 3663 1204 3707 ἐπὶ
1222 3662 1295 3717 τὴν

66 3735 249 3796 μεγάλην
272 3735 499 3792 θάλασσαν,
524 3738 671 3782 ἐκεῖθεν
698 3738 739 3783 δὲ
757 3741 811 3790 εἷς
826 3738 899 3794 τὴν
919 3737 1125 3799 ἡμετέραν
1146 3738 1296 3782 θάλασ-

11 3829 18 3834 ·
65 3828 140 3854 σαν
166 3810 414 3865 ἐληλυθέναι.
436 3810 520 3856 Καὶ
546 3811 916 3872 παρεκὸολεύεται,
937 3816 990 3864 ὡς
1016 3813 1095 3875 ἄρα
1119 3811 1296 3864 ἐλθόντες

67 3883 133 3928 ἐπὶ
157 3883 229 3939 τὴν
261 3883 427 3946 ἤπειρον
457 3886 492 3929 οἷ
518 3884 782 3946 Ἀργοναῦται
806 3887 872 3931 ἐπὶ
904 3887 1181 3950 σαυρωτήρων
1206 3887 1294 3932 ἐκό-

111 4018 158 4066 (*)
182 4034 199 4052 «
220 4019 305 4058 Vid.
328 4020 468 4058 Comic.
488 4022 610 4058 Graec,
633 4021 706 4058 vol.
726 4023 776 4059 111
799 4031 834 4069 p.
858 4026 940 4059 503.
963 4037 983 4056 1»

744 155 1217 225 PROLEGOMENA.
1251 168 1331 225 nu
1365 181 1664 228 ΑΝοΝΥΜο
1699 183 1914 229 POETA.

2450 220 2575 253 Lxxv

1367 293 1492 334 μισαν
1514 275 1588 332 τὴν
1613 276 1768 338 Ἀργὼ,
1793 277 1935 340 μέχρις
1964 273 2009 324 οἷ
2038 283 2103 326 ἐπὶ
2123 285 2329 332 θάλασσαν
2346 298 2582 352 παρεγένον.

1367 368 1426 395 το.
1443 351 1513 396 Ad
1532 368 1633 412 quae
1647 353 1903 400 Meinekius
1925 371 1971 413 p.
1993 371 2093 400 xv11
2114 373 2124 400 ε
2157 379 2174 397 α
2203 360 2267 404 De
2282 366 2418 410 Tanai
2443 369 2586 417 Pei-ie.

1368 428 1486 485 gesis
1506 439 1664 473 nostra
1685 429 1804 474 dixit
1825 445 1896 476 VS.
1920 431 2011 476 668
2031 442 2077 475 et
2097 433 2183 487 875
2211 449 2312 493 sqq.
2334 438 2444 485 locis
2464 459 2487 487 a
2504 446 2586 490 Pe-

1366 503 1476 563 ripli
1497 505 1718 564 scriptore
1741 507 1951 562 servatis,
1972 506 2053 551 ubi
2070 523 2210 566 quum
2234 509 2348 554 nihil
2368 513 2422 557 de
2445 519 2588 576 Argo..

1365 577 1516 622 nautis
1550 578 1782 638 afferatur,
1821 580 1919 625 tolli
1957 580 2141 640 quidem
2178 581 2253 626 hic
2294 599 2319 626 a
2357 586 2592 637 scholiasta

1365 651 1599 696 dissensus
1637 662 1784 712 potest
1815 654 1880 697 ita
1915 665 1981 709 ut,
2018 671 2119 714 quae
2146 655 2263 700 nihil
2288 672 2369 701 suo
2403 664 2592 710 consilio

1367 726 1621 771 conducere
1644 726 1847 782 vidisset,
1869 728 2075 773 consulto
2096 728 2152 774 ab
2169 731 2410 791 Anonymo
2428 738 2594 784 omissa

1366 801 1508 847 dicas.
1538 800 1596 845 At
1626 802 1834 861 precaria
1864 803 1960 846 haec
1984 813 2050 847 est
2071 806 2303 850 excusatio
2326 823 2471 868 neque
2487 814 2593 859 satis

1367 876 1537 922 factura
1560 876 1612 920 iis
1632 877 1712 936 qui
1737 877 1848 937 ipsae
1864 877 2106 937 periegetae
2125 878 2267 923 verba
2294 881 2590 943 inspexerint,

1366 951 1639 1012 quibuscum
1666 967 1757 1011 quo
1776 961 1907 1012 pacto
1932 952 2047 996 illud
2071 952 2126 996 de
2152 955 2424 1011 Argonautis
2446 962 2592 1018 episo-

1365 1027 1491 1071 dium
1513 1027 1821 1085 conglutinari
1841 1026 2010 1087 possit,
2031 1027 2218 1071 minime
2236 1042 2432 1089 apparet.
2458 1034 2595 1080 Acce-

1365 1103 1431 1147 dit
1441 1103 1563 1163 quod
1575 1103 1676 1162 ipsa
1687 1103 1784 1159 illa,
1798 1118 1899 1162 quae
1909 1118 1933 1147 e
1943 1102 2141 1162 Scymno
2154 1105 2301 1149 attulit
2313 1106 2589 1167 scholiastes,

1363 1179 1454 1224 nisi
1475 1179 1760 1240 primitivam
1779 1179 2001 1224 orationis
2022 1179 2213 1224 formam
2227 1197 2413 1241 prorsus
2431 1184 2593 1231 immu-

1364 1263 1500 1298 tatam
1536 1254 1691 1309 dicas,
1732 1253 1796 1298 ita
1829 1264 2089 1315 comparata
2127 1266 2247 1311 sunt,
2281 1267 2330 1301 ut
2363 1261 2592 1317 quomodo

1365 1331 1571 1376 numeris
1593 1331 1769 1389 illigata
1783 1331 1954 1375 fuerint
1976 1331 2056 1375 vix
2072 1331 2317 1390 intelligas,
2342 1337 2592 1393 praesertim

1348 1422 1504 1466 quum
1543 1406 1660 1450 illud
1708 1404 1775 1450 ἐπὶ
1808 1405 2082 1467 σαυρωτήρων
2117 1407 2389 1466 exquisitius
2425 1408 2593 1454 dictum

1360 1481 1433 1536 sit,
1450 1496 1584 1540 quam
1604 1480 1726 1541 quod
1739 1496 1765 1524 a
1784 1481 2025 1525 scholiasta
2045 1481 2224 1525 demum
2247 1482 2475 1527 invectum
2497 1500 2593 1530 esse

1360 1556 1594 1602 videatur:
1611 1572 1745 1616 quam
1759 1556 1944 1614 quidem
1959 1556 2266 1616 suspicionem
2287 1557 2418 1601 etiam
2438 1560 2592 1617 augeri

1361 1631 1597 1687 fatebitur,
1625 1632 1704 1691 qui
1733 1631 1821 1676 ista
1840 1632 1888 1675 in
1907 1630 2096 1675 scholiis
2114 1631 2339 1676 Parisinis
2356 1633 2417 1676 ita
2433 1633 2591 1678 referri

1359 1708 1530 1753 viderit
1553 1702 1566 1751 τ’
1590 1707 1779 1767 Σκύμνος
1802 1707 1840 1751 δὲ
1867 1706 1932 1751 διὰ
1952 1707 2156 1758 Τανάϊδος
2181 1707 2452 1752 πεπλευκέναι
2469 1708 2589 1770 φησὶν

1360 1781 1505 1833 αὖτοὺς
1517 1782 1587 1826 καὶ
1599 1784 1653 1833 εἷς
1667 1781 1738 1837 τὴν
1756 1781 1940 1843 μεγάλην
1957 1780 2167 1826 θάλασσαν
2188 1782 2421 1844 ἀφικέσθαι·
2443 1783 2529 1828 ἑλκ
2542 1783 2590 1827 ύ-

1359 1877 1551 1910 σαντας
1583 1858 1706 1921 γὰρ,
1744 1857 1929 1921 φησὶν,
1973 1857 2122 1913 αὐτὴν
2170 1858 2182 1921 ζ
2203 1856 2274 1912 τὴν
2299 1857 2465 1921 Ἀργὼ)
2521 1860 2589 1910 εἷς

1357 1932 1449 1988 τὴν
1483 1933 1699 1995 ἤπειρον
1747 1932 1836 1978 καὶ
1864 1932 2091 1994 ἄραντες
2125 1931 2207 1979 ἐπὶ
2245 1932 2588 1994 σαυρωτήρων

1359 2008 1620 2067 ἐκόμισαν
1659 2007 1810 2071 μέχρι
1844 2011 1933 2063 τῆς
1978 2007 2091 2053 καθ’
2139 2010 2278 2067 ἡμᾶς
2314 2007 2585 2063 θαλάττης.

1357 2082 1479 2137 Quid
1514 2084 1683 2127 multa?
1709 2094 1913 2127 tenemus
1939 2082 2171 2143 ipsissima
2202 2082 2386 2142 Scymni
2421 2082 2586 2141 verba,

1357 2175 1451 2202 non
1471 2173 1586 2219 *sane
1619 2173 1643 2201 e
1673 2158 1874 2202 carmine
1897 2157 2047 2212 ducta,
2075 2156 2152 2200 sed
2174 2171 2199 2200 e
2220 2157 2430 2217 prosaico
2452 2171 2587 2216 opere

1356 2234 1510 2293 petita.
1531 2232 1622 2278 Nec
1646 2233 1881 2277 dissimilis
1901 2247 2060 2277 eorum
2082 2241 2148 2277 est
2171 2232 2286 2276 ratio
2311 2248 2410 2291 quae
2427 2233 2583 2290 legun·

1355 2317 1429 2352 tur
1452 2309 1571 2367 apud
1588 2308 1882 2366 Apollonium
1906 2307 2022 2351 Hist.
2042 2306 2205 2349 mirab.
2229 2321 2328 2365 cap.
2356 2307 2407 2350 15
2427 2323 2436 2349 :
2465 2306 2584 2351 Σκύ-

1358 2400 1454 2440 μνος
1499 2381 1632 2443 (cod.
1679 2380 1908 2437 Σκυτίνος)
1947 2380 1987 2423 δὲ
2029 2383 2049 2423 ὁ
2077 2382 2175 2430 Χῖος
2204 2379 2276 2433 τὴν
2308 2379 2581 2440 Βρεταννικὴν

1354 2460 1475 2511 νῆσον
1503 2458 1619 2516 λέγει
1657 2455 1833 2500 σταδίων
1857 2448 1959 2499 εἶναι
1995 2454 2266 2515 τετρακοσίων
2291 2454 2582 2515 (τετρακισχι-

1353 2534 1481 2579 λίωνὲ
1505 2534 1518 2592 )
1538 2532 1582 2576 τὸ
1611 2530 1866 2593 περίμετρον.
1894 2528 2100 2589 γίγνεσθαι
2118 2530 2151 2573 δ’
2178 2530 2219 2573 ἐν
2246 2530 2347 2589 αὐτῇ
2370 2528 2581 2587 τὰγεννή-

1357 2627 1469 2670 ματα
1484 2604 1673 2668 ἀπύρηνα
1687 2640 1700 2664 ,
1721 2598 1801 2650 οἷον
1819 2603 1891 2662 τὰς
1908 2603 2043 2653 ἐλαίας
2057 2606 2237 2664 πυρῆνας
2261 2601 2318 2661 μὴ
2340 2602 2462 2663 ἔχειν,
2479 2602 2580 2661 μηδὲ

1358 2682 1504 2744 βότρυς
1527 2680 1734 2742 γίγαρτον,
1773 2679 1876 2737 μηδὲ
1906 2677 1956 2721 τὰ
1992 2675 2340 2739 ἐμφερῆτούτοις.
2375 2675 2580 2730 Quorum

1355 2768 1582 2820 postrema
1603 2771 1892 2816 quamquam,
1921 2754 2000 2813 qui
2018 2753 2174 2798 ludere
2195 2753 2336 2807 volet,
2353 2751 2473 2796 haud
2491 2767 2581 2795 1113-

1358 2849 1450 2893 gno
1473 2832 1658 2890 negotio
1682 2830 1736 2875 ad
1761 2831 1992 2874 trimetros
2016 2843 2231 2873 revocare
2253 2827 2443 2888 poterit,
2465 2841 2505 2870 e.
2543 2843 2580 2871 0.

1355 2911 1404 2955 111
1429 2910 1552 2954 1111110
1570 2907 1771 2965 modum,

1418 2977 1499 3029 οἷον
1522 2983 1644 3034 ἐλάας
1666 2981 1712 3046 (*)
1738 2984 1921 3041 πυρῆνας
1937 2981 2010 3024 οὐκ
2033 2978 2138 3039 ἔχειν
2161 2976 2298 3036 λόγος,

1419 3061 1503 3105 οὔδ’
1525 3052 1576 3103 αὖ
1599 3058 1741 3120 βότρυς
1756 3057 1962 3118 γίγαρτον,
1977 3054 2067 3100 οὐδὲ
2087 3057 2274 3115 τάμφερῆ

1418 3134 1570 3187 τούτοις
1589 3161 1651 3169 -

1356 3223 1504 3257 tamen
1521 3223 1564 3256 et
1579 3200 1829 3255 violentior
1850 3209 1945 3253 haec
1958 3207 2072 3252 ratio
2090 3214 2204 3251 esset
2223 3214 2265 3249 et
2285 3213 2375 3248 tum
2401 3203 2579 3246 demum

1357 3288 1554 3347 aliquam
1583 3284 1923 3347 probabilitatis
1950 3282 2143 3342 speciem
2177 3278 2412 3332 habitura,
2451 3278 2489 3320 si
2525 3277 2580 3319 de

1354 3363 1543 3407 metrica
1574 3359 1837 3420 Scymniani
1879 3349 2030 3417 operis
2068 3356 2213 3399 forma
2237 3351 2418 3397 aliunde
2457 3360 2578 3394 certo

1356 3446 1596 3482 constaret.
1621 3435 1827 3492 Denique
1845 3431 2002 3476 addam
2021 3445 2121 3489 quae
2144 3427 2342 3473 servavit
2357 3425 2579 3469 Herodia-

1340 3495 1441 3557 'nus
1462 3511 1581 3555 Dict.
1603 3509 1724 3554 solit.
1759 3525 1805 3568 p.
1836 3523 1906 3564 19,
1929 3512 1971 3558 l..
1992 3503 2134 3563 Cujus
2150 3504 2289 3547 verba
2304 3498 2576 3552 adscribam,

1355 3597 1405 3631 ut
1426 3602 1450 3630 a
1468 3585 1657 3629 Blochio
1670 3594 1714 3628 et
1733 3581 1975 3626 Dindorfio
1992 3578 2225 3624 emendata
2242 3585 2373 3621 sunt:
2394 3573 2455 3619 Τό
2474 3573 2581 3622 τ’Ἲς

1356 3662 1422 3706 ἐπὶ
1443 3664 1629 3718 ποταμοῦ
1651 3659 1835 3717 κείμενον
1854 3658 1952 3716 παρ’
1974 3654 2182 3717 Ἡροδότῳ
2203 3650 2472 3708 ἐκτεινόμενον
2497 3648 2580 3707 ἔχει

1355 3737 1400 3782 τὸ
1419 3755 1446 3781 ι.
1467 3734 1590 3782 Οὕτω
1613 3736 1628 3796 ζ
1651 3736 1685 3780 i.
1708 3750 1748 3781 e.
1772 3733 1837 3778 ἐπὶ
1858 3735 2043 3791 ποταμοῦ
2059 3729 2242 3789 κείμενον
2266 3726 2278 3789 )
2305 3725 2373 3771 καὶ
2396 3722 2580 3780 Σκύμνος

1357 3814 1397 3856 ἓν
1420 3814 1478 3873 τῷ
1505 3814 1576 3866 τῆς
1600 3808 1734 3860 Ἀσίας
1757 3807 1943 3870 περίπλῳ
1972 3827 1989 3846 υ
2020 3802 2321 3870 εὖρέθηλέχεται
2347 3798 2579 3854 Κελένδερῑς

1358 3886 1474 3939 πόλις
1499 3885 1689 3946 Σαμίων,
1715 3885 1785 3930 καὶ
1813 3883 1919 3946 ἱερὸν
1937 3880 2050 3940 παρὰ
2070 3884 2119 3942 τῇ
2149 3878 2263 3923 πόλει
2281 3874 2414 3935 ἽΙρης
2442 3872 2453 3933 (
2475 3870 2576 3915 cod.
