2808 4342
681 122 726 167 Ο

197 219 290 262 348

195 314 296 367 λίως
321 312 448 367 ξείνια
472 266 613 374 ἔφερον
637 310 683 354 ἐκ
701 309 775 360 τῆς
806 303 947 353 πόλιος
974 300 1139 351 θύννους
1158 317 1204 344 τε
1228 300 1271 344 ἐν
1288 297 1434 361 κριὸά·

197 402 324 432 νοισιν
346 379 494 431 ὀπτούς
519 381 533 439 (
551 371 662 423 οὗτοι
684 374 763 434 γὰρ
782 371 953 432 ἔσχατοι
967 371 1049 415 τῶν
1072 366 1353 431 Ἰχθυοφάγων
1374 369 1435 415 οἷ-

197 454 357 504 χέοντες
377 452 533 512 πρῶτοι
558 448 739 491 αὐτοῖσιν
768 439 965 502 ὤφθησαν
990 440 1066 484 οὔκ
1085 436 1431 501 ὠμοφαγέοντας)

197 521 271 568 xci
321 520 524 579 πέμματα
570 513 688 572 ὀλίγα
731 509 803 555 καὶ
846 507 1048 570 βαλάνους
1090 510 1172 554 τῶν
1222 507 1430 571 φοινίκων.

161 611 183 641 ⁶
203 590 249 653 (ῃ)
273 589 328 638 ‘0
351 588 393 635 δὲ
414 590 544 631 ταῦτα
564 580 639 641 μὲν
667 578 856 639 ἀσμένως
876 576 1064 624 δέκεσθαι
1084 576 1187 641 ἔφη,
1210 575 1361 624 ἐθέλειν
1382 577 1435 624 ’δὲ

199 659 425 715 θεήσασθαι
446 652 522 706 τὴν
551 650 688 696 πόλιν·
718 651 757 695 οῖ
789 647 956 695 &leton
977 649 1214 712 παρελθεῖν.
1269 637 1336 711 (τ’)
1359 647 1437 701 Ὣς

200 728 243 775 δὲ
259 726 356 772 εἴσω
378 723 519 767 πυλῶν
538 720 726 783 παρῆλθε
740 755 754 776 ‚
779 717 851 764 δύο
876 717 952 779 μὲν
981 720 1063 764 τῶν
1093 716 1289 773 τοξοτέων
1313 718 1437 765 κατέ-

199 813 286 857 χειν
309 790 466 837 κελεύει
489 788 564 845 τὴν
588 787 765 844 πυλίδα,
787 786 908 840 αὐτὸς
925 785 969 833 δὲ
985 786 1093 847 μετὰ
1116 787 1188 833 δύο
1205 786 1343 833 ἄλλων
1363 787 1437 833 καὶ

198 866 266 909 τοῦ
289 858 483 924 ἑρμηνέος
505 857 575 904 ἐπὶ
592 856 639 904 τὸ
664 857 796 920 τεῖχος
815 855 861 902 τὸ
880 854 1013 917 ταύτῃ
1045 855 1224 902 ἀνελθὼν
1254 855 1439 918 ἐσήμηνε

135 953 177 983 ιο
198 935 326 978 τοῖσιν
362 929 468 993 ἀμφὶ
498 927 566 974 τὸν
590 926 758 990 Ἀρχίην
786 926 898 979 ὅπως
921 924 1151 983 συνέκειτο,
1174 925 1244 971 τὸν
1272 924 1347 989 μὲν
1381 918 1438 972 ὧν

201 1005 413 1063 σημῆναι,
438 998 507 1044 τὸν
539 997 583 1044 δὲ
614 995 885 1058 ’συμὸαλόντα
908 995 1061 1042 ποιέειν
1093 995 1140 1041 τὸ
1169 994 1435 1056 τεταγμένον.

206 1073 258 1134 (4)
285 1067 523 1123 Ἰδόντεςδὲ
544 1067 591 1115 τὸ
611 1066 789 1129 σημήῖον
812 1068 851 1113 οἱ
873 1065 1110 1118 Μακεδόνες
1140 1065 1373 1113 ἐπώκελλόν
1396 1085 1441 1113 τε

199 1141 310 1187 κατὰ
339 1140 463 1202 τάχος
484 1136 558 1191 τὰς
583 1136 676 1190 νέας
699 1136 771 1183 καὶ
800 1135 1008 1191 ἐξεπήδων
1029 1137 1188 1199 σπουδῇ
1215 1137 1252 1188 ἐς
1270 1134 1345 1193 τὴν
1372 1137 1443 1182 θά-

200 1212 376 1257 λασσαν·
401 1212 438 1255 οἱ
457 1208 499 1254 δὲ
527 1207 732 1270 βάρὸαροι
753 1205 1026 1267 ἐκπλαγέντες
1048 1212 1154 1252 τοῖσι
1171 1205 1442 1267 γινομένοισιν

138 1298 179 1328 ts
202 1278 269 1326 ἐπὶ
285 1277 339 1324 τὰ
359 1275 467 1323 ὅπλα
485 1277 612 1322 ἔθεον·
630 1277 680 1336 (ο)
702 1278 724 1320 ὁ
744 1274 787 1320 δὲ
803 1272 1002 1336 ἑρμηνεὺς
1018 1276 1039 1319 δ
1055 1273 1128 1319 σὺν
1143 1274 1327 1338 Νεάρχῳ
1347 1273 1448 1330 ἐκήέ

204 1366 328 1413 ρυσσε
344 1350 456 1392 σῖτον
478 1345 633 1391 διδόναι
645 1348 695 1407 τῇ
714 1347 906 1408 στρατιῇ,
928 1345 963 1389 εἶ
983 1342 1094 1400 σώην
1113 1344 1317 1391 ἐθέλουσιν
1336 1343 1445 1406 ἔχειν

202 1417 278 1473 τὴν
293 1417 428 1463 πόλιν
450 1418 486 1462 οἱ
508 1413 551 1460 δὲ
570 1412 764 1476 ἠρνέοντο
787 1406 892 1459 εἶναι
915 1412 1056 1475 σφίσι,
1080 1413 1151 1459 καὶ
1179 1413 1269 1475 ἅμα
1296 1412 1446 1477 προσέ·

205 1486 334 1535 6αλον
352 1487 412 1551 τῷ
426 1485 569 1547 τείχεϊ·
595 1482 705 1530 ἀλλὰ
729 1483 973 1529 ἀνέστελλον
1000 1481 1146 1535 αὐτοὺς
1164 1485 1202 1529 οἱ
1224 1482 1386 1537 τοξόται
1410 1485 1446 1531 οῖ

204 1552 314 1617 ’ἀμφὶ
330 1554 398 1600 τὸν
426 1554 643 1616 Νέαρχον,
662 1550 702 1605 ἐξ
733 1550 968 1613 ὑπερδεξίου
991 1550 1233 1605 τοξεύοντες.
1304 1553 1352 1613 (ο)
1374 1551 1448 1606 Ὡς

139 1638 188 1670 20
207 1623 249 1670 δὲ
273 1623 427 1683 ἔμαθον
451 1621 655 1685 ἐχομένην
674 1638 718 1666 τε
744 1618 824 1675 ἤδη
854 1619 924 1665 καὶ
942 1617 1036 1666 ὅσον
1064 1619 1180 1667 οὔπω
1200 1622 1448 1685 ἀνδραποδι-

206 1691 463 1753 σθησομένην
497 1690 614 1754 σφίσι
637 1690 713 1747 τὴν
745 1690 892 1747 πόλιν,
918 1690 1011 1736 τότε
1044 1690 1086 1737 δὲ
1118 1690 1170 1748 δὴ
1195 1691 1355 1739 ἐδέοντο
1376 1697 1447 1739 τοῦ

207 1760 423 1824 Νεάρχου,
458 1759 527 1806 τὸν
568 1759 642 1820 μὲν
667 1766 779 1805 σῖτον
818 1758 947 1821 ὅσπερ
982 1753 1033 1816 ἦν
1071 1761 1230 1807 αὐτοῖσι
1268 1761 1449 1807 λαὸόντα

207 1830 410 1890 ἀπάγειν,
443 1829 518 1885 τὴν
546 1829 666 1875 πόλιν
696 1827 740 1874 δὲ
767 1828 825 1888 μὴ
850 1829 1100 1891 διαφθεῖραι.
1173 1830 1225 1890 (7)
1261 1829 1449 1893 Νέαρχος

209 1898 253 1944 δὲ
275 1898 344 1944 τὸν
371 1897 445 1958 μὲν
472 1898 640 1961 Ἀρχίην
662 1897 820 1943 κελεύει
840 1896 1095 1943 καταλαὸεῖν
1123 1897 1197 1950 τὰς
1223 1898 1356 1951 πύλας
1378 1901 1450 1946 καὶ

140 1988 188 2019 2⁸
207 1966 256 2013 τὸ
275 1967 366 2013 κατ’
386 1966 512 2019 αὐτὰς
533 1974 680 2028 τεῖχος·
702 1966 823 2019 αὐτὸς
841 1967 884 2012 δὲ
903 1965 1148 2027 συμπέμπει
1166 1965 1260 2020 τοὺς
1274 1971 1449 2032 κατοψο·

211 2035 355 2097 μένους
373 2036 442 2083 τὸν
462 2043 599 2092 σῖτον,
626 2037 661 2081 εἰ
680 2037 836 2088 ἀδόλως
858 2035 1124 2084 δεικνύουσιν.
1197 2036 1247 2098 (8)
1266 2037 1384 2084 Οἵδε
1407 2037 1452 2083 τὸ

211 2105 287 2166 μὲν
311 2105 394 2152 ἀπὸ
412 2109 494 2151 τῶν
515 2105 669 2168 ἰχθύων
704 2108 783 2151 τῶν
816 2107 952 2152 ὀπτῶν
973 2106 1250 2168 ἀληλεσμένον
1282 2106 1451 2171 ἄλευρον

207 2175 364 2223 πολλὸν
387 2175 650 2236 ἐδείκνυσαν,
675 2174 827 2236 πυροὺς
850 2175 893 2221 δὲ
923 2175 995 2221 καὶ
1022 2174 1165 2238 κριθὰς
1195 2175 1349 2237 ὀλίγας·
1381 2177 1452 2223 καὶ

210 2244 291 2309 γὰρ
326 2245 398 2290 καὶ
430 2243 657 2306 ἐτύγχανον
690 2243 791 2306 σίτῳ
828 2242 903 2303 μὲν
937 2246 996 2307 τῷ
1035 2243 1117 2289 ἀπὸ
1154 2246 1237 2290 τῶν
1271 2245 1424 2308 ἰχθύων
1438 2281 1451 2303 ,

142 2333 190 2363 30
211 2320 318 2360 τοῖσι
341 2313 384 2359 δὲ
420 2314 579 2376 ἄρτοισι
598 2313 675 2359 ὅσα
695 2311 784 2376 ὄψῳ
800 2312 1101 2376 διαχρεόμενοι.
1172 2312 1222 2377 (⁹)
1243 2313 1321 2368 Ὡς
1339 2314 1382 2361 δὲ
1402 2314 1452 2362 τὰ

212 2384 331 2428 ἐόντα
366 2381 649 2442 ἐπεδείκνυον,
675 2381 784 2429 οὕτω
807 2381 856 2438 δὴ
882 2385 928 2428 ἐκ
952 2385 1035 2427 τῶν
1058 2383 1295 2445 παρεόντων
1318 2385 1453 2431 ἐπισι·

211 2452 426 2512 τισάμενοι
449 2451 673 2510 ἀνήγοντο,
708 2451 781 2497 καὶ
813 2451 1051 2514 ὁρμίζονται
1074 2451 1174 2514 πρὸς
1204 2451 1359 2515 ἄκρην,
1380 2453 1454 2511 ἥν·

212 2540 304 2567 τινα
329 2524 365 2567 οἱ
398 2521 613 2585 ἐπιχώριοι
644 2519 738 2584 ἱρὴν
773 2521 894 2577 ἡλίου
927 2514 1043 2583 ἦγον·
1070 2519 1226 2583 οὕνομα
1258 2527 1310 2587 τῇ
1346 2523 1453 2586 ἄκρῃ

214 2592 388 2653 Βάγεια.

149 2677 194 2707 as
280 2664 445 2709 ΧΧΙΧ.
485 2660 677 2709 Ἐνθένδε
700 2661 807 2725 ἀμφὶ
832 2660 962 2722 μέσας
981 2660 1131 2714 νύκτας
1151 2661 1325 2725 ἄραντες
1346 2664 1454 2709 διεκ·

217 2732 399 2776 πλώουσι
425 2731 612 2783 σταδίους
632 2732 671 2783 ἐς
689 2732 846 2793 χιλίους
876 2733 915 2783 ἐς
938 2731 1139 2791 Τάλμενα
1161 2732 1309 2793 λιμένα
1337 2731 1453 2794 εὔορ-

220 2817 311 2859 μον·
336 2800 491 2844 ἐνθένδε
522 2803 561 2851 ἐς
597 2800 815 2846 Κανασίδα
847 2799 964 2846 πόλιν
997 2799 1156 2863 ἐρήμην
1192 2801 1382 2855 σταδίους
1417 2803 1457 2853 ές

218 2868 528 2929 τετρακοσίους,
550 2868 617 2913 ἵνα
651 2869 728 2913 τινὶ
748 2869 895 2931 φρέατι
916 2870 1077 2931 ὀρυκτῷ
1113 2871 1457 2933 ἐπιτυγχάνουσι,

219 2936 290 2983 καὶ
314 2936 488 2994 φοίνικες
516 2935 650 2997 ἄγριοι
675 2937 944 2997 ἐπεφύκεσαν·
966 2937 1120 2981 τούτων
1155 2938 1249 2990 τοὺς
1279 2939 1457 3002 ἐγκεφά·

157 3022 203 3056 ιο
218 3006 312 3059 λους
334 3005 552 3058 κόπτοντες
574 3004 789 3051 ἐσιτέοντο·
810 3006 861 3066 (2)
883 3011 991 3057 σῖτος
1007 3004 1087 3067 γὰρ
1112 3006 1363 3053 ἐπιλελοίπει
1384 3008 1457 3064 τὴν

218 3189 278 3199 —
301 3165 342 3208 3.
379 3170 573 3222 πρῶτοι
598 3165 614 3221 ]
639 3166 825 3220 πρώτοισι
854 3163 998 3215 codd.;
1033 3179 1115 3206 em.
1140 3165 1336 3221 Raphael.
1367 3169 1382 3220 Η
1409 3191 1464 3199 -

223 3228 264 3271 5.
287 3228 438 3270 δέεσθαι
464 3230 519 3270 D.
539 3228 556 3282 ΙΙ
589 3241 654 3270 10.
675 3223 731 3269 ὧν
754 3241 839 3269 om.
874 3228 1036 3270 ABCD.
1067 3229 1083 3282 ΙΙ
1108 3250 1164 3259 -
1198 3228 1263 3269 13.
1290 3227 1463 3280 {Esaia-15·

221 3291 369 3334 δωνΑ.
396 3292 493 3345 11-
518 3289 583 3332 15.
603 3289 625 3331 ὁ
657 3289 793 3331 cbvN.
826 3303 913 3331 om.
938 3292 990 3332 A.
1015 3290 1032 3344 ΙΙ
1058 3313 1116 3321 -
1141 3288 1206 3331 16.
1233 3288 1277 3331 εἰ
1303 3291 1464 3346 σώην]

220 3352 315 3396 εἴσω
332 3354 377 3396 ἂν
405 3352 528 3396 BC'D.
559 3353 666 3394 Dein
691 3350 874 3394 ἐθέλωσιν
898 3366 997 3407 vgo;
1023 3351 1165 3394 ἐθέλων
1196 3354 1251 3394 D.
1271 3367 1354 3395 em.
1380 3355 1467 3394 Du·

220 3417 341 3458 bner.
372 3418 388 3472 ΙΙ
421 3441 478 3448 -
505 3430 570 3471 17.
598 3414 866 3471 προσίὸαλλον
897 3418 949 3457 Α.
976 3416 993 3470 ss
1019 3438 1076 3447 —
1098 3427 1168 3459 20.
1189 3413 1467 3470 ἀνδραποδισο·

227 3481 343 3533 μένην
374 3481 423 3521 L.
465 3480 481 3533 ΙΙ
521 3502 580 3511 -
614 3491 684 3519 21.
717 3478 804 3519 τότε
841 3477 882 3519 δὲ
915 3476 989 3530 ἤδη
1028 3476 1124 3519 cod.
1155 3475 1323 3534 Bodley.
1366 3478 1382 3531 ΙΙ
1411 3501 1469 3509 -

225 3541 295 3582 23.
318 3542 532 3596 διαφθεῖραι
552 3543 603 3583 L.
643 3541 659 3594 11
682 3565 739 3572 -
767 3543 837 3583 28.
862 3540 926 3581 καὶ
947 3539 1023 3596 γὰρ
1043 3538 1257 3595 ἐτύγχανον
1280 3541 1328 3582 C.
1362 3542 1379 3594 ΙΙ
1411 3564 1468 3572 —

226 3613 297 3656 29.
331 3605 426 3643 Post
459 3618 499 3644 v.
530 3603 674 3657 ἰχθύων
698 3605 732 3645 C
757 3618 806 3644 ex
830 3612 988 3645 antece.
1022 3603 1202 3659 repetit:
1234 3606 1310 3644 τῶν
1338 3601 1466 3644 ὀπτῶν

223 3661 494 3719 ἀληλεσμένον
528 3665 715 3721 ἅλευρον;
740 3665 837 3707 dein
871 3680 948 3721 pro
982 3667 1107 3707 τοῖσιν
1138 3665 1307 3722 ἄρτοισιν
1345 3663 1467 3707 habet

225 3724 381 3768 ἐποίουν
397 3726 482 3782 ἄρτ.

283 3789 444 3841 XXIX,
462 3789 531 3831 36.
555 3788 749 3845 Τάλμεν
763 3792 816 3846 α]
838 3792 999 3833 Nomen
1019 3790 1185 3834 aliunde
1200 3806 1284 3835 non
1300 3798 1463 3834 notum.

228 3850 435 3894 Mensurae
459 3852 620 3895 ratione
638 3851 832 3894 ducimur
859 3854 900 3894 in
919 3854 1236 3903 Choubar-Baie,
1253 3853 1326 3895 ubi
1355 3866 1467 3895 nunc

234 3913 431 3965 morabar,
455 3914 532 3957 Ti:
542 3923 584 3957 et
598 3918 744 3969 Pur-ug
754 3915 923 3971 oppida,
935 3930 984 3957 ex
1000 3916 1152 3971 quibus
1177 3916 1252 3959 Tiz
1267 3914 1329 3958 vel
1346 3914 1464 3964 Taiz,

231 3990 282 4017 ex
302 3977 487 4020 Arabum
520 3978 792 4038 scriptoribus
827 3977 932 4019 bene
954 3987 1100 4020 notum
1131 3994 1242 4021 nunc
1264 3978 1395 4021 ruinis
1407 3975 1470 4033 Ja-

233 4051 330 4081 ccns
350 4041 367 4093 (
390 4054 428 4080 v.
463 4039 794 4096 Kempthornius
811 4039 838 4082 l.
860 4039 888 4082 l.
909 4054 951 4096 p.
978 4054 1053 4095 27¹
1085 4042 1123 4098 ),
1154 4041 1239 4097 jam
1265 4048 1466 4084 memorat

1346 189 1612 243 Annum

1501 301 1645 360 pidani
1679 298 1967 356 hospitalitatis
1983 303 2063 360 ipsi
2092 302 2227 355 dona,
2257 303 2438 360 thynnos
2468 303 2667 346 nmirum
2744 307 2746 333 ῑ

1502 369 1675 412 clibanis
1707 375 1837 409 tostos
1871 368 1948 421 (hi
1982 370 2096 423 enim
2131 372 2305 414 ammi
2337 370 2593 427 Ichthyopha

1503 438 1629 495 primi
1652 436 1727 478 visi
1749 445 1862 487 sunt,
1879 437 1952 492 qui
1974 436 2311 495 audispineibus
2333 454 2420 483 non
2451 447 2692 483 ven-‚cereum

1505 509 1631 561 at'que
1653 504 1907 562 placentulas
1924 517 2076 560 paucas
2092 511 2134 546 et
2160 505 2391 561 palmarum
2411 508 2564 550 cariem
2599 506 2680 550 affe

1503 573 1619 616 bant.
1680 574 1745 627 (α)
1774 574 1879 626 Quae
1893 571 2063 628 quidem
2078 568 2293 615 Nearchus
2311 576 2356 615 'se
2370 573 2547 618 libenter
2562 576 2702 632 accipe
2733 623 2743 634 ς

1507 641 1641 693 dixit,
1665 655 1818 697 cupere
1837 655 1935 682 vero
1961 640 2109 682 urbem
2130 641 2260 682 visere
2280 654 2290 682 ε
2309 640 2426 696 quod
2438 655 2570 697 quum
2586 643 2645 686 illi
2661 655 2757 686 non

1506 717 1759 760 recusarent,
1782 709 1869 766 ipse
1887 723 1987 751 vero
1999 708 2086 765 jam
2105 716 2247 764 portas
2269 709 2476 763 ingressus
2501 717 2620 761 eset,
2642 708 2703 752 du

1507 778 1737 833 sagittarios
1773 785 1821 819 ut
1855 784 2099 833 occupatam
2136 784 2325 818 tenerent
2359 774 2565 832 portulam
2580 806 2592 826 ,
2611 774 2732 832 iussit

1507 849 1602 904 Ipse
1629 861 1725 889 cum
1744 846 1833 889 aliis
1857 845 2023 888 dnobus
2039 854 2082 888 et
2099 846 2323 902 interprete
2343 846 2385 887 in
2409 859 2579 888 murum
2601 845 2674 901 qui

1509 929 1557 956 ea
1573 923 1690 971 parte
1707 922 1811 965 erat,
1832 912 2114 956 conscendens
2136 914 2300 973 Archia:
2314 914 2477 969 signum
2500 913 2587 964 dat,
2608 926 2734 969 quem

1509 981 1738 1024 admodum
1754 982 1863 1023 inter
1879 996 1950 1024 eos
1963 990 2213 1024 convenerat
2231 994 2242 1023 ι
2259 990 2300 1023 et
2314 981 2486 1024 simulac
2503 981 2572 1024 hic
2585 979 2688 1037 quid

1510 1051 1675 1106 signum
1689 1048 1846 1101 ederet,
1864 1049 1930 1091 ille
1943 1049 2082 1092 statim
2093 1048 2295 1092 intellecta
2309 1063 2355 1091 re
2369 1048 2412 1091 id
2427 1049 2543 1106 quod
2556 1057 2712 1091 statutu

1511 1127 1597 1161 erat
1621 1117 1731 1161 feeit.
1792 1118 1857 1172 (l.)
1875 1116 2123 1159 Macedones
2137 1130 2236 1160 vero
2252 1125 2474 1174 conspecto
2486 1118 2606 1174 signo
2619 1116 2760 1161 conse*

1512 1190 1608 1230 stim
1618 1202 1742 1230 navoe
1756 1187 1979 1244 applicant,
1991 1200 2235 1242 summaque
2254 1186 2459 1229 celeritate
2476 1187 2519 1229 in
2535 1200 2649 1229 mare
2662 1201 2741 1244 pro

1513 1257 1670 1298 siliunt.
1730 1255 1900 1298 Barbari
1929 1254 2043 1298 bisce
2061 1254 2184 1297 rebus
2203 1254 2380 1310 perculsi
2400 1253 2452 1296 ad
2478 1268 2593 1297 arma
2611 1253 2737 1297 consu

1515 1325 1649 1379 giunt.
1710 1324 1775 1380 (5)
1804 1326 2014 1380 Interproe
2034 1337 2155 1375 vero,
2186 1324 2259 1379 qui
2281 1322 2470 1365 Nearcho
2489 1322 2646 1373 aderat,
2661 1336 2739 1379 pro

1515 1394 1731 1446 clamabat,
1765 1403 1814 1436 ut
1846 1392 2102 1436 frumentum
2129 1393 2327 1435 exercitui
2359 1392 2523 1443 darent,
2546 1393 2580 1433 si
2606 1391 2714 1433 salva

1517 1463 1664 1505 urbem
1694 1462 1856 1504 vellent.
1917 1461 2131 1517 Negabant
2158 1461 2213 1503 illi
2243 1462 2381 1517 primo
2407 1460 2485 1502 sibi
2508 1460 2716 1502 frumentu
2754 1455 2758 1470 ³

1517 1547 1626 1584 esse,
1657 1532 1863 1588 simulque
1885 1533 1928 1573 in
1957 1545 2126 1573 murum
2153 1532 2352 1587 impetum
2386 1529 2604 1572 faciebant.
2665 1534 2718 1573 At
2739 1546 2767 1572 a

1518 1603 1754 1658 sagittariis,
1777 1603 1850 1658 qui
1869 1601 2057 1643 Nearcho
2084 1599 2272 1650 aderant,
2293 1599 2383 1641 telis
2406 1613 2456 1640 ex
2475 1598 2587 1641 edito
2604 1599 2695 1642 loco
2719 1600 2760 1640 in

1518 1684 1589 1712 eos
1622 1670 1758 1711 missis
1791 1668 1907 1710 facile
1944 1667 2097 1723 repulsi
2131 1675 2242 1708 sunt.
2306 1666 2368 1722 (6)
2407 1669 2630 1722 Postquam
2668 1681 2763 1709 vero

1519 1746 1680 1794 captam
1719 1735 1806 1791 jam
1843 1749 1932 1778 oese
1980 1734 2127 1776 urbem
2178 1742 2410 1786 senserunt,
2450 1748 2500 1776 ac
2536 1733 2762 1792 direptioni

1519 1806 1771 1862 proximam,
1796 1812 1886 1846 tuin
1914 1802 2085 1845 demum
2119 1802 2309 1844 Nearcho
2338 1801 2542 1858 supplices
2574 1801 2692 1855 sacti,
2717 1810 2767 1848 nt

1521 1873 1731 1915 frumento
1749 1871 1862 1928 quod
1882 1872 1924 1912 in
1945 1871 2048 1913 urbe
2064 1879 2169 1912 esset
2186 1879 2355 1926 accepto
2374 1869 2558 1912 discedat
2587 1869 2779 1928 oppido.

1520 1954 1603 1996 que
1634 1947 1790 1996 parcat,
1822 1947 1958 1981 orant.
2022 1938 2085 1995 (7)
2109 1937 2323 1980 Nearchus
2346 1937 2541 1980 Archiam
2563 1946 2703 1994 portas
2722 1946 2774 1982 et>

1521 2023 1692 2051 murum
1706 2009 1815 2051 circa
1832 2022 1900 2049 eas
1913 2020 2118 2063 occupare
2126 2005 2246 2061 jubet
2270 2018 2281 2046 ε
2307 2006 2393 2061 ipse
2407 2005 2508 2048 alios
2525 2019 2601 2062 per
2618 2006 2767 2050 urben

1522 2093 1605 2120 una
1621 2092 1716 2120 cum
1738 2077 1882 2119 incolis
1894 2077 2022 2119 mittit
2032 2075 2453 2132 quiexplorarent,an
2469 2076 2572 2118 citra
2580 2074 2767 2120 fraudem
2780 2076 2795 2106 ἕ

1521 2146 1723 2204 quicquid
1753 2146 1951 2188 frumenti
1972 2145 2173 2188 haberent
2202 2144 2485 2187 ostenderent.
2546 2147 2610 2199 (8)
2631 2134 2799 2201 Atque-12

1523 2216 1580 2257 illi
1599 2214 1769 2271 quidem
1785 2214 1958 2256 multam
1978 2213 2154 2255 farinam
2176 2227 2225 2254 ex
2243 2214 2360 2255 tostis
2382 2212 2564 2269 piscibus
2582 2214 2768 2257 molitam
2783 2198 2803 2243 ⁴,

1523 2283 1812 2335 ostenderunt,
1852 2282 2050 2325 frumenti
2098 2296 2196 2324 vero
2241 2290 2365 2338 atque
2412 2281 2559 2325 hordei
2595 2296 2767 2340 parumg

1525 2351 1730 2408 siquidem
1763 2351 1894 2393 farina
1918 2352 2094 2408 piscium
2117 2365 2195 2407 pro
2214 2349 2449 2403 frumento,
2474 2349 2652 2407 panibus
2672 2338 2808 2402 vet-033

1524 2429 1602 2470 pro
1617 2414 1792 2471 opsonio
1807 2413 2047 2456 utebantur.
2109 2415 2173 2468 (9)
2188 2414 2414 2469 Postquam
2430 2426 2530 2455 vem
2542 2425 2636 2468 qun
2647 2410 2798 2467 habe-tf.

1526 2478 1626 2520 bant
1652 2477 1941 2528 ostenderunt,
1965 2486 2110 2535 parato
2129 2477 2228 2519 hinc
2248 2484 2484 2519 commeatu
2499 2475 2701 2519 solvente·

1526 2541 1862 2597 promontorium
1890 2541 2124 2597 appellunt,
2149 2539 2263 2596 quod
2283 2539 2487 2594 indigenae
2507 2538 2590 2582 Soli
2613 2522 2770 2585 sacrum

1527 2604 1823 2661 opinabantur.
1847 2605 2011 2645 Nomen
2037 2604 2074 2644 ei
2100 2610 2189 2644 erat
2208 2603 2348 2657 Bagia.

1583 2667 1744 2708 XXIX.
1776 2664 1880 2707 Inde
1907 2665 1986 2706 sub
2018 2663 2198 2705 mediam
2230 2671 2395 2706 noctem
2426 2662 2630 2706 solventes
2662 2661 2774 2708 mille

1528 2735 1660 2778 stadia
1683 2735 1839 2777 emensi
1865 2735 1907 2775 in
1926 2733 2126 2775 Talmena
2149 2741 2285 2774 tutum
2313 2748 2336 2774 a
2360 2733 2492 2775 ventis
2510 2741 2678 2789 portum
2703 2746 2772 2775 ve-

1529 2813 1697 2847 nerunt.
1758 2799 1925 2845 Hinc'in
1951 2802 2155 2845 Canasida
2172 2803 2319 2844 urbem
2343 2801 2548 2844 desertam
2575 2795 2776 2859 quadrini-ff

1529 2874 1661 2929 gentis
1682 2871 1824 2914 stadiis
1856 2870 1954 2913 inde
1984 2870 2231 2921 distantum
2254 2870 2325 2911 ubi
2355 2877 2528 2926 puteum
2560 2868 2773 2926 quendam

1530 2941 1726 2984 effossum
1742 2948 2001 2998 repererunt,
2018 2940 2086 2982 cui
2098 2939 2242 2996 palmae
2260 2947 2438 2994 agrestes
2454 2937 2615 2980 adnatae
2624 2945 2769 2990 erantg

1531 3011 1678 3052 harum
1701 3011 1833 3066 capita
1848 3009 2017 3066 praecisa
2033 3006 2212 3050 ederunt
2240 3020 2250 3048 :
2273 3010 2337 3062 (α)
2346 3006 2434 3062 jam
2451 3007 2563 3048 enim
2590 3004 2775 3048 frumen·
2796 3052 2808 3063 ⁴

1535 3168 1795 3218 Ptolemaeus,
1820 3169 1916 3208 Τίσα
1944 3167 1957 3221 (
1978 3166 2029 3207 al.
2048 3165 2156 3216 Τήσα
2173 3168 2189 3218 )
2207 3178 2372 3213 vocans,
2404 3163 2528 3205 situm
2547 3170 2685 3205 tamen
2698 3176 2770 3219 pa·
2794 3147 2803 3187 .‘

1535 3243 1628 3270 rum
1652 3238 1839 3271 accurate
1862 3228 2074 3270 exhibens.
2098 3225 2288 3268 Eundem
2306 3225 2367 3267 vel
2382 3225 2622 3282 proximum
2636 3223 2777 3278 locum

1535 3306 1558 3332 a
1584 3290 1772 3332 Nearcho
1802 3290 1995 3333 Talmena
2034 3288 2115 3330 dici
2143 3297 2253 3330 recte
2276 3295 2437 3338 censet,
2478 3288 2644 3344 opinor,
2720 3308 2727 3323 ·
2779 3287 2782 3292 ’

1537 3353 1690 3394 selinus
1723 3355 1802 3404 111,
1823 3366 1866 3409 p.
1894 3355 1986 3402 148.
2016 3354 2150 3408 Prope
2183 3351 2259 3393 Tiz
2278 3351 2363 3392 exit
2382 3353 2516 3393 (ἔασκε
2534 3350 2686 3392 fluvius
2748 3396 2753 3397 ⁷
2776 3361 2778 3366 ⁴

1539 3414 1652 3456 Khor
1672 3417 1819 3458 Neam.
1857 3416 1967 3456 Num
1999 3414 2105 3456 sorte
2135 3427 2214 3470 pro
2238 3412 2423 3469 Τάλμενα
2459 3412 2537 3468 leg.
2565 3411 2771 3469 Γάλμινας

1542 3478 1559 3531 ΙΙ
1595 3501 1652 3508 -
1686 3478 1755 3532 37.
1797 3477 2079 3533 Κανασίδα]
2115 3489 2268 3519 nomen
2293 3474 2461 3518 aliunde
2487 3487 2573 3518 non
2604 3471 2754 3520 notun*

1538 3540 1732 3581 Vincenti
1772 3539 1905 3581 lusum
1940 3539 2263 3595 etymologicum
2302 3538 2475 3581 missum
2512 3537 2632 3580 facio.
2733 3527 2739 3539 ’
2771 3543 2780 3594 ’7

1538 3602 1651 3643 locus
1678 3601 1865 3644 desertus
1896 3602 2020 3644 suerit
2051 3601 2105 3644 ad
2134 3602 2261 3643 maris
2300 3614 2523 3652 recessum,
2557 3613 2681 3656 quem
2727 3627 2741 3633 --
2767 3646 2776 3659 Ι,

1538 3665 1682 3706 ficiunt
1706 3668 1790 3707 Bas
1816 3668 1989 3707 Fuzzcm
2020 3672 2061 3707 et
2083 3667 2169 3706 lens
2187 3662 2354 3706 codem.
2378 3664 2394 3718 ΙΙ
2420 3686 2478 3695 -
2502 3661 2539 3711 ἐς
2556 3670 2652 3704 ante
2671 3672 2779 3719 τετρ

1537 3742 1622 3769 om.
1645 3729 1693 3769 C.
1724 3729 1740 3781 ΙΙ
1759 3751 1816 3758 -
1836 3729 1905 3782 39.
1930 3726 2143 3784 ἀκεφάλους
2162 3728 2215 3768 D.
2239 3724 2478 3781 Ἐγκέφαλος
2499 3738 2605 3781 soepe
2623 3723 2707 3766 diei
2720 3741 2753 3758 ··=
2769 3736 2806 3783 Sl

1537 3790 1680 3846 palmae
1703 3804 1918 3832 cacumen.
1943 3791 1998 3831 V.
2024 3788 2222 3846 stephan.
2247 3787 2374 3830 Thes.
2406 3802 2441 3829 s.
2474 3801 2514 3829 v.
2540 3786 2606 3830 Cf.
2629 3788 2672 3830 St
2726 3839 2730 3842 ἡ

1537 3867 1581 3908 p.
1607 3866 1686 3907 722
1702 3851 1754 3894 dc
1773 3850 1997 3894 Alexandri
2018 3849 2270 3893 militibusin
2293 3848 2496 3892 Gedrosia
2514 3862 2523 3890 :
2550 3847 2626 3891 ἀπὸ
2645 3847 2687 3891 δέ
2716 3864 2735 3878 ··
2751 3859 2786 3904 433

1538 3915 1719 3969 φοινίκων
1743 3911 1789 3967 ἦν
1808 3914 1832 3966 ἢ
1857 3914 2043 3970 σωτηρία,
2060 3915 2130 3955 τοῦ
2150 3927 2191 3955 τε
2214 3914 2359 3968 καρποῦ
2378 3911 2443 3953 καὶ
2461 3914 2529 3952 τοῦ
2546 3910 2614 3967 ἒγκ
2721 3913 2781 3942 7

1539 3978 1706 4017 Curtius
1732 3990 1830 4017 vcro
1860 3977 1938 4027 IX,
1968 3989 2019 4018 10
2043 3988 2053 4017 :
2072 3974 2232 4030 samem
2253 3973 2403 4016 sentire
2422 3980 2639 4030 emper-unt,
2661 3959 2808 4024 edi-'Q

1540 4053 1603 4080 ces
1616 4038 1868 4095 palmarum,
1888 4035 2060 4094 metmfflc
2082 4037 2171 4079 sola
2201 4051 2247 4079 ca
2268 4035 2393 4078 arbor
2405 4033 2608 4089 gignitur,
2626 4029 2772 4089 abique
2796 4041 2808 4087 ζ

2791 4108 2808 4135 ι

2789 4194 2808 4293 3

2793 4301 2808 4342 ἲ
