2756 4354
91 291 267 352 vopisc<
299 290 504 353 ἅνθρωποι
524 287 686 342 Λιξῑται
710 283 940 348 βοσκήματ’
963 282 1123 342 ἔνεμον,
1140 277 1243 342 παρ’
1262 270 1323 332 οἷς

92 361 312 423 ἱμείναμεν
340 359 441 423 ἄχρι
462 357 593 415 τινὸς,
612 357 721 419 φίλοι
747 353 973 415 γινόμενοι.
1324 372 1325 375 “

152 446 190 480 7.
225 428 395 479 Τούτων
429 426 472 475 δὲ
494 426 741 487 καθύπερθεν
774 420 973 471 Αἰθίοπες
1004 416 1140 481 ᾤκουν
1162 413 1320 476 ἄξενοι,

94 503 174 562 γῆν
196 498 412 560 νεμόμενοι
434 494 630 558 θηριώδη,
653 488 946 550 διειλημμένην
966 486 1079 551 ὄρεσι
1099 484 1320 548 μεγάλοις,

91 570 135 624 ἱξ
152 563 211 617 ὧν
237 571 321 632 ῥεῖν
345 585 445 630 φασι
465 566 534 611 τὸν
567 562 690 615 Δίξον
704 595 719 620 ,
751 557 846 620 περὶ
868 555 912 604 δῖ
933 554 988 604 τὸ
1008 554 1086 619 ὄρη
1112 555 1319 603 κατοικεῖν

91 636 326 702 ἀνθρώπους
348 632 670 694 ἀλλοιομόρρους
683 665 696 687 ,
718 623 1032 691 Τρωγλοδύτας·
1052 623 1123 678 οὓς
1141 623 1321 688 ταχυτέ-

92 726 183 770 ρους
200 706 339 751 ἵππων
359 706 401 749 ἰν
424 701 586 764 δρόμοις
607 699 783 761 ἔφραζον
799 698 839 743 οἱ
857 694 1036 750 Λιξῖται.

150 793 185 823 ιι.
221 773 426 823 Λαὸόντες
445 770 487 816 δὲ
502 769 600 831 παρ’
622 770 758 814 αὑτῶν
781 766 1010 829 ἑρμηνέας,
1030 763 1320 829 παριπλίομεν

87 845 160 903 τὴν
190 844 347 906 ἐρήμην
374 840 476 902 πρὸς
507 832 780 901 μεσημὸρίαν
806 835 879 884 δύο
898 835 1072 898 ἡμέρας·
1103 836 1256 881 ἐκεῖθεν
1276 832 1319 879 δὲ

84 999 318 1041 reseruntur
331 994 552 1052 aptissime.
570 991 729 1034 Eodem
745 989 952 1033 adducere
966 989 1062 1039 licet
1076 987 1321 1031 Pausaniam

84 1062 156 1118 qui
179 1059 334 1102 Lixitas
359 1056 509 1099 Διὸὗων
526 1055 615 1104 τοὺς
637 1054 823 1109 ἐσχάτους
836 1051 954 1104 dicit,
971 1053 1009 1103 1,
1032 1051 1101 1102 33,
1129 1050 1152 1092 5
1177 1063 1187 1092 ;
1209 1049 1322 1091 Μαύ-

82 1140 160 1178 ροις
181 1123 427 1178 προσοικοῦσι
454 1118 630 1167 Αἰθίοπες
656 1117 750 1174 ἄχρι
779 1116 1035 1172 Νασαμώνων
1068 1113 1319 1170 παρήκοντες.

82 1186 318 1241 Ναπαμῶνες
346 1182 438 1241 γὰρ,
474 1183 538 1231 οὓς
569 1181 778 1229 Ἄτλαντας
814 1178 1038 1235 Ἧρόὃοτος,
1066 1177 1104 1219 οἱ
1132 1176 1174 1218 δὲ
1205 1177 1323 1232 μέτρα

81 1250 245 1304 φάμενοι
262 1250 335 1303 γῆς
356 1245 510 1295 εἰδέναι,
536 1243 683 1293 Λιξίτας
704 1242 882 1292 καλοῦσι,
908 1241 1056 1283 Λιὸὑων
1083 1239 1122 1281 οἷ
1142 1238 1319 1294 ἔσχατοι,

81 1311 173 1367 πρὸς
196 1310 375 1352 Ἄτλαντι
388 1307 552 1358 οἰκοῦσι,
574 1306 790 1361 πείροντες
811 1304 878 1360 μὲν
898 1303 1023 1355 οὐδὲν,
1045 1301 1121 1344 ἀπὸ
1139 1301 1180 1343 δὲ
1199 1301 1322 1358 ἀμπέ-

82 1374 163 1414 λων
189 1374 329 1422 ζῶντες
346 1370 506 1427 ἀγρίων.
529 1369 724 1412 Similiter
744 1366 971 1422 Aithiopes,
997 1378 1103 1420 quos
1117 1371 1158 1405 et
1172 1364 1323 1405 Hanno

82 1443 125 1477 et
145 1434 290 1491 Scylax
315 1433 546 1476 Lixitarum
569 1430 728 1485 regioni
763 1429 920 1470 vicinos
949 1434 1128 1484 ponunt,
1153 1426 1321 1467 nonnisi

82 1498 127 1540 in
142 1497 337 1540 extremis
351 1495 492 1551 Libya:
509 1494 695 1551 partibus
712 1507 780 1549 ap.
802 1499 901 1532 vett.
920 1497 1217 1531 memorantur.
1241 1490 1324 1530 De·

83 1561 209 1616 nique
239 1559 386 1603 Lixitae
417 1565 572 1600 norunt
603 1556 786 1610 linguam
817 1553 1067 1611 populorum
1099 1553 1171 1608 qui
1209 1560 1323 1593 trans

82 1622 294 1664 desertum
325 1620 529 1671 habitant,
557 1634 608 1661 ex
645 1619 776 1673 iisque
811 1617 1055 1672 interpretes
1088 1615 1239 1656 Hanno
1259 1628 1321 1655 as·

83 1685 272 1742 sumpsit.
301 1686 399 1738 Quo
427 1683 527 1725 item
551 1680 702 1723 deserti
719 1678 866 1722 accolae
889 1677 1143 1728 indicantur,
1170 1676 1323 1733 quibus

82 1762 180 1789 cum
204 1748 268 1797 iis,
293 1747 365 1803 qui
396 1745 450 1787 ab
484 1744 609 1786 altera
637 1741 873 1784 solitudinis
903 1749 1020 1797 parte
1046 1747 1179 1790 erant,
1211 1754 1324 1781 eom·

83 1810 238 1852 mercia
267 1806 590 1857 intercedebant,
614 1805 782 1847 sortasse
809 1804 933 1845 etiam
967 1803 1178 1857 cognatim
1213 1810 1324 1843 certe

83 1872 240 1913 mirum
264 1878 326 1912 est
354 1869 574 1912 Pharusios
594 1867 705 1925 apud
731 1866 995 1910 Ptolemaeum
1015 1866 1074 1906 cis
1094 1863 1320 1915 desertum,

82 1931 193 1990 apud
213 1930 431 1989 Polybium
453 1930 467 1987 (
485 1932 528 1972 in
547 1930 653 1972 Plin.
676 1930 731 1971 11.
749 1930 801 1970 Ν.
820 1930 876 1979 V,
905 1942 919 1969 1
942 1928 956 1984 )
981 1936 1094 1969 trans
1113 1925 1323 1969 desertum

52 2023 59 2029 -
84 1994 292 2037 collocari.
322 1994 420 2036 naec
445 1993 569 2048 igitur
591 1991 753 2033 deloco
767 2005 853 2047 quo
884 1991 1012 2032 Lixus
1030 1988 1250 2045 ponendus
1271 1990 1325 2031 sit

80 2056 304 2099 sufficiant.
328 2054 567 2099 Hodiernus
597 2057 721 2096 Noun
753 2054 796 2095 ss.
830 2051 941 2109 apud
964 2051 1231 2094 Ptolemaeum
1255 2066 1325 2093 vo-

82 2127 202 2161 catur
231 2118 371 2162 Nudus
392 2117 455 2159 vel
477 2115 660 2165 Nomius,
698 2129 823 2171 quem
856 2113 1052 2171 deinceps
1084 2115 1271 2170 sequitur
1300 2129 1325 2156 a

82 2180 256 2224 meridie
273 2181 468 2224 Soloentii
487 2179 761 2237 promontorii
781 2177 794 2234 (
814 2180 899 2235 cap
917 2176 1127 2234 Bajador)
1147 2178 1188 2218 in
1212 2191 1325 2219 mare

82 2245 222 2286 exiens
234 2245 370 2286 Massa
389 2243 538 2284 ssuvius
553 2274 564 2292 ,
589 2255 712 2296 quem
735 2239 957 2293 portugalli
978 2247 1127 2280 vocant
1149 2239 1323 2281 nuvium

84 2306 238 2349 Album
271 2306 343 2363 (v.
366 2307 573 2348 Mannert.
595 2306 651 2354 X,
677 2318 718 2354 2,
757 2318 799 2359 p.
840 2304 919 2345 528
939 2303 972 2359 ).
1010 2301 1127 2344 Idem
1151 2301 1324 2358 Polybio

80 2368 110 2411 l.
136 2370 164 2411 l.
188 2369 343 2412 dicitur
361 2371 567 2412 Mas-atae.
592 2368 812 2410 Proximus
835 2380 933 2407 vero
953 2380 978 2407 a
998 2367 1174 2407 Masatat
1196 2366 1324 2408 fluvio

82 2431 251 2475 boream
273 2446 413 2474 versus
438 2430 632 2487 Polybius
651 2436 854 2471 memorat
890 2430 1118 2477 Cossenum,
1155 2429 1228 2484 qui
1261 2443 1325 2470 re·

83 2495 286 2552 spondere
329 2494 452 2536 debet
486 2490 558 2535 aui
595 2494 706 2535 Nuio
743 2491 949 2534 Ptolemaei
963 2522 974 2541 ,
1013 2499 1085 2533 aut
1120 2490 1325 2534 hodierno

87 2561 217 2599 Dran.
254 2556 359 2598 Illud
389 2555 667 2613 probabilius,
700 2555 732 2594 si
763 2562 873 2595 recte
902 2553 1041 2604 babet,
1066 2552 1181 2609 quod
1213 2553 1325 2610 apud

84 2621 336 2662 Movet-sium
380 2620 494 2674 tego,
537 2618 788 2661 hodiernum
830 2620 953 2659 Noun
994 2618 1118 2659 etiam
1169 2621 1326 2660 Acasse

86 2697 240 2724 vocari.

142 2749 166 2799 S
186 2759 227 2800 7.
251 2743 522 2791 Αἰθίοπες...
551 2743 712 2791 ἄξενοι
731 2744 746 2795 ]
765 2742 909 2798 Scylax
933 2741 959 2782 l.
980 2742 1008 2783 l.
1038 2755 1047 2782 ε
1074 2740 1168 2797 Περὶ
1187 2745 1322 2784 τοῦτον

85 2808 154 2851 τδν
171 2807 346 2863 ποταμδν
365 2806 458 2862 (τὸν
476 2806 584 2853 Mirm
603 2806 615 2861 )
638 2809 893 2861 περιοικοῦσιν
911 2803 1083 2852 Αἰθίοπες
1098 2804 1207 2859 ἱεροί.
1233 2807 1248 2858 ΙΙ
1270 2830 1326 2838 -

86 2869 519 2925 ἄλλοιομόρφους]
539 2867 810 2922 Troglodytas
842 2868 940 2907 istos
962 2866 1202 2907 Gosselinus
1241 2883 1323 2910 non

85 2933 277 2976 hornines
318 2930 458 2987 quales
496 2930 602 2971 Mela
651 2931 686 2979 1,
732 2932 774 2979 8,
818 2928 1054 2969 Herodotus
1102 2930 1177 2979 1v,
1231 2932 1323 2982 183,

86 2993 300 3049 Diodorus
339 2995 417 3043 111,
457 2993 499 3043 8,
541 2995 612 3042 ln,
661 2991 727 3033 alii
772 2989 1029 3040 describunt,
1077 2990 1148 3031 sed
1187 2989 1326 3033 simias

47 3079 50 3081 “
86 3052 478 3115 (Dm-omatibus)
496 3054 627 3109 fingit.
646 3058 734 3109 11-
747 3068 869 3107 ταχυ
883 3054 1016 3108 τέρου
1029 3053 1244 3107 ς’ίππων]
1259 3055 1322 3095 Cf.

84 3118 251 3164 Solinus
270 3116 416 3175 Polyb.
447 3132 486 3159 c.
519 3131 574 3172 70
603 3130 613 3159 ε
646 3114 899 3171 nglodyeoe
925 3124 1045 3156 tanea
1078 3114 1328 3172 pernicitate

79 3182 254 3241 pollent,
275 3189 324 3223 ue
333 3178 455 3236 [επις
484 3193 589 3237 quas
617 3178 841 3232 sagittant,
876 3177 962 3234 ipsi
982 3177 1172 3218 cursibus
1191 3193 1326 3234 persen

86 3254 282 3301 quantur.
311 3241 514 3286 Herodot.
535 3242 613 3292 IV,
645 3242 721 3283 183
746 3254 755 3281 :
782 3239 830 3281 Oi
854 3239 930 3295 γὰρ
962 3238 1237 3295 Τρωγλοδύται
1262 3239 1327 3281 Λί-

89 3307 216 3355 Olor-,35
246 3306 363 3355 πόδας
387 3306 565 3361 τάχιστοι
592 3302 803 3359 ἀνθρώπων
833 3303 986 3344 πάντων
1018 3300 1090 3344 εἰσὶ
1123 3301 1210 3344 κτλ.
1243 3304 1329 3345 Leo

91 3370 309 3412 Africanus
335 3383 378 3425 p.
415 3369 462 3409 13
488 3367 541 3410 de
565 3367 745 3409 Rucbeis
767 3365 957 3408 nomadis
982 3379 991 3407 ε
1034 3386 1051 3401 α
1081 3370 1183 3407 Seme
1204 3381 1328 3408 cursu

89 3431 353 3478 wlocissimi.
387 3431 487 3472 odeo
512 3439 558 3471 ue
594 3429 881 3487 turpi-mimum
916 3428 1003 3470 illie
1038 3428 1253 3478 habeatur,
1288 3429 1329 3471 si

120 3491 185 3534 uis
200 3491 324 3549 pedes
345 3507 372 3531 a
398 3491 556 3533 «luobus
575 3491 783 3547 equitibus
799 3499 1028 3546 superetur.
1053 3492 1192 3546 Neque
1224 3489 1331 3531 inter

90 3507 164 3596 Ξῆε
186 3553 262 3596 vis
289 3568 527 3610 quemquam
555 3553 751 3609 reperias,
778 3553 851 3608 qui
871 3567 948 3592 non
967 3566 1090 3593 cursu
1111 3551 1328 3608 quemlibet

90 3614 219 3661 eliam
229 3629 373 3672 equum
388 3615 656 3671 quantumvis
675 3614 842 3655 velocem
853 3622 1099 3662 antemnae,
1117 3613 1176 3654 si!
1187 3624 1330 3670 quam-

91 3675 162 3720 vis
182 3675 345 3730 longum
356 3675 629 3734 peragendum
654 3675 745 3717 ieet.
770 3696 785 3711 ι·
814 3677 956 3730 Inepte
980 3689 1076 3715 vero
1097 3674 1148 3715 ad
1172 3683 1330 3717 monta-

92 3753 171 3782 nos
187 3736 630 3794 nostros'rrogtodyms
643 3737 829 3779 nonnulli
846 3737 1074 3778 retulerunt
1087 3737 1210 3778 verba
1227 3740 1331 3791 Aga·

93 3801 267 3845 theineri
297 3801 356 3853 Π,
395 3800 419 3843 5
453 3814 464 3843 :
500 3800 600 3856 Πρὸς
640 3800 707 3856 μὲν
744 3804 800 3856 τῷ
839 3798 1045 3856 Αἰθιοπικῷ
1086 3797 1332 3857 Ἰπποδρόμῳ

98 3866 112 3920 (
134 3862 366 3922 ’Υποὸρόμῳ
384 3862 626 3907 Ptolemoeus
646 3871 687 3906 et
703 3862 903 3905 Mareian.
920 3861 934 3918 )
963 3861 1175 3917 ἱπποφάγοι
1202 3862 1330 3903 Aiolo-

96 3942 163 3976 τες
180 3926 267 3969 κτλ.

153 3991 237 4044 58.
270 3991 622 4048 παρεπλέομεν
652 3987 736 4043 τὴν
763 3988 949 4046 ἐρήμην
988 3987 1089 4031 κτλ.
1115 3989 1129 4042 j
1155 3990 1186 4030 A
1225 3989 1331 4030 Lixo

914 177 1224 228 EANNONlS
1257 175 1814 226 CABTBAGlNlENSlS

1391 354 1608 412 quamdiu,
1630 370 1762 413 quum
1778 356 1901 398 mica
1917 370 2114 398 mmm.

1449 439 1492 481 7.
1523 426 1657 482 Supra
1694 425 1772 468 hos
1809 424 2052 467 babitabant
2085 424 2299 480 Aithiopes
2336 422 2628 479 inhospitales,
2654 435 2694 483 ἐή),

1392 500 1545 536 terram
1559 492 1739 535 colentes
1758 492 1854 535 feris
1868 491 2078 543 refertam,
2101 491 2315 534 montibus
2333 492 2493 547 magnis
2508 492 2646 536 iniens.
2688 544 2691 547 v

1391 569 1554 618 ceptam
1567 592 1580 612 ,
1605 575 1630 603 e
1642 561 1795 618 quibus
1810 562 1961 604 Lixum
1983 561 2112 602 fluere
2129 558 2292 610 dicunt,
2312 560 2422 602 eirea
2435 568 2635 604 montana

1390 638 1531 673 autem
1552 630 1738 673 habitare
1755 630 1947 672 homines
1967 629 2111 671 formae
2137 628 2325 680 diverse,
2340 628 2641 686 Troglodytas,

1391 712 1498 756 quos
1516 699 1634 755 equis
1654 712 1742 741 esse
1763 712 1889 740 eursu
1910 697 2134 739 velociora
2154 697 2301 739 Lixitae
2322 696 2560 739 narrabant.

1447 770 1491 811 8.
1522 769 1713 824 Acceptis
1742 768 2036 824 interpretibus
2067 781 2092 809 a
2115 767 2277 817 Lixitis,
2305 766 2514 809 desertum
2534 766 2636 822 legi-

1392 851 1487 880 mus
1513 836 1731 879 meridiem
1760 851 1901 879 versus
1919 850 1994 893 per
2007 836 2097 879 dies
2110 835 2198 879 duo
2221 836 2514 894 (duodecim),
2534 836 2638 879 bine

1390 983 1600 1041 profectus
1615 984 1766 1026 Hanno
1785 982 1855 1036 τὴν
1876 984 2041 1042 ἐρήμην,
2063 986 2092 1027 i.
2110 999 2149 1027 e.
2167 985 2422 1027 notissimam
2432 985 2634 1028 Soleae-cun

1390 1046 1672 1098 solitudinem,
1693 1049 2049 1103 praeternavigavit
2059 1046 2275 1090 meridiem
2296 1061 2460 1100 versus3
2480 1047 2635 1091 deinde

1391 1111 1593 1152 orientem
1610 1124 1751 1152 versus
1772 1118 1919 1152 tenens
1940 1112 1985 1153 in
2003 1111 2144 1153 sinum
2164 1110 2347 1161 intravit,
2370 1109 2489 1166 eujus
2508 1111 2552 1152 in
2570 1111 2635 1153 in·

1392 1173 1494 1215 tima
1511 1181 1628 1229 parte
1652 1174 1729 1215 sita
1747 1182 1835 1215 erat
1855 1174 1989 1216 Cerne
2010 1172 2158 1216 insula.
2189 1175 2282 1215 Jam
2308 1174 2341 1214 si
2368 1173 2410 1214 in
2439 1186 2634 1230 mappam

1391 1235 1533 1277 oculos
1550 1234 1790 1291 conjeceris,
1806 1244 1918 1292 patet
1935 1237 2237 1291 navigationem
2256 1234 2473 1278 meridiem
2492 1249 2635 1278 vetans

1391 1299 1638 1355 pertinuisse
1652 1298 1842 1355 usquead
1854 1300 2189 1356 promontorium
2202 1299 2371 1350 Album,
2387 1314 2468 1356 cap
2479 1299 2607 1341 manc
2617 1317 2634 1350 ,-

1393 1375 1489 1403 nam
1508 1360 1564 1402 ibi
1587 1359 1758 1403 demum
1783 1377 1858 1404 ora
1874 1376 2015 1404 versus
2033 1371 2173 1404 ortum
2208 1362 2387 1403 flectitur
2418 1375 2635 1416 magnum·

1392 1437 1474 1479 que
1494 1422 1623 1465 efficit
1648 1425 1786 1465 sinum
1804 1423 1923 1479 cujus
1941 1426 2141 1466 terminus
2163 1423 2443 1466 meridionalis
2463 1433 2523 1466 est
2538 1439 2634 1481 pro·

1393 1487 1649 1528 montorium
1679 1486 1827 1529 Mirik.
1861 1486 2137 1530 Praetenditur
2155 1488 2263 1529 sinui
2284 1501 2502 1529 arenarum
2523 1502 2634 1544 quae·

1392 1547 1489 1590 dam
1508 1550 1624 1605 quasi
1659 1550 1795 1600 taenia,
1826 1564 1919 1605 quae
1938 1551 2064 1591 maris
2084 1551 2284 1606 impetum
2309 1549 2474 1605 frangit,
2499 1566 2634 1607 neque

1393 1620 1531 1654 tamen
1568 1613 1786 1655 introitum
1821 1616 1958 1655 nautis
1998 1613 2251 1656 intercludit.
2284 1616 2332 1656 In
2362 1615 2476 1656 sinus
2509 1614 2634 1671 huJus

1393 1683 1509 1731 parte
1528 1675 1715 1717 interiori
1732 1684 1851 1718 terra:
1869 1676 2098 1718 continenti
2123 1677 2311 1732 proxime
2329 1674 2488 1732 adjacet
2507 1690 2635 1733 parva

1393 1738 1542 1789 insula,
1559 1753 1674 1781 nunc
1694 1738 1747 1781 tle
1759 1738 1967 1792 d'Arguin
1986 1738 2112 1790 dicta,
2133 1754 2240 1795 quae,
2261 1753 2392 1795 quum
2411 1740 2634 1795 portugalli

1393 1799 1467 1842 bas
1481 1801 1669 1856 regionoe
1687 1799 1802 1843 adire
1820 1803 2052 1858 coepissent,
2078 1801 2134 1843 ob
2151 1802 2254 1843 situs
2282 1803 2636 1858 opportunitatem

1393 1861 1510 1904 sedes
1539 1870 1581 1904 et
1616 1864 1733 1919 quasi
1769 1878 1843 1905 arx
1877 1865 2223 1906 commerciorum
2252 1865 2380 1906 evasit
2414 1878 2507 1920 qua:
2538 1880 2636 1909 cum

1392 1923 1533 1966 Sudan
1544 1925 1723 1980 regionis
1737 1925 1900 1982 populis
1919 1926 2178 1967 exercebant.
2194 1926 2312 1967 Hanc
2331 1927 2457 1981 igitur
2470 1929 2638 1981 Arguin

1395 1987 1572 2029 insulam
1603 1988 1767 2030 Cernen
1785 2002 1873 2029 esse
1894 1989 2136 2039 Poenorum,
2168 2003 2291 2043 quam
2310 1989 2435 2044 prisci
2454 1992 2636 2035 nominis

1393 2049 1661 2105 corruptione
1684 2048 1888 2105 indigena:
1909 2048 2034 2105 hujus
2060 2058 2214 2091 tractus
2240 2050 2349 2091 Gleir
2371 2060 2533 2104 vocant,
2556 2062 2638 2096 sta-

1393 2120 1565 2153 tuerunt
1579 2113 1818 2168 quicunque
1833 2127 1884 2154 ex
1906 2113 1997 2169 ipso
2019 2121 2163 2155 nostro
2182 2113 2368 2169 periplo,
2390 2129 2476 2157 non
2498 2130 2596 2159 vero
2612 2133 2637 2161 e

1393 2174 1529 2216 Plinio
1543 2182 1584 2216 et
1602 2174 1840 2226 Ptolemaeo,
1857 2176 2161 2231 navigationem
2182 2175 2399 2218 Hannonis
2428 2178 2636 2235 explican-

1392 2236 1489 2278 dam
1505 2251 1591 2279 esse
1606 2244 1872 2288 censuerunt,
1892 2237 1953 2278 uti
1977 2237 2173 2279 Ramusio
2193 2237 2208 2294 (
2228 2239 2442 2290 Hannone,
2463 2241 2639 2295 naviga-

1395 2300 1504 2341 tione
1520 2299 1584 2341 de'
1615 2299 1872 2353 &zrtaginesi
1916 2300 1959 2341 in
1983 2300 2173 2342 Raccolee
2203 2300 2305 2342 delle
2332 2301 2596 2356 navigationi
2616 2320 2638 2347 e

1393 2362 1552 2416 viaggi,
1573 2363 1725 2403 Venet.
1755 2362 1877 2404 1588.
1899 2369 1932 2403 t.
1956 2363 1992 2413 1,
2020 2376 2064 2404 n.
2088 2363 2111 2403 3
2131 2361 2171 2419 ),
2197 2362 2427 2406 Danvillius
2457 2364 2634 2422 (Ge’ogr.

1393 2440 1486 2467 nnc.
1515 2433 1546 2466 t.
1572 2426 1650 2476 111,
1684 2439 1728 2481 p.
1752 2426 1829 2467 118
1847 2423 1879 2481 ),
1910 2425 2133 2467 Rennelius
2158 2425 2333 2483 (Geogr.
2364 2436 2468 2483 syse.
2493 2428 2638 2484 ofHeb

1394 2486 1526 2529 rodot.
1551 2502 1593 2544 p.
1617 2501 1697 2543 719
1718 2502 1809 2543 sqq.
1826 2486 1860 2545 ),
1885 2486 2067 2530 Ukertus
2090 2487 2266 2545 (Geogr.
2290 2488 2334 2531 d.
2360 2492 2435 2532 Gr.
2457 2506 2499 2533 u.
2525 2494 2576 2536 R.
2597 2495 2635 2547 1,

1393 2563 1435 2604 p.
1463 2551 1513 2591 65
1533 2550 1565 2606 ),
1590 2550 1821 2592 Moversius
1847 2549 2057 2607 (Phoeniz.
2097 2550 2279 2594 Alter-tlt.
2313 2553 2370 2603 11,
2409 2566 2451 2609 p.
2494 2554 2637 2613 529),

1393 2611 1476 2654 alii.
1511 2614 1604 2654 Huc
1635 2612 1794 2654 accedit
1815 2611 1929 2668 quod
1958 2613 2083 2655 etiam
2109 2614 2322 2669 sequentia
2347 2621 2436 2656 tum
2465 2614 2636 2661 demum

1393 2683 1503 2716 recte
1522 2677 1754 2731 computari
1777 2683 1967 2732 possunt,
1988 2676 2022 2717 si
2041 2674 2094 2718 ab
2115 2675 2243 2717 hocce
2269 2677 2447 2719 termino
2469 2690 2640 2734 progre-

1393 2736 1534 2779 diaris.
1569 2738 1769 2779 Dubitare
1802 2747 1941 2780 tamen
1964 2737 2082 2781 liceat
2106 2753 2159 2780 an
2191 2752 2276 2780 non
2308 2739 2446 2795 potius
2470 2739 2525 2783 de
2552 2756 2637 2786 una

1394 2800 1569 2842 alterave
1586 2801 1811 2842 insularum
1827 2802 2143 2857 perexiguarum
2163 2801 2429 2856 cogitandum
2449 2803 2517 2856 sit,
2544 2819 2641 2862 quae

1395 2862 1541 2904 mediat
1558 2864 1664 2904 inter
1680 2863 1843 2915 Arguin
1870 2871 1910 2904 et
1925 2864 2207 2905 continentem
2229 2865 2316 2905 sitae
2337 2872 2456 2916 sunt3
2480 2867 2641 2910 namin

1395 2924 1467 2966 bas
1493 2925 1715 2981 quadraret
1732 2925 1847 2981 quod
1877 2925 1929 2967 de
1943 2925 2120 2983 quinque
2142 2925 2373 2969 stadiorum
2399 2927 2559 2971 ambitu
2579 2928 2642 2973 le·

1395 2987 1520 3038 gitur.
1542 2989 1718 3038 Verum,
1744 2988 1786 3028 ni
1820 2986 1951 3039 sanor,
1975 3002 2054 3044 pro
2070 2987 2210 3031 e'cum
2229 2990 2435 3032 Bocharto
2456 2990 2642 3035 scriben-

1395 3047 1495 3090 dum
1526 3058 1585 3089 est
1610 3049 1669 3090 ιε’.
1703 3049 1751 3090 Id
1771 3051 1882 3091 enim
1914 3051 2114 3106 reperisse
2143 3050 2309 3093 videtur
2326 3052 2541 3095 Cornelius
2566 3069 2633 3113 ap.

1396 3110 1502 3152 Ptin.
1525 3113 1602 3161 vt,
1624 3114 1692 3161 33,
1718 3113 1788 3167 qui
1810 3113 1972 3153 Cernen
1991 3112 2165 3154 insulam
2181 3112 2282 3154 dicit
2298 3129 2376 3155 mm
2398 3116 2636 3171 ampliorem

1396 3172 1574 3214 circuitu
1593 3173 1752 3214 duobus
1772 3173 1973 3214 millibus.
2004 3177 2254 3229 Quanquam
2275 3175 2342 3216 bic
2363 3189 2532 3232 quoque
2561 3192 2640 3221 nu-

1398 3250 1535 3277 merus
1552 3234 1665 3290 Justo
1697 3236 1835 3276 minor
1853 3244 1929 3276 est.
1950 3237 1983 3276 Λ
2004 3236 2242 3276 continente
2263 3236 2393 3278 insula
2419 3237 2532 3281 abest
2557 3248 2639 3284 sta·
2687 3228 2691 3236 ἱ
2728 3227 2745 3261 s

1396 3297 1476 3339 diis
1505 3306 1615 3348 octo,
1641 3306 1685 3338 ut
1714 3313 1736 3337 e
1757 3296 1928 3353 Polybio
1949 3305 1989 3337 et
2011 3297 2205 3338 Cornelio
2228 3298 2351 3341 refert
2375 3299 2530 3342 Plinius
2553 3301 2580 3344 l.
2601 3302 2634 3346 l.

1398 3362 1597 3402 Praeterea
1634 3359 1821 3415 Periplus
1856 3366 1994 3400 noster
2028 3360 2070 3400 in
2106 3359 2394 3405 distantiarum
2427 3366 2643 3409 notatione
2682 3366 2684 3370 ’

1400 3422 1594 3465 mendam
1616 3423 1756 3464 traxit.
1790 3423 1899 3463 Bene
1919 3421 2041 3463 babet
2060 3421 2173 3478 quod
2193 3438 2216 3465 a
2238 3439 2318 3481 cap
2349 3425 2476 3468 Blmec
2507 3441 2643 3485 usque

1398 3485 1450 3528 ad
1478 3485 1641 3539 Arguin
1664 3485 1805 3541 ἡμέρας
1823 3485 1965 3540 δρόμος
1991 3500 2078 3526 esse
2098 3484 2251 3527 dieitur
2273 3490 2286 3543 (
2305 3487 2409 3529 linea
2436 3491 2546 3532 recta
2570 3492 2642 3533 vix
2727 3513 2732 3532 z

1399 3550 1483 3598 400
1503 3556 1597 3589 sunt
1613 3547 1799 3603 sm‹1ia);
1824 3555 1864 3588 at
1893 3546 2037 3589 salsum
2069 3548 2259 3604 estquod
2283 3564 2306 3590 n
2334 3550 2440 3592 Lixo
2468 3550 2520 3592 ad
2557 3566 2644 3610 cap·
2726 3565 2728 3570 ’

1400 3610 1528 3653 manc
1546 3619 1786 3652 numeratur
1801 3609 1992 3651 biduum.
2023 3612 2113 3653 Hoc
2133 3611 2173 3652 in
2192 3626 2311 3654 eausa
2327 3621 2412 3654 erat
2429 3627 2505 3655 eur
2529 3615 2643 3657 Bou·

1399 3673 1629 3729 gainvillius
1658 3681 1698 3713 et
1728 3673 1947 3713 llennelius
1978 3674 2126 3715 Lixum
2162 3674 2334 3716 fluvium
2373 3676 2414 3717 in
2453 3675 2635 3718 medium
2724 3680 2728 3698 ³

1400 3734 1608 3793 desertum
1625 3734 1917 3787 detruderent,
1936 3734 2002 3777 ille
2020 3735 2073 3778 de
2095 3736 2172 3778 mo
2187 3735 2239 3778 clo
2272 3740 2397 3787 Oeam,
2419 3737 2487 3780 bic
2504 3737 2643 3782 demes
2714 3757 2727 3793 f

1401 3803 1442 3841 S.
1481 3798 1681 3857 (gy-primm
1713 3801 1909 3853 cogitans.
1946 3802 2000 3842 At
2031 3800 2127 3842 ferri
2158 3800 2237 3842 tale
2267 3799 2368 3857 quid
2398 3815 2482 3843 non
2508 3815 2645 3858 posse·

1401 3877 1451 3904 ex
1466 3871 1622 3904 antece.
1643 3871 1766 3919 patet.
1798 3862 1916 3905 Adde
1933 3862 2045 3919 quod
2067 3864 2226 3916 Lixitae,
2258 3871 2401 3920 utpote
2420 3872 2643 3920 pastorum·
2723 3851 2731 3875 ³

1401 3925 1594 3981 populus,
1613 3940 1696 3966 non
1717 3941 1859 3966 arenas
1878 3924 1949 3966 sed
1974 3924 2190 3967 herbosam
2214 3934 2364 3967 terram
2389 3925 2466 3967 sibi
2496 3932 2643 3982 postu-
2728 3935 2730 3939 ’

1402 3988 1501 4030 lant.
1529 3991 1669 4042 Quare
1685 3989 1844 4030 numeri
1867 3979 2003 4030 ιιοιᾎιιι
2025 3990 2065 4030 in
2082 3987 2224 4030 codice
2241 3996 2382 4030 nostro
2400 3995 2639 4044 corruptam

2521 174 2635 238 (²⁸)
2686 203 2694 235 ι

1393 285 1541 329 nxitn
1565 299 1720 343 peoora
1743 285 1992 343 pasodnnt3
2021 287 2132 343 apud
2160 299 2266 342 quos
2299 284 2529 327 mansimus
2557 284 2648 347 dh,
