2808 4342
277 341 331 373 u.
365 323 505 385 Μέχρι
530 320 604 381 μὲν
628 318 678 373 δὴ
698 316 877 380 Ἀψάρου
899 317 955 366 ὡς
979 312 1084 375 πρὸς
1100 315 1165 368 ἠῶ
1186 310 1385 372 ἐπλέομεν
1404 315 1447 360 ἂν

210 394 322 448 διξια
342 397 414 439 τοῦ
441 389 646 444 Εὐξείνου.
713 386 767 431 ‘0
800 383 843 429 δὲ
856 385 1042 445 Ἄψαρος
1068 381 1199 443 πέρας
1221 381 1351 444 ἐφάνη
1376 399 1447 443 μοι

147 488 150 492 ·
210 441 316 508 εἶναί
337 459 445 507 κατὰ
465 462 595 518 μῆκος
612 459 682 500 τοῦ
704 451 877 499 Πόντου·
897 450 1006 496 ἔνθεν
1055 449 1107 512 ἂρ
1125 450 1208 507 ἤδη
1237 450 1338 512 πρὸς
1369 450 1448 515 ἅρ-

209 547 306 576 κτον
332 532 355 575 ὁ
376 529 502 577 πλοῦς
529 529 629 583 ἡμῖν
657 520 810 579 ἐγίνετο
843 518 935 565 ἔστι
973 520 1025 564 ἐπ
1066 518 1216 567 Χῶὸον
1235 518 1447 580 ποταμὸν,

171 617 193 645 ι
211 598 285 645 καὶ
307 596 410 657 ὑπὲρ
441 594 510 639 τὸν
533 589 683 638 Χῶὸον
701 588 771 634 ἐπὶ
796 587 867 633 τὸν
890 587 1104 650 Σιγᾶμην.
1173 586 1273 634 Ἀπὸ
1295 586 1339 633 δὲ
1370 589 1448 636 Σι-

210 667 347 727 γάμου
366 662 635 719 ἐκάμπτομεν
662 659 719 710 εἰς
739 655 813 712 τὴν
835 656 958 702 λαιὰν
981 656 1166 720 πλευρὰν
1189 661 1261 704 τοῦ
1287 656 1448 705 Πόντου

135 753 157 766 τ
211 736 304 780 ἔστε
319 731 387 776 ἐπὶ
404 729 474 774 τὸν
495 726 654 774 Ἵππον
675 725 880 784 ποταμόν.
943 724 1046 774 Ἀπὸ
1061 726 1105 774 δὲ
1123 731 1193 774 τοῦ
1212 723 1371 775 Ἵππου
1394 730 1451 782 ὡς

211 802 278 846 ἐπ’
302 797 539 862 Ἀστέλεφον
566 794 638 844 καὶ
653 793 958 858 Διοσκουριάδα
976 794 1219 856 κατείδομεν
1238 794 1308 841 τὸν
1331 794 1451 843 Καύ-

210 884 338 916 κασον
355 865 402 914 τὸ
421 867 539 930 ὄρος,
570 866 619 912 τὸ
636 865 737 931 ὕψος
760 864 947 927 μάλιστα
965 864 1074 911 κατὰ
1095 863 1169 917 τὰς
1185 863 1354 917 Ἄλπεις
1373 862 1450 917 τὰς

150 955 188 988 ιο
211 937 433 990 Κελτικάς.
504 935 591 984 Καὶ
617 938 691 982 τοῦ
711 932 940 982 Καυκάσου
957 933 1116 998 κορυφή
1138 952 1199 986 τις
1223 933 1450 990 ἐδείκνυτο,

210 1006 437 1070 Στρόὸιλος
478 1009 531 1068 τῇ
569 1008 729 1069 κορυφῇ
763 1003 917 1064 ὄνομα,
950 1002 1099 1065 ἵναπερ
1146 1006 1168 1048 ὁ
1206 1002 1452 1066 Προμηθεὺς

209 1078 494 1139 κρεμασθῆναι
511 1074 596 1134 initi>
615 1073 847 1138 Ἡφαίστου
876 1070 987 1119 κατὰ
1017 1071 1238 1135 πρόσταξιν
1259 1072 1353 1125 Διὸς
1377 1090 1452 1132 μυ·

208 1145 387 1193 θεύεται.

274 1231 328 1263 17.
362 1216 428 1262 Τὰ
449 1213 492 1260 δὲ
516 1213 599 1259 ἀπὸ
616 1212 832 1276 Βοσπόρου
847 1217 916 1259 τοῦ
937 1211 1126 1275 Θρᾳκίου
1146 1210 1236 1257 ἔστε
1256 1210 1323 1256 ἐπὶ
1341 1213 1382 1258 Τ
1385 1229 1455 1273 ρα-

153 1303 189 1333 ta
211 1287 411 1339 πεζοῦντα
438 1283 561 1336 πόλιν
594 1275 675 1329 ὦδε
712 1283 816 1345 ἔχει.
885 1282 948 1330 Τὸ
982 1280 1111 1343 Ἱερὸν
1148 1284 1219 1327 τοῦ
1255 1279 1349 1332 Διὸς
1379 1284 1451 1326 τοῦ

213 1445 345 1488 codex
378 1460 478 1487 vero
506 1447 690 1501 optimus
719 1444 1031 1499 Rhedigeranus
1060 1443 1214 1499 praebet
1251 1443 1414 1498 Σάνιγαι
1445 1455 1454 1483 :

134 1522 138 1526 ·
212 1509 430 1554 Memnoni
460 1522 499 1550 c.
529 1509 580 1557 54
604 1508 618 1563 (
643 1509 691 1549 F.
722 1508 777 1548 Η.
805 1508 883 1557 IV,
905 1520 949 1562 p.
980 1506 1058 1547 555
1076 1508 1093 1559 )
1114 1504 1315 1546 dicuntur
1337 1504 1461 1556 Σάνη·

214 1586 299 1627 γαι.
329 1571 488 1612 Plinius
504 1572 581 1620 VI,
603 1574 627 1619 4
651 1572 675 1623 S
703 1573 749 1618 ι4
773 1570 830 1609 ita
850 1581 861 1608 :
885 1567 1099 1609 castellum
1118 1567 1395 1623 Sebastopolis
1407 1584 1457 1615 ;..

212 1647 312 1686 gens
339 1632 640 1684 &wigarum
665 1629 866 1687 oppidum
888 1633 1044 1685 Cygnus
1058 1647 1073 1678 ‚·
1092 1630 1250 1683 flumen
1273 1638 1312 1669 et
1339 1628 1459 1685 oppi-

213 1693 312 1735 dum
332 1693 486 1735 Penius
501 1695 518 1747 (
531 1693 679 1748 Pityus
690 1691 864 1734 Barbar.
887 1690 983 1733 cod.
1005 1694 1039 1746 ).
1061 1690 1220 1732 Deinde
1234 1690 1379 1731 multis
1394 1705 1462 1731 no·

215 1756 398 1800 minibus
417 1755 715 1797 Heniochorum
742 1763 898 1807 gentes.
923 1754 1151 1809 Procopius
1173 1752 1201 1794 l.
1223 1752 1252 1793 l.
1283 1753 1324 1792 in
1341 1750 1459 1792 editt.

217 1820 369 1860 nostris
390 1818 555 1859 eosdem
572 1817 673 1858 dicit
687 1817 870 1872 Σαγίδας,
893 1824 1076 1858 ceterum
1092 1816 1200 1856 inter
1218 1814 1402 1868 Abasgos
1422 1822 1462 1855 et

215 1880 385 1936 Sagidas
396 1880 622 1935 interponit
633 1883 671 1920 Z
673 1880 811 1921 ecclaeos
826 1880 839 1934 (
852 1878 1028 1920 aliorum
1040 1876 1204 1928 Zichos,
1225 1878 1373 1933 Zygoe,
1387 1878 1418 1916 Z
1422 1891 1464 1932 y·

218 1945 321 1999 gius,
339 1942 504 1985 Arriani
520 1940 684 1984 Zilchos
703 1944 734 1995 ).
758 1944 820 1983 Ita
842 1940 965 1999 babet
978 1942 1027 1984 B.
1042 1942 1096 1982 G.
1122 1942 1198 1990 IV,
1222 1942 1263 1990 4,
1282 1953 1326 1995 p.
1350 1940 1430 1994 473
1451 1953 1461 1980 ;

218 2004 330 2047 Μετὰ
351 2004 393 2046 δὲ
410 2005 498 2052 τοὺς
523 2003 717 2060 Ἀὃασγῶν
743 2004 852 2059 ὅρους
870 2002 968 2044 κατὰ
989 2002 1056 2058 μὲν
1079 2002 1124 2044 τὸ
1145 2003 1230 2057 ὄρος
1248 2002 1292 2043 τὸ
1313 2000 1464 2043 Kanum}-

219 2083 304 2110 σιον
327 2068 495 2123 Βροῦχοι
524 2068 721 2123 ᾤκηνται,
758 2065 952 2121 {tezo-7632
971 2080 1013 2107 τε
1042 2065 1108 2106 καὶ
1134 2064 1300 2106 Ἀλανῶν
1326 2064 1466 2121 μεταξὺ

219 2130 340 2178 ὄντες·
363 2129 462 2171 κατὰ
475 2128 515 2171 δὲ
538 2127 607 2180 τὴν
630 2127 823 2184 παραλίαν
838 2129 980 2170 πόντου
994 2130 1063 2169 τοῦ
1078 2126 1258 2176 Εὐξείνου
1279 2126 1341 2179 Ζῆ
1354 2142 1467 2181 κχοι

217 2192 408 2248 ἵδρυνται,
435 2192 528 2239 Τοῖς
549 2190 591 2232 δὲ
612 2189 659 2242 δὴ
679 2190 847 2244 Ζήκχοις
867 2190 913 2231 τὸ
939 2189 1007 2244 μὲν
1026 2189 1194 2232 παλαιὸν
1217 2189 1239 2230 ὁ
1256 2187 1464 2245 Ῥωμαίων

221 2253 468 2308 αὖτοκράτωρ
486 2251 646 2306 βασιλέα
666 2251 829 2303 καθίστη
845 2282 857 2301 ,
879 2250 924 2292 τὸ
942 2251 982 2292 δὲ
1012 2254 1078 2291 νῦν
1095 2250 1175 2291 οὔδ’
1203 2251 1331 2292 ὁτιοῦν
1367 2249 1467 2293 Ῥω-

221 2315 348 2371 μαίοις
360 2314 609 2357 ἔπακούουσιν
626 2312 663 2354 οἱ
681 2310 999 2370 βάρὸαροιοῦτοι.
1026 2312 1136 2354 Μετὰ
1146 2312 1187 2354 δὲ
1203 2312 1339 2362 αὖτοὺς
1350 2314 1469 2370 Σαγί-

219 2380 284 2419 δαι
302 2380 319 2432 (
336 2377 500 2433 Σαγίναι
519 2391 559 2418 ν.
591 2375 638 2429 1.;
659 2390 704 2432 p.
741 2380 822 2426 466
844 2390 923 2433 pro
944 2376 1111 2432 Σαγίδας
1144 2390 1183 2417 ν.
1204 2375 1231 2417 l.
1263 2375 1466 2426 Σαυνίτας.

220 2440 389 2497 Ubique
410 2440 488 2493 leg.
519 2437 685 2493 Σανίγαι
708 2438 722 2495 )
747 2437 814 2494 μὲν
841 2437 1005 2490 οἰκοῦσι,
1030 2439 1170 2494 μοῖραν
1190 2436 1231 2478 δὲ
1253 2436 1380 2479 αὗτιῖιν
1402 2441 1470 2491 τῆς

220 2503 411 2560 παραλίας
427 2501 620 2557 Ῥωμαῖοι
633 2500 675 2542 ἔκ
690 2501 859 2543 παλαιοῦ
869 2500 1005 2557 ἔσχον,
1016 2500 1175 2556 φρούριά
1187 2515 1228 2542 τε
1240 2501 1470 2558 δειμάμενοι

223 2564 479 2608 ἐπιθαλάσσια
499 2564 568 2604 δύο
600 2563 889 2606 Σεὸαστόπολίν
919 2579 960 2605 τε
996 2564 1062 2605 καὶ
1089 2564 1328 2615 Πιτυοῦντα,
1360 2561 1470 2605 δυοῖν

221 2627 383 2684 ἡμέραιν
394 2627 476 2683 ὁδῷ
495 2625 683 2679 ἀλλήλων
702 2627 900 2682 διέχοντα,
922 2625 1088 2683 φρουρὰν
1106 2625 1271 2668 ἐνταῦθα
1289 2641 1472 2682 στρατια)-

222 2696 299 2732 τῶν
323 2691 367 2732 τὸ
392 2690 429 2739 ἐξ
452 2688 575 2746 ἀρχῆς
593 2690 895 2743 κατεστήσαντο.

280 2755 304 2803 §
339 2753 461 2801 16,1.
496 2754 536 2793 5.
574 2751 652 2794 ἐπὶ
686 2752 766 2794 τὸν
801 2751 1064 2808 Σιγάμην]
1090 2749 1354 2804 Quodsiliaec
1375 2765 1470 2793 cum

225 2827 308 2854 orae
319 2813 591 2855 delineatione
601 2815 853 2856 accuratiore
860 2814 1062 2865 conseras,
1074 2814 1472 2870 putaverisSigamen

227 2875 402 2918 fluvium
418 2891 503 2916 esse
522 2876 772 2917 hodiernum
799 2877 986 2928 Osingiri
997 2896 1011 2925 ,·
1031 2892 1123 2918 nam
1137 2876 1196 2918 *ad
1215 2877 1327 2917 bunc
1344 2890 1474 2932 usque

227 2953 300 2980 ora
318 2938 486 2979 boream
522 2951 661 2978 versus
682 2938 945 2987 exten‹litur;
966 2953 1050 2992 quo
1072 2938 1230 2979 accedit
1253 2939 1472 2979 nominum

227 3001 410 3055 Sigames
436 3007 477 3041 et
505 2998 714 3051 Osingiris
747 2999 991 3040 similitudo.
1019 3004 1073 3042 At
1096 3000 1208 3040 nullo
1241 3009 1362 3054 pacto
1386 3001 1473 3042 haec

228 3062 431 3104 sententia
453 3074 549 3102 cum
580 3060 778 3102 itinerarii
802 3061 1032 3102 rationibus
1070 3075 1194 3116 supra
1218 3062 1345 3102 allatis
1375 3078 1473 3103 con·

229 3122 357 3166 ciliari
394 3131 584 3180 possunt.
614 3124 632 3178 ΙΙ
670 3147 728 3155 -
767 3125 809 3166 8.
833 3124 916 3165 τὸν
950 3124 1244 3178 Καύκασον]
1273 3142 1289 3157 ι
1315 3126 1469 3165 Cauca-

229 3201 299 3229 sus
312 3200 364 3228 ex
388 3186 524 3228 Ponto
541 3183 728 3236 videtum
761 3185 870 3227 idem
904 3184 1143 3229 Aristoteles
1167 3186 1340 3226 Meteor.
1364 3188 1397 3233 1,
1423 3188 1469 3227 13

229 3247 437 3291 adfirmat.
457 3246 952 3303 HincputoApollonium
972 3246 1052 3288 nh.
1070 3247 1147 3297 IV,
1167 3247 1242 3287 135
1259 3247 1468 3289 Euxinum

230 3313 412 3354 Pontum
442 3324 608 3352 vocasse
630 3309 850 3363 Καυκασίην
893 3309 986 3351 ἅλα.
1026 3326 1042 3347 ο
1077 3309 1362 3350 nonnanes.
1404 3311 1468 3351 Cf.

231 3373 377 3416 Strabo
398 3387 441 3429 p.
460 3376 557 3427 497.
586 3374 672 3427 ss—
693 3386 757 3413 ιι.
781 3373 955 3429 ἵναπερ
991 3371 1013 3413 ὁ
1049 3371 1430 3429 Προμηθεῦςοις.
1453 3374 1468 3428 J

233 3436 477 3490 Perstringit
498 3436 585 3477 haec
610 3435 839 3491 Procopius
855 3437 917 3477 De
937 3436 986 3477 Β.
1004 3436 1059 3476 G.
1075 3435 1150 3485 IV,
1173 3447 1189 3476 1
1207 3447 1252 3490 p.
1280 3435 1377 3484 463.

289 3501 312 3550 S
338 3503 404 3548 ¹7,
429 3497 457 3539 l.
481 3498 546 3538 ι5.
586 3498 683 3539 Post
710 3497 833 3539 verba
858 3495 934 3539 ὧδε
974 3496 1059 3552 ἔχει
1088 3495 1267 3538 editores
1295 3496 1391 3537 inde
1419 3496 1472 3538 ab

233 3558 439 3601 Hudsono
464 3558 679 3615 complura
695 3560 957 3602 inseruerunt
974 3575 1026 3601 ex
1047 3560 1261 3616 Excerptis
1284 3559 1472 3602 Arrianei

233 3620 378 3677 peripli
394 3651 406 3669 ‚
427 3635 518 3675 quae
542 3619 698 3676 praebct
733 3621 862 3663 codex
894 3621 1246 3663 Vindobonensis.
1268 3619 1394 3675 Quod
1417 3629 1474 3662 te-

236 3693 349 3723 mere
376 3680 528 3722 sactum
558 3696 644 3723 esse
674 3691 799 3738 patet,
822 3698 953 3739 quum
973 3692 1112 3740 aperte
1136 3698 1219 3726 non
1250 3683 1331 3724 sint
1356 3683 1429 3724 ista
1451 3698 1474 3723 e

235 3743 417 3796 genuino
443 3750 587 3784 nostro
623 3746 788 3786 Arriani
821 3746 981 3802 periplo
1012 3755 1219 3803 excerpta,
1250 3759 1391 3787 verum
1423 3759 1474 3787 ex

236 3804 593 3848 Pseudarrhianeo
621 3805 756 3848 libello
782 3809 991 3861 fluxerint,
1010 3810 1172 3866 qualem
1187 3807 1342 3866 praebet
1358 3811 1472 3852 Ano·

238 3883 405 3924 nymus,
432 3867 505 3910 ubi
525 3866 619 3909 vide
638 3877 726 3910 not.
753 3870 804 3911 ad
833 3875 914 3923 §2-
950 3875 967 3927 ΙΙ
994 3897 1050 3904 -
1078 3871 1227 3929 Ἱερὸν
1252 3875 1340 3914 τοῦ
1360 3871 1473 3920 Διὸς

238 3934 326 3971 τοῦ
355 3929 448 3986 Οὖρ
462 3930 567 3986 ίου]
589 3930 749 3971 Locum
773 3931 884 3973 liunc
903 3934 1143 3989 simpliciter
1167 3933 1288 3990 Ἱεροῦ
1308 3934 1475 3975 nomine

241 4001 471 4034 memorant
493 3991 695 4035 Herodot.
713 3994 790 4044 IV,
809 3995 884 4044 853
906 3996 1049 4051 Scylax
1073 4011 1115 4052 p.
1140 3997 1213 4047 56;
1234 3995 1475 4038 Demosthe·

243 4069 314 4095 nes
330 4069 373 4111 p.
395 4057 492 4106 468,
530 4069 595 4099 10.
622 4059 720 4112 926,
756 4057 830 4109 255
856 4058 1050 4115 Polybius
1070 4061 1146 4110 IV,
1173 4061 1242 4114 39,
1274 4063 1315 4101 6.
1337 4059 1406 4109 43,
1436 4071 1472 4100 ι.

1353 210 1616 259 Annum

2636 243 2641 250 -
2664 182 2762 277 (αἱ

1579 323 1647 363 16.
1679 318 1747 363 Ad
1756 322 1961 376 Apsarum
1972 333 2104 376 usque
2116 321 2319 363 orientem
2332 334 2471 362 versus
2479 292 2774 383 navigas-inaug

1518 394 1563 436 in
1577 393 1723 436 dextra
1736 403 1853 451 parte
1867 395 1990 438 Ponti
2006 386 2176 438 Euxini.
2236 400 2442 454 Apurum
2457 404 2594 438 antem
2609 410 2688 452 agn
2726 387 2774 419 *7*

1518 467 1745 511 terminum
1777 484 1865 512 esse
1899 471 2022 513 Ponti
2054 470 2287 515 seeundum
2318 471 2407 529 ejus
2438 456 2781 535 longitudinem}-

1518 546 1638 589 Illinc
1651 547 1762 589 enim
1773 545 1862 602 jam
1880 546 1933 589 ad
1948 548 2269 604 septentrionem
2289 548 2369 591 ruit
2392 558 2533 591 nostra
2555 549 2767 606 navigatio

1520 621 1574 664 ad
1588 622 1784 666 Chobum
1811 637 1943 680 usque
1961 623 2136 666 fluvium
2150 655 2162 677 ,
2180 624 2362 681 indeque
2382 624 2434 667 ad
2457 626 2662 680 Sigamen.
2723 615 2762 670 A‘

1518 700 1682 757 Sigana
1712 707 1850 744 nutem
1871 698 2115 744 defluimus
2132 699 2185 744 ad
2203 701 2415 743 sinistrum
2437 701 2559 742 Ponti
2582 700 2688 743 latus
2706 698 2778 754 ad>

1521 778 1707 834 Hippum
1726 791 1857 833 usque
1882 778 2083 829 ssuvium;
2102 777 2156 820 ab
2175 778 2314 834 Hippo
2339 777 2391 818 ad
2423 776 2690 833 Astelepbum
2720 769 2774 826 Q

1524 848 1839 891 Dioscuriadem
1864 863 1997 905 usque
2018 849 2199 891 vidimus
2219 851 2448 891 Caucasum
2474 858 2657 891 montem
2673 881 2684 900 ,
2703 849 2764 911 al!

1522 921 1701 963 titudine
1736 935 1907 977 prorsus
1939 920 2119 977 Alpibus
2150 922 2313 964 Celticis
2335 922 2688 979 eomparandum3
2722 913 2772 964 α’

1525 993 1695 1034 Caucasi
1713 990 1864 1048 jugum
1888 990 2100 1048 quoddam
2123 994 2457 1046 monstrabatur-3
2493 993 2696 1036 Strobilus
2725 992 2770 1040 ei

1525 1078 1701 1115 nomen;
1739 1063 1782 1104 in
1812 1076 1898 1118 quo
1930 1063 2225 1105 Prometheum
2253 1079 2277 1106 a
2297 1065 2485 1108 Vulcano
2505 1066 2620 1109 Jovis
2644 1064 2770 1121 jussu

1526 1150 1771 1192 suspensum
1795 1135 1920 1177 fuisse
1941 1135 2177 1178 fabulantur

1587 1224 1602 1251 1
1612 1225 1652 1265 7.
1685 1212 1894 1252 Locorum
1908 1217 2046 1251 autem
2061 1218 2184 1265 atque
2200 1211 2397 1253 itinerum
2407 1224 2431 1254 a
2444 1212 2628 1270 Bosporo
2638 1212 2774 1263 Thu-³4

1524 1281 1590 1321 cio
1608 1294 1742 1335 usque
1761 1278 1813 1320 ad
1830 1280 2135 1335 Trapezuntem
2156 1282 2262 1322 ratio
2278 1282 2335 1322 sic
2354 1295 2397 1323 se
2410 1281 2551 1324 habet.
2609 1283 2768 1326 Hieron

1532 1440 1600 1491 5ο,
1622 1454 1664 1482 2.
1694 1443 1761 1491 52,
1788 1456 1839 1496 73
1874 1440 2144 1482 Philostratus
2163 1441 2250 1482 Vit.
2267 1442 2396 1497 Soph.
2426 1443 2463 1492 1,
2482 1445 2552 1493 24,
2578 1455 2594 1484 1
2618 1457 2661 1499 p.
2685 1456 2769 1498 217

1531 1502 1598 1544 ed.
1620 1502 1765 1554 Didot,
1789 1506 1944 1558 Imagg.
1971 1505 2006 1553 Ι,
2050 1516 2115 1554 12,
2149 1503 2171 1544 5
2194 1517 2237 1559 p.
2274 1503 2369 1554 350,
2405 1503 2476 1545 ubi
2512 1516 2523 1545 t
2555 1503 2612 1560 ἐφ’
2648 1502 2768 1560 Ἱερὸν

1532 1564 1770 1621 ἀφικόμεθα·
1802 1566 1867 1607 καὶ
1895 1565 1962 1606 τὸν
1985 1565 2070 1607 ἐκεῖ
2087 1565 2199 1615 νεὼν,
2227 1562 2357 1620 οἶμαι,
2387 1564 2492 1621 ὁρᾷς,
2521 1565 2586 1607 καὶ
2607 1566 2771 1619 στήλας,

1532 1629 1573 1668 αἳ
1593 1628 1847 1683 περιὶδρυνται
1866 1626 1982 1683 αὐτῷ,
2004 1626 2069 1668 καὶ
2101 1627 2167 1668 τὸν
2193 1626 2255 1669 ἐπὶ
2273 1631 2329 1684 τῷ
2357 1628 2522 1684 στόματι
2542 1630 2702 1685 πυρσόν,
2729 1632 2751 1671 ὃ

1529 1690 1690 1746 ἤρτηται
1713 1689 1748 1739 ἐς
1780 1690 2016 1747 φρυκτωρίαν
2037 1694 2113 1731 τῶν
2138 1695 2249 1740 νεῶν,
2285 1691 2327 1731 αἲ
2346 1690 2612 1746 περιπλέουσιν
2634 1690 2676 1734 ἐκ
2694 1698 2764 1734 τοῦ

1531 1752 1680 1793 Πόντου
1694 1768 1706 1803 ;
1724 1753 1876 1806 Geogr.
1892 1754 2074 1794 Ravenn.
2092 1755 2127 1802 1,
2148 1766 2196 1807 17
2212 1769 2223 1803 3
2237 1752 2387 1795 Strabo
2395 1754 2493 1805 xn,
2511 1767 2555 1810 p.
2571 1752 2652 1805 546
2668 1754 2765 1806 548.

1532 1814 1647 1856 Idem
1668 1814 1816 1856 Strabo
1837 1816 1935 1866 XII,
1960 1829 2002 1871 p.
2024 1815 2118 1864 543.
2151 1815 2228 1856 563
2255 1824 2295 1856 et
2315 1817 2413 1866 VII,
2451 1830 2492 1871 p.
2528 1816 2608 1871 319
2628 1816 2767 1860 locum

1531 1886 1649 1919 vocat
1666 1877 1767 1932 ἱερὸν
1781 1881 1856 1918 τῶν
1872 1877 2164 1931 Χαλκηδονίων,
2179 1878 2243 1917 cui
2259 1878 2299 1918 in
2316 1877 2444 1918 altero
2457 1879 2629 1934 Bospori
2647 1878 2774 1930 latent,

1531 1941 1768 1996 oppositum
1791 1941 1844 1981 sit
1866 1940 1911 1982 τὸ
1927 1940 2028 1995 ἱερὸν
2048 1946 2123 1982 τῶν
2143 1940 2361 1989 Βυζαντίων
2378 1942 2665 1998 (Serapeum),
2687 1955 2774 1999 quo

1533 2003 1624 2044 loco
1636 2010 1697 2044 est
1708 2008 1776 2044 τοῦ
1788 2003 1978 2058 στόματος
1991 2006 2058 2045 τοῦ
2074 2003 2274 2059 Βοσπόρου
2293 2003 2337 2044 τὸ
2358 2005 2614 2056 στενώτατον,
2630 2005 2793 2060 viginti*

1532 2064 1662 2106 stadia
1674 2080 1694 2106 a
1710 2067 1883 2121 Cyaneis
1891 2064 2059 2107 distans.
2073 2065 2135 2107 Cf.
2146 2064 2509 2108 Stadiasmusmar.
2525 2081 2581 2108 m.
2593 2081 2772 2123 prooem.

1533 2126 1640 2168 Mela
1655 2128 1690 2178 1,
1718 2141 1766 2181 ¹9
1786 2141 1796 2168 t
1819 2130 1871 2168 In
1889 2142 1955 2168 ore
1968 2127 2094 2169 Ponti
2119 2128 2312 2184 templum
2327 2137 2388 2169 ese
2403 2146 2452 2177 ;..
2470 2128 2614 2186 templi
2627 2143 2771 2174 numen
2783 2136 2795 2176 ,’

1533 2189 1713 2246 Jupiter,
1738 2189 1928 2231 condieor
1938 2193 2084 2231 Iason.
2109 2188 2343 2232 Duodecim
2365 2188 2445 2231 diis
2467 2190 2522 2232 ibi
2542 2205 2656 2233 aram
2673 2195 2799 2235 con-⁴

1534 2252 1685 2292 struxit
1715 2252 1756 2291 in
1797 2253 1977 2293 Pontum
2004 2250 2262 2307 prolicissens
2288 2253 2435 2302 Iason,
2466 2265 2548 2294 soe.
2576 2253 2791 2318 {polion-⁶

1537 2313 1675 2355 Rhod.
1703 2316 1759 2364 11,
1786 2314 1881 2355 531.
1914 2313 2170 2356 Redeuntem
2200 2329 2223 2355 e
2245 2312 2443 2355 Colchide
2457 2315 2646 2358 Iasonem
2664 2315 2773 2360 duo·
2794 2361 2801 2372 .

1536 2376 1670 2418 decim
1690 2375 1770 2417 diis
1794 2376 1850 2417 ibi
1868 2390 1982 2418 sacra
2009 2376 2149 2418 secisse
2171 2376 2297 2418 refert
2314 2375 2510 2432 Polybius
2527 2377 2604 2428 IV,
2631 2377 2704 2432 39,
2730 2382 2773 2432 6,
2791 2390 2804 2438 3:

1538 2441 1554 2492 (
1570 2438 1633 2480 Cf.
1651 2438 1859 2480 Herodor.
1879 2438 1931 2481 sr.
1950 2442 2002 2489 46
2023 2441 2064 2480 in
2082 2441 2151 2481 Fr.
2169 2440 2275 2480 nist.
2293 2441 2350 2491 11,
2364 2453 2407 2495 p.
2423 2439 2475 2482 38
2492 2441 2525 2494 ).
2541 2440 2791 2486 Timosthe-

1539 2515 1608 2541 nes
1640 2500 1750 2556 apud
1772 2500 1901 2542 schol.
1938 2502 2074 2557 Apoll.
2110 2502 2189 2544 Bb.
2221 2503 2283 2553 11,
2310 2501 2387 2543 531
2418 2515 2531 2543 aram
2553 2500 2779 2547 duodecin>
2806 2501 2808 2503 ’

1540 2565 1723 2604 Deorum
1745 2578 1770 2605 a
1799 2563 1941 2605 Phrixi
1966 2564 2074 2615 filiis,
2109 2564 2161 2606 ab
2183 2563 2432 2619 Argonautis
2461 2577 2559 2605 vero
2589 2566 2701 2621 Nepe
2765 2564 2778 2576 ”

1538 2625 1737 2681 templum
1754 2634 2010 2668 exstructum
2023 2641 2109 2668 esse
2123 2626 2237 2668 dicit.
2257 2627 2345 2668 Sec.
2363 2626 2609 2682 Dionysium
2620 2627 2681 2684 By
2694 2649 2715 2664 ν
2740 2649 2762 2674 ι,

1539 2688 1673 2730 tinum
1688 2701 1756 2744 ap.
1775 2687 1944 2731 Gillium
1975 2690 2037 2729 De
2059 2689 2245 2745 Bosporo
2262 2688 2442 2730 'I'bracio
2457 2689 2534 2739 111,
2554 2688 2576 2730 5
2599 2688 2725 2731 Phrix
2755 2718 2757 2721 -

1539 2750 1679 2792 sanum
1713 2750 1915 2792 condidit.
1941 2750 2034 2792 Jovi
2072 2765 2166 2792 cum
2205 2750 2349 2806 reliqui
2388 2749 2446 2791 dii
2481 2761 2763 2802 accenseantur
2802 2758 2807 2798 ἶ

1537 2812 1647 2869 apud
1692 2813 1999 2867 Argonauticon
2043 2813 2263 2869 scriptores
2282 2844 2293 2863 ,
2340 2812 2439 2854 hinc
2489 2811 2643 2855 factum
2699 2834 2726 2850 κ
2776 2834 2784 2857 e·

1538 2877 1781 2917 Mannertus
1820 2875 1930 2931 (vl,
1960 2889 2001 2926 2,
2023 2890 2064 2931 p.
2095 2879 2176 2918 602
2197 2878 2213 2929 )
2234 2884 2395 2925 censet,
2431 2883 2478 2917 ut
2503 2874 2644 2918 sanum
2676 2876 2716 2918 ill
2758 2899 2761 2905 ι

1539 2937 1711 2980 diversis
1730 2938 1971 2980 numinibus
1999 2938 2249 2980 attribuatur
2271 2938 2381 2995 apud
2414 2938 2591 2981 Plinium
2617 2939 2673 2990 V,
2704 2942 2728 2989 4
2772 2984 2774 2988 ,

1541 3000 1613 3042 ubi
1644 3014 1653 3043 :
1690 3001 1823 3044 Estiae
1863 3001 2056 3058 templum
2092 3001 2292 3059 Neptuni,
2328 3010 2369 3043 et
2406 3014 2472 3056 ap.
2511 2999 2704 3044 Ptolemae
2748 3028 2749 3032 =

1540 3065 1594 3113 V,
1627 3078 1664 3113 ι,
1700 3078 1742 3119 p.
1773 3064 1853 3105 312
1883 3073 1924 3105 et
1955 3064 2052 3112 313.
2074 3064 2175 3119 qui:
2213 3062 2315 3119 ἱερὸν
2340 3061 2565 3119 Ἀρτέμιδος.
2592 3063 2749 3106 Attam

1541 3125 1783 3166 Pliniicerte
1813 3126 1935 3166 verba
1955 3134 2149 3181 corrupta
2181 3134 2291 3166 sunt.
2322 3126 2463 3166 Fuisse
2487 3133 2591 3181 puto
2613 3124 2720 3168 ξοτῖι

1541 3187 1736 3242 (σηψΙηηι
1754 3188 1954 3243 qumi,
1975 3187 2078 3228 adeo
2102 3196 2147 3227 ut
2163 3202 2247 3236 arn,
2270 3201 2362 3242 quae
2374 3186 2614 3244 κοινοὸωμία
2629 3187 2754 3245 suern

1540 3260 1563 3287 a
1577 3247 1672 3288 sano
1685 3247 1978 3301 distinguntur,
1996 3250 2054 3289 uti
2072 3248 2180 3303 apud
2195 3248 2523 3291 Timosthenem.
2536 3249 2663 3304 Quod
2681 3265 2723 3294 v

1539 3324 1615 3365 pro
1644 3311 1747 3351 Jove
1767 3311 1983 3365 Neptunus
2013 3311 2199 3363 affertur,
2228 3312 2330 3353 nihil
2357 3312 2435 3353 nisi
2458 3325 2577 3353 error
2607 3319 2669 3355 est
2692 3327 2736 3370 q·
2763 3335 2765 3340 ν

1539 3373 1701 3427 Jupiter
1726 3371 1866 3428 οὔριος,
1889 3383 2107 3415 nautarum
2126 3373 2244 3426 deus,
2269 3389 2364 3416 cum
2385 3375 2579 3431 Neptuno
2601 3374 2704 3418 cons
2741 3399 2744 3404 -

1539 3433 1668 3476 ditur.
1695 3435 1816 3491 Apud
1842 3436 2105 3478 ptoloma-um
2129 3451 2295 3494 quoque
2318 3451 2461 3479 vocem
2491 3435 2703 3494 Ἀρτίμιδος

1540 3496 1668 3551 οὐρίου
1684 3498 1770 3546 Διὸς
1790 3507 1925 3540 natam
1948 3514 2034 3541 esse
2053 3499 2164 3541 haud
2183 3499 2465 3557 improbabilis
2481 3508 2542 3543 est
2557 3508 2734 3543 sentem
2757 3527 2758 3530 =

1540 3562 1659 3601 Certe
1680 3561 1773 3602 Jovi
1793 3560 1923 3618 οὗρίῳ,
1945 3561 2085 3604 datori
2105 3562 2220 3605 venei
2234 3561 2403 3605 secundi
2423 3562 2508 3619 (es.
2523 3561 2756 3619 Melo-geri

1542 3622 1671 3664 Anih.
1702 3623 1788 3664 Pal.
1807 3625 1904 3674 XII,
1938 3624 2005 3674 53,
2029 3638 2053 3678 7
2078 3636 2089 3666 ε
2121 3623 2211 3673 Ζευς
2228 3623 2353 3680 οὔριος
2378 3623 2561 3681 θμετίρας
2577 3623 2761 3674 πνεῦοο·

1544 3684 1594 3732 εἷς
1616 3685 1767 3733 ὀθόνας.
1790 3686 1967 3742 AEschyl.
1989 3685 2131 3743 Suppl.
2156 3686 2235 3742 589
2256 3688 2288 3742 )‚
2309 3686 2450 3730 sanum
2470 3686 2659 3730 tribuunt
2687 3707 2693 3721 ·
2733 3708 2737 3713 ¹

1543 3756 1605 3788 ter
1627 3749 1850 3790 Arrianum
1872 3749 2091 3805 Menippus
2117 3764 2184 3806 ap.
2217 3749 2414 3807 Stephan.
2438 3751 2536 3807 Byr..
2563 3764 2596 3791 s.
2616 3763 2656 3792 ν.
2688 3780 2690 3786 f
2715 3774 2719 3778 ·
2750 3783 2765 3810 ·.

1544 3812 1688 3862 znzdm,
1704 3820 1741 3852 et
1755 3827 1822 3868 ap.
1837 3812 2036 3854 Marcian.
2054 3826 2097 3869 p.
2114 3825 2193 3856 122
2208 3810 2275 3854 ed.
2296 3812 2397 3854 Mill.
2413 3819 2454 3854 et
2473 3814 2611 3854 Anon.
2624 3809 2742 3864 Peri
2760 3822 2766 3838 ¹

1544 3877 1567 3926 5
1588 3888 1628 3923 α,
1651 3874 1920 3929 Geographus
1952 3876 2137 3917 Ravenn.
2161 3875 2217 3926 V,
2240 3890 2281 3929 9,
2306 3873 2378 3915 ubi
2411 3874 2524 3915 locus
2578 3894 2581 3898 <
2730 3871 2749 3929 ’ζ

1553 3935 1694 3983 Urion,
1715 3937 1839 3990 inque
1852 3936 1956 3977 Tab.
1971 3938 2179 3992 Peuting„
2197 3936 2267 3978 ubi
2284 3939 2327 3978 A
2334 3935 2512 3978 visurius
2530 3935 2544 3992 (
2562 3936 2590 3978 i.
2606 3949 2646 3978 e.
2657 3934 2728 3977 10¹

1554 3998 1646 4038 Urii
1681 4001 1710 4051 ).
1744 3999 2003 4040 Momm-amr
2041 3999 2161 4041 etiam
2199 3999 2241 4040 in
2274 4011 2480 4041 marmore
2507 3997 2679 4053 antiquo

1546 4059 1803 4101 Chisbullum
1827 4061 1869 4102 in
1900 4061 2040 4117 Antiq.
2075 4061 2202 4103 Asiat.
2235 4075 2280 4118 p.
2314 4063 2380 4116 59.
2413 4062 2544 4103 Porro
2570 4055 2771 4102 Cicero'·
