2808 4342
680 143 719 183 O

266 215 357 255 5¹12

265 308 320 354 Oi
333 305 481 355 πάντες
494 287 574 348 &b
590 302 784 358 Σινώπης
799 305 855 355 εἰς
867 302 1033 364 Ἀμισὸν
1051 304 1209 351 στάδιοι
1229 306 1334 355 7Ξ>ν’.
1403 306 1503 354 Ἀπὸ

264 371 307 416 δὲ
325 371 457 431 Ἱεροῦ
480 373 536 423 εἰς
554 370 816 429 Ἀμισὸν.εῖσ“ι
837 370 997 416 στάδιοι
1016 373 1141 435 ,δφκῖ
1211 373 1310 421 Ἀπὸ
1332 376 1500 435 Ἁμισοῦ

262 438 329 484 ἐπὶ
351 438 419 484 τὸν
444 438 659 486 Λύκαστον
682 439 871 500 ποταμὸν
891 439 1050 487 στάδιοι
1072 441 1128 489 κ’.
1198 441 1301 490 Ἀπὸ
1316 447 1394 489 τοῦ
1411 447 1501 492 Δυ-

259 507 413 553 κάστου
437 509 492 559 εἷς
522 507 668 568 κώμην
695 507 765 554 καὶ
801 507 990 568 ποταμὸν
1011 509 1213 557 Χαδίσιον
1236 512 1395 559 στάδιοι
1428 514 1500 576 ρν’.

213 587 233 616 ⁶
258 575 275 637 [
292 575 392 623 Ἀπὸ
410 576 610 625 Χαδισίου
633 575 701 622 ἐπὶ
722 577 791 623 τὸν
808 569 851 624 Ἶ
856 595 917 640 ριν
933 579 1121 639 ποταμὸν
1140 580 1296 628 στάδιοι
1318 582 1371 645 ρ’.
1390 582 1406 645 ]
1415 616 1499 632 .....

770 647 979 695 Δείπει.

633 871 1116 921 ΑΠΟΣΠΑΣΜΑΤΛ.

318 983 348 1033 i.
385 996 447 1034 st.
466 995 510 1035 B.
536 986 1009 1050 τἘρμώνασσα...
1042 990 1259 1046 Μένιππος
1280 994 1324 1040 δὲ
1346 996 1498 1059 χωρίον

252 1058 562 1118 ’Τραπεζοῦντος
581 1059 623 1103 ἐν
650 1059 850 1122 Περίπλῳ
871 1063 953 1106 τῶν
973 1060 1045 1106 δύο
1067 1062 1252 1109 Πόντων·
1276 1062 1500 1120 Ἑκαταῖος

191 1135 229 1165 ¹0
253 1127 296 1172 δὲ
317 1126 388 1172 καὶ
403 1127 656 1188 Θεόπομπος
670 1130 790 1175 πόλιν
811 1129 940 1186 αὐτήν
963 1149 1101 1194 φασιν.

188 1522 224 1553 15

182 1902 223 1931 20

313 1212 350 1242 a.
390 1197 557 1245 Χαλδί
573 1217 623 1255 α,
650 1198 769 1261 χώρα
800 1202 873 1255 τῆς
908 1199 1138 1262 Ἀρμενίας.
1209 1203 1425 1258 Μένιππος
1455 1208 1496 1252 ἐν

252 1265 451 1329 Περίπλῳ
469 1270 549 1312 τῶν
566 1266 638 1314 δύο
663 1269 851 1315 Πάντων·
872 1291 889 1310 e
908 1268 983 1323 τὴν
999 1270 1086 1296 *⁴¹*·
1105 1270 1230 1334 μέχρι
1248 1274 1402 1320 τούτων
1415 1279 1496 1322 τῶν

252 1334 473 1397 βαρὸάρων
494 1336 604 1383 ἐστὶν
628 1341 655 1392 ἡ
680 1339 874 1394 Ποντικὴ’
887 1339 1099 1400 βασιλεία·
1118 1360 1137 1382 ι
1154 1340 1224 1387 καὶ
1245 1344 1354 1389 κατά
1375 1367 1393 1385 ιι
1418 1348 1457 1393 Τ
1461 1365 1494 1391 ι·

250 1402 450 1466 ὅαρνηίην
470 1406 540 1451 καὶ
562 1408 749 1464 Χαλδίην
773 1409 843 1454 καὶ
866 1410 1090 1466 Σαννικήν.
1113 1432 1132 1451 ⁸

332 1521 590 1559 ΒΟΣΠΟΡΟΥ
611 1524 696 1560 ΚΑΙ
718 1525 1078 1563 ΠΡΟΠΟΝΤῙΔΟΣ
1099 1528 1408 1568 ΠΕΡΙΠΑΟΥΣ.

586 1622 831 1676 Βιθυνίας
853 1625 1148 1686 περίπλους.

308 1705 344 1736 a.
383 1688 599 1743 Μένιππος
614 1694 655 1737 ἐν
674 1693 874 1757 Περίπλῳ
893 1697 1097 1750 Βιθυνίας·
1116 1719 1135 1738 ι
1157 1698 1239 1745 ἀπὸ
1252 1698 1384 1763 Ἱεροῦ
1398 1703 1491 1758 Διὸς

246 1757 401 1818 Οὐρίου
424 1759 495 1804 καὶ
514 1764 583 1806 τοῦ
602 1761 805 1821 στόματος
827 1768 900 1809 τοῦ
926 1766 1086 1813 Πόντου
1110 1770 1333 1832 ἀριστερὰν
1354 1772 1490 1834 ἔχοντι

245 1826 318 1881 τὴν
342 1827 510 1890 ἤπειρον
542 1830 615 1876 καὶ
649 1832 885 1878 ἐπιπλέοντι
908 1836 963 1886 εἷς
988 1838 1236 1893 Χαλκηδόνα
1271 1840 1347 1895 τὴν
1373 1843 1492 1888 πόλιν

244 1896 322 1940 εἶσὶ
346 1897 505 1943 στάδιοι
530 1897 578 1952 ξ’.
604 1922 622 1941 ι
693 1901 915 1961 Μέμνηται
938 1906 959 1948 ὃ
982 1906 1103 1959 αὐτὸς
1130 1907 1200 1952 καὶ
1224 1912 1298 1963 τῆς
1326 1911 1491 1956 Χαλκί-

242 1966 350 2018 τιδος
372 1967 516 2023 νήσου.
587 1969 773 2027 Ἐκλήθη
796 1972 838 2018 δὲ
863 1973 943 2019 ἀπὸ
963 1975 1169 2029 Χάλκιδος
1192 1982 1261 2023 τοῦ
1287 1997 1490 2043 παρακει·

243 2036 365 2092 μένου
388 2042 580 2098 ποταμοῦ
596 2075 608 2096 ,
631 2042 685 2091 ὡς
703 2043 739 2085 οἱ
763 2043 961 2104 ἱστορικοὶ
983 2043 1161 2097 ἅπαντές
1179 2064 1298 2108 φασι.

1129 204 1435 252 MARCIAN!
1469 197 1916 254 HERACLEE‘Nsls

1573 313 1772 365 minatur,
1796 313 1929 356 stadia
1951 328 2044 359 120.
2104 319 2142 359 A
2162 319 2351 377 Gonopio
2372 322 2426 365 ad
2448 326 2639 367 Amisum
2670 322 2808 374 civita]

1573 379 1657 412 tem
1690 371 1822 413 stadia
1847 373 1941 416 150.
2000 376 2154 419 Omnia
2173 391 2199 419 a
2228 379 2381 437 Sinope
2410 382 2466 425 ad
2498 385 2690 429 Amisum
2711 389 2808 435 ann

1571 430 1701 473 stadia
1720 433 1818 487 950.
1877 437 1915 476 A
1933 436 2088 493 templo
2110 452 2208 481 vero
2229 439 2374 495 [sovis
2392 446 2484 488 Urii
2502 446 2519 502 ]
2543 446 2596 488 ad
2620 444 2808 499 Auliou-¹

1571 499 1669 532 sunt
1694 491 1828 535 stadia
1850 494 1976 543 4520.
2035 496 2102 539 Ab
2123 499 2269 541 Amiso
2295 500 2348 543 ad
2381 505 2602 560 Lyeastum
2636 504 2808 574 ssuvinq'

1571 546 1703 588 stadia
1721 561 1789 591 ao.
1850 552 1885 591 A
1908 551 2083 605 Lycasto
2098 552 2151 594 ad
2169 555 2305 597 vicum
2321 565 2363 598 et
2378 558 2551 602 nuvium
2568 561 2808 621 (luditimp

1570 601 1701 644 stadia
1722 605 1813 646 150.
1849 605 1917 660 [A
1936 606 2128 649 Chadisia
2145 609 2204 650 ad
2221 611 2503 667 Irinflum'um
2519 616 2663 660 stadia
2682 620 2808 678 1001.

1958 662 2178 719 Reliqua
2208 665 2416 710 desunt.
2728 683 2738 701 ³
2784 698 2789 702 ·

2131 806 2257 815 ——
2733 797 2757 827 fl„
2774 795 2795 856 ὲ

1924 913 1929 918 -
1993 889 2387 946 FRAGMENTA.
2735 874 2798 953 ‘3‘

1629 1017 1667 1046 1.
1699 1006 2021 1052 Hermonassam
2053 1012 2276 1070 Menippus
2311 1016 2362 1058 in¹
2390 1018 2557 1076 Periplo
2591 1022 2808 1080 utriusque

1567 1074 1690 1115 Ponti
1709 1076 1919 1119 mstellum
1936 1080 2209 1136 Trapezuntis
2221 1115 2234 1135 ,
2254 1086 2468 1130 Hecataeus
2491 1103 2588 1132 vero
2610 1099 2653 1134 et
2673 1093 2808 1137 Theo-

1566 1156 1745 1200 pompus
1759 1146 1907 1189 urbem
1925 1148 2087 1193 dicunt.
2760 1167 2774 1186 '³

1623 1224 1665 1253 a.
1694 1213 1866 1257 Chaldia
1881 1246 1893 1267 ,
1913 1219 2122 1262 Armeniae
2141 1223 2271 1276 regio.
2330 1226 2553 1283 Menippus
2575 1229 2618 1270 in
2650 1233 2808 1282 utrie-

1567 1293 1649 1334 que
1667 1281 1789 1323 Ponti
1812 1285 2006 1341 Periplo:
2036 1308 2053 1323 -
2078 1290 2117 1311 *¹¹
2142 1303 2272 1346 usque
2292 1292 2343 1334 ad
2370 1294 2446 1336 hos
2470 1295 2667 1340 barbaros
2683 1295 2808 1355 pem-

1565 1356 1636 1389 net
1654 1363 1828 1403 regnum
1847 1354 2083 1398 Ponticum.
2109 1377 2126 1394 ι
2147 1360 2280 1402 Ροι·1·0
2299 1363 2518 1406 Hecatoeus
2531 1366 2591 1420 (Ρ)
2612 1378 2622 1406 :
2647 1385 2665 1402 ι
2685 1357 2808 1418 Tilffi

1565 1418 1670 1459 riam
1692 1427 1735 1463 et
1754 1421 1968 1466 Chaldiam
1986 1434 2028 1467 et
2049 1428 2282 1474 Sannicam.
2312 1450 2329 1467 ι
2745 1439 2754 1461 ³
2775 1440 2803 1463 ²²³

1708 1545 1914 1581 aosrom
1950 1551 2008 1583 ΒΤ
2042 1552 2369 1590 Paopomims
2403 1558 2643 1595 Peninus
2742 1582 2756 1613 .*
2776 1562 2808 1618 4

1921 1644 2173 1701 Bithyniae
2194 1650 2438 1707 periplus.
2760 1619 2808 1700 :fi

1620 1708 1660 1750 3.
1692 1710 1914 1768 Menippus
1943 1715 1984 1755 in
2005 1716 2208 1772 Bithyniae
2230 1720 2423 1776 Periplo:
2448 1739 2466 1761 ι
2499 1731 2535 1765 Λ
2571 1723 2668 1767 sano
2692 1687 2808 1787 Jov‘

1566 1776 1658 1816 Urii
1681 1786 1806 1833 atque
1825 1781 1947 1822 Ponti
1972 1782 2079 1823 ostio
2101 1782 2152 1823 ad
2176 1785 2384 1828 sinistram
2407 1787 2575 1831 habenti
2590 1788 2808 1850 contine&

1565 1850 1648 1884 tem
1669 1852 1711 1885 et
1731 1846 1784 1886 ad
1806 1848 2109 1891 Chalcedoncm
2126 1844 2293 1894 'urbem
2316 1856 2523 1911 naviganti
2558 1859 2690 1902 stadia
2710 1863 2808 1904 suut

1565 1916 1634 1954 60.
1670 1932 1687 1949 ι
1715 1913 1831 1956 Idem
1850 1918 2073 1974 Menippus
2092 1921 2216 1962 ctiam
2234 1922 2475 1968 chalcitidis
2497 1927 2640 1972 insula!
2656 1930 2780 1973 memi

1563 1982 1639 2023 nit.
1662 1982 1825 2026 Nomen
1857 1988 2014 2043 accepit
2036 1989 2272 2031 Chalcedon
2292 1992 2347 2034 ab
2370 1992 2583 2049 adjacente
2612 1998 2808 2044 Chalcide

1563 2049 1708 2102 ssuvio,
1734 2053 1853 2094 sicuti
1874 2069 2019 2097 omnes
2039 2057 2208 2099 tradunt
2231 2060 2429 2104 historici.
2800 2071 2806 2082 “’

252 2127 2808 2184 Ἠχώ..

241 2167 388 2217 codex,
411 2178 457 2209 ut
474 2172 699 2220 Arrianus;
718 2171 814 2212 dein
831 2173 1006 2222 Ζάλικος.
1029 2176 1214 2218 Millerus
1229 2194 1252 2219 e
1266 2180 1488 2223 Ptolemaeo

243 2229 406 2284 scrIpsit
440 2230 631 2271 Ζάλισκον
668 2240 710 2272 et
747 2233 939 2275 Ζαλίσκου
981 2237 997 2289 ΙΙ
1028 2260 1086 2268 -
1131 2251 1169 2279 1.
1205 2241 1339 2282 σταδ.
1369 2240 1482 2299 ὤν’]

242 2291 351 2331 σταδ.
370 2289 430 2332 τν’
445 2291 558 2343 cod.;
585 2307 667 2335 vox
690 2293 778 2345 εἰσὶ,
797 2310 922 2351 quam
947 2297 1128 2341 Millerus
1147 2310 1242 2343 ante
1273 2317 1311 2344 v.
1338 2305 1486 2345 στάδιοι

240 2351 380 2404 habet,
404 2367 490 2395 non
518 2363 579 2396 est
608 2356 650 2396 in
676 2356 834 2408 codice,
871 2359 1068 2416 facileque
1095 2377 1143 2404 ea
1160 2378 1362 2407 caremus,
1390 2367 1405 2420 ΙΙ
1430 2391 1487 2401 —

240 2428 282 2456 2.
298 2414 439 2471 ,δφκ’]
454 2417 555 2474 ,αφκ’
573 2417 668 2459 cod.
691 2420 811 2473 11-3.
824 2421 882 2461 Aa
896 2426 1097 2481 καστον]
1116 2426 1306 2469 ἅκαυστον
1319 2437 1360 2470 01
1373 2428 1487 2470 ἀκαύ·

240 2492 331 2518 στου
348 2477 462 2528 cod.;
487 2494 570 2521 em.
599 2480 791 2524 Hudson.
819 2485 835 2538 ΙΙ
858 2509 914 2516 —
932 2489 974 2535 4.
995 2487 1272 2547 Χαδίσιον]
1299 2492 1482 2534 Χαδέσιον

239 2539 353 2592 cod.;
364 2555 445 2582 em.
459 2541 633 2583 Hudson
642 2558 691 2584 ex
705 2548 801 2586 Arr.
811 2550 1083 2605 etAnonymo
1095 2559 1135 2592 et
1146 2553 1342 2608 Stephan.
1356 2556 1454 2611 Byz.
1469 2569 1479 2597 z

238 2602 302 2642 Χα
313 2604 334 2643 δ
349 2618 391 2644 ισ
402 2604 414 2644 ί
425 2619 449 2644 α
463 2635 474 2655 ,
495 2604 606 2654 πόλις
621 2608 886 2664 Λευκοσῦρων.
905 2610 1141 2663 Ἑκαταῖος..
1152 2646 1161 2655 .
1178 2615 1427 2666 Μένιππος
1442 2618 1483 2660 δὲ

236 2665 416 2707 Χαδίσιον
439 2668 575 2723 κώμην
595 2669 660 2709 καὶ
682 2673 857 2728 ποταμὸν
878 2672 916 2715 ἐν
935 2675 1115 2733 Περίπλῳ
1133 2683 1209 2719 τῶν
1229 2679 1297 2720 δύο
1321 2681 1481 2723 Πάντων

237 2729 365 2781 φησίν·
398 2746 414 2766 ι
447 2727 535 2770 Ἀπὸ
561 2735 629 2771 τοῦ
650 2733 846 2775 Λυκάστου
868 2735 919 2785 εἰς
934 2739 1070 2792 κώμην
1091 2740 1156 2781 καὶ
1169 2741 1345 2797 ποταμὸν
1366 2743 1480 2783 xenai-

237 2804 319 2830 σιον
353 2792 488 2831 στάδια
527 2792 663 2834 ἑκατὸν
698 2796 958 2848 πεντήκοντα·
998 2799 1072 2841 ἀπὸ
1106 2802 1287 2843 Χαδισίου
1315 2804 1376 2846 ἐπὶ
1413 2805 1480 2847 τὸν

236 2851 332 2906 Ἶριν
357 2854 532 2909 ποταμὸν
554 2858 689 2897 στάδια
716 2858 868 2902 ἑκατόν.
893 2879 908 2899 n
932 2864 993 2903 Ex
1022 2863 1085 2904 his
1107 2865 1293 2907 Millerus
1311 2868 1353 2908 in
1371 2869 1482 2910 Mar-

237 2914 359 2954 ciano
391 2916 595 2971 supplevit
628 2934 674 2959 ea
704 2935 796 2974 quae
826 2925 942 2964 uncis
966 2925 1252 2969 includuntur.
1287 2930 1479 2973 Ceterum

237 2989 315 3030 pro
337 2976 519 3018 Χαδίσιον
538 2980 770 3035 Stephanus
791 2983 914 3025 habet
929 2987 1051 3027 etiam
1071 2988 1266 3040 Χαὸηοίαν
1289 3000 1330 3032 01
1348 3007 1370 3033 0
1388 3009 1479 3035 cor·

236 3046 361 3093 rupto
383 3038 479 3080 cod.
504 3040 707 3083 Χαλισίαν.
742 3044 759 3097 ΙΙ
795 3067 852 3076 —-
878 3050 919 3087 6.
936 3048 995 3087 Λε
1012 3047 1123 3089 ίπει.
1149 3051 1164 3105 ]
1203 3053 1317 3092 lianc
1338 3068 1478 3096 vocem

235 3100 323 3154 ipse
342 3100 497 3143 codicis
526 3103 661 3145 scriba
682 3102 811 3157 dedit,
838 3108 1080 3165 paginaeque
1104 3121 1262 3167 partem
1293 3114 1478 3157 ultimam

235 3162 402 3218 reliquit
422 3178 617 3217 vacuam;
645 3166 758 3209 unde
776 3177 888 3224 patet
911 3171 1048 3227 ipsum
1075 3173 1174 3215 illud
1190 3174 1303 3230 quod
1326 3176 1479 3218 descri-

233 3225 314 3279 psit
331 3227 539 3282 exemplar
562 3229 754 3271 mutilum
778 3230 917 3275 fuisse.

290 3285 585 3342 Sthungimus
610 3305 634 3332 e
664 3292 873 3349 Stephano
904 3294 1131 3349 fragmenta
1164 3299 1365 3356 Menippi.
1387 3315 1478 3356 quae

233 3348 284 3389 ad
303 3348 561 3406 deperditam
584 3355 784 3409 epitomes
805 3365 962 3411 partem
983 3361 1206 3414 pertinent,
1223 3363 1308 3403 sive
1326 3377 1349 3404 e
1366 3364 1477 3406 Mar·

233 3410 352 3452 ciano
376 3412 462 3454 sive
484 3427 532 3454 ex
569 3414 659 3470 ipso
687 3418 885 3474 Menippo
907 3420 990 3461 sint
1018 3423 1158 3477 petita.

293 3478 328 3514 1.
355 3472 419 3514 Cf.
443 3476 655 3532 Anonym.
680 3481 702 3530 S
723 3479 774 3532 37
793 3494 832 3534 p.
854 3484 965 3530 41οῑ
990 3482 1065 3524 ἀπὶ)
1089 3483 1129 3525 δὲ
1154 3484 1401 3540 Κορδύλης...
1428 3486 1479 3536 εἰς

239 3527 534 3588 Ἑρμώνασσαν,
555 3540 701 3595 χωρίον
720 3541 1004 3596 Τραπεζοῦσιον
1029 3547 1139 3601 (sic),
1164 3549 1312 3590 στάδιοι
1327 3551 1378 3592 τ’.
1397 3553 1476 3593 At·-

231 3592 336 3634 rian.
358 3599 380 3647 §
401 3600 471 3648 al..

287 3666 329 3696 a.
360 3658 428 3699 Sic
463 3659 600 3703 locum
634 3674 877 3721 corruptum
912 3669 1102 3712 exhibuit
1134 3673 1381 3726 Meinekius,
1403 3676 1473 3731 qui

237 3733 254 3753 ι
292 3716 494 3772 Iudicavi,
528 3722 679 3779 inquit,
718 3727 929 3782 lacunam;
967 3732 1009 3773 in
1041 3733 1089 3774 iis
1112 3748 1204 3789 quae
1231 3735 1475 3779 exciderunt

233 3777 415 3822 Chaldia:
436 3795 590 3826 nomen
608 3785 788 3839 affuerit,
813 3805 976 3835 necesse
994 3803 1068 3837 est.
1087 3798 1194 3850 Quae
1212 3799 1322 3840 enim
1339 3800 1475 3856 paullo

231 3849 324 3894 post
361 3854 594 3899 sequuntur
624 3848 691 3890 καὶ
715 3851 814 3893 κατὰ
848 3854 1082 3912 Τιὸαρηνίην
1105 3867 1184 3901 010.
1214 3861 1336 3916 vulgo
1378 3877 1471 3905 cum

230 3902 414 3960 Menippi
442 3906 534 3950 1000
555 3909 798 3966 conjuncta,
830 3917 1007 3960 Hecataei
1041 3935 1127 3963 esse
1148 3937 1196 3963 cx
1226 3924 1370 3966 ionicis
1394 3925 1473 3967 sor·

231 3964 308 4003 mis
331 3966 585 4023 intelligitur.
609 3989 625 4010 1
647 3974 663 4026 ΙΙ
693 3997 750 4006 —
766 3975 968 4034 βαρὸἀρων
1001 3982 1096 4023 cod.
1128 3985 1321 4039 nt·o‹!ig.;
1345 3987 1471 4042 βάρων

231 4024 355 4067 codd.
381 4029 476 4072 Ald.
493 4041 534 4074 et
566 4035 808 4081 Vossianus.
835 4041 852 4095 ΙΙ
874 4065 931 4074 -
959 4045 1037 4084 καὶ
1071 4046 1221 4102 κατὰ]
1254 4049 1319 4089 καὶ
1357 4047 1471 4090 Ἐκα-

1560 2186 1693 2232 ταῖοςΡ
1744 2187 1759 2240 ΙΙ
1801 2210 1860 2218 -
1901 2189 2136 2245 Τιδαρηνίην
2186 2194 2423 2238 Holstenius
2464 2188 2507 2240 et
2552 2194 2808 2261 Meiuekiu⁸3⁵

1558 2245 1742 2301 Τιὸαρίην
1763 2247 1889 2290 codd.
1925 2251 2053 2304 Quod
2088 2254 2223 2309 ipsum
2246 2256 2391 2300 suadet
2421 2260 2545 2303 verba
2565 2277 2653 2306 esse
2670 2265 2804 2309 lieen-

1560 2308 1624 2348 taei
1639 2338 1651 2356 ‚
1690 2309 1844 2365 quippe
1876 2313 1949 2366 qui
1970 2322 2133 2367 gentem
2161 2330 2244 2358 non
2261 2317 2500 2375 Τιβαρηνοὺς
2524 2323 2596 2366 sed
2618 2325 2807 2384 Ttssoepolag

1558 2369 1659 2411 dicit
1677 2385 1745 2427 ap.
1771 2374 1968 2429 Stephan.
1990 2390 2029 2418 v.
2054 2377 2249 2433 Χοιράδες.
2281 2381 2297 2435 ΙΙ
2319 2405 2376 2414 -
2398 2401 2415 2421 ι
2443 2383 2633 2440 Σαννικήν
2651 2388 2808 2433 Barke-²

1558 2431 1660 2483 lius;
1678 2434 1856 2488 Σινδικήν
1873 2437 2107 2490 Salmasius,
2127 2441 2316 2495 Σανδικήν
2333 2443 2459 2488 codd.
2480 2447 2546 2491 Cf.
2563 2449 2805 2496 Euanthius

1557 2495 1608 2537 ad
1626 2497 1797 2554 Dionys,
1816 2504 1898 2554 769
1918 2514 1927 2542 ε
1949 2503 2060 2558 χώρα
2083 2503 2123 2544 δὲ
2158 2503 2349 2561 ’Ἀρμενίας
2369 2506 2393 2561 ἢ
2420 2509 2591 2564 Χαλδία,
2613 2508 2658 2566 ἧς
2688 2516 2808 2574 pix-pi

1556 2556 1579 2608 ἡ
1609 2558 1776 2612 Ποντικὴ
1803 2562 1995 2616 βασιλεία.
2033 2582 2049 2603 n
2072 2566 2171 2608 Haec
2185 2568 2432 2613 Meinekius.
2457 2573 2651 2618 Ceterum
2669 2578 2808 2635 quun!¹

1558 2620 1599 2660 in
1612 2622 1820 2678 Stephano
1835 2624 1924 2666 haec
1939 2625 2125 2680 legantur
2139 2638 2234 2671 ante
2250 2632 2471 2675 articulum
2486 2635 2691 2690 Χαλδαῖοι,
2709 2635 2808 2683 nos-r

1557 2688 1623 2722 tro
1642 2682 1732 2725 loco
1750 2685 2018 2729 scribendum
2041 2689 2205 2732 videtur
2226 2692 2423 2745 Χαλδαίας
2453 2697 2569 2752 quod
2589 2699 2631 2740 in
2650 2699 2800 2744 Χαλδία

1556 2754 1798 2802 corruptum
1817 2757 1967 2804 praeter
1987 2752 2249 2796 Eustathium
2271 2757 2394 2799 etiam
2422 2758 2715 2806 Constantinus
2737 2766 2800 2807 De

1556 2806 1682 2849 them.
1716 2823 1758 2865 p.
1782 2824 1835 2865 29
1866 2814 2034 2868 reperit.
2059 2815 2220 2868 Quodsi
2247 2827 2455 2873 postrema
2484 2822 2664 2867 nee-td
2681 2835 2808 2879 mnu:

1555 2871 1737 2913 notanda
1757 2872 1862 2915 soret
1879 2877 2114 2919 Sannorum
2134 2881 2304 2931 mentio,
2322 2883 2394 2938 qui
2417 2886 2582 2928 nonnisi
2604 2887 2647 2930 in
2660 2894 2808 2945 poste-²

1555 2933 1675 2974 rioris
1686 2935 1759 2976 aevi
1772 2937 2043 2993 scriptoribus
2058 2952 2364 2995 memorantui·;
2383 2959 2510 3001 porro
2523 2946 2808 3010 increpandus·

1555 2993 1661 3036 soret
1671 2997 1903 3053 Stephanus
1918 3015 1958 3042 v.
1978 3001 2201 3058 Μάκρωνες,
2218 3005 2289 3047 11111
2309 3008 2526 3052 Macrones
2540 3024 2591 3053 ex
2606 3012 2798 3056 nee-tm

1555 3056 1777 3101 laudantur
1789 3061 1941 3103 additis
1961 3065 2116 3107 verbis:
2134 3067 2171 3108 oi
2183 3071 2249 3109 νῦν
2262 3068 2435 3112 Σαννοί..
2457 3074 2612 3126 Quare,
2625 3074 2798 3118 sinem-

1555 3119 1618 3159 taei
1638 3121 1761 3163 verba
1779 3133 1891 3175 sunt,
1914 3126 2089 3168 Berkelii
2111 3129 2443 3174 emendationem
2460 3134 2477 3186 (
2488 3134 2521 3174 si
2539 3134 2644 3176 solas
2661 3135 2796 3180 literas

1553 3191 1723 3236 spectes,
1732 3186 2056 3239 probabilissima
2062 3192 2121 3243 m)
2134 3190 2214 3231 add
2220 3191 2438 3234 ubitaveris
2447 3195 2800 3256 scribendumque

1558 3253 1698 3298 putem
1720 3247 1784 3286 καὶ
1801 3248 2037 3301 Μοσυνικήν.
2067 3254 2128 3292 De
2147 3253 2348 3295 Chaldaeis
2372 3255 2480 3298 inter
2499 3258 2727 3303 ΤΗΝ-0000
2754 3270 2796 3307 et

1551 3306 1767 3361 Mossynos
1795 3309 1941 3350 mediis
1962 3311 2054 3351 vide
2078 3321 2165 3353 not.
2187 3313 2238 3354 ad
2263 3315 2420 3371 Scylac.
2444 3320 2467 3371 S
2490 3321 2543 3361 86
2565 3333 2608 3377 p.
2641 3322 2710 3365 63.
2734 3324 2799 3367 DQ

1551 3368 1750 3411 Chaldaeis
1767 3374 1972 3414 Armenize
1991 3374 2031 3414 in
2053 3375 2164 3417 hisce
2176 3378 2327 3419 Ionicis
2344 3379 2426 3422 11.1.
2440 3382 2608 3437 eogitari
2633 3387 2791 3441 nequit,

1550 3431 1708 3473 etiamsi
1750 3432 1939 3486 Σαννικήν
1980 3437 2204 3492 scripscris.
2243 3463 2300 3472 —
2333 3443 2425 3483 Jam
2458 3443 2572 3499 quod
2608 3437 2808 3507 Menipffj

1553 3493 1673 3535 verba
1689 3496 1850 3544 attinet,
1875 3497 1989 3538 vides
2013 3499 2210 3553 βασιλείαν
2234 3502 2441 3556 Ποντικήν,
2469 3519 2552 3548 000
2569 3520 2666 3550 vero
2680 3506 2808 3565 ἰπαρ-,ζ

1549 3555 1658 3609 χίαν,
1678 3566 1723 3598 111
1742 3572 1866 3615 supra
1891 3560 1932 3600 in
1955 3561 2183 3613 Marciam,
2213 3566 2449 3607 memorari.
2482 3566 2606 3609 Unde
2626 3569 2802 3613 conclu-·

1549 3617 1622 3658 ‹las
1656 3620 1910 3675 Stephanum
1947 3636 2019 3663 sua
2057 3637 2106 3664 ex
2142 3624 2232 3679 ipso
2265 3627 2463 3683 Menippo
2498 3619 2808 3702 depromam}

1550 3682 1741 3723 Cetei-um
1759 3683 1813 3725 cs.
1832 3686 2046 3740 Anonym.
2068 3689 2090 3738 S
2111 3686 2164 3728 38
2184 3701 2227 3742 p.
2250 3690 2326 3738 411
2354 3702 2364 3731 :
2383 3688 2458 3732 ἀπὸ
2477 3686 2546 3733 οὖν
2567 3690 2790 3749 Ὀφιοῦντος

1549 3748 1726 3798 ποταμοῦ
1758 3744 1806 3786 τὰ
1835 3744 1927 3798 ἔθνη
1959 3751 2034 3788 τῶν
2057 3748 2126 3789 δύο
2157 3748 2317 3792 Πόντων
2345 3750 2452 3803 ἔστί,
2477 3752 2525 3795 τὰ
2552 3754 2593 3797 31
2620 3754 2790 3814 ἐχόμενα

1551 3805 1751 3861 βαρὸάρων
1771 3808 1963 3864 διαφόρων
1980 3808 2082 3852 ἐστὶν
2107 3808 2243 3854 ἐθνῶν.
2265 3815 2370 3867 Qua·
2383 3829 2407 3856 e
2428 3816 2639 3860 Marciano
2662 3818 2808 3881 fluxe-g.

1548 3875 1646 3908 rint.
2784 3917 2808 3928 -

1606 3929 1644 3969 3.
1672 3931 1767 3972 lta-c
1786 3947 1809 3973 0
1836 3933 2045 3989 Stephano
2079 3948 2119 3976 v,
2141 3934 2372 3989 Χαλκηδών.
2396 3939 2459 3981 De
2482 3939 2709 3984 Clialcitide
2728 3943 2769 3984 in
2787 3931 2803 3981 ἶῚ

1546 3990 1631 4030 sula
1659 3995 1673 4042 (
1692 3992 1790 4034 hod.
1817 3995 1956 4037 Chalci
1977 3995 1992 4053 )
2011 3996 2065 4037 cs.
2094 3998 2348 4042 Arte-nidor.
2381 4000 2454 4043 1111.
2484 4002 2544 4043 xl
2561 4017 2631 4059 ap.
2655 4006 2715 4046 St.
2737 4006 2769 4046 B

1546 4067 1579 4092 s.
1605 4067 1641 4093 v.
1671 4054 1823 4096 Eadem
1853 4058 1975 4099 ctiam
2001 4058 2227 4114 Δημόνησος
2247 4061 2477 4115 dicebatur,
2501 4072 2602 4106 teste
2618 4066 2768 4123 stepha
