2808 4342
709 126 774 175 ο.

170 227 259 268 500

229 340 308 372 ³2¹.
344 319 444 368 Ἀπὸ
474 321 618 365 Βιενου
646 317 701 366 εἷς
729 311 923 369 Λέὸηναν
945 309 1105 357 στάδιοι
1126 308 1182 355 ο’·
1216 311 1403 355 iutim-

168 395 354 459 ριίιιιιται
371 389 509 446 νησίον
525 423 538 445 ,
562 387 585 435 ὃ
607 387 796 432 καλεῖται
817 381 974 437 Ὀξιῖα·
993 381 1103 445 ὕδωρ
1128 381 1230 445 ἔχει.

229 482 308 513 822.
343 462 443 511 'Aue
469 460 659 517 Αεὸήνας
681 460 737 509 εἷς
756 455 878 508 Ἁλὰς
897 453 1052 502 στάδιοι
1070 455 1125 502 κ’.

1196 231 1206 240 -
1291 201 1581 251 ANoNYm

1525 302 1628 367 ,3²¹5
1661 304 1698 344 A
1709 303 1839 344 meno
1850 301 2043 358 (hiemo)
2056 302 2112 347 ad
2122 304 2332 348 [ebenum
2348 305 2479 348 stadia
2495 319 2578 361 250
2592 308 2706 361 (ω’).

1473 356 1863 468 ξζιυέιιέιιὶξὶὶἳῗὼ
1876 370 2018 413 parva,
2034 371 2130 414 quc
2142 369 2314 403 voeamr
2326 362 2434 404 Oxia
2445 363 2531 403 sive
2550 365 2683 405 Acuta
2698 377 2711 413 ς
2759 400 2761 403 .

1531 468 1628 509 322.
1657 470 1694 510 A
1718 467 1885 510 Lebena
1906 467 1960 509 ad
1980 467 2103 510 Helas
2124 469 2356 526 (mnas)
2385 472 2516 515 stadia
2541 474 2592 516 50
2622 472 2710 530 (ν’).
2742 438 2780 518 Ἰν

166 643 231 684 καὶ
252 639 460 696 Ἐφιάλτου
481 641 557 677 τῶν
573 633 720 675 παίδων
738 630 980 680 Ποσειδῶνος
994 646 1003 655 ·
1026 631 1093 672 καὶ
1116 632 1231 688 μέχρι
1247 632 1315 674 καὶ
1335 635 1402 675 νῦν

166 704 215 747 τὸ
229 702 449 756 καλούμενα
468 695 727 750 ἑκατομφόνια
741 693 871 735 θύεται
887 697 944 750 αἶ)
955 692 1070 749 Ἄρει.
1085 693 1108 735 ὁ
1121 693 1283 748 πολίτης
1303 695 1406 738 Βιέν-

168 782 246 814 νιος
259 781 267 788 ·
298 782 314 801 ι
342 762 380 803 οἱ
397 760 438 801 δὲ
464 758 577 814 τιμὰς
591 756 830 813 ἀποπέμπειν
848 760 905 813 τῷ
918 770 959 798 τε
978 755 1112 813 Μιλίῳ
1142 756 1225 814 (τῷ
1241 757 1405 815 τεμιλίῳ

165 827 292 879 Ald.)
325 822 390 864 καὶ
419 820 593 876 Βιεννίῳ.
622 820 864 875 Sequuntur
885 817 960 859 alia
983 817 1174 873 quaedam
1203 817 1258 860 de
1275 820 1405 863 Vien-

164 903 218 930 na
243 886 415 935 Gallim,
439 882 564 937 hujus
582 881 723 930 urbis,
749 887 796 921 ut
817 878 971 930 ferunt,
994 879 1171 921 colonia.
1196 880 1407 922 Hierocles

163 966 205 1007 p.
221 953 324 1003 649:
342 947 508 995 Ἴνατος,
528 945 679 995 Βίεννα,
700 941 940 998 Ἱεράπυδνα.
954 943 1109 996 Geogr.
1134 944 1236 984 Rav.
1253 944 1309 993 V,
1323 955 1373 985 αι
1392 956 1403 986 2

164 1013 300 1062 Dicte,
335 1009 534 1066 Jcmpina
556 1007 569 1063 (
590 1008 619 1049 i.
638 1022 677 1048 e.
705 1004 1007 1061 Hierapytna),
1034 1004 1212 1057 Blentia,
1247 1005 1406 1048 Liberi-

163 1075 274 1123 thou,
294 1070 467 1129 Arpade
481 1072 497 1124 (
512 1070 540 1113 l.
566 1068 831 1126 Amde).1n
844 1067 951 1108 Tab.
971 1067 1161 1122 Peuting.
1184 1066 1337 1109 Blenna
1354 1066 1408 1110 ab

164 1137 295 1178 Hiera
320 1135 334 1192 (
354 1135 639 1189 Hierapytna)
660 1146 714 1174 20
736 1129 920 1180 mitibus,
942 1129 996 1171 ab
1018 1128 1209 1171 Arcadia
1231 1130 1285 1172 30
1300 1129 1407 1171 mili-

163 1199 240 1239 bus
265 1196 403 1238 distat.
434 1195 598 1235 Veteris
634 1193 749 1235 urbis
781 1192 873 1233 loco
903 1189 1027 1232 hodie
1057 1198 1119 1232 est
1147 1190 1300 1233 Bianos
1335 1205 1408 1233 seu

168 1263 211 1301 V
211 1260 328 1301 ianos
362 1259 492 1307 vicus,
525 1255 670 1311 viginti
700 1254 786 1295 sere
806 1251 950 1294 stadiis
973 1266 997 1294 a
1020 1251 1140 1294 litore
1160 1261 1346 1295 remotus
1363 1253 1406 1294 in

163 1322 332 1378 planitie
352 1321 480 1362 fluvio
503 1320 672 1373 irrigua.
701 1319 847 1372 Itaque
869 1314 1015 1370 ἀπέχον
1033 1314 1301 1357 scribendum
1322 1330 1409 1357 ωδε

163 1399 242 1441 pro
258 1383 416 1439 ἀνέχον,
437 1379 554 1438 quod
571 1379 702 1421 codex
721 1379 899 1434 praebet,
917 1386 1027 1419 reete
1039 1376 1215 1432 conjecit
1232 1377 1404 1420 Gailius.

162 1448 296 1488 Porro
310 1459 441 1501 quum
459 1443 614 1485 Bianos
632 1456 655 1483 a
671 1442 924 1497 Hierapytna
937 1440 1043 1482 absit
1059 1454 1074 1481 1
1084 1453 1137 1494 70
1152 1439 1236 1481 sere
1249 1439 1406 1487 stadiis.

162 1521 242 1564 pro
271 1508 420 1549 στάδιοι
452 1505 491 1546 ο’
511 1505 589 1559 leg.
623 1503 773 1544 στάδιοι
805 1501 877 1558 ρο’,
910 1510 1106 1543 monente
1139 1501 1337 1558 Pashleyo
1366 1503 1409 1543 in

169 1569 340 1611 vaels
372 1569 414 1609 in
441 1569 552 1608 Cre‘ee
574 1563 782 1622 (London
811 1565 917 1618 1837
938 1566 1005 1619 )Ι,
1027 1578 1068 1620 p.
1097 1577 1194 1618 277.
1224 1563 1335 1605 Olim
1358 1563 1412 1606 de

162 1632 245 1672 situ
259 1631 426 1672 Biennae
442 1629 556 1671 urbis
576 1629 691 1669 vario
713 1625 842 1668 modo
858 1628 935 1668 viri
951 1626 1063 1668 docti
1083 1634 1290 1668 errarunt.
1320 1627 1411 1668 Prae

162 1694 308 1735 ceteris
323 1691 531 1734 cavendus
552 1698 613 1732 est
629 1691 806 1746 Lapieus
816 1722 828 1741 ,
843 1690 915 1745 qui
939 1690 1071 1730 Cretae
1086 1702 1278 1745 mappam
1297 1702 1411 1731 erro·

163 1756 279 1797 ribus
293 1763 517 1797 scatentem
533 1752 736 1803 confecit,
762 1767 839 1794 nec
857 1751 988 1793 multo
1003 1750 1174 1792 meliora
1196 1750 1351 1807 praebet
1366 1751 1410 1792 in

164 1818 328 1860 Recuei!
338 1817 409 1859 des
421 1815 665 1858 Itinemires
682 1815 865 1856 ariciens.
884 1814 988 1855 Illuc
1004 1812 1144 1855 redeo.
1168 1812 1411 1854 Ptolemaeus

165 1879 367 1921 Biennum
387 1893 459 1919 seu
477 1879 677 1919 Biennam
700 1891 785 1918 non
809 1884 1034 1927 memorat,
1060 1874 1132 1916 sed
1156 1882 1249 1930 post
1266 1876 1410 1916 Hiera·

164 1950 333 1999 pytnam
367 1940 490 1983 habet
530 1939 648 1995 Ἱερὸν
683 1940 784 1995 ὄρος.
818 1940 903 1993 Qui
934 1937 1104 1994 quidem
1137 1938 1260 1979 Sacer
1290 1951 1412 1979 mons

120 2038 124 2042 .
163 2003 308 2061 procul
323 2003 454 2045 dubio
472 2012 559 2044 erat
578 2017 699 2043 mons
716 2003 831 2043 Jovis
843 2001 960 2044 Arbii
972 2033 983 2052 ,
1001 2015 1024 2042 e
1042 1999 1251 2056 Stephano
1270 2008 1409 2052 notus,

165 2069 182 2120 (
200 2067 358 2123 ’Ἀρὰμ
395 2066 509 2107 Ἔστι
530 2065 595 2106 καὶ
617 2065 655 2106 ἔν
678 2064 808 2121 Κρήτῃ
825 2064 974 2119 ’'Ap-3205
995 2064 1097 2119 ὄρος,
1127 2062 1220 2103 ἔνθα
1254 2066 1412 2119 τιμᾶται

165 2128 316 2184 Ἅρὸιος
336 2128 438 2176 Ζεύς.
464 2127 612 2182 Ἀρὸιος
638 2122 706 2166 οὖν
726 2126 748 2166 ὁ
782 2130 971 2167 κατοινλῖιν
1002 2125 1047 2166 τὸ
1065 2124 1210 2181 ὄρος’);
1239 2123 1281 2165 id
1300 2126 1410 2167 enim

164 2189 311 2233 suadet
330 2190 443 2232 Arvt'
477 2188 588 2230 haud
617 2188 738 2242 longe
759 2201 782 2228 a
805 2187 959 2228 Bianos
987 2188 1079 2227 vico
1097 2185 1150 2227 ad
1179 2200 1292 2227 mare
1310 2187 1413 2228 situs

168 2252 182 2309 (
201 2254 258 2294 V.
279 2251 465 2306 Pashley.
486 2264 530 2306 p.
556 2252 637 2291 266
659 2249 692 2305 ),
717 2262 827 2305 pone
848 2262 974 2303 quem
996 2256 1159 2289 montes
1174 2257 1410 2301 assurgunt.

165 2316 359 2358 Ceterum
398 2313 487 2360 Ζεὺς
513 2311 659 2367 Ἄρὸιος
678 2310 788 2352 idem
826 2310 950 2351 suerit
971 2323 1067 2361 cum
1089 2312 1192 2351 Jove
1221 2310 1409 2367 Βιεννίῳ,

165 2392 290 2433 quem
314 2376 368 2417 de
391 2374 494 2416 urbe
515 2375 574 2415 sie
591 2374 781 2415 nominat
807 2372 1040 2429 Stephanus
1063 2386 1102 2413 ν.
1137 2371 1312 2423 Βίεννος,
1341 2372 1412 2414 ubi

165 2454 244 2495 pro
259 2446 457 2494 corrupto
477 2441 533 2493 τῷ
558 2451 598 2478 τε
621 2436 740 2493 μιλίῳ
763 2434 997 2477 Meinekius
1019 2434 1287 2477 scribendum
1311 2449 1411 2477 con·

162 2501 253 2556 jicit
275 2506 331 2557 τῷ
351 2516 393 2542 τε
422 2499 628 2555 Μιλησίῳ,
650 2512 781 2554 quum
803 2498 969 2539 Miletus
991 2497 1093 2538 urbs
1123 2497 1164 2537 in
1180 2497 1303 2538 Creta
1323 2496 1412 2539 sue·

166 2565 234 2606 rit.
271 2561 543 2605 scribendum
574 2562 715 2617 potius
734 2569 793 2602 est
829 2574 838 2601 :
875 2565 931 2616 τῷ
957 2559 1167 2613 Ταλλαίῳ,
1199 2573 1331 2614 quum
1359 2558 1412 2601 de

165 2627 315 2668 Tallaeo
331 2628 435 2667 Jove
450 2624 617 2667 aliunde
635 2631 810 2666 constet.
843 2622 957 2676 Quid
977 2621 1206 2664 Hoeckhius
1223 2630 1408 2674 censeat,

167 2691 322 2739 nescio,
345 2702 474 2743 quum
503 2689 567 2728 De
592 2688 710 2729 Creta
736 2701 841 2742 opus
861 2687 938 2728 viri
961 2685 1189 2726 doctissimi
1213 2699 1411 2726 veneran-

168 2752 295 2807 dique
320 2751 502 2805 magistri
528 2765 640 2791 nunc
670 2765 754 2791 non
782 2749 904 2790 adsit.
930 2773 984 2780 —
1009 2750 1115 2790 Otus
1146 2756 1188 2789 et
1203 2747 1412 2803 Ephialtes

167 2816 342 2856 Martem
370 2813 421 2854 ad
447 2814 653 2854 Biennum
684 2814 726 2853 in
757 2811 919 2852 vincula
940 2810 1163 2865 conjecisse
1203 2808 1408 2861 seruntur,

169 2885 269 2918 teste
303 2876 526 2931 Stephano,
559 2878 687 2915 Otum
721 2876 763 2914 in
786 2875 907 2914 Creta
927 2881 1129 2914 memorat
1158 2873 1324 2914 Servius
1359 2872 1412 2914 ad

167 2939 287 2994 virg.
312 2938 407 2981 AEn.
429 2940 507 2987 ΠΙ,
536 2938 630 2992 578.
656 2936 876 2990 Pasbleyus
898 2950 941 2991 p.
967 2950 1063 2988 272.
1088 2937 1167 3004 228
1193 2950 1291 2975 vero
1313 2950 1408 2976 cum

168 3000 305 3043 fabula
338 3000 553 3056 componit
571 2999 759 3053 Gigantis
789 2997 995 3038 tumulum
1029 2998 1227 3048 (Gmnt's
1252 2997 1360 3037 lomb
1378 2997 1409 3053 )‚

167 3066 236 3106 τοῦ
257 3062 585 3118 σαραντοπήχου(
600 3061 627 3102 i.
644 3075 682 3102 e.
697 3062 766 3101 τοῦ
782 3057 1243 3114 τεσσαρακονταπήχυος)
1260 3061 1410 3112 μνῆμα,

168 3125 282 3184 quod
305 3127 348 3167 in
371 3126 451 3168 hac
469 3125 636 3180 regione
654 3122 902 3165 ostenditur.

224 3193 247 3244 S
269 3194 366 3234 32¹.
388 3188 582 3241 Δέὸηνα
604 3188 619 3243 ]
644 3184 768 3238 Λεὸἡν
784 3200 851 3242 ap.
879 3184 1070 3227 strabon.
1093 3197 1136 3239 p.
1156 3184 1263 3237 478:
1286 3183 1412 3238 Διέχει

168 3253 209 3295 δὲ
247 3253 461 3309 (Γόρτυν)
493 3253 562 3303 τῆς
597 3249 761 3302 ΛιΕυκῆς
796 3248 990 3301 θαλάσσης
1018 3246 1117 3288 κατὰ
1149 3246 1324 3298 Λεὸῆνα,
1367 3246 1411 3287 τὸ

169 3316 352 3371 ζμπόριον
373 3313 510 3367 αὗτῆς,
537 3313 769 3365 ἐνενήκοντα
783 3327 791 3335 ·
821 3310 906 3367 ἔχει
920 3311 962 3352 δέ
980 3325 1017 3366 τι
1040 3308 1104 3350 καὶ
1118 3307 1221 3349 ἄλλο
1248 3307 1410 3350 ἐπίνειον

169 3377 214 3418 τὸ
253 3377 458 3429 Μάταλον,
500 3376 621 3431 ’διέχει
652 3375 687 3415 δ’
718 3373 835 3427 αὖτῆς
869 3372 1005 3414 ἕκατον
1030 3371 1251 3427 τριάκοντα.
1276 3368 1411 3412 Ptole·

170 3440 344 3482 maeus'l.
364 3440 391 3484 1.
417 3454 459 3496 p.
485 3440 594 3489 243:
620 3437 797 3491 Λεὸήνα;
821 3435 1041 3479 Pausanias
1063 3435 1121 3486 11,
1146 3437 1215 3484 26,
1238 3448 1263 3487 9
1286 3432 1357 3475 εέκ
1371 3431 1412 3474 at

170 3505 238 3544 τοῦ
253 3502 355 3557 παρὰ
370 3502 595 3557 Κυρηναίοις
610 3500 654 3542 τὸ
676 3500 715 3543 ἔν
730 3499 880 3557 Λεὸήνῃ
895 3501 945 3555 τῇ
955 3498 1115 3554 Κρητῶν
1129 3495 1230 3539 ἔστιν
1252 3493 1411 3549 Ἀσκλη-

170 3564 293 3606 πίειον
329 3566 344 3616 (
372 3563 424 3604 de
442 3579 526 3619 quo
545 3563 747 3620 Λείηναίῳ
771 3561 866 3603 sano
886 3561 1003 3617 plura
1025 3574 1092 3617 ap.
1119 3558 1411 3602 Philostratum

167 3626 227 3669 V.
253 3628 333 3682 Ap.
356 3627 431 3675 IV,
459 3628 526 3675 34,
554 3626 593 3669 3.
622 3641 663 3681 p.
692 3628 743 3680 87
767 3624 833 3667 ed.
861 3622 1004 3667 Didot.
1024 3624 1057 3678 );
1090 3621 1247 3665 Plinius
1265 3621 1341 3671 IV,
1360 3633 1414 3662 20

172 3690 196 3743 s
216 3690 268 3743 59
287 3700 298 3730 :
318 3687 508 3738 lebena.;
530 3690 680 3741 Geogr.
701 3690 801 3730 Rav.
829 3687 1007 3735 Libum,-
1024 3684 1129 3728 Tab.
1149 3686 1266 3727 Pcut.
1291 3682 1415 3725 Lade-

171 3765 241 3801 ιια,
262 3765 286 3792 a
307 3750 494 3807 Gortyna
521 3763 570 3791 ια
594 3750 692 3792 mill.
711 3750 880 3792 distans.
900 3748 1035 3790 Hodie
1063 3746 1175 3790 Leda
1192 3760 1287 3789 cum
1305 3754 1412 3788 vete-

171 3813 228 3853 ris
241 3811 355 3854 urbis
376 3811 611 3855 ruderibus.
629 3813 690 3852 De
701 3813 879 3852 nominis
890 3810 1133 3867 etymologia
1145 3809 1414 3852 Philostratus

172 3874 199 3916 l.
230 3875 291 3916 l.·:
329 3874 520 3927 Λεὸηναῖο
569 3873 610 3916 δὲ
639 3873 684 3915 τὸ
713 3873 816 3929 ἱερὸν
850 3874 1075 3928 ὠνομάσθαι
1112 3871 1243 3928 φασὶν,
1283 3869 1411 3922 ἐπειδὴ

174 3933 411 3991 ἀκρωτήριον
431 3936 468 3985 ἐξ
499 3938 614 3978 αυτοῦ
634 3935 848 3977 κατατείνει
869 3936 1000 3976 Λέοντι
1026 3935 1251 3990 εἰκασμένον
1273 3933 1287 3989 (
1308 3933 1411 3975 Λέων

174 3995 271 4050 ἄκρα
291 4011 357 4052 ap.
380 3998 504 4046 Ptol.;
530 4001 613 4054 sup
635 3996 818 4050 Liomla)
842 4010 851 4038 t
880 3995 991 4038 unde
1013 3996 1148 4037 locum
1168 4011 1192 4037 a
1213 3994 1415 4037 Plioenici·

177 4055 252 4097 bus
274 4058 369 4099 olim
394 4069 639 4115 occupatum
663 4059 784 4101 fuisse
820 4068 929 4101 recte
958 4059 1109 4113 colligit
1138 4060 1302 4100 Movcrs
1327 4058 1414 4098 Das

1470 635 1614 678 Plooen.
1635 636 1820 679 Alter-ela.
1838 638 1897 686 11,
1917 651 1961 693 p.
1986 640 2084 680 260.
2103 639 2286 679 Leonem
2305 651 2372 693 ap.
2394 637 2609 682 Pboeniees
2629 639 2713 682 dici
2784 674 2787 675 ν

1472 690 1587 749 3<ng
1604 698 1729 740 etiam
1748 699 2048 754 Agathemerus
2069 702 2106 750 1,
2132 713 2149 741 1
2174 699 2314 742 tradit.
2341 724 2398 732 —
2418 699 2530 742 Leda
2548 714 2574 743 a
2590 702 2713 745 Bien-

1471 769 1526 799 na
1539 756 1665 801 distat
1685 758 1739 802 ad
1751 773 1835 815 270
1855 759 2004 811 stadia,
2018 775 2103 804 non
2128 777 2197 817 70,
2218 771 2262 803 ut
2278 761 2409 803 codex
2430 761 2568 805 habet.
2586 763 2717 807 θιὼ
2758 804 2773 821 ἰ,

1470 833 1559 880 oese
1577 820 1701 864 debet
1719 835 1803 864 una
1835 836 1887 864 ex
1915 824 2052 879 parvis
2081 824 2239 875 insulis,
2265 839 2358 880 quae
2379 839 2402 866 a
2428 823 2537 866 Leda
2566 833 2606 866 et
2632 827 2725 883 Cap,

1471 881 1634 924 Lionda
1663 883 1801 938 (Δίῳν
1833 883 1934 939 ἄκρα
1954 899 2022 941 ap.
2060 885 2235 930 Ptolem.
2257 895 2298 929 et
2327 886 2561 930 Philostrat.
2591 886 2617 929 l.
2649 886 2716 945 l.)
2761 888 2764 891 ’

1473 958 1614 986 versus
1639 959 1833 988 oceasum
1853 954 1966 989 sunt.
1990 947 2103 988 Num
2125 947 2334 1004 Ophiussa
2357 948 2506 990 Plinii?

1529 1010 1553 1060 S
1580 1011 1677 1052 322.
1706 1005 1866 1064 Ἁλὰς]
1894 1008 2090 1051 Proxime
2115 1010 2303 1064 sequitur
2316 1009 2430 1052 locus
2451 1012 2523 1067 qui
2550 1020 2719 1054 vooetur

1474 1069 1607 1112 Kalus
1623 1070 1813 1121 Iimenes;
1839 1070 1884 1112 id
1903 1085 2057 1113 nomen
2072 1070 2160 1127 jam
2180 1072 2362 1113 occurrit
2375 1072 2419 1113 in
2436 1073 2548 1115 Actis
2569 1076 2714 1130 Apost.
2784 1108 2787 1109 ν

1474 1143 1544 1185 27,
1570 1132 1628 1174 8:
1666 1131 1870 1189 Ἤλθομεν
1897 1131 1949 1182 εἰς
1985 1133 2105 1175 τόπον
2139 1132 2226 1175 τινὰ
2259 1132 2500 1190 καλούμενον
2527 1133 2721 1186 Καλοὺς

1474 1191 1711 1252 λιμένας,
1737 1191 1772 1251 ᾧ
1803 1193 1919 1251 ἔγγὺς
1937 1191 1984 1247 ἦν
2003 1194 2116 1244 πόλις
2131 1196 2317 1237 Λάσαια
2334 1194 2569 1252 (Ἇλασσα
2587 1196 2719 1241 00de
2780 1213 2782 1217 ’

1476 1255 1613 1307 Alex.;
1642 1257 1685 1297 in
1707 1256 1845 1298 latinis
1865 1256 2013 1311 -vulgo
2032 1257 2281 1314 Thalassa).
2314 1259 2363 1299 In
2397 1257 2503 1301 Tab.
2529 1259 2717 1316 Peuting.

1475 1317 1587 1359 idem
1606 1318 1721 1360 locus
1736 1328 1908 1361 vocatur
1926 1319 2047 1362 Lisia
2072 1319 2085 1376 (
2103 1320 2130 1364 Ι.
2157 1321 2270 1362 Lissa
2287 1319 2319 1377 ),
2342 1328 2534 1376 recteque
2552 1324 2602 1363 16
2618 1321 2718 1366 mill.

1474 1394 1500 1421 a
1520 1381 1710 1438 Gortyna
1732 1381 1885 1424 distare
1904 1381 2084 1433 dieitur;
2106 1382 2149 1423 in
2175 1383 2328 1437 Geogr.
2344 1384 2445 1427 Ratr.
2470 1391 2532 1425 est
2542 1383 2718 1429 Licium.

1475 1443 1587 1485 Num
1611 1443 1695 1487 buc
1713 1443 1916 1487 trahenda
1938 1445 1990 1486 sit
2018 1448 2163 1495 Lasos,
2186 1459 2311 1502 quam
2344 1446 2387 1487 in
2410 1444 2723 1489 mediterraneis

1476 1515 1661 1549 recenset
1682 1507 1855 1558 Plinius,
1873 1506 2049 1549 dubium
2062 1515 2139 1559 est,
2157 1522 2289 1564 quum
2300 1507 2571 1565 probabiliter
2584 1524 2608 1552 e
2624 1511 2722 1552 Bar·
2776 1510 2784 1524 '

1477 1566 1624 1610 barino
1642 1568 1786 1611 codiee
1798 1568 2019 1624 legendum
2041 1570 2094 1611 sit
2109 1572 2272 1627 Lappa.
2286 1570 2442 1613 Contra
2455 1585 2571 1623 vero,
2592 1586 2722 1628 quum
2778 1568 2780 1574 ’

1478 1630 1521 1671 in
1549 1633 1789 1688 propinquo
1810 1633 1864 1674 sit
1887 1633 2075 1684 Phfioetus
2111 1632 2236 1684 urbs,
2260 1632 2344 1675 hue
2366 1632 2583 1677 reserenda
2607 1643 2724 1677 erant

1478 1707 1570 1748 quae
1591 1694 1788 1749 leguntur
1808 1694 1920 1752 apud
1942 1694 2188 1737 Strabonem
2219 1710 2264 1752 p.
2291 1699 2373 1751 479
2400 1709 2411 1738 ε
2436 1695 2503 1738 καὶ
2529 1694 2724 1751 ‘omem

1480 1754 1495 1812 (
1515 1755 1537 1796 ὁ
1562 1755 1707 1809 Λισσὴν
1729 1756 1999 1813 probabiliter
2019 1756 2131 1813 conj.
2154 1758 2303 1814 Coray.
2332 1757 2346 1814 )
2367 1756 2409 1799 δὲ
2431 1760 2500 1811 τῆς
2519 1758 2723 1812 Φαιστίας,

1477 1827 1519 1860 et
1539 1818 1651 1876 apud
1679 1820 1935 1876 Stephanum
1955 1835 1994 1863 v.
2022 1821 2197 1868 Φαῖστος
2220 1834 2229 1861 ;
2262 1820 2377 1862 Ἐστι
2404 1823 2472 1873 τῆς
2493 1820 2727 1871 Φαιστιάὸος

1477 1881 1544 1923 καὶ
1565 1882 1587 1923 ό
1605 1881 1844 1939 καλούμενος
1858 1882 1997 1935 Δισσής
2017 1884 2034 1936 (
2054 1882 2228 1934 Amo-52?
2248 1884 2279 1936 ).
2306 1882 2501 1939 Ὅμηρος·
2540 1902 2557 1922 α
2582 1883 2663 1926 ἔστι
2683 1883 2727 1926 δέ

1478 1959 1534 1992 τις
1550 1943 1691 1997 Δισσὴς
1723 1942 1958 2002 (Λισσὴνῗ)
1988 1943 2120 1987 αἰπεῖά
2142 1960 2184 1987 τε
2208 1943 2259 1993 εἰς
2282 1944 2359 1985 ἅλα
2387 1946 2520 2002 πέτρη.
2545 1966 2563 1983 ι
2589 1946 2723 1989 Nimi-

1478 2022 1573 2049 rum
1593 2022 1723 2064 quum
1741 2008 1948 2050 Homerus
1974 2006 2087 2064 (Od.
2115 2008 2156 2059 3,
2181 2007 2262 2062 293
2283 2009 2299 2062 )
2323 2016 2470 2049 canat:

1578 2140 1657 2179 lou
1678 2141 1718 2179 δι’
1737 2155 1792 2185 τις
1811 2142 1923 2187 λισσὴ
1946 2140 2076 2179 αἰπεῖά
2097 2153 2137 2179 τι
2159 2142 2210 2184 είς
2226 2140 2299 2178 ἅλα
2315 2141 2431 2190 πέτρη

1578 2194 1735 2245 ἐσχατιῇ
1750 2197 1947 2246 Γόρτυνος,
1971 2197 2009 2234 ἐν
2026 2196 2203 2244 ἠεροειδέϊ
2220 2195 2367 2245 πόντῳ,

1578 2249 1663 2287 ἔνθα
1680 2250 1783 2295 νότος
1801 2252 1897 2300 μέγα
1912 2253 2013 2299 κῦμα
2035 2250 2122 2288 ποτὶ
2143 2250 2275 2288 σκαιὸν
2290 2250 2368 2299 ῥίον
2381 2250 2491 2296 ὠθεῖ,

1578 2305 1614 2349 ἐς
1625 2306 1807 2355 Φαιστὸν,
1825 2306 1953 2356 μικρὸς
1967 2306 2006 2344 δὲ
2018 2305 2115 2348 λίθος
2128 2305 2224 2355 μέγα
2243 2303 2330 2354 κῦμ’
2353 2304 2524 2354 ἀποέργει
2534 2314 2545 2325 ·
2636 2298 2652 2321 ⁸

1479 2421 1669 2467 notssiulli
1689 2425 1732 2466 in
1764 2439 1803 2467 v.
1829 2421 1945 2476 λισσὴ
1981 2438 2134 2465 nomen
2158 2423 2378 2480 proprium
2396 2436 2618 2478 agnoscere
2649 2423 2727 2468 sibi

1479 2489 1554 2530 visi
1592 2496 1705 2531 sunt.
1749 2488 1916 2529 Etenim
1950 2486 2079 2530 schol.
2123 2486 2318 2529 Ambros.
2353 2498 2363 2527 :

1479 2817 1522 2859 p.
1543 2804 1665 2854 1468,
1685 2803 1737 2857 37
1754 2800 1787 2859 )·
1808 2801 1889 2843 ἔστι
1903 2799 1945 2842 δὲ
1957 2799 2196 2857 ἀκρωτήριον
2211 2802 2279 2852 τῆς
2297 2798 2513 2855 Γορτυνίας.
2532 2798 2555 2842 ό
2569 2798 2611 2842 Bt
2624 2799 2728 2858 Κρά-

1482 2881 1550 2919 της
1577 2865 1645 2907 σὺν
1677 2878 1710 2906 ιν
1730 2864 1867 2921 γράφει
1896 2862 2031 2904 Δίσσιν
2067 2859 2270 2915 (Βλισσὴν
2303 2861 2544 2904 Eustathius
2572 2862 2726 2907 Crateti

1481 2928 1626 2970 tribuit
1645 2927 1677 2985 ).
1698 2924 2019 2981 Intelligendum
2045 2939 2144 2967 vero
2163 2925 2500 2981 promontorium
2526 2923 2640 2981 quod
2663 2926 2729 2970 in·

1481 3002 1543 3034 ter
1564 2990 1715 3039 Καλοὶις
1734 2989 1894 3047 λιμένας
1910 2997 1952 3031 et
1968 2988 2167 3031 Matalum
2194 3002 2336 3030 versus
2359 2986 2591 3030 libonotum
2607 2986 2729 3045 longe

1480 3055 1715 3110 procurrit,
1757 3060 1798 3094 et
1836 3064 1967 3108 prope
2013 3050 2127 3108 quod
2161 3058 2249 3091 erat
2291 3049 2391 3091 urbs
2424 3049 2545 3092 Lisia
2587 3051 2607 3105 (
2625 3049 2723 3096 deb.

1483 3118 1596 3157 Lissa
1618 3118 1635 3170 )
1655 3116 1715 3156 vel
1734 3114 1894 3157 Licium
1915 3115 1933 3168 (
1950 3113 2045 3156 deb.
2068 3114 2208 3155 Lissus
2227 3111 2261 3169 ),
2282 3112 2401 3153 sicuti
2426 3112 2468 3152 in
2481 3110 2725 3156 occidentali
2787 3124 2791 3132 ’

1483 3178 1626 3219 insulae
1648 3186 1765 3233 parte
1795 3176 1919 3217 altera
1951 3175 2051 3216 urbs
2075 3175 2280 3215 maritima
2317 3180 2357 3214 et
2380 3171 2525 3214 Lissus
2545 3180 2585 3215 et
2605 3173 2727 3217 Lissa

1486 3241 1498 3295 <
1519 3241 1574 3283 V.
1589 3239 1732 3295 Scylax
1756 3252 1784 3294 p
1826 3238 1909 3292 43)
1932 3245 2116 3286 vocatur,
2142 3235 2192 3276 ad
2209 3249 2334 3291 quam
2352 3234 2564 3277 Strabonis
2583 3245 2623 3278 et
2637 3237 2725 3281 ste-

1483 3302 1608 3358 phani
1627 3300 1751 3342 verba
1767 3300 1973 3356 pertinere
1985 3297 2189 3349 nonnulli,
2209 3311 2313 3353 quos
2331 3296 2728 3356 Forbigerussequi.

1483 3373 1566 3416 tur,
1593 3363 1747 3420 opinati
1775 3370 1886 3404 sunt.
1921 3365 2018 3415 Quo
2043 3369 2163 3417 pacto
2194 3361 2235 3401 in
2259 3360 2371 3402 Actis
2402 3362 2546 3417 Apost.
2566 3360 2728 3406 elissa

1484 3426 1635 3469 lactum
1647 3427 1697 3468 sit
1714 3425 1847 3468 Lim-a
1860 3423 1920 3465 vel
1935 3424 2090 3466 Atussa
2105 3422 2242 3465 dicere
2257 3437 2341 3464 non
2355 3421 2502 3467 habeo.
2524 3423 2728 3468 Thalauoe

1484 3490 1718 3547 interpretis
1749 3488 1863 3530 latini
1901 3486 2003 3529 nihil
2034 3486 2110 3528 nisi
2128 3484 2327 3527 mendum
2359 3494 2436 3537 est,
2461 3499 2596 3543 neque
2611 3485 2728 3530 locun

1483 3552 1704 3609 Stephani:
1728 3551 1935 3592 Θάλασσα·
1970 3548 2016 3592 τὸ
2046 3548 2195 3591 ἐθνικδν
2226 3547 2411 3606 (τοπικδν
2430 3547 2540 3605 conj.
2557 3550 2686 3594 Mein.
2708 3551 2727 3606 )

1486 3615 1722 3664 θαλασσαῗος
1735 3614 1800 3656 καὶ
1817 3612 2029 3661 θαλασσιὶος
2044 3612 2108 3654 καὶ
2122 3612 2344 3663 θαλάσσιος,
2363 3611 2469 3654 trahi
2493 3611 2575 3654 huc
2592 3619 2727 3670 potest

1486 3678 1501 3734 (
1522 3679 1585 3721 Cs.
1616 3677 1811 3720 Dindorl'.
1838 3677 1880 3718 in
1904 3676 2029 3719 Thes.
2055 3689 2095 3718 v.
2130 3674 2318 3716 θάλασσα
2342 3675 2373 3728 >.
2413 3673 2604 3717 Dubitari
2629 3688 2727 3718 vero
2781 3687 2787 3691 '

1486 3742 1627 3797 nequit
1656 3741 1758 3796 quin
1784 3738 1886 3781 Ἀλαὶ
1917 3737 2134 3780 Stadiasmi
2163 3737 2214 3778 ad
2243 3737 2411 3778 Λάσαιαν
2443 3735 2504 3778 vel
2534 3735 2727 3781 ’Ἀλασσαν

1485 3807 1683 3846 Actorum
1703 3801 1966 3845 referendum
1986 3801 2054 3850 sit,
2073 3813 2324 3856 quamquam
2348 3797 2448 3855 quid
2464 3800 2742 3855 potissimumv
2773 3799 2797 3807 “

1487 3875 1633 3908 auctor
1667 3865 1875 3921 scripserit
1897 3876 2043 3919 parum
2071 3861 2213 3918 liquet.
2231 3885 2288 3894 —
2312 3862 2504 3903 Ceterum
2521 3860 2571 3903 ad
2595 3861 2726 3905 Kale'ce
2755 3875 2766 3906 ὲ.

1484 3928 1668 3970 Limenes
1693 3926 1822 3968 stadia
1842 3933 1938 3967 sunt
1967 3923 2110 3975 lio-50.
2142 3925 2299 3978 Quare,
2323 3936 2401 3979 pro
2422 3921 2462 3964 κ’
2480 3921 2646 3978 legerim
2670 3922 2742 3976 ν’,’

1482 4004 1587 4046 quos
1606 4004 1800 4031 numeros
1824 3989 1864 4029 in
1896 3994 2038 4029 nostro
2061 3985 2205 4028 codice
2228 3984 2416 4027 facillime
2429 3984 2628 4028 confundi
2648 3995 2726 4043 po-⁴
2753 3983 2761 3994 ¹

1483 4054 1609 4095 tuisse
1626 4066 1814 4109 saepeque
1832 4049 2026 4093 confusos
2051 4063 2138 4091 esse
2155 4062 2279 4105 supra
2301 4048 2553 4090 monuimus.

1478 2550 1575 2600 τινὲς
1591 2549 1633 2592 δὲ
1648 2549 1778 2606 κύριον
1791 2550 1918 2606 ὄνομα
1932 2546 2003 2601 τὴν
2024 2551 2092 2591 νῦν
2107 2548 2201 2591 Βλε
2216 2547 2330 2601 ισσή
2339 2563 2391 2601 νη
2403 2484 2436 2589 3,
2444 2485 2729 2606 ἱῖῖοή)]κὲλί>αυ;
2795 2508 2808 2572 Ξ

1481 2616 1615 2671 μένην.
1655 2612 1702 2655 Ὅ
1734 2613 1775 2655 δὲ
1798 2613 1947 2670 Κράτης
1974 2613 2043 2655 σὐν
2066 2617 2122 2670 τῷ
2143 2628 2175 2654 ιν
2203 2613 2340 2669 γράφει
2361 2613 2558 2655 Λίσσιν.
2586 2612 2724 2660 Schol.
2793 2635 2808 2663 1*-

1479 2678 1589 2732 vulg.
1611 2690 1622 2719 ι
1645 2676 1734 2718 λεία
1765 2676 1898 2732 πέτρα,
1932 2676 1957 2728 ἢ
1981 2675 2080 2717 κατὰ
2116 2674 2395 2731 μεταπλασμδν
2433 2671 2542 2716 ιῖπεν
2570 2674 2638 2717 τὸν
2658 2678 2727 2718 νῦν
2798 2668 2808 2690 ’“

1482 2740 1583 2796 παρὰ
1620 2741 1703 2788 τοῖς
1735 2738 1858 2795 Κρησὶ
1891 2738 1959 2779 σὺν
1997 2737 2113 2794 τῷὅ,
2140 2737 2260 2790 Βλίση
2303 2738 2319 2790 (
2349 2733 2494 2789 Βλισσὴ
2534 2737 2724 2782 Eustath.
2803 2787 2808 2797 .
