2782 4348
460 3 507 55 Ο
626 39 633 46 .
769 48 777 50 ,.

675 83 719 130 '0

146 191 204 230 78

121 246 125 250 ·
495 231 541 276 Ο

144 282 308 346 μιρινόν
339 283 381 341 l,
413 279 579 344 Μάριον
610 278 829 335 Ἑλληνὶς,
863 276 1064 337 Ἀμαθοῦς
1102 274 1376 337 (αὖτόχθονίς

144 354 247 400 εἰσιν
260 344 429 414 )·αἷται
446 357 582 397 πᾶσαι
602 348 773 409 λιμένας
786 346 957 408 ἔχουσαι
979 343 1173 406 ἐρήμους.
1210 344 1311 392 Etct
1332 343 1376 391 &t

143 421 217 469 καὶ
238 420 366 467 ἄλλαι
387 419 529 471 πόλεις
562 419 604 463 ἐν
636 413 832 477 μεσογείᾳ
864 410 1087 476 βᾶρὸαροι.
1154 411 1377 474 Ἐπᾶνιιμι

146 488 190 536 δὲ
216 489 344 535 πάλιν
364 488 434 535 ἐπὶ
454 486 531 543 τὴν
553 485 742 546 ἤπειρον,
756 480 858 528 -ὅθεν
881 479 1185 544 ἕξετραπόμην.

210 573 286 606 ιοι.
328 559 478 605 ΣΥΡιΑ
511 562 597 601 m
625 559 857 599 commu.
885 546 1015 598 Ἐστι
1036 548 1144 611 μετὰ
1184 549 1379 599 Κιλικίαν

147 627 256 680 ἔθνος
277 626 419 687 Σύροι.
489 623 563 670 Ἐν
588 621 630 668 δὲ
653 624 705 682 τῇ
734 619 868 683 Συρίᾳ
897 621 1055 668 οἰκοῦσι
1076 619 1130 667 τὰ
1162 619 1279 685 παρὰ
1304 620 1381 668 θά-

146 698 302 741 λατταν
326 693 519 743 Φοίνικες
542 689 674 748 ἔθνος,
697 690 766 735 ἐπὶ
784 687 926 736 στενὸν
947 687 1121 737 ἔλαττον
1147 687 1176 746 ἢ
1199 690 1269 736 ἰπὶ
1287 707 1382 736 τιτ-

146 763 378 824 ταράκοντα
401 760 589 811 σταδίους
608 757 691 804 ἀπὸ
705 758 935 816 θαλάττης,
960 759 1107 821 ἐνιαχῆ
1133 757 1175 805 δὲ
1198 756 1290 804 οὐδὲ
1314 757 1382 805 ἐπὶ

147 831 336 883 σταδίους
376 828 403 874 ι’
427 828 475 875 τὸ
507 827 678 881 πλάτος.
744 827 847 875 Ἀπὸ
871 825 916 874 δὲ
947 827 1152 891 Θαψάκου
1192 830 1383 887 ποταμοῦ

146 901 232 947 ἐστὶ
275 898 473 960 Τρίπολις
503 897 730 954 Φοινίκων,
773 894 949 960 Ἄραδος
981 899 1104 952 νῆσος
1136 896 1209 942 καὶ
1241 894 1384 955 λιμὴν,

148 970 337 1032 βασίλεια
359 967 499 1032 Τύρου
513 1005 527 1030 ,
561 967 654 1015 ὅσον
688 967 728 1024 η’
754 968 901 1014 στάδια
926 966 1007 1013 ἀπὸ
1030 970 1103 1023 τῆς
1124 969 1226 1028 γῆς,
1249 965 1321 1011 καὶ
1343 967 1386 1011 ἰν

148 1043 198 1102 τῇ
222 1037 462 1103 χερρονήσῳ
490 1036 611 1101 ἑτέρα
637 1036 755 1090 πόλις
771 1035 986 1098 Τρίπολις·
1006 1034 1112 1092 αὕτη
1133 1036 1243 1082 ἐστὶν
1262 1033 1386 1099 Ἀρά·

148 1110 217 1155 ὅου
244 1107 316 1154 καὶ
345 1107 484 1172 Τύρου
507 1107 580 1154 καὶ
601 1107 781 1159 Σιδῶνος
797 1124 808 1136 ·
832 1107 874 1152 ἐν
895 1107 956 1170 τῷ
985 1105 1099 1168 αὐτῷ
1118 1111 1227 1169 τρεῖς
1251 1104 1390 1158 πόλεις

146 1178 217 1224 καὶ
247 1176 464 1242 περίὸολον
489 1177 646 1238 ἑκάστῃ
666 1180 737 1222 τοῦ
760 1174 922 1238 τείχους
946 1174 1052 1221 ἴδιον
1084 1174 1185 1237 ἔχει·
1206 1173 1279 1221 καὶ
1298 1173 1390 1238 ὅρος

147 1249 259 1295 Θεοῦ
273 1246 511 1311 πρόσωπον,
535 1245 721 1310 Τριήρης
745 1246 763 1308 [
780 1244 927 1302 πόλις]
952 1245 1023 1291 καὶ
1046 1243 1188 1306 λιμὴν,
1209 1244 1391 1307 Βηρυτὸς

148 1317 266 1371 πόλις
298 1316 371 1364 καὶ
390 1317 533 1378 λιμὴν,
559 1316 750 1380 Βορινὸς,
799 1314 1052 1380 Πορφυρέων
1081 1315 1225 1372 πόλις,
1254 1313 1389 1362 Σιδὼν

149 1390 268 1440 πόλις
294 1386 366 1434 καὶ
392 1387 519 1448 λιμὴν
547 1386 747 1442 κλειστὸς,
777 1385 979 1449 Ὀρνίθων
1018 1384 1137 1439 πόλις
1178 1385 1389 1432 Σιδωνίων

153 1457 288 1519 (Ἀπὸ
324 1456 512 1504 Λεόντων
547 1456 705 1509 πόλεως
739 1455 864 1518 μέχρι
897 1454 1096 1518 Ὀρνίθων
1130 1454 1287 1507 πόλεως
1302 1455 1387 1516 “),

150 1526 315 1590 Τυρίων
350 1526 468 1579 πόλις
503 1525 729 1589 Σάραπτα,
765 1525 872 1582 ἄλλη
906 1525 1024 1578 πόλις
1063 1524 1199 1588 Τύρος
1234 1525 1383 1585 λιμένα

156 1707 333 1751 Diodor.
358 1709 468 1759 XII,
494 1710 535 1750 3.
563 1710 691 1759 XIX,
720 1709 788 1763 59.
813 1710 893 1759 80;
915 1708 1072 1750 Plinius
1101 1708 1131 1750 l.
1156 1708 1204 1760 l.;
1227 1709 1398 1765 Stepha-

156 1786 234 1813 nus
257 1786 291 1813 s.
317 1786 358 1813 v.
375 1802 387 1823 ,
411 1771 484 1827 qui
516 1780 659 1828 postca
682 1771 828 1813 urbem
859 1772 1065 1813 Arsinoen
1087 1770 1395 1813 denominatam

155 1849 243 1876 esse
263 1833 404 1876 refert.
425 1835 598 1890 Origine
612 1834 759 1876 urbem
781 1848 868 1876 aese
889 1834 1144 1876 Phoeniciam
1168 1833 1267 1876 inde
1282 1834 1397 1875 colli-

154 1898 216 1952 gis
236 1895 351 1952 quod
368 1897 550 1938 Marieus
567 1897 731 1952 Cinyrae
745 1895 853 1938 filius
874 1909 961 1937 esse
974 1895 1129 1939 dicitur
1146 1909 1214 1952 ap.
1234 1895 1395 1951 Steph..

155 1960 302 2002 Postea
324 1972 423 2001 vero
440 1960 501 2000 uti
524 1960 696 2010 Citium,
716 1958 893 2013 Golgus,
909 1958 1010 2009 Soli,
1035 1958 1211 2015 Paphos,
1232 1959 1292 1999 sic
1311 1960 1399 2000 Ma·

155 2022 267 2063 rium
282 2035 450 2078 quoque
463 2021 621 2064 colonis
639 2022 781 2076 graecis
796 2020 1054 2077 frequentata
1069 2020 1209 2063 suerit.
1235 2022 1298 2063 De
1315 2021 1399 2063 situ

156 2085 278 2127 Marii
301 2098 457 2127 errasse
484 2084 614 2140 Engel
636 2084 650 2142 (
672 2087 832 2142 Kypros
849 2086 871 2126 1
885 2115 896 2134 ,
918 2098 961 2140 p.
987 2085 1067 2139 723
1086 2084 1099 2141 )
1124 2092 1234 2126 recte
1257 2091 1399 2125 monet

158 2149 348 2203 Droysen
371 2146 648 2201 (Hellenism.
673 2149 730 2198 11,
764 2160 806 2202 p.
834 2146 965 2203 723).
986 2149 1078 2199 Η-
1105 2144 1152 2187 ’A
1167 2146 1263 2202 μαθ
1277 2147 1395 2201 οῦς]

158 2210 392 2253 Amathusii
416 2207 620 2264 indigenae
651 2208 863 2259 dicuntur,
888 2206 1002 2263 quod
1022 2209 1129 2249 inter
1163 2209 1400 2263 antiquissi-

158 2285 250 2314 mos
264 2279 382 2313 erant
398 2285 543 2313 eorum
556 2302 568 2322 ,
585 2272 657 2326 qui
673 2286 724 2312 ex
739 2271 1002 2312 Canaanitica
1020 2271 1146 2327 stirpe
1162 2271 1204 2312 in
1226 2271 1401 2313 insulam

159 2334 566 2389 transmigraverant.
584 2332 650 2375 Cf.
670 2333 850 2389 Stephan
873 2345 883 2374 :
907 2330 1105 2388 Ἆμαθοῦς,
1124 2332 1237 2381 πόλις
1251 2332 1402 2389 Κύπρου

162 2395 399 2453 ἀρχαιοτάτη
415 2395 503 2438 κτλ.
523 2397 691 2437 Movers
706 2409 750 2451 p.
773 2408 850 2436 221
861 2427 870 2436 .
886 2398 969 2445 240
982 2410 1045 2452 sq.
1066 2398 1084 2450 ΙΙ
1100 2420 1158 2428 -
1173 2395 1230 2452 ἔχ
1242 2411 1293 2437 ου
1304 2411 1327 2437 σ
1338 2398 1399 2453 αι]

164 2458 319 2525 ἔχουσιν
342 2473 423 2501 scr.
441 2457 670 2501 Fabricius.
694 2459 845 2500 Portus
863 2457 1014 2500 deserti
1037 2457 1319 2501 calamitosum
1342 2460 1405 2501 in·

161 2530 298 2563 nuunt
316 2530 478 2577 tempus
494 2535 580 2577 quo
594 2522 755 2577 Cyprus
770 2529 1045 2576 tyrannorum
1066 2520 1376 2564 Phoeniciorum
1390 2554 1402 2574 ,

162 2599 267 2640 quos
288 2587 411 2626 Persa
439 2584 723 2634 constituerat,
753 2584 929 2639 imperio
961 2583 1153 2640 depressa
1183 2585 1405 2640 pristinum

163 2646 425 2702 splendorem
441 2646 648 2686 amiserat.
666 2647 804 2699 Quam
819 2646 1044 2701 profligatae
1062 2660 1127 2687 res
1150 2645 1303 2687 fuerint
1321 2660 1406 2701 quo

166 2718 352 2764 tempore
371 2710 577 2762 Evagoras
597 2708 817 2763 imperium
838 2708 916 2750 sibi
936 2707 1161 2749 vindicavit
1174 2739 1186 2759 ,
1211 2708 1339 2763 liquet
1356 2724 1409 2750 ex

166 2773 360 2813 Isocrate.
389 2772 454 2812 Sic
474 2770 721 2811 Salaminem
740 2771 998 2826 recuperavit
1012 2771 1218 2825 Evagoras
1234 2770 1320 2813 οὔτε
1341 2771 1408 2828 ἔμ-

166 2833 290 2890 πορίῳ
307 2834 514 2888 χρωμένην
545 2831 632 2873 οὔτε
653 2832 810 2887 λιμένας
831 2833 1069 2888 κεκτημένην
1097 2833 1110 2890 (
1129 2834 1238 2875 circa
1258 2836 1339 2883 410
1368 2849 1407 2877 a.

167 2895 216 2938 C.
238 2897 407 2938 Isocrat.
430 2896 606 2949 Evagor.
628 2908 666 2935 c.
689 2907 758 2936 20.
777 2897 793 2948 )

225 2959 250 3012 S
279 2960 373 3007 104.
410 2957 797 3012 τετταράκοντα]
837 2957 998 3013 τέτταρα
1021 2958 1143 2999 ὄντων
1173 2958 1293 3010 cod.;
1325 2974 1407 3001 em.

169 3019 411 3064 Palmerius.
432 3022 524 3072 11-
543 3018 797 3074 Τρίπολις
823 3019 1112 3076 Φοινίκων]
1138 3022 1200 3062 De
1221 3020 1298 3062 hac
1319 3023 1412 3063 Tri-

170 3081 257 3139 poli
278 3095 365 3125 non
383 3090 559 3124 constat.
594 3082 789 3137 Sequitur
812 3080 919 3123 infra
939 3081 1047 3138 ἓτὲρα
1071 3083 1182 3131 πόλις
1214 3084 1409 3138 Τρίπολις.

171 3147 279 3200 Quae
299 3143 425 3187 verba
448 3146 631 3201 priorem
649 3143 796 3186 urbem
825 3146 930 3187 tueri
950 3144 1158 3187 videntur.
1195 3146 1414 3189 Nihilomi-

173 3222 253 3250 nus
268 3214 375 3264 puto
394 3206 569 3250 candem
590 3207 794 3264 Tripolim
809 3206 966 3250 librarii
985 3207 1156 3265 alicujus
1180 3210 1336 3252 incuria
1353 3209 1416 3252 bis

172 3270 350 3327 positam
371 3284 481 3323 esse,
504 3269 657 3313 deinde
678 3270 731 3313 ab
747 3270 829 3313 alio
846 3269 1036 3314 additum
1058 3286 1144 3314 ase
1162 3270 1271 3329 ἒτίρα
1288 3272 1412 3322 πόλις.

191 3335 210 3385 ΙΙ
226 3356 284 3365 -
297 3331 337 3386 η’
359 3333 532 3375 στάδια
554 3331 643 3375 ἀπὸ
676 3334 731 3386 τῆ
744 3349 762 3382 ς
780 3335 843 3389 γῆ
857 3333 903 3390 ς]
922 3331 962 3388 η’
976 3334 1112 3376 στάδια
1126 3334 1192 3376 καὶ
1205 3331 1325 3391 λιμὴν
1342 3333 1418 3378 ἀπὸ

176 3409 212 3436 τ.
230 3411 271 3452 γ.
293 3395 440 3438 codex.
457 3396 599 3439 Verba
617 3395 684 3438 καὶ
697 3394 835 3453 λιμὴν,
855 3410 907 3438 ex
928 3405 1087 3439 antece.
1106 3396 1212 3440 male
1229 3398 1416 3455 repetita,

178 3455 296 3511 ejecit
309 3457 536 3500 Fabricius.
555 3461 571 3513 11
586 3457 700 3500 -ἐκ
712 3459 736 3500 ά
747 3474 889 3517 στῃ...
908 3457 969 3515 ἔχ
981 3475 998 3502 ε
1012 3460 1049 3517 ι]
1071 3458 1246 3518 ὶκάστῃ..
1266 3459 1313 3517 ὖχ
1327 3459 1420 3518 (sic)

177 3517 327 3570 codex,
344 3533 430 3561 non
450 3518 572 3576 ἔχων,
589 3522 650 3563 uti
665 3530 727 3564 est
747 3522 791 3563 in
806 3521 926 3564 editt.
938 3523 980 3565 Si
995 3522 1113 3565 malis
1125 3521 1283 3576 ίκάστη,
1304 3523 1420 3575 lieet,

178 3593 278 3623 nam
300 3581 384 3623 iota
405 3582 682 3639 subscriptum
703 3585 745 3626 in
760 3584 911 3627 codice
929 3587 1131 3628 sexcentis
1152 3585 1252 3628 locis
1271 3595 1425 3629 temere

179 3642 434 3699 appingitur.
454 3646 546 3697 11-
560 3645 683 3687 θεοῦ
706 3647 998 3704 πρόσωπον]
1020 3647 1085 3691 Cf.
1103 3648 1248 3705 Polyb.
1265 3651 1322 3701 V,
1341 3650 1421 3701 685

181 3703 332 3748 strabo
366 3705 485 3757 XIV,
518 3719 562 3762 p.
588 3708 696 3761 754;
735 3709 841 3751 Ptol.
879 3711 936 3760 V,
966 3713 1032 3760 14,
1064 3724 1106 3766 p.
1135 3712 1233 3762 364,
1272 3724 1310 3753 1.
1339 3713 1420 3768 Ap.

181 3764 333 3809 Melam
354 3766 398 3818 1,
431 3779 498 3818 12,
530 3767 554 3809 3
574 3778 770 3824 corrupte
801 3774 1086 3828 Euprosopon.
1124 3774 1424 3829 Αιθοπρόσωπον

183 3826 469 3871 vocntMaIala
484 3842 530 3885 p.
552 3829 632 3879 485
652 3830 719 3873 ed.
743 3833 879 3874 Bonn.
901 3834 1139 3875 Etiamnum
1174 3849 1242 3891 ap.
1269 3835 1426 3878 Arabes

189 3891 322 3944 Ouege
345 3890 393 3932 al
407 3889 519 3944 hiat,
543 3890 663 3934 facies
682 3892 855 3949 lapidea.
878 3895 1015 3949 Vulgo
1035 3898 1118 3938 aas
1136 3897 1174 3938 el
1196 3897 1423 3940 Schakkak.

204 3953 224 4005 ΙΙ
238 3951 371 4009 -Τρ
384 3952 495 4010 ιήρη
508 3954 551 4010 ς]
576 3957 690 4010 τῆρος
706 3954 821 4005 cod.;
841 3970 923 3997 em.
944 3958 1181 3999 Gronovius
1200 3975 1223 4000 e
1237 3959 1428 4002 Strabon-

188 4013 320 4068 XVI,
343 4028 388 4072 p.
418 4015 516 4071 754.
541 4015 605 4059 Cf.
637 4016 782 4074 Polyb.
808 4019 863 4070 V,
890 4020 959 4070 68,
986 4020 1128 4077 steph.
1156 4023 1251 4077 Byr..
1278 4024 1333 4074 V,
1363 4036 1428 4078 ¹7·

1019 174 1307 224 SCYLACIS
1338 173 1807 224 CARYANDENSIS

2458 151 2461 153 ’
2515 170 2700 235 (οων

1446 290 1540 325 tum
1581 281 1637 324 ad
1671 279 1980 325 hibernandum
2019 278 2306 330 commodum,
2360 279 2543 322 Marium
2579 282 2687 339 urbq

1446 338 1608 390 Grau,
1632 337 1853 388 Amathus,
1872 335 1992 379 eu'us
2010 335 2155 378 incolae
2173 334 2376 390 indigenae
2393 342 2505 376 sunt.
2716 374 2734 386 „

1447 392 1512 436 he
1540 393 1727 436 civitates
1745 401 1892 449 portus
2054 399 2073 433 t
2092 390 2292 433 desertos.
2323 391 2429 432 Sunt
2450 391 2575 432 etiam
2594 390 2685 436 alia

1447 447 1573 491 urbes
1589 447 1775 491 barbara
1800 448 1844 490 in
1873 455 2009 490 tractu
2027 445 2345 489 mediterraneo.
2377 444 2455 487 Sed
2479 444 2532 487 ad
2550 447 2684 491 conti·

1449 511 1617 546 nentem
1635 502 1778 555 redeo,
1805 501 1918 545 unde
1938 501 2221 544 diseoeseram.

1509 561 1606 610 104.
1635 559 1772 602 Srnu
1788 574 1840 601 ιϊ
1871 560 2123 601 Ρικιιηουι.
2148 560 2247 600 Post
2274 556 2456 599 Ciliciam
2481 565 2541 598 est
2563 557 2686 614 Syro-

1448 632 1544 661 rum
1562 632 1677 674 gens.
1707 620 1757 660 In
1778 618 1896 675 Syria
1910 626 2049 660 autem
2065 618 2276 672 regionem
2301 617 2503 659 literalem
2523 617 2689 660 Plioeni-
2724 648 2726 652 -

1451 692 1520 721 ces
1546 677 1735 720 habitant
1752 685 1889 719 tractu
1907 685 2083 732 angusto
2103 677 2325 733 minusque
2348 691 2475 733 quam
2494 691 2569 733 per
2583 692 2689 734 qua·

1451 737 1643 793 draginta
1663 736 1795 779 stadia
1814 751 1839 779 a
1868 738 1973 779 mari
1997 751 2137 779 versus
2169 736 2468 779 mediterranea
2496 746 2687 794 patente;

1451 796 1664 839 interdum
1691 810 1790 837 vero
1814 798 1870 838 no
1888 795 2032 838 decem
2050 795 2219 852 quidem
2249 795 2479 838 stadiorum
2514 797 2690 840 latitudo

1452 865 1530 898 est.
1546 855 1915 911 PostThapsacum
1931 855 2105 898 fluvium
2114 864 2176 897 est
2190 855 2396 912 (Tripolis
2409 857 2688 915 Phoenicum,)
2746 864 2751 871 ³

1455 913 1620 957 Aradus
1641 914 1774 956 insula
1787 927 1886 956 cum
1903 922 2046 970 portu,
2061 914 2301 972 regiaTyri,
2318 924 2414 958 octo
2428 917 2592 959 circiter
2612 926 2693 960 sta-
2747 915 2753 942 5

1457 973 1528 1016 dia
1543 988 1566 1015 a
1595 974 1834 1015 continente
1858 971 2040 1024 distans;
2067 973 2254 1029 sequitur
2281 976 2325 1017 in
2346 976 2595 1018 cherroneso
2614 979 2693 1021 sita
2752 974 2762 1001 Ψ

1460 1033 1475 1092 (
1498 1033 1654 1091 altera)
1675 1033 1857 1089 Tripolis
1889 1032 2005 1084 urbs,
2030 1046 2122 1089 quoe
2151 1041 2215 1075 est
2236 1034 2364 1078 Aradi
2385 1044 2428 1078 et
2442 1037 2543 1094 Tyri
2563 1046 2604 1079 et
2632 1040 2694 1080 Si·

1457 1094 1605 1146 donis;
1626 1095 1669 1135 in
1691 1092 1839 1136 eodem
1861 1093 1953 1135 loco
1982 1101 2066 1134 tres
2095 1092 2221 1135 urbes
2249 1095 2335 1136 suis
2353 1108 2563 1154 quamque
2593 1113 2695 1143 moe.

1458 1156 1538 1197 niis
1555 1155 1775 1211 separatim
1809 1154 2101 1210 circumseptas
2122 1152 2271 1206 habet;
2293 1162 2384 1197 tum
2419 1170 2540 1200 mons
2555 1160 2696 1203 Theu-
2775 1174 2782 1207 A

1458 1230 1670 1273 prosopon
1699 1215 1785 1256 sive
1813 1215 1891 1255 Dei
1918 1213 2040 1255 facies
2054 1244 2065 1265 ,
2088 1214 2253 1255 Trieres
2286 1214 2387 1257 urbs
2427 1230 2526 1259 cum
2554 1228 2696 1275 portu,

1459 1279 1633 1333 Berytus
1663 1275 1765 1318 urbs
1783 1288 1878 1316 cum
1893 1282 2037 1330 portu,
2061 1274 2239 1316 Borinus
2254 1274 2324 1333 (?),
2353 1276 2369 1332 [
2391 1278 2664 1335 Leontopolis,
2684 1281 2700 1337 ]

1460 1336 1731 1393 Porphyreon
1747 1334 1862 1386 urbs,
1883 1333 2013 1377 Sidon
2029 1334 2129 1375 urbs
2150 1348 2246 1375 cum
2261 1343 2386 1391 portu
2401 1336 2555 1389 clauso,
2573 1339 2701 1381 Orni-

1461 1399 1671 1456 thonpolis
1689 1413 1724 1440 s.
1744 1398 1896 1441 Avium
1918 1397 2019 1439 urbs
2039 1396 2322 1440 Sidoniorum.
2383 1402 2419 1441 A
2457 1401 2702 1458 Leontopoli

1461 1460 1515 1503 ad
1533 1460 1857 1516 Ornithonpolin
1874 1460 1890 1516 [
1905 1459 2048 1501 stadia
2063 1460 2082 1479 *
2104 1460 2147 1516 ];
2176 1459 2329 1503 deinde
2348 1462 2572 1517 Tyriorum
2602 1464 2704 1506 urbs

1457 1526 1626 1580 Sarapta
1644 1532 1685 1565 et
1714 1525 1800 1579 ipsa
1819 1523 1955 1579 Tyrus
1991 1522 2090 1564 urbs
2117 1537 2214 1564 cum
2244 1532 2371 1580 portu
2406 1525 2514 1566 intra
2537 1540 2701 1577 muros;

1467 1707 1654 1750 Mutatio
1689 1705 1833 1750 Tridis
1855 1713 2051 1761 corrupte
2073 1706 2115 1746 in
2135 1705 2237 1747 Itin.
2261 1719 2303 1762 p.
2332 1706 2428 1748 583.
2450 1709 2541 1759 11-
2556 1708 2704 1764 Βορι-
2776 1707 2782 1761 ξ

1467 1769 1545 1821 νὸς,
1567 1771 1626 1811 sic
1645 1769 1801 1821 codex;
1823 1767 1994 1825 βορεινὸς
2006 1766 2116 1823 conj.
2133 1767 2367 1819 Salmasius,
2386 1768 2566 1811 fortassis
2580 1779 2705 1823 recte,
2776 1766 2782 1821 l

1468 1846 1721 1889 quamquam
1739 1833 1783 1874 in
1805 1831 1948 1874 codice
1970 1844 2123 1873 nomen
2145 1831 2363 1886 proprium
2384 1846 2471 1873 esse
2502 1832 2711 1877 indicatur
2779 1824 2782 1866 '²

1467 1897 1630 1952 appicta
1658 1894 1764 1938 linea
1795 1894 1937 1937 rubra.
1958 1897 2052 1948 u—
2080 1893 2418 1951 Πορφυρίων]
2454 1895 2513 1937 sic
2546 1895 2707 1940 codex:

1467 1959 1567 2000 item
1589 1957 1751 2000 codices
1771 1957 1968 2015 Stephani
1983 1971 2018 1998 s.
2041 1970 2100 2008 v.,
2122 1956 2195 1998 ubi
2218 1955 2316 1997 inde
2336 1970 2360 1998 a
2388 1956 2602 2013 Xylandro
2621 1958 2711 2001 cdi·

1468 2028 1538 2062 tur
1550 2020 1795 2077 Πορφυρεών.
1817 2022 1867 2061 In
1881 2018 2027 2076 Polyb.
2044 2020 2102 2070 V,
2124 2021 2194 2071 68,
2217 2023 2242 2061 6
2261 2032 2271 2060 ε
2294 2018 2342 2061 τὰ
2357 2020 2443 2075 περὶ
2456 2020 2711 2078 Πορφυρεῶνα

1468 2083 1599 2125 πόλιν.
1624 2082 1883 2141 Porphyrion
1919 2084 2017 2124 ltin.
2054 2082 2216 2123 Hieros.
2242 2095 2285 2138 p.
2314 2082 2416 2133 583;
2447 2084 2584 2140 κώμην
2607 2084 2711 2141 Πορ-

1468 2146 1638 2202 φυρίωνα
1666 2144 1941 2188 ἐπιθαλασσίαν
1966 2146 2143 2200 Procop.
2182 2146 2336 2187 Aroen.
2371 2158 2409 2186 c.
2437 2145 2514 2196 303
2539 2145 2579 2188 tv
2610 2147 2713 2204 Πορ-

1471 2212 1634 2264 φυρεῶνι
1656 2207 1768 2250 idem
1787 2209 1851 2249 De
1872 2206 1983 2249 aedit.
2019 2206 2058 2249 5.
2083 2208 2278 2249 Ceterum
2297 2204 2418 2262 juxta
2444 2207 2716 2267 Porphyreon

1471 2270 1620 2311 urbem
1638 2267 1909 2311 memoranda
1926 2277 2015 2310 erat
2033 2268 2300 2326 Leontopolis
2314 2298 2326 2321 ,
2345 2267 2464 2325 quus
2478 2270 2585 2313 infra
2600 2276 2718 2315 rnen·

1471 2332 1531 2373 tio
1568 2331 1766 2388 injicitur.
1786 2334 1807 2386 ΙΙ
1822 2355 1880 2363 -
1921 2330 2167 2388 Ὀρνίθων
2201 2347 2243 2374 π.
2271 2332 2287 2388 ]
2322 2332 2529 2375 Memorat
2568 2334 2718 2378 Strabo

1471 2408 1514 2450 p.
1539 2394 1621 2450 758
1646 2408 1657 2437 ε
1681 2394 1811 2451 Διὲχει
1836 2392 1879 2436 δὲ
1910 2396 1979 2447 τῆς
1999 2394 2158 2442 Σιδόνος
2191 2393 2216 2447 ἣ
2241 2393 2362 2449 Τύρος
2385 2391 2431 2435 οὗ
2457 2394 2615 2445 πλείους
2639 2400 2718 2439 τῶν

1473 2458 1680 2500 διακοσίων
1697 2456 1878 2500 σταδίων.
1902 2455 1971 2498 Ἔν
1994 2457 2036 2499 δὲ
2053 2461 2110 2514 τῷ
2132 2455 2272 2513 μεταξὺ
2293 2455 2499 2513 πολίχνιον
2528 2455 2724 2515 Ὀρνίθαιν-

1474 2520 1586 2569 πόλις
1621 2521 1816 2577 λεγομένη
1836 2551 1848 2571 ,
1874 2517 1962 2562 εἶτα
1990 2519 2082 2576 πρὸς
2101 2519 2213 2576 Τύρῳ
2241 2518 2414 2575 ποταμὸς
2445 2521 2463 2574 (
2477 2520 2520 2562 h.
2546 2521 2722 2563 Casienir

1477 2583 1541 2625 vel
1572 2585 1749 2639 Casmy)
1772 2581 1905 2635 ἐξίησι.
1937 2582 2097 2625 Plinius
2122 2583 2180 2634 V,
2220 2594 2304 2637 17:
2334 2584 2480 2637 Tyrus,
2516 2584 2714 2641 Sarepta,

1480 2645 1683 2687 Ornithon
1714 2644 1896 2702 oppida,
1930 2643 2071 2686 Sidon.
2093 2642 2285 2686 Eundem
2308 2643 2446 2685 locum
2468 2642 2544 2686 Ad
2569 2658 2718 2687 noremn

1477 2708 1653 2764 appellat
1682 2714 1792 2749 auct.
1829 2708 1927 2748 Itin.
1956 2707 2011 2748 Η.
2037 2720 2079 2762 p.
2118 2706 2211 2748 583.
2234 2709 2326 2758 ΙΙ-
2354 2703 2430 2747 ἀπὸ
2449 2706 2624 2748 Λεόντων
2648 2710 2719 2750 πό·

1478 2771 1576 2819 λεως
1595 2771 1606 2826 Ι
1628 2769 1781 2812 πόλεων
1804 2767 1950 2810 codex.
1974 2768 2100 2810 Urbis
2123 2769 2280 2810 mentio
2302 2768 2345 2809 in
2365 2774 2522 2810 antece.
2546 2770 2716 2814 excidit.

1481 2834 1517 2875 E
1540 2832 1744 2875 Strabone
1763 2845 1807 2887 p.
1835 2831 1917 2886 756
1936 2831 2089 2872 scimus
2107 2828 2177 2882 τὴν
2197 2831 2373 2872 Λεόντων
2392 2830 2506 2873 πόλιν
2524 2832 2632 2875 inter
2646 2836 2722 2876 Be-
2743 2831 2745 2834 ’

1480 2903 1620 2952 rytum
1641 2902 1683 2936 et
1716 2892 1914 2936 Sidonem
1938 2894 2058 2935 sitam
2081 2892 2229 2943 tuisse;
2267 2892 2413 2935 eodem
2441 2892 2558 2936 ducit
2589 2896 2724 2940 Ptole-

1483 2972 1609 3001 maeus
1634 2958 1706 3014 qui
1748 2958 1856 2999 inter
1884 2958 2080 3012 Berytum
2106 2963 2149 2998 et
2173 2955 2370 2999 Sidonem
2407 2957 2527 3013 ponit
2556 2960 2723 3002 leontis

1482 3022 1596 3063 fluvii
1619 3021 1788 3063 ostium.
1810 3021 2053 3062 Mannertus
2073 3020 2161 3071 VI,
2189 3033 2226 3071 x,
2261 3034 2304 3076 p.
2330 3021 2412 3075 377
2438 3019 2585 3062 urbem
2605 3031 2724 3079 putat
2780 3035 2782 3038 ’

1483 3084 1657 3127 eandem
1692 3097 1779 3126 esse
1803 3097 1894 3139 qua:
1930 3096 2055 3138 supra
2078 3082 2347 3140 Porphyreon
2380 3084 2608 3138 dicebatur,
2639 3087 2725 3129 sive
2774 3074 2782 3129 i

1484 3147 1597 3204 quod
1610 3145 1733 3188 simul
1747 3154 1971 3201 utrumque
1982 3159 2134 3186 nomen
2153 3145 2338 3199 haberet,
2350 3146 2525 3191 alterum
2539 3163 2564 3192 a
2579 3149 2722 3202 fluvio,
2770 3131 2782 3217 i

1491 3211 1666 3253 alterum
1690 3224 1713 3252 a
1742 3222 1929 3266 purpura
1948 3239 1960 3260 ,
1984 3210 2069 3250 sive
2101 3208 2201 3251 illud
2227 3211 2452 3267 antiquius,
2484 3211 2565 3255 hoe
2584 3227 2726 3256 recen·
2768 3220 2782 3272 j

1487 3274 1570 3315 tius
1597 3281 1716 3315 esset.
1744 3273 1838 3313 Non
1858 3270 1998 3313 credo.
2029 3273 2233 3315 Memorat
2253 3281 2450 3330 praeterea
2475 3274 2622 3319 urbem
2645 3275 2728 3320 Pli·
2771 3273 2782 3320 Ξ

1489 3337 1583 3378 nius
1606 3337 1662 3386 V,
1693 3348 1741 3390 ¹7
1765 3348 1775 3376 ε
1799 3338 1969 3389 Berytus
1985 3366 1995 3384 ,
2020 3338 2197 3377 Leonum
2232 3335 2431 3394 oppidum
2446 3370 2457 3388 ,
2471 3339 2631 3394 flumen
2651 3339 2730 3396 Lyd
2769 3338 2782 3359 ³

1488 3414 1576 3450 cus,
1596 3397 1868 3454 Paloeb3·blus.
1890 3401 1909 3451 ΙΙ
1926 3422 1982 3430 -
1999 3397 2251 3456 Σάραπτα]
2270 3399 2375 3457 Σάρα
2398 3399 2485 3444 εἶτα
2510 3401 2626 3453 cod.;
2642 3413 2726 3445 em.
2767 3419 2772 3438 Ξ

1490 3463 1612 3504 Vom.
1638 3476 1663 3503 e
1690 3460 1899 3517 Stephano
1920 3475 1954 3501 s.
1987 3475 2026 3502 v.
2052 3460 2259 3516 Σάραπτα;
2281 3462 2371 3505 aliis
2392 3468 2565 3522 Sarepta
2587 3462 2726 3519 (Ptin.

1491 3526 1548 3577 V,
1578 3538 1651 3580 ¹7³
1690 3522 1835 3566 Sidon.
1871 3524 2052 3580 Apollin.
2090 3525 2230 3576 XVII,
2267 3529 2339 3578 163
2367 3526 2556 3583 Fulgent.
2593 3526 2727 3585 myth.

1492 3587 1534 3629 11
1551 3616 1562 3637 ,
1594 3584 1640 3627 15
1659 3588 1698 3639 );
1716 3584 1890 3641 ΣαρεφΟὰ
1913 3586 2165 3642 (Josephus,
2193 3589 2244 3630 A.
2273 3589 2314 3629 J.
2337 3589 2470 3640 VIII,
2496 3590 2544 3632 13
2564 3589 2595 3647 ).
2625 3579 2782 3632 Zaa-‘7¹1

1487 3647 1658 3707 pathin
1683 3649 1777 3689 Vet.
1813 3648 2014 3700 Toetam.;
2039 3662 2151 3691 nunc
2177 3648 2383 3703 Surasend
2408 3650 2471 3693 vel
2499 3651 2728 3711 Zerplmnt.
2776 3662 2782 3697 j

1495 3729 1602 3749 =-
1621 3709 1749 3763 ἅλλη
1786 3710 1946 3768 πόλις]
1985 3725 2024 3753 v.
2053 3711 2156 3765 ἄλλη
2179 3711 2348 3756 librario
2372 3714 2521 3756 iterum
2552 3711 2733 3758 vindic-⁴
2780 3721 2782 3726 '

1494 3773 1589 3815 rim.
1627 3774 1724 3815 Mox
1755 3773 1884 3815 codex
1917 3774 2093 3830 βασιλεία
2120 3774 2273 3832 Τυρίου.
2294 3778 2388 3829 ΙΙ-
2422 3775 2517 3819 ἀπὸ
2541 3773 2755 3823 θαλόἵό,

1494 3850 1547 3889 τη
1562 3852 1578 3884 ς
1603 3835 1644 3892 γ’
1664 3838 1677 3892 ]
1703 3836 1895 3893 Sphalma
1918 3851 1995 3893 pro
2015 3836 2090 3880 ἀπὸ
2115 3840 2188 3894 γῆς
2217 3838 2281 3881 vel
2303 3837 2369 3881 ἀπ’
2391 3837 2564 3896 ἠπείρου.
2602 3839 2731 3894 Qud·
2764 3846 2782 3851 ”

1494 3906 1590 3939 tuor
1609 3899 1738 3940 stadia
1763 3908 1878 3941 notat
1896 3899 2072 3942 Diodor.
2094 3902 2234 3953 XVII,
2254 3904 2335 3955 403
2353 3902 2731 3959 septingenta-pus·

1495 3974 1564 4001 sus
1581 3960 1761 4011 Plinius3
1787 3962 1929 4018 Scylax
1954 3963 2116 4005 veriora
2136 3961 2260 4005 habet
2282 3964 2299 4017 (
2319 3976 2359 4005 v.
2379 3965 2586 4005 Mannert.
2608 3959 2685 4011 VI,
2703 3973 2729 4001 2

1495 4036 1539 4079 p.
1561 4023 1640 4065 365
1658 4026 1690 4077 ).
1711 4024 1907 4066 Nonnulli
1936 4032 2134 4080 putarunt
2159 4023 2247 4067 haec
2267 4039 2362 4068 cum
2386 4037 2499 4082 seqq.
2517 4020 2730 4080 jungenda
