2808 4342
1046 168 1336 215 HISTORIA
1370 169 1600 219 INDICA.

53 273 131 318 ὑπὸ
147 272 221 328 τὴν
247 271 302 318 ἕω
322 273 493 332 ὀφθῆναι
524 267 632 329 ὕδωρ
657 267 741 312 ἄνω
765 266 1084 330 ἀναφυσώμενον
1108 272 1181 324 τῆς
1205 273 1283 314 θα-

51 342 231 398 λάσσης,
268 332 334 385 οἷά
376 355 452 398 περ
491 338 537 382 ἐκ
562 335 819 398 πρηστήρων
858 336 928 398 βία
965 336 1280 399 ἀναφερόμενον·

57 412 106 472 (3)
126 407 410 482 ἐκπλαγέντας
428 405 470 450 δὲ
492 412 598 468 σφᾶς
626 405 902 451 πυνθάνεσθαι
923 408 1004 450 τῶν
1026 405 1285 467 κατηγεομέ-

55 497 132 524 νων
155 481 224 523 τοῧ
241 472 367 520 πλόου
392 473 417 519 ὅ
437 492 475 519 τι
495 473 558 530 εἴη
579 472 696 519 καὶ’
674 473 756 519 απὸ
778 478 848 520 τοῦ
873 478 993 519 τοῦτο
1015 474 1061 519 τὸ
1095 475 1285 534 πάθημα·
1275 491 1294 503 ··

15 562 38 593 5
53 546 144 598 τους
165 545 206 591 δὲ
231 542 531 605 ἀποκρίνασθαι
564 541 626 588 ὅτι
647 542 777 598 κήτεα
795 547 928 588 ταῦτα
949 541 1155 606 φερόμενα
1178 542 1287 589 κατὰ

52 616 119 661 τὸν
143 613 289 659 πόντον
317 614 507 675 ἀναφυσᾷ
527 613 564 663 ἐς
586 610 632 656 τὸ
650 611 734 656 ἄνω
753 611 801 656 τὸ
820 610 944 674 ὕδωρ·
968 611 1037 657 καὶ
1061 614 1168 658 τοῖσι
1187 610 1288 657 ναύ-

53 701 169 747 τῃσιν
193 682 454 744 ἐκπλαγεῖσιν
477 683 524 727 ἐκ
546 682 626 726 τῶν
656 682 808 742 χειρῶν
834 679 887 725 τὰ
912 681 1066 743 ἐρετμὰ
1087 682 1287 727 ἐκπεσεῖν·

56 755 109 816 (4)
129 752 246 804 αὐτὸς
270 752 311 797 δὲ
337 750 460 797 ἐπιὼν
493 748 774 814 παρακαλέειν
797 768 843 795 τε
861 748 932 796 καὶ
960 749 1197 814 θαρσύνειν,
1217 749 1288 797 καὶ

53 823 145 869 κατ’
164 821 349 873 οὕστινας
371 819 640 882 παραπλώων
665 819 847 881 ἐγένετο,
876 821 914 871 ἐς
940 818 1129 880 μέτωπόν
1153 838 1195 865 τε
1219 839 1288 866 κε-

0 911 32 941 ιο
52 894 197 938 λεῧσαι
226 893 485 945 καταστῆσαι
520 892 574 942 ὡς
607 889 674 935 ἐπὶ
703 881 924 952 ναυμαχίῃ
959 888 1032 942 τὰς
1067 889 1185 949 νέας,
1218 890 1290 936 καὶ

54 960 388 1013 ἐπαλαλάζοντας
404 961 505 1017 ὁμοῦ
526 962 585 1021 τῷ
603 958 721 1021 ῥοθίῳ
738 958 893 1014 πυκνήν
910 977 954 1004 τε
974 958 1043 1004 καὶ
1059 958 1127 1012 ξὺν
1147 959 1290 1024 κτύπῳ

53 1031 195 1092 πολλῷ
218 1028 292 1085 τὴν
310 1028 487 1091 εἰρεσίην
506 1027 730 1073 ποιέεσθαι·
756 1029 805 1088 (5)
835 1026 961 1080 οὕτως
979 1028 1290 1091 ἀναθαρσήσαν·

57 1118 130 1152 τας
152 1101 254 1159 ὁμοῦ
289 1097 338 1153 δὴ
374 1097 524 1143 πλώειν
550 1096 634 1142 ἀπὸ
654 1095 919 1184 ξυνθήματος·
945 1099 998 1149 ὡς
1021 1097 1063 1142 δὲ
1094 1097 1290 1152 ἐπέλαζον

55 1168 134 1225 ἤδη
154 1174 259 1213 τοῖσι
282 1165 499 1229 θηρίοισιν,
525 1167 700 1211 ἐνταυθα
722 1164 867 1218 αὐτους
891 1164 964 1226 μὲν
986 1164 1078 1212 ὅσον
1098 1168 1141 1212 αἱ
1163 1184 1293 1230 κεφα-

0 1255 34 1284 15
57 1237 127 1284 λαὶ
148 1239 328 1283 αὐτοῖσιν
348 1235 555 1322 ἐχώρεον
571 1234 846 1292 ἐπαλαλάξαι,
877 1234 950 1287 τὰς
985 1234 1027 1281 δὲ
1062 1236 1294 1298 σάλπιγγας

58 1324 270 1366 σημηναι,
293 1324 364 1351 και
387 1304 454 1350 τὸν
483 1304 635 1350 κτύπον
661 1303 742 1349 ἀπὸ
760 1306 832 1358 τῆς
851 1303 1024 1365 εἰρεσίης
1045 1305 1100 1356 ὥς
1122 1304 1188 1350 ἐπι
1212 1304 1294 1365 μή·

58 1392 196 1420 κιστον
213 1374 455 1435 κατασχεῖν·
482 1374 527 1436 (6)
564 1372 670 1418 ούτω
694 1371 744 1428 δὴ
772 1371 959 1434 ὁρώμενα
993 1372 1073 1430 ἤδη
1093 1373 1200 1419 κατὰ
1223 1373 1294 1426 τὰς

58 1442 224 1505 πρῴρας
239 1445 319 1488 τῶν
331 1445 432 1487 νεῶν
445 1441 496 1487 τὰ
513 1441 642 1497 κήτεα
660 1444 698 1494 ἐς
716 1441 866 1505 βυσσὸν
884 1443 999 1488 δ’ὔναι
1019 1442 1293 1504 ἐκπλαγέντα,

58 1511 129 1557 καὶ
161 1513 206 1556 οὔ
215 1512 380 1592 ἰ,πολλῷ
410 1509 577 1595 ὕστερον
615 1511 723 1556 κατὰ
756 1510 828 1563 τὰς
865 1510 1054 1598 πρύμνας
1090 1512 1295 1558 ἀναδύντα

0 1595 41 1623 20
61 1581 283 1642 ἀνασχειν,
313 1578 362 1641 (7)
385 1579 455 1624 καὶ
476 1582 547 1634 τῆς
566 1579 776 1635 θαλάσσης
800 1573 914 1631 αυθις
938 1583 1202 1644 ἀναφυσησαι
1227 1581 1295 1626 ἐπὶ

62 1649 184 1709 μέγα·
206 1648 313 1694 ἔνθεν
337 1647 506 1711 κρότους
525 1666 569 1692 τε
594 1647 661 1692 ἐπὶ
694 1650 746 1710 τῇ
765 1647 992 1712 παραλόγῳ
1017 1648 1200 1712 σωτηρίῃ
1224 1668 1293 1711 γε·

59 1717 199 1764 νέσθαι
221 1720 300 1763 τῶν
324 1716 527 1773 ναυτέων,
551 1716 622 1762 καὶ
644 1698 755 1762 αἶνον
788 1719 826 1768 ἐς
849 1716 917 1762 τὸν
941 1716 1134 1779 Νέαρχον
1157 1737 1229 1773 της
1251 1737 1296 1763 τε

60 1787 220 1847 τόλμης
239 1786 311 1833 καὶ
330 1790 403 1841 τ’ῆς
440 1786 601 1849 σοφίης.
672 1785 720 1849 (8)
749 1785 918 1833 Τούτων
951 1785 1192 1849 μετεξέτερα
1216 1790 1296 1833 τῶν

60 1854 220 1911 κητέων
244 1855 476 1901 ἐποκέλλειν
496 1856 709 1917 πολλαχοῦ
732 1859 804 1911 τῆς
821 1855 982 1919 χώρης,
1001 1854 1166 1902 ἐπειδὰν
1191 1856 1296 1902 ἀνά-

0 1937 38 1967 25
60 1943 187 1977 πωτις
209 1924 403 1987 κατάσχῃ
428 1926 468 1970 ἐν
492 1925 597 1970 τοῖσι
619 1923 815 1987 βραχέσιν
846 1924 1051 1987 ἐχόμενα,
1081 1924 1133 1970 τὰ
1154 1924 1196 1970 δὲ
1228 1925 1298 1971 καὶ

62 1993 141 2039 ὑπὸ
170 1993 384 2056 χειμώνων
411 1994 601 2056 σκληρῶν
625 1995 664 2045 ἐς
689 1993 763 2049 τ’ὴν
787 1993 938 2057 χέρσον
964 1993 1204 2047 ἐξωθέεσθαι
1227 1994 1298 2040 καὶ

62 2062 168 2109 ουτω
189 2062 238 2119 δὴ
261 2062 588 2122 κατασηπόμενα
614 2062 873 2108 ἀπόλλυσθαί
896 2082 940 2108 τε
960 2062 1031 2109 καὶ
1050 2062 1121 2115 τὰς
1146 2063 1299 2126 σάρκας

65 2133 224 2178 αὐτοῖσι
246 2131 538 2195 περιρρεούσας
553 2131 788 2178 ὑπολείπειν
806 2132 857 2177 τὰ
877 2132 1000 2178 ὀστέα
1015 2137 1197 2193 χρᾶσθαι
1216 2136 1298 2178 τοῖ-

65 2219 127 2250 σιν
151 2200 461 2262 ἀνθρώποισιν’
444 2220 483 2252 ες
505 2199 558 2244 τα
574 2200 697 2246 οἰκία·
721 2202 769 2261 (9)
790 2205 892 2246 εἶναι
909 2204 965 2246 ὠν
982 2200 1032 2246 τὰ
1050 2200 1166 2287 μὲν’
1148 2220 1188 2245 εν
1206 2205 1300 2263 τῇσι

2 2285 44 2315 30
65 2273 142 2316 πλε
126 2289 289 2332 ευρῃσιν
324 2271 457 2314 αὐτῶν
482 2268 605 2314 ὀστέα
641 2269 780 2322 δοκους
813 2273 940 2315 τοῖσιν
974 2268 1196 2329 οἰκήμασιν
1224 2270 1301 2315 ὅσα
1349 2278 1352 2281 ’

68 2339 253 2400 μεγάλα,
278 2338 329 2383 τὰ
353 2337 396 2383 δὲ
425 2337 673 2411 σμικρότερα
694 2356 958 2402 στρωτηρας·
986 2338 1039 2383 τὰ
1065 2337 1171 2384 δὲέν
1205 2342 1302 2400 τῇσι

67 2407 272 2495 σιαγόΗσι,
283 2412 413 2452 ταῦτα
454 2408 494 2452 δὲ
518 2412 624 2452 εἰναι
658 2407 710 2452 τὰ
734 2408 931 2470 θύρετρα,
962 2398 1028 2452 οἷα
1053 2405 1102 2462 δὴ
1138 2408 1300 2453 πολλων

67 2477 138 2522 καὶ
163 2479 217 2528 εἷς
236 2495 364 2522 εικοσι
384 2475 456 2522 καὶ
476 2476 598 2521 πέντε
618 2475 781 2538 ὀργυιὰς
804 2475 1037 2533 ἀνηκόντων
1055 2474 1100 2521 τὸ
1124 2475 1302 2536 μέγεθος.

132 2545 300 2592 XXXI.
340 2537 436 2590 Εὐτ’
474 2563 521 2589 αν
561 2543 603 2589 δὲ
649 2543 897 2607 παρέπλωον
934 2543 1008 2600 τὴν
1044 2542 1184 2606 χώρην
1224 2546 1303 2589 τῶν

4 2628 45 2663 35
69 2613 370 2677 Ἰχθυοφάγων,
390 2612 508 2673 λόγον
533 2612 726 2659 ἀκούουσι
742 2632 837 2676 περι
864 2632 988 2670 νησου
1011 2612 1137 2670 τινὸς,
1161 2613 1187 2668 ἣ
1216 2612 1305 2658 κέε-

70 2702 136 2729 ται
158 2682 230 2743 μὲν
250 2685 465 2744 ἀπέχουσα
495 2702 567 2738 της
587 2683 715 2745 ταύτῃ
740 2683 914 2745 ἠπείρου
938 2681 1126 2734 σταδίους
1151 2684 1188 2734 ἐς
1204 2684 1306 2727 ἑκα-

69 2753 137 2798 τὸν
149 2752 317 2840 ,ἐρῆωμη
336 2752 414 2797 δέ’
397 2771 506 2797 εστιν
521 2751 762 2814 οἰκητόρων.
834 2754 870 2812 (2
872 2754 886 2813 )
903 2751 1071 2808 Ταύτην
1085 2750 1178 2814 ἱρὴν
1190 2751 1307 2808 ἡλίου

72 2822 211 2884 ἔλεγον
232 2825 335 2866 εἰναι
359 2840 395 2866 οι
418 2820 633 2906 ἐπιχώριοι
652 2820 722 2867 και
749 2819 923 2868 Νόσαλα
947 2819 1191 2876 καλέεσθαι,
1216 2820 1309 2865 οὐδέ

71 2909 162 2936 τινα
184 2890 410 2954 ἀνθρώπων
437 2890 649 2952 καταίρειν
675 2889 862 2936 ἐθέλειν’
845 2909 883 2942 ες
907 2889 1050 2945 αυτήν·
1069 2889 1178 2942 οστις
1201 2888 1279 2934 8⁷
1260 2908 1307 2933 αν

12 2979 51 3009 4ο
75 2959 237 3023 ἀπειρίῃ
263 2963 480 3022 προσσχῇ,
508 2960 691 3020 γίνεσθαι
716 2958 893 3023 ἀφανέα.
965 2960 1014 3021 (3)
1043 2957 1168 3005 Ἀλλὰ
1186 2957 1310 3020 ’λέγει

74 3030 262 3093 Νέαρχος
278 3065 289 3087 ,
317 3028 536 3093 κέρκουρόν
562 3048 653 3093 σφιν
680 3028 750 3075 ἕνα
777 3028 986 3091 πλήρωμα
1009 3026 1156 3090 ἔχοντα
1178 3028 1310 3088 Αἰγυ-

0 3111 1 3159 (
75 3098 203 3144 πτίων
225 3100 270 3144 οὗ
302 3099 444 3161 πόρρω
477 3102 551 3154 τῆς
574 3097 698 3153 νήσου
731 3096 884 3152 ταύτης
905 3095 1093 3157 γενέσθαι
1127 3094 1308 3158 ἀφανέα,

76 3167 148 3213 καὶ
168 3168 267 3230 ὑπὲρ
288 3168 431 3214 τούτου
454 3167 545 3219 τοὺς
568 3167 773 3230 ’ἡγεμόνας
791 3170 860 3212 τοῦ
881 3165 1025 3212 πλοίου
1058 3165 1312 3227 ’διισχυρίζε-

80 3241 194 3293 σθαι,
218 3236 279 3281 ὅτι
302 3237 382 3299 ἄρα
413 3238 665 3299 κατάραντες
689 3239 761 3282 ὑπ’
793 3235 958 3298 ἀγνοίης
993 3238 1049 3288 εἷς
1078 3234 1151 3291 τὴν
1190 3239 1310 3290 νῆσον

17 3324 56 3352 45
81 3304 257 3365 γένοιντο
278 3305 464 3368 ἀφανέες.
534 3307 582 3367 (4)
606 3305 794 3369 Νέαρχος
818 3305 860 3351 δὲ
881 3305 1038 3367 πέμπει
1059 3304 1200 3367 κύκλῳ
1219 3303 1313 3367 περὶ

80 3372 153 3427 τὴν
176 3376 297 3428 νῆσον
320 3375 605 3436 τριηκόντορον
618 3410 629 3431 ,
649 3375 844 3424 κελεύσας
861 3372 918 3433 μὴ
938 3375 1162 3436 κατασχεῖν
1184 3372 1256 3434 μὲν
1275 3374 1315 3424 ἐς

82 3439 156 3496 τὴν
180 3443 325 3498 νῆσον,
351 3441 505 3501 ἐμὸοᾶν
527 3442 569 3487 δὲ
588 3442 678 3494 τοὺς
703 3441 959 3504 ἀνθρώπους,
987 3445 1041 3494 ὥς
1064 3443 1245 3502 μάλιστα
1273 3444 1314 3487 ἐν

2495 190 2576 231 351

1355 280 1609 334 navigarent,
1633 278 1712 320 sub
1737 292 1930 320 auroram
1954 278 2104 319 vidisse
2123 294 2167 319 se
2197 294 2345 335 aquam
2375 298 2538 328 sursum
2566 305 2589 330 e

1355 346 1460 386 mari
1477 345 1635 397 efflari,
1659 353 1701 386 et
1718 353 1914 400 tanquam
1935 345 2174 387 turbinibus
2190 347 2386 390 violenter
2404 352 2446 392 in
2464 354 2590 395 altum

1355 412 1518 463 efferri,
1544 414 1608 467 (3)
1640 412 1932 468 perculsosque
1962 420 2107 453 nautas
2139 423 2396 469 percontatos
2422 433 2507 461 esse
2541 437 2590 463 ex

1356 479 1534 520 ducibus
1556 480 1826 534 navigationis
1845 478 2044 534 quidnam
2065 488 2170 521 esset
2190 489 2231 522 et
2245 496 2269 523 a
2283 497 2366 537 quo
2380 484 2592 534 fierethaec

1357 562 1421 589 res
1432 579 1444 599 ,
1461 563 1615 603 eosque
1632 547 1893 604 respondisse
1907 579 1919 598 ,
1944 556 2031 590 cete
2053 563 2161 602 esse,
2183 565 2274 606 quae
2292 553 2335 593 in
2351 555 2453 594 mari
2474 557 2594 597 vvolu·

1357 618 1485 658 tantia
1500 631 1650 671 aquam
1664 630 1831 658 sursum
1845 615 1986 658 efflent
2006 631 2016 659 ε
2035 620 2249 675 nautisque
2264 624 2445 664 attonitis
2460 624 2595 666 remos

1360 699 1382 725 e
1409 685 1599 725 manibus
1617 683 1831 726 excidisse.
1895 683 1955 740 (4)
1979 687 2029 727 Se
2050 678 2147 728 vero
2167 688 2387 731 adeuntem
2407 706 2476 732 eos
2498 693 2595 734 hor-

1359 761 1488 793 tatum
1508 767 1594 793 esse
1614 761 1739 807 atque
1759 754 1984 804 animasse,
2006 762 2048 795 et
2067 755 2119 796 ad
2135 770 2416 814 quoscumque
2430 770 2596 815 praeter-

1358 820 1553 875 navigans
1571 821 1803 862 accessisset
1815 819 2005 875 jussisse,
2027 831 2075 864 ut
2105 838 2227 866 naves
2256 825 2435 868 adversis
2463 831 2596 884 proris

1359 889 1484 930 veluti
1499 888 1552 930 ad
1568 888 1752 930 navalem
1770 903 1952 944 pugnam
1967 890 2175 947 instructis
2190 893 2234 933 in
2253 908 2318 935 eas
2340 894 2562 950 dirigerent
2579 911 2594 940 :

1359 965 1487 1012 utque
1502 956 1631 998 denso
1653 958 1815 1012 agmine
1830 966 1871 998 et
1889 973 2039 1014 magno
2064 962 2237 1016 strepitu
2252 963 2494 1017 remigantes
2513 979 2596 1007 una

1361 1041 1456 1067 cum
1491 1028 1581 1082 ipso
1614 1041 1826 1068 remorum
1863 1030 2002 1070 sonitu
2033 1030 2216 1083 ingentes
2247 1032 2369 1072 etiam
2401 1032 2596 1074 clamores

1361 1095 1545 1138 ederent.
1608 1096 1672 1151 (5)
1698 1099 1762 1138 Ita
1787 1099 1986 1139 revocatis
2001 1099 2148 1140 animis
2174 1100 2296 1141 simul
2317 1115 2458 1142 omnes
2481 1104 2597 1157 signo

1361 1163 1460 1205 dato
1477 1164 1737 1218 remigationi
1758 1165 2016 1217 incubuisse3
2035 1181 2247 1222 quumque
2270 1167 2356 1222 jam
2386 1171 2598 1225 propiores

1362 1235 1507 1277 belluis
1546 1237 1641 1278 facti
1674 1247 1823 1290 essent,
1855 1247 2056 1294 quantum
2087 1241 2221 1295 capita
2247 1239 2352 1281 ferre
2391 1250 2596 1295 poterant,

1361 1307 1625 1359 acclamasse,
1653 1309 1855 1364 tubasque
1887 1310 2107 1360 clanxisae,
2138 1318 2179 1351 et
2201 1324 2409 1352 remorum
2435 1312 2599 1366 pulsum

1362 1379 1554 1422 latissime
1575 1382 1757 1422 sonitum
1776 1381 1974 1433 edidisse3
2000 1383 2062 1436 (6)
2078 1389 2201 1437 atque
2219 1383 2275 1423 ita
2294 1391 2401 1433 cete,
2416 1397 2506 1437 quae
2514 1383 2600 1436 jam

1363 1452 1415 1493 ad
1437 1468 1581 1508 proras
1602 1455 1771 1494 navium
1785 1453 2047 1506 videbantur,
2072 1455 2267 1496 exterrita
2281 1454 2324 1495 in
2346 1454 2601 1510 profundum

1363 1538 1449 1564 sese
1472 1523 1678 1564 abdidisse
1704 1537 1714 1564 :
1741 1539 1877 1578 neque
1908 1525 2039 1565 multo
2063 1533 2157 1580 post
2188 1524 2240 1566 ad
2276 1540 2435 1582 puppes
2472 1540 2603 1566 emer·

1364 1592 1487 1642 sisse,
1515 1593 1578 1646 (7)
1598 1606 1849 1646 rursumque
1871 1606 2062 1646 magnam
2094 1591 2303 1633 undarum
2327 1594 2411 1633 vim
2440 1607 2602 1634 sursum

1364 1657 1536 1700 efflasse.
1596 1660 1706 1699 Tum
1728 1657 2012 1700 incredibilem
2031 1667 2251 1700 nautarum
2273 1660 2327 1700 ob
2350 1661 2601 1716 inopinatam

1365 1725 1536 1766 salutem
1569 1726 1812 1781 applausum
1841 1726 1994 1767 factum
2016 1726 2162 1778 fuisse,
2183 1728 2360 1769 Nearchi
2385 1728 2602 1769 audaciam

1365 1803 1406 1834 et
1423 1794 1687 1850 prudentiam
1701 1794 1972 1836 laudantium.
2034 1797 2097 1850 (8)
2115 1796 2333 1837 Nonnullae
2348 1811 2445 1837 vero
2457 1797 2602 1838 harum

1366 1862 1618 1904 balaenarum
1634 1862 1846 1903 interdum
1867 1863 1988 1903 variis
2002 1862 2101 1903 locis
2120 1862 2173 1903 ad
2193 1863 2308 1903 littus
2326 1863 2601 1918 appelluntur,

1367 1947 1460 1987 quae
1481 1931 1700 1973 recedente
1722 1940 1824 1973 aestu
1845 1933 1889 1972 in
1909 1931 2023 1972 vadis
2044 1931 2222 1982 haerent3
2248 1931 2334 1972 aliae
2353 1946 2378 1972 a
2392 1933 2608 1974 vehemen-

1367 2002 1478 2043 tibus
1500 2001 1811 2057 tempestatibus
1836 2002 1880 2041 in
1903 2002 2056 2042 terram
2078 2000 2313 2055 ejiciuntur,
2336 2010 2376 2042 et
2393 2003 2451 2042 sic
2467 1988 2607 2058 putre-

1369 2069 1483 2111 factae
1501 2070 1600 2125 ipsae
1609 2077 1799 2125 pereunt,
1817 2077 1857 2110 et
1871 2083 2012 2110 carnes
2031 2082 2173 2110 earum
2188 2067 2423 2110 decidentes
2442 2084 2531 2111 ossa
2546 2085 2608 2111 re-

1368 2137 1564 2192 linquunt
1577 2136 1818 2177 hominibus
1837 2135 1890 2176 ad
1908 2135 2054 2177 domos
2070 2135 2337 2177 exstruendas
2353 2137 2603 2178 adhibenda.

1371 2206 1434 2258 (9)
1463 2205 1517 2244 Et
1551 2203 1726 2245 laterum
1753 2202 1922 2257 quidem
1954 2217 2045 2243 ossa
2080 2217 2336 2257 quaecunque
2379 2203 2529 2258 majora
2565 2206 2606 2244 in

1369 2273 1503 2314 trabes
1536 2272 1701 2314 aedium‘
1723 2271 1985 2326 deliguntur3
2023 2271 2186 2311 minora
2218 2285 2315 2311 vero
2348 2275 2391 2312 in
2414 2271 2570 2312 tabulas
2589 2286 2603 2315 :

1372 2355 1465 2396 quae
1494 2341 1537 2380 in
1570 2339 1744 2380 maxillis
1776 2347 1873 2379 sunt
1905 2338 1958 2379 ad
1983 2338 2131 2392 januas
2159 2339 2438 2393 accipiuntur-3
2468 2339 2606 2381 multae

1373 2408 1578 2463 siquidem
1609 2407 1774 2448 balaenae
1805 2406 2090 2460 magnitudine
2114 2415 2211 2447 sunt
2243 2407 2405 2447 circiter
2439 2416 2607 2449 centum

1375 2476 1630 2517 cubitorum.

1428 2549 1588 2589 XXXI.
1620 2549 1764 2600 Quum
1794 2546 2006 2587 Nearchus
2037 2545 2442 2601 Ichthyophagorum
2474 2548 2608 2600 regio-

1374 2635 1469 2661 nem
1487 2619 1858 2677 praeternavigaret,
1877 2618 2070 2673 cognovit
2085 2616 2262 2659 insulam
2278 2616 2485 2671 quandam
2501 2618 2543 2657 in
2561 2631 2610 2658 eo

1379 2693 1484 2733 mari
1511 2706 1598 2732 esse
1624 2699 1791 2732 centum
1821 2689 1904 2731 fere
1926 2689 2066 2731 stadiis
2084 2703 2109 2731 a
2129 2689 2366 2730 continente
2383 2696 2607 2739 remotam,

1378 2775 1471 2816 quae
1505 2759 1805 2801 habitatoribus
1834 2773 1961 2800 vacua
1993 2766 2113 2800 esset.
2175 2758 2238 2813 (2)
2261 2758 2380 2799 Hanc
2413 2756 2613 2811 indigenae

1378 2830 1462 2873 Soli
1499 2844 1657 2871 sacram
1689 2843 1775 2871 esse
1797 2827 2004 2879 dicebant,
2033 2826 2263 2882 Nosalaque
2291 2827 2455 2877 vocari,
2480 2840 2612 2880 neque

1379 2911 1630 2953 quemquam
1649 2896 1887 2937 mortalium
1902 2893 1956 2936 ad
1971 2908 2062 2936 eam
2073 2893 2403 2950 appellere-velle.
2463 2894 2505 2934 Si
2522 2894 2611 2948 quis

1381 2980 1478 3007 vero
1497 2963 1740 3020 imprudens
1759 2978 1809 3004 eo
1832 2962 2055 3013 deferatur,
2078 2975 2173 3003 eum
2191 2976 2276 3002 non
2292 2943 2465 3015 afnplius
2484 2962 2611 3001 cerni.

1383 3034 1446 3088 (3)
1469 3033 1681 3074 Nearchus
1703 3044 1920 3073 cercurum
1944 3044 2073 3070 unum
2090 3029 2288 3084 AEgyptiis
2310 3028 2444 3067 nautis
2464 3028 2609 3067 instru-

1381 3109 1496 3142 ctum
1512 3115 1596 3142 non
1619 3099 1765 3156 procul
1782 3098 1833 3139 ab
1855 3098 1932 3138 hac
1949 3096 2081 3138 insula
2097 3095 2306 3136 evanuisse
2328 3093 2483 3144 scribit,
2502 3095 2614 3134 navi-

1382 3171 1638 3225 gationisque
1654 3169 1778 3210 duces
1794 3182 1840 3208 ea
1855 3167 1906 3207 de
1918 3181 1962 3207 re
1976 3165 2198 3206 affirmasse
2212 3161 2445 3217 ignorantes
2464 3163 2506 3202 in
2522 3177 2611 3203 eam

1383 3238 1561 3279 insulam
1600 3237 1754 3278 delatos
1791 3249 1841 3275 ex
1870 3233 1998 3274 oculis
2043 3232 2257 3273 hominum
2294 3229 2471 3278 sublatos
2510 3244 2611 3270 esse.

1385 3309 1448 3361 (4)
1471 3305 1587 3347 Idem
1607 3305 1744 3345 navim
1763 3303 1927 3356 triginta
1943 3313 2154 3341 remorum
2173 3300 2215 3339 in
2234 3298 2450 3339 circuitum
2474 3296 2614 3336 insulae

1384 3375 1526 3424 mittit,
1547 3371 1749 3413 mandatis
1781 3369 1931 3410 additis
1958 3376 2005 3408 ut
2032 3367 2231 3408 descensu
2248 3364 2415 3420 quidem
2439 3365 2481 3403 in
2504 3364 2614 3404 insu-

1386 3441 1466 3482 lam
1485 3440 1749 3488 abstinerent,
1772 3436 1843 3477 sed
1873 3436 2061 3491 proxime
2079 3433 2131 3475 ad
2153 3432 2294 3474 insulae
2319 3446 2433 3473 oram
2451 3430 2615 3471 adnavi-

85 3639 141 3646 —
163 3629 200 3656 1.
226 3615 306 3655 ἀνω
324 3615 426 3670 ὕδωρ
459 3615 572 3671 ἀναφ.
607 3619 660 3657 Α.
702 3617 718 3670 ll
753 3640 811 3647 —
846 3629 887 3657 2.
914 3616 1049 3671 οἵαπερ
1078 3616 1143 3657 καὶ
1175 3632 1313 3672 πρηστ.

86 3678 169 3718 BC.
193 3678 209 3731 ll
232 3701 289 3708 —
304 3680 345 3725 4.
370 3676 443 3718 ἀπὸ
463 3677 599 3719 τούτου
621 3678 666 3718 τὸ
686 3678 777 3720 πάθ.
799 3677 922 3719 codd.
930 3709 942 3730 ,
966 3692 1126 3720 correx.
1152 3693 1248 3734 mgo
1267 3681 1315 3722 C.

93 3741 108 3793 11
135 3763 191 3770 -
214 3738 255 3780 5.
278 3738 440 3794 ἀποκρ.
466 3740 482 3795 ]
516 3739 797 3796 ABC31‘272029.
823 3742 878 3781 D.
922 3741 938 3795 ll
973 3765 1031 3772 —
1052 3745 1093 3783 6.
1125 3742 1189 3783 καί
1219 3757 1316 3783 τισιν

90 3800 226 3858 αὐτῇσι
247 3803 310 3853 Α;
343 3801 523 3858 ναύτῃσιν
560 3816 645 3843 om.
687 3804 738 3857 L.
783 3803 800 3856 ΙΙ
836 3825 893 3834 -
924 3816 989 3845 10.
1038 3804 1234 3861 ναυμαχίῃ
1262 3807 1315 3855 Α,

91 3864 309 3919 ναυμαχίην
329 3865 396 3905 BC
411 3895 422 3914 ,
446 3864 643 3920 ναυμαχίᾳ
663 3866 717 3906 D.
740 3865 756 3919 ΙΙ
778 3888 836 3895 —
857 3878 923 3906 11.
948 3864 1012 3906 καὶ
1032 3864 1094 3913 ξὺν
1114 3866 1243 3922 κτύπῳ
1266 3868 1316 3916 L,

91 3926 155 3966 καὶ
177 3925 262 3974 ὀξὺν
286 3926 416 3982 κτύπῳ
436 3928 498 3978 D,
532 3926 597 3967 καὶ
630 3925 752 3974 ὀξείαν
776 3926 905 3983 κτύπῳ
937 3929 1020 3969 BC.
1056 3929 1071 3982 (Ι
1105 3952 1161 3963 ——
1183 3930 1248 3970 13.
1281 3927 1322 3969 δὲ

93 4002 176 4030 om.
190 3989 278 4028 BD.
301 3989 316 4042 Η
336 4013 391 4019 -
407 3991 472 4031 18.
492 3989 605 4044 βυθὸν
625 3988 767 4042 codd„
786 3997 832 4032 ut
843 4004 932 4046 cap.
955 3994 1001 4042 6;
1020 3991 1321 4032 mutavitDfib·

1388 3630 1477 3657 ner.
1500 3616 1515 3668 11
1539 3638 1594 3645 -
1622 3625 1690 3652 21.
1726 3610 1851 3665 κρότῳ
1871 3609 1993 3649 BCD.
2018 3608 2034 3662 Η
2060 3620 2203 3648 -22,
2232 3605 2298 3647 και
2318 3620 2402 3646 om
2426 3607 2478 3646 A.
2515 3605 2529 3657 ll
2562 3627 2617 3633 —

1390 3682 1458 3720 26.
1481 3675 1590 3731 3;]‘
1577 3674 1648 3716 υπὸ
1668 3673 1748 3713 BC
1777 3673 1793 3726 Η
1808 3683 1947 3725 —27.
1963 3669 2063 3710 ούτω
2082 3668 2128 3721 δὴ
2149 3663 2213 3711 καὶ
2234 3667 2282 3709 τὰ
2301 3668 2498 3722 σηπόμενα
2517 3667 2612 3714 AD,

1390 3739 1489 3781 ούτω
1510 3736 1556 3789 δὴ
1575 3735 1669 3777 αὐτὰ
1689 3750 1779 3787 σηπ.
1805 3734 1887 3775 BC.

1444 3801 1601 3849 XXXI,
1618 3799 1685 3840 36.
1701 3796 1874 3844 σταδίους
1890 3794 2084 3837 ἕκατονΙι.
2107 3795 2124 3848 Ι(
2145 3797 2212 3843 4ο.
2227 3807 2376 3848 προσγη
2389 3788 2511 3830 codd
2531 3789 2617 3840 Ι(-

1391 3866 1459 3914 43.
1496 3864 1516 3902 δ
1534 3876 1649 3916 ιισχ.
1686 3860 1702 3914 ]
1744 3859 1803 3899 sic
1837 3857 1973 3909 editt.;
2020 3855 2277 3912 ἰσχυρίζεσθαι
2311 3853 2468 3894 ABCD.
2505 3850 2520 3902 Η
2562 3871 2618 3880 -·-

1392 3926 1460 3977 45.
1486 3924 1617 3980 περὶ]
1640 3921 1741 3977 παρὰ
1771 3922 1852 3963 BC.
