2808 4342
1033 149 1325 199 HISTORIA
1358 155 1583 203 INDICA.

49 243 198 306 θάτερα
226 244 266 290 δὲ
294 243 550 308 εΗφαιστίων
583 245 695 307 αὔτῷ
717 247 1046 310 παρεπορεύετο,
1073 250 1144 296 συν
1167 250 1273 313 ἄλλῃ

45 317 217 401 στρατιῇ
235 311 426 358 πλείονι”
403 329 461 357 ετι
473 331 545 367 της
559 312 761 376 Κρατέρῳ
781 317 1120 387 συντεταγμένης.
1190 319 1274 366 Καὶ

42 381 134 434 τοὺς
156 381 378 444 ἐλέφαντας
395 379 647 442 Ἡφαιστίων
667 383 778 444 αὐτῶ
797 388 917 444 ἠγεν,
934 383 1052 437 ὄντας
1076 387 1115 438 ἐς
1133 387 1271 443 διηκο-

44 450 167 502 σίους.
218 449 283 519 (2)
271 447 445 509 )Αῧτὸς
466 448 509 494 δὲ
529 449 622 502 τούς
640 469 684 496 τε
714 452 980 506 ὑπασπιστὰς
1002 456 1275 514 καλεομένους

0 534 19 566 5
44 517 132 578 ἅμα
157 509 242 562 οῗ
216 535 313 577 ηγε,
334 535 404 562 και
424 516 515 569 τοὺς
532 516 695 571 τοξότας
715 519 896 576 πάντας,
919 521 990 567 καὶ
1012 525 1094 567 τῶν
1114 523 1274 568 ἱππεων

39 585 133 638 τοὺς
155 585 337 648 ἑταίρους
358 585 642 646 καλεομενους·
676 586 770 640 τους
793 588 951 642 πάντας
974 592 1013 642 ἐς
1032 593 1273 653 ὀκτακισχι-

40 655 164 708 λίους.
236 657 284 716 (3)
321 657 442 702 Τοῖσι
477 655 551 717 μὲν
575 656 623 712 δη
645 657 751 721 ἀμφὶ
781 658 990 722 Κράτερον
1014 660 1085 706 καὶ
1120 660 1274 724 Ἥφαι-

40 724 192 770 στίωνα
223 724 437 782 ἐτέτακτο,
466 724 532 771 ἵνα
556 728 898 790 προπορευθέντες
937 731 1175 792 ὑπομένοιεν
1206 733 1273 778 τὸν

41 794 202 842 στόλον.
275 795 340 867 (4)
352 791 565 841 Φίλιππον
587 795 650 853 δὲ,
675 796 715 849 ὃς
734 799 845 861 αὓτῳ
870 800 1084 861 σατράπης
1099 805 1170 857 τ’ἧς
1189 802 1273 864 χώ-

0 877 20 908 o
42 881 113 926 ρης
133 861 286 919 ταύτης
314 868 378 920 ἦν,
404 864 471 909 ἔπι
501 869 572 910 τοῦ1
596 864 801 912 Ἀκεσίνου
829 885 1020 928 ποταμου
1049 869 1119 922 τὰς
1147 869 1274 932 ὄχθας

41 931 210 992 πέμπει,
229 932 316 992 ἅμα
335 952 507 997 στρατιῃ
481 937 656 997 “πολλῇ
672 954 741 980 και
762 955 917 983 τουτον·
941 938 995 1000 (5)
1016 938 1095 995 ἤδη
1110 938 1275 1002 γὰρκαὶ

42 1000 199 1046 δώδεκα
221 1001 412 1064 μυριάδες
437 1005 548 1066 αὐτῶ
569 1003 747 1065 μάχιμοι
771 1005 932 1052 εἵποντο
963 1004 1034 1052 συν
1058 1012 1162 1054 οἷσιν
1190 1008 1272 1054 ἀπὸ

42 1069 252 1126 θαλάσσης
274 1090 317 1116 τε
343 1090 418 1117 αυτ
423 1091 462 1123 ος
496 1071 676 1133 ἀνήγαγε
697 1092 767 1119 και
792 1079 903 1127 αὖθις
921 1078 957 1122 οἱ
982 1076 1050 1122 ἐπὶ
1071 1077 1274 1138 συλλογὴν

41 1139 153 1202 αὗτῳ
170 1158 364 1202 στρατιης
381 1140 631 1213 πεμφθέντες
649 1136 788 1198 ἧκον”
768 1162 945 1204 εχοντες,
963 1149 1140 1192 παντοῖα
1160 1147 1275 1192 ἔθνεα

0 1227 20 1256 5
43 1207 322 1271 βαρόαρικὰ’
296 1229 385 1269 αμα
403 1214 470 1255 οῖ’
454 1210 621 1271 οίγοντι,
642 1212 711 1257 καὶ
729 1220 867 1258 πᾶσαν
885 1213 995 1270 ἰδέην
1013 1216 1273 1305 ὡπλισμένα.

43 1275 93 1338 (6)
128 1277 261 1331 Αὐτὸς
295 1278 338 1324 δὲ
378 1279 479 1366 ἄρας
510 1281 622 1325 ταῖσι
659 1282 778 1336 νηυσὶ
816 1283 1030 1330 κατέπλωε
1064 1285 1172 1330 κατὰ
1208 1286 1276 1331 τὸν

46 1344 265 1392 εΥδάσπεα
290 1348 420 1394 ἔπε’
403 1368 469 1394 επι
490 1367 562 1395 του
585 1349 791 1396 Ἀκεσίνου
807 1371 850 1396 τε
874 1352 945 1397 καὶ
966 1371 1035 1398 του
1054 1353 1277 1399 <Υδοίσπεω

39 1414 113 1467 τὰς
133 1416 359 1474 συμὸολάς.
435 1416 483 1479 (7)
513 1416 596 1463 Nee
582 1436 619 1470 ες
643 1417 685 1463 δὲ
707 1422 748 1464 αἱ
770 1421 991 1480 σύμπασαι
1014 1424 1125 1467 αὖτω
1149 1424 1276 1468 ὀκτα-

40 1481 178 1528 κόσιαι
205 1488 309 1538 ἦσαν
333 1483 439 1530 αἵτε
475 1487 633 1547 μακραὶ
671 1487 741 1532 καὶ
778 1488 855 1533 ὅσα
882 1468 1113 1552 στρογγύλά
1149 1493 1276 1536 πλοῖα

0 1572 20 1603 ο
40 1551 111 1598 καὶ
131 1551 270 1598 ἄλλαε
259 1552 488 1639 ιππριγωγὰ
506 1554 576 1599 καὶ
596 1554 706 1599 σιτία
724 1555 811 1614 ἅμα
828 1561 878 1616 τῇ
899 1563 1071 1621 στρατιῇ
1090 1559 1276 1619 ἄγουσαι.

44 1619 92 1680 (8)
124 1616 267 1673 Οκως
303 1620 376 1682 μὲν
413 1621 461 1677 δὴ
500 1622 608 1667 κατὰ
639 1622 731 1675 τους
767 1624 980 1685 ποταμους
1012 1626 1277 1672 κατέπλωσεν

43 1689 155 1751 αὐτῷ
178 1692 198 1734 ὃ
233 1690 397 1751 στόλος,
423 1690 540 1736 xml'
516 1711 592 1737 οσα
618 1694 658 1738 ἐν
682 1695 742 1738 τῶ
775 1695 986 1758 παράπλῳ
1009 1696 1126 1741 ἔθνεα
1154 1715 1276 1742 κατε-

42 1733 272 1830 στρέψατο,
307 1760 377 1805 καὶ
403 1759 506 1812 δ’κως
530 1762 597 1806 διὰ
625 1741 810 1808 κινδύνου
831 1782 952 1815 αυτος
980 1784 1021 1810 εν
1045 1767 1278 1812 Μαλλοῖσιν

41 1831 137 1884 ἡκε,
157 1828 228 1873 καὶ
250 1828 295 1874 τὸ
318 1832 462 1892 τρῶμα
487 1830 509 1876 ὃ
541 1831 743 1894 ἔτρώθη’
726 1852 766 1878 εν
801 1835 1038 1891 Μαλλοῖσι,
1062 1834 1133 1879 καὶ
1167 1837 1278 1881 Πευ-

1 1918 19 1946 5
41 1894 188 1949 κέστας
204 1916 247 1943 τε
272 1897 343 1944 και
365 1899 632 1952 Λεοννάτος
617 1899 724 1954 όκως
753 1922 1041 1966 υπερησπισαν
1063 1904 1184 1949 αὐτον
1203 1923 1278 1950 πε-

45 1964 168 2011 σόντα
185 2002 197 2023 ,
224 1967 363 2013 πάντα
386 1987 518 2014 ταυτα
540 1969 733 2015 λέλεκταί
758 1990 827 2031 μοι
856 1971 975 2028 ’ᾔδη’
957 1991 998 2018 εν
1018 1976 1069 2034 τῇ
1101 1972 1206 2034 ἄλλῃ
1227 1977 1278 2035 τῇ

44 2034 206 2098 Ἀττικῇ
231 2035 460 2124 ξυγγραφῇ.
533 2039 588 2102 (9)
613 2038 666 2086 ‘O
691 2038 732 2085 δὲ
749 2040 907 2102 λόγος”
883 2042 949 2086 οδε
969 2059 1038 2086 του
1059 2041 1278 2104 παράπλου

44 2122 114 2163 μοι
133 2105 220 2162 ἀπη
224 2106 340 2167 (ησίς
364 2109 494 2164 ἔστιν,
515 2107 557 2153 ὃν
594 2107 784 2171 Νέαρχος
810 2108 880 2154 σὺν
905 2113 964 2172 τῷ
994 2111 1127 2173 στόλῳ
1148 2110 1280 2172 παρέ-

43 2175 205 2220 πλωσεν
248 2176 328 2220 ἀπὸ
354 2180 424 2221 τοῦ
450 2176 578 2222 Ἰνδοῦ
613 2180 693 2222 τῶν
726 2178 929 2223 ἐκὸολέων
959 2179 1149 2240 ὁρμηθεὶς
1171 2179 1278 2223 κατὰ

48 2355 86 2382 1.
111 2341 152 2382 δὲ
170 2356 253 2382 0111.
282 2345 381 2392 ΑΙ);
401 2343 440 2383 δὲ
461 2344 525 2383 καὶ
550 2341 640 2398 Ἣιρ.
659 2346 733 2398 B.ll
754 2358 865 2386 —2.
883 2348 950 2396 τῆς
970 2350 1024 2400 τῷ
1044 2346 1112 2400 Κρ.
1142 2345 1278 2395 editt.;

44 2403 238 2443 articulus
248 2402 359 2443 deest
380 2404 422 2443 in
438 2405 598 2445 ABCD.
626 2406 640 2459 {l
657 2430 714 2437 —
730 2409 772 2455 4.
787 2406 851 2447 Cf.
867 2408 974 2462 Exp.
995 2409 1072 2457 VI,
1096 2421 1136 2457 2,
1153 2408 1192 2457 3,
1212 2407 1284 2447 ubi

45 2465 102 2504 sic
122 2478 131 2504 ι
156 2464 266 2512 αὐτὸς
288 2464 375 2512 τοὺς
403 2464 638 2513 ὑπασπιστάς
655 2482 696 2508 τε
725 2467 804 2523 ἅμα
828 2467 869 2508 οῗ
898 2467 1113 2523 ξύμπαντας
1140 2468 1201 2509 ἐπὶ
1219 2468 1285 2516 τὰς

46 2529 135 2574 ναῦς
158 2525 357 2566 ἀνεδίδασε
378 2527 442 2566 καὶ
459 2527 546 2575 τοὺς
568 2527 724 2577 τοξότας
742 2530 908 2578 καὶτοὺς
937 2530 1132 2586 Ἀγριᾶνας
1157 2531 1221 2571 καὶ
1240 2531 1284 2571 τὸ

46 2588 181 2643 ἄγημα
208 2592 284 2628 τῶν
320 2588 478 2630 ἱππέων.
506 2591 521 2644 Η
559 2615 616 2622 —-
647 2593 687 2633 8.
718 2592 785 2633 ἵνα
817 2594 1059 2648 πορευθέντες
1089 2595 1139 2634 L.
1178 2594 1193 2647 Η
1231 2617 1286 2624 -

47 2667 87 2704 9.
111 2650 389 2706 Φίλιππον]
411 2651 594 2708 Cf.Exp.
612 2654 690 2705 VI,
709 2667 749 2705 2,
763 2655 897 2709 3.(1-
913 2668 979 2695 12.
994 2656 1186 2695 ’δώδεκα
1207 2671 1247 2709 μ.
1267 2657 1282 2710 ]

51 2733 67 2748 α
86 2714 151 2754 Sic
173 2713 341 2753 Curtius
363 2715 482 2764 VIII,
505 2714 544 2765 5,
565 2718 589 2764 4
605 2731 617 2766 ;
637 2716 696 2756 sic
716 2717 840 2757 etiam
861 2717 1106 2759 Plutarchus
1132 2718 1176 2757 in
1194 2718 1281 2757 Vit.

46 2776 161 2817 Alex.
187 2790 225 2816 c.
249 2779 300 2816 66
322 2775 605 2817 Alexandrum
625 2792 675 2818 ex
688 2778 807 2819 India
829 2778 1073 2820 redeuntem
1097 2777 1284 2834 peditum

50 2851 244 2889 12o,ooo‚·
258 2839 442 2893 equitum
468 2838 601 2882 15000
614 2840 806 2882 habuisse
818 2841 960 2883 tradit.
987 2843 1283 2883 »SCHM1EDER.

52 2902 142 2955 11-
161 2903 226 2942 18.
242 2901 262 2941 ὅ
276 2916 327 2941 κτ
340 2917 395 2942 ακ
409 2902 517 2942 όσια
533 2903 566 2957 ι]
585 2904 636 2942 In
656 2902 849 2958 Expedit.
870 2905 948 2955 VI,
963 2918 988 2945 2
1005 2918 1053 2944 ex
1070 2903 1286 2944 Ptolemaeo

48 2963 103 3003 ita
125 2963 250 3004 tradit
270 2977 278 3004 τ
316 2960 362 3015 ἦν
394 2964 435 3004 δὲ
459 2964 503 3005 τὸ
526 2963 671 3020 ξύμπαν
694 2964 842 3017 πλῆθος
874 2970 949 3007 τῶν
974 2970 1085 3015 νεῶν,
1109 2966 1160 3014 ὡς
1179 2965 1285 3022 λέγει

47 3024 291 3080 Πτολεμαῖος
303 3026 324 3066 ὃ
339 3027 468 3081 Λάγου
484 3058 494 3077 ,
509 3027 774 3082 τριακόντοροι
795 3026 862 3083 μὲν
888 3026 924 3076 ἐς
943 3027 964 3068 ὀ
976 3027 1128 3083 γδοήκ
1140 3043 1160 3067 0
1174 3042 1193 3068 ν
1206 3043 1259 3068 τα
1273 3044 1281 3052 ·

47 3087 94 3127 τὰ
114 3087 154 3128 δὲ
169 3090 292 3129 πάντα
314 3089 435 3130 πλοῖα
453 3089 518 3130 σ“υν
537 3091 619 3137 τοῖς
641 3089 887 3145 ἱππαγωγοῖς
904 3090 969 3131 καὶ
989 3089 1205 3145 κερκούροις
1222 3089 1287 3130 καὶ

50 3149 121 3188 ὅσα
141 3150 242 3189 ἄλλα
258 3152 428 3207 ποτάμια
450 3152 473 3203 ἢ
493 3157 568 3192 τῶν
590 3152 710 3194 πάλαι
729 3152 927 3193 πλεόντων
951 3152 1048 3194 κατὰ
1068 3153 1155 3200 τοὺς
1173 3168 1288 3194 ποτα-

53 3211 144 3265 μοὶις
170 3213 194 3263 ἢ
220 3212 257 3253 ἐν
293 3218 348 3268 τῷ
380 3215 467 3255 τότε
490 3216 725 3267 ποιηθέντων
757 3214 810 3255 οὖ
852 3215 981 3256 πολὺ
1013 3215 1286 3256 ἀποδέοντα

50 3277 143 3313 τῶν
179 3275 355 3329 >δισχιλ
370 3276 451 3316 ίων
469 3309 477 3317 .
507 3279 558 3317 In
590 3292 673 3332 quo
703 3292 880 3318 numero
901 3279 1040 3318 nescio
1071 3277 1286 3332 cujusnam

52 3349 167 3374 error
183 3335 307 3376 latere
317 3336 496 3388 videtur,
517 3339 779 3394 multumque
794 3339 907 3381 abest
924 3349 970 3380 ut
992 3355 1087 3381 cum
1106 3340 1287 3381 Schmie-

53 3397 153 3437 dero
185 3406 327 3451 putem
358 3400 456 3440 hinc
487 3400 655 3441 fortasse
679 3410 820 3441 nostro
852 3402 944 3443 loco
975 3402 1284 3443 rescribendum

53 3474 139 3499 esse
168 3459 294 3513 χίλιαι
322 3461 388 3500 καὶ
411 3461 645 3503 ὀκτακόσιαι.
676 3464 922 3515 Clitarchus,
955 3466 1025 3519 qui
1045 3479 1286 3519 exaggerare

54 3536 248 3562 numeros
284 3522 407 3573 solet,
445 3525 611 3566 classem
641 3525 866 3567 Alexandri
906 3527 1071 3567 nonnisi
1111 3527 1287 3568 millium

54 3584 220 3624 navium
241 3583 363 3624 fuisse
395 3586 579 3637 tradidit,
601 3595 648 3628 ut
668 3587 799 3642 liquet
826 3603 877 3629 ex
901 3589 1168 3629 sectatoribus
1182 3588 1283 3644 eJus,

54 3647 198 3686 Curtio
233 3647 309 3696 IX,
341 3647 386 3687 3:
427 3648 536 3689 mille
564 3649 749 3702 navigiis
778 3650 990 3692 aditurum
1019 3666 1223 3701 oceanum,
1247 3661 1288 3694 et

55 3707 243 3748 Diodoro
262 3709 399 3759 XVII,
426 3709 476 3763 95
500 3723 509 3750 t
539 3712 605 3762 τῆς
632 3710 672 3751 δὲ
701 3714 877 3765 ναυτικῆς
897 3716 1133 3768 παρασκευῆς
1158 3728 1287 3756 συντε-

55 3769 253 3822 λεσθείσης
273 3770 336 3811 καὶ
356 3772 493 3812 διακο
508 3772 590 3812 σίω
603 3786 621 3812 ν
658 3772 724 3827 μὲν
751 3773 951 3829 ἀφράκτων
973 3774 1284 3831 ἡτοιμασμένων,

56 3831 447 3888 ὀκτακισχιλίων
465 3834 769 3890 δἐὓπηρετικῶν.
794 3838 889 3892 11-
905 3851 973 3879 21.
996 3838 1211 3880 διέπλευσεν
1232 3843 1286 3882 A.

61 3894 77 3948 ΙΙ
97 3919 153 3925 -
168 3899 236 3937 26.
261 3895 308 3936 ἐν
330 3899 388 3953 τῇ
426 3896 525 3938 Ἀτ.
553 3897 723 3953 ξυγγρ.
743 3900 758 3954 ]
780 3916 796 3937 (ι
810 3902 873 3940 De
891 3899 1051 3951 ordine,
1070 3916 1154 3956 quo
1172 3902 1290 3943 vehe-

57 3956 178 3998 batur
209 3958 342 3999 classis
372 3959 465 4000 vide
493 3961 569 4011 VI,
609 3961 649 4011 3,
687 3964 727 4011 4.
762 3964 824 4002 De
858 3964 1040 4021 strepitu*
1058 3978 1206 4018 magno
1229 3973 1290 4006 tot

2493 185 2571 225 33¹

1350 271 1466 318 parte
1481 265 1746 320 Hephaestion
1774 282 1869 308 cum
1898 269 1978 310 alio
2007 269 2164 324 majore
2186 274 2321 316 adhuc
2343 291 2465 331 quam
2485 283 2582 324 Cra.

1350 349 1462 383 terus
1477 345 1659 386 exercitu
1673 346 1938 401 procedebat.
1999 349 2248 404 Elephantos
2267 355 2389 395 etiam
2408 357 2583 402 ducebat

2023 430 2085 483 (2)
2122 432 2214 485 Ipse
2246 442 2424 476 scutatos
2453 437 2583 481 dictos

1351 515 1489 542 secum
1512 502 1704 554 ducebat,
1725 513 1767 546 et
1788 506 2017 559 sagittarios
2043 522 2186 550 omnes
2215 519 2255 552 et
2273 515 2429 568 equites
2445 549 2455 566 ,
2478 532 2581 572 quos

2373 591 2436 645 (3)
2455 594 2508 633 At
2540 596 2581 634 ui

1350 653 1519 694 Cratero
1552 662 1592 694 et
1620 655 1901 711 Hephaestioni
1923 659 2171 713 assignatum
2193 672 2293 714 erat,
2315 665 2386 706 ubi
2409 607 2584 722 profati

1351 728 1519 770 classem
1554 731 1906 786 praestolarentur.
1950 723 1951 726 Ἴ

1350 422 1615 476 Hephaestion
1626 456 1637 474 ,
1680 440 1857 467 numero
1896 442 1962 468 00.

1350 578 1503 618 amieos
1519 587 1691 630 vocant3
1709 595 1853 622 omnes
1870 591 1987 623 erant
2001 583 2053 624 ad
2069 600 2151 626 vm
2171 587 2311 629 millia.

1968 736 2030 789 (4)
2054 737 2289 794 Philippum
2310 755 2429 793 vero,
2461 758 2583 798 quem

1350 805 1393 845 in
1416 820 1463 846 ea
1478 807 1644 861 regione
1659 807 1877 863 praesidem
1896 812 2177 864 constituerat,
2201 815 2252 855 ad
2269 818 2450 859 Acesinis
2470 820 2583 861 fluvii

1350 883 1459 937 ripas
1492 884 1633 935 mittit,
1677 899 1845 940 magnas
1885 888 2007 928 etiam
2037 889 2148 930 hunc
2181 893 2316 946 copias
2348 894 2580 937 dueentem.

1352 959 1415 1014 (5)
1437 962 1529 1001 Jam
1549 961 1660 1002 enim
1678 976 1759 1003 cxx
1779 977 1831 1004 M.
1891 964 2068 1006 militum
2083 981 2178 1008 eum
2197 969 2471 1023 sequebantur
2489 987 2582 1013 cum

1350 1035 1400 1075 iis
1423 1050 1527 1090 quos
1549 1051 1600 1078 ex
1620 1038 1838 1080 maritimis
1869 1041 1952 1081 oris
1978 1042 2063 1096 ipse
2083 1042 2323 1095 adduxerat,
2358 1055 2397 1088 et
2423 1062 2526 1103 quos
2555 1050 2582 1089 ii

1351 1111 1625 1164 adduxerant,
1648 1115 1719 1169 qui
1749 1115 1802 1155 ad
1824 1116 2099 1170 colligendum
2119 1122 2344 1163 exercitum
2366 1124 2478 1165 missi
2499 1124 2584 1166 fue-

1350 1197 1458 1239 rant,
1473 1190 1667 1231 barbaras
1683 1193 1816 1232 omnis
1830 1195 1987 1246 generis
1999 1196 2182 1236 nationes
2198 1211 2338 1239 secum
2350 1198 2582 1251 ducentem,

2394 1276 2456 1329 (6)
2492 1279 2585 1332 Ipse

1352 1341 1525 1382 navibus
1548 1343 1709 1384 solvens
1728 1358 1804 1400 per
1823 1344 2062 1401 Hydaspem
2097 1347 2149 1387 ad
2171 1349 2354 1389 Acesinis
2387 1359 2427 1390 et
2448 1352 2586 1406 Hyda-

1352 1419 1434 1473 spis
1449 1419 1702 1461 confluentes
1724 1422 1943 1476 navigavit.

1352 1278 1499 1320 easque
1533 1265 1711 1321 cujusvis
1739 1269 1898 1322 generis
1936 1271 2061 1311 armis
2096 1272 2331 1314 instructas.

2005 1424 2067 1477 (7)
2083 1425 2212 1464 Erant
2231 1425 2269 1465 ei
2290 1426 2334 1465 in
2349 1427 2586 1468 universum

1352 1509 1474 1535 naves
1509 1509 1635 1546 nece,
1672 1497 1795 1537 simul
1833 1497 1986 1551 longae,
2024 1499 2147 1540 simul
2185 1501 2382 1542 onerariae
2421 1503 2588 1558 aliaeque

1353 1570 1548 1612 vehendis
1602 1573 1717 1627 equis
1769 1581 1809 1613 et
1863 1575 2110 1615 commeatui
2157 1577 2361 1617 exercitus
2412 1577 2583 1620 idoneae.

1354 1645 1416 1698 (8)
1447 1648 1642 1697 Quonam
1658 1660 1755 1687 vero
1781 1655 1902 1702 pacto
1916 1662 1992 1703 per
2008 1649 2182 1690 flumina
2195 1652 2408 1706 navigarit,
2431 1662 2471 1694 et
2487 1663 2587 1708 quot

1354 1720 1396 1759 in
1416 1734 1463 1760 ea
1471 1722 1729 1775 navigatione
1745 1731 1883 1776 gentes
1895 1723 2137 1778 subjugarit,
2153 1727 2348 1782 quodque
2358 1730 2586 1783 periculum

1355 1798 1398 1836 in
1418 1797 1550 1837 Mallis
1569 1798 1805 1849 incurrerit,
1830 1807 1870 1839 et
1893 1800 2104 1853 quomodo
2126 1801 2281 1843 ibidem
2309 1804 2458 1844 vulnus
2477 1820 2587 1845 acce-

1355 1874 1474 1928 perit,
1511 1873 1723 1928 quomodo
1755 1875 1877 1915 etiam
1898 1876 2114 1917 Peucestas
2146 1885 2188 1918 et
2225 1879 2460 1919 Leonnatus
2493 1895 2587 1921 eum

1353 1958 1607 2005 prostratum
1623 1951 1747 1991 scutis
1766 1951 1851 1991 suis
1868 1953 2126 2006 protexerint
2147 1966 2156 1994 :
2176 1955 2313 1994 omnia
2326 1954 2413 1996 haec
2429 1970 2450 1996 a
2467 1956 2585 1997 nobis

1355 2028 1398 2067 in
1425 2027 1550 2067 altera
1568 2027 1762 2078 historia,
1786 2042 1911 2082 quam
1932 2029 2067 2070 Attica
2084 2029 2224 2084 lingua
2246 2033 2584 2086 conscripsimus,

1354 2112 1676 2144 commemorata
1691 2112 1802 2144 sunt.
1863 2105 1926 2158 (9)
1946 2107 1994 2144 In
2011 2105 2089 2146 hoc
2104 2115 2241 2147 autem
2251 2107 2357 2148 libro
2372 2107 2420 2150 id,
2430 2116 2588 2150 tantum

1355 2194 1499 2230 narro,
1531 2179 1742 2233 quomodo
1764 2180 1974 2220 Nearchus
2003 2181 2054 2221 ab
2076 2182 2171 2222 Indi
2191 2184 2303 2223 ostiis
2328 2184 2487 2224 solvens
2515 2199 2588 2239 per

1353 2346 1522 2385 navium
1543 2346 1667 2384 remis
1687 2353 1895 2384 vectarum
1910 2375 1920 2394 ,
1946 2344 1996 2384 de
2026 2345 2140 2385 Indis
2169 2361 2255 2386 rem
2286 2348 2529 2388 mirantibus
2546 2357 2585 2389 et

1353 2408 1520 2447 classem
1553 2406 1843 2446 comitantibus
1884 2407 1923 2457 3,
1970 2407 2054 2460 5-9.
2079 2408 2226 2447 Primis
2251 2408 2395 2449 diebus
2428 2410 2584 2452 itineris

1353 2469 1456 2509 nihil
1475 2470 1612 2523 magni
1630 2469 1828 2509 momenti
1849 2468 2050 2509 acciderat
2071 2470 2086 2521 (
2106 2471 2146 2519 4,
2174 2472 2255 2518 1·4.
2282 2472 2314 2523 ),
2336 2470 2469 2512 donec
2489 2486 2583 2527 per-

1355 2532 1562 2572 veniretur
1590 2530 1643 2572 ad
1672 2531 1947 2572 confluentem
1980 2531 2163 2571 Acesinis
2186 2540 2226 2571 et
2260 2531 2477 2587 HydaspiS,
2512 2534 2583 2575 ubi

1353 2593 1610 2634 vehementia
1628 2592 1836 2633 undarum
1855 2594 2068 2646 utriusque
2088 2593 2202 2632 fluvii
2236 2593 2466 2634 collisarum
2485 2595 2583 2642 clas-

1354 2657 1407 2695 sis
1436 2669 1586 2710 magno
1622 2655 1806 2709 periculo
1832 2654 2011 2694 obnoxia
2032 2661 2119 2694 erat
2144 2655 2159 2708 (
2183 2657 2224 2704 4,
2259 2654 2301 2694 5-
2319 2670 2358 2695 0.
2386 2654 2425 2705 5,
2456 2668 2524 2709 1—9
2550 2657 2581 2712 ).

1354 2718 1547 2772 Sequitur
1567 2716 1720 2757 bellum
1739 2730 1834 2756 cum
1856 2716 2003 2766 Mallis,
2026 2730 2129 2771 quos
2151 2715 2384 2758 Alexander
2406 2717 2586 2759 celerita-

1355 2788 1394 2820 te
1417 2788 1456 2820 et
1484 2781 1524 2820 vi
1555 2779 1828 2834 opprimebat.
1863 2778 1927 2819 Ibi
1960 2792 2090 2833 quum
2123 2778 2356 2820 Alexander
2386 2779 2583 2834 oppidum

1354 2841 1521 2896 aliquod
1543 2848 1813 2896 oppugnaret,
1834 2854 1857 2880 e
1889 2854 2012 2881 muro
2031 2840 2140 2881 solus
2155 2842 2200 2881 in
2217 2855 2353 2882 arcem
2372 2841 2582 2894 desiliens,

1354 2904 1543 2944 maximis
1560 2902 1753 2958 periculis
1775 2916 1861 2943 sese
1879 2901 2048 2957 objecit,
2074 2910 2121 2943 ut
2140 2903 2209 2943 vix
2237 2911 2414 2944 mortem
2435 2903 2587 2959 effuge-

1354 2974 1429 3006 ret.
1462 2965 1726 3020 Descriptum
1742 2972 1803 3005 est
1819 2964 1901 3005 hoc
1921 2964 2076 3005 bellum
2096 2965 2139 3004 in
2154 2963 2346 3019 Expedit.
2371 2966 2447 3015 VI,
2472 2965 2510 3015 5,
2537 2968 2583 3006 13

1353 3042 1485 3083 usque
1507 3026 1559 3068 ad
1575 3042 1612 3068 0.
1635 3029 1700 3078 14,
1721 3031 1761 3068 6.
1780 3029 1925 3069 Postea
1942 3025 2147 3067 dederunt
2159 3041 2200 3068 se
2219 3025 2453 3068 Alexandro
2475 3027 2583 3067 Aba·

1354 3092 1474 3141 stani,
1508 3090 1672 3140 Xathri,
1699 3089 1875 3140 Ossadii,
1918 3098 2055 3143 gentes
2073 3089 2245 3142 ignotae3
2272 3089 2438 3142 Satrapa
2456 3088 2584 3129 Indiae

1353 3168 1484 3208 usque
1505 3152 1558 3194 ad
1578 3152 1673 3193 Indi
1692 3161 1732 3192 et
1755 3152 1940 3194 Acesinis
1968 3150 2259 3200 confluentem,
2280 3149 2352 3189 ubi
2370 3149 2468 3191 urbs
2488 3164 2584 3190 con·

1353 3215 1482 3266 ditur,
1519 3215 1782 3257 constituitur
1803 3212 2014 3267 Philippus
2044 3227 2081 3252 c.
2118 3211 2183 3261 15,
2224 3210 2306 3251 1-5.
2338 3210 2405 3252 Ad
2430 3211 2584 3265 Sogdos

1354 3277 1504 3318 deinde
1537 3278 1660 3318 classe
1697 3275 1950 3331 pervcnitur,
1985 3273 2058 3314 ubi
2095 3273 2246 3313 iterum
2272 3272 2371 3313 urbs
2392 3273 2580 3324 eondita3

1354 3342 1532 3396 Satrapae
1548 3338 1678 3381 Indiae
1711 3338 1763 3378 ab
1793 3337 1976 3379 Acesinis
2008 3336 2113 3376 estio
2129 3349 2258 3389 usque
2278 3333 2330 3374 ad
2348 3348 2461 3375 mare
2480 3334 2583 3375 fiunt

1354 3404 1553 3457 Oxyartes
1580 3409 1620 3441 et
1637 3400 1800 3454 Python
1827 3397 1891 3448 15,
1912 3412 1999 3452 7-9.
2025 3396 2185 3436 Deinde
2199 3397 2241 3436 in
2256 3404 2498 3451 potestatem
2520 3411 2584 3437 re-

1354 3463 1507 3518 digitur
1523 3462 1738 3512 Musicani,
1761 3461 1944 3516 Oxyeani
1957 3458 2141 3501 etSambi
2158 3459 2287 3512 regi0,
2301 3473 2338 3499 c.
2362 3457 2427 3508 15,
2445 3471 2582 3512 10-17,

1358 3529 1398 3569 8.
1418 3528 1521 3567 Cum
1534 3534 1647 3581 parte
1659 3524 1857 3565 exercitus
1871 3537 1946 3578 per
1953 3520 2250 3562 mediterranea
2257 3521 2480 3560 remittitur
2491 3519 2586 3560 Cra-

1357 3597 1468 3630 terus
1489 3605 1525 3630 c.
1554 3603 1618 3643 17,
1652 3592 1691 3628 6.
1719 3586 1962 3628 Pervenitur
1991 3583 2043 3625 ad
2062 3583 2231 3634 Pattala‚
2263 3596 2355 3638 quae
2381 3597 2585 3637 occupan-

1357 3660 1440 3702 tur,
1466 3667 1502 3692 c.
1529 3665 1592 3705 17,
1616 3651 1728 3699 4-18‚
1752 3652 1792 3697 4.
1810 3647 2023 3702 Navigatio
2044 3645 2266 3688 Alexandri
2281 3659 2356 3700 per
2371 3644 2584 3685 brachium

1359 3713 1549 3754 dextrum
1567 3710 1661 3752 Indi
1677 3712 1720 3751 in
1742 3724 1854 3751 mare
1877 3725 1914 3751 c.
1944 3712 2010 3760 18,
2034 3710 2147 3763 5-19,
2173 3722 2219 3748 11
2240 3724 2251 3758 ;
2276 3722 2350 3763 per
2371 3706 2583 3747 brachium

1359 3777 1570 3816 sinistrum
1601 3788 1638 3814 c.
1660 3787 1727 3816 20,
1765 3774 1959 3827 Sequitur
1978 3773 2050 3812 iter
2078 3779 2267 3812 terrestre
2286 3766 2505 3813 Alexandri
2534 3766 2584 3806 ab

1359 3839 1465 3880 Indo
1481 3846 1707 3878 retrorsum
1736 3837 1778 3876 in
1801 3834 2027 3877 Persidem.
2048 3833 2300 3888 Principium
2317 3828 2583 3882 navigationis

1360 3902 1402 3941 in
1421 3899 1526 3941 Indo
1545 3899 1633 3940 fixit
1646 3899 1826 3939 Vincent
1842 3899 1884 3938 in
1900 3898 2112 3938 XXIlImo
2129 3897 2221 3936 Oct.
2242 3894 2320 3947 327
2340 3899 2431 3933 ante
2446 3889 2544 3930 Chr.
2565 3906 2580 3926 »

1361 3966 1624 4006 Scumnznmz.
2100 3983 2102 3985 -
