2808 4342
85 198 139 256 (2‚
155 198 205 258 ³·)

88 303 149 353 λις
177 300 286 346 ἐστὶν
321 299 537 357 Ἀπάμεια,
565 301 658 342 εἶτα
695 297 858 359 Δαίαρα
898 295 1034 357 κώμη.
1077 295 1244 358 Ἀπέχει
1275 298 1318 343 δὲ

87 368 314 430 Ἀπαμείας
325 367 395 414 καὶ
410 370 480 412 τοῦ
497 364 716 426 Εὐφράτου
733 369 925 423 ποταμοῦ·
937 365 1121 426 σχοίνους
1138 366 1195 426 γ’.
1215 359 1320 412 Εἶτα

90 435 235 501 Χάραξ
258 434 404 491 Σίδου,
429 433 507 478 ὑπὸ
535 432 578 478 δὲ
602 431 812 488 Ἑλλήνων
839 433 1122 494 Ἀνθεμουσιὰς
1138 436 1159 458 *
1182 436 1321 491 πόλις,

676 193 899 239 ISIDORI
933 193 1281 244 CHARACENI
1316 194 1661 240 MANSIONES
1699 193 2045 240 PARTHICAE.

2522 207 2608 251 24‘33

1390 307 1572 360 Apamea
1586 322 1596 356 ;
1610 305 1760 347 deinde
1775 308 1919 346 Daeara
1935 306 2065 345 vicus.
2082 305 2208 346 Abest
2223 315 2357 349 autem
2374 310 2424 350 ab
2441 313 2619 366 Apamea

1391 380 1432 412 et
1447 373 1656 427 Euphrate
1671 374 1798 414 fluvio
1813 373 1988 413 schoenis
2005 373 2046 412 3.
2065 373 2171 413 Dein
2188 374 2347 415 Charax
2370 391 2441 417 seu
2458 379 2620 421 Vallum

1393 438 1498 479 Sidae
1514 471 1524 488 ‚
1556 455 1579 480 a
1612 441 1765 481 Graecis
1787 439 2079 481 Anthemusias
2111 439 2226 487 dicta
2254 442 2373 491 urbs,
2392 443 2545 485 schoeni
2571 448 2591 487 5
2607 465 2618 499 ;

89 597 270 648 Apamea
286 590 339 632 cf.
364 591 488 630 etiarn
507 589 663 631 Plinius
686 591 764 639 VI,
799 590 890 643 305
916 603 991 643 119
1012 590 1137 644 Sillig.
1161 591 1318 632 :Diota

84 664 150 695 est
176 654 219 695 in
243 656 478 705 Zeugmate.
501 651 702 708 Apamia,
735 665 786 698 ex
806 666 888 707 qua
916 652 1118 693 Orientem
1135 662 1319 709 petentes

88 715 244 772 excipit
255 714 451 772 oppidum
471 714 679 770 Caphrena
689 713 907 763 munitum,
922 723 963 755 et
977 715 1172 770 Stephan.
1190 718 1287 771 Byz.
1306 729 1316 756 z

93 777 327 834 Ἅπάμεια...
352 776 432 817 ἔστι
455 776 597 827 καὶτῆς
615 775 828 832 Περσαίας(
849 775 1010 831 Περαίας
1024 785 1095 817 aut
1106 777 1321 832 Παρθυαίας

84 839 198 894 conj.
218 855 256 881 v.
282 839 344 890 d.;
367 839 555 893 Πορσικῆς
566 840 768 893 Droysen.
790 838 1029 880 Hellenism.
1050 841 1107 889 II,
1123 854 1166 894 p.
1186 841 1265 894 703
1285 843 1318 894 ),

96 901 277 954 Ἐδέσσης
301 901 314 958 (
338 917 390 942 an
414 904 480 952 τῆς
508 899 760 956 Ἱεραπόλεως
791 903 859 952 τῆς
892 901 957 942 καὶ
996 901 1176 953 Ἐδέσσης
1210 902 1322 957 apud

90 965 223 1005 Strab.
249 979 292 1019 p.
325 965 432 1018 748?
455 966 470 1017 )
492 964 582 1019 πρὸς
614 964 785 1018 ἄρκτους.
818 966 904 1005 Aut
931 965 1055 1018 igitur
1084 964 1265 1005 Seleucia
1282 974 1323 1005 et

90 1029 273 1081 Apamea
288 1027 418 1074 ,urbes
436 1027 513 1067 sibi
533 1028 733 1081 proximae
751 1035 889 1075 erant,
915 1035 986 1067 aut
1011 1035 1232 1081 utrumque
1246 1041 1322 1067 no·

90 1103 188 1129 men
218 1088 270 1129 ad
296 1089 474 1129 eundem
505 1097 657 1144 spectat
676 1089 835 1138 locum,
857 1090 940 1129 sive
958 1089 1059 1129 illud
1086 1090 1215 1139 arcis,
1244 1089 1324 1130 hoc

90 1153 205 1192 urbis
228 1152 319 1202 fuit,
340 1154 424 1192 sive
441 1152 554 1206 quod
569 1152 750 1193 Seleucia
767 1161 907 1206 postea
923 1151 1033 1193 dicta
1046 1161 1106 1193 est
1124 1155 1319 1207 Apamea.

91 1215 332 1255 Ptolemaeus
350 1217 405 1264 V,
425 1215 471 1255 15
486 1217 665 1268 Zeugma
679 1215 797 1269 ponit
816 1215 904 1268 37⁰,
921 1216 1136 1269 Europum
1148 1217 1219 1256 36⁰
1239 1215 1318 1257 50'.

91 1278 224 1330 Igitur
245 1279 403 1332 Europi
425 1293 510 1318 esse
525 1277 721 1318 videntur
738 1277 868 1317 ruina?
885 1291 1014 1332 prope
1037 1278 1221 1318 Jerabees
1239 1279 1323 1319 sive

88 1340 310 1380 Jerabulus
334 1341 438 1392 (36ο
463 1339 578 1393 50’);
603 1342 784 1393 Zeugma
812 1348 949 1379 autem
972 1354 1020 1379 ex
1054 1339 1226 1380 adverso
1246 1340 1324 1382 fuit

91 1401 301 1442 hodiernae
329 1402 444 1441 urbis
474 1402 548 1442 Bir
565 1417 597 1442 s.
612 1402 722 1442 Bira
747 1417 781 1442 5.
806 1402 1025 1442 Beredchilc
1047 1417 1081 1443 5.
1107 1402 1324 1444 Bericlchik

93 1462 108 1518 (
126 1464 197 1516 37Ο
212 1462 253 1504 o'
271 1462 349 1503 38''
364 1463 433 1503 lat.
459 1478 540 1503 sec.
568 1463 791 1519 Chesney),
816 1479 906 1518 quae
925 1473 985 1504 est
1008 1472 1123 1504 vetus
1142 1467 1324 1519 Apamea

90 1526 174 1565 sive
196 1525 390 1566 Seleucia.
414 1527 635 1580 Perperam
655 1528 914 1577 Mannertus,
938 1526 1206 1577 Reichardus,
1231 1528 1320 1578 alii,

88 1580 208 1642 Βίθρα
226 1587 433 1628 Ptolemaei
454 1589 470 1640 (
488 1587 560 1628 350
582 1588 653 1628 lat.
680 1587 695 1643 )
717 1596 758 1628 et
786 1588 903 1643 Βίρθα
935 1589 1135 1629 Hieroclis
1163 1604 1206 1644 p.
1243 1590 1321 1644 715

91 1651 108 1703 (
129 1664 170 1691 V.
188 1651 319 1690 Ritter
331 1651 387 1700 X,
410 1664 453 1705 p.
472 1653 553 1704 974
576 1664 666 1705 sqq.
685 1651 703 1704 )
730 1664 949 1704 agnoscere
969 1651 1047 1691 sibi
1078 1650 1325 1694 videbantur

90 1714 135 1753 in
149 1712 249 1753 hod.
282 1712 369 1763 Bir,
392 1727 482 1767 quae
512 1727 653 1768 reapse
674 1712 772 1753 inde
800 1713 852 1754 ab
874 1712 1122 1754 duodecimo
1155 1714 1324 1756 demum

88 1783 183 1832 post
204 1776 415 1817 Christum
431 1776 576 1818 saeculo
595 1790 662 1831 ap.
681 1777 855 1829 Gregor.
873 1775 1101 1831 Abulphar.
1126 1778 1233 1818 Hist.
1251 1778 1324 1834 dy-

90 1846 196 1879 nast.
217 1852 260 1893 p.
292 1838 371 1878 255
393 1838 409 1890 (
431 1838 532 1878 Bira
565 1838 818 1894 castellum),
839 1838 1087 1880 Abulfednm
1104 1840 1207 1880 Tab.
1230 1842 1320 1896 Syr.

89 1915 133 1955 p.
167 1914 243 1955 127
282 1902 297 1954 (
324 1901 386 1941 Al
416 1901 535 1942 Birat
554 1901 586 1957 ),
611 1911 652 1943 et
677 1902 828 1943 dehinc
847 1903 958 1957 apud
993 1903 1092 1943 alios
1114 1911 1325 1959 tamquam

89 1964 203 2004 locus
221 1963 443 2018 Euphratis
470 1963 643 2018 trajectu
665 1965 813 2005 nobilis
835 1974 1089 2006 memoratur
1117 1967 1132 2018 (
1150 1968 1204 2006 V.
1229 1967 1325 2007 Nie-

89 2027 200 2068 buhr
213 2027 342 2068 Reise.
357 2029 413 2076 H,
435 2041 477 2082 p.
497 2030 593 2076 412.
608 2027 776 2068 Pokoke
792 2030 847 2079 ΙΙ,
867 2043 911 2083 p.
930 2030 1010 2069 236
1028 2031 1059 2082 ).
1074 2030 1325 2071 Etiamnunc

89 2103 219 2144 prope
241 2089 317 2130 Bir
343 2106 359 2127 «
387 2090 420 2129 is
443 2104 522 2129 one
542 2090 591 2130 of
606 2090 675 2130 the
703 2099 811 2131 most
845 2090 1087 2145 frequented
1109 2091 1157 2131 of
1174 2092 1225 2133 all
1254 2093 1324 2133 the

90 2166 275 2206 passages
295 2152 382 2192 into
404 2153 702 2206 Mesopotamia
717 2183 727 2202 ,
757 2152 840 2192 and
860 2153 986 2192 about
1022 2157 1070 2192 16
1101 2153 1210 2206 large
1231 2168 1323 2208 pas-

87 2214 319 2267 sage-boats
341 2228 409 2254 are
431 2213 530 2267 kept
558 2222 598 2253 at
617 2214 697 2253 this
716 2214 845 2268 place,
878 2215 921 2252 in
940 2228 963 2253 a
985 2221 1087 2253 state
1109 2213 1158 2252 of
1171 2216 1319 2268 repair,

92 2274 157 2315 sor
171 2276 241 2315 the
262 2290 333 2316 use
363 2275 411 2315 of
429 2276 498 2315 the
518 2289 726 2324 caravanS,
751 2275 886 2315 which
912 2275 1180 2330 occasionally
1201 2290 1323 2316 num-

91 2337 165 2378 ber
187 2337 294 2379 5000
320 2338 482 2377 camels.
505 2357 521 2372 »
543 2339 741 2377 szsmzx
763 2341 914 2391 Survey
936 2336 990 2388 of
1006 2337 1070 2376 the
1088 2337 1218 2377 rivers
1239 2342 1324 2379 Eu-

86 2399 259 2454 phrates
282 2399 367 2438 and
390 2398 527 2450 Tigris
543 2401 578 2448 I,
600 2414 642 2453 p.
667 2402 734 2447 46.
758 2400 867 2439 Η100
886 2412 1016 2451 usque
1035 2397 1087 2436 ad
1113 2413 1224 2438 mare
1241 2415 1325 2439 me-

88 2459 373 2500 diterraneum
416 2461 651 2515 Chesneyus
697 2476 740 2515 p.
780 2464 832 2514 47
866 2461 972 2500 linea
1013 2469 1123 2500 recta
1158 2470 1324 2515 exputat

98 2523 172 2562 133
188 2523 299 2563 milia
314 2522 418 2576 angl.
429 2553 439 2571 ,
455 2524 517 2562 sin
534 2523 641 2562 viam
656 2521 780 2563 hodie
794 2521 845 2562 ad
862 2536 907 2562 os
923 2523 1091 2563 Orontis
1105 2521 1323 2564 ducentem

88 2586 290 2638 sequaris,
313 2588 390 2634 140
403 2585 528 2625 milia.
552 2585 769 2637 Quadrant
784 2584 907 2626 verba
929 2586 1140 2630 Strabonis
1151 2600 1193 2640 p.
1212 2590 1291 2640 749
1312 2601 1321 2628 :

93 2647 250 2687 Στάδιοί
265 2647 357 2688 εἰσιν
375 2646 449 2688 ἀπὸ
466 2650 533 2688 τοῦ
557 2646 720 2688 ’lemos
736 2647 883 2689 κόλπου
902 2649 1014 2703 μέχρι
1025 2651 1092 2688 τοῦ
1109 2649 1326 2704 Ζεύγματος

94 2712 162 2749 τοῦ
183 2709 280 2749 κατὰ
299 2707 566 2764 Κομμαγηνὴν
584 2709 651 2755 οὐκ
669 2709 849 2757 ἐλάττους
862 2715 937 2753 τῶν
954 2710 1093 2764 χιλίων
1110 2710 1175 2751 καὶ
1190 2727 1325 2752 τεσσα-

93 2772 298 2826 ρακοσίων.
316 2771 432 2812 Idem
458 2772 598 2827 prodit
616 2773 771 2814 Plinius
789 2774 846 2824 V,
876 2774 923 2813 13
956 2774 1080 2826 (coll.
1104 2775 1180 2825 VI,
1207 2773 1287 2831 30)
1314 2788 1323 2816 :

94 2834 292 2875 Latitudo
324 2849 350 2874 a
373 2835 551 2876 Seleucia
570 2835 713 2876 Pieria
733 2835 793 2875 ad
821 2835 1031 2891 oppidum-
1055 2836 1097 2877 in
1115 2837 1328 2893 Euphrate

94 2900 275 2949 Zeugma
302 2897 376 2951 175
410 2897 514 2938 mill.
528 2912 648 2953 pass.
678 2900 715 2939 A
738 2898 956 2940 Samosatis
980 2899 996 2951 (
1022 2898 1065 2939 h.
1085 2899 1287 2940 Sumeisat
1309 2902 1326 2954 )

95 2960 148 3000 ad
176 2963 353 3014 Zeugma
379 2960 454 3014 175
475 2961 576 3001 mill.
605 2975 711 3016 pass.
743 2960 842 3013 (576
862 2960 986 3016 stad.)
1012 2969 1200 3016 exputat3
1224 2961 1329 3016 ejus-

96 3037 175 3076 que
206 3022 474 3076 longitudinis
496 3024 605 3063 viam
638 3023 650 3075 (
672 3027 752 3064 600
785 3023 869 3066 sere
897 3022 1158 3079 stadiorum)
1199 3038 1284 3065 esse
1305 3041 1328 3067 a

96 3085 297 3126 Sumeisat
315 3085 367 3126 ad
379 3085 455 3126 Bir
468 3099 616 3141 mappa
631 3086 897 3141 Chesneyana
915 3086 1223 3141 comprobatur.
1242 3089 1331 3128 Mo-

97 3147 339 3189 nenda-haec
364 3157 494 3197 erant,
525 3150 721 3203 quoniam
747 3158 841 3190 ante
865 3150 1064 3203 Chesneyi
1091 3164 1258 3204 operam
1277 3150 1329 3191 de

99 3223 195 3249 vero
209 3212 291 3250 situ
309 3211 494 3252 locorum
512 3226 660 3266 parum
680 3212 909 3263 constabat,
931 3212 1076 3253 Strabo
1094 3220 1231 3253 autem
1253 3213 1330 3255 alia

101 3271 288 3324 quaedam
308 3273 359 3313 de
394 3274 458 3313 his
493 3275 630 3314 minus
658 3275 851 3315 distincta
879 3283 920 3315 et
953 3282 1143 3318 accurata
1179 3274 1326 3326 habet,

96 3346 191 3386 ‹quae
212 3334 254 3372 in
281 3349 461 3375 errorem
480 3338 726 3377 recentiores
749 3337 1002 3392 geographos
1029 3351 1133 3392 saepe
1157 3337 1330 3378 induxe-

101 3403 214 3434 runt.
235 3396 342 3436 Vide
371 3397 422 3438 de
444 3398 507 3438 his
540 3400 745 3439 Ritterum
774 3401 829 3449 X,
855 3414 898 3454 p.
919 3402 997 3453 989
1018 3414 1108 3454 sqq.
1116 3431 1127 3451 ,
1147 3401 1218 3454 qui
1240 3402 1331 3441 Rei-

103 3456 245 3496 chardi
263 3460 437 3499 maxime
452 3462 823 3514 argumentationes
837 3461 1067 3502 salsissimas
1076 3461 1171 3516 jure
1185 3464 1334 3503 merito

103 3520 351 3572 perstringit.
385 3522 574 3562 Ceterum
608 3525 838 3576 Zeugmatis
861 3523 1004 3578 oppidi
1037 3533 1158 3578 atque
1196 3527 1333 3579 pontis

103 3581 303 3633 originem
325 3581 459 3622 sabula
470 3583 519 3623 ad
537 3585 742 3624 Bacchum
756 3585 896 3625 retulit
907 3599 987 3626 sec.
1002 3588 1176 3626 Pausan.
1194 3588 1249 3637 X,
1262 3601 1331 3641 29.

105 3643 183 3683 Alii
209 3643 427 3683 Alexandri
449 3647 506 3684 M.
537 3647 754 3686 transitum
774 3661 797 3687 a
817 3647 1031 3701 Thapsaco
1065 3649 1081 3700 (
1102 3662 1140 3688 v.
1165 3645 1330 3691 Arrian.

104 3707 180 3754 III,
201 3720 240 3758 7.
260 3706 424 3745 Curtius
439 3708 515 3756 IX,
543 3709 610 3761 37.
636 3708 780 3748 Strabo
795 3723 838 3763 p.
865 3712 944 3762 746
965 3711 980 3762 >
1004 3711 1047 3749 10
1069 3709 1181 3751 11000
1197 3712 1333 3752 locum

106 3767 376 3815 transferunt,
406 3776 449 3807 ut
473 3770 552 3809 Dio
575 3770 735 3809 Cassius
757 3772 849 3820 XL,
889 3785 954 3824 17,
979 3772 1206 3826 Stephanus
1234 3776 1331 3829 Byz.

104 3844 145 3869 v.
162 3830 336 3883 Ζεῦγμα,
359 3831 507 3870 Statius
526 3831 622 3871 Silv.
643 3833 720 3881 III,
749 3846 815 3882 11,
845 3834 938 3886 137,
964 3847 1038 3873 nec
1053 3848 1136 3874 non
1156 3835 1241 3889 ipse
1256 3837 1335 3877 Pli-

106 3892 198 3931 nius
210 3892 407 3942 XXXIV,
426 3893 493 3941 43.
514 3892 576 3933 Cf.
593 3895 749 3934 Lucan.
762 3895 882 3944 VIII,
902 3894 998 3945 235,
1012 3896 1082 3936 ubi
1099 3896 1150 3937 ab
1165 3897 1337 3939 Alexan-

106 3953 183 3993 dro
198 3953 342 3994 Pellaeo
369 3963 537 3995 vocatur
562 3958 743 4007 Zeugma
766 3956 971 3997 Pella’um.
993 3957 1172 3998 Ultimus
1191 3975 1333 4004 eorum

101 4017 175 4070 qui
192 4017 420 4071 Zeugmatis
437 4015 578 4074 oppidi
607 4018 899 4071 meminerunt,
929 4020 1153 4077 Procopius
1168 4037 1254 4064 esse
1275 4025 1334 4064 vi-

1397 592 1518 634 detur
1540 596 1603 634 De
1624 594 1733 635 aedif.
1757 597 1813 645 H,
1835 609 1859 647 9
1882 609 1925 649 p.
1951 595 2047 648 237,
2071 594 2145 635 ubi
2166 596 2420 638 Justinianus
2435 613 2626 642 corruen-

1395 662 1479 695 tem
1506 655 1644 696 locum
1665 655 1804 696 denuo
1832 657 2029 696 muniisse
2057 665 2200 698 contra
2227 659 2533 702 Sassanidarum
2562 665 2624 704 in-

1394 717 1603 757 cursiones
1642 716 1848 772 proditur.
1893 717 2089 772 Reliquiae
2131 719 2217 774 ejus
2256 736 2341 762 non
2389 735 2620 778 supersunt.

1396 781 1578 835 Longius
1597 795 1621 821 a
1638 781 1809 821 flumine
1830 781 1977 821 urbem
1993 780 2178 823 dissitam
2199 783 2319 825 fuisse
2338 786 2421 826 noli
2441 780 2621 840 credere,

1396 857 1647 898 quamquam
1666 844 1722 883 ita
1738 857 1803 883 res
1820 844 2005 898 pingitur
2028 845 2071 884 in
2091 845 2194 885 Tab.
2216 849 2542 902 Peutingeriana.
2568 854 2622 893 V.

1395 914 1483 947 not.
1506 921 1590 961 seq.
1624 906 1639 960 Η
1659 930 1715 936 -
1733 906 1913 960 Δαίαρα
1931 906 1945 959 ]
1963 908 2012 945 In
2034 906 2190 947 Tabula
2208 910 2394 963 Peuting.
2416 919 2455 951 et
2471 913 2622 967 Geogr.

1397 970 1497 1009 Rav.
1522 970 1578 1019 ΙΙ,
1609 969 1655 1008 13
1679 968 1792 1008 10005
1815 975 1986 1007 vocatur
2018 967 2158 1018 Thiar,
2184 984 2207 1010 a
2228 972 2446 1024 Zeugmata
2471 973 2625 1015 distans

1402 1043 1450 1070 12
1467 1030 1553 1071 mil.
1572 1031 1656 1071 sive
1669 1035 1721 1084 96
1740 1029 1870 1071 stadia
1882 1062 1892 1080 ,
1908 1043 2000 1089 quae
2017 1029 2268 1085 respondent
2282 1033 2458 1075 schoenis
2477 1038 2627 1078 nostris

1397 1093 1529 1132 tribus
1555 1093 1568 1148 (
1586 1108 1639 1147 90
1654 1093 1757 1134 stad.
1783 1093 1815 1148 ).
1841 1097 1897 1134 At
1919 1091 2019 1132 sa‘lso
2039 1092 2186 1134 tabulae
2207 1103 2350 1136 auctor
2372 1097 2427 1137 ita
2444 1112 2533 1139 rem
2555 1099 2626 1140 de-

1397 1154 1586 1206 lineavit,
1625 1156 1740 1209 quasi
1759 1155 1889 1196 Thiar
1919 1153 2122 1209 adjaceret
2146 1156 2292 1206 fluvio,
2331 1157 2511 1212 Zeugma
2531 1175 2627 1202 vero

1403 1230 1452 1256 12
1475 1218 1573 1258 hinc
1602 1218 1770 1258 milibus
1798 1217 1990 1257 dissitum
2011 1225 2129 1257 esset.
2152 1218 2329 1260 Aliunde
2350 1221 2402 1261 de
2426 1221 2516 1262 loco
2543 1238 2628 1264 non

1398 1287 1572 1320 constat.
1596 1280 1790 1320 Ceterum
1808 1281 1953 1320 Daeara
1982 1286 2023 1319 et
2047 1279 2336 1321 Anthemusias
2364 1291 2404 1322 et
2423 1284 2560 1324 Coraea
2586 1286 2628 1324 in

1398 1341 1463 1380 via
1484 1341 1570 1380 sitae
1593 1349 1724 1392 erant,
1755 1356 1847 1396 quae
1864 1341 1917 1382 ab
1944 1343 2127 1396 Apamea
2154 1342 2355 1382 orientem
2377 1357 2516 1384 versus
2535 1346 2630 1385 Car-

1397 1402 1491 1442 rhas
1511 1403 1708 1453 ducebat3
1732 1412 1824 1458 post
1838 1405 2024 1444 Coraeam
2043 1402 2194 1444 deinde
2210 1403 2269 1444 ad
2283 1404 2485 1453 dextram,
2509 1407 2552 1447 id
2570 1417 2631 1449 est

1398 1465 1614 1506 meridiem
1648 1474 1689 1505 et
1719 1467 1921 1507 orientem
1943 1480 2098 1516 versus,
2132 1466 2184 1506 ad
2206 1466 2441 1508 inferiorem
2459 1469 2630 1511 Bilechae

1397 1529 1513 1568 fluvii
1533 1541 1701 1569 cursum
1718 1529 1923 1583 periegeta
1940 1543 1983 1568 se
2012 1529 2228 1568 convertit.
2244 1530 2389 1569 Daeara
2404 1531 2538 1584 itaque
2555 1547 2630 1586 po-

1399 1591 1536 1631 nenda
1555 1591 1691 1633 forent
1707 1591 1780 1632 ubi
1791 1592 1979 1645 Chesney
1998 1598 2115 1630 notat
2133 1590 2254 1630 Khan
2282 1592 2413 1647 Tepeh
2428 1593 2564 1636 locum
2577 1596 2631 1635 ad

1399 1654 1574 1694 fluvium
1588 1654 1886 1708 Mankali.ss——
1898 1654 1962 1694 Χά
1974 1653 2054 1709 ραξ
2071 1653 2102 1692 Σ
2114 1653 2240 1708 ίδου]
2261 1654 2416 1708 Χάρακα
2446 1656 2551 1695 σίδου
2575 1661 2626 1707 A,

1397 1717 1659 1771 Χαρακοσίδου
1696 1719 1729 1757 Β
1746 1732 1756 1766 ;
1801 1716 2123 1772 Χαρακσπασίνουι
2159 1715 2371 1756 Fabricius
2409 1731 2475 1771 ap.
2512 1719 2630 1759 Hud-

1398 1792 1489 1818 son.
1507 1778 1659 1819 Confer
1677 1779 1918 1819 Salmasium
1936 1778 1980 1817 in
1997 1779 2144 1818 Exere.
2166 1777 2226 1818 Pl.
2245 1782 2287 1831 p.
2308 1778 2404 1831 347,
2421 1778 2488 1834 B);
2506 1780 2631 1834 Χάραξ

1398 1840 1606 1892 Σπασίνου,
1628 1840 1743 1896 quod
1775 1839 1890 1880 dedit
1909 1839 2108 1880 Millerus.
2127 1839 2329 1879 Novimus
2357 1839 2513 1894 Χάρακα
2532 1841 2631 1882 Σπα-

1399 1905 1504 1945 σίνου
1522 1906 1631 1945 51001
1647 1903 1811 1946 Persico
1830 1903 2031 1953 vicinam;
2055 1916 2130 1942 cur
2154 1901 2323 1942 alteram
2344 1900 2432 1956 ejus
2452 1905 2629 1946 nominis

1398 1967 1546 2008 urbem
1561 1968 1604 2008 in
1619 1968 1770 2008 nostris
1790 1965 1890 2007 locis
1908 1965 2128 2020 fingamuS‚
2149 1978 2313 2006 causam
2330 1963 2520 2007 idoneam
2541 1969 2630 2008 nul-

1398 2029 1479 2070 lam
1499 2029 1602 2070 vidit
1622 2029 1906 2070 Sainte-Croix
1921 2061 1931 2078 ,
1953 2030 2078 2070 Me‘m.
2100 2028 2149 2068 de
2170 2027 2319 2068 l’acad.
2348 2036 2379 2068 t.
2406 2030 2455 2078 L,
2477 2043 2518 2083 p.
2551 2043 2626 2082 92,

1398 2105 1476 2131 nec
1496 2106 1571 2145 ego
1604 2091 1751 2141 video;
1775 2099 1884 2131 certe
1910 2091 2042 2131 multo
2060 2090 2312 2145 probabilius
2339 2098 2399 2130 est
2423 2100 2632 2145 excerpto-

1397 2168 1487 2194 rem
1509 2155 1801 2203 accusativum,
1827 2168 1950 2207 quem
1975 2154 2019 2193 in
2036 2152 2198 2193 Isidoro
2226 2153 2436 2207 repererit,
2459 2167 2535 2207 pro
2555 2169 2628 2194 no-

1399 2216 1597 2255 minativo
1615 2215 1806 2255 extulisse
1826 2217 1841 2268 (
1861 2216 1965 2255 sicut
1985 2216 2148 2254 inverso
2181 2214 2327 2254 ordine
2353 2218 2374 2266 S
2391 2230 2414 2268 7
2445 2215 2573 2255 codex
2592 2220 2628 2256 A

1397 2275 1467 2327 τὴν
1492 2276 1618 2331 Χάραξ
1635 2277 1757 2317 habet
1784 2276 1816 2331 ),
1845 2290 1970 2330 quam
1995 2276 2186 2316 Σπασίνου
2212 2290 2364 2319 nomen
2386 2290 2436 2315 ex
2451 2291 2500 2315 κα
2524 2277 2628 2316 σίδου

1397 2338 1644 2379 eliciendum
1661 2353 1762 2388 esse,
1793 2338 1907 2377 nullo
1939 2337 2135 2377 suadente
2155 2337 2324 2376 indicio.
2350 2337 2628 2389 Quemadmo-

1398 2400 1500 2440 dum
1522 2401 1640 2440 aliam
1663 2400 1886 2440 Characem
1908 2400 1951 2438 in
1971 2399 2180 2452 Rhagiana
2192 2398 2345 2448 Media,
2371 2400 2507 2443 005010
2527 2415 2629 2454 quo-

1398 2477 1495 2503 nam
1518 2469 1790 2515 cognomento
1813 2461 2069 2509 distinctam,
2095 2460 2200 2500 infra
2222 2459 2451 2519 videbimus
2467 2493 2478 2511 ,
2507 2471 2628 2516 atque

1398 2526 1555 2580 Χάρακα
1569 2524 1798 2579 Μελεάγρου
1817 2524 1861 2563 10
1883 2522 2139 2577 Cyrrhestice
2154 2522 2300 2563 Strabo
2317 2537 2359 2577 p.
2379 2523 2457 2577 757
2475 2539 2628 2567 memo-

1399 2596 1484 2637 rat,
1513 2588 1570 2626 sic
1594 2595 1735 2627 nostra
1764 2586 1925 2626 Charax
1947 2599 1971 2625 a
1995 2583 2090 2625 Side
2103 2584 2240 2638 aliquo
2259 2585 2445 2642 principe
2477 2600 2632 2629 nomen>

1399 2648 1604 2688 habuerit.
1642 2647 1721 2687 Vel
1753 2645 1920 2700 Trajani
1965 2645 2223 2701 temporibus
2265 2660 2387 2687 suum
2415 2647 2502 2688 hacc
2531 2649 2624 2689 urb?

1399 2710 1653 2764 principem,
1685 2711 1935 2764 Sporacum,
1966 2708 2133 2758 habuit,
2169 2715 2271 2748 teste
2307 2708 2455 2748 Dione.
2493 2710 2608 2752 Minu

1399 2772 1612 2826 probabile
1630 2780 1691 2812 est
1705 2771 1861 2826 Χάρακα
1879 2771 1992 2810 Σίδου
2014 2770 2066 2810 ab
2081 2770 2288 2811 Antiocho
2306 2771 2389 2810 VII
2413 2771 2547 2812 Sidete
2568 2770 2610 2813 di

1402 2843 1511 2875 ctam
1535 2833 1684 2884 fuisse,
1723 2847 1815 2889 quae
1837 2832 2038 2873 sententia
2068 2841 2130 2872 est
2153 2832 2394 2873 Santicrucii
2421 2833 2449 2873 l.
2484 2834 2511 2874 l.
2543 2835 2557 2887 ΙΙ
2577 2859 2631 2867 —

1409 2895 1475 2938 Ἂν
1488 2897 1506 2938 θ
1518 2911 1534 2938 ε
1549 2911 1632 2952 μου
1646 2895 1729 2936 σιὰ
1741 2898 1787 2951 ς]
1813 2894 2076 2951 Ἀνθεμουσίας
2092 2896 2129 2935 A
2141 2925 2151 2944 ,
2182 2893 2426 2957 Ἀνθεμουσία
2440 2897 2472 2937 Β
2486 2911 2497 2945 ;
2519 2895 2631 2938 dein-

1403 2959 1455 3000 de
1492 2960 1671 3014 σχοίνους
1702 2958 1733 2999 ε’
1757 2961 1809 3000 Α.
1833 2961 1931 3000 Post
1955 2955 2220 3012 Ἀνθεμουσιὰς
2246 2956 2442 2997 excidisse
2472 2957 2632 2999 videtur

1403 3021 1620 3077 καλουμένη
1639 3020 1702 3060 vel
1719 3020 1850 3060 simile
1866 3019 2053 3060 verbum.
2075 3020 2137 3059 De
2159 3033 2204 3058 re
2219 3017 2272 3058 cf.
2292 3019 2459 3058 Tacitus
2478 3019 2626 3060 Annal.

1402 3085 1479 3134 VI,
1515 3086 1564 3133 41
1604 3096 1613 3123 :
1648 3082 1941 3138 Nicephorium
1976 3091 2016 3121 ec
2043 3079 2372 3122 Anthemusiada
2406 3089 2630 3136 ceterasque

1406 3147 1523 3187 urbes
1535 3161 1624 3201 quae
1642 3144 1936 3187 Macedonibus
1950 3143 2044 3184 Sitce
2055 3142 2393 3195 groecavocabula
2412 3153 2627 3198 usurpant.

1403 3210 1560 3250 Plinius
1577 3210 1632 3258 V,
1664 3210 1752 3260 215
1776 3208 1827 3248 86
1863 3219 1873 3246 :
1896 3205 2167 3247 Anthemusia
2189 3214 2228 3244 et
2246 3203 2536 3258 Nicephorium
2557 3219 2630 3260 op-

1402 3271 1522 3328 pida.
1546 3270 1611 3311 Id.
1634 3272 1710 3321 VI,
1733 3271 1786 3310 30
1808 3282 1817 3308 :
1840 3272 1893 3309 In
1914 3267 2210 3323 campestribus
2228 3265 2382 3321 oppida
2398 3266 2627 3322 Diospage,

1406 3333 1620 3389 Polytelia,
1642 3331 1882 3379 Stratonice,
1909 3328 2149 3370 Anthemus.
2179 3329 2318 3382 steph.
2342 3330 2436 3382 Byz.
2467 3340 2477 3367 :
2507 3326 2631 3369 Ἀνθε-

1406 3400 1512 3453 μοῦς,
1534 3396 1644 3443 πόλις
1662 3394 1795 3449 Συρίας
1818 3393 1831 3449 (
1854 3394 1883 3433 1.
1914 3407 1950 3432 0.
1976 3389 2319 3445 Μεσοποταμίας).
2348 3391 2539 3431 Occurrit
2555 3405 2631 3431 no-

1405 3474 1499 3501 men
1514 3460 1637 3500 etiam
1650 3458 1691 3497 in
1706 3456 1843 3497 numis
1858 3454 2101 3503 Domitiani,
2120 3451 2385 3506 Heliogabali,
2398 3453 2628 3493 Maximini.

1402 3522 1548 3564 Strabo
1577 3535 1619 3575 p.
1657 3519 1736 3574 748
1766 3518 1874 3558 inter
1900 3517 1977 3557 alia
2006 3515 2127 3556 habet
2161 3528 2171 3556 :
2203 3514 2228 3566 ἣ
2256 3514 2322 3570 μὲν
2355 3509 2422 3554 οὖν
2453 3512 2632 3562 ἀνάδασις

1405 3584 1607 3638 (διάὸασις
1633 3595 1714 3622 0111.
1747 3578 1898 3621 Grosk.
1918 3580 1934 3632 )
1960 3579 2028 3618 τοῦ
2044 3577 2241 3633 Εὐφράτου
2263 3575 2360 3628 κατὰ
2393 3574 2462 3627 τὴν
2487 3574 2634 3616 Ἀνθε-

1404 3645 1585 3702 μουσία
1599 3659 1618 3684 ν
1649 3642 1748 3684 ἐστὶν
1769 3640 1920 3691 αὐτοῖς,
1941 3656 1964 3681 τ
1977 3641 2066 3682 όπο
2079 3655 2098 3680 ν
2117 3642 2185 3692 τῆς
2202 3639 2521 3694 Μεσοποταμίας;
2541 3639 2631 3692 qui-

1403 3710 1481 3750 bus
1496 3705 1779 3763 parumliquet
1792 3719 1843 3745 an
1863 3702 2065 3758 oppidum
2079 3701 2216 3743 dicere
2231 3702 2326 3742 velit
2337 3716 2388 3742 an
2405 3701 2627 3754 regionem,

1403 3770 1455 3811 de
1474 3784 1554 3824 qua
1576 3770 1618 3808 in
1640 3766 2001 3808 antecedentibus:
2019 3765 2104 3820 περὶ
2122 3762 2190 3815 τὴν
2214 3762 2474 3817 Ἀνθεμουσίαν
2504 3760 2629 3814 Ἀδύρ-

1404 3849 1469 3889 ρας
1493 3831 1692 3888 (ποταμὸς
1714 3829 1831 3885 ῥεῖ’);
1864 3829 1946 3870 1100
1967 3829 2002 3869 51
2028 3842 2193 3878 verum,
2219 3825 2486 3868 Anthemusia
2518 3825 2630 3877 regio

1402 3896 1532 3952 patuit
1555 3894 1813 3947 longissime;
1849 3900 1891 3933 at
1918 3891 1971 3932 de
2002 3889 2297 3945 Mesopotamia
2315 3896 2397 3928 tam
2429 3885 2542 3926 exilis
2571 3895 2632 3927 est

1404 3956 1613 3999 Strabonis
1634 3955 1836 4008 cognitio,
1867 3962 1915 3994 ut
1945 3953 2068 3994 verba
2095 3951 2181 4005 ejus
2205 3962 2391 4004 premere
2410 3946 2528 3986 nolis.
2555 3947 2630 4015 Ce-

1405 4030 1535 4063 terum
1554 4017 1794 4060 Ptolemaeus
1810 4018 1866 4078 V,
1893 4030 1940 4070 17
1963 4030 2005 4071 p.
2029 4010 2107 4070 376
2130 4011 2290 4065 Wilbg.
2313 4009 2475 4051 nonnisi
2504 4023 2633 4061 regm-
