2808 4342
49 265 97 325 (s)
124 264 193 311 καὶ
210 263 302 310 τότε
324 262 374 318 δὴ
395 261 454 307 ἔτι
473 260 630 319 μᾶλλον
650 260 722 313 τῆς
742 257 936 320 ’στρατιῆς
956 255 1018 303 ὅτι
1035 276 1114 321 περ
1137 259 1204 304 ἐπὶ
1223 262 1281 322 τῷ

46 334 253 396 παράπλῳ
274 332 376 394 τῷδε
397 328 607 383 ἐτάσσετο,
627 326 697 371 καὶ
722 326 794 377 τὰς
810 327 1034 389 ὑπηρεσίας
1051 327 1151 373 ἵλεω
1171 327 1280 389 ἔχειν

46 403 119 459 τὴν
141 401 308 462 γνώμην
322 434 334 455 ,
350 398 412 443 ὅτι
435 395 485 451 δὴ
510 395 700 458 Νέαρχόν
722 413 769 455 γε
785 395 931 441 οὔποτε
952 395 1002 442 ἂν
1023 395 1282 459 Ἀλέξανδρος

45 471 257 534 προήκατο
284 468 324 518 ἐς
347 465 531 511 κίνδυνον
559 463 826 527 καταφανέα,
849 467 884 509 εἰ
911 464 969 523 μή
998 483 1068 526 σφι
1098 465 1282 520 σωθήσε-

0 567 2 576 ,
47 543 139 585 σθαι
162 537 348 597 ἔμελλον·
371 535 420 594 (9)
458 532 703 594 λαμπρότης
730 551 774 577 τε
794 532 928 588 πολλὴ
957 537 1008 593 τῇ
1036 537 1280 595 παρασκευῇ

46 609 223 653 ἐπεοῦσα
246 604 317 650 καὶ
343 603 496 663 κόσμος
522 605 602 647 τῶν
620 605 721 647 νεῶν
737 637 749 661 ,
777 601 847 647 καὶ
867 600 1043 647 σπουδαὶ
1061 605 1140 647 τῶν
1165 621 1280 664 τριη·

47 674 211 737 ράρχων
250 672 356 734 ἀμφὶ
390 671 463 723 τὰς
494 669 718 732 ὑπηρεσίας
751 688 795 715 τε
832 668 904 714 καὶ
937 669 989 714 τὰ
1017 669 1281 732 πληρώματα

47 742 268 805 ἐκπρεπέες
292 741 362 787 καὶ
394 739 485 791 τοὺς
507 738 641 794 πάντη
672 738 722 794 δὴ
757 738 890 784 πάλαι
927 738 1220 790 κατοκνέοντας
1244 741 1282 790 ἐς

48 811 190 874 ῥώμην
213 809 301 871 ἅμα
325 809 396 855 καὶ
416 807 584 860 ἐλπίδας
614 806 894 872 χρηστοτέρας
914 808 1016 870 ὑπὲρ
1038 812 1108 853 τοῦ
1129 808 1280 860 παντὸς

2 899 23 928 ο
46 882 164 945 ἔργου
184 879 391 942 ἐπηρκότα
421 873 481 935 ἦν·
505 879 580 939 (10)
613 878 765 923 πολλὸν
790 878 831 923 δὲ
863 878 911 934 δὴ
937 877 1282 925 συνεπιλαὸέσθαι

45 953 84 1003 ἐς
100 949 292 1009 εὐθυμίην
312 952 363 1011 τῇ
384 952 556 1009 στρατιῇ
581 947 627 992 τὸ
647 947 695 1002 δὴ
718 947 839 992 αὐτὸν
862 948 1120 1010 Ἀλέξανδρον
1149 951 1282 1009 ὁρμη-

49 1020 169 1066 θέντα
199 1018 306 1065 κατὰ
323 1023 392 1063 τοῦ
411 1018 541 1064 Ἰνδοῦ
565 1015 617 1062 τὰ
636 1017 823 1077 στόματα
843 1017 1054 1080 ἀμφότερα
1072 1019 1282 1063 ἐκπλῶσαι

46 1091 84 1141 ἐς
107 1088 174 1134 τὸν
198 1088 369 1147 πόντον,
407 1085 565 1150 σφάγιά
589 1105 632 1131 τε
657 1089 715 1148 τῷ
742 1088 970 1133 Ποσειδῶνι
1005 1089 1185 1147 ἐντεμεῖν
1212 1087 1282 1132 καὶ

46 1158 133 1204 ὅσοι
153 1158 271 1204 ἄλλοι
295 1156 376 1202 θεοὶ
402 1156 642 1212 θαλάσσιοι,
663 1155 735 1201 καὶ
753 1158 864 1217 δῶρα
889 1155 1208 1218 μεγαλοπρεπέα
1231 1160 1282 1217 τῇ

0 1238 22 1267 ¹5
47 1226 235 1286 θαλάσσῃ
267 1224 535 1288 χαρίσασθαι·
560 1225 629 1284 (11)
655 1228 705 1286 τῇ
727 1243 768 1269 τε
802 1224 907 1286 ἄλλῃ
935 1229 986 1287 τῇ
1022 1223 1282 1288 Ἀλεξάνδρου

46 1295 275 1358 παραλόγῳ
299 1293 466 1356 εὐτυχίῃ
491 1292 736 1345 πεποιθότας
772 1293 884 1338 οὐδὲν
909 1292 972 1339 ὅτι
996 1295 1041 1338 οὗ
1075 1294 1280 1354 τολμητόν

45 1384 89 1410 τε
121 1364 261 1427 ἐκείνῳ
284 1363 355 1409 καὶ
378 1362 520 1424 ἐρκτὸν
546 1361 798 1422 ἐξηγέεσθαι.

108 1435 232 1480 ΧΧῙ.
268 1431 344 1483 Ὡς
366 1430 407 1476 δὲ
430 1430 482 1475 τὰ
507 1429 651 1485 ἐτήσια
682 1430 900 1492 πνεύματα
934 1432 1156 1492 ἐκοιμήθη,
1183 1432 1208 1477 ἃ
1233 1432 1281 1488 δὴ

46 1506 115 1548 τοῦ
140 1501 271 1562 θέρεος
303 1499 378 1555 τὴν
412 1499 525 1562 ὥρην
556 1507 695 1544 πᾶσαν
721 1499 888 1562 κατέχει
912 1504 957 1547 ἐκ
993 1507 1063 1547 τοῦ
1086 1502 1284 1562 πελάγεος

0 1584 25 1614 ιο
47 1569 288 1617 ἐπιπνέοντα
313 1567 381 1614 ἐπὶ
403 1567 478 1623 τὴν
510 1571 585 1629 γῆν
599 1604 611 1627 ,
636 1568 707 1612 καὶ
738 1568 868 1628 ταύτῃ
891 1569 1044 1631 ἄπορον
1066 1570 1134 1615 τὸν
1157 1569 1283 1616 πλόον

47 1639 259 1695 ποιέοντα,
285 1637 375 1683 τότε
396 1636 662 1700 δὴῶρμηντο
679 1635 746 1681 ἐπὶ
771 1636 963 1698 ἄρχοντος
977 1637 1169 1693 Ἀθήνησι
1196 1642 1282 1693 Κη·

47 1708 300 1772 φισοδώρου,
340 1707 473 1752 εἷκάδι
511 1710 579 1751 τοῦ
610 1706 924 1767 Βοηδρομιῶνος
959 1705 1108 1760 μηνὸς,
1143 1706 1285 1751 κατότι

47 1880 128 1907 em.
153 1865 292 1906 Schm.
318 1877 355 1904 1.
376 1862 454 1904 ἐπὶ
479 1867 540 1918 τῷ
566 1863 828 1919 παράπλῳ]
856 1861 894 1903 ἐν
914 1867 969 1919 τῷ
985 1864 1175 1920 παράπλῳ
1188 1862 1238 1906 L'.
1269 1866 1284 1920 l}

46 1951 103 1959 —-·
120 1930 160 1976 4.
181 1926 212 1967 εἰ
230 1924 280 1982 μὴ
299 1928 359 1975 L;
383 1924 488 1966 εἶκαὶ
499 1924 550 1980 μὴ
571 1921 694 1966 BCD.
709 1926 725 1980 ll
745 1940 849 1980 -7.
865 1934 959 1967 ante
978 1926 1291 1968 Schmiederum

47 1989 247 2031 editiones
285 1987 585 2043 ἐκπληρώματα.
617 1988 632 2042 Η
655 2011 712 2018 -
734 1990 774 2029 8.
799 1987 864 2028 καὶ
885 1989 973 2036 τοὺς
1003 1989 1124 2030 πάλαι
1152 1987 1198 2040 δὴ
1222 2005 1291 2029 κα-

46 2066 153 2093 τοκν.
187 2054 234 2092 Β.
271 2051 362 2105 11-
383 2064 448 2091 11.
482 2049 761 2105 ὁρμηθέντα
785 2050 883 2091 κατὰ
905 2054 973 2092 τοῦ
999 2050 1123 2093 Ἰνδοῦ
1144 2052 1288 2107 κτλ.]

0 2137 1 2145 =
48 2115 194 2155 Fusius
217 2113 304 2154 haec
319 2121 542 2153 narrantur
560 2113 603 2152 in
622 2113 728 2167 Exp.
760 2114 837 2163 VI,
862 2127 928 2166 19.

104 2177 222 2225 XXI,
252 2176 315 2215 18.
339 2174 403 2221 ὡς
432 2173 487 2213 τὰ
511 2173 712 2224 ἐτήσια..
751 2173 993 2228 ἐκοιμήθη
1033 2174 1164 2228 κτλ.]
1191 2174 1219 2214 ἰ.
1251 2189 1288 2215 e.

48 2246 270 2294 postquam
302 2235 479 2276 desierat
500 2243 661 2285 ventus,
683 2250 807 2289 quem
846 2236 1023 2275 dicimus
1043 2235 1085 2275 la
1103 2249 1289 2276 mousson

52 2299 100 2340 de
115 2299 331 2342 sud-oues!
357 2297 371 2354 (
389 2298 430 2338 lu
446 2311 634 2338 mousson
661 2296 768 2337 d'e‘te‘
780 2300 813 2351 )‚
836 2296 952 2352 cujus
980 2298 1022 2337 in
1044 2297 1180 2337 Iocum
1201 2312 1292 2338 suc-

52 2362 163 2404 cedit
186 2361 228 2401 lu
258 2374 446 2400 mousson
475 2359 531 2400 du
549 2358 764 2414 nord-est(
790 2359 831 2399 lu
857 2373 1044 2399 mousson
1070 2359 1231 2400 d¹lziver
1256 2359 1287 2415 ).

52 2425 117 2466 Cf.
146 2426 252 2478 Exp.
271 2424 349 2473 VI,
376 2435 444 2472 21-,
470 2435 488 2462 1
512 2434 521 2462 ;
543 2419 590 2472 ἦν
607 2421 647 2462 δὲ
663 2421 701 2462 ἐν
724 2420 791 2475 μὲν
815 2426 871 2477 τῷ
892 2422 979 2462 τότε
1003 2421 1143 2476 ἄπορος
1166 2421 1189 2472 ἣ
1210 2423 1291 2476 ὥρα

52 2487 87 2535 ἐς
109 2486 176 2527 τὸν
212 2485 356 2526 πλοῦν·
390 2484 427 2524 οἱ
445 2483 519 2539 γὰρ
547 2482 692 2534 ἐτήσιοι
724 2483 861 2539 ἄνεμοι
882 2484 1082 2538 κατεῖχον,
1105 2483 1144 2523 οἳ
1170 2482 1215 2534 δὴ
1243 2486 1292 2538 τῇ

51 2551 134 2604 ὥρα
151 2547 292 2603 ἐκείνῃ,
318 2545 361 2586 οὔ
381 2546 550 2600 καθάπερ
579 2546 666 2599 παρ’
687 2544 784 2600 ἡμῖν
816 2544 882 2586 ἀπ’
905 2545 1043 2600 ἄρκτου
1057 2577 1069 2596 ,
1103 2544 1191 2584 ἀλλ’
1217 2545 1291 2586 ἀπὸ

50 2614 117 2663 τῆς
134 2609 306 2666 μεγάλης
325 2607 519 2659 θαλάσσης
547 2607 644 2648 κατὰ
670 2608 783 2648 νότον
803 2607 970 2662 μάλιστα
993 2607 1135 2663 ἄνεμον
1157 2607 1291 2648 ἵσταν-

39 2688 127 2722 ται.
160 2670 248 2713 Ἀπὸ
277 2669 318 2710 δὲ
345 2672 412 2710 τοῦ
445 2673 637 2724 χειμῶνος
666 2671 733 2721 τῆς
766 2668 888 2724 ἀρχῆς
918 2669 963 2709 τὸ
984 2668 1058 2710 ἀπὸ
1089 2669 1290 2710 Πλειάδων

51 2735 191 2781 δύσεως
218 2732 303 2773 ’έστε
324 2731 385 2773 ἐπὶ
406 2731 547 2787 τροπὰς
579 2732 620 2778 ἃς
646 2730 684 2772 ἐν
708 2736 875 2787 χειμῶνι
898 2731 919 2771 ὁ
942 2731 1050 2783 ἥλιος
1083 2730 1292 2787 ἐπιστρέφει

51 2797 203 2852 πλόϊμα
220 2794 321 2836 εἶναι
342 2794 462 2851 ταύτῃ
483 2793 740 2850 ἐξηγγέλλετο
754 2810 762 2818 ·
789 2794 877 2835 τότε
895 2793 970 2849 γὰρ
988 2793 1086 2835 κατὰ
1103 2797 1178 2849 γῆν
1199 2795 1293 2849 μᾶλ-

51 2860 138 2909 λον,
167 2858 231 2900 οἷα
250 2856 296 2909 δὴ
321 2858 461 2913 πολλῷ
491 2857 600 2898 ὕδατι
625 2857 661 2905 ἐξ
684 2857 845 2913 οὐρανοῦ
877 2857 1152 2913 βεὸρεγμένην,
1179 2856 1293 2912 αὔρας

0 2949 1 2978 γ
53 2922 233 2963 ἵστασθαι
259 2919 457 2975 μαλθακὰς
479 2920 544 2960 καὶ
571 2918 606 2968 ἐς
637 2920 702 2960 τὸν
723 2919 947 2975 παράπλουν
977 2921 1061 2967 ταῖς
1088 2935 1130 2961 τε
1150 2921 1293 2967 κώπαις

53 2985 118 3026 καὶ
144 2986 224 3031 τοῖς
255 2983 387 3030 ἱστίοις
409 2981 654 3037 ξυμμέτρους.
677 2982 871 3023 Pluribus
896 2991 1116 3023 ventorum
1138 2982 1292 3023 horum

52 3047 229 3087 rationes
248 3045 418 3100 exponit
434 3046 665 3086 Vincentus
683 3045 713 3086 l.
728 3045 756 3096 l,
776 3060 901 3100 quem
916 3059 1091 3099 sequens
1107 3044 1292 3085 Schmie-

54 3108 175 3149 derus
193 3109 249 3148 ita
262 3108 387 3148 habet
412 3120 422 3148 t
459 3124 474 3146 «
498 3109 576 3148 Sex
604 3122 764 3148 menses
789 3109 948 3148 aestivos
970 3108 1014 3147 in
1037 3109 1204 3148 Oceano
1224 3109 1293 3147 In-

55 3169 148 3211 dico
181 3172 287 3210 inter
318 3173 341 3211 J
344 3171 533 3211 avoniam
559 3171 690 3225 usquc
725 3170 779 3211 ad
814 3171 990 3211 insulam
1027 3169 1293 3223 Madagascar

56 3240 202 3273 ventus
220 3233 346 3286 spirat
360 3233 465 3272 sicut
486 3232 651 3273 Africus
666 3242 851 3274 veterum
873 3248 924 3274 ex
941 3233 1058 3288 plaga
1081 3233 1215 3273 media
1232 3235 1293 3273 in-

55 3302 119 3334 ter
152 3291 366 3333 meridiem
397 3302 437 3333 et
469 3309 680 3345 occasum;
703 3310 774 3335 sex
792 3295 990 3338 hibernos
1012 3297 1118 3336 sicut
1143 3295 1290 3336 boreas

55 3369 106 3395 ex
140 3353 255 3412 plaga
280 3354 416 3395 media
438 3356 545 3395 inter
577 3359 898 3411 septentrionem
926 3367 967 3399 et
990 3359 1206 3399 orientem.
1230 3358 1289 3398 Ab

54 3418 133 3458 hac
151 3416 216 3457 via
233 3414 406 3457 discedit
433 3417 650 3459 inm-dum*
669 3421 732 3460 vel
754 3429 895 3461 monte
921 3421 984 3461 vel
1002 3422 1291 3475 promontorio

58 3479 120 3519 vel
143 3479 234 3518 sinu
260 3486 439 3529 coactus,
460 3487 500 3519 et
523 3481 712 3534 proxime
734 3481 854 3522 litora
867 3481 1111 3536 plerumque
1130 3483 1261 3522 ventis
1275 3514 1286 3533 ‚

59 3542 129 3596 qui
155 3540 217 3580 vel
239 3554 262 3580 a
276 3548 385 3580 terra
403 3540 466 3581 vel
485 3555 509 3581 a
527 3543 632 3582 mari
653 3544 798 3596 quovis
816 3543 883 3583 die
898 3557 971 3598 per
993 3544 1100 3584 vices
1115 3545 1287 3598 spirant,

58 3604 235 3658 spatium
254 3601 463 3655 relinquit.
483 3604 698 3643 Brevitatis
719 3619 839 3644 causa
856 3604 973 3645 liceat
986 3605 1088 3645 mihi
1117 3606 1290 3646 alterum

59 3679 205 3706 vocare
241 3667 409 3703 Boream
439 3663 634 3714 indicum,
666 3666 840 3707 alterum
866 3666 1060 3720 Africum
1091 3667 1287 3709 indic-mn.

36 3730 208 3777 ,Boreas
230 3724 390 3765 indicus
413 3725 454 3765 in
481 3740 527 3767 ea
548 3728 714 3780 regione
743 3728 886 3783 incipit
907 3743 1004 3769 cum
1023 3729 1290 3771 fluctuatione

59 3789 195 3842 aliqua
213 3787 401 3836 Octobri,
425 3787 497 3828 sed
530 3788 673 3830 firmus
692 3789 739 3830 fit
752 3791 976 3832 Novembri
1004 3806 1078 3846 per
1094 3801 1291 3847 quattuor

59 3864 233 3890 menses.
265 3850 375 3890 Tum
400 3849 548 3890 iterum
570 3851 769 3892 fluctuare
799 3853 943 3907 incipit
965 3854 1130 3903 Martio,
1154 3863 1194 3895 et
1220 3855 1290 3896 fir-

59 3925 150 3951 mus
171 3911 215 3950 fit
245 3910 407 3951 Africus
429 3912 559 3966 Aprili
581 3912 642 3952 vel
669 3911 796 3967 Majo.
826 3914 977 3954 Praeter
992 3914 1111 3955 litora
1132 3916 1292 3958 Gadro-

62 3973 128 4013 siae
143 3987 240 4013 vero
258 3972 498 4026 Novembri,
521 3974 740 4016 Decembri
756 3983 794 4016 et
805 3978 829 4018 J
831 3977 1000 4018 anuario
1015 3979 1164 4019 Boreas
1182 3979 1291 4020 indi-

1051 159 1336 206 HISTORIA
1369 158 1595 204 INDICA.
2489 177 2573 216 333

1345 264 1438 305 dem
1464 267 1593 320 magis
1618 265 1704 320 jam
1723 267 1950 307 exercitum
1979 267 2051 321 qui
2080 266 2134 308 ad
2151 268 2258 309 hanc
2279 271 2577 324 navigationem

1346 340 1573 382 destinatus
1595 350 1696 392 erat,
1719 350 1759 382 et
1778 350 1922 382 nautas
1945 342 2089 396 quieto
2121 343 2259 384 animo
2290 343 2435 397 fuisse,
2467 349 2580 402 quod

1343 430 1585 470 persuasum
1604 417 1807 458 haberent
1822 416 2107 459 Alexandrum
2125 418 2238 459 nulla
2254 421 2413 461 ratione
2431 422 2482 462 acl
2498 439 2582 466 ma·

1344 491 1491 532 nisesta
1504 492 1688 547 pericula
1701 493 1936 534 Nearchum
1952 493 2192 544 missurum,
2210 495 2287 535 nisi
2306 496 2382 550 ipsi
2395 499 2583 540 servandi

1345 576 1494 608 essent.
1556 570 1620 622 (9)
1643 569 1814 610 Summa
1851 583 1948 609 vero
1978 578 2195 624 apparatus
2223 571 2524 625 magnificentia
2545 583 2586 615 et

1344 644 1514 684 navium
1535 651 1706 684 ornatus
1725 643 1942 699 studiaque
1961 645 2281 687 trierarchorum
2304 649 2463 701 egregia
2478 649 2586 690 circa

1345 719 1575 760 ministeria
1596 728 1636 760 et
1658 720 1791 760 socios
1804 720 1971 769 navales
2005 721 2067 762 vel
2088 736 2232 762 eorum
2262 723 2333 777 qui
2365 733 2483 765 antea
2499 738 2584 779 prae

1346 801 1463 834 metu
1483 807 1607 847 quam
1630 793 1810 834 maxime
1832 794 2011 834 cunctati
2042 803 2173 846 erant,
2190 796 2349 837 animos
2378 796 2431 837 ad
2456 797 2588 839 robur

1345 866 1644 921 melioremque
1691 879 1807 920 spem
1850 865 1903 906 de
1954 867 2068 907 omni
2119 877 2270 909 conatu
2322 869 2573 911 attollebant.

1346 937 1440 991 (10)
1476 937 1657 978 Multum
1686 945 1884 992 praeterea
1916 937 1968 978 de
1999 947 2114 978 metu
2146 940 2331 994 ipsorum
2362 940 2582 992 adimebat,

1346 1007 1462 1063 quod
1485 1007 1719 1049 Alexander
1741 1009 1827 1063 ipse
1860 1023 1934 1063 per
1962 1017 2136 1063 utraque
2161 1009 2255 1051 Indi
2275 1012 2377 1052 ostia
2397 1012 2440 1052 in
2473 1026 2586 1053 mare

1347 1081 1576 1134 navigasset
1598 1088 1637 1121 et
1666 1079 1779 1134 quod
1813 1081 2007 1135 Neptuno
2037 1082 2273 1136 caeterisque
2303 1081 2381 1122 diis
2415 1083 2587 1123 marinis

1345 1151 1501 1192 hostias
1545 1159 1772 1202 mactasset,
1817 1152 2049 1206 eximiaque
2094 1152 2208 1193 dona
2253 1155 2356 1194 mari
2386 1152 2582 1194 dedisset.

1351 1224 1442 1276 (11)
1476 1223 1620 1264 Cetera
1652 1236 1818 1278 quoque
1849 1231 1890 1263 et
1920 1220 2115 1264 'inusitata
2144 1223 2366 1266 Alexandri
2398 1224 2587 1265 felicitate

1346 1293 1489 1334 confisi
1509 1294 1612 1334 nihil
1633 1309 1718 1335 esse
1736 1293 1942 1347 dicebant,
1961 1293 2073 1349 quod
2095 1295 2151 1335 illi
2170 1310 2253 1335 non
2276 1296 2328 1336 sit
2343 1295 2583 1337 audendum

1346 1373 1391 1411 et,
1402 1365 1698 1420 perficiendum
1708 1398 1716 1407 .

1402 1439 1520 1479 XXI.
1551 1441 1647 1491 Quo
1668 1440 1795 1492 igitur
1815 1448 1999 1494 tempore
2021 1440 2154 1480 etesiae
2184 1440 2341 1494 spirare
2361 1438 2582 1488 desierant,

1351 1507 1423 1561 qui
1454 1506 1623 1561 quidem
1647 1522 1723 1562 per
1749 1508 1949 1561 integram
1972 1515 2151 1548 aestatem
2170 1522 2221 1548 ex
2239 1509 2344 1548 mari
2371 1509 2413 1548 in
2436 1516 2585 1548 terram

1354 1574 1497 1614 ssantes
1523 1575 1825 1628 navigationem
1847 1574 2096 1629 impediunt,
2121 1589 2244 1615 naves
2274 1576 2498 1626 solverunt,
2523 1590 2589 1616 ar-

1356 1641 1506 1682 chonte
1521 1634 1693 1683 Athenis
1704 1642 1987 1697 Cephisodoro
1999 1673 2010 1692 ,
2029 1643 2221 1683 vicesimo
2237 1642 2305 1684 die
2319 1643 2588 1683 Boedromio-

1357 1709 1442 1753 nis.
1468 1709 1820 1761 quemadmodum
1843 1710 2112 1751 Athenienses
2136 1719 2390 1765 computant,
2419 1719 2466 1751 ut
2493 1724 2590 1751 vero

1355 1881 1425 1906 cus
1442 1868 1568 1922 spirat
1585 1867 1758 1908 firmiter
1775 1867 1826 1908 ab
1843 1868 2000 1908 oriente
2012 1874 2203 1909 occasum
2214 1883 2369 1914 versus.
2382 1871 2430 1908 In
2447 1869 2593 1911 eodem

1356 1929 1499 1979 litore,
1528 1929 1599 1970 sed
1633 1931 1803 1984 propius
1826 1938 2004 1980 terram,
2042 1931 2148 1971 inter
2180 1930 2305 1971 finem
2341 1931 2532 1972 Octobris
2553 1941 2594 1972 et

1360 1990 1545 2032 medium
1583 1992 1862 2033 Novembrem
1899 1993 2102 2047 incipiunt
2130 1994 2240 2034 venti
2276 2007 2351 2048 per
2385 1994 2491 2034 vices
2531 1994 2594 2034 vel

1357 2068 1379 2093 a
1398 2062 1507 2094 terra
1526 2055 1588 2094 vel
1617 2070 1641 2095 a
1669 2055 1772 2095 mari
1798 2054 1983 2109 quotidie
2005 2056 2227 2110 spirantes,
2245 2064 2284 2096 et
2299 2056 2594 2096 continuantur

1354 2130 1429 2170 per
1464 2125 1660 2170 quattuor
1697 2131 1870 2157 menses.
1904 2118 2066 2157 Ventus
2092 2132 2116 2158 a
2134 2118 2238 2157 mari
2267 2117 2336 2157 flat
2369 2132 2393 2157 a
2422 2118 2593 2158 meridie

1355 2191 1486 2230 usque
1501 2177 1554 2216 ad
1571 2177 1749 2217 mediam
1765 2185 1928 2216 noctem
1941 2192 1952 2226 ;
1969 2186 2114 2218 ventus
2127 2192 2150 2218 a
2164 2186 2273 2218 terra
2287 2193 2310 2218 a
2325 2177 2461 2218 media
2471 2188 2592 2219 nocte

1356 2252 1488 2292 usque
1524 2237 1577 2278 ad
1610 2237 1847 2287 meridiem,
1877 2246 2117 2292 tempestate
2153 2238 2396 2293 plerumque
2431 2253 2588 2280 serena.

1355 2301 1506 2340 Omnia
1553 2300 1639 2340 haec
1683 2300 1975 2354 conspirabant
2016 2299 2069 2340 ad
2119 2300 2291 2340 faustam
2337 2300 2590 2341 reddendam

1354 2362 1529 2402 Nearchi
1555 2363 1872 2414 navigationem.
1906 2365 2049 2413 Quum
2081 2362 2191 2401 enim
2211 2360 2380 2402 Octobri
2400 2362 2590 2414 navigare

1355 2424 1585 2478 incepisset,
1617 2432 1710 2478 post
1729 2424 2028 2477 navigationem
2058 2437 2285 2478 paucorum
2307 2422 2469 2463 dierum
2491 2438 2587 2464 coa-

1355 2495 1443 2526 ctus
1463 2486 1540 2526 fuit
1568 2501 1697 2541 prope
1732 2487 2068 2540 promontorium
2092 2487 2208 2526 Irum
2230 2485 2373 2539 viginti
2396 2493 2591 2539 quattuor

1355 2547 1441 2588 dies
1462 2562 1644 2598 manere,
1663 2547 1796 2588 donec
1813 2549 1962 2588 Boreas
1979 2547 2140 2587 indicus
2158 2547 2318 2587 firmior
2331 2546 2588 2589 redderetur.

1353 2611 1473 2651 Tunc
1492 2625 1589 2650 vero
1609 2610 1652 2649 in
1672 2610 1752 2650 alto
1770 2608 1889 2663 juxta
1911 2610 2047 2659 litora,
2079 2609 2253 2650 firmiter
2274 2608 2326 2649 ab
2348 2609 2504 2649 oriente
2520 2624 2589 2649 oc-

1355 2687 1493 2713 casum
1510 2686 1651 2713 versus
1670 2673 1848 2727 spirante
1870 2671 1997 2713 borea
2014 2671 2177 2722 Indico,
2199 2671 2388 2724 navigare
2401 2678 2566 2725 poterat
2577 2702 2588 2721 ‚

1355 2745 1395 2775 et
1413 2737 1446 2776 si
1471 2735 1524 2776 ad
1558 2743 1709 2775 terram
1742 2734 1976 2790 appelleret,
2002 2742 2148 2775 ventus
2171 2747 2195 2774 a
2219 2741 2328 2773 terra
2350 2730 2535 2786 quotidie
2553 2733 2589 2772 ei

1355 2799 1442 2838 sinc
1477 2798 1661 2853 periculo
1690 2797 1798 2837 viam
1817 2797 2024 2852 aperiebat
2049 2797 2092 2837 in
2118 2796 2260 2844 altum,
2300 2802 2342 2835 et
2375 2802 2591 2849 tempestas

1356 2868 1611 2901 eratserena.
1633 2880 1650 2895 n
1684 2859 1779 2913 11—-
1795 2872 1863 2899 21.
1885 2859 2228 2914 Κηφισοδώρου
2247 2856 2335 2899 κτλ.
2356 2857 2371 2911 ]
2397 2857 2592 2911 Cephiso-

1356 2922 1506 2963 dorum
1528 2922 1721 2962 novimus
1744 2920 1984 2961 archontem
2013 2920 2080 2961 Ol.
2117 2922 2210 2970 114,
2236 2932 2276 2960 2.
2303 2924 2360 2974 3³,-
2383 2933 2421 2959 a.
2446 2919 2494 2959 C.
2511 2920 2594 2959 Ve-

1355 2998 1449 3024 rum
1467 2998 1596 3039 quum
1614 2983 1666 3024 ad
1683 2983 1797 3024 hunc
1818 2998 1974 3023 annum
2003 2997 2068 3023 res
2083 2982 2226 3023 referri
2245 2989 2434 3035 nequeat,
2452 2988 2522 3020 aut
2539 2980 2591 3021 de

1355 3046 1524 3086 nomine
1540 3046 1748 3086 archontis
1765 3046 1915 3086 erravit
1928 3045 2142 3094 Arrianus,
2161 3052 2231 3084 aut
2242 3043 2293 3083 de
2309 3041 2589 3097 Cephisodoro

1357 3107 1539 3163 quodam
1573 3109 1770 3149 archonte
1792 3107 1964 3147 suffecto
1987 3104 2250 3159 cogitandum
2282 3112 2356 3144 est.
2380 3105 2589 3144 Pertinere

1355 3186 1443 3211 rem
1463 3171 1515 3211 ad
1535 3186 1691 3214 annum
1711 3168 1788 3211 325
1808 3184 1846 3210 a.
1867 3170 1914 3217 C,
1937 3168 2003 3209 Ol.
2034 3168 2125 3217 113,
2152 3170 2192 3215 4,
2224 3165 2395 3207 Anticlis
2412 3165 2586 3205 archon-

1357 3235 1423 3283 tis,
1438 3248 1487 3274 ex
1502 3234 1658 3288 reliqua
1673 3246 1812 3273 rerum
1829 3229 2050 3272 Alexandri
2070 3227 2332 3280 chronologia
2346 3241 2458 3267 nunc
2474 3240 2587 3266 com-

1358 3304 1503 3351 putare
1533 3295 1661 3336 solent
1687 3296 1764 3348 (v.
1795 3294 1975 3334 Clinton.
2004 3294 2051 3333 F.
2076 3291 2182 3332 Hell.
2220 3298 2322 3331 tom.
2343 3291 2405 3338 II,
2436 3302 2479 3343 p.
2509 3292 2586 3342 174

1361 3367 1401 3399 et
1418 3358 1494 3399 563
1516 3357 1613 3398 edit.
1628 3365 1721 3397 tert.
1735 3355 1765 3411 ).
1785 3356 1975 3396 Arrianus
1989 3368 2076 3395 rem
2091 3353 2143 3394 ad
2160 3367 2314 3394 annum
2331 3352 2409 3393 326
2425 3351 2583 3402 retulit;

1361 3435 1456 3461 nam
1478 3418 1710 3460 undecimus
1727 3418 1832 3471 regis
1861 3431 1992 3458 annus
2013 3416 2164 3457 labitur
2185 3413 2282 3455 inde
2301 3414 2352 3454 ab
2370 3415 2587 3454 Hecatom-

1361 3483 1504 3523 baeone
1522 3496 1661 3522 mense
1692 3481 1787 3521 anni
1809 3480 1905 3530 326,
1923 3479 1990 3520 Ol.
2021 3479 2114 3528 113,
2137 3479 2159 3519 3
2189 3478 2304 3532 (quo
2322 3476 2478 3517 archon
2503 3484 2590 3516 erat

1361 3546 1556 3587 Chremes
1580 3543 1616 3598 )‚
1649 3542 1751 3583 adeo
1780 3550 1826 3582 ut
1851 3540 1973 3596 hujus
2009 3541 2107 3582 anni
2129 3548 2353 3581 auctumno
2377 3538 2589 3579 Nearchus

1361 3609 1539 3648 solverit.
1566 3604 1749 3646 Eandem
1778 3603 2086 3658 chronologiam
2111 3610 2298 3643 secutum
2319 3615 2404 3641 esse
2433 3599 2589 3640 Diodo-

1360 3685 1454 3711 rum
1473 3671 1488 3723 (
1511 3670 1646 3716 XVII,
1673 3681 1749 3708 110
1769 3681 1830 3720 sq.
1847 3668 1862 3720 )
1879 3666 1975 3707 inde
1992 3665 2170 3707 efficitur
2188 3663 2300 3719 quod
2326 3663 2475 3704 bellum
2495 3677 2588 3702 con-

1360 3740 1423 3772 tra
1441 3733 1619 3772 Cossaeos
1634 3729 1768 3768 hieme
1797 3729 1962 3784 Olymp.
1991 3728 2086 3778 113,
2122 3730 2163 3778 4,
2190 3727 2384 3767 archonte
2403 3724 2583 3772 Anticle,

1360 3801 1519 3847 gestum
1537 3806 1636 3839 esse,
1661 3799 1783 3844 atque
1805 3804 1899 3830 vere
1921 3789 2103 3845 ejusdem
2126 3790 2222 3829 anni
2248 3785 2525 3829 Alexandrum
2542 3785 2583 3843 in

1360 3855 1608 3909 Babylonem
1628 3853 1798 3893 intrasse
1812 3860 1964 3893 narrat.
1988 3853 2004 3906 ll
2036 3876 2091 3882 —
2110 3863 2178 3891 22.
2206 3849 2363 3890 εἰκάδι
2392 3862 2427 3887 τ.
2462 3847 2584 3897 Bor)-

1361 3918 1655 3973 δρομιῶνος]
1682 3916 1710 3956 i.
1735 3930 1772 3956 e.
1796 3930 1877 3956 sec.
1899 3915 2063 3956 Arriani
2093 3920 2330 3966 computum
2355 3909 2421 3949 die
2440 3922 2584 3948 secun-

1348 3980 1416 4025 ,do
1440 3978 1630 4022 Octobris
1646 3992 1712 4019 an.
1739 3978 1818 4019 326
1842 3978 1925 4018 sive
1951 3977 2114 4032 Olymp.
2141 3974 2232 4023 113,
2271 3973 2293 4013 3
2320 3971 2334 4028 (
2359 3971 2427 4026 qui
2453 3983 2584 4011 annus
