2782 4348
138 199 224 239 ,70
1098 177 1178 224 nx
1215 171 1695 222 sentinemus
2513 170 2668 231 (ομιτ.)

11 307 124 346 Pbot.
134 311 226 340 τον·
249 293 296 340 ὃν
326 286 667 352 παραπλεύσαντι
696 288 819 341 νῆσος
842 282 1044 335 ἔκκειται,
1067 283 1121 341 τῇ
1154 276 1230 338 μὲν
1257 276 1367 324 θέσει

133 361 336 422 πελαγία,
358 363 489 420 μῆκος
512 363 528 414 [
554 358 589 403 δ’
609 356 627 418 ]
647 354 799 416 ἔχουσα
820 349 997 395 σταδίων
1015 350 1071 399 ὡς
1088 345 1338 407 ὀγδοήκοντα
1351 381 1365 403 ‚

133 433 184 488 ἢν
203 433 398 479 καλοῦσιν
417 425 619 490 ’oausam
634 421 830 484 πρότερον
845 417 920 476 μὶν
935 415 1147 479 γέμουσαν
1161 415 1367 462 παντοίων

135 503 337 564 ἑρπετῶν,
355 498 417 560 ἐφ’
432 497 551 555 ἡμῶν
574 494 616 538 δὲ
638 488 852 549 ἐλευθέραν
866 485 1038 535 τούτων.
1109 485 1184 533 Ἐν
1206 484 1251 532 δὲ
1268 486 1367 532 *tati-

98 589 118 617 s
134 590 185 627 τη
204 570 359 631 γίνεται
375 569 426 620 τῆ
446 563 578 624 νήσῳ,
598 557 722 623 φησί,
739 554 873 602 καὶτὸ
888 553 1141 616 καλούμενον
1156 553 1366 608 τοπάζιον.

134 623 257 687 ’ἐστι
284 636 327 682 δὲ
347 618 466 680 τούτο
482 631 592 682 λίθος
618 624 953 690 διαφαινόμενος,
989 623 1105 688 ὑάλῳ
1125 642 1366 688 ”meg-tvt-

135 708 231 770 ρῆς,
256 706 394 762 ἡδεῖαν
417 700 617 761 ἔγχρυσον
641 693 813 758 Θεωρίαν
829 693 1059 747 ἀποδιδούς.
1122 696 1282 743 Τοῦτον
1300 693 1370 740 τὸν

134 777 243 823 λίθον
273 775 308 820 oi
330 770 402 827 τὴν
429 773 555 824 νῆσον
587 767 791 817 οἰκοῦντες
823 763 897 811 καὶ
924 762 999 821 τὴν
1019 763 1131 811 λίθον
1163 765 1369 827 βασιλικῷ

8 912 118 952 Diod.
134 924 250 967 μενος
268 902 540 965 Ἀκάθαρτος,
558 898 631 946 καὶ
656 898 757 962 πρὸς
779 899 894 959 αὐτῷ
912 897 1058 959 βαθεῖα
1079 895 1172 942 καθ’
1194 896 1370 959 ὓπερὸο·

71 992 110 1021 10
131 976 208 1031 λὴν
226 972 489 1036 γερρόνησος,
505 963 556 1026 ἧς
577 967 688 1015 κατὰ
718 968 787 1014 τὸν
812 967 967 1030 αὐχένα
998 964 1140 1012 στενὸν
1165 964 1262 1012 ὄντα
1281 966 1370 1011 δια·

132 1028 347 1105 κομίζουσι
378 1041 431 1087 τὰ
465 1038 604 1102 σκάφη
628 1037 732 1101 πρὸς
770 1035 847 1094 τὴν
888 1035 1110 1098 ἀντιπέραν
1140 1034 1366 1084 θάλατταν.

134 1109 496 1176 Παρακομισθέντι
528 1111 571 1155 δὲ
595 1107 687 1160 τοὺς
711 1107 859 1160 τόπους
898 1106 1063 1158 τούτους
1094 1111 1226 1151 κεῖται
1251 1109 1372 1161 ν’ἧσος

134 1182 314 1244 πελαγία
333 1181 408 1244 μὲν
424 1183 483 1244 τῷ
500 1179 768 1239 διαστήματι,
783 1178 831 1224 τὸ
848 1177 890 1223 δὲ
905 1180 1035 1238 μῆκος
1053 1177 1108 1228 εἷς
1120 1173 1371 1237 ὀγδοήκοντα

134 1253 323 1304 σταδίους
345 1250 690 1314 παρεκτείνουσα,
709 1247 945 1308 καλουμένη
966 1246 1007 1293 δὲ
1030 1244 1302 1309 Ὀφιώδης,ἣ
1326 1245 1371 1291 τὸ

74 1337 112 1368 15
134 1321 208 1383 μὲν
230 1319 408 1367 παλαιὸν
433 1323 595 1381 ὓπῆρχε
618 1320 782 1379 πλήρης
799 1317 1077 1363 παντοδαπῶν
1094 1315 1165 1361 καὶ
1188 1314 1371 1379 φοὸερῶν

133 1393 339 1456 ἑρπετῶν,
374 1388 443 1454 ἀφ’
467 1382 523 1435 ὧν
554 1387 626 1434 καὶ
649 1386 800 1442 ταύτης
825 1387 944 1448 ἔτυχε
971 1389 1044 1441 τῆς
1066 1384 1368 1447 προσηγορίας,

135 1457 178 1502 ἰν
199 1454 241 1501 δὲ
264 1459 348 1506 τοῖς
382 1449 740 1513 μεταγενεστέροις
770 1449 931 1512 χρόνοις
961 1449 1039 1494 ὕπὸ
1060 1451 1142 1494 τῶν
1165 1448 1273 1493 κατὰ
1296 1446 1371 1502 τὴν

138 1523 443 1585 Ἀλεξάνδρειαν
470 1519 673 1584 βασιλέων
708 1518 836 1571 οὕτως
866 1517 1103 1581 ἐξημερώθη
1127 1518 1372 1579 φιλοτίμως,

138 1593 246 1640 ὥστε
285 1591 414 1654 μηδὲν
445 1590 509 1637 ἔτι
530 1589 624 1636 κατ’
642 1588 770 1645 αὐτὴν
790 1591 962 1649 δρᾶσθαι
985 1589 1066 1632 τῶν
1088 1585 1375 1650 προϋπαρξάν-

73 1674 116 1704 ²⁰
136 1682 218 1710 των
237 1660 369 1726 ζῴων.
438 1660 502 1708 Οὔ
522 1655 828 1721 παραλειπτέον
848 1657 884 1702 δ’
900 1659 1002 1715 ἡμῖν
1020 1657 1111 1701 οὐδὲ
1139 1654 1213 1711 τὴν
1237 1655 1372 1701 αἰτίαν

140 1735 211 1788 τῆς
229 1730 323 1794 περὶ
345 1728 419 1786 τὴν
442 1728 658 1793 ἡμέρωσιν
693 1726 947 1791 φιλοτιμίας·
969 1725 1203 1787 εὑρίσκεται
1232 1725 1311 1787 γὰρ
1331 1727 1372 1770 ἐν

139 1805 192 1863 τῇ
222 1800 336 1862 νήσῳ
358 1798 489 1861 ταύτῃ
511 1797 559 1843 τὸ
599 1796 856 1855 καλούμενον
896 1797 1106 1855 τοπάζιον,
1149 1791 1250 1855 ὅπερ
1286 1794 1373 1839 ἐστὶ

136 1871 245 1922 λίθος
264 1868 575 1932 διαφαινόμενος
596 1863 843 1928 ἐπιτερπὴς,
880 1865 995 1927 ὑάλῳ
1017 1861 1284 1926 παρεμφερὴς
1303 1864 1374 1908 καὶ

137 1937 381 1999 θαυμαστὴν
406 1937 606 1999 ἔγχρυσον
631 1934 832 2003 πρόσοψιν
856 1933 1151 1997 παρεχόμενος.
1221 1933 1374 1993 Διόπερ

74 2022 116 2054 28
138 2007 383 2060 ἀνεπίὸατος
405 2010 488 2058 τοῖς
509 2006 648 2057 ἄλλοις
665 2011 879 2065 τηρεῖται,
901 2002 1203 2064 θανατουμένου
1224 2002 1375 2055 παντὸς

135 2082 208 2124 τοῦ
231 2076 595 2140 προσπλεύσαντος
611 2074 692 2119 ὑπὸ
709 2076 791 2119 τῶν
812 2072 1130 2132 κατεσταμένων
1148 2074 1219 2117 ὑπ’
1240 2074 1374 2117 αὐτῶν

137 2147 351 2211 φυλάκων.
425 2138 557 2193 Οὗτοι
590 2141 633 2189 δὲ
668 2142 737 2189 τὸν
772 2141 943 2203 ἀριθμὸν
966 2141 1079 2193 ὄντες
1100 2141 1244 2202 ὀλίγοι,
1290 2141 1376 2203 βίον

137 2216 302 2279 ἔχουσιν
323 2217 475 2277 ἀτυχῆ.
541 2209 637 2260 Ἵνα
659 2211 733 2272 μὲν
753 2211 835 2274 γὰρ
859 2211 1000 2271 μηδεὶς
1014 2211 1121 2263 λίθος
1140 2211 1374 2273 διακλαπῇ,

136 2288 278 2332 πλοῖον
299 2286 373 2331 οὐκ
401 2283 671 2330 ἀπολείπεται
700 2281 747 2326 τὸ
770 2280 968 2343 παράπαν
989 2283 1029 2327 ἐν
1049 2284 1101 2343 τῇ
1120 2280 1257 2344 νήσῳ·
1275 2282 1312 2326 οἳ
1334 2279 1373 2326 δὲ

74 2368 116 2401 ao
138 2352 447 2417 παραπλέοντες
478 2350 608 2407 αὗτὴν
632 2349 700 2396 διὰ
731 2350 801 2396 τὸν
826 2349 908 2396 ἀπὸ
933 2354 1004 2396 τοῦ
1027 2349 1230 2412 βασιλέως
1252 2349 1376 2414 odem·

138 2424 346 2487 πόρρωθεν
368 2420 649 2485 παραθέουσι·
672 2419 822 2483 τροφαὶ
845 2418 888 2465 δὲ
918 2421 962 2465 αἱ
989 2418 1063 2480 μὲν
1092 2420 1376 2484 παρακομιζό-

140 2512 260 2554 μεναι
279 2493 438 2554 ταχέως
462 2490 741 2551 ἐκλείπουσιν,
764 2489 902 2552 ἕτεραι
923 2490 958 2535 δ’
983 2488 1177 2551 ἐγχώριοι
1199 2489 1246 2536 τὸ
1265 2489 1377 2536 σύνο-

138 2565 207 2609 λον
242 2565 319 2624 οὐχ
353 2562 603 2623 ὑπάρχουσι.
672 2559 824 2622 Διόπερ
849 2560 945 2605 ὅταν
969 2562 1050 2605 τῶν
1081 2559 1222 2605 σιτίων
1256 2561 1374 2622 ὀλίγα

139 2631 472 2689 καταλείπηται,
506 2630 708 2686 κάθηνται
745 2630 895 2682 πάντες
932 2628 1101 2675 οἱκατὰ
1122 2629 1198 2686 τὴν
1230 2630 1376 2690 κώμην

76 2715 118 2747 8⁶
141 2701 465 2763 προσδεχόμενοι
498 2699 566 2744 τὸν
594 2702 674 2745 τῶν
700 2698 950 2759 κομιζόντων
969 2698 1042 2751 τὰς
1073 2697 1225 2763 τροφὰς
1243 2699 1373 2745 κατά-

141 2771 273 2817 πλουν
288 2789 298 2799 ·
329 2762 385 2815 ὧν
407 2768 704 2831 βραδυνόντων,
728 2770 784 2820 εἰς
805 2767 879 2820 τὰς
901 2767 1081 2830 ἐσχάτας
1103 2767 1272 2820 ἐλπίδας
1295 2787 1344 2814 συ
1358 2796 1376 2804 -

141 2838 394 2885 στέλλονται.
461 2837 515 2884 ‘O
526 2837 567 2883 δὲ
586 2836 880 2899 προειρημένος
894 2837 1003 2889 λίθος
1018 2837 1216 2900 φυόμενος
1236 2840 1276 2883 ἐν
1288 2844 1378 2889 ταῖς

139 2909 311 2973 πέτραις
346 2907 420 2965 τὴν
459 2907 533 2968 μὲν
567 2908 728 2970 ἡμέραν
761 2906 828 2953 διὰ
850 2907 895 2952 τὸ
928 2914 1068 2969 πνῖγος
1101 2910 1178 2970 οὐχ
1206 2911 1375 2968 ὁρᾶται,

142 2978 418 3042 κρατούμενος
442 2977 521 3023 ὑπὸ
551 2981 621 3023 τοῦ
642 2977 737 3041 περὶ
773 2976 843 3023 τὸν
863 2976 978 3033 ἥλιον
1010 2976 1206 3040 φέγγους,
1242 2980 1314 3032 τῆς
1336 2977 1377 3022 δὲ

77 3064 122 3097 ιο
140 3047 285 3102 νυκτὸς
302 3047 587 3111 ἐπιγινομένης
604 3048 646 3093 ἐν
664 3046 801 3093 σκότει
823 3046 1052 3108 διαλάμπει
1079 3046 1150 3092 καὶ
1171 3046 1377 3109 πόρρωθεν

146 3223 237 3264 fixis
258 3221 437 3279 scopulis
455 3220 732 3279 periculosum
747 3252 760 3273 ,
777 3220 891 3277 quod
912 3229 1048 3263 nautae
1068 3222 1293 3263 Berenicen
1313 3236 1383 3277 pe·

146 3292 276 3327 tentes
293 3282 480 3340 trajicere
497 3296 622 3340 quam
641 3282 992 3337 circumnavigare
1005 3314 1016 3333 ,
1044 3290 1282 3339 tempestate
1307 3284 1384 3325 mi-

147 3361 224 3388 nus
263 3347 502 3403 tranquilla,
554 3347 683 3388 tutius
718 3345 969 3403 putaverint.
1002 3343 1222 3402 Templum
1258 3346 1301 3387 in
1335 3361 1385 3387 eo

147 3411 434 3465 promontorio
446 3408 548 3451 vidit
567 3411 712 3451 Castro
729 3407 743 3466 (
760 3408 879 3451 Hise.
894 3409 987 3461 adn.
1002 3407 1073 3450 des
1087 3422 1274 3464 voyagrs,
1297 3416 1328 3450 t.
1347 3410 1383 3460 1,

148 3485 191 3528 p.
217 3473 295 3514 205
315 3473 346 3528 ).
371 3471 575 3514 Wellsted
595 3472 681 3528 (11,
706 3486 749 3528 p.
774 3472 854 3514 308
872 3472 886 3529 )
903 3470 958 3513 ibi
976 3471 1190 3528 conspexit
1210 3491 1228 3507 ι
1244 3486 1267 3514 a
1283 3470 1387 3514 rude

148 3532 280 3583 tomb,
305 3534 566 3576 constructed
586 3534 635 3576 ol'
649 3534 785 3576 wood.
813 3536 851 3575 It
879 3548 1051 3590 appears
1074 3542 1119 3576 to
1138 3547 1296 3590 occupy
1316 3533 1387 3576 the

149 3595 226 3637 site
246 3594 297 3637 οἵ
322 3610 346 3637 a
368 3596 499 3637 better
533 3595 794 3645 constructed
826 3596 986 3646 edilice,
1027 3596 1097 3638 the
1135 3596 1313 3638 remains
1343 3595 1394 3638 ol'

149 3656 287 3700 which
310 3671 403 3714 may
427 3657 476 3698 be
492 3657 630 3699 traccd
660 3659 702 3698 in
727 3658 796 3699 the
818 3657 919 3699 sand
938 3658 1003 3699 sor
1023 3672 1134 3699 same
1145 3657 1344 3700 distance.
1362 3678 1380 3694 ·

149 3717 261 3762 Olim
277 3718 335 3762 ibi
352 3719 531 3776 pharum
553 3721 708 3760 stetisse
725 3721 968 3775 suspicatur.
991 3723 1051 3761 De
1070 3722 1202 3762 ruinis
1223 3720 1388 3762 Bereni-

152 3797 234 3834 ces,
254 3780 373 3839 cujtts
388 3783 513 3824 situm
532 3791 720 3824 accurate
740 3782 933 3823 indicavit
953 3783 1115 3833 Strabo,
1135 3799 1175 3825 v.
1197 3782 1305 3825 idem
1325 3781 1383 3825 ib.

152 3859 181 3901 p
216 3846 298 3887 322
315 3858 408 3902 sqq.
429 3845 447 3901 ΙΙ
466 3868 524 3877 ·—
540 3858 582 3887 α.
613 3847 762 3897 νῆσος
782 3844 1048 3901 πελαγία],
1070 3845 1195 3886 hodie
1221 3849 1386 3887 Zemar-

150 3916 252 3958 ,οι-ιε,
277 3906 331 3950 ab
347 3908 539 3965 opposito
556 3914 767 3964 promont.
790 3909 806 3961 (
823 3908 907 3949 Rds
928 3908 1387 3965 )e!Nascl1cs350sta·

154 3968 222 4010 dia
239 3970 409 4023 distans,
433 3983 559 4027 quam
583 3969 798 4027 Ἀγάθωνος
811 3972 929 4022 νῆσον
949 3970 962 4026 (
979 3972 1070 4021 23⁰,
1087 3970 1155 4020 [ω’
1166 3971 1235 4012 lat.
1255 3969 1387 4024 >dicit

157 4031 396 4075 Ptolemaeus
409 4065 421 4085 ,
458 4036 648 4091 Topazon
668 4031 776 4076 Juba
797 4031 908 4090 apud
931 4032 1037 4075 Plin.
1060 4034 1279 4084 XXXVII,
1302 4034 1354 4075 32
1373 4046 1384 4075 ε

1436 282 1611 326 minant.
1670 285 1808 337 Quem
1824 281 1896 325 ubi
1915 281 2282 339 praeternavigaris,
2299 279 2431 321 insula
2445 281 2673 336 exporrigi·
2721 303 2723 306 ⁴
2758 294 2782 342 3η

1435 351 1562 393 turin
1576 350 1822 408 pelagosita,
1839 349 2097 406 longitudine
2106 348 2333 391 stadiorum
2347 348 2431 390 sere
2449 348 2672 403 octoginta,
2710 342 2734 409 ³33

1438 433 1566 475 quam
1586 417 1823 476 Ophiodem
1837 419 1923 461 sive
1933 418 2221 475 Set-pentinum
2236 426 2407 468 vocant3
2426 431 2523 459 nam
2539 417 2676 459 omnis
2720 420 2758 466 32
2775 438 2782 465 -·;

1436 488 1598 543 generis
1627 488 1887 545 serpentibus
1903 487 2115 545 quondam
2139 487 2289 530 mrem
2319 495 2421 539 erat,
2455 486 2528 528 sed
2559 494 2677 530 aetate
2729 468 2782 585 {z

1438 565 1579 599 nostra
1592 557 1643 599 iis
1657 557 1785 600 libera
1798 564 1874 599 est.
1934 558 1985 599 In
1996 556 2090 607 hac,
2108 557 2257 612 inquit,
2274 556 2397 598 etiam
2410 555 2568 612 lapillus
2585 569 2678 597 nas-
2740 550 2782 621 ’,ὅ

1438 627 1562 675 citur.
1587 627 1720 683 topazi
1743 627 1912 671 nomine
1930 625 2116 668 celebris.
2175 624 2408 668 Pellucidus
2425 634 2486 667 est
2506 634 2547 667 et
2569 626 2676 668 vitro
2755 643 2782 667 ι.

1441 695 1607 747 similis,
1618 694 1939 752 jucundumque
1955 695 2069 737 aurei
2084 694 2234 737 coloris
2249 696 2483 737 contuitum
2497 696 2561 736 sui
2576 709 2678 752 pra:-

1440 763 1526 806 bet.
1585 765 1678 807 Hoc
1692 764 1834 807 insulae
1846 763 2114 816 habitatores,
2141 766 2213 821 qui
2232 766 2355 807 etiam
2377 765 2490 819 regio
2500 763 2677 827 lapidem

1438 903 1639 952 minatur,
1656 910 1696 943 et
1705 901 1827 958 juxta
1840 916 1937 944 eum
1955 901 2166 959 profunda
2186 902 2414 945 admodum
2439 902 2653 960 peninsula
2665 933 2678 954 ,

1440 977 1559 1033 cujus
1582 965 1658 1034 per
1681 986 1897 1032 angustam
1916 979 2034 1034 quasi
2059 979 2262 1020 cervicem
2292 979 2453 1034 navigia
2472 980 2515 1021 in
2538 978 2682 1021 adver-

1439 1068 1533 1096 sum
1550 1068 1663 1096 mare
1678 1061 1974 1110 transportant.
2034 1053 2535 1097 Praetermeantibaeeloea
2549 1054 2682 1097 insula

1434 1130 1559 1187 jacet,
1580 1130 1664 1173 alto
1685 1130 1936 1173 circumfusa
1956 1130 2122 1187 pelago,
2147 1129 2201 1171 ad
2222 1130 2430 1184 octoginta
2451 1129 2681 1174 stadiorum

1441 1203 1760 1263 longitudinem,
1793 1209 1860 1250 cui
1887 1207 2157 1265 Serpentariae
2189 1220 2342 1247 nomen
2378 1213 2455 1248 est.
2513 1204 2566 1247 Id
2585 1205 2684 1249 inde

1443 1286 1639 1336 manavit,
1664 1284 1779 1341 quod
1808 1286 1929 1326 variis
1965 1284 2064 1326 olim
2098 1292 2141 1325 et
2173 1282 2451 1325 formidolosis
2482 1283 2686 1338 anguibus
2769 1284 2782 1332 ‚¹

1442 1371 1629 1404 scateret.
1689 1361 1767 1405 Sed
1821 1362 2015 1404 insecutis
2061 1360 2215 1403 deinde
2256 1360 2512 1417 temporibus
2541 1373 2686 1415 regum
2766 1346 2782 1411 ³¹2

1443 1439 1703 1483 Alexandriae
1717 1438 1856 1481 studio
1875 1440 1931 1480 ita
1947 1438 2000 1480 ad
2019 1438 2176 1480 cultum
2213 1437 2379 1480 redacta
2397 1446 2458 1480 est
2471 1469 2484 1490 ,
2504 1446 2553 1479 ut
2576 1437 2688 1480 nulla

1445 1517 1613 1572 vestigia
1631 1516 1855 1559 bestiarum
1875 1516 1932 1557 ibi
1955 1516 2277 1571 conspiciantur.
2338 1516 2424 1557 Nec
2440 1529 2560 1556 oeusa
2584 1529 2688 1571 prae-
2779 1567 2782 1569 ,

1444 1592 1708 1635 termittenda
1737 1600 1821 1644 est,
1849 1592 1905 1633 ob
1923 1606 2047 1648 quam
2072 1592 2202 1633 insula
2233 1593 2357 1633 tantis
2376 1591 2596 1647 impendiis
2624 1606 2688 1634 re-
2777 1600 2782 1651 .]

1443 1678 1616 1727 purgata
1651 1669 1744 1712 suit.
1806 1670 2027 1726 Reperitur
2058 1670 2236 1711 enimin
2268 1683 2316 1711 ea
2355 1670 2580 1725 topazium,
2614 1669 2687 1725 qui

1445 1748 1546 1804 lapis
1563 1755 1626 1789 est
1643 1745 1873 1804 pellucidus
1884 1755 1926 1789 et
1942 1745 2140 1802 adspectu
2152 1744 2382 1802 jucundus,
2404 1746 2512 1787 vitro
2525 1743 2686 1797 similis,

1445 1825 1553 1866 miro
1571 1823 1700 1866 modo
1733 1824 1824 1866 auri
1851 1822 2091 1880 adspectum
2115 1821 2254 1863 colore
2277 1835 2355 1863 suo
2375 1829 2417 1863 et
2434 1822 2568 1863 nitore
2583 1834 2689 1878 prae·

1446 1886 1562 1943 bens.
1622 1900 1753 1944 Adita
1789 1900 1914 1956 igitur
1941 1900 2100 1941 cunctis
2130 1898 2423 1949 interdictum
2458 1906 2498 1940 et
2527 1899 2561 1939 si
2595 1898 2688 1954 quis

1446 1978 1682 2033 adnavigat,
1700 1977 1810 2020 illico
1831 1975 2034 2033 supplicio
2051 1977 2196 2032 eapitis
2213 1975 2266 2017 ab
2288 1974 2431 2017 insulae
2445 1973 2689 2016 custodibus

1445 2055 1681 2098 mulctatur.
1741 2054 1867 2097 Pauci
1902 2054 1946 2095 hi
1978 2061 2091 2104 sunt,
2123 2065 2483 2107 aerumnosamque
2517 2052 2691 2106 exigunt

1448 2133 1591 2174 vitam.
1649 2132 1713 2173 Ne
1740 2131 1854 2172 enim
1875 2128 2023 2187 lapidis
2037 2127 2140 2185 quid
2164 2128 2308 2171 furtim
2324 2135 2583 2185 exportetur,
2600 2126 2691 2171 nul·

1446 2208 1534 2250 lum
1566 2208 1741 2249 omnino
1773 2205 1857 2248 illic
1886 2206 2097 2260 navigium
2122 2204 2395 2261 relinquitur3
2424 2205 2458 2246 si
2481 2205 2554 2261 qui
2588 2203 2693 2247 sorte

1446 2298 1521 2341 per
1539 2292 1695 2326 tractus
1710 2282 1800 2325 illos
1818 2283 2029 2337 navigant,
2044 2281 2151 2336 regis
2169 2289 2283 2323 metu
2304 2295 2330 2324 a
2346 2280 2575 2338 longinquo
2589 2295 2694 2339 ρω-

1447 2358 1736 2403 tei-vehuntur.
1796 2358 2006 2402 Alimenta
2040 2372 2133 2414 quae
2172 2358 2451 2415 importantur
2481 2358 2565 2400 cito
2593 2357 2695 2400 deli·

1447 2437 1579 2488 ciunt,
1593 2450 1671 2478 nec
1685 2434 1798 2478 aliud
1813 2435 2041 2492 quidquam
2060 2434 2115 2477 de
2132 2443 2252 2477 terrae
2270 2433 2474 2478 fructibus
2495 2436 2692 2493 suppetit.

1445 2513 1548 2555 Ideo
1569 2527 1701 2569 quum
1723 2527 1857 2570 pauca
1874 2511 1977 2555 dum
1997 2512 2151 2554 cibaria
2173 2519 2411 2568 supersunt,
2434 2526 2579 2556 omnes
2600 2514 2694 2571 pagi

1447 2590 1591 2632 incolae
1618 2590 1672 2633 ad
1694 2590 1792 2632 litus
1817 2589 2009 2632 sedentes
2027 2589 2253 2632 adventum
2276 2588 2456 2642 illorum,
2475 2591 2547 2646 qui
2579 2603 2694 2633 eom-

1449 2676 1628 2708 meatum
1653 2668 1896 2723 importent,
1918 2665 2037 2708 avide
2054 2665 2361 2723 praestolantur.
2421 2664 2584 2720 Quibus
2606 2680 2695 2709 mo·

1447 2757 1535 2784 ram
1556 2742 1830 2794 nectentibus,
1849 2743 1892 2784 in
1909 2750 2145 2784 extremum
2161 2756 2253 2797 spes
2271 2742 2456 2798 ipsorum
2469 2740 2692 2785 discrimen

1447 2826 1670 2873 coguntur.
1733 2818 1857 2875 Lapis
1877 2817 1943 2859 ille
1961 2818 2004 2859 in
2020 2819 2149 2874 petris
2163 2831 2334 2859 nascens
2347 2831 2422 2875 per
2434 2816 2546 2860 diem
2561 2818 2695 2875 splen·

1447 2894 1550 2936 dore
1570 2894 1681 2944 fsolis
1704 2894 1831 2936 veluti
1860 2893 2101 2947 suffocatus,
2126 2907 2211 2936 non
2246 2893 2432 2946 videtui-33
2466 2894 2539 2938 sed
2566 2903 2693 2937 noctu

1449 2986 1523 3028 per
1543 2970 1729 3013 tenebras
1758 2970 1941 3026 essulget,
1962 2972 2109 3027 suique
2137 2970 2274 3013 locum
2300 2971 2419 3022 situs,
2442 2971 2694 3028 quicumque

1449 3047 1529 3099 sit,
1558 3062 1582 3089 a
1614 3047 1843 3103 longinquo
1874 3047 2029 3103 prodit.
2091 3047 2363 3089 Excubitor-es
2396 3047 2553 3100 insule,
2584 3057 2694 3091 sorte

1454 3222 1565 3263 Iuba
1607 3225 1797 3279 Topazon
1823 3222 1999 3262 insulam
2039 3223 2080 3262 in
2106 3222 2242 3263 Rubm
2273 3221 2380 3263 vicari
2416 3236 2443 3262 α
2465 3221 2695 3265 continente

1459 3283 1545 3325 diei
1563 3283 1828 3336 navigatione
1846 3283 1984 3323 abesse
2007 3282 2155 3332 tradit,
2181 3284 2413 3325 nebulosam
2428 3293 2467 3325 ce
2481 3283 2569 3326 ideo
2586 3299 2695 3342 quae·
2720 3338 2722 3345 Ι
2761 3296 2768 3329 ζ

1453 3345 1580 3387 sitam
1593 3359 1701 3402 serpe
1712 3344 2023 3397 navigantibus,
2042 3359 2094 3385 ea:
2106 3359 2153 3386 ea
2169 3359 2295 3386 causa
2307 3360 2447 3387 nomen
2461 3346 2666 3404 accepisse
2677 3363 2695 3398 ,·
2760 3342 2764 3373 Ῑ

1456 3407 1657 3465 topazin(
1674 3408 1852 3456 τοπάζειν
1870 3406 1884 3465 )
1902 3407 2008 3449 enim
2035 3407 2371 3464 Troglodytae-um
2394 3408 2408 3466 (
2426 3409 2511 3451 imo
2529 3410 2695 3452 Graeco-

1454 3470 1577 3527 rum)
1609 3469 1751 3523 lingua
1779 3469 2119 3526 significationem
2150 3469 2294 3513 habere
2313 3470 2537 3528 quoerenclt'.
2560 3470 2694 3514 Aliam
2751 3509 2754 3524 1

1454 3532 1742 3589 etymologiam
1762 3533 1957 3590 proponit
1978 3533 2197 3575 Salmasius
2215 3533 2268 3576 ad
2289 3533 2418 3577 Solin.
2438 3548 2482 3591 p.
2505 3534 2585 3589 763
2611 3531 2694 3591 (de
2780 3579 2782 3582 ,

1454 3609 1535 3651 qua
1556 3610 1593 3635 ν.
1620 3595 1871 3650 wesseling.
1903 3594 1955 3636 ad
1982 3595 2190 3652 Diodor.)
2222 3598 2415 3639 Ceterum
2448 3595 2502 3638 de
2527 3597 2694 3653 Topazo
2743 3586 2763 3654 J

1454 3658 1533 3699 ins.
1558 3657 1611 3699 cs.
1638 3657 1744 3699 Julm
1775 3672 1842 3713 ap.
1876 3656 1982 3699 Plin.
2016 3659 2154 3708 XXV,
2176 3672 2230 3700 αα
2250 3667 2291 3701 et
2321 3658 2478 3701 Plinius
2508 3659 2586 3710 vl,
2621 3659 2690 3709 34,
2715 3671 2763 3695 ³

1453 3719 1525 3761 uhi
1567 3721 1674 3761 inter
1709 3721 1861 3762 insulas
1889 3729 1981 3777 post
2025 3721 2196 3763 Jamben
2223 3730 2490 3764 recensentur
2525 3734 2535 3762 :
2565 3723 2693 3763 Seenoe
2751 3707 2782 3770 3

1453 3781 1557 3824 dim·
1577 3782 1736 3839 aliquot
1748 3782 1867 3836 (hod.
1888 3783 2080 3826 schamir
2098 3797 2193 3825 cum
2209 3784 2409 3840 proximis
2422 3782 2595 3840 rupibus
2608 3794 2692 3824 ore
2770 3815 2782 3824 i

1455 3845 1693 3901 periculosae
1712 3845 1902 3901 adjacens
1924 3846 1958 3903 ),
1979 3845 2206 3889 Halonnesi
2225 3862 2304 3889 non
2324 3846 2541 3904 pauciores
2557 3842 2685 3901 (hod
2715 3836 2782 3879 ‘m

1454 3908 1636 3949 swallow
1669 3909 1766 3949 iuss.
1790 3910 1831 3949 in
1855 3908 1937 3950 alto
1966 3907 2137 3964 objectae
2160 3908 2193 3966 ),
2217 3907 2459 3950 arrdamine
2482 3907 2689 3964 (Coe-m

1455 3970 1540 4011 sive
1558 3973 1732 4012 Macom-
1745 3970 1796 4012 ad
1815 3974 1898 4013 Ros
1909 3970 1948 4011 cl
1964 3970 2119 4027 Ausi·),
2143 3973 2333 4027 Topazus
2346 3984 2436 4027 quae
2446 3966 2688 4022 gemma-no·

1460 4047 1547 4074 men
1565 4032 1695 4075 dedit.
1717 4036 1854 4087 11—6.
1870 4033 1891 4074 ὓ
1904 4033 2023 4090 άλῳ]
2039 4033 2152 4089 γάλῳ
2169 4034 2282 4087 ΒΑ.ΙΙ
2294 4046 2398 4087 —7.
2412 4030 2565 4086 ἔγχρυ
2578 4027 2686 4082 σον]
2751 4044 2758 4062 ι
