2808 4342
0 162 31 236 ’ξ
283 206 286 210 -
858 164 1242 211 sTAmAsts
1277 162 1465 209 MAms
1501 162 1716 208 MAGNI.

0 247 18 318 15
77 294 135 325 42.
163 275 264 322 Ἀπὸ
296 271 506 322 Πλατείας
529 271 584 321 εἷς
611 268 680 314 τὸν
704 267 939 330 Παλίουρον
962 265 1154 332 [στάδιοι
1169 267 1191 290 *
1208 265 1241 330 ]·

0 320 122 408 1ῧδωρ
147 346 232 406 ἔχει
256 341 406 388 πλατύ.
515 334 522 341 “

39 406 43 415 ⁸
78 432 133 462 43.
162 413 261 459 Ἀπὸ
291 415 360 456 τοῦ
385 406 620 471 Παλιούρου
655 409 709 459 εἷς
731 405 805 463 τὴν
839 407 982 453 Φαίαν
1019 405 1175 451 στάδιοι
1192 405 1242 465 ζ’·

0 485 123 546 [ὕδωρ
147 483 231 544 ἔχει
251 478 448 526 συνακτὸν
476 477 558 522 ἀπὸ
582 476 758 523 σταδίων
784 474 848 520 ιε’.

2459 164 2548 202 443

1371 275 1439 320 42.
1472 276 1508 313 Α
1543 271 1678 312 Platea
1712 268 1764 310 ad
1806 267 2018 310 Paliurum
2053 263 2225 322 [stadia
2258 265 2369 319 3o];
2405 279 2553 319 aquam

1314 339 1439 380 habet
1461 339 1682 379 subsalsam
1691 369 1700 378 .

1372 408 1440 455 43.
1473 409 1510 448 Α
1538 407 1702 447 Paliuro
1734 404 1786 446 ad
1809 390 1971 446 Phaeam
1993 402 2120 444 stadia
2145 416 2223 457 903
2255 416 2404 457 aquam
2433 402 2556 443 habet

1315 475 1572 516 collectitiam
1595 474 1831 530 quindecim
1855 474 1906 514 ab
1928 488 1978 514 eo
2001 473 2093 514 loco
2115 471 2270 513 stadiis.

15 652 229 707 Πετράντος
251 650 315 691 καὶ
349 647 591 705 Χερσονήσου
614 645 687 688 εἶσὶ
719 648 831 697 νῆσοι
857 644 1032 696 Ἀηδονία
1061 645 1126 685 καὶ
1147 646 1252 686 Πλα-

0 714 127 756 ῑττειαί·
153 710 317 769 ὕφορμοι
350 711 391 752 δὲ
431 710 492 752 ὕπ’
524 708 654 755 αὒταῖς
694 707 782 748 εἰσι.
822 708 985 760 Quibus
1022 709 1092 763 qui
1128 708 1252 749 fidem

0 762 170 854 {habent
184 808 194 827 ,
220 775 409 816 Plataeam
432 772 484 813 ad
502 771 655 812 Bomba
670 802 680 820 ,
717 769 948 811 Aedoniam
971 785 1068 810 vero
1091 769 1143 810 ad
1165 770 1257 810 Seal

17 839 191 887 insulam
207 836 406 878 humilem
427 842 521 875 ante
551 832 798 874 Batrachum
824 841 992 887 portum
1011 833 1129 872 sitam
1149 832 1253 873 rese-

42 908 139 950 unt;
169 907 210 939 at
232 897 430 952 quaeritur
455 910 507 936 an
529 909 615 936 non
645 909 695 934 ex
715 894 880 935 duobus
902 893 1087 949 ejusdem
1112 895 1254 936 insulae

17 970 20 974 '
50 961 259 1004 ominibus
271 959 372 1000 duas
391 958 544 999 insulas
560 957 725 999 finxerit
737 957 895 1012 ScylaX,
915 958 1052 997 minus
1067 966 1255 998 accurate

0 1025 73 1075 §ade
111 1024 250 1079 Libyae
279 1037 352 1063 ora
371 1021 567 1071 edoctus,
595 1021 658 1061 vel
693 1022 831 1076 potius
853 1020 1044 1062 librarius
1068 1019 1252 1074 quidam,

0 1079 91 1142 }qui
117 1101 246 1142 quum
265 1087 309 1126 in
330 1085 466 1126 verbis
486 1084 567 1126 ἐστὶ
585 1087 699 1136 νῆσος
722 1082 897 1135 Ἀηδονία
914 1083 938 1135 ἣ
969 1083 1034 1125 καὶ
1057 1083 1252 1124 Πλατεῖα·

19 1149 186 1206 ὕφορμος
201 1149 242 1189 ’δὲ
263 1148 325 1189 ὑπ’
343 1147 438 1204 αὐτῇ
466 1147 546 1188 ἐστι
564 1145 747 1198 vocem-51
771 1147 814 1186 in
841 1147 948 1187 libro
968 1161 1044 1186 suo
1063 1147 1255 1187 omissam

0 1210 203 1261 haberet,
222 1212 426 1265 vulgatam
441 1210 658 1251 lectionem
681 1208 733 1249 de
751 1223 827 1249 530
839 1209 992 1249 11113111.
1012 1210 1131 1250 Certe
1146 1207 1257 1263 apud

0 1275 290 1328 {Ptolemaeum
324 1272 551 1315 Aedonidis
581 1272 750 1312 nomine
786 1270 1030 1311 hodiernam
1062 1271 1257 1311 Bombam

0 1331 227 1390 fssdesignari
247 1335 308 1376 vel
327 1343 545 1390 propterea
559 1333 716 1382 credas,
738 1332 852 1387 quod
871 1334 1023 1373 mirum
1043 1332 1150 1373 foret
1164 1334 1258 1373 Pto-

0 1389 213 1448 {llemaeum
239 1397 490 1438 mentionem
510 1395 651 1435 fecisse
679 1395 846 1435 humilis
869 1395 975 1435 illius
990 1394 1082 1435 Seal
1098 1394 1255 1444 insulae,

4 1452 204 1502 'emisisse
225 1467 364 1500 autem
396 1457 564 1498 alteram
593 1458 721 1510 magis
751 1458 1017 1512 conspicuam
1040 1457 1259 1511 nautisque

8 1522 230 1564 'utiliorem
266 1529 308 1561 et
337 1520 519 1562 historiae
541 1519 742 1559 memoria
768 1519 985 1560 celebrem.
1012 1522 1110 1571 Quo
1145 1533 1259 1560 acce-

20 1584 87 1626 ..dit
106 1585 246 1625 Nostri
263 1582 410 1639 peripli
439 1582 660 1623 auctoritas
689 1580 801 1621 haud
824 1595 920 1621 sane
942 1582 1139 1630 minima,
1174 1582 1260 1622 imo

24 1648 217 1689 maxima.

81 1713 103 1763 S
125 1713 195 1752 42.
221 1708 266 1749 τὶ)
280 1708 497 1763 Παλίουρον
521 1706 667 1748 codex.
693 1705 839 1747 Strabo
857 1719 900 1760 p.
923 1706 1002 1747 838
1025 1713 1119 1759 post
1137 1704 1263 1745 Cher-

26 1786 219 1816 sonesum
239 1770 454 1812 meridiem
482 1783 623 1810 versus
649 1783 735 1809 esse
756 1769 812 1808 ait
846 1766 1074 1822 Ἡράκλειόν
1104 1782 1140 1807 τι
1160 1766 1261 1821 ἱερὸν

25 1836 91 1879 καὶ
125 1834 215 1889 ὗπὲρ
252 1832 367 1874 αὖτοῦ
397 1833 509 1886 κώμη
538 1830 767 1885 Παλίουρος.
802 1832 852 1871 In
886 1830 992 1871 Tab.
1027 1832 1145 1871 Peut.
1186 1830 1202 1882 (
1224 1837 1266 1870 et

26 1899 178 1951 Geogr.
194 1899 296 1937 RaV.
316 1896 394 1945 III,
414 1895 436 1935 3
452 1896 468 1948 )
485 1893 673 1934 Paliuris
688 1894 739 1934 33
756 1893 856 1934 mill.
880 1908 904 1934 a
922 1891 1073 1934 Meziri
1085 1891 1262 1943 distans;

4 1959 75 2015 ⁴{In
97 1959 195 1999 ltin.
223 1972 267 2013 p.
303 1971 353 2012 71
381 1964 576 2012 corrupte
611 1955 817 1996 Paniuros
835 1955 890 1996 30
907 1953 1008 1995 mill.
1037 1968 1061 1994 a
1088 1952 1262 1994 Mecira.

26 2022 219 2064 Lucanus
240 2021 316 2068 IX,
341 2021 394 2067 42
421 2018 527 2059 male
549 2017 795 2059 Palinurum
817 2025 935 2058 vocat
957 2016 1010 2057 de
1032 2016 1170 2057 AEneae
1194 2030 1267 2070 gu-

31 2081 250 2124 bernatore
277 2095 286 2122 :
314 2084 373 2122 Et
397 2080 492 2122 1ιὶηο
517 2080 705 2137 placidis
738 2081 825 2121 alto
843 2079 1054 2120 delabitur
1087 2078 1267 2120 aurisia

28 2144 131 2189 ,licus
146 2175 156 2194 ‚
188 2144 399 2192 Palinure,
437 2152 580 2191 tuum;
614 2144 737 2198 neque
772 2143 879 2183 enim
915 2157 1070 2197 oequore
1106 2151 1267 2182 tantum

29 2206 215 2258 ‘Ausonio
241 2215 499 2247 monumenta
519 2214 640 2253 tenes,
667 2214 892 2260 portusque
915 2204 1074 2259 quietos
1093 2212 1271 2244 testatur

9 2268 152 2323 pLibye
174 2268 352 2323 Phrygio
380 2266 589 2323 placuisse
617 2266 830 2318 magistro.
858 2266 1100 2307 Ptolemaeus
1121 2275 1270 2320 praeter

9 2329 245 2398 '‘IlaMoupov
272 2330 409 2370 locum
443 2337 645 2369 memorat
664 2343 707 2383 p.
741 2331 821 2382 274
844 2326 913 2378 τὴν
946 2327 1019 2368 ὕπὸ
1053 2328 1269 2383 Παλίουρον

10 2390 190 2448 Γλίμνην,
215 2393 253 2433 ἐν
274 2388 297 2448 ᾗ
320 2391 551 2446 κογχύλιον.
571 2389 977 2433 Ρο11011(135100115111
1015 2383 1063 2426 Ψ
1060 2390 1135 2430 adi
1160 2394 1272 2431 Tem-

33 2455 180 2503 minelz,
205 2454 349 2494 vallem
371 2454 509 2502 latam,
530 2467 620 2506 quae
635 2453 829 2492 torrentis
851 2452 965 2493 alveo
984 2461 1146 2493 secatur
1160 2462 1201 2493 et
1221 2453 1272 2494 ab

34 2511 191 2558 oriente
221 2517 451 2571 oppositam
486 2515 611 2555 habet
635 2515 815 2555 Plateam
854 2514 1055 2564 insulam3
1096 2514 1199 2555 adeo
1227 2525 1274 2557 ut

36 2578 90 2620 30
122 2577 350 2620 stadiorum
381 2576 572 2617 distantia
605 2591 655 2616 ex
687 2578 867 2617 auctoris
907 2578 1038 2617 nostri
1073 2579 1274 2620 sententia

36 2639 264 2695 supplenda
279 2640 353 2690 sit,
376 2653 628 2695 quamquam
643 2639 780 2695 paullo
799 2637 933 2695 majus
951 2640 1127 2696 spatium
1148 2642 1274 2683 inter-

36 2700 168 2743 cedat.
188 2705 238 2743 In
256 2702 364 2742 113110
382 2702 526 2743 vallem
554 2717 606 2743 ex
627 2702 760 2743 insula
774 2703 1083 2756 transmigrasse
1107 2703 1275 2757 plurimi

37 2772 220 2805 statuunt
263 2765 457 2805 Theraeos
513 2764 681 2805 colonos
728 2763 958 2806 seeundum
1013 2764 1274 2806 Herodotum

37 2827 112 2877 IV,
146 2827 239 2881 157,
260 2828 333 2868 ubi
365 2827 484 2867 haec:
513 2826 663 2868 ἔκτισαν
693 2827 808 2879 αὐτῆς
841 2827 978 2880 Αιὸύης
997 2832 1126 2883 χῶρον
1146 2827 1275 2869 ἀντίον

38 2891 105 2941 τῆς
124 2889 257 2941 νήσου,
279 2894 334 2945 τῷ
367 2889 492 2944 ὄνομα
517 2887 563 2941 ἦν
592 2890 748 2944 Ἄζιρις,
771 2890 838 2931 τὸν
870 2892 985 2931 νάπαι
1006 2906 1047 2931 τε
1073 2891 1278 2931 κάλλισται

41 2949 98 2993 ἐπ’
116 2951 311 3007 ἀμφότερα
330 2952 578 3006 συγκληίουσι
611 2953 676 2993 καὶ
695 2953 866 3009 ποταμὸς
891 2953 939 2994 τὰ
963 2953 1023 2994 ἐπὶ
1046 2954 1183 3008 θάτερα
1205 2969 1277 2995 πα-

43 3016 186 3070 ραρρέει
220 3014 320 3068 (Cf.
351 3014 587 3056 Callimach.
612 3016 656 3055 in
679 3016 816 3070 Apoll.
849 3030 888 3056 v.
932 3018 982 3069 89
1008 3029 1017 3055 :
1049 3014 1216 3067 Πυνικὴν
1239 3015 1280 3056 δὲ

45 3077 177 3124 νάπαις
203 3075 343 3124 Ἄζιλιν
376 3075 519 3128 ἔναιον,
552 3077 653 3131 ibiq.
675 3078 804 3118 schol.
831 3077 1000 3125 ε’Άζιλις
1033 3077 1118 3132 ὄρος
1134 3078 1186 3132 (P)
1216 3078 1281 3118 καὶ

43 3139 214 3193 ποταμὸς
232 3139 370 3190 Αιῧύης
385 3141 415 3192 ).
443 3140 580 3180 Pacho
602 3154 644 3195 p.
675 3139 725 3180 52
746 3139 798 3180 de
813 3140 890 3181 1130
904 3141 1070 3194 regione
1090 3141 1145 3181 ita
1165 3154 1173 3181 :
1203 3158 1219 3179 «
1244 3143 1280 3182 A

43 3201 105 3241 six
122 3201 247 3241 lienes
271 3200 322 3241 de
351 3201 532 3241 distance
559 3201 908 3243 d’Ain-el-Gazal
927 3202 982 3242 les
1004 3203 1199 3243 hauteurs
1230 3203 1282 3243 de

51 3263 235 3304 Tobroulr
259 3272 536 3303 contournent
557 3264 856 3318 brusquement
882 3280 972 3305 vers
991 3265 1027 3306 le
1049 3265 1126 3306 sud
1142 3283 1152 3316 3
1170 3267 1280 3307 selon

45 3323 100 3366 les
121 3325 292 3374 Arabes,
320 3325 412 3365 elles
430 3340 470 3365 50
490 3326 734 3379 prolongent
754 3326 975 3382 jusqu’aux
998 3338 1136 3369 monts
1159 3331 1284 3386 Cyre-

46 3387 194 3437 neens,
216 3394 257 3427 et
275 3385 476 3437 forment,
503 3386 824 3442 conjointement
853 3405 950 3431 avec
976 3405 1056 3431 eux
1071 3423 1081 3440 ‚
1104 3391 1141 3432 la
1161 3394 1285 3434 vallee

49 3446 100 3488 de
123 3447 351 3489 Temmineh
366 3480 376 3497 ,
408 3450 479 3503 qui
507 3464 557 3489 va
575 3464 625 3489 en
650 3450 920 3503 s’elargissant
946 3466 1034 3492 vers
1050 3453 1086 3493 le
1103 3453 1210 3494 bord
1235 3456 1286 3496 de

50 3509 88 3551 la
101 3525 202 3551 mer.
223 3513 282 3551 Le
301 3511 441 3551 milieu
459 3511 510 3551 de
527 3512 563 3552 la
588 3512 709 3552 vallee
731 3521 791 3552 est
806 3515 936 3567 coupe
952 3529 1025 3568 par
1039 3515 1076 3555 le
1094 3517 1287 3558 5111011110-

53 3582 164 3614 1110111
195 3573 375 3629 prosond
399 3573 500 3615 d’un
531 3583 711 3625 torrent;
742 3574 902 3630 d’apres
922 3577 957 3616 le
979 3579 1112 3618 11101110
1142 3581 1288 3620 temoi-

53 3647 199 3688 gnage,
226 3635 253 3676 il
287 3644 348 3676 est
379 3635 510 3676 forme
537 3651 587 3677 en
623 3637 740 3677 hiver
767 3651 842 3692 par
865 3637 901 3677 10
933 3640 1184 3691 gonssement
1218 3641 1290 3682 des

54 3698 189 3737 ravins
210 3697 281 3738 des
299 3707 540 3752 montagnes
556 3699 659 3740 dela
680 3699 921 3754 Pentapole,
943 3709 983 3741 et
999 3716 1041 3742 se
1050 3701 1166 3755 jette‚
1188 3704 1291 3745 ainsi

58 3770 135 3811 que
150 3757 221 3812 j'ai
238 3774 295 3813 pu
311 3760 348 3799 le
370 3774 624 3814 remarquer,
647 3762 749 3802 dans
765 3762 801 3802 10
817 3762 921 3816 golse
941 3762 993 3803 de
1013 3765 1192 3816 Bomba,
1214 3765 1237 3807 a
1255 3767 1292 3808 la

54 3817 229 3860 hauteur
261 3821 312 3861 de
344 3821 423 3861 l’ile
446 3821 503 3861 du
525 3824 659 3862 11101110
678 3838 793 3864 110111.
815 3826 1057 3865 Accuratius
1082 3829 1293 3881 regionem

57 3881 282 3935 exploravit
308 3883 499 3922 Barthius
519 3884 535 3936 <
554 3898 595 3938 p.
615 3884 692 3924 506
713 3899 803 3939 sqq.
822 3887 854 3938 ),
880 3887 951 3940 qui
973 3901 996 3926 a
1014 3887 1140 3929 borea
1156 3904 1293 3931 versus

58 3941 270 3983 meridiem
294 3943 581 3997 progredienS,
603 3955 821 4000 antequam
841 3947 894 3988 ad
920 3949 1046 3990 Wadi
1066 3953 1294 3993 Temminelz

49 4004 237 4055 ‘veniret,
267 4004 354 4044 loca
385 4007 571 4046 transivit
602 4007 809 4061 palustria,
844 4009 946 4050 adeo
977 4019 1021 4051 ut
1049 4026 1071 4051 e
1108 4012 1195 4053 luto
1229 4016 1293 4055 vix

1324 647 1456 688 salvus
1498 646 1701 688 evaderet.
1737 646 1800 687 Ibi
1839 647 1962 700 igitur
2001 644 2191 701 paludem
2232 644 2354 687 fuisse
2392 656 2554 698 monet,

1324 725 1447 765 quem
1473 710 1713 751 Ptolemaeus
1744 709 1820 749 sub
1853 708 2017 750 Paliuro
2043 708 2228 751 collocat.
2253 708 2414 750 Deinde
2445 712 2558 751 venit

1324 772 1376 812 ad
1394 773 1481 814 Ain
1507 772 1520 828 (
1540 773 1568 813 i.
1591 787 1628 813 e.
1650 771 1832 827 fontem)
1861 770 2103 820 ΤωηηιίηεΙι,
2123 773 2193 827 qui
2220 773 2322 812 mari
2344 774 2558 827 proximus
2588 788 2590 790 ’

1325 849 1472 888 aquam
1492 835 1614 875 habet
1630 832 1981 875 nauseabundam.
2003 835 2196 888 Sequitur
2216 835 2258 874 in
2280 834 2367 875 solo
2392 835 2559 877 elatiore

1325 905 1365 937 et
1392 912 1536 938 saxoso
1567 897 1750 938 Merabet
1778 895 1868 937 Sidi
1891 896 2092 937 Hadclzar
2119 897 2323 945 Dcleemm,
2349 897 2420 938 ubi
2444 900 2557 953 putei

1326 974 1431 1014 aqua
1452 975 1564 1000 nunc
1583 967 1764 1000 carentes
1776 967 1817 1000 01
1835 960 1964 999 ruinae
1979 959 2304 1014 conspiciuntur,
2319 974 2409 1014 quae
2428 974 2557 1015 quum

1328 1023 1458 1063 unicae
1474 1024 1516 1062 in
1535 1023 1615 1063 hoc
1633 1030 1770 1064 tractu
1803 1022 2073 1077 reperiantur,
2095 1020 2146 1062 ad
2168 1022 2407 1062 Palinurum
2423 1023 2559 1064 locum

1320 1083 1416 1139 jure
1434 1084 1685 1126 reseruntur.
1706 1087 1803 1126 Post
1816 1085 1903 1124 haec
1925 1084 2115 1124 Barthius
2138 1083 2282 1124 incidit
2304 1080 2345 1124 in
2369 1087 2560 1126 torrentis

1326 1146 1488 1187 alveum
1511 1156 1611 1187 tunc
1639 1147 1793 1187 siccum
1823 1161 2014 1201 prorsus,
2048 1147 2126 1186 nisi
2151 1146 2264 1200 quod
2298 1148 2339 1187 in
2374 1151 2562 1190 concavis

1328 1207 1428 1248 locis
1467 1223 1582 1262 aquae
1604 1208 1746 1249 lutosae
1784 1208 2012 1262 paullulum
2039 1208 2260 1261 stagnabat.
2288 1211 2430 1263 Neque
2459 1211 2563 1252 latus

1328 1270 1466 1310 alveus
1489 1285 1621 1325 neque
1649 1269 1880 1324 profundus
1896 1286 1906 1319 ;
1934 1270 2044 1310 vallis
2056 1270 2220 1310 arbusta
2239 1270 2318 1311 fert
2339 1273 2564 1328 stirpesque

1328 1332 1509 1386 exiguas.
1533 1335 1593 1373 Ac
1621 1332 1742 1372 talem
1772 1331 1856 1371 sere
1880 1333 2001 1372 etiam
2020 1333 2168 1372 Noster
2195 1334 2391 1387 repererit
2412 1334 2562 1386 locum,

1330 1409 1455 1449 quem
1488 1409 1595 1450 aqua
1623 1395 1734 1435 110113
1755 1393 1856 1434 dicit
1889 1394 2070 1434 destitui.
2107 1395 2260 1435 Contra
2293 1409 2389 1436 vero
2423 1397 2567 1451 priscis

1334 1457 1593 1511 temporibus
1615 1471 1700 1497 non
1723 1456 1873 1510 stagnis
1891 1454 2146 1510 pestiferum,
2174 1455 2245 1496 sed
2264 1456 2373 1497 silvis
2392 1472 2566 1512 opacum

1330 1520 1585 1574 perennique
1603 1519 1729 1559 fluvio
1744 1518 1922 1572 rigatum
1936 1517 2032 1572 fingi
2052 1517 2266 1567 debemus,
2280 1519 2312 1559 si
2336 1519 2417 1560 huc
2436 1529 2567 1562 trans-

1332 1580 1431 1621 ferri
1454 1582 1552 1622 velis
1570 1581 1772 1622 Herodoti
1794 1580 1968 1636 ποταμὸν
1995 1588 2036 1621 01
2051 1581 2169 1628 νάπας
2194 1580 2416 1629 καλλίστας.
2437 1585 2568 1624 Porro

1332 1644 1654 1684 existimandum
1680 1643 1786 1684 foret
1817 1643 1954 1698 ’Άζιρις
1982 1657 2137 1684 11011101]
2172 1642 2295 1684 fuisse
2327 1645 2449 1685 etiam
2478 1645 2568 1686 loco

1334 1704 1593 1746 Chersoneso
1628 1708 1787 1759 Magnae
1818 1707 2036 1760 proximo,
2058 1705 2110 1747 de
2132 1719 2215 1760 quo
2234 1706 2321 1747 solo
2340 1707 2450 1762 apud
2477 1723 2570 1762 geo·

1334 1767 1513 1822 graphos
1534 1776 1773 1822 usurpatur.
1798 1770 1901 1820 Quae
1922 1767 2090 1822 quidem
2104 1781 2248 1808 vereor
2264 1783 2316 1809 ne
2337 1769 2389 1809 ad
2404 1784 2570 1825 persua-

1334 1828 1520 1869 dendum
1538 1826 1881 1884 peraccommoda
1895 1830 1991 1871 sint.
2012 1829 2076 1870 Cf.
2090 1838 2179 1870 not.
2199 1830 2285 1882 ad§
2301 1831 2369 1879 45.
2387 1856 2443 1862 —
2456 1834 2571 1873 Cete-

1335 1905 1430 1931 rum
1449 1890 1502 1932 ad
1526 1900 1641 1932 oram
1658 1891 1901 1947 ponendum
1915 1890 1961 1933 τὶ)
1987 1890 2231 1946 Ἡράκλειον,
2250 1891 2366 1946 cujus
2386 1894 2573 1935 meminit

1336 1953 1498 1995 Strabo.
1514 1956 1576 1995 De
1592 1955 1779 1995 Herculis
1794 1955 1908 1995 cultu
1922 1954 2031 2009 apud
2055 1955 2305 2009 Cyrenenses
2339 1970 2378 1996 v.
2399 1956 2573 2011 Thriege

1337 2018 1415 2056 Res
1432 2016 1581 2070 Cyren.
1612 2031 1656 2070 p.
1678 2030 1775 2070 291.

1394 2080 1416 2130 §
1442 2082 1512 2120 43.
1538 2079 1610 2118 Φα
1626 2078 1728 2134 ίαν]
1753 2079 1858 2120 Φθία
1882 2078 2001 2134 λιμήν
2025 2079 2291 2130 Ptolemaeus,
2320 2079 2429 2135 apud
2452 2095 2574 2135 quem

1339 2140 1370 2180 Θ
1385 2141 1544 2182 literam
1554 2149 1691 2181 natam
1703 2155 1788 2181 esse
1800 2156 1849 2181 ex
1857 2146 1902 2190 ΕΞ,
1915 2156 1961 2181 30
1972 2141 2072 2180 Φεία
2080 2141 2298 2194 legendum
2311 2156 2396 2182 esse
2412 2158 2572 2194 censeo,

1340 2203 1456 2258 quod
1475 2218 1626 2244 nomen
1650 2202 1790 2259 (Φειά,
1809 2204 1914 2253 Φεά,
1933 2204 2048 2253 Φεαί,
2070 2204 2150 2243 Φία
2166 2206 2181 2257 )
2197 2205 2371 2245 recurrit
2391 2205 2442 2245 de
2452 2215 2576 2260 portu

1340 2275 1381 2306 et
1401 2266 1691 2321 promontorio
1720 2265 1849 2306 Elidis
1871 2265 1924 2306 ad
1942 2265 2163 2307 Jardanem
2193 2266 2382 2308 fluvium.
2415 2270 2463 2307 Ιι]
2486 2270 2575 2322 qui-

1341 2329 1419 2369 bus
1430 2343 1562 2383 quum
1580 2327 1768 2368 Jardanis
1789 2329 1901 2368 fluvii
1921 2343 2071 2368 nomen
2091 2337 2228 2383 aperte
2247 2329 2299 2369 sit
2317 2329 2575 2371 Phoenicium

1342 2400 1382 2432 et
1411 2406 1460 2432 ex
1481 2392 1600 2432 Creta
1624 2392 1666 2430 in
1698 2392 1900 2431 Graeciam
1922 2391 2161 2431 translatum
2182 2389 2383 2441 videatur,
2409 2391 2577 2433 sortasse

1342 2454 1465 2494 etiam
1489 2453 1597 2493 Plzea
1613 2453 1947 2508 promontorium
1966 2452 2018 2492 de
2042 2465 2156 2505 ⁶7³⁹&ae
2175 2453 2204 2493 i.
2230 2467 2268 2493 e.
2293 2454 2482 2505 angulus,
2508 2447 2578 2495 de-

1343 2518 1476 2557 rivare
1494 2524 1631 2556 censet
1645 2515 1872 2556 Olshausen
1904 2515 2312 2571 Uebe1·pl2aenizisclze
2337 2518 2579 2559 Ortsnamen

1345 2578 1582 2620 ausserhalb
1594 2577 1664 2620 des
1671 2577 1928 2620 semitischen
1941 2576 2246 2634 Spraclzgebiecs
2257 2577 2299 2618 in
2309 2578 2451 2620 Rhein.
2463 2583 2575 2621 Mus.

1351 2642 1471 2691 1852,
1502 2657 1546 2697 p.
1576 2643 1671 2691 324.
1698 2643 1714 2696 ll
1743 2667 1800 2673 —
1818 2640 1889 2697 [ι’]
1916 2642 1974 2682 510
2002 2640 2158 2692 codex3
2187 2639 2228 2690 ς’
2255 2655 2397 2697 apogr.
2423 2643 2579 2693 Iriart.;

1347 2704 1455 2746 idem
1477 2719 1594 2745 error
1613 2704 1770 2745 Iriartis
1789 2705 1871 2757 in§
1906 2707 1974 2753 44.
2001 2728 2058 2734 —
2084 2705 2183 2744 Post
2203 2703 2328 2744 Wadi
2356 2704 2583 2745 Temminelz

1347 2767 1516 2808 boream
1536 2780 1676 2807 versus
1697 2766 1810 2806 sinus
1831 2766 2031 2820 sequitur,
2059 2762 2175 2819 cujus
2197 2765 2344 2806 intimo
2359 2766 2400 2806 in
2424 2780 2585 2806 recessu

1348 2831 1510 2870 Phaeam
1531 2828 1767 2885 ponendam
1786 2842 1873 2869 esse
1894 2827 2082 2868 locorum
2106 2827 2211 2866 ratio
2226 2825 2383 2867 suadet.
2403 2829 2466 2867 De
2492 2828 2585 2868 sinu

1348 2894 1403 2933 ita
1418 2892 1608 2933 Barthius
1619 2906 1662 2946 p.
1679 2890 1755 2932 505
1778 2903 1786 2931 :
1809 2910 1824 2925 α
1844 2890 1921 2929 Die
1934 2891 2068 2930 Kfiste
2081 2887 2210 2929 bildet
2224 2888 2377 2930 hieran
2392 2889 2487 2929 sehr
2501 2891 2586 2930 nie-

1349 2954 1509 3008 drigem
1528 2955 1651 2994 Saum
1670 2953 1761 2993 eine
1778 2952 1998 3007 praechtige
2016 2951 2164 3000 Bucht,
2183 2951 2288 2991 nach
2307 2953 2433 2991 Osten
2453 2951 2583 2992 durch

1350 3018 1471 3056 einen
1501 3016 1545 3056 in
1575 3016 1666 3055 eine
1700 3015 1806 3055 nach
1841 3013 1981 3055 Sfiden
2014 3012 2337 3067 vorspringende
2378 3013 2585 3054 Halbinsel

1351 3078 1593 3119 allmaehlich
1615 3078 1700 3118 sich
1724 3076 2012 3118 absenkenden
2035 3076 2294 3127 Hoehenzug,
2320 3075 2425 3115 nach
2447 3075 2584 3115 5ῦάοη

1352 3142 1487 3182 durch
1506 3142 1598 3182 eine
1624 3139 1872 3192 Landzunge
1900 3139 2124 3191 geschiitzt,
2159 3151 2212 3177 an
2247 3136 2372 3176 deren
2413 3137 2586 3178 anderer

1353 3205 1460 3245 Seite
1473 3202 1699 3245 wiederum
1711 3202 1809 3242 zvvei
1821 3200 2005 3241 Buchten
2022 3197 2198 3253 gebildet
2207 3197 2389 3248 werden,
2407 3199 2451 3238 in
2460 3197 2584 3239 deren

1354 3268 1531 3316 zweiter,
1575 3266 1667 3306 hart
1695 3278 1761 3304 am
1786 3264 1938 3311 Meere,
1971 3262 2062 3301 eine
2093 3261 2251 3313 Quelle,
2286 3259 2445 3301 freilich
2463 3269 2586 3301 etwas

1357 3329 1529 3382 salzigen
1559 3324 1857 3368 Geschmackes
1872 3356 1882 3374 ,
1908 3323 2106 3379 sprudelt.
2130 3326 2214 3363 Zur
2246 3322 2407 3364 Linken
2430 3323 2587 3377 springt

1356 3390 1428 3431 das
1452 3390 1569 3431 Land
1590 3389 1741 3430 wieder
1762 3403 1813 3428 zu
1837 3396 1940 3427 etwa
1958 3401 2035 3428 100
2055 3388 2155 3426 Fuss
2177 3385 2250 3426 auf
2261 3385 2348 3426 und
2363 3384 2491 3426 bildet
2506 3385 2586 3426 den

1357 3454 1610 3494 noerdlichen
1634 3452 1782 3493 Schutz
1811 3449 1885 3490 der
1911 3449 2060 3489 Bucht.
2085 3447 2174 3490 Auf
2189 3447 2323 3488 dieser
2350 3447 2496 3497 Hoehe,
2522 3447 2589 3487 die

1358 3516 1423 3556 ich
1437 3516 1512 3556 auf
1520 3515 1674 3555 steilem
1688 3511 1898 3567 Felspfade
1916 3511 1991 3551 mit
2015 3511 2192 3551 meinem
2204 3508 2353 3550 Pserde
2369 3508 2523 3550 erklom
2530 3524 2586 3558 m,

1359 3579 1432 3619 sah
1451 3579 1515 3618 ich
1543 3579 1608 3617 ein
1641 3576 1793 3616 kleines
1826 3573 2013 3626 Quadrat
2043 3587 2124 3614 von
2154 3574 2333 3622 Ruinen,
2360 3573 2502 3612 womit
2524 3573 2588 3611 ein

1359 3640 1579 3681 modernes
1615 3637 1809 3679 Grabmal
1828 3637 1976 3690 gebaut
1998 3637 2070 3686 ist,
2102 3644 2216 3676 sonst
2243 3634 2450 3675 durchaus
2472 3634 2591 3674 keinc

1361 3701 1714 3744 alterthfimlichen
1724 3703 1863 3748 Reste3
1883 3699 1980 3739 aber
1994 3697 2182 3739 dennoch
2196 3697 2306 3738 kann
2320 3697 2415 3737 kein
2431 3695 2590 3736 chisel

1363 3766 1579 3813 obwalten,
1598 3763 1689 3803 dass
1710 3762 1800 3802 hier
1826 3763 1884 3801 im
1913 3761 2090 3803 Winkel
2119 3761 2193 3801 der
2211 3760 2344 3801 Bucht
2363 3759 2436 3798 der
2458 3758 2591 3797 kleine

1365 3827 1562 3868 Hafenort
1580 3825 1728 3866 Phthia
1742 3839 1793 3864 zu
1809 3824 1962 3864 suchen
1980 3826 2046 3865 ist.
2081 3841 2096 3861 «
2119 3826 2203 3863 Zur
2220 3821 2490 3873 Bestaetigung
2509 3833 2592 3858 ma-

1365 3891 1439 3930 che
1455 3889 1519 3929 ich
1540 3887 1613 3928 auf
1627 3885 1842 3940 folgenden
1863 3887 2155 3927 interessanten
2170 3882 2374 3925 Umstand
2388 3880 2592 3922 aufmerk-

1365 3967 1466 3992 sam.
1501 3953 1585 3991 Der
1618 3949 1868 3990 Stadiasmus
1906 3948 2095 3990 bemerkt
2136 3946 2324 3988 naemlich
2358 3958 2410 3985 zu
2438 3943 2588 3985 Phaia:

1366 4016 1467 4069 ὕδωρ
1488 4013 1569 4068 ἔχει
1589 4012 1773 4053 συνακτὸν
1796 4010 1870 4052 ἀπὸ
1887 4012 2050 4053 σταδίων
2074 4009 2131 4051 ιε’.
2149 4012 2246 4051 Ν311
2263 4010 2312 4049 151
2321 4006 2415 4063 jene
2431 4005 2591 4058 Quelle,
