2782 4348
124 192 195 253 (⁴⁴,
208 192 284 255 45·)

25 303 107 343 hot.
121 299 336 357 χειμῶνος·
360 288 449 341 εἶτα
468 293 539 340 καὶ
561 291 635 345 τὰς
655 294 736 337 τῶν
759 292 890 336 κυνῶν
914 290 1076 346 θηλείας
1099 290 1347 352 ἀμέλγοντες

120 368 178 427 τῷ
201 365 378 426 γάλακτι
399 361 641 425 τρέφονται,
661 360 732 405 καὶ
747 359 794 412 ’ἐξ
818 359 954 405 ἄλλων
993 360 1036 404 δὲ
1073 359 1198 422 θήρας
1220 358 1350 422 ζῴων.

120 436 206 480 Καὶ
226 433 278 478 τὰ
299 431 372 492 μὲν
391 429 608 475 τελευταῖα
629 431 711 473 τῶν
734 428 835 490 πρὸς
868 427 1134 490 μεσημὸρίαν
1159 432 1345 473 τοιαῦτα.

180 518 234 548 61.
268 498 334 546 Τὰ
368 497 411 543 δὲ
443 497 552 543 κατὰ
588 496 680 549 τοὺς
699 495 1001 559 Τρωγλοδύτας
1030 500 1215 542 τοιαῦτα.
1287 495 1350 542 Τὸ

75 583 94 612 5
119 568 193 630 μὲν
211 568 323 628 γένος
345 570 418 622 τῆς
440 565 675 617 συστάσεως
697 564 880 627 τυραννὶς
894 599 906 622 ,
929 565 971 609 αἱ
995 563 1036 608 δὲ
1056 570 1243 625 γυναῖκες
1264 582 1351 609 κοι-

116 637 182 682 ναὶ
200 636 269 682 καὶ
291 637 328 681 οἱ
348 636 505 686 παῖδες·
530 634 634 697 μόνῃ
658 634 696 680 δ’
715 636 789 680 οὐκ
809 632 939 687 ἔξεστι
958 631 1187 688 πλησιάσαι
1203 636 1254 694 τῇ
1275 637 1349 678 τοῦ

117 704 332 767 τυράννου·
356 707 414 768 τῷ
438 703 480 749 δὲ
507 703 761 763 τολμήσαντι
792 703 1000 765 πρόὸατον
1028 701 1280 748 καταθέσθαι
1302 701 1348 747 τὸ

116 774 318 834 ἐπιτίμιον
343 774 514 820 δίδοται.
586 772 643 820 ‘H
675 772 718 818 δὲ
748 771 983 835 ἀναστροφὴ
1011 773 1160 816 αὐτῶν·
1182 770 1251 816 τὸν
1273 771 1347 831 μὲν

115 844 214 905 παρ’
238 844 374 894 αὐτοῖς
395 846 581 904 χειμῶνα
604 843 616 904 (
635 841 723 887 ἔστι
748 843 783 886 δ’
808 835 920 893 οἶτος
942 840 1021 886 ὑπὸ
1042 840 1136 893 τοὺς
1155 840 1346 902 ἐτησίας)

53 929 92 959 10
116 919 253 957 πᾶσαν
281 913 415 957 αὐτῶν
441 916 511 956 τοῦ
531 915 620 956 θεοῦ
644 910 717 967 τὴν
740 910 882 974 χώραν
914 911 1036 956 ὕδασι
1064 909 1231 972 λάὸροις
1253 910 1348 954 ἐπέ-

114 999 278 1042 χοντος,
314 981 383 1044 ἀφ’
405 979 579 1040 αἵματος
613 980 684 1026 καὶ
718 980 925 1040 γάλακτος
959 982 1097 1034 ζῶσιν,
1135 981 1191 1030 εἷς
1223 978 1348 1024 ταύτὸ

117 1049 306 1109 μίξαντες
340 1050 412 1096 καὶ
436 1050 677 1102 κυλίσαντες
712 1052 752 1095 ἐν
780 1049 955 1111 ἀγγείοις
990 1051 1080 1111 εἰκῇ
1105 1047 1348 1111 πεπυρωμέ-

114 1138 210 1171 νοις.
279 1120 415 1167 'Euam
435 1120 478 1166 δὲ
497 1123 643 1182 ἐπιστῇ
667 1119 713 1165 τὸ
737 1119 871 1181 θέρος,
899 1122 940 1164 ἐν
966 1122 1048 1171 τοῖς
1074 1118 1347 1179 τελματώδε-

115 1206 178 1233 σιν
202 1189 524 1252 ἀναστρέφονται
545 1188 733 1252 χωρίοις,
758 1189 986 1250 μαχόμενοι
1008 1187 1109 1251 πρὸς
1145 1188 1348 1243 ἀλλήλους

48 1276 87 1306 15
112 1259 205 1321 περὶ
237 1263 307 1304 τοῦ
347 1258 599 1320 χιλώματος.
667 1257 753 1305 Καὶ
787 1257 839 1303 τὰ
872 1257 1131 1320 πρεσὸύτερα
1160 1259 1240 1302 τῶν
1274 1260 1349 1319 βο-

0 1398 99 1441 Diod.
113 1389 213 1451 ὑπὲρ
237 1390 306 1436 δύο
325 1392 462 1448 ἐθνῶν,
481 1393 562 1435 τῶν
592 1409 635 1435 τε
653 1390 861 1436 Αἰθιόπων
884 1390 955 1436 καὶ
989 1394 1069 1436 τῶν
1089 1390 1342 1452 Τρωγλοδυ-

111 1462 208 1506 τῶν.
284 1459 410 1505 Ἀλλὰ
443 1459 536 1522 περὶ
571 1458 645 1519 μὲν
679 1460 887 1505 Αἰθιόπων
926 1459 1268 1521 ἀναγεγράφαμεν
1303 1461 1343 1503 ἐν

113 1528 250 1580 ἄλλοις
262 1565 274 1585 ,
295 1527 391 1591 περὶ
415 1527 457 1573 δὲ
480 1531 559 1572 τῶν
580 1529 889 1591 Τρωγλοδυτῶν
912 1533 980 1573 νῦν
1000 1531 1186 1590 ἐροῦμεν.

11 1649 16 1661 Ι
174 1613 229 1644 61.
273 1599 327 1644 Οἱ
364 1597 497 1642 τοίνυν
534 1598 829 1660 Τρωγλοδῦται
864 1597 1234 1659 προσαγορεύονται
1271 1596 1345 1656 μὲν

50 1684 91 1713 20
114 1666 190 1711 ὑπὸ
211 1669 292 1712 τῶν
308 1665 520 1721 Ἑλλήνων
543 1666 747 1725 Νομάδες,
771 1666 855 1728 βίον
877 1669 912 1711 δ’
933 1665 1093 1728 ἔχοντες
1118 1665 1199 1711 ἀπὸ
1216 1670 1344 1728 θρεμ-

113 1734 255 1793 μάτων
273 1735 492 1794 νομαδικὸν
524 1735 635 1780 κατὰ
658 1735 905 1795 συστήματα
933 1740 1248 1797 τυραννοῦνται,
1272 1735 1343 1780 καὶ

113 1801 220 1862 μετὰ
259 1806 340 1848 τῶν
375 1802 527 1849 τέκνων
561 1803 633 1854 τὰς
666 1811 862 1865 γυναῖκας
891 1803 1032 1866 ἔχουσι
1061 1803 1196 1856 κοινὰς
1234 1802 1344 1859 πλὴν

113 1878 209 1930 μιᾶς
240 1875 311 1927 τῆς
339 1877 408 1917 τοῦ
448 1872 669 1936 τυράννου·
706 1873 774 1919 τὸν
812 1873 854 1919 δὲ
888 1873 1017 1936 ταύτῃ
1052 1873 1343 1930 πλησιάσαντα

111 1940 336 2001 πρόστιμον
359 1945 380 1986 ὃ
404 1943 604 1998 δυνάστης
640 1942 867 2005 πράττεται
891 1943 1138 2004 τεταγμένον
1173 1941 1343 2006 ἀριθμὸν

50 2028 89 2057 25
111 2009 349 2072 προὸάτων.
423 2011 543 2058 Κατὰ
574 2012 616 2057 δὲ
646 2013 715 2058 τὸν
746 2015 827 2058 τῶν
864 2013 1039 2070 ἐτησίων
1061 2012 1201 2075 καιρὸν
1229 2031 1343 2072 γινο-

114 2079 244 2138 μένων
267 2083 365 2142 παρ’
390 2083 524 2133 αὐτοῖς
547 2081 712 2144 ὄμδρων
746 2082 953 2144 μεγάλων,
976 2085 1046 2146 ἀφ’
1072 2081 1243 2143 αἵματος
1273 2082 1344 2127 καὶ

112 2149 315 2207 γάλακτος
338 2151 636 2214 διατρέφονται,
675 2151 886 2210 μίσγοντες
919 2156 1051 2196 ταῦτα
1080 2152 1152 2197 καὶ
1188 2151 1343 2214 βραχὺν

112 2219 257 2278 χρόνον
274 2220 512 2281 ἑψήσαντες.
566 2221 687 2266 Μετὰ
707 2220 749 2265 δὲ
768 2226 898 2265 ταῦτα
915 2221 981 2266 διὰ
997 2221 1069 2276 τὴν
1089 2224 1168 2265 τῶν
1188 2220 1346 2280 καυμά-

114 2306 192 2331 των
217 2288 446 2349 ὒπερὸολὴν
466 2293 538 2344 τῆς
554 2293 679 2348 νομῆς
695 2288 1001 2351 ξηραινομένης,
1021 2288 1343 2352 καταφεύγουσιν

46 2375 86 2403 30
114 2359 168 2407 εἷς
191 2356 282 2409 τοὺς
311 2357 474 2408 ἑλώδεις
496 2358 642 2410 τόπους
658 2393 671 2417 ,
696 2360 767 2403 καὶ
792 2359 978 2421 περὶτῆς
999 2363 1070 2414 τῆς
1099 2359 1239 2421 χώρας
1267 2376 1344 2403 νο-

115 2430 193 2483 μῆς
224 2426 323 2486 πρὸς
345 2426 547 2480 ἀλλήλους
573 2426 862 2489 διαμάχονται.
930 2431 1025 2475 Τῶν
1050 2426 1092 2472 δὲ
1130 2427 1344 2489 βοσκημά-

113 2513 194 2538 των
226 2494 278 2539 τὰ
315 2495 575 2558 πρεσὸύτερα
611 2496 683 2541 καὶ
716 2504 846 2542 νοσεῖν
881 2497 1090 2559 ἀρχόμενα
1120 2496 1344 2542 καταναλί-

114 2582 299 2620 σκοντες,
321 2564 403 2609 ἀπὸ
425 2564 578 2610 τούτων
598 2565 666 2610 τὸν
692 2565 855 2611 ἅπαντα
875 2567 1020 2628 χρόνον
1046 2566 1343 2628 διατρέφονται.

114 2631 267 2694 Διόπερ
290 2632 364 2687 τὴν
398 2635 478 2677 τῶν
510 2633 659 2694 γονέων
698 2634 978 2696 προσηγορίαν
1011 2635 1233 2698 ἀνθρώπων
1271 2633 1345 2695 μὲν

17 2752 19 2754 ,
51 2716 89 2746 35
114 2701 245 2747 οὐδενὶ
259 2701 570 2765 προσάπτουσι,
596 2703 733 2766 ταύρῳ
758 2704 799 2748 δὲ
823 2704 894 2749 καὶ
917 2701 984 2766 βοῒ
1002 2704 1072 2749 καὶ
1095 2705 1219 2749 πάλιν
1242 2706 1344 2766 κριῷ

116 2837 270 2890 mulgos
298 2837 459 2878 caninis
478 2838 704 2894 capitibus.
731 2840 921 2893 Denique
949 2853 1041 2894 quae
1062 2839 1207 2881 Pollux
1229 2838 1349 2879 affert

115 2899 166 2939 de
201 2898 367 2939 sedibus
400 2900 751 2954 Cynamulgorum
797 2900 883 2955 περὶ
917 2900 966 2942 τὰ
1010 2901 1081 2953 ἕλη
1117 2901 1165 2942 τὰ
1200 2917 1347 2957 μεσημ-

116 2959 227 3016 6ρινὰ
241 2992 252 3012 ,
277 2961 321 3001 in
343 2961 659 3014 Agatharchidis
684 2963 912 3018 periegesin
936 2965 1092 3019 optime
1114 2963 1345 3018 quadrant,

116 3037 246 3077 quum
267 3024 468 3076 regioni§
500 3023 551 3077 59
588 3034 825 3066 memoratae
846 3026 982 3067 laeum
1013 3027 1195 3067 vicinum
1225 3026 1349 3067 fuisse

118 3101 169 3126 ex
186 3087 275 3141 ipso
293 3086 453 3127 AEliano
469 3086 717 3138 viderimus3
740 3103 763 3129 a
778 3103 861 3143 quo
879 3104 966 3130 non
982 3090 1038 3130 ita
1058 3089 1179 3144 longe
1200 3089 1350 3130 absunt

119 3149 197 3188 alii
221 3148 305 3189 duo
322 3179 333 3199 ‚
372 3149 443 3203 qui
478 3148 602 3191 hodie
641 3159 841 3192 vocantur
879 3152 1071 3205 Ashangi
1111 3161 1152 3193 et
1186 3153 1351 3194 Gunala

121 3209 321 3262 Ashangi,
342 3210 528 3252 Eandem
547 3221 708 3266 gentem
726 3213 839 3255 haud
856 3214 983 3256 dubie
995 3215 1100 3256 Bion
1116 3214 1227 3270 apud
1240 3215 1347 3256 Plin.

121 3272 196 3320 VI,
216 3271 264 3311 35
282 3272 381 3312 dicit
395 3274 711 3330 Ptoemphanas,
733 3276 806 3332 qui
826 3291 965 3317 canem
976 3291 1057 3333 pro
1073 3292 1160 3329 rege
1177 3277 1351 3328 habent,-

122 3341 230 3373 certe
252 3334 294 3373 in
319 3335 465 3376 eodem
486 3337 562 3377 hos
580 3346 713 3379 tractu
728 3338 931 3380 habitasse
962 3354 985 3380 e
1005 3339 1140 3381 Plinio
1162 3348 1203 3380 et
1219 3341 1350 3382 Ptole·

122 3409 226 3435 maeo
243 3397 319 3446 IV,
341 3411 381 3450 7,
401 3398 452 3446 34
470 3399 689 3453 colligitur.
713 3401 729 3454 Η
752 3425 809 3432 —
824 3401 951 3455 Quod
965 3403 1009 3443 in
1026 3403 1109 3443 fine
1127 3402 1250 3458 hujus
1265 3418 1351 3457 seg-

122 3458 245 3497 minis
277 3458 484 3500 Diodorus
519 3462 603 3502 ait:
632 3462 735 3503 ἀλλὰ
763 3464 849 3519 περὶ
878 3464 945 3519 μὲν
979 3464 1171 3506 Αἰθιόπων
1208 3464 1349 3521 ἀναγε-

123 3520 320 3574 γράφαμεν
338 3518 375 3560 ἐν
396 3521 543 3573 ἄλλοις,
560 3523 604 3563 id
621 3525 799 3579 pertinet
813 3526 863 3567 ad
884 3527 1008 3568 Siculi
1026 3527 1098 3568 lib.
1112 3530 1189 3568 III.
1208 3543 1245 3569 c.
1260 3542 1347 3583 2-7,

123 3581 194 3620 ubi
229 3580 281 3621 de
309 3582 470 3622 Meroes
499 3584 640 3625 insulae
673 3586 935 3642 AEthiopibus
971 3589 1139 3643 exponit
1154 3620 1165 3639 ,
1200 3588 1351 3630 deinde

123 3658 222 3684 vero
246 3644 408 3698 (8-10)
437 3645 561 3686 etiam
589 3646 642 3687 de
672 3648 852 3690 rudioris
885 3651 976 3691 vitae
1008 3651 1196 3705 gentibus
1213 3683 1224 3702 ,
1250 3667 1351 3708 quas

124 3705 251 3747 modo
266 3705 395 3746 fusius
409 3705 636 3762 descripsit,
653 3711 903 3763 generaliora
921 3712 1109 3767 quaedam
1123 3713 1347 3768 subjungit.

122 3770 266 3809 Testes
288 3777 327 3809 et
349 3768 481 3809 fontes
502 3768 640 3810 laudat
662 3770 779 3827 (HI,
808 3787 854 3813 11
877 3775 893 3827 )
923 3774 1237 3828 Agatharchidis
1259 3777 1353 3832 Περὶ

130 3829 249 3879 Ἄσίας
275 3831 427 3872 librum
459 3831 688 3873 secundum
717 3842 758 3875 et
786 3835 1039 3877 Artemidori
1074 3838 1352 3893 Geographia-

126 3908 220 3934 rum
239 3894 391 3934 librum
410 3901 616 3935 octavum.
640 3896 728 3935 Nisi
747 3895 878 3948 fallor,
900 3898 985 3953 ipse
1003 3900 1125 3940 etiam
1154 3902 1352 3954 Agathar-

127 3955 267 3996 chides
289 3956 332 3996 in
355 3970 429 3996 suo
450 3957 512 3996 De
530 3958 634 3997 mari
653 3957 796 3999 Rubro
818 3959 923 4000 libro
941 3962 1086 4015 quinto
1112 3963 1351 4018 AEthiopum

128 4013 440 4059 occidentalium
453 4020 703 4061 mentionem
724 4020 873 4063 faciens
888 4023 1079 4064 lectorem
1092 4024 1143 4065 ad
1158 4027 1353 4068 Asiaticas

1052 191 1132 236 DE
1165 191 1325 236 MARI
1359 192 1561 238 ERYTH
1571 194 1728 239 RAEO.

2561 215 2575 251 1
2589 217 2610 252 ὁ
2621 217 2645 253 3

1420 312 1572 338 canum
1595 299 1780 353 mulgent
1793 330 1805 350 ,
1825 307 1866 340 et
1894 298 1947 340 de
1968 299 2071 340 lactc
2091 303 2348 354 nutriuntur,
2372 308 2498 348 nihilo
2517 319 2650 353 tamen

1418 365 1556 406 minus
1589 381 1640 406 ex
1670 367 1843 407 aliarum
1879 381 2046 422 quoque
2078 367 2258 408 ferarum
2292 381 2460 426 captura
2491 378 2649 420 vivunt.

1419 434 1555 486 Atque
1574 433 1630 474 ita
1650 442 1856 488 postrema
1873 433 1926 474 ad
1947 433 2164 475 meridiem
2182 434 2386 491 descripta
2404 440 2622 486 habentur.

1476 503 1543 540 61.
1575 500 1922 556 Troglodytarum
1947 515 2074 556 porro
2103 502 2286 543 conditio
2309 504 2396 545 haee
2422 516 2496 549 est.
2556 514 2649 563 Qua

1418 581 1516 621 gens
1533 567 1620 607 haec
1640 569 1803 622 imperii
1814 568 1947 609 forma
1961 569 2198 609 continetur
2215 573 2399 624 tyrannis
2415 583 2490 616 est.
2535 579 2651 618 Uxo-

1417 649 1482 675 res
1496 665 1507 685 ,
1529 643 1576 674 ut
1589 643 1630 675 et
1646 635 1787 684 liberi,
1809 644 1906 676 sunt
1927 650 2182 677 communes.
2244 640 2348 680 Cum
2364 644 2527 696 tyranni
2546 644 2652 686 dun-

1417 710 1528 743 taxat
1549 701 1721 757 conjuge
1741 716 1831 743 rem
1849 703 2001 743 habere
2015 735 2026 754 ‚
2045 705 2232 746 vetitum.
2292 709 2382 749 Hoc
2402 718 2537 752 tamen
2553 727 2654 754 auso

1418 771 1675 827 deponendae
1719 773 1808 812 ovis
1842 772 1971 813 multa
2010 773 2228 827 irrogatur.
2288 778 2380 818 Mos
2415 781 2506 821 vitae
2544 783 2650 824 talis.

1417 840 1599 894 Quando
1631 842 1775 896 hyems
1794 850 1854 882 est
1879 841 1949 898 (id
1979 841 2092 897 quod
2126 844 2203 884 sub
2236 847 2466 888 Etesiarum
2489 857 2653 906 tempus

1418 911 1476 951 ibi
1505 918 1653 951 natura
1673 917 1959 966 comparatum
1986 910 2076 966 est)
2095 941 2106 960 ,
2129 911 2208 952 deo
2230 915 2437 967 regionem
2468 918 2649 972 ipsorum

1419 980 1537 1034 largis
1574 979 1802 1020 inundante
1824 980 1939 1035 aquis
1953 1010 1964 1030 ,
1987 990 2010 1020 e
2038 981 2234 1034 sanguine
2266 991 2306 1023 et
2326 983 2425 1024 lacte
2454 987 2651 1040 pabulum

1387 1096 1389 1098 ,
1418 1051 1510 1091 vitae
1543 1051 1712 1106 capiunt
1729 1081 1740 1101 ,
1762 1064 1854 1105 quae
1886 1052 1929 1090 in
1951 1064 2079 1090 unam
2100 1051 2230 1092 mixta
2261 1062 2496 1110 versataque
2526 1057 2653 1098 collu-

1418 1119 1553 1169 viem,
1591 1119 1635 1158 in
1669 1118 1758 1159 ollis
1789 1118 1843 1159 ad
1874 1119 2011 1172 ignem
2043 1118 2187 1159 leviter
2218 1120 2471 1163 calefaciunt.
2532 1127 2588 1166 At
2617 1127 2649 1165 si

1419 1196 1533 1228 aestas
1551 1188 1689 1238 instat,
1718 1188 1762 1228 in
1776 1187 1871 1228 udis
1883 1196 2099 1228 versantur
2116 1187 2216 1228 locis
2236 1189 2287 1230 de
2316 1192 2467 1245 pabulo
2483 1194 2590 1234 inter
2610 1210 2652 1235 se

1419 1255 1700 1311 depugnantes
1714 1286 1725 1306 ,
1750 1263 1790 1296 et
1808 1264 1898 1296 tum
1920 1270 2120 1311 pecorum
2152 1259 2370 1299 annosiora
2399 1268 2440 1300 et
2463 1262 2654 1303 morbida

1415 1395 1467 1436 de
1489 1394 1649 1435 duabus
1669 1395 1805 1435 adhuc
1828 1396 2017 1449 gentibus
2047 1396 2223 1447 dicatur,
2248 1398 2509 1454 AEthiopibus
2532 1401 2654 1440 nimi-

1413 1478 1507 1504 rum
1527 1472 1568 1504 et
1588 1463 1865 1518 Troglodytis.
1891 1465 2050 1504 Verum
2081 1464 2133 1504 de
2148 1465 2409 1520 AEthiopibus
2429 1467 2524 1507 alibi
2540 1483 2653 1508 men-

1414 1534 1473 1575 tio
1503 1533 1609 1574 facta
1633 1541 1716 1584 est3
1741 1548 1854 1574 nunc
1885 1548 1982 1587 ergo
2002 1534 2054 1574 de
2076 1534 2337 1590 Troglodytis
2356 1537 2595 1578 scribemus

1471 1610 1519 1646 61
1552 1608 1568 1660 (
1588 1610 1686 1662 Cap.
1715 1606 1814 1662 32).
1840 1607 2112 1662 Troglodytas
2135 1608 2260 1661 igitur
2284 1609 2417 1649 Graeci
2449 1611 2654 1652 Nomades

1414 1687 1633 1742 appellant.
1692 1688 1799 1727 Nam
1820 1701 1869 1727 ex
1889 1702 1934 1727 re
1948 1688 2140 1742 pecuaria
2157 1689 2241 1728 rim
2255 1697 2466 1743 pastorum
2483 1692 2651 1742 vivunt;

1414 1768 1486 1808 sed
1503 1782 1527 1808 a
1546 1768 1731 1823 tyrannis
1749 1769 1791 1808 in
1808 1776 1938 1808 certas
1960 1769 2093 1809 tribus
2107 1769 2225 1809 divisi
2246 1779 2461 1824 reguntur,
2478 1787 2658 1828 cumque

1413 1846 1551 1887 liberis
1587 1861 1737 1887 uxores
1768 1847 1923 1887 habent
1955 1862 2222 1899 communeS‚
2256 1858 2405 1904 praeter
2435 1865 2561 1891 unam
2594 1860 2657 1907 ty-

1414 1929 1556 1979 ranni3
1578 1942 1675 1969 cum
1697 1929 1774 1969 hac
1786 1930 1856 1983 qui
1880 1931 2159 1980 consueverit,
2181 1939 2293 1971 certo
2321 1932 2462 1972 ovium
2481 1948 2655 1975 numero

1414 2028 1437 2053 a
1458 2014 1645 2069 principe
1675 2012 1913 2053 mulctatur.
1975 2013 2061 2055 Sub
2080 2014 2225 2054 flatum
2243 2016 2474 2056 Etesiarum
2489 2049 2499 2066 ,
2525 2031 2654 2071 quum

1416 2113 1574 2153 magnae
1596 2098 1708 2154 apud
1727 2113 1797 2139 eos
1818 2098 1967 2153 pluviae
1989 2098 2211 2150 decidunt,
2237 2101 2434 2154 sanguine
2459 2109 2500 2142 et
2526 2101 2627 2142 lacte
2641 2135 2652 2151 ,

1414 2186 1522 2226 inter
1551 2200 1593 2226 se
1628 2186 1862 2226 commixtis
1895 2194 1935 2226 et
1957 2200 2181 2240 parumper
2213 2188 2363 2236 coetis,
2396 2189 2651 2230 nutriuntur.

1413 2275 1512 2314 Post
1530 2273 1618 2313 haee
1638 2272 1966 2313 exarescentibus
1985 2272 2081 2312 solis
2097 2280 2198 2312 aestu
2215 2274 2398 2327 pascuis,
2416 2273 2468 2314 ad
2486 2273 2653 2329 paludes

1416 2359 1673 2413 confugiunt,
1699 2359 1772 2399 ubi
1794 2358 1846 2398 de
1862 2358 1961 2398 locis
1982 2367 2159 2413 pasturae
2187 2359 2464 2400 accommodis
2486 2361 2592 2400 inter
2611 2375 2653 2400 se

1417 2445 1729 2500 deproeliantur.
1751 2443 1934 2486 Pecudes
1956 2445 2070 2484 senio
2089 2444 2151 2484 vel
2169 2444 2316 2485 morbo
2333 2444 2497 2486 affectas
2511 2446 2555 2485 in
2572 2446 2652 2486 cibi

1416 2546 1538 2572 usum
1559 2539 1739 2572 mactant
1757 2562 1768 2581 ,
1797 2538 1838 2571 et
1868 2531 1966 2571 hinc
1998 2545 2071 2585 per
2094 2545 2217 2572 omne
2238 2532 2331 2572 vitae
2355 2540 2517 2587 tempus
2538 2533 2655 2573 victi-

1415 2627 1518 2659 tant.
1578 2617 1765 2672 Ideoque
1779 2617 2017 2658 mortalium
2031 2618 2210 2669 nemini,
2228 2617 2301 2658 sed
2315 2626 2434 2659 tauro
2446 2627 2487 2660 et
2503 2633 2650 2669 vaccae,

1415 2717 1491 2743 nec
1525 2717 1610 2743 non
1644 2703 1760 2742 arieti
1791 2710 1831 2742 et
1866 2703 1932 2742 ovi
1961 2710 2180 2757 parentum
2217 2717 2371 2743 nomen
2405 2704 2650 2745 attribuunt.

1418 2839 1611 2879 historias
1629 2837 1889 2891 relegaverat.
1911 2837 2071 2878 Eodem
2089 2846 2198 2878 certe
2218 2837 2345 2878 modo
2364 2838 2407 2878 in
2422 2838 2535 2878 sinus
2555 2841 2655 2880 Ara-

1418 2901 1501 2941 bici
1529 2900 1805 2955 descriptione
1841 2899 1893 2956 (5
1921 2899 2005 2955 84)
2040 2900 2236 2940 lectorem
2269 2899 2322 2940 ad
2343 2900 2469 2940 alium
2501 2901 2651 2942 librum

1419 2966 1497 3017 Ag.
1532 2962 1746 3013 amandat;
1785 2961 1979 3017 idemque
2009 2961 2105 3003 facit
2127 2963 2170 3002 in
2196 2964 2409 3017 Excerptis
2442 2964 2526 3003 suis
2555 2966 2655 3005 Dio-

1419 3025 1569 3077 dorus,
1599 3040 1850 3081 quamquam
1874 3026 1918 3065 in
1954 3026 2081 3080 ipsius
2120 3040 2223 3080 opus
2261 3025 2463 3079 ejusmodi
2497 3028 2653 3067 notatio

1420 3090 1592 3130 omnino
1616 3103 1701 3129 non
1733 3087 1866 3128 cadat.
1896 3089 2001 3128 Tam
2034 3089 2252 3127 oscitanter
2271 3087 2504 3138 Diodorus,
2524 3089 2653 3129 imbe-

1420 3151 1520 3192 cillis
1542 3152 1685 3201 homo,
1707 3152 1751 3190 in
1770 3150 2029 3204 excerpendo
2049 3158 2247 3190 versatur.

1476 3216 1498 3266 S
1520 3218 1588 3256 61.
1615 3215 1678 3254 De
1695 3227 1740 3253 re
1753 3212 1807 3252 cf.
1829 3211 2083 3253 Artemidor.
2101 3226 2167 3266 ap.
2189 3211 2446 3251 Strabonem.
2466 3214 2653 3252 Pastores

1420 3275 1487 3315 isti
1500 3274 1776 3329 Troglodytae,
1797 3274 2023 3314 etiamnum
2041 3274 2218 3328 priscam
2237 3273 2327 3312 vitae
2345 3274 2546 3314 rationem
2567 3288 2647 3313 ser·

1421 3346 1575 3388 vantes‚
1591 3352 1674 3378 non
1687 3345 1770 3376 tam
1781 3335 1833 3376 ad
1844 3350 1959 3376 oram
1975 3335 2222 3375 maritimam
2235 3348 2358 3388 quam
2374 3335 2417 3374 in
2441 3335 2651 3375 montibus

1426 3400 1546 3452 Tigre
1556 3401 1670 3454 regni
1687 3398 1880 3439 hodierni
1897 3397 2150 3437 habitabant.
2172 3398 2227 3436 V.
2245 3398 2298 3437 G.
2315 3396 2502 3437 Niebuhr
2529 3398 2655 3438 Ueber

1419 3462 1487 3502 clie
1514 3460 1779 3516 Troglodyterg
1797 3459 1838 3500 in
1862 3459 1980 3511 Tigre
1999 3459 2042 3499 in
2066 3461 2253 3500 Muscam
2276 3458 2357 3512 stit·
2372 3459 2650 3500 Altertlzums-

1422 3524 1531 3565 wiss.
1556 3532 1659 3564 tom.
1688 3524 1744 3572 II,
1781 3524 1912 3572 1810;
1935 3522 2067 3561 Ritter
2087 3520 2218 3561 Erdk.
2239 3522 2275 3571 Ι,
2299 3535 2342 3576 p.
2369 3535 2461 3575 190,
2484 3524 2580 3572 248,
2612 3532 2651 3563 et

1421 3587 1492 3641 qui
1514 3586 1571 3627 ibi
1597 3583 1831 3626 laudantur.
1872 3584 1963 3638 [1-
1979 3587 2019 3624 6.
2043 3598 2130 3638 γυν
2145 3584 2283 3630 αῖκές
2306 3598 2357 3624 κο
2373 3583 2506 3639 wat]
2531 3585 2652 3625 Nunc

1420 3663 1659 3691 communes
1681 3647 1849 3703 quidem
1885 3647 2074 3688 mulieres
2096 3662 2181 3688 non
2210 3656 2331 3698 sunt,
2366 3656 2542 3688 attamen
2566 3663 2649 3688 ma-

1421 3712 1616 3754 trimonia
1651 3711 1862 3751 sanctitate
1896 3724 2065 3764 prorsus
2086 3717 2247 3760 carent,
2283 3709 2576 3763 levissimisque
2598 3709 2649 3749 de

1422 3775 1552 3815 causis
1573 3773 1801 3813 solvuntur.
1823 3774 1879 3813 V.
1894 3772 1992 3813 Salt.
2014 3771 2130 3814 Reise
2142 3771 2183 3813 in
2198 3771 2459 3826 Abyssinien,
2481 3784 2522 3824 p.
2544 3770 2621 3811 588
2634 3786 2645 3820 ;

1423 3836 1558 3878 Gobat
1576 3835 1719 3876 Basler
1736 3834 1860 3877 Miss.
1883 3837 2051 3886 Magaz.
2078 3835 2180 3882 1834
2198 3848 2239 3888 p.
2267 3846 2368 3886 292;
2393 3831 2534 3872 Jacobi
2553 3831 2645 3872 Ale.

1424 3904 1566 3952 Geogr.
1583 3901 1618 3948 Ι,
1643 3913 1686 3953 p.
1717 3899 1812 3952 391.
1853 3899 1869 3951 Η
1895 3922 1951 3928 -
1974 3913 2014 3952 7.
2032 3897 2305 3952 πρόὸατον]
2329 3895 2394 3935 Sic
2413 3901 2452 3933 et
2470 3895 2648 3934 Artemi-

1423 3963 1544 4011 dor.;
1581 3960 1741 4016 ἀριθμὸν
1765 3961 1966 4015 προῧάτων
1991 3959 2164 4001 Diodor.
2193 3959 2208 4012 Η
2230 3981 2287 3988 —-
2308 3958 2348 3997 8.
2372 3956 2520 3995 δέδοται
2549 3956 2596 3996 C.
2629 3957 2643 4009 Η

1423 4051 1478 4057 -
1493 4025 1556 4067 15.
1577 4023 1630 4065 τὰ
1650 4040 1730 4079 πρε
1745 4024 1945 4078 σῧὺτερα
1968 4039 1989 4063 κ
2002 4022 2051 4062 αὶ
2070 4036 2119 4062 νο
2133 4023 2317 4070 σοῦντα,
2333 4017 2451 4073 κτλ.]
2469 4016 2585 4058 Idem
2598 4017 2651 4058 de
