2756 4354
896 197 977 242 DE
1012 199 1327 247 MARCIANO
1368 205 1819 258 HERACLEENSE.

32 324 34 326 ·
103 321 159 351 ex
183 293 430 350 Lusitaniae
454 299 656 360 paraplo.
682 297 736 342 In
755 298 1002 344 Ptolemaeo
1026 300 1085 356 11,
1112 309 1138 354 4
1167 301 1246 362 (p.
1275 311 1331 356 40

95 360 276 434 Barth„
295 394 337 438 p.
366 375 449 420 115
474 366 614 417 Wilb.
634 374 647 431 )
667 373 730 416 ita
749 373 839 431 legi
874 374 990 418 solet
1014 380 1026 420 ε’

165 447 431 500 Ὀλιοσειπὼν
630 450 679 492 5⁰
718 446 786 491 10'
808 447 953 506 long„
993 452 1070 500 400
1110 448 1178 492 15¹
1200 450 1278 496 lat.

99 576 101 578 ,
162 526 300 586 Τάγου
320 522 488 568 ἐκὸολαὶ
644 521 690 563 50
727 521 798 565 50’
940 558 953 582 ‚
993 522 1063 574 40’
1105 523 1171 568 10'

99 593 208 647 adeo
240 609 290 643 ut
308 596 486 656 Olisipo
516 611 542 640 a
574 594 679 655 Taji
703 597 821 641 ostio
845 597 904 642 sit
926 613 1087 643 versus
1113 598 1326 655 boream;

38 685 51 691 ⁸
91 655 219 736 [quod
260 681 383 717 tanto
429 669 606 715 facilius
651 670 951 728 admiserunt,
977 689 1119 732 quum
1162 689 1328 718 nomen

88 748 361 810 *respondeat
379 746 602 791 hodierno
622 750 831 794 Lisabon.
849 747 943 792 Nos
965 764 1073 799 vero
1093 760 1142 793 ut
1161 766 1329 809 quaera-

95 837 211 879 mus,
235 838 292 867 an
311 838 405 866 non
428 821 704 866 recentiores
723 822 877 882 ipsum
898 823 1189 868 Ptolemaeum
1213 842 1325 870 cor—

92 899 306 953 rexerint,
333 897 439 943 sacit
455 895 596 941 editio
615 897 978 955 Argentinensis,
1000 899 1080 944 ubi
1099 900 1164 945 sic
1189 914 1200 946 ε

150 978 397 1024 Ὀλισείπων
539 980 590 1023 50
629 978 695 1023 10‘
721 973 843 1038 long.
867 983 945 1033 400
987 980 1054 1025 15'
1089 973 1167 1027 ἰαί.

89 1100 91 1103 ,
148 1053 288 1114 Τάγου
315 1053 482 1098 ἐκὸολαὶ
537 1056 586 1098 5⁰
622 1053 691 1108 4ο’
822 1089 835 1109 ,
863 1059 939 1106 400
974 1057 1031 1099 30
1053 1077 1071 1096 »

87 1139 132 1174 et
148 1145 250 1174 cum
264 1130 338 1174 his
355 1129 647 1175 consentiens
669 1130 928 1176 Marcianus
949 1148 994 1192 p.
1019 1132 1125 1188 547,
1153 1139 1225 1188 14,
1246 1135 1325 1193 qui

90 1220 117 1249 a
144 1205 335 1250 meridie
354 1220 514 1249 versus
550 1205 741 1249 boream
783 1206 1079 1265 progrediens
1102 1206 1159 1250 ab
1179 1207 1325 1252 Olisi-

83 1295 206 1340 pone
225 1279 281 1323 ad
306 1279 479 1337 Tagum
503 1297 521 1348 ¹.
532 1280 590 1323 fio
608 1279 773 1334 stadia,
794 1296 819 1324 a
836 1279 962 1338 Tago
979 1281 1036 1330 ad
1061 1281 1198 1325 Lunae
1218 1298 1324 1341 pro-

88 1356 366 1399 montorium
383 1355 472 1398 alia
501 1354 586 1398 150
605 1355 745 1399 stadia
765 1370 862 1400 esse
881 1356 1053 1416 prodit.
1070 1357 1169 1401 Huc
1193 1373 1323 1403 acce-

81 1430 153 1483 ¹dit
186 1429 308 1488 quod
336 1431 456 1472 hunc
490 1421 747 1489 Olisiponis
789 1430 925 1474 situm
966 1432 1015 1475 in
1051 1432 1319 1488 Ptolemaeo,

84 1506 193 1551 item
218 1520 243 1549 a
262 1504 452 1548 meridie
475 1504 663 1551 boream
701 1521 860 1551 versus
890 1518 1123 1566 pergente,
1140 1509 1324 1566 flagitat

37 1588 39 1591 '
77 1579 226 1632 >series
267 1581 547 1633 nominum,-
569 1590 611 1623 et
639 1580 762 1639 quod
800 1581 921 1640 apud
951 1581 1114 1626 Melam
1140 1599 1322 1643 quoque

84 1655 171 1711 Ill,
203 1673 240 1711 1,
262 1657 289 1699 6
310 1666 354 1700 et
376 1656 581 1700 Plinium
602 1655 677 1715 lv,
709 1656 765 1700 35
792 1657 817 1715 g
843 1673 858 1699 1
874 1658 927 1700 16
953 1658 1092 1703 series
1112 1659 1319 1703 locorum

83 1731 147 1775 ita
163 1730 314 1785 habet,
335 1740 385 1775 ut
402 1731 581 1791 Olisipo
614 1748 639 1776 a
659 1732 854 1778 meridie
872 1733 985 1792 Tagi
1006 1735 1113 1781 ostii
1137 1751 1317 1795 ponen—

82 1805 139 1849 da
194 1806 265 1850 sit.
304 1805 390 1850 Vix
425 1806 566 1864 igitur
610 1806 826 1867 dubium,
866 1809 979 1867 quin
1015 1826 1039 1854 e
1085 1810 1316 1855 Marciano

76 1889 125 1941 ¹et
149 1879 305 1924 codice
327 1880 432 1925 edit.
467 1881 578 1939 Arg.
609 1881 881 1927 Ptolemaeus
909 1894 1064 1928 noster
1084 1878 1316 1943 vcorrigen-

74 1956 165 2000 ‚dus
186 1958 258 2002 sit.
284 1957 402 2002 Aliis
421 1957 471 2002 in
490 1958 604 2003 locis
636 1959 909 2005 Ptolemaeus
927 1962 1063 2006 unius
1094 1962 1314 2007 Marciani

73 2031 346 2093 auctoritate
368 2033 677 2078 emendandus
693 2045 778 2078 est,
805 2035 879 2079 Sic
898 2036 1072 2094 ubique
1092 2054 1177 2097 pro
1201 2040 1316 2097 Βρε-

76 2105 245 2170 ταννία,
268 2107 537 2167 Βρεταννικαὶ
563 2111 678 2162 νῆσοι
699 2124 723 2152 e
741 2109 975 2154 Marciano
1003 2113 1314 2171 reponendum

37 2210 42 2215 ·
77 2191 145 2226 est
171 2181 430 2242 Πρεττανία,
465 2184 743 2242 Πρεττανικαὶ
766 2188 905 2242 νῆσοι,
940 2202 1075 2244 quam
1114 2198 1311 2232 veterem

79 2256 280 2300 nominis
297 2257 418 2316 apud
435 2272 606 2314 graecos
629 2261 873 2318 scriptores
897 2260 1086 2303 formam
1113 2262 1186 2319 (in
1210 2263 1315 2306 Dio-

80 2330 184 2375 dori
217 2348 399 2391 quoque
429 2343 482 2377 et.
507 2333 744 2378 Strabonis
776 2335 1014 2379 codicibus
1044 2336 1312 2381 melioribus

79 2406 293 2467 obviam)
326 2408 864 2471 paullatimexpulerunt
897 2410 1075 2455 librarii
1101 2411 1313 2456 Romanae

80 2483 280 2527 nominis
302 2484 461 2527 formae
490 2484 659 2528 addicti
687 2486 759 2542 (v.
788 2497 883 2531 not.
914 2503 960 2546 p.
991 2488 1078 2538 428
1105 2503 1174 2546 sq.
1197 2488 1226 2546 ).
1250 2514 1313 2522 —

77 2558 287 2602 Ceterum
307 2559 566 2604 Marcianus
586 2562 657 2604 vel
675 2562 827 2620 potius
843 2562 1118 2620 Protagoras
1136 2565 1311 2609 codices

78 2633 305 2678 Ptolemaei
323 2634 492 2693 passim
505 2633 600 2693 jam
622 2646 861 2696 corruptos
879 2636 1143 2682 adhibuisse
1159 2638 1307 2683 debet.

77 2706 153 2751 Sic
175 2724 223 2768 p.
251 2708 357 2767 549,
387 2710 440 2752 18
461 2709 720 2754 Marcianus
750 2711 813 2754 ait
837 2713 1188 2756 Tarraconensis
1205 2713 1309 2756 lon-

59 2783 329 2841 gitudinem
344 2784 516 2829 aNerio
534 2802 684 2845 prom.
708 2786 772 2844 (5⁰
802 2786 868 2829 15'
888 2787 1032 2846 long.‚
1050 2788 1128 2839 450
1153 2787 1217 2831 ιο’
1235 2790 1308 2833 lat.

77 2873 166 2903 sec.
188 2857 331 2919 Ptol.)
353 2859 409 2904 ad
427 2859 616 2905 Veneris
635 2861 854 2920 templum
876 2863 972 2920 (2οο
1005 2860 1090 2915 20’,
1115 2867 1192 2914 42Ο
1218 2863 1309 2920 20')

77 2947 172 2977 esse
204 2934 457 2978 stadiorum
500 2937 646 2991 7230,
690 2952 830 2994 quum
880 2951 968 2980 sec.
1017 2937 1308 2981 Ptolemaeum
1373 2978 1375 2980 .

77 3011 261 3055 nonnisi
302 3012 423 3055 circa
446 3013 566 3055 6000
610 3012 754 3056 stadia
790 3014 1000 3072 exputari
1024 3014 1213 3073 possint.
1247 3014 1311 3058 Ne

78 3096 228 3131 tamen
253 3103 495 3132 numerum
527 3088 747 3133 Marciani
771 3100 1035 3149 corruptum
1057 3105 1153 3135 esse
1177 3101 1310 3149 pute-

78 3176 194 3216 mus,
216 3162 408 3222 impedit
429 3164 661 3207 Ptolemaei
677 3164 819 3208 editio
840 3165 1206 3222 Argentinensis,
1229 3166 1309 3224 qui

78 3233 262 3280 Veneris
284 3238 502 3297 templum
530 3239 721 3282 collocat
745 3254 837 3282 non
871 3243 948 3283 20⁰
976 3238 1045 3283 20‘
1073 3239 1197 3297 long.
1231 3240 1309 3284 sed

81 3311 173 3366 23⁰,
200 3313 321 3370 quod
338 3330 439 3357 cum
459 3314 678 3358 Marciani
697 3325 910 3374 computo
927 3315 1135 3374 quadrat,
1151 3330 1309 3374 quam-

79 3399 213 3443 quam
236 3388 331 3445 ipse
365 3387 634 3433 Ptolemaeus
669 3389 732 3433 ita
762 3400 958 3434 statuere
994 3391 1182 3433 omnino
1217 3406 1308 3433 non

73 3460 242 3518 potuit.

142 3550 248 3590 227.
264 3534 481 3581 Ultimum
491 3540 752 3584 Marcianus
765 3556 879 3600 opus
896 3541 1080 3599 scripsit
1089 3544 1306 3598 periplmn

78 3614 213 3652 maris
232 3614 402 3665 interni,
422 3629 548 3668 quem
572 3630 596 3656 e
629 3617 846 3672 ,Menippo
882 3614 1098 3660 breviavit.
1132 3614 1162 3657 F
1169 3615 1306 3658 loruit

2451 253 2607 292 cxxxv

1394 305 1637 369 Menippus
1660 314 1681 356 ὃ
1707 315 1976 374 Περγαμηνός
2001 319 2013 376 <
2035 336 2082 379 p·
2111 323 2215 379 566,
2249 340 2291 371 et
2308 339 2362 383 ια
2386 336 2397 391 )
2422 339 2608 398 Augusti

1394 390 1438 424 et
1460 380 1639 428 Tiberii
1669 388 1979 449 temporibus,
2003 397 2189 452 aequalis
2211 399 2459 452 Strabonis.
2493 413 2610 460 Mar-

1394 454 1552 500 cianus
1593 460 1776 517 quidem
1820 473 1992 509 aetatem
2025 469 2261 528 scriptoris
2301 491 2388 521 non
2426 482 2610 544 indicat,

1395 529 1484 573 nisi
1506 533 1628 589 quod
1646 550 1692 593 p.
1723 536 1818 598 566,
1836 539 1955 584 inter
1970 545 2251 604 geographos
2269 549 2368 595 loco
2391 569 2611 612 postremo

1394 617 1615 649 memorat
1625 609 1978 671 Artemidorum,
1995 616 2262 664 Strabonem
2273 633 2316 667 et
2328 624 2585 690 Menippum
2601 654 2611 689 ;

1392 691 1417 719 e
1440 692 1530 736 qua
1553 680 1792 726 nominum
1825 688 1942 731 serie
1964 689 2036 733 vel
2077 703 2347 741 coaetaneum
2382 700 2614 752 Strabonis

1390 752 1461 795 vel
1506 751 1739 826 juniorem
1785 773 1839 802 eo
1884 759 2148 823 Menippum
2198 769 2333 815 fuisse
2379 778 2610 836 conjicias.

1391 825 1539 870 Porro
1564 844 1704 887 quum
1724 831 1948 890 Diogenes
1968 835 2175 896 Laertius
2196 842 2273 901 Vl,
2297 862 2373 890 101
2399 850 2514 896 inter
2537 869 2614 900 sex

1389 902 1643 964 Menippos,
1673 907 1753 965 qui
1787 908 1843 952 ad
1880 911 2046 956 calcem
2079 915 2183 960 vitae
2215 921 2413 983 Menippi
2450 927 2610 987 Cynici

1391 990 1700 1037 recensentur,
1723 993 1928 1028 nostrum
1947 990 2251 1049 geographum
2269 1011 2359 1039 non
2379 1014 2610 1058 memoret,

1389 1054 1502 1100 istos
1522 1067 1670 1101 autem
1689 1059 1896 1105 virorum
1921 1065 2242 1120 cognominum
2264 1069 2488 1121 indiculos
2506 1078 2614 1123 Dio-

1389 1145 1525 1188 genes
1567 1144 1772 1192 repetere
1817 1137 1958 1181 soleat
1987 1154 2043 1182 ex
2082 1157 2217 1201 opere
2252 1147 2354 1207 Περὶ
2389 1152 2612 1211 ὁμωνύμων

1386 1208 1568 1260 ποιητῶν
1603 1225 1645 1251 τε
1685 1209 1756 1254 καὶ
1795 1213 2062 1275 συγγραφέων
2103 1218 2320 1266 Demetrii
2365 1225 2582 1284 Magnesii
2597 1265 2608 1285 ,

1387 1281 1467 1340 qui
1493 1282 1729 1330 Ciceronis
1766 1289 1954 1346 aequalis
1976 1300 2020 1334 et
2058 1293 2194 1338 Attici
2225 1298 2459 1346 familiaris
2482 1315 2575 1348 erat
2600 1322 2609 1347 ε
2649 1311 2651 1314 ’

1385 1355 1494 1400 hinc
1515 1357 1824 1415 probabiliter
1853 1364 2040 1423 colligas
2071 1366 2398 1427 Pergamenum
2424 1390 2609 1434 geogra-

1384 1430 1526 1489 phum
1546 1431 1758 1479 floruisse
1768 1447 1871 1495 post
1881 1438 2168 1485 ‘Demetrium
2189 1443 2486 1503 Magnesium.
2510 1449 2612 1495 Cer-

1384 1506 1502 1550 tiora
1522 1510 1783 1568 suppeditat
1803 1508 2083 1571 epigramma
2109 1516 2165 1575 (*)
2194 1517 2455 1578 Crinagorae
2470 1534 2611 1582 poetae

1383 1581 1631 1641 Mytilenaei
1649 1619 1660 1640 ,
1681 1602 1816 1645 quem
1834 1591 2039 1647 Augusto
2057 1603 2099 1636 et
2118 1592 2307 1638 Tiberio
2327 1598 2609 1657 temporibus

1383 1658 1555 1704 vixisse
1572 1662 1802 1719 poematia
1817 1662 1995 1720 docent,
2019 1666 2240 1727 cujusque
2258 1669 2423 1715 Strabo
2449 1689 2494 1732 p.
2519 1675 2604 1730 617

1383 1734 1503 1778 inter
1523 1736 1594 1780 sui
1617 1738 1702 1781 aevi
1727 1737 2008 1798 Mytilenaeos
2038 1743 2239 1788 illustres
2261 1746 2480 1792 meminit.
2507 1748 2606 1793 Cri·

1382 1824 1576 1866 nagoras
1600 1812 1740 1870 igitur
1766 1829 1822 1857 ex
1845 1814 1976 1860 Italia
1994 1817 2042 1860 in
2066 1820 2255 1876 patriam
2281 1808 2487 1867 reuersus
2506 1823 2606 1868 ibi-

1382 1900 1470 1943 que
1486 1887 1767 1946 aliquamdiu
1787 1903 2091 1938 commoratus
2111 1911 2250 1953 quum
2266 1896 2415 1941 redire
2428 1898 2604 1943 tandem

1383 1959 1571 2005 Romam
1600 1963 1655 2006 ad
1690 1965 1860 2010 amicos
1883 1967 2042 2022 vellet,
2072 1968 2339 2013 familiarem
2362 1986 2490 2015 suum
2517 1972 2605 2016 Me-

1382 2035 1572 2095 nippum
1587 2071 1599 2092 ,
1622 2040 1930 2099 geographum
1955 2053 1997 2085 et
2020 2043 2187 2103 peripli
2213 2055 2457 2102 auctorem,
2481 2058 2600 2105 rogat

1379 2119 1428 2152 ut
1451 2110 1630 2155 itineris
1649 2113 1868 2158 maritimi
1892 2115 1983 2175 ipsi
2004 2117 2097 2160 dux
2116 2119 2175 2162 sit
2201 2136 2210 2162 :

1379 2198 1515 2247 Πλοῧς
1535 2217 1604 2255 μοι
1627 2202 1692 2243 ἐπ’
1716 2200 1898 2256 Ἰταλίην
1919 2202 2124 2248 ἕντύνεται
2143 2220 2153 2231 ·
2177 2207 2216 2257 ἐς
2236 2207 2312 2267 γὰρ
2333 2208 2512 2269 ἑταίρους

1439 2274 1686 2334 στέλλομαι,
1704 2270 1759 2321 ὧν
1783 2278 1861 2333 ἤδη
1887 2279 2007 2340 δηρὸν
2040 2280 2187 2340 ἄπειμι
2207 2284 2370 2343 χρόνον.

1375 2353 1512 2414 Διφέω
1537 2354 1570 2398 δ’
1591 2358 1779 2415 ἡγητῆρα
1799 2357 2031 2418 περίπλοον,
2055 2359 2095 2409 ὅς
2113 2360 2156 2418 μ’
2178 2362 2245 2405 ἐπὶ
2268 2362 2409 2416 νήσους

1438 2431 1656 2483 Κυκλάδας
1674 2433 1849 2495 ἀρχαίην
1866 2437 1902 2479 τ’
1923 2435 2008 2487 ἄξει
2030 2436 2098 2481 ἐπὶ
2118 2438 2312 2498 Σχερίην.

1375 2509 1458 2555 Σύν
1472 2510 1511 2554 τί
1531 2528 1599 2568 μοι
1613 2511 1737 2570 ἀλλὰ,
1757 2512 1964 2568 Μένιππε,
1985 2513 2130 2570 λαὸεὺ,
2147 2516 2258 2576 φίλος
2278 2515 2420 2579 ἵστορα
2455 2518 2598 2564 κύκλον

1437 2589 1598 2651 γράψας
1612 2625 1623 2644 ,
1646 2581 1679 2634 οἷ
1699 2590 1833 2645 πάσης
1852 2590 1931 2653 ἴδρι
1955 2593 2223 2655 γεωγραφίης.

1374 2668 1484 2721 Quae
1511 2669 1575 2712 ita
1597 2669 1796 2713 reddidit
1812 2670 2136 2730 Wesselingius
2160 2674 2208 2718 in
2232 2674 2337 2720 Itin.
2358 2691 2406 2734 p.
2431 2675 2517 2719 538
2545 2694 2554 2720 z

1437 2751 1630 2792 Currere
1643 2749 1691 2792 in
1708 2750 1899 2805 ltaliam,
1916 2761 2179 2811 veteresque
2198 2753 2398 2798 invisere
2411 2756 2596 2810 amicos,

1499 2843 1524 2871 a
1548 2827 1716 2886 quibus
1735 2829 1814 2872 ah!
1843 2830 2027 2888 longum
2050 2847 2190 2890 cogor
2214 2832 2392 2889 abesse,
2420 2833 2529 2878 libet
2555 2852 2564 2877 :

1437 2907 1602 2959 Quaero
1612 2907 1768 2951 ducem
1778 2941 1789 2962 ,
1809 2909 2008 2967 prudens
2025 2910 2104 2968 qui
2119 2926 2190 2955 me
2202 2912 2346 2955 maria
2358 2914 2510 2957 omnia
2520 2915 2600 2956 cir-

1468 2988 1704 3046 Cycladas,
1719 2989 1949 3049 antiquam
1962 2989 2211 3033 ducatetad
2220 2989 2463 3034 Scheriam.
2479 2990 2596 3049 [cum

1436 3068 1549 3112 Care
1560 3068 1787 3129 Menippe,
1797 3068 1928 3128 juva,
1944 3068 2109 3113 tabulis
2123 3068 2386 3128 positusque
2396 3068 2593 3111 locorum

1498 3149 1717 3205 inscribe,
1741 3167 1768 3194 o
1792 3161 1929 3194 totam
1949 3149 2079 3194 docte
2102 3149 2436 3208 geographiam.

1372 3237 1655 3296 Quamquam
1681 3248 1909 3296 postrema
1928 3237 2069 3282 verba
2091 3234 2233 3296 ἵστορα
2249 3229 2396 3279 κύκλον
2426 3236 2594 3278 intelli-

1373 3312 1518 3369 genda
1545 3313 1699 3371 potius
1733 3312 1948 3358 videntur
1983 3311 2038 3354 de
2075 3311 2245 3369 scripto
2284 3308 2341 3352 ab
2378 3308 2591 3369 Menippo

1371 3388 1576 3447 periplo,
1600 3402 1733 3444 quem
1754 3387 1870 3430 mitti
1895 3386 1984 3430 sibi
2004 3386 2114 3430 velit
2139 3385 2426 3442 Crinagoras.

1436 3465 1541 3509 228.
1570 3462 1764 3522 Scripsit
1783 3462 2021 3521 Menippus
2037 3464 2109 3516 τῆς
2128 3460 2236 3511 ἐντὸς
2257 3459 2464 3514 θαλάσσης
2479 3460 2593 3518 περί-

1371 3540 1496 3582 πλουν
1535 3537 1668 3582 libris
1702 3538 1864 3581 tribus.
1909 3537 2263 3580 Adornationem
2287 3536 2439 3595 operis
2473 3534 2593 3577 Mar-

1372 3613 1528 3656 cianus
1553 3613 1682 3656 docet
1703 3629 1747 3673 p.
1774 3612 1861 3656 568
1886 3613 1912 3670 S
1935 3614 1979 3656 6.
2002 3610 2159 3655 Sumto
2176 3627 2201 3654 a
2226 3611 2327 3654 fano
2346 3609 2472 3653 Jovis
2494 3608 2592 3653 Urii

125 3747 173 3793 (*)
201 3746 313 3784 Primi
332 3747 558 3795 epigramma
572 3749 769 3787 ediderunt
789 3751 992 3789 Salmasius
1008 3753 1046 3789 in
1072 3756 1226 3791 Exercc.
1254 3752 1347 3789 Plin.
1370 3762 1403 3799 p.
1421 3755 1488 3789 597
1506 3764 1517 3797 ;
1539 3751 1755 3788 Holstenius
1771 3750 1819 3787 ad
1844 3750 2020 3798 stephan.
2045 3752 2133 3798 Byz.
2163 3760 2198 3786 v.
2220 3750 2372 3797 Σχερίας
2391 3746 2590 3784 Wesselin-

74 3803 155 3850 gius
175 3803 214 3840 in
234 3803 318 3841 ltin.
338 3814 372 3851 p.
390 3807 473 3841 538.
494 3805 546 3841 Cf.
565 3806 689 3842 Brunk
707 3806 811 3844 Anal.
829 3811 919 3846 tom.
952 3811 999 3853 11,
1017 3820 1052 3856 p.
1087 3812 1167 3847 146.
1190 3809 1327 3848 Jacobs
1351 3807 1389 3844 in
1410 3806 1607 3854 Antholog.
1632 3808 1659 3844 t.
1677 3809 1725 3851 ΙΙ,
1752 3809 1840 3853 134,
1858 3806 1965 3853 cujus
1993 3806 2078 3843 vide
2106 3808 2251 3850 annot.;
2274 3803 2423 3840 Hudson
2451 3804 2540 3836 tom.
2566 3802 2580 3835 1

74 3869 111 3905 p.
130 3860 176 3895 75
195 3857 241 3894 ad
260 3857 401 3895 calcem
423 3858 598 3895 Marciani
618 3860 704 3896 ante
723 3859 924 3906 fragmenta
943 3863 1127 3910 Menippi;
1156 3866 1195 3902 S.
1219 3866 1260 3901 F.
1278 3865 1340 3902 W.
1363 3861 1565 3899 Hoffmann
1593 3863 1800 3909 Menippos
1825 3861 1897 3898 der
1922 3860 2126 3908 Geoqraplz
2147 3869 2222 3896 aus
2247 3860 2485 3903 Peryamon,
2502 3853 2587 3890 des·

67 3923 141 3958 ..sen
158 3915 254 3951 Zeit
271 3913 360 3951 und
381 3913 498 3951 Werls
518 3913 554 3950 in
574 3913 668 3950 libro
686 3915 886 3964 Diebalten
908 3918 1182 3966 Geoqraplzen,
1199 3920 1271 3957 etc.
1291 3921 1396 3956 Eine
1415 3916 1653 3963 Zeilsclzrz'st
1674 3919 1718 3954 in
1737 3916 1990 3963 zwanqlosen
2008 3915 2166 3961 Heflen.
2184 3915 2323 3973 *Ifrsles
2349 3910 2451 3956 chfc.
2475 3920 2522 3969 γ.Ι
2538 3911 2590 3946 14,

74 3970 240 4016 Leipzig)¹
255 3972 361 4015 1841,
382 3968 445 4006 ubi
464 3968 630 4016 disputat
649 3972 778 4005 contra
797 3971 839 4006 B.
862 3971 1086 4018 Fabricium,
1105 3974 1169 4020 qui
1186 3974 1462 4021 epigrammatis
1478 3972 1594 4008 nostri
1619 3972 1819 4010 immemor
1837 3972 1985 4008 aetatem
2014 3968 2173 4016 Menippi
2202 3970 2376 4004 incertam
2396 3973 2475 4002 esse
2487 3962 2589 4001 duxe-

73 4031 118 4060 ra
147 4023 185 4061 in
208 4022 354 4062 Archiv
373 4022 455 4068 sito·
475 4020 697 4071 Plciloloqe'e
714 4023 802 4061 und
832 4024 1087 4073 Paedaqoqe'lc,
1117 4031 1206 4066 18-'10
1229 4030 1257 4066 t.
1281 4031 1346 4075 Vl,
1366 4028 1452 4065 fasc.
1471 4030 1506 4065 4.
