2756 4354
0 0 59 208 ξ

904 159 986 203 DE
1018 158 1284 205 SCYLACE
1318 160 1784 210 CARYANDENSE.

7 206 37 243 τί
110 223 123 231 ι

2470 202 2606 238 vau

0 265 42 327 3
76 269 337 331 perierunt.
351 266 575 310 Praeterea
590 270 736 306 autem
755 259 1064 319 mythologica
1079 259 1175 304 haec
1192 259 1318 305 εἘπὶ
1390 262 1488 308 dies
1505 279 1598 309 non
1617 279 1644 309 a
1676 256 1850 325 populo
1872 266 1927 309 ad
1964 270 2183 327 populum
2200 307 2213 330 ,
2243 277 2320 319 sed
2343 294 2368 321 a
2398 295 2532 338 portu
2554 290 2608 334 ad

17 374 19 376 -
79 344 126 390 δὲ
149 347 208 406 τῷ
230 341 403 401 στόματι
418 340 477 401 τῷ
498 335 731 399 Κανωὸικῷ
749 337 836 380 ἐστι
859 338 979 390 νῆσος
1005 334 1155 397 ἐρήμη,
1178 329 1206 396 ᾗ
1225 334 1316 380 ὅνο-

83 438 144 478 μα
165 413 363 466 Κάνωὸος
377 431 386 442 ·
406 410 477 457 καὶ
490 410 644 471 σημεῖά
664 412 773 455 ἐστιν
798 411 839 454 ἐν
863 411 968 471 αὐτῇ
983 443 995 466 ,
1018 413 1087 454 τοῦ
1117 409 1313 456 Μενέλεω

83 500 154 540 τοῦ
173 489 421 553 κυὸερνήτου
443 492 514 534 τοῦ
535 486 616 533 ἀπὸ
634 486 800 549 Τροίας,
821 479 856 550 ᾧ
874 485 1003 546 ὄνομα
1029 484 1246 545 Κάνωὸος,
1268 484 1314 530 τὸ

85 572 242 629 μνῆμα.
275 563 455 624 Λέγουσι
478 560 520 608 δὲ
540 560 760 622 Αἰγύπτιοί
781 579 827 607 τε
851 559 921 607 καὶ
946 562 982 605 οἱ
1002 560 1254 622 προσχώριοι
1277 561 1313 604 οἱ

72 646 160 692 τοῖς
176 639 314 691 τόποις
336 636 566 698 Πηλούσιον
585 636 699 692 ἥκειν
719 635 787 680 ἐπὶ
810 634 855 680 τὸ
875 634 1046 691 Κάσιον,
1069 634 1141 679 καὶ
1162 634 1313 680 Κάνω-

74 734 154 763 πον
174 715 288 772 ἥκειν
308 714 375 759 ἐπὶ
398 713 472 769 τὴν
490 716 629 769 νῆσον,
653 704 699 756 οἷ
714 710 760 756 τὸ
779 715 926 771 μνῆμα
941 715 1011 756 τοῦ
1031 709 1310 772 κυὸερνήτουιε

76 793 171 837 haec
196 789 367 849 omnia,
400 788 611 848 inquam,
657 801 682 831 a
710 796 864 831 vetere
894 785 1076 847 periplo
1102 785 1252 830 aliena
1273 795 1316 831 et

0 855 3 858 ’
76 877 233 928 Υροεῑθιι
247 865 400 911 addita
418 879 516 909 esse
536 862 644 908 inde
664 863 846 922 colligis
863 897 875 918 ,
900 862 1025 922 quod
1042 878 1135 907 non
1157 863 1315 920 legun-

78 953 168 1000 tur,
184 941 278 987 ·ubi
300 940 357 986 de
383 939 478 985 Nili
503 940 634 985 ostiis
663 954 814 984 sermo
835 948 947 994 erat,
971 938 1048 983 sed
1074 948 1313 999 postquam

71 1019 167 1063 alia
194 1017 268 1062 his
298 1026 457 1061 auctor
494 1014 798 1074 subjunxerat
827 1024 871 1059 et
917 1029 1140 1058 summam
1175 1014 1314 1059 totius

68 1095 198 1154 ,Asiae
223 1093 395 1155 peripli
422 1091 516 1152 jam
538 1091 801 1150 collegerat,
828 1100 1057 1150 tamquam
1085 1089 1315 1150 appendix

1 1215 4 1218 .
72 1172 375 1232 adjiciuntur,
404 1169 539 1214 sicuti
563 1169 698 1213 etiam
724 1167 918 1227 Europae
938 1177 983 1211 et
1006 1166 1163 1226 Libyae
1182 1166 1315 1226 peri-

76 1249 166 1309 plis
189 1246 414 1305 ejusmodi
438 1245 757 1290 annotationes
781 1253 932 1288 assuta
954 1249 1052 1287 e'ss'e
1086 1242 1309 1287 videmus.

75 1323 284 1382 Denique
315 1319 552 1365 Canobum
580 1318 804 1378 oppidum
835 1317 1094 1361 Hei-odotea
1130 1317 1313 1361 demum

72 1406 203 1442 aetate
223 1395 294 1439 vel
321 1394 477 1454 paullo
495 1403 627 1437 antea
642 1392 869 1437 exstitisse
889 1407 1051 1452 parum
1069 1391 1314 1452 probabile

70 1482 156 1519 est.
177 1466 302 1516 Nihil
325 1482 433 1515 sane
457 1467 662 1513 tribuere
693 1467 827 1513 liceat
845 1466 1014 1513 fabulis
1040 1483 1138 1528 quae
1166 1467 1311 1527 origi-

71 1564 174 1594 nem
207 1546 340 1592 urbis
362 1562 389 1590 a
421 1545 642 1605 Trojanis
675 1544 961 1605 temporibus
994 1554 1206 1604 repetunt
1235 1546 1309 1604 (v.

73 1623 334 1670 Eustathius
358 1621 414 1667 ad
434 1622 570 1667 Dion.
593 1622 646 1664 13
665 1622 700 1681 ),
721 1631 765 1665 at
789 1621 921 1665 facile
936 1621 1148 1680 largieris
1169 1621 1309 1666 Cano·

72 1700 183 1745 bum
206 1699 411 1744 Menelao
435 1697 564 1742 navis
583 1696 937 1756 gubernatorem
956 1712 980 1741 e
1012 1697 1199 1742 nomine
1222 1697 1312 1742 loci

70 1776 271 1837 AEgyptii
285 1775 483 1820 effictum
514 1774 706 1830 esse3de
729 1773 918 1818 Canobo
942 1783 1092 1818 autem
1112 1773 1311 1818 fabulam

64 1865 127 1896 ex
156 1849 343 1908 Νόστων,
373 1859 422 1894 ut
470 1848 672 1904 videtur,
711 1847 998 1894 carminibus
1043 1859 1314 1909 acceperunt

69 1923 340 1985 logographi
389 1924 510 1968 inter
557 1939 726 1984 eosque
780 1916 1131 1984 antiquissimus
1166 1923 1312 1968 Heca-

69 2009 180 2044 taeus
192 1999 262 2060 (Ἴ,
275 2014 410 2058 quem
424 2000 559 2042 etiam
579 1999 729 2043 locum
747 1998 986 2043 Canobum
1003 2001 1050 2042 in
1069 1997 1313 2058 Libyae'pe-

19 2078 22 2079 ⁷
72 2073 194 2134 riplo
211 2089 489 2120 memorasse
505 2090 529 2118 e
549 2074 779 2135 Stephano
800 2075 1021 2135 Byzantio
1039 2073 1102 2137 (**)
1122 2084 1308 2119 constat.

73 2147 231 2208 Itaque
265 2149 356 2194 nisi
383 2149 598 2193 statueris
636 2150 745 2194 satis
767 2150 903 2208 longe
923 2160 1027 2193 ante
1055 2149 1309 2193 Hecataeum

67 2235 111 2268 et
135 2240 424 2270 communem
443 2225 674 2269 literarum
696 2241 829 2270 usum
856 2242 881 2269 a
911 2235 1152 2269 nautarum
1169 2226 1308 2282 vulgo

63 2300 336 2361 stadiasmos
361 2301 647 2359 conscriptos
671 2316 784 2354 esse,
821 2316 938 2359 quos
962 2300 1169 2359 Philippi
1198 2309 1308 2344 tem«

67 2371 262 2435 poribus
295 2388 453 2422 auctor
487 2379 658 2438 peripli
689 2378 861 2432 nostri,
891 2388 1049 2437 utpote
1085 2377 1143 2421 ab
1182 2379 1307 2422 omni

69 2451 420 2512 interpolatione
454 2450 620 2507 liberi,
652 2450 914 2509 adhibuerit
948 2466 960 2495 t
1008 2451 1125 2494 nihil
1170 2452 1307 2496 video

68 2526 194 2585 quod
212 2525 268 2570 ad
290 2526 606 2584 antiquitatem
639 2525 797 2579 fontis,
820 2541 875 2569 ex
901 2536 995 2584 quo
1029 2525 1210 2585 AEgypti
1229 2541 1306 2584 pa·

68 2601 224 2663 raplus
237 2602 405 2663 petitus
423 2601 498 2657 sit,
515 2600 820 2646 definiendam
836 2601 984 2646 facere
995 2601 1157 2661 possit.
1174 2601 1308 2655 Quod

67 2687 288 2738 praeterea
310 2678 360 2722 in
383 2677 566 2738 periplo
585 2677 752 2734 legitur
765 2676 951 2736 AEgypti
972 2677 1162 2735 figuram
1186 2678 1310 2720 simi-

70 2752 159 2804 lem
194 2767 291 2796 esse
328 2751 542 2812 bipenni,
584 2750 717 2810 cujus
741 2745 998 2795 arctissima
1037 2765 1144 2811 pars
1168 2751 1227 2795 sit
1252 2751 1307 2795 ad

2 2859 4 2861 »
67 2825 314 2886 Memphim
331 2860 343 2882 ‚
370 2825 492 2870 unde
519 2825 734 2885 deinceps
760 2825 998 2870 meridiem
1020 2841 1180 2870 versus
1201 2825 1306 2871 sub·

68 2900 174 2945 inde
196 2901 332 2946 latior
360 2901 438 2945 fiat
473 2917 483 2944 ε
521 2900 569 2944 id
600 2900 787 2960 quidem
810 2916 973 2961 parum
1001 2910 1207 2945 accurate
1237 2900 1307 2945 di·

70 2976 189 3020 ctum
214 2986 305 3032 est;
333 2986 375 3020 at
405 2976 576 3035 peripli
611 2985 842 3020 auctorem
881 2976 938 3020 de
962 2975 1309 3020 mediterraneis

43 3064 45 3068 ’
73 3050 183 3095 falsa
204 3050 368 3095 afferre
391 3050 508 3094 nihil
534 3050 646 3094 adeo
671 3053 836 3094 mirum
870 3049 1034 3110 habet,
1061 3065 1208 3110 neque
1232 3066 1309 3094 anu

67 3126 292 3184 tiquitatis
315 3125 539 3170 indicium
559 3125 668 3170 hinc
691 3126 1004 3186 repetiverim.

132 3202 209 3257 67.
232 3200 286 3244 In
307 3203 459 3258 Libyoe
496 3201 689 3261 paraplo
734 3217 880 3261 usque
913 3201 970 3246 ad
993 3200 1311 3259 Carthaginem

75 3284 230 3319 auctor
265 3275 408 3320 fontes
446 3275 711 3320 adhibuisse
749 3275 884 3321 debet
918 3279 1139 3337 optimos,
1172 3293 1313 3336 quum

1389 347 1576 396 portum
1595 347 1887 399 exputentur,
1912 339 2075 400 inipsa
2097 354 2243 387 autem
2263 347 2521 412 Pentapolis
2546 375 2611 404 re.

1387 411 1522 468 gione
1540 413 1797 458 accuratior
1823 413 2071 458 stadiorum
2101 431 2311 463 mensura
2341 425 2611 478 adhibeatur.

1386 483 1563 536 Quodsi
1590 488 1826 548 exceperis
1850 503 1951 547 quae
1974 489 2131 534 multis
2164 493 2327 537 seculis
2344 509 2446 554 post
2463 501 2613 549 Ptole-

1386 573 1526 604 maeus
1548 570 1592 605 et
1619 561 1860 607 Stadiasmi
1880 563 2078 624 scriptor
2098 580 2351 625 anonymus
2375 570 2428 614 de
2449 572 2616 634 Libyca

1387 649 1469 679 ora
1486 634 1795 693 tradiderunt,
1815 637 1933 682 nihil
1954 638 2174 685 habemus
2195 642 2319 700 quod
2342 643 2424 688 hac
2449 650 2613 709 peripli

1387 719 1517 770 parte
1557 711 1618 756 sit
1651 711 1943 758 luculentius.
1984 715 2227 760 Auctorem
2263 716 2363 776 ejus
2388 719 2617 778 juniorem

1387 801 1485 832 esse
1509 786 1759 848 Herodoto,
1786 789 1866 848 qui
1884 804 1941 834 ne
1960 788 2118 849 Syrtes
2135 792 2319 850 quidem
2344 793 2453 840 duas
2471 800 2615 856 novit,

1387 861 1579 907 dubium
1604 879 1698 908 non
1724 874 1808 920 est,
1838 865 1915 909 sed
1945 867 2112 910 certius
2156 877 2261 911 aetas
2288 869 2384 928 ejus
2406 875 2619 919 constitui
2687 903 2689 905 -

1387 940 1564 998 nequit.
1590 939 1735 985 Multo
1772 941 1926 986 minus
1958 942 2106 1002 liquet
2129 942 2185 987 de
2219 959 2270 987 ea
2304 947 2470 1006 peripli
2495 959 2620 1008 parte

1389 1030 1490 1074 quae
1500 1015 1808 1075 aCarthagine
1829 1018 2028 1078 pertinet
2041 1020 2099 1062 ad
2112 1019 2346 1065 columnas
2360 1022 2617 1072 Herculeas.

1452 1092 1527 1138 68.
1546 1091 1941 1146 Quemadmodum
1958 1096 2100 1154 igitur
2115 1094 2339 1141 Graeciam
2357 1107 2400 1142 et
2414 1097 2620 1145 Macedo-

1387 1166 1511 1236 niam
1549 1179 1708 1213 auctor
1745 1169 1902 1228 quales
1925 1170 2026 1229 ipse
2049 1169 2255 1231 Philippi
2291 1174 2422 1219 annis
2445 1185 2619 1234 postre-

1387 1243 1474 1287 mis
1503 1254 1713 1300 noverat‚
1741 1244 1977 1300 describit,
2004 1246 2069 1290 sic
2105 1246 2154 1290 in
2187 1248 2361 1307 reliqua
2385 1251 2522 1294 maris
2548 1252 2621 1296 in-

1387 1317 1506 1362 terni
1533 1334 1618 1379 ora
1635 1319 1780 1364 fontes
1806 1320 1962 1380 paullo
2001 1320 2283 1380 antiquiores
2308 1323 2510 1382 quidem,
2543 1326 2621 1370 sed

1386 1392 1467 1451 qui
1492 1392 1703 1455 Philippi
1728 1404 1857 1439 aetate
1892 1396 2197 1440 recentissimi
2220 1396 2358 1442 fuisse
2389 1398 2617 1455 videntur,

1387 1468 1652 1515 adhibuerit
1665 1488 1677 1526 3
1698 1481 1818 1515 certe
1855 1472 1904 1516 in
1941 1471 2084 1517 Italiae
2100 1506 2111 1528 ,
2135 1472 2309 1533 Illyriae
2331 1483 2375 1518 et
2393 1475 2512 1520 Asiae
2536 1477 2619 1521 mi-

1386 1546 1515 1590 noris
1535 1547 1727 1606 paraplo
1758 1546 1874 1591 nihil
1895 1548 2097 1593 occurrit
2128 1549 2251 1608 quod
2290 1564 2410 1594 anno
2451 1552 2538 1596 380
2562 1552 2621 1596 sit

1386 1622 1640 1683 recentius,
1666 1634 1710 1667 et
1733 1623 1782 1667 in
1807 1623 2002 1683 reliquis
2025 1624 2138 1668 nihil
2163 1625 2479 1685 suppeditatur
2495 1629 2617 1686 quod

1387 1709 1516 1757 cogat
1528 1708 1578 1743 ut
1594 1699 1650 1743 ad
1670 1699 1877 1745 altiorem
1897 1710 2070 1745 aetatem
2082 1701 2424 1747 adscendamus.
2442 1702 2617 1757 Nomen

1385 1776 1605 1832 auctoris,
1617 1792 1751 1836 quem
1764 1778 1814 1821 in
1829 1776 2087 1822 Graeciavel
2099 1777 2364 1822 Macedonia
2381 1779 2616 1837 scripsisse

1386 1862 1739 1897 consentaneum
1759 1863 1843 1908 est,
1862 1853 2106 1898 nescimus.
2124 1853 2233 1898 Post
2263 1853 2377 1898 alios
2403 1855 2495 1899 levi
2517 1854 2617 1899 bra-

1386 1927 1490 1972 chio
1511 1944 1606 1973 rem
1633 1938 1868 1987 tangentes
1891 1928 2228 1985 Sainte-Croix,
2247 1944 2380 1989 quem
2402 1946 2519 1975 unus
2541 1946 2614 1974 se-

1385 2014 1514 2049 cutus
1542 2015 1609 2050 est
1638 2005 1832 2060 Gailius,
1855 2005 2008 2050 nullus
2035 2004 2281 2060 dubitavit,
2315 2005 2428 2064 quin
2448 2005 2614 2064 Scylax

1383 2079 1514 2124 Darii
1538 2081 1778 2140 Hystaspis
1806 2081 1992 2141 aequalis
2023 2081 2345 2139 intelligendus
2368 2091 2507 2137 esset3
2539 2082 2609 2125 ni-

1384 2153 1551 2198 mirum
1572 2156 1610 2199 si
1636 2171 1736 2214 quae
1750 2155 1870 2199 vidit
1886 2171 1987 2199 cum
2008 2155 2092 2199 hac
2103 2156 2327 2200 sententia
2347 2171 2441 2199 non
2460 2156 2611 2199 conci-

1384 2229 1562 2284 lianda,
1585 2245 1637 2274 ea
1661 2233 1716 2273 ab
1741 2229 2148 2290 interpolatoribus
2166 2245 2262 2274 esse
2288 2230 2489 2289 prosecta
2512 2245 2615 2273 cena

1382 2303 1490 2358 suit,
1509 2304 1598 2347 alia
1609 2318 1734 2358 vero,
1746 2304 1960 2361 quaeitem
1977 2304 2195 2347 seriorem
2209 2313 2379 2348 aetatem
2393 2313 2606 2361 arguunt,

1384 2386 1459 2419 aut
1479 2377 1668 2419 omnino
1696 2391 1788 2419 non
1826 2376 2169 2431 animadvertit,
2201 2385 2278 2418 aut
2299 2377 2362 2418 ita
2384 2386 2451 2419 est
2467 2377 2609 2420 inter-

1381 2459 1601 2510 pretatus,
1626 2459 1677 2493 ut
1693 2450 1839 2492 exiis
1871 2449 1986 2508 ipsis
2010 2449 2324 2507 antiquitatem
2342 2449 2511 2508 peripli
2531 2450 2608 2494 de·

1382 2534 1640 2568 monstrare
1693 2531 1949 2567 conaretur.
2002 2522 2114 2574 Quae
2161 2522 2340 2580 singula
2385 2538 2522 2581 quum
2560 2524 2609 2568 in

1381 2599 1675 2643 annotatione
1698 2598 1869 2657 passim
1898 2596 2192 2641 indicaverim
2210 2630 2222 2652 ‚
2241 2607 2285 2640 et
2309 2612 2443 2656 quam
2464 2599 2610 2644 aliena

1382 2673 1473 2717 sint
1495 2672 1642 2716 acrisi
1658 2672 1862 2727 saniore,
1882 2672 2085 2715 certatim
2099 2670 2398 2726 Niebuhrius,
2421 2671 2609 2717 Letron-

1381 2747 1503 2803 nius,
1547 2746 1806 2791 Odofredus
1833 2746 2076 2801 Mullerus,
2114 2745 2383 2790 Clausenius
2423 2746 2608 2792 demon·

1382 2824 1590 2881 strarint,
1625 2838 1719 2867 rem
1745 2822 1915 2867 dudum
1946 2822 2232 2883 profligatam
2258 2822 2408 2867 denuo
2430 2833 2609 2883 pertra-

1383 2909 1503 2944 ctare
1522 2899 1639 2943 nihil
1657 2899 1827 2943 attinet.
1843 2897 1979 2943 Vetus
2000 2898 2187 2958 aliquod
2206 2914 2322 2959 opus
2344 2899 2609 2960 geographi-

1383 2990 1485 3019 cum
1526 2974 1850 3035 interpolatum
1896 2989 1993 3019 esse
2032 2990 2115 3035 per
2152 2990 2199 3019 se
2238 2974 2354 3019 nihil
2391 2974 2609 3020 absonum

1383 3049 1535 3106 habet,
1550 3061 1684 3110 atque
1696 3060 1900 3096 nostrum
1912 3066 2094 3110 quoque
2108 3051 2376 3111 opusculum
2390 3052 2610 3109 magistel-

1383 3126 1531 3169 lorum
1568 3126 1689 3170 notis
1737 3142 1761 3170 e
1802 3126 2007 3184 margine
2041 3126 2252 3170 assumtis
2303 3141 2610 3185 saepenumero

1386 3211 1564 3246 auctum
1584 3212 1627 3246 et
1650 3201 1882 3261 turbatum
1917 3218 2015 3258 esse
2049 3218 2187 3262 supra
2217 3201 2430 3247 vidimus.
2455 3201 2611 3262 ltaque

1387 3277 1566 3322 admitti
1603 3278 1954 3323 Sanctae-Crucis
1990 3279 2210 3323 sententia
2242 3289 2408 3339 posset,
2447 3279 2485 3323 si
2518 3295 2608 3324 uno

72 3351 121 3394 in
155 3366 235 3395 ora
267 3367 367 3411 quae
400 3352 522 3396 inter
555 3352 800 3413 AEgyptum
833 3364 877 3397 et
916 3353 1213 3413 Cyrenaicain
1244 3355 1316 3398 in-
1388 3354 1589 3399 alterove
1627 3356 1719 3399 loci
1760 3356 1943 3400 nomine
1965 3354 2133 3414 ejecto,
2161 3355 2337 3414 reliqua
2359 3354 2485 3398 Darii
2520 3355 2609 3413 Hy-

72 3423 255 3483 tffl‘jecta
289 3436 379 3486 est,
419 3426 643 3472 distantiae
685 3428 935 3473 secundum
1015 3421 1322 3482 navigationis
1390 3430 1556 3490 staspis
1607 3440 1780 3476 aetatem
1824 3431 2058 3477 referrent.
2104 3432 2234 3479 Nunc
2284 3444 2395 3474 vero
2434 3432 2498 3475 ita
2540 3445 2610 3475 res

124 3535 171 3581 (*)
197 3538 263 3582 Ap.
290 3536 440 3573 Aristid.
465 3540 531 3574 Or.
557 3539 636 3584 AEg.
656 3539 704 3582 11,
722 3548 757 3585 p.
782 3543 851 3576 359
873 3537 984 3576 Jebb.
1004 3553 1013 3576 ε
1031 3539 1075 3575 Ὁ
1095 3537 1213 3575 τοίνυν
1231 3537 1405 3581 Κάνωὸὀς
1426 3537 1542 3588 ὄνομά
1565 3539 1639 3577 ἐστι
1660 3539 1845 3578 Μενελάου
1862 3540 2096 3589 κυὸερνήτου,
2110 3541 2159 3582 ὡς
2175 3538 2366 3582 Ἑκαταῖός
2383 3551 2422 3576 τε
2441 3539 2485 3583 δή
2502 3551 2608 3582 φησιν

73 3592 92 3626 ὁ
114 3590 308 3638 λογοποιὸς
324 3592 443 3628 καὶτὸ
458 3593 578 3640 κρίνον
592 3597 656 3638 τῆς
669 3594 788 3642 φήμης
802 3605 811 3612 ·
837 3593 879 3631 οὗ
896 3595 1177 3640 τελευτήσαντος
1191 3595 1271 3643 περὶ
1291 3595 1352 3631 τὸν
1367 3593 1480 3631 τόπον
1501 3599 1629 3633 τοῦτον
1645 3595 1808 3633 λείπεται
1831 3597 1993 3643 τοῦνομα
2016 3596 2137 3642 ταυτὶ,
2161 3596 2266 3644 φημὶ,
2287 3597 2337 3639 ὡς
2360 3595 2532 3639 Ἕλληνες
2552 3594 2608 3631 λε’-

72 3660 193 3695 γουσι.
212 3649 335 3685 Locus
346 3647 539 3685 addendus
558 3649 772 3696 fragmentis
800 3651 978 3688 Hecataei.

125 3702 195 3750 (**)
214 3703 270 3739 st.
294 3703 337 3740 Β.
363 3716 372 3739 2
391 3702 579 3747 Ἑλένειος,
594 3704 704 3747 τόπος
720 3706 807 3753 πρὸς
821 3709 874 3754 τῷ
889 3707 1057 3755 Κανώὸῳ
1069 3718 1078 3726 ·
1099 3707 1291 3750 Ἑκαταῖος
1304 3707 1514 3756 περιηγήσει
1530 3707 1680 3751 Argum.
1696 3708 1747 3745 Τὸ
1769 3707 1906 3744 ἐθνικὸν
1923 3706 2132 3748 Ἑλενειεὺς.
2148 3709 2273 3750 Quum
2293 3705 2329 3741 in
2351 3703 2466 3751 Libya
2485 3712 2607 3740 recen-

75 3759 202 3795 seatur
226 3757 344 3802 locus,
365 3755 413 3793 ab
428 3756 623 3795 occidente
648 3760 826 3797 Canobici
842 3761 925 3798 ostii
944 3762 1151 3809 ponendus.
1175 3763 1316 3801 Ibidem
1340 3764 1595 3802 collocandam
1623 3775 1701 3801 esse
1730 3763 1877 3802 Thonin
1900 3763 2031 3800 urbem
2056 3773 2077 3799 e
2099 3764 2226 3799 nostro
2246 3761 2386 3808 periplo
2409 3759 2604 3805 colligitur,

74 3812 170 3849 etex
189 3811 333 3849 ratione
350 3821 427 3859 qua
444 3811 581 3848 fabulae
603 3813 760 3860 Canobi,
775 3815 918 3854 Thonis
930 3820 968 3855 et
988 3817 1130 3856 Helenii
1151 3820 1302 3856 nomina
1317 3819 1686 3866 Junguntprobabile
1707 3819 1760 3856 fit.
1783 3842 1830 3850 —
1850 3821 1890 3855 ln
1908 3817 2085 3857 Hellanici
2107 3817 2151 3854 sr.
2173 3820 2184 3861 (
2205 3819 2244 3853 F.
2270 3818 2314 3853 H.
2331 3817 2357 3852 t.
2381 3817 2444 3858 IV,
2463 3824 2496 3860 p.
2517 3813 2601 3858 632)

75 3877 134 3914 ap.
150 3868 229 3906 sch.
246 3868 378 3917 Odyss.
390 3866 421 3906 δ’
444 3873 514 3910 288
534 3881 601 3917 pro
619 3871 770 3918 vulgata
788 3887 798 3910 ι
813 3874 833 3910 ὁ
852 3876 976 3919 Θῶνος
996 3876 1046 3923 (l.
1069 3874 1177 3922 Θὼν)
1199 3875 1367 3924 βασιλεὺς
1383 3875 1426 3921 ἦν
1440 3878 1506 3912 τοῦ
1528 3875 1705 3912 Κανώὸου
1718 3874 1780 3911 καὶ
1799 3876 1864 3911 τοῦ
1883 3872 2096 3922 Ἡρακλείου
2114 3870 2308 3919 στόματος,
2330 3869 2397 3916 legi
2415 3867 2526 3915 possit
2541 3869 2605 3903 τοῦ

75 3923 255 3961 Κανώὸου
275 3926 370 3962 κατὰ
384 3925 426 3962 τὸ
442 3925 654 3974 Ἡράκλειον
670 3926 812 3975 στὸμα;
831 3932 869 3966 at
884 3931 953 3975 leg.
979 3933 1102 3978 potius
1118 3935 1182 3968 τοῦ
1198 3932 1416 3969 Κανωὸικοῦ
1440 3933 1505 3967 τοῦ
1520 3931 1583 3967 καὶ
1603 3931 1703 3979 Ἡρ.,
1717 3930 1852 3967 collata
1871 3938 1956 3975 qnae
1971 3928 2112 3974 absque
2127 3925 2290 3962 auctoris
2310 3924 2458 3961 nomine
2475 3920 2603 3958 eadem

78 3978 188 4014 tescit
215 3980 430 4017 Enstatliius
445 3981 490 4016 ad
515 3984 624 4018 llom.
653 3981 674 4018 l.
696 3982 720 4018 l.
744 3994 752 4018 :
778 3985 878 4020 Φασὶ
905 3986 942 4020 δὲ
971 3987 1078 4023 αὐτὸν
1101 3988 1254 4035 βασιλέα
1272 3987 1364 4024 εἶναι
1382 3990 1447 4024 τοῦ
1476 3986 1572 4022 κατὰ
1594 3985 1768 4023 Κάνωῧον
1788 3984 1949 4029 Νειλῴου
1967 3982 2161 4031 στόματος,
2189 3980 2331 4029 εὑρέτην
2347 3980 2506 4027 ἰατρικῆς
2522 3977 2606 4023 παρ’

74 4034 301 4082 Αἰγυπτίοις,
318 4036 403 4084 παρ’
423 4035 466 4073 οὗ
483 4037 545 4073 καὶ
564 4036 666 4074 πόλιν
684 4039 801 4075 Θῶνιν
820 4039 832 4085 (
849 4041 973 4082 Θῶνος
994 4042 1109 4079 scliol.
1138 4043 1274 4087 Hom.)
1295 4042 1554 4091 ὀνομασθῆναι.
