2782 4348
102 147 193 207 (³³-)

164 268 217 298 87.
245 255 283 299 T
287 259 535 299 IBAPHNOI.
581 246 702 295 Μετὰ
737 246 779 291 δὲ
817 245 1056 296 Μοσσύνους
1095 244 1205 296 ἔθνος
1243 246 1328 290 ἐστὶ

100 321 341 382 Τιὸαρηνοί.
464 366 468 371 ,

164 406 220 436 88.
247 392 487 437 ΧΑΔΥΒΕΣ.
514 385 633 430 Μετὰ
659 385 702 430 δὲ
726 380 986 443 Τιὸαρηνοὺς
1010 380 1198 433 Χάλυὸές
1227 382 1326 425 εἰσιν

103 459 210 510 ἔθνος
226 493 239 517 ,
265 456 334 503 καὶ
361 459 396 503 Γ
399 455 542 509 ενήτης
571 452 696 512 λιμὴν
716 451 921 506 κλειστὸς,
955 450 1189 510 Σταμένεια
1215 450 1332 501 πόλις

101 526 291 582 Ἑλληνὶς
303 559 316 584 ,
334 524 404 569 καὶ
425 521 608 569 Ἰασονία
633 521 852 583 ἀκρόπολις
869 519 1076 574 Ἑλληνίς.

100 660 197 698 στῶν
208 654 397 708 ’ποταμός,
416 653 632 703 similibuS,
651 667 742 707 quae
758 667 842 692 non
855 660 950 692 sunt
966 652 1135 691 nomina
1147 651 1329 706 propria,

60 710 64 715 ¹
99 716 169 758 sed
188 731 208 757 a
232 724 380 756 natura
412 714 633 770 indoleque
655 715 733 755 loci
753 715 878 769 petita
907 713 970 754 vel
999 714 1215 754 nominum
1234 727 1332 768 pro-

97 780 284 834 priorum
307 792 534 834 synonyma
553 777 615 818 vel
634 778 854 817 versiones.
877 777 942 817 Sic
963 776 1143 830 Χοιράδες
1156 807 1166 826 ,
1195 790 1330 831 rupes,

97 841 179 882 dici
199 849 359 896 poterat
373 840 472 881 urbs
494 854 584 894 quae
599 839 651 880 ab
670 840 767 894 ipsis
783 838 926 879 incolis
945 838 1167 879 vocabatur
1186 837 1333 878 eodem

96 905 278 944 nominis
300 917 421 943 sensu
441 903 630 958 Κερασοῦς
650 901 689 958 (a
708 902 861 956 κέρατα,
884 902 1000 956 rupis
1023 900 1188 956 cornu).
1212 900 1333 941 Simi-

98 964 191 1006 liter
214 966 402 1020 Κερασοῦς
417 966 530 1006 locus
552 979 675 1019 quem
701 967 723 1017 S
747 967 797 1017 89
822 963 963 1018 Scylax
987 971 1202 1013 memorat,
1224 962 1333 1018 apud

98 1027 197 1068 alios
216 1037 385 1069 vocatur
403 1028 611 1074 Σκόπελος.
635 1028 800 1067 Novum
818 1027 1053 1068 Pharnaciae
1071 1040 1222 1066 nomen
1238 1039 1332 1065 cum

97 1091 366 1131 Ponticorum
401 1105 544 1144 regum
578 1090 751 1144 imperio
781 1089 971 1139 evanuit,
1003 1088 1331 1143 pristinumque,

97 1154 160 1192 uti
183 1153 270 1193 fieri
286 1153 401 1203 solet,
418 1160 692 1207 resumptum.
712 1152 904 1192 Ceterum
922 1150 1013 1205 plus
1035 1149 1158 1190 semel
1181 1158 1335 1190 utram-

32 1243 36 1247 -
99 1229 179 1269 que
214 1217 480 1257 Cerasuntem
512 1214 724 1255 confusam
759 1228 845 1253 esse
877 1213 1068 1268 proclivis
1101 1211 1335 1266 conjectura

99 1287 174 1328 est,
197 1279 338 1333 reique
352 1278 585 1333 exemplum
602 1291 725 1332 supra
739 1275 964 1316 attulimus.
983 1277 1046 1315 De
1061 1275 1191 1315 ruinis
1206 1275 1334 1315 Phar-

99 1342 224 1381 naciae
241 1356 279 1381 v.
298 1340 506 1381 Hamilton
522 1340 551 1380 l.
573 1339 600 1379 l.
623 1341 658 1389 I,
676 1353 718 1394 p.
738 1342 833 1378 262.
855 1341 873 1391 ll
889 1337 994 1378 —''A
1009 1353 1028 1392 ρ
1043 1353 1058 1378 ε
1072 1354 1103 1377 ω
1116 1353 1132 1384 ς
1160 1339 1212 1389 νῆ
1227 1339 1330 1392 σος]

99 1419 150 1444 ex
171 1403 342 1444 adverso
365 1402 599 1444 Pharnaciae
618 1402 701 1441 sive
725 1401 959 1442 Cerasuntis
983 1401 1067 1441 sive
1083 1399 1334 1441 Choeradum

99 1455 195 1515 sita3
229 1479 341 1505 nunc
363 1463 682 1504 Kerasun·Ada.
700 1462 809 1503 Vide
829 1462 881 1504 de
910 1463 1042 1503 insula
1060 1461 1206 1503 fabulis
1228 1463 1335 1504 clara

97 1529 308 1581 Anonym.
325 1526 476 1580 Peripl.
496 1528 518 1578 §
536 1526 586 1579 37
605 1534 645 1565 et
662 1526 712 1574 34
734 1524 747 1581 (
771 1524 898 1579 Ἄρῆος
917 1533 957 1565 et
981 1524 1150 1580 Ἄρητιὰς
1171 1526 1285 1577 νῆσος
1300 1525 1348 1581 );,

98 1588 290 1644 Apollon.
314 1589 393 1628 Rh.
412 1589 468 1638 ΙΙ,
493 1588 612 1629 1031.
640 1590 760 1641 1047.
785 1591 888 1641 1069
906 1602 1014 1641 sqq.;
1030 1588 1138 1628 Mela
1151 1590 1207 1639 II,
1231 1603 1271 1642 7,
1291 1602 1330 1638 23

98 1651 250 1706 Hygin.
280 1650 379 1692 Fab.
416 1651 489 1700 303
526 1650 682 1691 Plinius
705 1652 780 1700 VI,
813 1651 858 1690 13
890 1648 1179 1705 (Chalceritis‚
1208 1666 1332 1707 qaam

99 1713 232 1754 Graeei
254 1713 425 1755 Areiam
443 1712 637 1753 dixerant
655 1712 687 1769 ).

154 1779 176 1829 §
215 1778 282 1831 87.
319 1778 381 1816 De
415 1776 583 1830 regione
609 1776 914 1816 Tibarenorum
946 1785 1095 1831 praeter
1130 1777 1248 1818 allata
1277 1777 1330 1818 cf.

98 1842 308 1894 Anonym.
332 1842 353 1892 ς
374 1840 442 1889 33,
470 1839 540 1893 qui
558 1838 761 1879 habitasse
782 1853 852 1879 eos
874 1839 930 1880 ait
955 1854 979 1880 a
1003 1841 1183 1895 Cotyoro
1204 1855 1335 1895 usque

98 1902 151 1942 ad
176 1902 478 1943 Polemonium.
516 1899 616 1955 Ejus
637 1902 848 1942 sententiae
888 1902 1089 1955 originem
1111 1916 1235 1957 supra
1264 1917 1335 1943 ex-

97 1965 231 2020 posui.
252 1964 397 2005 Strabo
411 1964 639 2004 Tibarenos
660 1963 823 2005 Colchis
842 1964 1005 2004 vicinos
1022 1963 1118 2004 facit
1138 1966 1154 2018 (
1170 1979 1212 2020 p.
1238 1979 1331 2019 129.

100 2028 196 2081 309.
223 2026 316 2081 527.
337 2026 432 2075 534.
458 2026 552 2076 540.
578 2026 673 2075 548.
699 2026 776 2066 555
795 2026 827 2082 ).
849 2028 912 2066 De
925 2026 1110 2067 moribus
1143 2028 1272 2080 gentis
1292 2043 1331 2069 v,

98 2089 234 2144 Apoll.
265 2088 403 2130 Rhod.
435 2091 492 2140 II,
528 2102 633 2130 1010
662 2102 753 2142 sqq.
789 2088 930 2143 ibique
953 2088 1101 2139 schol.;
1142 2090 1334 2145 Ephorus

98 2150 150 2191 fr.
188 2153 266 2201 823
297 2152 497 2206 Scymnus
530 2151 637 2205 9153
665 2150 816 2200 MelaI,
843 2165 908 2204 19,
942 2165 1012 2202 103
1031 2152 1203 2206 Dionys.
1231 2156 1330 2206 767;

29 2257 32 2260 ,
97 2213 385 2268 Nymphodor.
428 2212 479 2253 fr.
517 2213 564 2253 15
592 2214 697 2266 (Fr.
733 2213 840 2252 Hist.
881 2221 984 2252 tom.
1013 2214 1073 2262 H,
1109 2227 1151 2267 p.
1194 2213 1330 2269 379);

98 2275 204 2316 Plin.
235 2277 455 2326 XXXVII,
489 2279 557 2324 42.

157 2339 179 2389 §
197 2338 264 2378 88.
289 2337 489 2392 Chalybes
509 2345 603 2392 post
620 2337 847 2378 Tibarenos
866 2345 1097 2378 memorant
1126 2338 1332 2392 EphoruS,

99 2399 343 2453 Apollonius
375 2398 578 2449 Rhodius,
618 2399 861 2453 DionysiuS,
893 2399 1021 2449 Mela,
1057 2399 1235 2449 Plinius,
1268 2401 1334 2441 alii

103 2461 173 2516 (v.
215 2463 375 2515 §86);
412 2462 550 2501 minor
582 2470 642 2501 est
677 2475 899 2501 consensus
930 2460 982 2501 de
1016 2460 1173 2502 ditione
1205 2463 1335 2516 gentis

100 2525 222 2564 certis
244 2523 443 2564 limitibus
473 2523 862 2564 circumscribenda.
884 2523 1083 2578 Chalybes
1101 2524 1211 2564 enim
1230 2539 1336 2565 nun-

100 2600 225 2640 quam
241 2586 284 2625 in
298 2600 382 2626 una
396 2585 620 2641 eademque
635 2601 778 2627 omnes
789 2587 956 2640 regione
974 2586 1176 2627 habitasse
1196 2587 1334 2628 viden-

100 2657 183 2698 tur,
205 2647 277 2688 sed
294 2661 368 2702 per
382 2656 510 2689 totam
528 2649 650 2690 Ponti
667 2663 782 2689 oram
802 2648 1128 2699 meridionalem,
1153 2665 1228 2690 nec
1250 2665 1334 2691 non

99 2725 173 2767 per
209 2709 530 2753 mediterraneos
562 2712 668 2753 Asiae
704 2711 823 2767 Halyi
860 2712 986 2752 fluvio
1021 2713 1220 2766 proximae
1252 2722 1335 2754 tra-

100 2782 189 2814 ctus
221 2775 278 2814 ita
299 2773 471 2829 dispersi
493 2782 634 2823 erant,
668 2782 715 2814 ut
736 2773 809 2814 ubi
843 2773 939 2814 ferri
973 2772 1122 2814 fodinae
1149 2783 1188 2814 et
1214 2774 1336 2815 fabri-

101 2851 157 2877 cae
190 2845 487 2888 memorentur,
527 2837 584 2878 ibi
624 2837 748 2877 etiam
782 2836 981 2892 Chalybes
1014 2835 1335 2892 deprehendan-

102 2907 185 2940 tur.
211 2902 261 2940 ΙΙ]
285 2900 449 2955 Periplo
469 2908 610 2940 nostro
628 2907 876 2955 perangusta
906 2900 955 2939 iis
974 2900 1202 2953 assignatur
1222 2903 1335 2956 regio

20 2963 23 2967 ’
103 2960 502 3016 quadringentorum
520 2963 588 3002 vix
603 2962 848 3012 stadiorum,
872 2960 970 3002 inde
992 2977 1015 3002 a
1034 2963 1190 3003 Genete
1209 2964 1335 3004 fluvio

103 3037 232 3079 usque
251 3024 335 3066 fere
353 3025 406 3066 ad
430 3025 801 3067 Thermodontem.
826 3024 986 3066 Eodem
1021 3025 1148 3066 modo
1178 3027 1336 3082 Diony-

104 3087 186 3126 sius
205 3089 346 3128 statuit
366 3096 407 3129 et
427 3088 671 3144 Apollonius
700 3087 902 3129 Rhodius.
923 3089 1054 3142 Magis
1089 3090 1210 3130 etiam
1234 3090 1334 3130 fines

105 3157 264 3190 coercet
285 3153 495 3206 Anonym.
517 3151 667 3206 Peripl.
690 3151 797 3204 §31²
821 3151 893 3205 qui
915 3151 1118 3206 Chalybes
1136 3152 1335 3194 habitasse

105 3210 205 3251 dicit
237 3211 310 3253 ἀπὸ
349 3213 603 3267 Πολεμωνίου
644 3213 714 3261 ἕως
748 3213 914 3266 πλησίον
944 3217 1012 3254 τοῦ
1046 3214 1331 3271 Θερμώδοντος.

107 3273 258 3313 Forsan
276 3274 357 3315 hoc
374 3289 425 3315 ex
442 3274 618 3317 Eudoxo
634 3276 769 3326 fluxit,
791 3290 915 3331 quem
929 3276 1068 3318 laudat
1080 3278 1332 3334 Stephanus:

105 3333 137 3373 X
150 3334 173 3373 ά
184 3333 210 3373 λ
221 3349 241 3374 υ
254 3335 275 3375 6
289 3351 305 3375 ε
317 3352 333 3383 ς
346 3367 356 3386 ,
374 3337 459 3392 περὶ
476 3337 543 3378 τὸν
564 3338 714 3379 Πόντον
736 3337 844 3386 ἔθνος
858 3338 920 3380 ἐπὶ
933 3343 988 3395 τῷ
1003 3345 1165 3396 ποταμῷ
1181 3340 1338 3396 Θερμώ-

107 3396 227 3446 δοντι,
244 3398 330 3452 περὶ
342 3395 395 3439 ὧν
412 3398 573 3447 Εὔδοξος
587 3399 625 3441 ἐν
643 3404 698 3456 τῷ
712 3401 852 3456 πρώτῳ
867 3416 874 3425 ·
897 3418 913 3439 ι(
931 3399 1001 3441 Ἐκ
1017 3401 1057 3442 δὲ
1072 3405 1139 3454 τῆς
1148 3403 1335 3444 Χαλύὸων

106 3459 235 3512 χώρας
250 3458 270 3498 ὁ
283 3459 432 3515 σίδηρος
454 3461 475 3501 ὁ
489 3462 572 3516 περὶ
593 3462 641 3503 τὰ
660 3464 897 3518 στομώματα
920 3463 1188 3520 ἐπαινούμενος
1207 3465 1336 3522 ἐξάγε-

107 3536 185 3561 ται.
213 3537 228 3558 »
252 3519 266 3575 (
282 3522 316 3561 E
330 3523 535 3578 Stephano
551 3538 626 3564 suo
643 3524 768 3565 habet
783 3526 972 3575 Eustath.
987 3526 1039 3567 ad
1059 3529 1184 3569 Dion.
1206 3533 1301 3583 767.
1319 3530 1332 3586 )

107 3582 299 3638 Ephorus
317 3583 330 3639 (
346 3583 397 3624 sr.
424 3587 475 3625 82
492 3585 505 3641 )
524 3587 621 3627 item
640 3587 838 3642 Chalybes
858 3587 1020 3643 ὁμόρους
1040 3604 1126 3632 0550
1144 3590 1244 3632 dicit
1265 3594 1336 3633 Ti-

107 3646 357 3698 barenorum
375 3654 415 3686 et
439 3649 765 3702 Leucosyrorum
780 3680 790 3698 ,
824 3659 1005 3691 ceterum
1027 3666 1096 3693 eos
1123 3654 1232 3694 inter
1249 3669 1336 3695 me-

109 3707 361 3748 diterraneos
383 3709 556 3763 populos
577 3720 759 3751 recenset
801 3711 946 3752 eodem
980 3713 1107 3754 modo
1133 3729 1216 3770 quo
1244 3718 1336 3771 My-

108 3784 196 3819 sos,
236 3769 496 3824 Cappadoces
510 3801 522 3820 ,
558 3771 753 3826 Phryges,
788 3773 934 3828 Milyas
973 3774 986 3831 (
1002 3775 1053 3816 fr.
1087 3778 1161 3827 80,
1190 3778 1335 3819 collato

94 3832 284 3886 Scymno
303 3830 418 3888 938).
438 3832 563 3887 Apud
581 3833 732 3874 Melam
747 3835 800 3887 (I,
828 3833 895 3889 19)
917 3835 1115 3890 Chalybes
1129 3841 1336 3893 pertinent

110 3907 238 3948 usque
263 3893 315 3934 ad
344 3893 687 3949 Paphlagoniam3
723 3910 818 3936 nam
843 3909 853 3937 ε
888 3898 1213 3952 Paphlagoniam
1226 3934 1238 3950 ,
1274 3902 1337 3942 in·-

109 3957 213 4010 quit,
226 3955 330 4011 finit
345 3958 518 3998 Armene
534 3976 550 4007 ;
573 3957 761 4013 Chalybes
777 3957 964 4015 proximi
983 3960 1235 4004 clarissimas
1264 3963 1336 4003 ha·

276 4036 411 4065 crocu.

1209 142 1518 189 PERlPLUS.
1558 147 1560 149 '
2569 169 2627 207 65

1457 250 1525 300 87.
1547 249 1774 288 Tummzm.
1800 250 1898 289 Post
1911 250 2126 303 Mossynos
2148 254 2332 306 sequitur
2347 269 2442 308 gens
2461 261 2628 305 Tibare-

1401 329 1568 356 norum.

1459 385 1527 423 88.
1561 372 1798 424 CuALszs.
1822 387 1920 426 Post
1942 385 2170 425 Tibarenos
2193 400 2289 438 gens
2312 398 2371 429 est
2387 392 2629 447 Chalybum,

1401 459 1441 490 et
1462 452 1636 491 Genetes
1662 453 2016 507 portusclausuS,
2045 455 2250 495 Stamenia
2278 457 2377 495 urbs
2408 460 2573 513 Graeca,
2595 474 2635 506 et

1401 523 1616 561 Jasonium
1640 523 1654 575 Ι’
1662 524 1986 577 promontorium
2003 533 2042 564 et
2059 524 2152 564 Side
2170 526 2266 565 urbs
2281 527 2295 580 ]
2318 528 2473 569 Graeca.

1404 652 1497 692 bent
1519 651 1694 693 Amison
1714 662 1751 691 et
1770 653 1942 708 Sinopen
1967 656 1982 706 (
1998 653 2050 693 de
2066 655 2262 694 Amiseno
2282 655 2388 697 serro
2406 673 2443 698 v.
2463 661 2633 702 Aristot.

1401 715 1498 754 Mir.
1523 716 1603 763 483
1627 713 1671 753 τὸ
1695 713 1909 755 Σινωπικὸν
1935 709 2124 770 στόμωμα
2145 714 2374 759 celebratur
2392 735 2458 774 ap.
2493 723 2635 778 steph.

1402 778 1499 830 Byz.
1526 791 1565 816 v.
1592 776 1888 831 Λακεδαίμων),
1911 791 2049 817 amnes
2080 777 2219 830 Halyn
2238 782 2279 818 et'
2312 782 2606 833 Thermodonta
2620 804 2635 833 ,-

1409 838 1728 892 leemiseyrinm
1743 837 1956 895 oppidum.
1977 838 2170 880 Tibareni
2192 840 2386 895 Chalybas
2404 845 2631 898 attingunt.

1403 901 1640 942 Herodotus
1662 904 1697 951 I,
1723 903 1775 942 28
1796 915 1962 956 quoque
1978 902 2086 942 inter
2106 903 2281 957 populos
2300 919 2402 959 quos
2425 908 2480 948 cis
2501 910 2634 966 Halyn

1403 964 1633 1005 habitantes
1670 965 1835 1005 Croesus
1869 963 2099 1017 subegerit,
2136 965 2334 1020 Chalybes
2363 970 2561 1012 nominat.
2582 975 2637 1014 At

1403 1036 1564 1081 partem
1588 1026 1833 1082 Chalybum,
1856 1027 2006 1081 quibus
2029 1026 2049 1066 ὁ
2077 1027 2155 1080 βίος
2179 1024 2224 1078 ἦν
2247 1027 2319 1069 ἀπὶ)
2348 1034 2413 1082 τῆς
2432 1033 2633 1088 σιδηρείας,

1404 1091 1447 1129 in
1484 1091 1839 1145 Mossynoecorum
1866 1088 2024 1130 ditione
2053 1090 2288 1145 Xenophon
2322 1093 2364 1132 in
2393 1094 2535 1136 itinere
2561 1111 2636 1138 suo

1409 1152 1422 1207 (
1442 1155 1497 1203 V,
1521 1156 1544 1201 4
1561 1183 1572 1203 ,
1595 1167 1613 1192 1
1630 1152 1643 1208 )
1663 1152 1766 1192 vidit
1782 1153 1797 1206 (
1814 1151 1867 1193 cf.
1888 1155 1909 1205 §
1926 1154 1977 1193 86
1995 1155 2025 1205 ).
2046 1155 2162 1193 Patet
2176 1154 2263 1193 haec
2278 1155 2537 1210 intelligenda
2552 1173 2637 1201 esse

1405 1215 1456 1255 de
1472 1217 1638 1268 regione
1661 1229 1751 1269 quae
1766 1223 1853 1255 erat
1875 1214 1927 1254 ad
1954 1215 2199 1256 Chalceritin
2215 1216 2387 1258 insulam
2403 1228 2443 1260 et
2457 1220 2636 1264 Pharna·
2681 1233 2683 1235 ’

1406 1279 1511 1317 ciam
1526 1308 1537 1327 ,
1563 1277 1738 1317 docente
1758 1277 1958 1317 Strabone
1978 1278 2061 1317 XII
2077 1308 2088 1327 ‚
2109 1292 2152 1332 p.
2178 1278 2256 1331 549
2277 1291 2286 1319 ε
2309 1279 2356 1320 Οἱ
2375 1281 2414 1321 δὲ
2450 1285 2514 1323 νῦν
2535 1285 2639 1324 Χαλ-

1405 1339 1693 1386 δαῖοιΧάλυδες
1705 1338 1750 1379 τὸ
1766 1338 1930 1380 παλαιὸν
1951 1339 2220 1395 ὠνομάζοντο,
2240 1341 2324 1381 καθ’
2349 1342 2410 1389 οὒς
2431 1343 2596 1397 μάλιστα
2613 1346 2637 1397 ἢ

1405 1402 1607 1457 Φαρνακία
1625 1402 1790 1457 ἵδρυται.
1806 1403 1869 1442 De
1886 1402 2043 1456 optimo
2058 1401 2099 1442 Μ
2102 1402 2313 1459 οσσυνοίκῳ
2327 1404 2465 1460 χαλκῷ
2480 1420 2518 1446 v.
2547 1408 2639 1447 Ari-

1405 1473 1500 1505 stot.
1523 1466 1621 1506 Mir.
1647 1479 1684 1505 0.
1708 1468 1748 1505 6.
1775 1464 1841 1505 Ab
1863 1464 1926 1504 his
1949 1472 2086 1505 autem
2105 1464 2376 1520 Chalybibus,
2403 1468 2474 1521 qui
2498 1470 2639 1522 praeci·
2720 1489 2722 1491 ·

1404 1542 1506 1583 puas
1525 1527 1639 1568 sedes
1658 1528 1766 1567 inter
1787 1528 1986 1568 Genetem
2007 1535 2047 1567 et
2063 1527 2418 1569 Thermodontem
2437 1530 2641 1571 habebant

1405 1605 1451 1631 ac
1494 1591 1593 1631 hinc
1625 1605 1699 1646 per
1739 1590 1869 1630 varias
1902 1590 2091 1644 regiones
2131 1589 2241 1631 ferro
2276 1590 2422 1632 divites
2465 1591 2647 1648 dispersi⁸

1405 1661 1546 1703 erant,
1570 1652 1803 1708 geographo
1828 1651 1841 1708 (
1863 1667 1947 1693 non
1979 1653 2078 1693 item
2094 1683 2104 1701 ‚
2131 1660 2176 1693 ut
2213 1652 2390 1704 videtur,
2422 1654 2639 1709 ethnogra-

1404 1716 1488 1770 pho
1520 1718 1535 1769 )
1574 1715 1705 1771 probe
1742 1714 2021 1769 distinguendi
2064 1723 2159 1755 sunt
2199 1715 2398 1771 Chalybes
2434 1718 2639 1758 Armeniae

1404 1779 1556 1829 vicini,
1594 1779 1671 1819 viri
1707 1777 1971 1833 ἀλκιμώτατοι
2003 1778 2285 1833 (Xenophon.
2323 1779 2400 1830 IV,
2438 1779 2487 1829 5,
2516 1780 2635 1834 34),

1404 1841 1770 1896 Armenochalybes
1795 1842 1915 1883 Plinii
1944 1840 2049 1897 (VI,
2070 1843 2092 1889 4
2111 1840 2143 1896 ).
2175 1840 2371 1889 Χαλόὸους
2391 1841 2491 1882 dicit
2511 1843 2640 1884 Heca-

1406 1911 1505 1943 taeus
1528 1903 1610 1959 (lr.
1650 1904 1727 1957 195
1749 1906 1792 1959 );
1829 1904 2066 1959 Xenophon
2098 1905 2206 1954 VII,
2236 1906 2287 1954 8,
2318 1903 2368 1944 25
2393 1905 2436 1944 in
2467 1918 2639 1946 recensu

1405 1967 1604 2019 gentium,
1623 1981 1724 2021 quas
1738 1967 1983 2022 peragravit,
1998 1966 2145 2007 alteros
2164 1966 2355 2016 Χάλυὸας,
2377 1966 2524 2008 alteros
2541 1967 2641 2008 Χαλ-
2708 2016 2711 2027 3

1406 2029 1533 2077 δαίους
1547 2029 1683 2070 dicere
1698 2029 1862 2070 videtur
1880 2043 1889 2070 ε
1910 2029 2128 2084 Καρδοῦχοι
2140 2028 2180 2069 δὲ
2194 2029 2258 2069 καὶ
2272 2029 2442 2077 Χάλυὸες
2455 2029 2519 2070 καὶ
2533 2030 2637 2070 Χαλ-

1407 2091 1512 2131 δαῖοι
1545 2091 1610 2132 καὶ
1647 2091 1797 2147 Κόλχοι
1829 2091 1897 2133 καὶ
1932 2091 2193 2132 Μοσσύνοικοι
2223 2091 2288 2132 καὶ
2313 2091 2450 2132 Κοῖται
2484 2092 2548 2133 καὶ
2574 2093 2639 2133 Τι-

1406 2152 1567 2206 6αρηνοὶ
1600 2152 1822 2208 αὐτόνομοι.
1854 2155 1910 2194 At
1940 2152 2159 2206 legendum
2188 2153 2326 2208 potius
2358 2153 2382 2204 ἢ
2421 2153 2634 2206 Χαλδαῖοι,

1406 2216 1488 2255 sive
1506 2215 1594 2256 haec
1610 2216 1899 2270 Xenophontis
1918 2215 2021 2265 sint,
2046 2215 2130 2255 sive
2145 2247 2155 2265 ‚
2182 2223 2229 2255 ut
2246 2223 2370 2270 puto,
2401 2215 2452 2256 ab
2471 2216 2550 2256 alio
2569 2216 2638 2257 ad-

1405 2275 1519 2317 dita..
1538 2276 1676 2317 Κοῖται
1705 2276 1871 2317 aliunde
1893 2291 1979 2317 non
2012 2278 2116 2318 noti.
2150 2277 2299 2331 Τάοχοι
2328 2275 2435 2330 conj.
2458 2277 2637 2318 Dindor·

1405 2338 1497 2379 fius.
1520 2337 1821 2392 Corrigendum
1850 2346 1952 2393 puto
1981 2338 2118 2379 Χοῖται
2148 2338 2211 2379 vel
2240 2336 2400 2389 Χο·ίται;
2429 2353 2486 2379 50.
2511 2339 2636 2380 iidem

1405 2409 1499 2440 sunt
1515 2401 1586 2455 qui
1601 2402 1791 2441 Hecataeo
1814 2399 2010 2440 dicuntur
2025 2400 2104 2440 Χοῖ
2115 2414 2155 2441 ν.
2179 2398 2267 2450 Χοΐ,
2291 2400 2335 2440 in
2347 2413 2394 2440 ea
2406 2399 2636 2441 habitantes

1404 2464 1592 2516 regione,
1629 2477 1753 2518 quam
1775 2462 1918 2518 Scylax
1949 2470 1990 2503 et
2017 2464 2261 2517 Anonymus
2282 2461 2636 2502 Ecechiriensibus

1405 2526 1594 2566 tribuunt
1625 2527 1640 2580 (
1658 2529 1680 2579 §
1708 2526 1758 2566 83
1777 2527 1809 2579 ).
1832 2526 2025 2566 Ceterum
2048 2523 2100 2565 de
2121 2524 2370 2579 Chalybibus
2400 2524 2485 2563 sive
2518 2523 2636 2564 Chal-

1405 2588 1503 2628 daeis
1545 2587 1612 2629 adi
1649 2589 1794 2629 Ritter.
1825 2585 1955 2628 Erdls.
1989 2588 2057 2637 II,
2091 2601 2134 2643 p.
2171 2599 2279 2641 727;
2313 2583 2552 2640 Bernhardy
2585 2585 2638 2626 ad

1406 2651 1531 2691 Dion.
1564 2651 1670 2705 7373
1701 2649 1849 2691 Ukert.
1875 2650 1958 2698 III,
1992 2661 2044 2699 2,
2077 2662 2121 2703 p.
2155 2647 2250 2698 522,
2275 2656 2322 2688 ut
2349 2647 2510 2688 mittam
2537 2646 2636 2687 alios

1405 2713 1619 2768 plurimos.
1666 2715 1683 2766 Η
1721 2737 1779 2744 —-
1817 2710 2015 2763 Γενήτη
2034 2726 2050 2758 ς
2091 2709 2251 2765 λιμήν
2273 2710 2289 2765 ]
2328 2709 2534 2764 γενέσιντις
2576 2708 2637 2748 λι-

1409 2775 1483 2831 μήν
1506 2775 1638 2817 codex
1652 2791 1663 2826 ;
1690 2789 1772 2816 em.
1801 2773 1973 2814 Vossius
1995 2787 2018 2814 0
2050 2772 2256 2828 Stephano
2277 2784 2287 2812 :
2312 2770 2493 2831 Γενήτης,
2518 2768 2637 2827 λιμὴν

1406 2839 1471 2879 καὶ
1492 2839 1676 2894 ποταμός.
1708 2836 1965 2884 Ἀπολλώνιος
1995 2835 2113 2891 ἄκραν
2138 2835 2346 2888 Γενηταίαν
2380 2835 2484 2890 φησί.
2515 2835 2640 2890 Σοφο-

1405 2902 1501 2954 κλῆς
1542 2901 1715 2957 ποταμὸν
1753 2901 1898 2952 Γὲνητά
1929 2914 2058 2955 φησιν.
2097 2898 2253 2940 Plinius
2284 2899 2366 2949 VI,
2403 2901 2428 2947 4
2464 2898 2639 2939 Genetas

1406 2972 1602 3019 tanquam
1638 2971 1799 3017 gentem
1830 2962 1950 3017 juxta
1988 2961 2189 3017 Chalybes
2227 2968 2460 3001 memorat:
2494 2962 2639 3002 Gentes

1407 3029 1675 3074 Cannarum,
1718 3025 1964 3080 Clzalybam,·
1996 3023 2194 3080 oppidum
2227 3026 2434 3076 Cotyorum
2452 3039 2467 3070 ‚·
2501 3031 2638 3074 gentes

1412 3087 1620 3137 Tibareni,
1640 3087 1841 3141 Mossyni.
1856 3087 2047 3128 Fluvium
2062 3085 2186 3126 habet
2201 3084 2346 3126 Strabo
2360 3084 2457 3132 XII,
2476 3097 2519 3137 p.
2540 3083 2634 3131 548:

1407 3149 1508 3191 Εἶτα
1537 3150 1638 3202 ἄλλη
1668 3150 1764 3204 ἄκρα
1791 3148 1978 3190 Ἰασόνιον
2003 3147 2068 3189 καὶ
2090 3146 2304 3198 ὁΓενήτης.
2327 3147 2536 3198 Anonym.
2564 3145 2638 3184 Pe·

1406 3214 1499 3268 ripl.
1526 3216 1548 3266 §
1580 3214 1631 3253 32
1662 3225 1672 3253 z
1710 3211 1798 3252 ‘Aa-,b
1832 3209 1872 3251 δὲ
1910 3213 1978 3251 τοῦ
2013 3208 2179 3261 Γενήτου
2215 3210 2390 3262 ποταμοῦ
2425 3205 2475 3253 εἰς
2503 3206 2638 3246 Βοῶνα

1409 3274 1645 3330 ἀκρωτήριον
1666 3273 1731 3315 καὶ
1748 3273 1893 3328 χωρίον
1915 3273 2023 3313 στάδ.
2051 3270 2103 3312 κ’.
2131 3269 2322 3311 Ἐνταῦθα
2340 3266 2459 3324 λιμὴν
2482 3268 2635 3309 πάντων

1410 3337 1560 3392 ἀνέμων
1591 3337 1656 3378 καὶ
1686 3337 1803 3391 ὅρμος
1829 3335 1974 3377 ναυσίν.
2011 3334 2082 3375 Ille
2114 3333 2223 3373 Βοὼν
2255 3333 2409 3386 (Vona
2436 3329 2499 3371 vel
2524 3333 2637 3370 Bona

1407 3399 1507 3440 hod.
1545 3402 1560 3453 )
1590 3398 1763 3453 Scylacis
1791 3406 1851 3438 est
1883 3394 2002 3453 λιμὴν
2037 3395 2222 3443 κλειστός.
2254 3396 2318 3435 De
2347 3392 2635 3449 promontorio

1407 3463 1600 3518 Apollon.
1625 3462 1706 3502 Rh.
1730 3463 1786 3509 II,
1815 3475 1918 3514 1009
1942 3473 1952 3501 2
1973 3458 2179 3511 Γενηταίου
2201 3457 2287 3506 Διὸς
2301 3456 2420 3513 ἄκρην
2440 3455 2637 3512 γνάμψαν-

1408 3541 1467 3573 τες
1482 3526 1610 3566 σώονα
1630 3522 1743 3579 παρὲξ
1760 3523 1993 3578 Τιὸαρηνίόα
2011 3523 2145 3578 γαῖάν.
2162 3523 2220 3571 ΙΙ,
2239 3521 2319 3576 378
2335 3533 2346 3561 :
2370 3519 2491 3572 Ζηνὸς
2512 3517 2637 3566 Εὐξεί-

1409 3603 1490 3629 νοιο
1513 3586 1722 3639 Γενηταίην
1754 3585 1844 3642 ὑπὲρ
1866 3585 2010 3641 ἅκρην;
2033 3584 2161 3626 schol.
2183 3583 2240 3624 ibi
2263 3582 2452 3642 meminit
2477 3581 2636 3633 Γένητος

1411 3650 1532 3706 (sic)
1567 3651 1757 3704 ποταμοῦ.
1793 3651 1811 3702 ll
1840 3673 1896 3679 —
1927 3647 2234 3703 Σταμένεια]
2276 3644 2447 3701 Ἀμὲνεια
2482 3642 2631 3692 0οἀοΧ;

1408 3727 1516 3753 corr.
1532 3711 1786 3761 Clausenius,
1804 3719 2011 3766 assumpta
2022 3725 2072 3751 ex
2086 3707 2351 3751 antecedente
2368 3705 2585 3747 vocelitera
2594 3719 2630 3752 σ,

1408 3775 1636 3829 collatoque
1656 3776 1862 3823 Hecataeo,
1883 3775 1955 3829 qui
1975 3770 2174 3829 Σταμένην
2196 3771 2382 3812 Χαλὺὃων
2405 3768 2517 3810 πόλιν
2533 3765 2633 3806 dicit

1410 3838 1490 3891 (fr.
1520 3840 1596 3890 196
1614 3838 1645 3891 ).
1666 3839 1758 3890 11-
1783 3835 1819 3876 'l
1834 3851 1917 3876 ασο
1932 3850 1950 3877 ν
1967 3835 2041 3891 ία]
2069 3834 2215 3875 ἀσινεία
2236 3832 2387 3881 codex;
2409 3843 2489 3870 em.
2506 3828 2628 3867 Voss.

1406 3899 1506 3940 Vid.
1542 3899 1777 3954 Xenophon
1798 3899 1932 3940 Anab.
1957 3900 2045 3949 VI,
2070 3911 2094 3938 2
2113 3898 2130 3950 (
2151 3895 2317 3936 Ἰασονία
2347 3891 2464 3942 ἀκτή,
2493 3888 2584 3930 ἔνθα
2605 3887 2629 3940 ἣ

1413 3962 1534 4018 Ἀργὼ
1555 3962 1710 4018 λέγεται
1732 3962 1960 4017 ὁρμίσασθαι
1982 3963 2014 4015 );
2040 3959 2226 4002 Strabol.
2252 3957 2285 4007 l;
2310 3955 2492 4001 Arrian.;
2519 3953 2630 3993 Ano-

2443 4030 2462 4059 5
