2808 4342
0 0 16 140 l

0 218 4 266 ,
42 227 45 233 .

905 127 1288 175 STADIASMUS
1325 126 1514 173 MARIS
1549 124 1768 172 MAGNI.

130 253 187 283 4²⁵.
226 234 324 282 Ἀπὸ
349 233 509 296 Δάρνης
530 230 597 276 ἐπὶ
619 230 665 276 τὸ
696 229 892 293 Ζεφύριον
913 229 1071 276 στάδιοι
1093 229 1164 293 ρν’·
1193 229 1299 293 ἄκρα

67 306 153 351 ἐστὶ
174 307 331 350 δασεῖα·
351 300 527 364 ὕφορμός
546 301 633 346 ἐστι
655 301 820 362 θερινός.

126 390 183 420 49.
209 364 316 419 Ἀπὸ
337 375 404 416 τοῦ
430 370 631 432 Ζεφυρίου
657 371 712 423 εἷς
743 368 898 431 Χέρσιν
933 369 1093 415 στάδιοι
1124 369 1173 415 θ’·
1198 373 1298 415 ἀνα-

65 442 190 502 μέσον
223 445 293 486 τοῦ
332 439 534 503 Ζεφυρίου
559 439 630 484 καὶ
666 443 737 496 τῆς
759 438 957 502 Χέρσιος,
994 437 1160 499 ἀπέχων
1195 456 1298 482 στα-

24 529 44 560 5
67 509 171 561 δίους
189 509 230 566 ι’,
251 508 360 555 ἔστιν
380 508 504 570 ὅρμος
521 508 774 571 Ἀφροδισιὰς
792 508 1054 567 καλούμενος·
1075 508 1161 552 ἔστι
1182 508 1215 552 δ’
1237 508 1298 551 ἐπ’

0 612 3 637 ,
66 580 176 641 αὐτῷ
199 578 306 641 ἱερὸν
327 577 578 640 Ἀφροδίτης.

2 1065 5 1188 ὲ

128 665 182 694 50.
226 646 327 693 Ἀπὸ
361 650 432 702 τῆς
454 645 627 708 Χέρσιος
662 644 729 690 ἐπὶ
762 644 808 689 τὸ
845 644 1040 707 Ἐρυθρὸν
1065 644 1223 691 στάδιοι
1244 646 1295 706 4‘·

64 717 184 777 κώμη
210 717 336 764 ἐστίν.

62 851 331 904 fingerentur.
350 847 400 889 In
419 856 575 889 antece.
594 848 649 889 ob
660 856 796 902 petras
811 848 1088 902 navigandum
1104 857 1190 889 erat
1203 849 1299 889 κατὰ

65 912 112 954 τὰ
127 912 292 967 πελάγια
306 927 317 962 ;
338 919 464 967 petrae
495 923 626 965 quum
650 910 737 966 jam
760 911 842 951 sint
863 910 999 962 nullae,
1025 910 1164 952 denuo
1185 910 1304 965 juxta

64 988 195 1023 oram,
218 972 315 1014 κατὰ
335 972 382 1014 τὰ
415 973 612 1028 παράγαια
640 987 713 1013 seu
733 973 923 1028 παράγεια
945 974 1016 1026 (v.
1043 974 1214 1015 Aristot.
1246 976 1301 1015 H.

62 1038 115 1078 N.
132 1038 251 1086 VIII,
274 1050 322 1089 19
342 1036 365 1088 ἢ
391 1036 582 1091 παράγεια
600 1036 623 1087 ἢ
644 1035 811 1090 πελάγια
830 1034 844 1091 )
869 1049 1035 1076 cursum
1051 1043 1189 1076 tenere
1210 1036 1304 1076 lice-

64 1098 150 1139 bat.
175 1099 190 1152 Η
213 1122 270 1129 --
287 1098 349 1137 Δά
363 1112 444 1153 ρνη
458 1099 509 1153 ν]
537 1095 698 1152 Ζαρινὴν
716 1105 756 1137 et
774 1099 796 1150 5
812 1098 864 1146 48
887 1096 960 1138 ἀπὸ
977 1097 1135 1152 Ζαρινῆς
1153 1098 1299 1148 codex,

2 1192 4 1202 ι
65 1159 245 1201 confusis
267 1159 293 1199 Z
316 1167 356 1199 et
370 1159 414 1210 Δ,
445 1166 489 1198 ut
509 1161 532 1211 5
551 1172 616 1210 10,
640 1158 710 1199 ubi
732 1158 891 1211 Πεζώνη
922 1173 1000 1214 pro
1022 1159 1197 1211 Πεδώνη.
1220 1163 1300 1214 ΑΡ.

66 1222 266 1277 plurimos
286 1221 400 1262 locus
419 1222 570 1261 rectius
603 1230 772 1261 vocatur
789 1221 937 1276 Δάρνις,
962 1220 1135 1268 Darnis,
1157 1229 1204 1260 ut
1234 1235 1301 1275 ap.

63 1285 169 1325 Ptol.
194 1286 235 1324 in
252 1283 376 1324 codd.
398 1283 544 1336 (editt.
562 1283 660 1324 olIm
673 1283 856 1338 Δάρδανις
871 1285 903 1336 ),
921 1284 1135 1339 Synesium
1150 1297 1216 1337 ep.
1233 1287 1300 1336 67,

64 1348 275 1388 Ammian.
295 1346 522 1387 Marcellin.
540 1346 685 1395 XXII,
711 1350 776 1393 16,
795 1348 836 1395 4,
855 1346 954 1386 Itin.
977 1359 1019 1401 p.
1035 1346 1103 1395 68,
1120 1358 1188 1399 70.
1210 1346 1306 1384 Hie-

3 1406 4 1440 ἶ
63 1410 165 1450 rocl.
190 1424 232 1464 p.
252 1410 330 1463 734
350 1408 452 1461 (ubi
471 1407 566 1448 cod.
588 1417 781 1463 corrupte
796 1409 942 1463 Δάρνης
962 1422 1040 1463 pro
1056 1408 1190 1463 Δάρνις
1205 1409 1235 1462 ).
1255 1411 1303 1448 In

4 1467 5 1470 ¹
63 1471 166 1512 Tab.
186 1473 303 1511 Peut.
324 1478 365 1510 et
381 1471 532 1523 Geogr.
556 1471 654 1510 Rav.
671 1470 782 1510 idem
802 1484 953 1511 nomen
973 1469 1242 1524 depravatum
1260 1471 1303 1511 in

42 1533 44 1536 ’
66 1533 253 1576 Mandis.
279 1535 438 1574 Formae
456 1532 582 1587 Δάρνη
603 1531 838 1586 exemplum
866 1531 987 1572 affert
1003 1531 1305 1585 Wesselingius

67 1595 120 1636 ad
141 1596 239 1635 Itin.
271 1609 313 1649 p.
338 1596 389 1635 68
411 1608 459 1634 ex
482 1596 634 1634 Joann.
654 1593 829 1632 Moscho
859 1593 903 1632 in
939 1594 1064 1633 Prato
1097 1594 1304 1647 Spirituali

65 1673 103 1699 c.
133 1670 209 1710 119
234 1670 243 1696 ·.
263 1657 460 1712 Θεόδωρος
478 1656 498 1696 ὁ
514 1655 721 1702 ὁσιώτατος
740 1653 941 1700 ἐπίσκοπος
958 1656 1025 1705 τῆς
1042 1653 1192 1701 πόλεως
1208 1654 1305 1709 Δάρ-

66 1733 134 1772 νης
154 1722 221 1771 τῆς
238 1717 276 1759 ἐν
292 1718 428 1775 Λιῧύῃ.
452 1716 570 1758 Idem
590 1717 734 1758 Wess.
756 1714 809 1756 ad
829 1715 1011 1756 Hierocl.
1029 1714 1057 1755 l.
1077 1714 1106 1754 l.
1129 1726 1139 1754 :
1163 1731 1183 1760 ,α
1207 1715 1305 1754 Haec

65 1783 288 1837 provinciae
308 1780 387 1822 fuit
404 1779 642 1834 metropolis
656 1809 668 1827 ,
690 1778 768 1818 nisi
796 1777 914 1817 Nilus
935 1768 1214 1831 Doxopatrius
1235 1775 1317 1833 sal-¹

66 1845 136 1895 lat,
151 1853 261 1885 certe
271 1839 636 1898 corruptus'quum
650 1840 797 1880 urbem
809 1839 960 1895 Δαρικὼ
971 1854 1014 1895 p.
1030 1839 1109 1880 223
1125 1847 1257 1879 vocat.
1285 1858 1301 1877 n

40 1905 260 1948 {Nunc-est
288 1909 441 1954 Derna,
463 1904 516 1945 de
535 1918 617 1958 qua
644 1918 683 1944 V.
712 1902 849 1958 Pacho
874 1900 917 1957 Ρ.
947 1906 1001 1956 96
1028 1917 1139 1958 sqq.‚
1161 1904 1303 1944 Barth.

67 1982 108 2023 p.
128 1971 224 2022 477,
241 1967 423 2023 Beechey
434 1965 703 2017 Proceedings
718 1964 837 2019 oftlze
848 1964 1085 2021 expedition
1096 1975 1135 2005 to
1145 1966 1308 2021 exploro

67 2030 132 2070 tlze
160 2029 353 2070 northern
373 2038 488 2070 coast
509 2028 565 2081 of
586 2026 741 2082 Africa
762 2042 805 2083 p.
832 2030 910 2082 471
937 2042 1028 2082 sqq.
1055 2027 1182 2081 Quod
1206 2027 1308 2068 nihil

66 2093 108 2132 in
121 2090 349 2133 Stadiasmo
366 2090 419 2132 de
439 2091 608 2132 navium
626 2091 801 2131 statione
826 2099 1034 2140 monetur,
1054 2091 1307 2145 excerptoris

69 2153 334 2208 negligentiae,
352 2153 498 2194 utaliis
513 2154 555 2194 in
574 2153 674 2193 locis
693 2153 991 2207 compluribus,
1013 2152 1085 2192 ubi
1101 2152 1214 2193 nuda
1235 2167 1309 2192 no-

66 2219 179 2259 mina
199 2219 384 2273 posuisse
408 2219 505 2258 satis
522 2217 645 2258 habet
659 2248 670 2266 ‚
695 2215 987 2272 imputandum
1010 2215 1148 2257 suerit.
1169 2216 1308 2257 Pacho

66 2279 95 2320 l.
112 2279 141 2320 l.
172 2281 229 2321 ita
250 2293 260 2321 :
298 2300 315 2315 «ι
335 2282 394 2320 Le
423 2288 518 2335 port
540 2278 592 2319 de
611 2282 750 2319 Deme
774 2287 834 2319 est
853 2293 936 2319 une
958 2279 1165 2319 mauvaise
1182 2279 1309 2332 petite

66 2342 167 2383 rade
187 2342 292 2383 dont
309 2341 346 2383 le
362 2342 479 2393 fond,
503 2342 676 2382 sillonne
696 2356 770 2396 par
791 2340 863 2381 des
881 2341 1022 2381 resciss
1036 2372 1047 2391 ‚
1074 2348 1116 2381 et
1139 2340 1307 2381 l’cntree

67 2403 354 2456 tres-ouverte,
380 2420 432 2446 ne
448 2413 629 2460 peuvent
641 2403 760 2444 offrir
775 2404 929 2459 qu’une
948 2404 1098 2444 station
1116 2417 1198 2458 peu
1213 2403 1308 2444 sure

9 2520 10 2525 1
68 2480 148 2507 aux
171 2468 355 2518 navires,
381 2468 453 2521 qui
481 2467 550 2522 n’y
582 2467 778 2507 viennent
809 2466 999 2506 mouiller
1020 2481 1073 2506 en
1100 2465 1196 2507 effet
1228 2480 1309 2520 que

67 2538 276 2570 rarement
292 2538 333 2570 et
359 2529 585 2570 seulement
607 2544 659 2569 en
681 2531 759 2570 ete.
785 2549 801 2565 n
822 2529 1006 2584 Beechey
1021 2528 1090 2570 l.l.
1114 2528 1307 2583 Append.

67 2604 111 2646 p.
132 2592 214 2632 XV
237 2605 247 2632 :
272 2611 289 2626 α
309 2594 450 2632 Derna
461 2592 495 2631 is
516 2590 695 2632 situated
710 2600 751 2632 at
765 2591 835 2631 the
850 2591 997 2632 mouth
1009 2590 1059 2632 of
1067 2606 1091 2632 a
1104 2590 1214 2644 large
1235 2590 1311 2631 fiu-

71 2668 202 2704 mara,
238 2653 321 2695 and
354 2655 387 2694 is
418 2653 682 2694 surrounded
718 2654 773 2709 by
806 2654 975 2694 clusters
997 2653 1046 2694 of
1068 2653 1306 2704 date-trees,

76 2716 207 2757 which
226 2730 295 2757 are
327 2715 532 2757 sufficient
562 2715 611 2756 of
629 2715 871 2756 themselves
904 2725 946 2756 to
973 2715 1220 2769 distinguish
1242 2717 1311 2756 the

71 2778 234 2832 place...
258 2779 349 2820 The
368 2779 459 2820 best
485 2777 657 2833 landing
684 2779 798 2834 place
824 2779 858 2818 is
883 2787 926 2819 to
954 2778 1023 2819 the
1048 2778 1247 2819 eastvvard
1270 2778 1312 2819 of

73 2840 140 2880 the
162 2840 384 2882 date-trees
406 2842 448 2881 in
464 2855 488 2882 a
506 2840 635 2896 sandy
649 2841 729 2896 bay
742 2840 881 2881 round
901 2856 925 2881 a
949 2841 1029 2881 low
1046 2841 1166 2895 point
1185 2841 1312 2881 about

71 2902 160 2944 half
173 2918 196 2944 a
216 2903 312 2944 mile
332 2903 531 2944 eastward
564 2904 612 2944 of
637 2904 705 2944 the
730 2904 933 2945 marabut.
962 2905 1081 2945 Same
1115 2903 1236 2944 rocks
1259 2903 1312 2944 lie

75 2964 140 3005 oss
157 2965 238 3005 this
256 2965 376 3020 point
395 2965 531 3006 which
546 2965 663 3006 boats
681 2965 831 3006 should
853 2964 991 3007 avoid.
1015 2982 1031 3004 »
1056 2965 1122 3007 Cf.
1146 2979 1308 3021 mappa.

71 3028 202 3068 Vetus
232 3036 378 3083 portus
409 3027 462 3069 ab
488 3028 686 3069 orientale
707 3029 771 3069 sui
790 3028 915 3069 latere
936 3027 1128 3068 habuisse
1150 3027 1314 3068 videtur

73 3103 259 3143 aggerem
274 3090 546 3146 χειροποίητον
560 3122 570 3140 ,
590 3089 707 3144 cujus
718 3089 869 3131 rudera
887 3089 1088 3131 nonnulla
1102 3104 1313 3145 superesse

72 3151 196 3192 refert
218 3153 358 3194 Barth.
390 3167 434 3208 p.
459 3155 556 3203 480.
582 3154 775 3208 Antiquae
805 3152 922 3193 urbis
942 3153 1067 3194 unica
1085 3153 1252 3207 vestigia
1269 3154 1313 3193 in

75 3214 270 3268 sepulcris
291 3224 513 3270 supersunt
526 3247 538 3267 ,
570 3229 822 3270 quamquam
848 3215 911 3256 vel
934 3215 1024 3256 haec
1044 3213 1097 3256 ad
1116 3214 1313 3259 remotio-

74 3290 162 3315 rem
182 3276 468 3330 antiquitatem
488 3292 574 3319 non
593 3277 834 3319 ascendunt.
854 3302 912 3309 ——
935 3278 1140 3319 Distantia
1160 3277 1313 3320 stadio-

79 3352 174 3378 rum
195 3352 211 3378 1
221 3338 286 3389 50,
298 3353 423 3393 quam
439 3339 689 3380 Stadiasmus
709 3340 847 3391 habet,
861 3350 999 3396 aperte
1011 3339 1107 3382 falsa
1118 3340 1312 3392 traditur,

80 3415 210 3455 quum
239 3401 322 3442 sint
358 3400 442 3442 fere
467 3402 548 3443 230
587 3401 740 3451 stadia3
776 3402 944 3443 fortasse
971 3411 1116 3444 auctor
1147 3402 1317 3445 dederat

77 3463 181 3504 stad.
216 3463 320 3514 250,
346 3463 450 3504 adeo
471 3472 516 3504 ut
549 3465 591 3504 in
613 3464 694 3504 hoc
715 3472 852 3504 tractu
876 3478 954 3506 100
975 3464 1106 3506 stadia
1127 3465 1317 3508 addenda

76 3527 171 3577 sint,
193 3527 314 3567 sicuti
333 3527 376 3567 in
391 3541 584 3568 mensura
595 3541 693 3577 orae,
716 3541 807 3581 quae
822 3535 883 3567 est
900 3541 925 3568 a
938 3527 1103 3568 Paliuro
1118 3528 1171 3568 ad
1186 3529 1314 3570 Cher-

76 3603 283 3640 sonesum,
305 3603 383 3631 100
398 3589 529 3631 stadia
543 3588 797 3630 detrahenda
810 3597 921 3630 sunt.
1122 3584 1125 3586 ’

132 3654 155 3704 5
187 3655 257 3694 43.
284 3651 557 3708 Ζεφύριον]
601 3653 806 3692 Memorat
855 3658 1005 3707 praeter
1049 3652 1316 3694 Ptolemaeum

52 3717 53 3720 ’
77 3712 223 3753 Strabo
243 3727 285 3768 p.
301 3714 398 3764 838,
421 3714 531 3769 apud
543 3728 666 3768 quem
684 3715 791 3755 inter
803 3714 1122 3756 Naustathmum
1136 3724 1176 3756 et
1190 3716 1317 3757 Cher-

79 3787 270 3814 sonesum
286 3784 542 3816 memoratur
557 3776 602 3815 τὸ
617 3775 811 3831 Ζεφύριον,
827 3775 924 3830 ἄκρα
939 3776 1156 3832 πρόσορμον
1174 3777 1317 3832 ἔχουσα

34 3842 39 3845 “
79 3835 145 3875 καὶ
172 3836 272 3875 ἄλλο
304 3837 501 3892 Ζεφύριον,
542 3852 722 3891 quorum
754 3838 928 3878 alterum
965 3838 1232 3892 probabiliter
1257 3850 1317 3882 est

80 3899 415 3951 promontorium
448 3899 562 3954 quod
594 3901 724 3940 Darni
750 3900 844 3940 urbi
865 3901 918 3941 ab
937 3915 1085 3942 occasu
1112 3903 1314 3944 imminet.

30 3958 45 3967 ⁰
80 3959 188 4000 Mela
206 3973 370 4015 quoque
384 3962 421 4013 Ι,
445 3963 468 4003 8
485 3962 528 4002 in
548 3962 701 4017 Libyca
713 3977 784 4003 ora
799 3962 1047 4019 Zephyrium
1062 3963 1200 4005 habet.
1227 3967 1242 4020 Ι]
1262 3991 1319 3998 -

2510 136 2600 172 4425

1427 237 1495 284 48.
1529 238 1562 276 Α
1585 235 1715 275 Darni
1752 233 1804 274 ad
1826 233 2076 288 Zephyrium
2112 232 2242 274 stadia
2269 232 2321 275 50
2354 234 2371 286 (
2386 235 2448 288 ν’)
2459 248 2470 284 ;
2508 247 2601 289 pro-

1372 292 1629 332 montorium
1658 298 1718 330 est
1739 289 1849 330 silvis
1880 288 2077 340 densum3
2110 289 2326 330 stationem
2355 289 2479 330 habet
2500 291 2604 330 {esti--

1373 360 1480 386 vam.

1428 405 1496 455 49.
1530 404 1566 442 Α
1587 401 1792 456 Zephyrio
1810 399 1863 441 ad
1880 400 2055 440 Chersin
2075 399 2204 441 stadia
2227 413 2295 454 70.
2354 399 2517 441 Medius
2541 401 2603 441 in·

1371 478 1434 510 ter
1448 471 1698 526 Zephyrium
1720 478 1760 511 et
1778 470 1965 520 Chersin,
1986 469 2128 511 decem
2143 469 2194 510 ab
2213 484 2286 511 ora
2303 469 2459 521 stadiis,
2484 472 2606 512 statio

1371 548 1432 579 est
1456 539 1727 595 Aphrodisias
1759 538 1882 580 dicta.
1944 539 2008 581 Ad
2034 554 2124 580 eam
2157 539 2233 593 (in
2258 539 2425 593 insula)
2463 540 2604 581 fanum

1307 627 1309 630 ·
1371 617 1431 649 est
1448 610 1637 650 Veneris.

1427 677 1493 719 50.
1527 681 1563 719 A
1583 678 1726 719 Chersi
1746 677 1798 718 ad
1818 678 2043 733 Erythrum
2062 677 2190 719 stadia
2209 692 2283 732 9o;
2311 679 2422 719 vicus
2445 687 2519 720 est.

1372 851 1511 890 στάδ.
1535 850 1627 905 ρν’]
1661 852 1785 891 Hunc
1816 865 2038 892 numerum
2077 860 2320 906 corruptum
2353 867 2439 893 esse
2471 861 2603 908 patet;

1369 927 1465 952 nam
1494 912 1762 967 Aphrodisias
1795 913 1951 962 insula,
1983 916 2114 967 quae§
2144 916 2196 967 49
2218 914 2326 954 inter
2354 914 2604 970 Zephyrium

1369 982 1408 1013 et
1431 974 1603 1014 Chersin
1624 973 1870 1015 intermedia
1891 989 1975 1015 esse
1987 974 2155 1025 dicitur,
2177 989 2200 1015 a
2222 976 2350 1016 Derni
2372 976 2414 1016 in
2431 977 2606 1032 Smythii

1371 1049 1519 1090 mappa
1548 1037 1712 1077 nautica
1741 1037 1906 1077 nonnisi
1936 1039 1988 1078 80
2008 1036 2138 1078 stadia
2167 1036 2303 1078 distat.
2335 1037 2458 1079 Unde
2479 1039 2608 1094 liquet

1369 1111 1445 1152 pro
1470 1097 1526 1152 ρν’
1541 1097 1664 1138 fuisse
1684 1096 1734 1139 ν’.
1766 1098 2018 1154 Zephyrium
2048 1098 2148 1138 illud
2168 1107 2227 1139 est
2246 1101 2603 1154 promontorium,

1370 1159 1485 1214 quod
1503 1160 1555 1201 ab
1576 1159 1678 1201 hod.
1700 1160 1738 1200 el
1763 1163 1901 1214 Hyera
1926 1169 1987 1201 est
2009 1175 2149 1201 versus
2165 1162 2379 1202 orientem.
2407 1163 2422 1216 11
2449 1187 2505 1194 -
2520 1164 2606 1204 δα·

1371 1223 1512 1276 σεῖά]
1536 1222 1594 1262 sic
1620 1221 1774 1273 codex3
1806 1223 1954 1263 δικαεία
1985 1236 2127 1277 apogr.
2162 1224 2299 1263 Iriart.
2331 1225 2466 1264 Etiam
2495 1240 2607 1266 nunc

1371 1298 1458 1333 ora,
1483 1298 1575 1338 quae
1598 1284 1812 1338 hucusque
1847 1284 1960 1325 nuda
1985 1299 2080 1325 saxa
2104 1285 2363 1335 ostenderat,
2392 1287 2609 1328 arboribus

1370 1346 1516 1400 inlhoc
1532 1346 1624 1386 loco
1644 1347 1842 1388 virescere
1861 1347 1998 1401 coepit.
2021 1347 2206 1402 Beechey
2226 1362 2269 1401 p.
2292 1350 2372 1401 477
2400 1361 2410 1388 :
2431 1365 2446 1386 «
2471 1351 2509 1389 lt
2526 1365 2608 1391 was

1371 1409 1536 1448 curious
1566 1417 1609 1449 to
1638 1409 1810 1450 observe
1832 1409 1902 1450 the
1924 1409 2094 1464 gradual
2116 1409 2296 1450 increase
2318 1409 2367 1450 of
2384 1413 2609 1464 vegetation

1372 1470 1413 1510 in
1435 1470 1599 1525 passing
1628 1470 1736 1511 from
1764 1473 1905 1512 Derna
1924 1479 1967 1511 to
2003 1471 2222 1526 ApollonIa
2254 1471 2308 1526 by
2342 1471 2423 1512 this
2456 1482 2574 1514 route
2597 1487 2606 1514 :

1371 1532 1441 1573 the
1460 1534 1696 1574 mountains
1719 1541 1760 1574 at
1782 1533 1852 1574 the
1867 1533 2022 1574 former
2049 1533 2164 1588 place
2185 1548 2255 1574 are
2275 1533 2470 1589 perfectly
2488 1534 2610 1576 desti·

1372 1603 1459 1636 tute
1475 1595 1523 1636 of
1537 1611 1641 1651 any3
1666 1597 1710 1636 in
1732 1595 1961 1650 advancing
1974 1627 1986 1647 ,
2011 1611 2035 1637 a
2064 1596 2164 1637 little
2185 1595 2442 1637 underwood
2461 1597 2494 1638 is
2512 1597 2610 1639 here

1371 1657 1454 1697 and
1483 1658 1599 1698 there
1624 1672 1736 1709 seen,
1769 1659 1852 1700 and
1889 1674 1911 1699 a
1939 1659 2015 1699 few
2055 1658 2206 1699 bushes
2242 1659 2447 1714 sparingly
2466 1658 2610 1701 dotted

1371 1718 1499 1759 about
1537 1719 1608 1759 the
1644 1720 1754 1774 plain
1772 1735 1783 1769 3
1810 1721 1924 1760 these
1946 1721 2127 1760 increase
2155 1720 2211 1775 by
2248 1720 2429 1774 degrceS,
2465 1735 2508 1761 as
2540 1721 2610 1762 the

1373 1789 1548 1836 country
1570 1781 1761 1822 becomes
1785 1781 1942 1831 bolder,
1965 1782 2047 1822 and
2070 1782 2277 1836 gradually
2306 1781 2452 1836 spread
2477 1783 2609 1823 them-

1372 1843 1497 1883 selves
1520 1857 1618 1883 over
1633 1843 1703 1883 the
1721 1842 1828 1883 sides
1847 1843 1896 1883 of
1908 1844 1977 1883 the
1995 1843 2087 1883 hills
2102 1875 2112 1892 ,
2135 1843 2355 1897 ascending
2370 1844 2515 1898 higher
2529 1846 2612 1887 and

1373 1904 1521 1958 higher
1542 1919 1665 1960 every
1680 1904 1796 1955 mile,
1822 1905 1897 1955 till,
1926 1905 1968 1945 in
1993 1905 2277 1960 approaching
2289 1907 2346 1946 El
2365 1909 2517 1960 Hyera,
2542 1923 2613 1948 one

1372 1967 1593 2008 continued
1628 1966 1742 2008 wood
1780 1969 1939 2008 reaches
1975 1968 2089 2008 down
2113 1968 2230 2021 from
2273 1970 2336 2010 the
2373 1979 2442 2025 top
2473 1971 2528 2024 of
2548 1973 2613 2012 tlte

1373 2027 1609 2071 mountains
1629 2039 1670 2071 to
1687 2030 1751 2070 tlze
1773 2045 1857 2071 sea.

1431 2096 1453 2146 §
1484 2099 1546 2136 49.
1563 2093 1596 2134 X
1609 2094 1690 2149 έρσ
1703 2109 1714 2133 ι
1727 2109 1745 2134 ν
1762 2094 1776 2148 ]
1795 2094 1940 2148 Χέρσην
1961 2103 2000 2135 et
2013 2109 2111 2135 mox
2123 2095 2186 2135 bis
2198 2098 2266 2135 τοῦ
2280 2095 2439 2150 Χερσίου
2456 2096 2583 2138 codex
2600 2115 2610 2147 ;

1373 2170 1455 2196 em.
1484 2170 1506 2195 e
1522 2155 1758 2204 Ptolemaeo,
1783 2157 1853 2209 qui
1876 2156 1987 2195 solus
2008 2164 2155 2211 praeter
2172 2157 2371 2197 Nostrum
2394 2158 2471 2199 loci
2492 2159 2612 2213 hujus

1375 2218 1577 2258 meminit.
1602 2216 1825 2258 Ponendus
1841 2217 1893 2257 ab
1907 2218 2195 2271 promontorio
2225 2219 2382 2259 Tourbo
2413 2220 2612 2260 orientem

1373 2294 1528 2320 versus.
1551 2283 1600 2319 In
1624 2279 1760 2320 media
1771 2280 1836 2319 via
1850 2279 2014 2320 obviam
2026 2280 2072 2320 fit
2091 2280 2238 2331 insula,
2257 2295 2347 2335 quae
2367 2281 2418 2321 ab
2437 2289 2613 2336 utroque

1375 2343 1439 2382 sui
1470 2342 1594 2382 latere
1626 2350 1785 2396 petram
1808 2341 1953 2392 habet,
1988 2357 2010 2382 e
2032 2343 2199 2396 regione
2228 2342 2311 2384 fere
2342 2342 2553 2384 hodiernae
2578 2345 2617 2385 el

1374 2407 1512 2458 Hyera
1527 2404 1618 2445 sita.
1635 2405 1690 2444 V.
1706 2403 1906 2458 Beechey.
1923 2418 1967 2458 p.
1981 2407 2061 2458 479
2077 2412 2118 2444 et
2132 2406 2175 2445 in
2200 2407 2310 2459 App.
2335 2419 2376 2459 p.
2396 2406 2613 2448 XV.Num

1376 2467 1522 2508 veteris
1544 2467 1623 2507 loci
1646 2466 1814 2520 vestigia
1835 2466 1892 2506 ibi
1915 2467 2011 2516 sint,
2036 2467 2189 2507 nescio.
2206 2468 2343 2508 Pacho
2366 2476 2406 2507 et
2423 2468 2614 2508 Barthius

1375 2529 1483 2570 hanc
1513 2543 1628 2570 oram
1664 2543 1749 2569 non
1779 2527 1986 2569 adierunt.
2015 2530 2113 2569 Haec
2137 2536 2198 2569 e'st
2230 2528 2519 2584 Aphrodisias,
2537 2531 2614 2571 sub

1378 2606 1459 2646 qua
1474 2590 1643 2647 ὔφορμον
1661 2590 1786 2631 fuisse
1804 2599 1945 2631 noster
1960 2589 2062 2630 dicit
2078 2590 2212 2631 verbis
2227 2605 2375 2646 parum
2394 2590 2612 2634 distinctis.

1377 2654 1652 2709 Exspectabas
1668 2653 1883 2710 serebhunc
1902 2653 1945 2692 in
1963 2652 2137 2693 modum
2163 2665 2173 2693 z
2197 2651 2386 2707 ἀναμέσον
2413 2655 2481 2692 τοῦ
2501 2652 2615 2708 Ζεφυ-

1379 2716 1459 2771 ρίου
1476 2716 1623 2768 καὶτῆς
1647 2715 1800 2771 Χέρσιος
1828 2716 1960 2768 νησίον
1984 2717 2133 2765 κεῖται,
2159 2713 2303 2769 ἀπέχον
2330 2713 2405 2755 ἀπὸ
2433 2716 2505 2769 γῆς
2527 2730 2615 2756 στα-

1377 2779 1478 2827 δίους
1499 2779 1538 2830 ι’,
1580 2779 1812 2834 Ἄφροῧισιὰς
1841 2779 2102 2834 καλούμενον·
2127 2777 2230 2818 ἔστιν
2265 2779 2382 2832 ὅρμος
2399 2777 2461 2819 ὑπ’
2492 2778 2584 2819 αὐτό
2602 2795 2610 2803 ·

1379 2839 1461 2882 ἔστι
1483 2842 1516 2880 δ’
1536 2841 1593 2882 ἐπ’
1607 2842 1722 2882 αὐτοῦ
1739 2841 1840 2896 ἱερὸν
1865 2840 1967 2896 Ἀφρ.
1987 2840 2302 2882 -Ptolemaeus
2318 2840 2424 2881 hanc
2440 2840 2614 2882 insulam

1378 2918 1463 2943 non
1483 2912 1701 2953 memorat,
1727 2902 1800 2944 sed
1818 2903 1897 2944 alia
1915 2903 1967 2944 ab
1982 2917 2031 2944 eo
2050 2901 2223 2943 affertur
2241 2900 2338 2944 Λαιὰ
2354 2902 2377 2953 ἢ
2405 2901 2616 2957 Ἀφροδίτης

1380 2968 1508 3018 νῆσος,
1535 2980 1558 3007 e
1573 2966 1741 3020 regione
1760 2966 1988 3021 Apolloniae
2006 2966 2082 3010 sita
2103 2963 2117 3021 (
2134 2964 2186 3006 ab
2202 2979 2275 3005 ora
2294 2965 2361 3005 vix
2385 2964 2470 3005 duo
2489 2965 2616 3005 stadia

1379 3028 1534 3071 distans
1547 3062 1559 3081 ,
1591 3031 1832 3072 etiamnunc
1867 3030 2008 3071 ruinas
2058 3027 2293 3072 ostendens.
2327 3030 2382 3069 V.
2415 3028 2612 3082 Beechey.

1378 3107 1422 3147 p.
1458 3095 1555 3147 496.
1598 3097 1695 3136 516.
1729 3093 1873 3134 Barth.
1905 3107 1950 3148 p,
1975 3091 2056 3141 454
2079 3094 2112 3145 ).
2139 3091 2366 3146 Stephanus
2388 3091 2484 3144 Byz.
2526 3093 2578 3130 ita
2603 3103 2613 3130 ;

1385 3154 1648 3211 Ἄφροδισιὰς..
1671 3156 1761 3207 ἕκτη
1783 3157 1898 3207 νῆσος
1916 3154 2054 3206 Λιόὗης
2071 3153 2163 3208 πρὸς
2177 3155 2226 3208 τῇ
2248 3151 2399 3208 Κυρήνῃ
2426 3151 2438 3206 (
2456 3152 2483 3191 i.
2510 3166 2546 3192 e.
2570 3166 2617 3192 ea

1381 3231 1507 3272 quam
1528 3217 1771 3259 Ptolemaeus
1790 3216 1929 3257 habet.
1951 3214 2022 3271 )...
2043 3213 2131 3254 Εἰσὶ
2151 3213 2192 3254 δὲ
2218 3213 2282 3253 καὶ
2301 3212 2418 3252 ἄλλαι
2433 3212 2499 3251 δύο
2517 3213 2619 3264 νησί-

1381 3279 1444 3320 δια
1464 3280 1629 3332 πλησίον
1649 3282 1716 3330 τῆς
1730 3278 1869 3329 Λιῧύης
1889 3279 1904 3331 (
1922 3285 2083 3326 nostra,
2107 3283 2154 3315 ut
2175 3274 2354 3324 videtur,
2372 3288 2466 3314 cum
2489 3273 2617 3314 altero

1381 3340 1658 3397 adjacentium
1674 3340 1853 3380 duorum
1866 3338 2175 3393 scopulorum).
2193 3338 2295 3380 Eam
2315 3349 2405 3390 quae
2420 3335 2471 3375 ad
2491 3335 2618 3390 Apol-

1382 3404 1536 3446 loniam
1559 3412 1661 3454 erat,
1680 3402 1925 3443 intellexerit
1945 3398 2183 3442 Herodotus
2205 3400 2281 3448 IV,
2311 3398 2492 3451 169‚ubi
2515 3397 2618 3439 Gili-

1384 3481 1565 3521 gammas
1579 3466 1784 3521 pertinere
1799 3463 1900 3504 dicit
1921 3477 1945 3504 a
1956 3463 2086 3518 Plyno
2096 3469 2223 3516 portu
2245 3474 2374 3515 usque
2389 3459 2441 3500 ad
2460 3459 2620 3514 Aphro-

1385 3528 1582 3570 disiadcm
1605 3527 1793 3567 insulam.

1442 3594 1464 3644 5
1491 3595 1560 3633 50.
1587 3589 1632 3629 ’E
1645 3604 1664 3644 ρ
1676 3604 1696 3627 υ
1710 3589 1728 3629 θ
1741 3588 1790 3643 ρο
1804 3589 1848 3642 ν]
1875 3587 1993 3643 ἄκραν
2018 3585 2203 3642 Ἐρυθρὰν
2222 3584 2308 3641 jam
2324 3594 2525 3627 memorat
2540 3588 2619 3627 Ar-

1386 3654 1613 3695 temidorus
1641 3666 1707 3706 ap.
1737 3651 1991 3706 Stephanum
2015 3664 2056 3691 v.
2079 3648 2270 3705 Ἔρυθράε
2304 3649 2378 3689 Καί
2400 3647 2499 3689 ἔστιν
2524 3649 2619 3703 ἄκρα

1393 3715 1558 3772 Ἐρυθρὰ
1576 3716 1643 3766 τῆς
1664 3713 1823 3765 Λιὸύης,
1841 3713 1891 3761 ὡς
1918 3712 2184 3769 Ἀρτεμίδωρος
2205 3711 2244 3754 ἐν
2268 3710 2306 3760 ζ’
2322 3712 2618 3766 Γεωγραφουμέ-

1389 3793 1480 3820 νων.
1499 3777 1740 3819 Ptolemaeus
1754 3776 1872 3818 τόπον
1895 3774 2078 3832 Ἔρυθρον
2099 3775 2244 3824 habet,
2270 3775 2313 3814 in
2333 3788 2416 3828 quo
2438 3782 2619 3827 postmo-

1388 3841 1490 3881 dum
1511 3838 1692 3894 episcopi
1716 3837 1847 3889 sede5‚
1864 3846 1965 3879 teste
1987 3838 2158 3893 Synesio
2187 3851 2253 3891 ep.
2291 3840 2341 3889 69
2371 3850 2414 3890 p.
2454 3848 2533 3887 209
2553 3849 2615 3888 sq.

1387 3905 1527 3944 Petav.
1547 3901 1707 3942 Ibidem
1725 3915 1790 3956 ep.
1824 3900 1871 3941 51
1892 3916 1936 3956 p.
1970 3903 2046 3954 189
2068 3913 2077 3941 :
2104 3900 2124 3940 ὁ
2144 3900 2227 3939 κατ’
2255 3897 2438 3953 Ἔρυθρον
2458 3896 2614 3944 κόλπος.

1389 3969 1524 4007 Locus
1557 3960 1661 4000 mari
1688 3963 1927 4005 imminebat
1952 3963 2004 4004 ad
2023 3963 2126 4004 latus
2144 3960 2394 4003 occidentale
2410 3959 2619 4001 hodiernze
