2782 4348
139 209 202 249 es
506 223 558 264 4
863 191 1226 243 messanum
1262 184 1385 238 vm.
1419 187 1645 238 renus
1677 188 1978 237 uncum
2350 186 2411 246 (p.
2438 149 2681 245 ψίιωι..)

141 308 322 367 θρωπον.
347 301 402 350 Ἦ
426 301 471 348 δὲ
499 300 619 354 πόλις
638 298 743 362 ξηρὰ
762 304 897 351 πᾶσα,
922 297 996 341 οὗκ
1021 291 1207 355 εὔυδρος,
1240 294 1379 344 κακῶς

142 370 511 435 ἐρρυμοτομημένη
545 368 613 416 διὰ
638 366 713 422 τὴν
732 362 1008 428 ἀρχαιότητα.
1045 363 1103 409 At
1128 358 1204 422 μὲν
1225 359 1379 407 πολλαὶ

143 444 223 487 τῶν
246 443 385 487 οἰκιῶν
405 439 604 496 εὐτελεῖς,
637 435 774 495 ὀλίγαι
793 432 836 479 δὲ
855 431 1079 494 χρήσιμαι.
1115 429 1380 487 Ἀπιστηθείη

143 510 179 557 δ’
210 510 260 556 ἂν
299 509 486 572 ἐξαίφνης
526 505 605 551 ὑπὸ
628 506 711 549 τῶν
744 500 868 556 ξένων
902 498 1187 562 θεωρωμίνη,
1213 500 1251 546 εἰ
1272 498 1379 556 αὖτή

143 582 252 626 ἔστιν
286 583 312 634 ἡ
350 571 738 639 προσαγορευομίνη
773 573 855 616 τῶν
887 568 1109 628 Ἀθηναίων
1127 569 1265 622 πόλις·
1290 568 1380 630 μετ’

144 650 190 696 οὗ
214 647 317 694 πολὺ
341 646 382 691 δὲ
405 641 658 689 πιστεύσειεν
691 640 740 686 ἄν
770 658 846 692 τις.
881 638 1040 707 ’metm
1067 641 1151 685 τῶν
1180 640 1222 685 ἕν
1245 641 1297 702 τῇ
1315 641 1382 685 οἶ-

142 714 321 775 κουμένῃ
347 713 590 758 κάλλιστον·
614 707 785 772 θέατρον
809 706 1036 770 ἀξιόλογον,
1061 707 1171 769 μέγα
1190 706 1263 754 καὶ
1281 711 1383 754 θαυ-

143 785 299 843 μαστόν
312 799 323 810 ·
352 781 519 836 Ἀθηνᾶς
537 777 645 840 ἱερὸν
666 778 908 834 πολυτελὲς,
934 777 1126 841 ἀπόψιον,
1143 776 1256 830 ἄξιον
1274 780 1382 833 θεᾶς,

142 857 164 899 ὁ
183 849 433 910 καλούμενος
472 847 712 911 Παρθενὼν,
750 846 1044 910 ὑπερκείμενον
1080 850 1153 892 τοῦ
1190 844 1381 908 θεάτρου·

143 920 329 982 μεγάλην
347 917 604 973 κατάπληξιν
623 916 733 962 ποιεῖ
753 918 839 969 τοῖς
860 919 1081 979 θεωροῦσιν
1094 933 1104 944 ·
1131 914 1383 974 Ὀλύμπιον,

142 988 332 1049 ἡμιτελὲς
351 986 445 1048 μὲν,
477 985 738 1043 κατάπληξιν
769 985 804 1031 δ’
824 984 919 1048 ἔχον
954 982 1029 1041 τὴν
1054 986 1127 1039 τῆς
1149 981 1385 1044 οἰκοδομίας

143 1058 401 1122 ὑπογραφὴν,
434 1056 650 1119 γενόμενον
684 1057 719 1102 δ’
751 1054 801 1102 ἂν
823 1054 1052 1118 βέλτιστον,
1076 1052 1194 1116 εἴπερ
1221 1071 1385 1100 συνετε-

142 1128 290 1184 λέσθη·
303 1125 514 1189 γυμνάσια
530 1127 623 1188 τρία
639 1160 652 1182 ,
676 1123 935 1185 Ἀκαδημία,
956 1122 1146 1181 Λύκειον,
1169 1121 1386 1185 Κυνόσαρ-

143 1216 236 1259 γες,
261 1196 398 1243 πάντα
433 1195 691 1257 κατάδενδροί
713 1212 757 1240 τε
791 1194 864 1240 καὶ
893 1194 975 1246 τοῖς
1010 1192 1180 1256 ἐδάφεσι
1212 1193 1386 1252 ποώδη,

148 1267 291 1330 χόρτοι
329 1267 599 1318 παντοθαλεῑς
632 1265 867 1327 φιλοσόφων
907 1264 1202 1320 παντοδαπῶν,
1251 1265 1388 1328 ψυχῆς

146 1336 306 1383 ἀπάται
326 1335 399 1382 καὶ
411 1334 686 1386 ἀναπαύσεις·
707 1333 858 1395 σχολαὶ
878 1332 1057 1393 πολλαὶ,
1078 1333 1166 1378 θέαι
1190 1335 1388 1395 συνεχεῖς.

210 1422 246 1452 2.
282 1404 350 1453 Τὰ
395 1404 592 1466 γινόμενα
636 1405 684 1449 ἐκ
722 1406 796 1458 τῆς
818 1405 893 1464 γῆς
929 1401 1067 1448 πάντα
1098 1401 1280 1461 ἀτίμητα
1317 1400 1388 1447 καὶ

146 1476 294 1539 πρῶτα
309 1477 361 1537 τῇ
381 1472 533 1535 γεύσει,
557 1475 693 1535 μικρῷ
709 1471 752 1518 δὲ
772 1470 1057 1535 σπανιώτερα.
1076 1471 1123 1495 ”“
1136 1470 1244 1517 Ἀλλ’
1261 1474 1287 1526 ἡ
1306 1473 1388 1516 τῶν

148 1543 271 1598 ξένων
299 1542 484 1594 ἑκάστοις
514 1540 844 1600 συνοικειουμένη
882 1546 972 1593 ταῖς
1009 1538 1243 1599 ἐπιθυμίαις
1266 1538 1387 1601 εὐάρ-

147 1631 296 1673 μοστος
324 1610 515 1673 διατριὸὴ
546 1613 795 1673 περισπῶσα
817 1608 893 1665 τὴν
914 1609 1095 1655 διάνοιαν
1121 1609 1188 1655 ἐπὶ
1216 1608 1263 1654 τὸ
1285 1608 1387 1671 ἀρέ-

148 1701 246 1728 σκον
260 1681 391 1738 λήθην
411 1684 487 1737 τῆς
505 1679 690 1732 δουλείας
706 1678 939 1742 ἐργάζεται.
1006 1677 1134 1726 Ἔστι
1148 1677 1190 1724 δὲ
1204 1678 1292 1730 ταῖς
1311 1677 1386 1739 μὲν

148 1898 293 1938 suerit.
329 1894 454 1948 Quod
487 1894 639 1936 deinde
660 1893 829 1936 additur
851 1906 861 1935 ;
887 1893 951 1934 καὶ
977 1892 1196 1948 περίπλους,
1236 1890 1278 1932 id
1299 1906 1397 1933 sane

152 1961 194 2000 in
213 1966 371 2000 servata
401 1957 522 1998 nobis
542 1957 768 2012 fragmenta
803 1971 887 1997 non
907 1954 1107 2011 quadran
1127 1954 1208 1995 sed·
1222 1954 1397 2010 quadra·

150 2022 220 2063 bat
241 2021 411 2063 sortasse
431 2021 473 2061 in
495 2019 595 2071 alia;
620 2021 698 2061 nisi
724 2018 890 2061 mavelis
908 2032 1072 2060 mecum
1103 2026 1281 2059 statuere
1298 2018 1399 2073 περί-

139 2081 509 2130 πλουςεοηΐυείοηο
526 2084 678 2139 passim
705 2082 828 2124 obvia
853 2083 1054 2138 scriptum
1073 2095 1161 2123 esse
1179 2094 1257 2136 pro
1271 2080 1400 2136 περιή·

150 2162 278 2202 γησις.
315 2147 378 2187 De
408 2145 609 2188 Athenaeo
643 2144 825 2200 quodam
839 2175 851 2196 ,
882 2145 954 2200 qui
991 2151 1142 2185 nostrae
1180 2143 1398 2199 periegoeis

151 2217 298 2251 auctor
330 2222 417 2250 esse
461 2209 607 2263 possit,
645 2206 811 2249 aliunde
846 2221 932 2248 non
969 2214 1144 2257 constat,
1194 2214 1397 2261 quantum

152 2272 295 2313 sciam.
328 2271 387 2312 Ut
413 2278 642 2311 statuamus
676 2284 829 2311 nomen
867 2269 1048 2311 auctoris
1084 2267 1298 2320 excidisse,
1323 2283 1400 2310 nec

154 2333 230 2375 nisi
253 2333 396 2389 patriae
425 2333 679 2374 mentionem
711 2333 801 2373 voci
841 2330 1039 2384 Ἀθηναίου
1061 2332 1209 2382 inesse,
1234 2338 1399 2373 musam

154 2395 346 2437 idoneam
360 2409 446 2436 non
462 2394 600 2436 video.
618 2396 723 2436 Nam
746 2395 905 2436 etiamsi
929 2409 981 2435 ex
1004 2393 1263 2436 Athenarum
1279 2393 1401 2436 laude

154 2458 304 2499 eximia
322 2465 445 2512 atque
463 2472 514 2499 eo
533 2456 648 2513 quod
680 2458 812 2513 carpit
833 2465 982 2498 auctor
999 2456 1071 2513 qui
1102 2456 1210 2498 inter
1234 2457 1401 2498 Boeotos

154 2535 197 2561 se
211 2521 327 2575 quasi
344 2519 615 2562 Athenienses
630 2528 790 2575 gerant,
808 2528 1020 2561 auctorem
1039 2519 1258 2575 suspiceris
1275 2519 1402 2561 Athe-

158 2583 340 2622 niensem
359 2581 500 2633 fuisse,
517 2582 718 2638 quidnam
740 2581 914 2638 impedit
936 2582 1039 2637 quin
1063 2580 1186 2622 suerit
1206 2580 1402 2633 Ἀθήναιος

157 2643 178 2683 ὁ
198 2643 420 2696 Ἆθηναῖοςῗ

213 2709 236 2759 S
260 2720 294 2747 ι.
321 2705 460 2747 ἔπεισ
476 2708 546 2762 ιν]
569 2715 778 2762 corrupte.
804 2709 863 2749 Ut
877 2720 1002 2763 quam
1026 2706 1198 2747 minime
1215 2705 1268 2747 ab
1290 2720 1403 2748 acce-

158 2769 239 2823 ptis
258 2768 384 2809 literis
413 2767 664 2819 recederem,
688 2770 789 2809 verti
810 2769 927 2824 quasi
951 2769 993 2809 in
1017 2768 1158 2822 graecis
1180 2775 1284 2808 esset
1307 2766 1404 2810 ἐπεί-

160 2830 348 2886 [γου]σιν,
370 2828 483 2885 quod
506 2844 529 2870 a
552 2828 688 2871 vivida
711 2831 851 2872 Nostri
871 2831 1058 2871 oratione
1078 2844 1162 2871 non
1185 2829 1403 2873 videbatur

158 2891 396 2935 abhorrere.
421 2893 470 2933 In
490 2893 654 2946 Fragm.
679 2893 786 2933 Hist.
810 2901 841 2934 t.
858 2894 915 2943 11,
938 2907 982 2948 p.
1001 2892 1080 2941 254
1102 2891 1257 2946 conjeci
1280 2891 1403 2935 ἐντεῦ-

159 2954 224 2998 θεν
250 2953 302 3004 εἰς
330 2954 376 2996 τὸ
415 2952 623 3007 Ἀθηναίων
656 2954 751 2996 ἄστυ
794 2953 1035 2996 Ἐλευσιν
1052 2955 1088 2994 ία
1132 2953 1259 2995 ἐστὶν
1293 2955 1395 3008 ὁδὸς,

158 3017 274 3071 ἡδεῖα
288 3018 395 3067 κτλ..
413 3015 530 3074 quod
545 3017 784 3060 etiamnunc
802 3032 887 3059 non
899 3016 1102 3074 displicet.
1123 3014 1269 3059 ἐπίασιν
1291 3018 1400 3074 conj.

159 3074 334 3133 cattinis,
352 3078 474 3122 male.
500 3077 595 3121 εἰσὶν
613 3078 675 3122 vel
699 3077 802 3122 ἐστὶν
822 3079 916 3121 ἄστυ
935 3079 1071 3121 στάδια
1088 3078 1141 3121 ad
1171 3079 1406 3123 similitudi·

161 3155 257 3183 nem
268 3140 444 3184 aliorum
459 3140 585 3197 hujus
600 3140 817 3198 fragmenti
838 3142 1024 3185 locorum
1040 3140 1218 3198 conjecit
1234 3142 1405 3198 Stepha-

163 3218 256 3256 nus,
295 3202 500 3261 probante
530 3205 717 3256 Osanno,
741 3205 820 3247 nisi
843 3203 957 3261 quod
986 3217 1134 3261 parum
1157 3211 1251 3260 apte
1270 3205 1405 3246 omitti

164 3267 250 3309 vult
267 3281 410 3310 vocem
439 3267 550 3309 ἄστυ.
585 3268 780 3310 Ceterum
806 3282 891 3310 non
911 3266 1067 3323 ubique
1082 3264 1311 3309 stadiorum
1331 3281 1407 3308 nu—

165 3344 326 3372 merum
348 3339 567 3387 excerptor
586 3338 703 3373 notat
719 3331 755 3386 .(
774 3345 815 3373 v.
835 3345 898 3386 gr.
922 3332 947 3385 S
967 3331 1042 3385 6),
1078 3342 1214 3386 neque
1231 3342 1405 3385 usquam

166 3394 207 3433 in
230 3391 465 3434 indicandis
482 3391 624 3435 stadiis
642 3393 775 3435 utitur
789 3391 918 3435 verbo
938 3390 1056 3443 ἰστίν,
1078 3404 1214 3447 neque
1227 3388 1408 3447 denique

166 3454 379 3509 probabile
399 3455 653 3498 tritissimam
671 3470 816 3498 vocem
835 3454 949 3497 hune
970 3455 1014 3497 in
1031 3452 1204 3497 modum
1217 3466 1304 3496 esse
1317 3467 1410 3496 cor·

169 3524 350 3572 ruptam.
382 3518 399 3570 ll
425 3541 483 3548 —
510 3517 754 3574 τι]οάἀίἀί
775 3533 798 3560 e
818 3516 929 3574 conj.
959 3516 1172 3575 Stephani.
1198 3514 1409 3573 ΙΙ-ἀπι·

167 3591 253 3630 στη
268 3578 315 3619 θε
333 3578 378 3629 ίη
403 3579 418 3634 ]
439 3578 671 3633 ἀποστηθείη
692 3580 823 3623 codex
842 3597 853 3632 ;
878 3595 961 3622 em.
979 3580 1226 3637 Stephanus.
1250 3579 1267 3635 ΙΙ
1289 3603 1347 3612 -
1367 3577 1411 3622 εἰ

167 3637 293 3692 αὕτη
315 3640 331 3695 ]
352 3640 590 3683 Maiucrunt
610 3643 798 3685 nonnulli
828 3642 862 3684 εἰ
887 3643 1005 3696 ann„
1029 3642 1168 3684 malim
1197 3649 1238 3684 et
1262 3642 1364 3700 ipse.
1388 3642 1406 3698 ΙΙ

167 3701 345 3745 -πολὺ
377 3701 448 3758 δὲ]
485 3702 526 3744 δὲ
547 3702 662 3746 deest
692 3706 733 3746 in
767 3707 958 3747 Vatican.
988 3707 1005 3760 u
1033 3730 1089 3737 —
1112 3704 1300 3763 ’ῼδεῖον]
1335 3700 1412 3748 ὧδε

171 3767 187 3824 (
209 3780 296 3809 non
318 3762 396 3809 ὧδε
418 3765 433 3823 )
467 3762 515 3819 ἦν
537 3766 653 3819 cod.;
677 3783 759 3810 em.
784 3770 1120 3810 Hemsterhusius
1151 3783 1219 3826 ap.
1243 3769 1415 3813 Wesse-

169 3830 270 3886 ling.
289 3828 500 3873 Probabil.
523 3843 566 3886 p.
589 3830 669 3872 335
688 3839 729 3873 et
757 3831 1006 3874 Boissonade
1024 3830 1076 3873 ad
1095 3832 1282 3874 Holsten.
1303 3833 1412 3889 Epp.

169 3891 237 3936 Ad
251 3891 338 3935 div.
362 3906 406 3949 p.
433 3895 499 3943 14.
524 3894 646 3935 Ratio
660 3908 741 3950 qua
758 3902 1126 3936 monumentorum
1149 3895 1334 3937 recensio
1349 3895 1412 3937 in-

170 3954 406 3998 troducitur
436 3962 578 4012 aperte
601 3958 853 4013 excerptoris
874 3966 950 3999 est.
987 3958 1004 4011 ss
1034 3981 1090 3989 —
1115 3958 1238 4014 μέγα
1274 3959 1290 4014 ]
1317 3956 1414 4014 μετὰ

171 4017 285 4070 cod.;
309 4033 391 4061 em.
416 4018 612 4075 stephan.
638 4018 731 4074 ΙΙ·-
753 4018 995 4077 ἀπόψιον]
1018 4020 1217 4072 Dfibner3
1240 4020 1413 4062 ἄποπτον

1443 299 1539 355 Ipsa
1558 295 1659 342 urbs
1679 305 1767 341 tota
1782 298 1888 339 sicca
1903 328 1916 348 ‚
1935 310 2070 353 neque
2096 310 2214 352 aquis
2245 296 2350 337 bene
2384 296 2597 346 instructa,
2614 310 2690 339 ne-

1442 373 1525 415 que
1537 367 1649 403 recte
1663 360 1762 402 item
1777 361 1820 401 in
1838 359 2160 416 plateassectaoi
2194 367 2449 401 vetustatem.
2471 359 2683 401 Domuum

1443 413 1649 479 plu-uiue
1666 422 1765 465 viles
1777 454 1789 475 ,
1812 437 1955 479 pauco
1972 421 2221 465 commode.
2256 423 2396 464 Primo
2417 422 2554 462 statim
2571 435 2688 478 aspe-

1443 492 1515 526 ctu
1535 483 1656 541 plane
1680 482 1922 527 dubitarent
1940 485 2163 542 peregrini,
2187 499 2240 526 an
2260 484 2347 526 haec
2368 492 2471 525 esset
2491 484 2555 525 illa
2584 484 2693 526 cele-
2729 483 2745 537 j.
2780 515 2782 517 -

1443 546 1561 589 brata
1585 546 1899 590 Atheniensium
1927 547 2061 589 urbs:
2091 561 2190 589 mox
2223 555 2359 589 tamen
2395 546 2509 587 facile
2541 546 2687 602 aliquis

1444 607 1600 652 credat.
1659 608 1824 652 Odeum
1858 609 1915 651 ibi
1947 610 2136 652 omnium
2161 610 2203 651 in
2225 609 2326 651 orbe
2345 618 2548 650 terrarum
2573 608 2689 651 facile
2744 633 2745 636 =

1445 670 1803 728 pulcherrimum;
1850 671 2057 714 theatrum
2102 670 2368 713 memorabile
2411 670 2690 726 miranda-que
2776 668 2779 671 ’

1447 737 1769 793 magnitudinis5
1789 738 1987 781 Minerva
2009 737 2151 780 sanum
2166 746 2474 794 sumptuosum,
2491 753 2514 778 e
2529 738 2689 793 longin-

1449 817 1536 859 quo
1548 805 1820 861 conspicuum
1835 803 1995 860 deaque
2004 803 2308 860 dignissimum,
2325 804 2437 861 quod
2455 806 2687 849 Parthenon

1450 878 1615 921 vocant,
1643 870 1805 913 theatro
1822 870 2100 927 superjacens,
2119 873 2325 914 intuentoe
2348 874 2390 914 in
2415 887 2605 928 magnam
2625 887 2690 915 ra·

1449 937 1568 992 piens
1593 936 1934 987 admirationem;
1956 936 2213 993 Olympium,
2234 939 2565 995 semiperfectum
2593 940 2692 981 illud

1453 1002 1638 1059 quidem,
1652 1002 1723 1045 sed
1739 1011 1958 1046 structurae
1968 1001 2242 1046 delineatione
2249 1012 2460 1061 smporem
2472 1008 2691 1058 incutiens,

1454 1069 1642 1112 futurum
1667 1084 1764 1112 vero
1782 1065 2166 1126 praestantissimum
2180 1100 2192 1122 ,
2216 1071 2250 1112 si
2281 1070 2510 1127 perfectum
2532 1073 2692 1126 suisset,

1453 1137 1664 1192 gymnasia
1680 1137 1771 1187 tria,
1794 1135 2032 1187 Academia,
2051 1138 2250 1192 Lyceum,
2270 1137 2539 1194 Cynosarges,
2555 1143 2694 1184 omnia

1454 1203 1673 1245 arboribus
1708 1212 1749 1245 et
1773 1204 1862 1245 solo
1885 1205 2098 1259 gramineo
2129 1203 2337 1255 decorata,
2372 1205 2696 1255 horti‚virentes

1455 1272 1666 1313 variorum
1691 1271 2052 1327 philosophorum,
2083 1271 2211 1313 animi
2234 1270 2525 1314 delectationes
2541 1286 2703 1317 recrea·

1456 1339 1696 1393 tionesque;
1721 1336 1831 1379 seriae
1849 1337 2060 1393 plurimam
2088 1338 2318 1394 spectacula
2340 1337 2584 1395 frequentia.

1511 1416 1553 1445 a.
1579 1404 1756 1445 Fructus
1776 1411 1896 1444 terrae
1920 1403 2237 1454 inaestimabiles,
2256 1418 2529 1459 magnamque
2546 1404 2700 1447 babent

1454 1474 1697 1515 suavitatem
1712 1504 1723 1524 ,
1759 1473 1897 1530 paullo
1933 1482 2071 1515 tamen
2109 1475 2285 1515 rariores
2321 1483 2432 1516 sunt.
2464 1476 2503 1494 *¹*
2540 1476 2699 1517 Verum

1457 1543 1772 1598 peregrinorum
1792 1544 1940 1584 animis
1962 1542 2213 1584 oblivionem
2238 1544 2445 1585 servitutis
2476 1544 2595 1585 affert
2615 1553 2705 1586 stu-

1457 1610 1575 1652 dium
1590 1618 1713 1666 atque
1730 1625 1855 1667 opera
1871 1625 1996 1666 quam
2012 1612 2055 1653 in
2067 1611 2206 1662 rebus,
2223 1624 2316 1667 quae
2330 1610 2544 1654 desideriis
2560 1613 2701 1654 unius·

1457 1678 1657 1736 cujusque
1675 1689 1772 1722 sunt
1794 1680 2115 1723 accommodatae
2136 1689 2176 1722 et
2198 1690 2497 1733 consentaneae,
2522 1691 2700 1737 ponunt.

1461 1893 1673 1943 Gronov.;
1698 1891 1860 1935 ἀπόὸιον
1878 1892 2025 1935 codex.
2048 1894 2065 1948 ΙΙ
2092 1918 2149 1926 -
2174 1895 2315 1951 θεᾶς]
2338 1896 2422 1944 θέας
2439 1895 2585 1938 codex.
2611 1899 2626 1949 ΙΙ
2649 1921 2705 1929 -

1461 1955 1482 1996 ὓ
1494 1970 1547 1998 πε
1560 1960 1641 2011 ρ’κε
1651 1955 1664 1996 ί
1676 1971 1729 2012 με
1739 1972 1758 1997 ν
1771 1972 1792 1997 ο
1802 1958 1848 2012 ν]
1865 1955 1962 1998 fort.
1983 1964 2129 1998 auctor
2143 1958 2305 2013 scripsit
2317 1957 2595 2014 ὓπερκείμενος.
2618 1961 2634 2014 ΙΙ
2651 1983 2707 1992 -

1462 2015 1516 2069 τὴ
1527 2032 1547 2058 ν
1566 2016 1587 2059 ὓ
1600 2033 1627 2060 π
1637 2033 1692 2075 ογ
1702 2034 1723 2074 ρ
1737 2033 1793 2075 αφ
1806 2017 1829 2071 ἡ
1841 2019 1887 2075 ν]
1904 2017 1956 2067 εἰς
1974 2015 2043 2070 τὴν
2057 2017 2166 2074 conj.
2182 2020 2435 2076 Stephanus;
2450 2021 2709 2075 καταπληκτι-

1462 2077 1534 2131 κὴν
1551 2078 1566 2136 (
1582 2080 1873 2137 καταπλήξιμον
1888 2096 1924 2123 s.
1938 2080 2212 2134 καταπληκτὴν
2228 2082 2397 2125 Salmas.
2415 2083 2429 2141 )
2446 2084 2481 2125 δ’
2496 2083 2560 2140 ἔχ.
2579 2083 2650 2136 τὴν
2667 2101 2703 2127 τ.

1463 2158 1500 2185 ο.
1525 2142 1561 2184 ὓ.
1588 2143 1878 2194 Casaubonus3
1913 2142 2149 2196 κατάπληξιν
2176 2145 2218 2185 ’δ’
2238 2143 2334 2200 ἔχον
2360 2144 2479 2189 ἰδόντι
2504 2145 2575 2199 τὴν
2606 2156 2705 2199 etc.,

1462 2204 1628 2247 Jacobs.
1651 2206 1694 2247 in
1716 2207 1926 2261 Boettigeri
1942 2205 2125 2249 Amalth.
2145 2207 2287 2249 Cereri
2317 2207 2382 2249 his
2401 2208 2597 2251 omnibus
2614 2223 2709 2266 pos-

1463 2281 1523 2319 se,
1548 2268 1776 2323 praesertim
1810 2268 1854 2309 in
1887 2276 2081 2324 excerpto
2110 2276 2269 2320 nostro,
2293 2278 2437 2312 monet
2455 2271 2663 2315 Osannus.
2687 2273 2704 2327 ΙΙ

1463 2354 1521 2361 -
1546 2330 1902 2386 Κυνόσαργες]
1922 2330 2033 2380 κυνὸς
2050 2330 2274 2388 ἅργοςοοά.
2294 2332 2311 2388 ΙΙ
2332 2333 2580 2390 -χόρτοι
2597 2349 2712 2377 παν·

1465 2407 1517 2434 το
1532 2392 1711 2442 θαλεῒς
1732 2394 1747 2449 ]
1770 2392 1900 2449 ἑορταὶ
1924 2394 2167 2437 παντοδαπαὶ
2199 2393 2330 2437 codex
2339 2411 2352 2447 ;
2372 2403 2415 2438 at
2443 2396 2582 2454 inepta
2609 2396 2653 2439 h.
2677 2396 2707 2439 l.

1466 2457 1623 2498 mentio
1639 2455 1837 2498 festorum
1851 2456 2211 2514 philosophorum,
2229 2458 2389 2500 etiamsi
2403 2457 2712 2516 fuisse-putave-

1465 2519 1537 2559 ris.
1559 2518 1687 2572 Quod
1706 2519 1886 2560 sentiens
1908 2519 2176 2562 Casaubonus
2202 2519 2327 2562 verba
2349 2522 2563 2577 transponi
2583 2520 2711 2564 voluit

1466 2580 1580 2622 hunc
1610 2582 1652 2622 in
1672 2579 1845 2623 modum
1864 2593 1874 2622 :
1898 2579 2028 2637 ἑορταὶ
2046 2581 2303 2632 παντοδαπαὶ,
2336 2581 2461 2637 ψυχῆς.
2477 2579 2709 2635 ἀνάπαυσις,

1466 2642 1689 2698 φιλοσόφων
1706 2642 1961 2685 παντοδαπῶν
1984 2642 2131 2699 σχολαὶ
2144 2642 2306 2693 πολλαὶ,
2329 2643 2410 2685 θέαι
2426 2646 2613 2700 συνεχεῖς,
2637 2648 2712 2688 At·

1467 2714 1605 2747 tamen
1635 2705 1979 2762 philosophorum
2009 2707 2166 2749 mentio
2195 2707 2263 2747 vix
2296 2706 2523 2763 separanda
2545 2717 2634 2751 erat
2661 2709 2714 2751 ab

1467 2768 1862 2810 commemoratione
1877 2766 2124 2820 Academiae,
2139 2768 2279 2824 Lycei,
2294 2769 2554 2825 Cynosargis.
2572 2771 2711 2815 Verba

1472 2829 1596 2886 ψυχῆς
1615 2828 1681 2871 ἀπ.
1703 2829 1768 2872 καὶ
1792 2828 1853 2872 ἀν.
1886 2829 2123 2872 Holstenius
2142 2832 2354 2886 transponi
2374 2830 2503 2874 voluit
2521 2842 2615 2889 post
2634 2834 2714 2877 θέαι

1472 2906 1530 2942 σ.,
1546 2890 1619 2933 ubi
1634 2905 1731 2934 sane
1749 2892 1908 2948 aptiora
1931 2890 2081 2934 forent.
2104 2893 2120 2947 {l
2142 2916 2198 2924 ——
2216 2891 2539 2951 ἀναπαύσεις]
2560 2896 2714 2948 Marum
2779 2943 2782 2947 ⁴

1472 2952 1677 3003 ἀνάπαυσις
1694 2953 1738 2997 h.
1758 2953 1786 2995 l.
1812 2952 1958 3006 codex,
1979 2954 2050 2996 sed
2074 2969 2170 2997 mox
2194 2954 2433 3005 ἀναπαύσεις.

1531 3019 1555 3071 S
1573 3030 1615 3059 α.
1632 3017 1757 3060 Plura
1773 3016 1827 3059 ab
1842 3026 2082 3074 excerptore
2097 3019 2246 3061 omissa
2264 3034 2351 3070 esse
2368 3028 2461 3076 post
2480 3035 2519 3063 v.
2548 3024 2717 3064 σπανιὼ·
2775 3007 2782 3054 5

1477 3094 1568 3135 τερα
1583 3088 1709 3137 patet.
1736 3080 1852 3134 Quid
1879 3080 2155 3137 supplendum
2178 3082 2231 3124 sit
2250 3081 2366 3125 dictu
2384 3082 2566 3135 difficile,
2587 3098 2717 3140 quum

1477 3156 1530 3184 ne
1554 3142 1635 3184 hoc
1663 3141 1833 3199 quidem
1854 3152 2027 3194 constet,
2061 3158 2249 3200 quaenam
2287 3143 2548 3200 intelligenda
2565 3146 2618 3188 sit
2636 3147 2721 3188 δου-

1477 3204 1577 3247 λεία.
1603 3205 1713 3247 Num
1740 3206 2054 3248 Atheniensium
2084 3206 2355 3250 Macedonico
2382 3208 2558 3251 arbitrio
2584 3209 2720 3266 subJe-

1477 3275 1658 3319 ctorum,
1697 3269 1816 3309 sicuti
1854 3267 1907 3310 de
1941 3268 2273 3311 Chalcidensium
2307 3270 2503 3312 servitute
2536 3269 2719 3327 loquitur

1478 3333 1501 3383 S
1522 3330 1604 3373 30?
1621 3344 1672 3372 an
1688 3331 1843 3373 servilis
1866 3332 2165 3387 inquilinorum
2189 3331 2406 3375 conditio?
2428 3333 2445 3388 ΙΙ
2464 3357 2521 3366 -
2539 3332 2680 3383 ξένων
2700 3334 2731 3391 ]

1479 3392 1610 3442 ξεινῶν
1630 3392 1776 3435 codex.
1820 3395 1836 3448 11
1870 3419 1926 3426 -
1945 3396 2407 3452 συνοικειουμίνη]
2441 3388 2756 3453 συνοικουμένη·Υ

1478 3454 1609 3498 codex
1625 3473 1635 3507 ;
1658 3470 1739 3498 em.
1766 3457 1992 3500 Vulcanius
2010 3467 2050 3500 et
2066 3457 2326 3510 Holstenius;
2343 3457 2578 3501 distinctior
2594 3460 2718 3502 etiam

1479 3520 1613 3561 oratio
1636 3518 1757 3571 soret,
1783 3521 1815 3561 si
1847 3534 1941 3562 cum
1956 3519 2227 3563 Boissonadio
2244 3520 2388 3576 legeris
2409 3522 2717 3579 συνοικειουμίνη

1479 3581 1546 3623 καί
1568 3583 1652 3630 ταῖς
1669 3581 1726 3623 ἔπ.
1751 3582 1839 3625 κτλ.
1859 3583 2045 3626 Marxius
2059 3581 2235 3639 conjecit
2251 3585 2607 3641 συνοικειουμίναις,
2628 3585 2718 3641 opi·
2763 3607 2765 3611 Α

1482 3658 1584 3686 nans
1609 3643 1806 3701 ἐπιθυμίας
1833 3646 2161 3703 συνοικειουμλνας
2181 3660 2268 3689 esse
2288 3645 2543 3704 cupiditates
2569 3644 2720 3704 quibus
2758 3699 2760 3702 ‚

1482 3705 1638 3764 aliquis
1674 3708 1876 3750 obnoxius
1908 3708 1982 3752 sie.
2027 3708 2105 3752 Cui
2137 3709 2465 3766 interpretationi
2493 3708 2737 3765 refragatur*
2759 3747 2762 3752 ,
2780 3748 2782 3750 .

1485 3767 1617 3811 forma
1641 3769 1753 3812 verbi
1776 3770 1926 3813 media.
1947 3771 2141 3814 Ceterum
2158 3770 2296 3814 locum
2310 3780 2498 3813 nostrum
2514 3769 2602 3828 jam
2615 3770 2763 3836 benef

1483 3844 1628 3873 sanum
1649 3847 1735 3874 esse
1751 3833 1922 3875 minime
1949 3832 2091 3876 medo.
2124 3833 2273 3876 Nescio
2291 3848 2344 3876 an
2372 3833 2456 3876 huc
2474 3829 2782 3877 imminendum-¹.

1483 3893 1566 3935 sint
1600 3893 1723 3936 verba
1747 3893 1771 3947 ἡ
1795 3894 1927 3946 πόλις,
1965 3909 2059 3951 quae
2096 3909 2196 3938 mox
2223 3894 2315 3938 loco
2338 3894 2531 3951 leguntur
2561 3894 2716 3950 inepto,
2759 3880 2782 3931 Ἰ

1482 3954 1587 3998 adeo
1605 3964 1647 3997 ut
1668 3956 1745 4011 leg.
1774 3958 1827 3999 sit
1848 3970 1858 3999 ε
1885 3956 1975 3998 ἀλλ’
1993 3956 2018 4010 ἠ
2037 3957 2148 4007 πόλις
2165 3961 2241 4000 τῶν
2263 3956 2379 4007 ξένων
2409 3956 2580 4004 ἑκάστοις
2596 3968 2735 3996 συνοιρ·
2778 3994 2782 4006 2

1484 4019 1684 4075 κειουμένη
1701 4022 1786 4068 ταῖς
1806 4018 2018 4077 ἐπιθυμίαις
2033 4019 2265 4078 εὗάρμοστος
2289 4019 2304 4077 (
2321 4019 2563 4076 εὖάρμωστος
2588 4014 2716 4071 cod.)
2765 4062 2767 4066 Α
