2808 4342
879 166 1265 213 S'I'ADIASMUS
1300 166 1738 216 MARISMAGNL
1779 231 1781 233 Ι

101 288 176 318 189.
199 270 299 317 Ἀπὸ
317 272 396 315 τῶν
422 269 621 332 Κραυνῶν
636 268 704 312 ἐπὶ
727 267 779 313 τὰ
798 269 1043 330 Πισούργια,
1063 268 1269 329 εὐώνυμον

37 340 171 402 ἔχοντι
184 340 258 395 τὴν
280 337 562 400 Κράμὸουσαν
577 373 588 393 ,
612 337 769 382 στάδιοι
783 337 865 396 με’.
932 337 1032 383 Ἀπὸ
1045 341 1116 392 τ’ῆς
1134 338 1270 401 'Aepo-

37 407 215 459 δισιάδος
234 406 302 453 ἐπὶ
321 406 373 451 τὰ
399 406 626 469 Πισούργια
648 406 805 452 στάδιοι
826 406 902 466 ρκ’.
955 409 959 412 ’

102 496 176 525 190.
216 477 313 524 Ἀπὸ
329 481 408 521 τῶν
433 477 691 538 Πισουργίων
714 479 769 527 εἷς
789 478 939 521 κόλπον
960 476 1156 537 Βερνίκην
1179 477 1271 521 στά-

0 565 16 598 ⁵
37 549 111 594 διοι
130 548 180 595 ν’.
695 578 698 582 ι

101 632 174 663 191.
215 615 344 679 [Ἀπὸ
365 615 562 676 Βερνίκης
579 614 644 658 ἐπὶ
663 612 900 674 Κελένδεριν
918 612 1076 658 στάδιοι
1091 611 1156 675 ν’]
1169 650 1178 658 .

75 715 78 718 ·
99 702 172 733 1⁹2.
211 684 311 730 Ἀπὸ
334 684 611 745 Κελενδέρεως
630 684 685 733 εἷς
709 680 930 736 Μανδάνην
951 682 1107 727 στάδιοι
1128 682 1177 743 ρ’.

103 769 177 800 193.
217 754 315 799 Ἀπὸ
341 751 564 806 Μανδάνης
585 753 649 795 ἐπ’
680 749 932 813 ἀκρωτήριον
959 751 1174 796 Ποσείδιον
1197 770 1276 796 κα-

0 834 6 868 '2
35 823 233 883 λούμενον
254 822 410 867 στάδιοι
432 820 481 872 ξ’.

0 900 2 905 ’
103 906 178 935 194.
217 889 317 935 Ἀπὸ
334 888 559 940 Μανδάνης
577 887 643 933 ἐπὶ
658 886 707 932 τὰ
721 887 1044 950 Διονυσοφάνους
1058 889 1216 934 στάδιοι
1227 888 1277 934 λ’.

70 989 74 993 ›
107 973 182 1003 195.
230 957 331 1003 Ἀπὸ
374 955 390 1019 [
413 960 492 1001 τῶν
514 955 529 1019 ]
570 957 893 1018 Διονυσοφάνους
932 958 986 1008 εἷς
1021 956 1279 1018 εΡυγμανοὺς

40 1026 194 1072 στάδιοι
217 1027 269 1074 ν’.

0 1283 6 1297 ,ψ
37 1255 93 1302 V,
125 1268 148 1307 7
179 1266 190 1294 ;
221 1252 441 1308 Sarpedon,
478 1251 636 1300 Crunis,
673 1251 909 1292 Celenderis.
945 1252 1097 1291 Nostro
1115 1265 1282 1305 quoque

40 1315 130 1356 loco
147 1315 269 1355 fuisse
288 1323 391 1369 puto
405 1315 592 1369 Κρουνούς
614 1314 701 1370 (Cf.
722 1314 887 1368 Κρουνοὶ
907 1314 1066 1354 Pontici
1084 1328 1150 1368 ap.
1174 1315 1282 1354 Stra-

0 1377 7 1402 ’-
44 1377 142 1417 bon.
170 1370 220 1431 1).
258 1376 337 1429 319
366 1384 443 1416 etc.
464 1376 495 1431 ).
524 1377 864 1416 Promontorium
887 1376 982 1416 satis
1011 1375 1281 1429 conspicuum

4 1474 9 1475 ⁷
39 1437 251 1493 quomodo
267 1451 380 1477 nunc
396 1437 621 1491 appelletur
635 1438 794 1487 nesci03
813 1436 970 1491 adjacet
984 1436 1115 1476 insula
1128 1438 1284 1491 (Papa-

40 1501 181 1554 dula),
203 1499 430 1541 Crambusa
445 1498 675 1539 Stadiasmi.

101 1568 193 1606 189.
217 1562 421 1616 ἔχοντι]
445 1560 590 1615 ἔχοντα
610 1561 721 1610 cod.;
741 1576 822 1602 em.
846 1561 1284 1614 01111.11--Πισούρ-

33 1627 150 1681 ·για]
173 1640 225 1666 an
251 1624 488 1678 Πισσοόργια
519 1624 581 1664 vel
609 1623 870 1678 Πισσουργεῖα
894 1623 946 1662 de
965 1623 1067 1677 picis
1101 1622 1284 1662 sontibus

44 1688 321 1743 fabricisque?
344 1687 524 1729 Aliunde
545 1701 630 1726 non
653 1694 776 1726 notus
792 1686 922 1725 locus.

97 1754 120 1804 S
147 1755 239 1794 190.
277 1750 464 1791 κόλπον
488 1748 755 1803 Βερνίκην]
782 1747 909 1788 suerit
947 1762 985 1787 κ.
1014 1746 1193 1800 Βερνίκης
1224 1747 1286 1787 vel

0 1807 4 1809 ‚
41 1813 91 1861 εἰς
112 1814 258 1854 κόλπον
274 1812 339 1852 καὶ
366 1811 479 1852 πόλιν
506 1810 706 1864 Βερνίκην,
739 1822 991 1863 quamquam
1020 1808 1100 1848 hoc
1119 1822 1285 1862 quoque

41 1883 184 1916 contra
221 1887 344 1915 usum
385 1872 611 1926 scriptoris.
644 1873 707 1910 De
737 1869 871 1911 forma
901 1869 1059 1925 Βερνίκη
1095 1869 1148 1910 cf.
1175 1873 1282 1924 §57.

41 1938 263 1979 Berenicen
286 1935 437 1977 Ciliciae
470 1934 700 1988 Stephanus
723 1933 815 1974 loco
834 1933 981 1987 quinto
1015 1933 1122 1972 inter
1155 1934 1285 1974 varias

39 1999 255 2040 Berenicas
273 2005 470 2038 recenset.
495 1994 673 2036 Aliunde
689 2009 775 2035 non
794 2003 891 2035 nota
914 1994 1028 2035 urbs.

14 2097 21 2107 .
96 2064 118 2113 ἓ
147 2065 242 2102 191.
259 2059 420 2099 Inclusa
440 2058 640 2112 supplevi.
667 2057 936 2111 Superstitem
958 2055 1081 2110 hujus
1099 2057 1177 2096 loci
1196 2071 1287 2111 par-

20 2145 22 2147 >
43 2119 124 2164 tem
143 2121 319 2166 vidimus
332 2122 490 2175 supra§
510 2121 602 2160 186.
615 2121 677 2158 De
689 2117 904 2158 Celenderi
918 2119 933 2171 (
947 2117 1047 2157 hod.
1065 2117 1286 2157 Kilanclria

41 2200 75 2226 s.
111 2185 282 2226 Gulnar.
309 2183 321 2239 )
344 2197 382 2223 v.
419 2181 562 2235 Scylax
595 2195 637 2235 p.
669 2184 738 2234 76,
774 2179 1019 2234 Apollodor.
1039 2181 1116 2228 III,
1147 2182 1212 2228 14,
1242 2192 1282 2228 2,

43 2247 188 2288 Strabo
210 2261 252 2301 p.
282 2250 362 2299 670
389 2245 405 2296 (
428 2243 646 2296 Κελένδερις
676 2242 787 2288 πόλις
806 2241 945 2295 λιμένα
965 2240 1158 2295 ἔχουσα),
1180 2241 1286 2281 Mela

45 2311 90 2360 1,
141 2310 189 2349 13
224 2307 236 2362 (
265 2305 486 2347 Celenderis
511 2314 550 2344 et
580 2303 774 2355 Nagidus
807 2302 975 2343 coloniae
1006 2302 1282 2356 Samiorum),

42 2371 196 2412 Plinius
218 2371 275 2418 V,
299 2381 351 2409 22
375 2371 397 2420 §
421 2380 473 2420 92
511 2366 523 2421 (
552 2366 659 2418 regio
682 2364 942 2405 Celenderitis
964 2379 1055 2405 cum
1084 2363 1282 2422 oppido),

42 2433 250 2474 Hierocles
270 2446 310 2486 p.
336 2431 415 2484 708
438 2430 453 2481 (
476 2428 548 2467 ubi
576 2442 683 2468 corr.
719 2427 931 2481 Κελεσδέρη
951 2427 982 2482 ),
1002 2428 1054 2468 G.
1077 2428 1128 2466 R.
1161 2427 1216 2474 V,
1243 2441 1283 2476 7.

32 2498 82 2540 ΙΙ
120 2510 137 2536 1
176 2527 185 2536 .

86 2511 237 2612 '51792
269 2556 511 2609 Μανδάνην]
539 2553 663 2609 Apud
687 2553 892 2608 Scylacem
923 2556 1015 2607 post
1044 2551 1284 2593 Celendcrin

25 2621 27 2624 ⁴
44 2621 228 2675 sequitur
246 2618 391 2666 Μυοῦς,
417 2616 530 2671 quod
546 2630 699 2655 nomen
718 2615 1010 2656 terminatione
1032 2614 1142 2669 apud
1165 2616 1287 2655 Cares

0 2685 4 2716 3-
44 2682 372 2738 frequentissima
386 2688 446 2719 est
462 2678 646 2733 Myanda
662 2679 703 2718 in
720 2678 854 2719 Plinio
868 2678 894 2718 Ι.
912 2678 940 2718 l.
965 2691 974 2717 :
992 2681 1045 2718 In
1059 2677 1287 2718 continente

30 2806 177 2849 locum
194 2813 391 2859 corrupto
407 2804 590 2852 nomine,
608 2811 654 2843 ut
670 2802 849 2852 videtur,
871 2801 1122 2842 Stadiasmus
1142 2802 1283 2843 tradit.

48 2868 171 2923 Apud
194 2868 437 2909 Strabonem
449 2881 491 2920 p.
513 2870 593 2919 670
610 2873 703 2920 post
719 2863 978 2905 Celenderim
993 2873 1255 2904 recensentur
1275 2878 1283 2904 :

43 2931 158 2977 τόπος
179 2928 372 2978 Μελανία,
404 2927 572 2982 Ἀρσινόη
590 2927 810 2981 πρόσορμον
841 2925 1000 2979 ἔχουσα,
1025 2926 1192 2980 Νάγιδος
1216 2928 1285 2967 πό-

45 2991 118 3043 λις,
149 2991 403 3047 Ἀνεμοόριον,
433 2992 475 3030 111
496 2989 646 3044 (11111)115
664 3003 716 3029 an
745 2988 923 3028 Melania
941 2987 993 3027 ad
1014 2996 1202 3028 nostrum
1227 2989 1287 3030 lo-

34 3051 141 3097 'cum
156 3055 373 3110 pertineat,
388 3067 532 3102 necne,
551 3053 764 3108 quaeritur.
784 3051 1109 3105 Centumstadia
1129 3050 1288 3092 ducunt

14 3154 17 3157 .
45 3117 98 3158 ad
120 3119 259 3157 ruinas
278 3116 380 3157 hod.
402 3116 556 3156 Aksas.
585 3115 744 3168 Viginti
760 3113 844 3153 fere
866 3128 890 3153 a
911 3112 1127 3154 Celenderi
1147 3114 1287 3154 stadiis

46 3180 145 3221 alius
164 3189 224 3220 est
245 3180 460 3220 ruinarum
475 3179 588 3218 locus
610 3177 832 3226 δοιώ-8011,
851 3190 975 3230 (1110111
999 3177 1220 3231 Kiepertus
1244 3179 1286 3217 in

45 3242 148 3282 Tab.
166 3243 248 3282 XX
266 3243 445 3282 Graecar.
473 3240 607 3280 colon.
637 3239 824 3279 Melaniae
847 3239 1060 3279 Strabonis
1089 3238 1283 3289 vindicat,

45 3317 120 3357 ego
142 3303 276 3343 refero
300 3302 352 3343 ad
372 3306 494 3355 Sycas
517 3302 751 3355 Geographi
769 3303 870 3341 Rav.
895 3303 952 3351 H,
979 3315 1044 3355 17,
1063 3301 1135 3341 ubi
1155 3304 1287 3342 nomi-

46 3379 147 3406 num
173 3366 295 3405 series
321 3377 331 3404 z
359 3363 595 3411 Celenderis,
628 3367 748 3417 Syeoe,
776 3363 974 3414 Arsinoe,
997 3365 1283 3406 Anemurium.

47 3427 110 3468 Cf.
136 3428 276 3482 Steph.
295 3429 391 3481 Byz.
410 3440 449 3465 v.
472 3425 590 3465 Συκαί
605 3433 645 3465 et
661 3424 882 3480 Athenaeus
900 3439 944 3479 p.
971 3428 1039 3479 78,
1060 3426 1104 3475 B,
1130 3428 1200 3480 qui
1219 3426 1289 3466 Συ-

48 3491 134 3531 κέαν
160 3490 311 3530 Ciliciae
329 3489 475 3529 urbem
497 3487 631 3527 affert.
656 3486 775 3527 Adde
800 3486 923 3538 Σόκης
938 3487 1195 3542 πολισμάτιον
1219 3505 1284 3543 ap.

49 3552 306 3592 Constantin.
322 3550 526 3605 Porphyr.
548 3549 575 3590 l.
593 3549 606 3588 l
630 3580 640 3598 ,
664 3549 735 3602 qui
752 3547 942 3588 ordinem
961 3549 1147 3589 locorum
1164 3551 1288 3604 negli-

30 3615 120 3667 git.
151 3615 309 3667 Viginti
344 3612 427 3653 sere
458 3620 552 3667 post
583 3611 723 3651 Almus
758 3609 899 3650 stadiis
941 3610 1028 3650 aliae
1065 3621 1288 3652 occurrunt

49 3679 192 3725 ruinae,
217 3675 269 3716 ad
305 3690 406 3730 quas
429 3674 649 3716 Melaniam
681 3672 892 3715 Strabonis
920 3671 1046 3712 refert
1068 3673 1288 3728 Kiepertus

49 3738 90 3779 in
110 3740 215 3780 Asiae
236 3739 408 3779 minoris
434 3753 572 3792 mapp.
593 3745 691 3776 sect.
716 3737 771 3776 V.
797 3738 984 3776 Fortasse
1011 3735 1094 3776 huc
1112 3738 1288 3790 pertinet

36 3799 193 3850 ’Σάλον,
229 3800 344 3854 (111οά
373 3800 515 3855 Scylax
540 3801 646 3839 inter
663 3800 877 3852 Myuntem
900 3806 940 3837 et
968 3797 1182 3838 Posidium
1201 3814 1286 3840 mc-

51 3872 197 3903 morat.
310 3856 312 3858 V

64 3960 70 3969 ,
106 3926 129 3976 §
164 3928 258 3966 193.
293 3939 380 3964 στα
393 3924 430 3964 δ.
456 3922 515 3978 ξ’]
536 3924 594 3963 510
627 3921 782 3970 codex3
810 3921 919 3961 σταδ.
955 3921 988 3968 ζ’
1023 3922 1125 3962 male
1146 3924 1283 3964 Iriart.

43 3975 114 4038 {Cl-
135 3985 275 4040 Scylax
310 3999 319 4026 ε
346 3985 436 4040 πρὸς
461 3985 500 4025 δὲ
537 3983 606 4035 τὴν
640 3983 764 4035 Σητὸν
798 3983 936 4037 λιμένα
969 3983 1187 4036 Ποσείδιον,
1214 3985 1283 4025 ubi

44 2744 198 2801 oppida
225 2741 424 2797 Myanda,
462 2740 732 2790 Coracesium,
767 2739 1052 2780 Anemurium.
1091 2739 1299 2780 Eundem.

2485 181 2573 220 483

1402 277 1495 328 189.
1530 278 1566 316 A
1596 276 1768 316 Craunis
1793 275 1846 316 ad
1867 277 2077 331 Pisurgia,
2103 279 2373 320 Crambusam'
2407 281 2580 332 insulam

1341 359 1364 385 a
1385 345 1559 385 sinistris
1591 345 1784 395 habenti,
1814 345 1943 386 stadia
1973 346 2041 394 45.
2105 347 2170 387 Ab
2204 348 2506 401 Aphrodisiade
2529 349 2581 390 ad

1342 415 1525 466 Pisurgia
1541 413 1671 454 stadia
1690 428 1781 456 120.

1404 496 1496 535 190.
1529 485 1565 523 A
1597 483 1791 538 Pisurgiis
1823 483 1873 524 ad
1894 485 2030 524 sinum
2053 485 2256 526 Berenicae
2279 485 2407 526 stadia
2438 501 2581 527 nume-

1344 559 1490 592 rantur
1507 551 1579 593 50.

1405 634 1498 674 191.
1535 621 1607 674 [A
1625 622 1806 663 Berenice
1828 623 1885 662 ad
1908 624 2146 665 Celenclerim
2163 625 2306 666 stadia
2330 626 2394 683 50.
2414 627 2428 680 ]

1407 703 1498 743 192.
1534 692 1570 731 A
1587 690 1800 731 Celenderi
1824 691 1875 732 ad
1898 692 2132 733 Mandanen
2153 694 2282 734 stadia
2308 708 2399 736 100.

1408 760 1502 812 193.
1534 762 1570 800 A
1592 759 1798 801 Mandane
1826 761 1878 801 ad
1907 761 2120 803 Posidium
2151 763 2263 817 quod
2295 772 2462 804 vocatur
2486 778 2582 819 pro·

1350 829 1604 868 montorium
1622 828 1752 870 stadia
1772 833 1839 870 60.

1410 899 1504 949 194.
1536 899 1572 937 A
1585 896 1792 937 Mandane
1807 898 1858 937 ad
1871 898 2007 938 locum
2022 899 2353 955 Dianysophanis
2369 901 2497 942 stadia
2512 902 2579 943 30.

1411 964 1504 1017 195.
1536 968 1571 1006 Α
1592 964 1682 1005 1000
1694 964 2026 1021 Dionysophanis
2046 967 2097 1008 ad
2115 970 2376 1024 Rhygmanos
2389 980 2482 1011 sunt
2503 980 2581 1013 sta-

1352 1034 1420 1075 dia
1439 1035 1504 1077 50.

2358 1179 2553 1190 ——sq

1348 1252 1473 1303 Κητὸν
1494 1252 1631 1306 λιμένα
1655 1253 1919 1294 scribendum
1942 1257 2160 1309 proposui,
2183 1257 2294 1310 quod
2318 1259 2584 1303 confirmatur

1347 1314 1602 1368 aliquatenus
1622 1329 1686 1365 eo,
1712 1315 1825 1369 quod
1863 1330 1976 1356 nunc
2006 1317 2062 1356 ibi
2094 1326 2154 1357 est
2178 1319 2420 1368 Kis-liman,
2450 1336 2473 1361 a
2501 1336 2584 1374 quo

1348 1390 1499 1415 nomen
1519 1375 1644 1416 hodie
1665 1378 1953 1430 promontorio
1973 1377 2146 1418 inditur.

1405 1441 1426 1489 S
1463 1442 1555 1480 194.
1595 1437 1686 1479 ἀπὸ
1709 1439 1844 1479 Μανδ
1858 1440 1945 1491 άνη
1961 1441 2006 1494 ς]
2047 1441 2233 1481 Debebat
2263 1441 2336 1483 ἀπὸ
2360 1443 2583 1495 Ποσειδίου,

1350 1501 1427 1539 11151
1445 1499 1613 1540 sortasse
1625 1509 1711 1541 erat
1730 1515 1739 1541 ε
1762 1501 1776 1555 [
1794 1500 1878 1542 Ἀπὸ
1895 1502 2097 1542 Ποσειδίου
2114 1502 2164 1551 εἰς
2179 1501 2371 1558 Ἀρσινόην
2383 1508 2491 1547 σταδ.
2510 1507 2583 1562 λ’.]

1355 1561 1439 1602 Ἀπὸ
1465 1561 1652 1617 Ἀρσινόης
1670 1563 1731 1604 ἐπὶ
1745 1563 1792 1604 τὰ
1814 1564 2115 1619 Διονυσοφάνους
2129 1566 2215 1614 κτλ,
2237 1563 2398 1608 Etenim
2416 1568 2589 1609 excidis-

1350 1637 1391 1664 se
1410 1626 1532 1664 unius
1558 1625 1636 1665 1001
1656 1627 1908 1666 mentionem
1930 1627 2128 1681 suspicari
2151 1630 2280 1682 possis
2297 1630 2409 1683 quod
2426 1645 2586 1671 summa

1351 1685 1579 1726 stadiorum
1609 1688 1708 1736 130,
1734 1702 1824 1741 quae
1850 1689 1892 1727 in
1913 1687 2054 1729 codice
2077 1698 2172 1730 sunt
2190 1705 2212 1730 a
2231 1691 2397 1731 Posidio
2414 1692 2466 1732 ad
2482 1695 2588 1733 Ane-

1352 1749 1551 1798 murium,
1592 1748 1705 1802 justo
1742 1751 1880 1789 minor
1913 1758 1987 1790 est.
2021 1752 2225 1792 Arsinoen
2258 1753 2408 1794 Ciliciae
2423 1785 2433 1802 ,
2471 1754 2606 1807 cujus'

1351 1810 1631 1849 meminerunt
1646 1810 1791 1850 Strabo
1812 1813 1826 1862 (
1841 1812 1910 1864 qui
1928 1812 2146 1866 πρόσορμον
2164 1814 2200 1851 01
2219 1814 2398 1869 tribuit),
2417 1815 2586 1865 Plinius,

1351 1871 1477 1919 Ptol.,
1502 1871 1717 1925 Stephan.,
1734 1872 1838 1912 Tab.
1857 1875 1922 1922 P.,
1942 1875 2094 1925 Geogr.
2116 1876 2216 1914 Rav.
2239 1883 2336 1924 etc.,
2357 1877 2423 1915 vix
2441 1876 2588 1917 omise-

1350 1933 1405 1972 rit
1421 1942 1579 1982 auctor,
1598 1935 1669 1988 qui
1686 1935 1727 1973 in
1744 1943 1900 1975 antece.
1924 1937 2147 1976 Berenicen
2171 1938 2428 1979 memoravit.
2451 1939 2589 1979 Minus

1352 1994 1433 2034 huc
1460 1994 1555 2035 facit
1574 1995 1687 2050 quod
1720 1996 1805 2050 ipse
1823 1997 1971 2037 Noster
1992 1996 2100 2036 infra
2129 1998 2170 2036 in
2191 1998 2315 2051 Cypri
2348 2000 2505 2054 periplo
2527 2000 2590 2041 di-

1352 2057 1429 2096 cit:
1449 2056 1522 2097 ἀπὸ
1545 2056 1828 2112 Ἀκάμαντος...
1848 2057 1897 2105 εἷς
1916 2057 2107 2113 Ἀρσινόην
2123 2062 2191 2110 τῆς
2203 2060 2374 2108 Κιλικίας
2389 2063 2498 2103 σταδ.
2517 2069 2587 2112 σο’,

1352 2133 1481 2172 quum
1502 2129 1638 2173 pateat
1658 2121 1713 2160 ibi
1734 2121 1884 2160 Ciliciae
1903 2122 2106 2161 Arsinoen
2125 2137 2219 2162 cum
2243 2124 2392 2177 Cypria
2415 2125 2590 2166 consun-

1352 2180 1411 2220 di.
1434 2182 1625 2221 Ceterum
1649 2177 1818 2221 1111111111
1838 2191 1923 2222 tam
1947 2184 2112 2222 incertis
2132 2183 2330 2237 dijudico,
2356 2199 2485 2239 quum
2501 2188 2589 2228 fieri

1352 2243 1495 2296 possit,
1512 2252 1556 2283 ut
1569 2244 1630 2283 vel
1642 2244 1822 2284 11001000
1836 2245 1898 2284 vel
1909 2246 1951 2284 in
1968 2259 2058 2298 sqq.
2077 2244 2279 2285 distantiae
2291 2255 2387 2287 nota
2398 2258 2590 2304 corrupta

1353 2305 1416 2342 sit.
1438 2306 1582 2344 Ruinae
1604 2306 1798 2345 Arsinoes
1814 2306 1897 2345 fere
1919 2305 2064 2346 mediae
2080 2314 2175 2345 sunt
2194 2307 2301 2347 inter
2319 2309 2531 2351 Posidium
2551 2321 2591 2352 et

1352 2365 1448 2418 Sigr
1472 2366 1661 2417 fluvium,
1690 2368 1830 2421 paucis
1858 2368 1909 2407 ab
1935 2382 2007 2407 ora
2034 2367 2226 2421 sejunctae
2252 2369 2406 2411 stadiis.
2434 2373 2589 2414 Gailius

1353 2436 1541 2470 nostrum
1562 2430 1894 2484 Dionysophanis
1916 2430 2052 2469 locum
2073 2444 2150 2484 pro
2173 2431 2348 2472 Arsinoe
2367 2438 2588 2476 memorari

1353 2498 1504 2530 censet.
1529 2490 1544 2543 Η
1560 2490 1655 2529 -Δ
1670 2505 1800 2530 ιονυσ
1812 2505 1832 2529 ο
1844 2506 1868 2545 φ
1882 2492 1932 2530 άν
1946 2492 2035 2545 ους]
2051 2490 2342 2547 Διονυσιφάνους
2354 2495 2415 2535 bis
2434 2496 2586 2547 codex3

1353 2566 1505 2591 nomen
1533 2552 1700 2592 aliunde
1720 2567 1803 2594 non
1826 2561 1988 2592 notum.
2010 2554 2154 2593 Dictus
2172 2554 2285 2595 locus
2303 2555 2459 2597 fuerita
2473 2559 2588 2613 prin-

1353 2614 1442 2668 cipe
1465 2614 1527 2654 vel
1545 2614 1650 2655 duce
1668 2615 1821 2669 aliquo,
1836 2616 1954 2655 sicuti
1981 2616 2023 2654 in
2046 2617 2179 2656 Ponto
2202 2617 2326 2658 habes
2352 2618 2400 2658 τὰ
2414 2620 2588 2661 Νεοπτο-

1352 2676 1471 2731 λέμου
1494 2686 1534 2718 et
1558 2678 1599 2717 in
1621 2678 1775 2732 Libyca
1806 2691 1877 2718 ora
1900 2676 2044 2730 (stad.
2070 2681 2092 2730 5
2122 2681 2202 2732 17)
2223 2679 2269 2719 τὰ
2303 2680 2528 2736 Καλαμαίου
2552 2692 2617 2723 01χ

1352 2739 1429 2778 alia
1450 2739 1611 2780 similia.
1634 2741 1794 2780 Nomen
1825 2740 2107 2794 Διονυσοφάνης
2139 2750 2269 2782 exstat
2291 2756 2358 2797 ap.
2386 2744 2587 2786 Herodot.

1351 2803 1428 2851 IX,
1453 2802 1502 2843 58
1529 2811 1569 2842 et
1592 2802 1761 2843 fortasse
1790 2803 1900 2843 alibi.
1931 2803 2000 2843 Sin
2024 2812 2269 2858 corruptum
2298 2819 2342 2846 n.
2378 2805 2405 2846 l.
2438 2798 2591 2848 nomen

1352 2864 1574 2915 habemus,
1610 2866 1747 2905 nescio
1771 2880 1822 2905 an
1856 2865 1938 2905 huc
1964 2865 2188 2906 trahendus
2221 2867 2273 2907 sit
2298 2867 2478 2919 Plinius,
2520 2872 2591 2924 qui

1352 2927 1460 2967 inter
1478 2927 1628 2967 Ciliciae
1648 2927 1795 2967 fluvios
1815 2935 2018 2968 memorat
2033 2927 2308 2984 Diaphanem‚
2326 2930 2561 2972 Androcum
2575 2950 2591 2980 ,-

1352 2990 1606 3044 pertinerent
1630 2990 1674 3030 hi
1690 2989 1743 3030 ad
1761 2991 1898 3030 sinum
1917 2990 2105 3040 Issicum,
2128 2992 2161 3030 si
2188 3006 2237 3031 ex
2267 2991 2413 3033 ordine
2434 2993 2589 3034 Plinius

1353 3052 1523 3092 nomina
1562 3061 1812 3100 recenseret;
1852 3051 1922 3092 sed
1958 3066 2087 3106 quum
2112 3053 2259 3092 seriem
2282 3053 2590 3094 tumultuariam

1353 3114 1562 3164 exhibeat,
1591 3123 1717 3169 atque
1734 3114 1952 3155 Androcus
1979 3128 2096 3154 mons
2114 3115 2155 3153 in
2179 3115 2366 3168 proxime
2384 3118 2589 3169 sequenti-

1353 3176 1430 3216 bus
1453 3185 1641 3217 occurrat
1670 3177 1682 3231 (
1709 3191 1746 3215 v.
1773 3185 1859 3215 not.
1883 3175 1934 3215 ad
1956 3179 1977 3228 §
1999 3190 2074 3228 199
2092 3178 2107 3228 )
2129 3176 2249 3215 t-fieri
2271 3185 2404 3230 potest
2426 3186 2471 3217 ut
2492 3179 2588 3219 Dia-

1352 3240 1508 3294 phanes
1538 3239 1688 3278 ssuvius
1708 3237 1759 3278 ad
1787 3246 1968 3278 nostram
1994 3238 2202 3290 regionem
2233 3238 2449 3291 pertineat,
2475 3254 2588 3280 com-

1353 3301 1652 3356 ponendasque
1675 3301 1726 3339 sit
1758 3314 1853 3339 cum
1888 3298 2090 3339 hodierno
2119 3299 2216 3353 Sigy
2231 3300 2355 3340 fluvio
2370 3331 2380 3349 ,
2398 3300 2450 3340 ad
2466 3316 2588 3356 quein

1355 3365 1401 3405 τὰ
1417 3364 1717 3417 Διονυσοφάνους
1732 3361 1947 3402 Stadiasmi
1967 3361 2159 3416 ponenda
2179 3370 2289 3412 sunt,
2315 3363 2347 3402 si
2360 3363 2402 3402 in
2419 3365 2588 3404 metien-

1355 3427 1417 3466 dis
1437 3425 1638 3466 distantiis
1654 3424 1704 3464 ab
1721 3424 1948 3464 Anemurio
1965 3425 2251 3477 promontorio
2270 3426 2530 3478 processeris.
2552 3429 2589 3467 A

1355 3490 1481 3529 fluvio
1504 3502 1654 3528 nomen
1684 3485 1771 3525 indi
1809 3487 1944 3539 potuit
1975 3484 2175 3540 adjacenti
2199 3486 2369 3541 oppido.
2397 3488 2590 3529 Similiter

1354 3565 1526 3605 sequens
1550 3550 1662 3589 locus
1687 3562 1710 3587 a
1726 3548 1851 3587 fluvio
1880 3547 2014 3587 dictus
2038 3547 2174 3588 suerit.

1412 3618 1433 3665 g
1459 3618 1553 3655 195.
1594 3616 1668 3651 τῶν
1709 3612 1876 3651 inserui.
1907 3611 1921 3664 ΙΙ
1954 3635 2011 3641 -
2047 3609 2348 3666 Ῥυγμανοός
2375 3613 2393 3668 ]
2428 3615 2588 3654 Nomen

1354 3675 1518 3716 aliunde
1552 3688 1633 3713 non
1667 3681 1827 3712 notum.
1859 3674 1923 3712 An
1960 3671 2222 3728 ὈρόμαγδοιΡ
2255 3675 2375 3715 Certe
2400 3688 2590 3719 mensura

1359 3738 1559 3777 distantiae
1581 3736 1758 3789 pertinet
1776 3734 1828 3774 ad
1858 3735 1998 3775 ruinas
2019 3736 2059 3775 in
2084 3734 2229 3777 dextra
2250 3737 2338 3790 ripa
2362 3736 2474 3775 ssuvii
2510 3739 2588 3775 Go-

1360 3799 1497 3838 zulclee
1518 3796 1659 3843 Tchai,
1683 3796 1754 3849 qui
1769 3804 1830 3835 cst
1850 3794 2091 3851 Ὀρόμαγδος
2110 3798 2126 3849 (
2146 3798 2202 3837 510
2218 3796 2338 3836 codd.
2357 3795 2586 3849 Wilbergi3

1364 3860 1590 3915 Ἀρόμοιγδος
1615 3858 1734 3911 vulgo
1756 3857 1769 3912 )
1793 3858 1999 3898 Ptolemaei
2026 3874 2068 3913 p.
2097 3860 2191 3906 343.
2215 3858 2278 3898 Ab
2298 3858 2455 3897 oriente
2475 3857 2586 3897 ssuvii

1357 3923 1492 3977 paullo
1511 3921 1751 3961 remotiores
1766 3920 1817 3959 ab
1845 3934 1916 3960 ora
1942 3922 2146 3961 maritima
2166 3928 2324 3959 exstant
2353 3920 2481 3959 ruinae
2499 3922 2587 3959 Na-

1353 3984 1446 4036 gidi
1468 3984 1596 4032 urbis,
1618 3997 1741 4036 quam
1762 3991 1992 4022 memorant
2024 3983 2249 4031 Hecataeus,
2281 3981 2445 4036 Scylax,
2465 3981 2586 4032 Mela,
