2808 4342
202 232 294 273 2¹⁴
563 229 607 271 0

290 322 317 368 ἃ
338 320 382 368 δὲ
403 320 481 378 τὴν
497 319 703 384 παράλιον
721 317 831 369 ἐντὸς
847 315 1011 377 ἔπίχειν
1027 314 1186 376 Ἀδρίου
1198 349 1212 370 ,

200 407 266 439 eso
289 390 362 437 καί
378 409 469 436 τινα
486 388 562 447 μὶν
581 390 716 434 αὐτῶν
737 386 971 448 βασιλικαῖς
988 381 1188 437 ἐξουσίαις

287 458 438 515 ὗπήκο“
460 451 565 504 εἶναι
579 492 593 514 ,
616 453 711 502 τινὰ
731 452 774 498 δὲ
788 451 862 498 καὶ
877 450 1146 514 μοναρχίαις,

287 527 314 572 ἃ
332 527 370 572 δ’
394 526 721 584 αὗτονομεῖσθαι·
739 517 943 571 θεοσεὸεἴς
959 519 996 564 δ’
1017 518 1163 572 αὖτοὺς
1176 518 1284 580 ἄγαν

288 597 359 641 καὶ
381 594 535 655 σφόδρα
555 589 735 642 δικαίους
751 586 947 652 φασὶ-καὶ
963 586 1217 652 φιλοξένους,

286 660 524 716 κοινωνικὴν
547 659 727 705 διάθεσιν
743 657 1019 718 ἠγαπηκότας

201 749 262 780 ⁴2⁷,
287 725 412 786 εἶναι,
436 728 523 791 βίον
541 729 689 783 ζηλοῦν
704 746 749 774 τε
765 726 1070 789 κοσμιώτατον.

286 798 429 861 Φάρος
451 797 491 844 δὲ
513 796 670 844 τούτων
686 798 761 844 οὐκ
780 796 945 844 ἄπωθεν
967 795 1138 857 κειμένη

282 874 402 925 νῆσος
423 866 596 929 Παρίων
618 866 748 920 κτίσις
767 866 877 914 ἐστὶν
891 865 920 924 ἥ
935 884 980 913 τε
997 865 1201 927 λεγομένη

286 935 476 984 Μέλαινα
501 935 681 1000 Κόρκυρ’
697 971 711 993 ,
733 935 785 993 ἣν
810 934 971 983 Κνίδιοι
996 933 1251 999 κατῴκισαν.

281 1005 406 1068 Ἔχει
424 1006 467 1051 δὲ
488 1004 642 1066 λίμνην
661 997 708 1051 εὖ
724 1004 825 1066 μάλ’
847 1007 875 1061 ἡ
896 1002 1017 1068 χώρα
1038 1004 1153 1051 τινά’

200 1092 264 1123 430
288 1074 489 1138 μεγάλην,
505 1076 606 1138 παρ’
627 1076 765 1128 αὐτοῖς
779 1073 856 1131 τὴν
879 1074 1078 1137 Λυχνῖτιν
1094 1072 1336 1135 λεγομένην.

286 1142 504 1206 Προσεχὴς
525 1142 570 1188 δὲ
592 1142 715 1199 νῆσός
729 1144 840 1189 ἐστιν
852 1178 867 1201 ,
884 1135 933 1190 οἶ
949 1142 1073 1207 φασίν
1092 1160 1197 1195 τινες

282 1214 449 1260 ἐλθόντα
468 1213 684 1275 Διομήδην
708 1214 921 1261 ὑπολιπεῖν
942 1212 1011 1260 τὸν
1032 1212 1136 1276 βίον·

281 1279 370 1328 ὅθεν
386 1282 475 1329 ἐστὶ
497 1283 726 1344 Διομήδεια
742 1283 872 1346 ταύτῃ
890 1282 1091 1343 τοῦνομα.

280 1350 413 1415 ’Υπὲρ
440 1352 482 1399 δὲ
500 1352 666 1405 τούτους
685 1352 765 1400 εἶσὶ
785 1355 938 1416 Βρῦγοι
959 1352 1180 1415 βάρὸαροι.

198 1437 264 1468 ⁴³5
288 1420 402 1484 Πρὸς
424 1425 476 1485 τῇ
496 1421 679 1484 θαλάττῃ
700 1423 736 1468 δ’
752 1421 863 1469 ἔστιν
881 1422 1155 1483 Ἐπίδαμνος,
1175 1421 1294 1473 πόλις

282 1488 504 1552 Ἑλληνὶς,
528 1490 581 1547 ἣν
606 1491 788 1555 Κόρκυρ’
810 1491 1024 1538 ἀποικίσαι
1047 1492 1174 1538 δοκεῖ.

284 1558 418 1621 ’Υπὲρ
442 1558 484 1605 δὲ
506 1560 689 1622 Βρύγους
705 1560 940 1623 Ἐγχίλειοι
962 1560 1174 1622 λεγόμενοι

279 1630 457 1675 οἰκοῦσιν
470 1665 483 1689 ,
507 1621 565 1675 ὧν
583 1628 734 1692 ἕπῆρξε
755 1631 827 1676 καὶ
848 1629 1018 1690 Κάδμος
1033 1629 1151 1678 ποτέ.

282 1691 359 1751 Οἷς
377 1698 662 1762 πλησιόχωρός
685 1700 795 1746 ἔστιν
819 1699 1076 1747 Ἀπολλωνία
1092 1736 1105 1761 ,

195 1783 259 1813 ⁴⁸0
288 1767 557 1830 Κορκυραίων
572 1787 616 1814 τε
635 1768 706 1815 καὶ
724 1769 952 1832 Κορινθίων
967 1769 1097 1821 κτίσις
1109 1803 1122 1826 ,

282 1836 475 1893 Ἑλληνὶς
494 1837 667 1900 Ὦρικός
687 1856 732 1884 τε
751 1839 951 1902 παράλιος
970 1838 1099 1891 πόλις·

282 1905 324 1959 ἐξ
345 1906 467 1953 Ἰλίου
485 1908 565 1971 γὰρ
587 1907 860 1969 ἐπανάγοντες
882 1908 1054 1960 Εὗὸοεῖς

279 1975 486 2033 κτίζουσι,
507 1975 817 2039 κατενεχθέντες
837 1980 915 2023 ὑπὸ
938 1979 1018 2023 τῶν
1038 1977 1304 2037 πνευμάτων.

279 2044 458 2092 Ἔπειτα
476 2047 743 2109 Θεσπρωτῶν
761 2064 808 2092 τε
826 2046 897 2091 καὶ
911 2049 991 2092 τῶν
1010 2045 1183 2094 Χαόνων

195 2132 258 2162 us
280 2116 374 2170 ἔθνη
394 2122 578 2161 κατοικεῖ
599 2114 777 2178 βάρόαρ’
796 2119 843 2162 οὐ
862 2113 990 2161 πολὺν
1006 2116 1144 2162 τόπον.

116 2316 126 2324 .
195 2288 332 2344 Illyria
364 2289 493 2343 magis
528 2302 670 2330 versus
713 2289 1040 2344 septentrionem
1070 2289 1264 2344 pertinet,
1305 2303 1440 2345 quum

196 2351 332 2392 Bulini
368 2351 411 2391 in
450 2364 498 2392 ea
522 2350 790 2392 collocentur.
821 2351 838 2405 ΙΙ
865 2374 921 2383 -
956 2354 1053 2406 419.
1097 2351 1288 2407 παραλίαν
1325 2351 1441 2394 dedit

194 2412 441 2455 Meinekius.
458 2437 516 2445 —
530 2413 629 2463 425.
646 2413 857 2466 ζηλοῦντες
871 2412 967 2455 cod.
991 2414 1007 2468 ΙΙ
1029 2437 1086 2446 ——
1102 2417 1200 2464 426.
1218 2415 1439 2471 Scymnus,

195 2490 320 2531 quem
342 2475 575 2531 Stephanus
615 2490 655 2518 v.
693 2475 822 2532 Πάρος
855 2477 988 2528 novit,
1013 2476 1121 2518 hanc
1156 2476 1332 2519 insulam
1356 2492 1440 2520 non
1466 2518 1470 2522 ,

196 2540 377 2580 Pharum
393 2537 464 2580 sed
489 2541 668 2589 Parum,
693 2553 830 2595 neque
849 2539 1086 2596 lllyriorum
1099 2571 1111 2590 ,
1139 2539 1211 2581 sed
1232 2540 1441 2583 Liburno-

197 2615 289 2642 rum
311 2601 433 2642 dixit.
460 2601 477 2655 n
495 2625 553 2633 —
569 2602 667 2650 431.
686 2601 916 2644 Diomedea
931 2602 1063 2644 insula
1086 2602 1128 2644 in
1150 2601 1299 2659 Illyriae
1322 2601 1442 2644 litore

196 2678 401 2719 nusquam
415 2695 427 2714 ,
456 2672 661 2718 quantum
676 2665 778 2716 seio,
806 2673 1087 2715 memoratur;
1113 2664 1327 2707 Diomedis
1344 2679 1442 2721 pro·

197 2725 441 2766 montorium
490 2726 596 2767 inter
629 2727 811 2769 Tariona
854 2727 1067 2769 castellum
1105 2735 1147 2769 et
1186 2727 1441 2782 Tragurium

198 2790 215 2840 (
235 2790 375 2841 Trau)
396 2787 597 2843 oppidum
618 2788 742 2831 habet
768 2789 926 2832 Plinius
944 2792 1022 2840 ΙΠ,
1043 2794 1112 2831 26.
1131 2789 1295 2844 Quodsi
1312 2804 1440 2831 unam

198 2863 248 2891 ex
268 2849 450 2906 parvulis
476 2849 642 2901 insulis,
663 2865 757 2906 quae
775 2850 979 2906 adjacent,
1004 2853 1155 2893 Noster
1174 2851 1343 2907 intelligi
1367 2866 1440 2894 vo·

197 2911 292 2962 luit,
315 2920 425 2953 certe
447 2912 701 2967 periegeseos
720 2912 911 2954 ordinem
938 2913 1138 2968 neglexit3
1167 2913 1279 2956 haud
1300 2915 1440 2956 minus

199 2974 407 3030 negligens
440 2981 542 3025 erat,
567 2974 602 3015 si
636 2973 820 3016 indicare
852 2974 1004 3026 voluit,
1027 2984 1073 3016 ut
1095 2974 1290 3031 equidem
1318 2985 1438 3033 puto,

199 3036 414 3078 Diomedis
431 3035 604 3077 insulam
627 3050 721 3092 quae
742 3035 793 3078 ad
814 3035 1016 3092 objectam
1040 3038 1165 3080 Italiae
1183 3053 1298 3080 oram
1316 3053 1446 3094 supra

198 3100 437 3155 Garganum
457 3099 794 3154 promontorium
826 3100 904 3141 sita
936 3108 1012 3141 cst.
1047 3100 1205 3142 Plinius
1240 3102 1317 3151 111,
1345 3102 1397 3144 30
1427 3115 1437 3143 ·.

202 3166 351 3204 Contra
361 3161 548 3219 Apulum
565 3160 667 3203 litus
683 3161 921 3212 Diomeden,
947 3162 1170 3219 conspicua
1186 3172 1440 3204 monumcneo

201 3222 412 3266 Diomedis
431 3224 448 3278 (
466 3222 568 3265 hod.
591 3223 670 3265 ins.
695 3224 866 3267 Tremili
885 3224 919 3281 ).
937 3224 1003 3267 Cs.
1026 3225 1229 3267 Antonin.
1252 3225 1346 3267 Lib.
1368 3226 1437 3280 37;

197 3288 363 3328 'I'zctzes
378 3285 431 3328 ad
452 3288 553 3343 Lyc.
579 3287 678 3330 603.
712 3290 793 3330 602
812 3302 824 3339 ;
844 3286 994 3330 Strabo
1008 3302 1051 3344 p.
1092 3290 1186 3338 124.
1211 3287 1309 3329 215.
1334 3289 1437 3339 284;

200 3350 347 3392 fiilian.
363 3350 417 3392 N.
435 3352 489 3393 A.
524 3351 561 3401 1,
588 3362 626 3391 1.
645 3373 703 3382 —
722 3351 879 3407 Brygos
912 3351 1021 3393 inter
1049 3349 1225 3407 populos
1255 3349 1440 3406 Illyricos

202 3414 328 3468 Epiro
349 3413 608 3469 propinquos
627 3422 811 3456 recenset
829 3413 994 3467 Strabo,
1014 3414 1112 3466 vn,
1135 3414 1216 3457 326
1242 3425 1254 3455 :
1271 3412 1348 3466 Τῆς
1363 3412 1440 3470 γὰρ

207 3474 445 3530 ’tiz-,aigum
476 3475 542 3517 καὶ
569 3478 637 3528 τῆς
668 3474 928 3525 Ἀπολλωνίας
964 3477 1078 3533 μέχρι
1107 3480 1185 3518 τῶν
1223 3474 1439 3532 Κεραυνίων

202 3537 441 3591 ὓπεροικοῦσι
465 3538 670 3587 Βυλλίονές
691 3554 731 3581 τε
755 3539 821 3581 καὶ
841 3539 1074 3581 Ταυλάντιοι
1095 3539 1160 3580 καὶ
1171 3538 1359 3595 Παρθῖνοι
1376 3539 1443 3580 καὶ

202 3598 345 3653 Βρῦγοι
363 3598 376 3654 (
395 3598 526 3653 Βρὶγοι
543 3608 582 3640 et
600 3599 752 3656 Φρῦγοι
775 3600 926 3658 codd.)
944 3601 1066 3657 Apud
1088 3600 1282 3657 Apollon.
1300 3600 1438 3643 Rhod.

201 3661 280 3710 IV,
297 3660 380 3702 330
396 3662 517 3715 Brygi
537 3662 661 3703 etiam
680 3662 731 3704 ad
753 3664 944 3705 intimum
963 3663 1164 3706 Adriatici
1182 3664 1298 3705 sinus
1311 3677 1442 3706 reces-

201 3736 295 3764 sum
316 3732 615 3773 memorantur,
637 3725 841 3779 siquidem
861 3726 1039 3767 Colchus
1060 3727 1259 3783 Absyrtus
1271 3740 1321 3768 ex
1334 3728 1443 3769 Istro

203 3785 246 3825 in
264 3782 522 3827 Adriaticum
547 3799 658 3826 mare
680 3784 901 3828 deveniens
930 3787 1033 3829 duas
1049 3789 1203 3844 reperit
1229 3787 1442 3845 Ἀρτέμιδος

203 3845 418 3903 Βρυγηίδας
438 3845 607 3900 νήσους(
626 3848 864 3903 Apsyrtides
887 3850 983 3890 iuss.
1006 3853 1043 3903 ),
1063 3852 1104 3892 in
1121 3865 1300 3907 quarum
1315 3850 1441 3894 altera

203 3910 293 3958 ναὸς
306 3917 409 3960 erat,
427 3910 471 3951 ὅν
494 3908 755 3965 ποτ’ἔδειμαν
778 3909 958 3966 Ἀρτέμιδι
975 3913 1115 3967 Βρυγοὶ
1132 3914 1362 3970 περιναιέται
1377 3913 1441 3955 ἂν·

203 3972 401 4027 τιπέρηθεν
426 3975 504 4026 (vs.
529 3975 644 4027 470).
670 3972 825 4014 Eadem
846 3989 943 4028 gens
976 3977 1096 4015 etiam
1125 3977 1166 4017 in
1198 3976 1443 4019 Macedonia

204 4033 430 4076 habitabat.
444 4036 499 4076 V.
512 4033 659 4076 Strabo
673 4049 715 4091 p.
735 4035 815 4090 327
834 4044 873 4077 et
889 4036 1109 4092 stephan:
1129 4039 1237 4093 Βριίξ,
1256 4039 1300 4079 τὸ
1315 4038 1439 4088 ἔθνος,

996 188 1291 264 mourut
1323 214 1511 277 (vomo
1541 214 1774 266 summ
1806 218 1964 279 cun)

2542 224 2748 287 ‹as-20.)

1503 322 1604 366 alias
1618 325 1868 367 maritimam
1889 339 2007 369 oram
2034 334 2173 370 tenere
2186 326 2240 370 ad
2262 327 2456 381 Adriam;

1505 390 1727 435 nonnullas
1752 390 1906 434 horum
1919 394 2112 449 potestati
2125 396 2248 451 regie

1506 456 1711 513 subjectas
1732 471 1836 509 esse,
1852 457 2054 515 quasdam
2068 460 2195 504 etiam
2210 465 2477 518 monarchiis,

1506 524 1605 567 alias
1622 526 1802 582 propriis
1823 526 1884 567 uti
1902 525 2085 582 legibus3
2107 528 2200 584 pios
2213 529 2331 573 valde

1506 592 1694 648 etjustos
1710 592 1939 636 admodum
1957 592 2105 637 dicunt
2121 602 2164 638 et
2177 595 2413 654 hospitales,

1506 660 1749 719 socialisque
1762 662 1933 704 rationis
1947 670 2132 706 amantes
2153 678 2241 706 oese

1508 731 1717 788 vitamque
1738 733 1883 775 sectari
1905 731 2189 775 cultissimam.

1507 799 1671 842 Pharus
1689 800 1742 843 ab
1756 801 1821 844 his
1840 816 1926 844 non
1940 802 2087 859 procul
2101 803 2180 845 sita

1506 867 1639 910 insula
1650 899 1662 919 ‚
1679 869 1899 912 Pariorum
1913 883 2019 926 opus
2033 901 2045 922 ,
2064 884 2239 927 quaeque
2253 870 2407 914 dicitur

1505 939 1635 994 Nigra
1653 939 1851 995 Corcyra,
1875 938 2124 982 Cnidiorum
2146 940 2303 983 colonis
2323 942 2593 999 frequentata.

1507 1006 1643 1048 Habet
1663 1014 1803 1048 autem
1824 1006 1939 1061 regio
1955 1006 2149 1062 paludem
2164 1008 2373 1064 quandam

1506 1089 1772 1132 permagnam
1796 1074 1908 1132 apud
1924 1074 2013 1117 illos
2032 1075 2254 1132 Lychnitin
2271 1076 2441 1122 dietam.

1507 1146 1704 1188 Finitima
1725 1144 1857 1188 insula
1878 1153 1954 1196 est,
1986 1146 2029 1187 in
2046 1159 2172 1202 quam
2193 1147 2311 1189 aiunt
2333 1147 2504 1205 quidam

1507 1216 1666 1257 venisse
1685 1213 1934 1257 Diomedem
1956 1214 2096 1271 ibique
2110 1214 2322 1272 reliquisse
2344 1218 2495 1269 vitam;

1506 1285 1620 1327 unde
1635 1284 1874 1327 Diomedeae
1887 1284 1987 1327 huic
2004 1298 2158 1327 nomen
2176 1294 2253 1328 est.

1506 1354 1726 1411 Superbos
1744 1362 1841 1396 sunt
1861 1355 1984 1411 Brygi
2010 1354 2189 1397 barbari.

1508 1423 1575 1466 Ad
1599 1438 1711 1466 mare
1730 1438 1829 1466 vero
1847 1433 1908 1466 est
1922 1424 2181 1481 Epidamnus
2199 1425 2299 1468 urbs
2470 1472 2481 1485 ·

1506 1494 1650 1535 Graeca
1665 1524 1677 1545 ,
1695 1507 1821 1550 quam
1839 1494 2021 1551 Corcyra
2041 1493 2276 1537 condidisse
2295 1495 2474 1539 videtur.

1506 1562 1639 1617 Super
1650 1563 1807 1618 Brygos
1828 1562 2024 1604 Enchelei
2046 1561 2146 1605 dicti
2163 1562 2368 1615 habitant,
2387 1566 2391 1570 ’

1507 1630 1659 1686 quibus
1683 1631 1899 1687 imperavit
1913 1629 2095 1673 Cadmus
2117 1630 2232 1673 olim.

1507 1700 1583 1742 His
1601 1699 1776 1741 finitima
1796 1708 1857 1742 est
1878 1699 2112 1756 Apollonia,

1506 1767 1821 1810 Corinthiorum
1836 1768 2232 1824 Comyraeorumque
2250 1783 2354 1825 opus
2371 1801 2382 1821 ,

1508 1844 1549 1877 et
1570 1836 1745 1887 Oricus,
1770 1835 1977 1878 maritima
1998 1835 2100 1878 urbs
2121 1837 2287 1887 cmm

1508 1919 1558 1945 ex
1575 1903 1652 1945 Ilio
1668 1918 1847 1959 namque
1864 1902 2083 1946 redeuntes
2102 1903 2353 1946 Euboeenses

1508 1971 1721 2023 condunt,
1752 1971 1875 2014 delati
1898 1971 1995 2014 illuc
2016 1972 2163 2015 ventis.

1509 2041 1671 2084 Deinde
1684 2042 2029 2099 Thoepmtiorum
2044 2044 2086 2085 et
2106 2042 2325 2085 Chaonum

1507 2123 1646 2171 genta
1664 2114 1848 2157 barbarae
1868 2114 2058 2158 habitant
2075 2130 2160 2158 non
2179 2116 2356 2158 multum
2373 2116 2527 2159 locum.

1509 2290 1575 2330 καὶ
1613 2290 1809 2346 Βρῦγοι...
1850 2287 1924 2330 εἰσὶ
1951 2287 1993 2330 δὲ
2032 2288 2141 2338 ἔθνος
2170 2286 2355 2345 προσεχὲς
2390 2286 2609 2344 Ἰλλυριοῖς.
2645 2289 2663 2345 fl
2694 2312 2752 2323 —

1511 2354 1608 2401 436.
1631 2351 1890 2409 Epidamnus
1904 2350 2073 2394 condita
2093 2349 2162 2393 Ol.
2183 2350 2252 2400 38,
2278 2352 2304 2400 4
2318 2363 2400 2392 sec.
2417 2348 2574 2393 Euseb.
2589 2349 2749 2396 Chmn.

1510 2414 1619 2457 Vide
1633 2413 1810 2457 Diodor.
1831 2415 1931 2466 XII,
1949 2426 2019 2466 20,
2038 2413 2112 2469 qui
2123 2413 2438 2469 Corcyraeorum
2454 2419 2497 2454 et
2512 2412 2751 2456 Corinthio-

1510 2492 1605 2520 rum
1629 2478 1835 2521 coloniam
1866 2476 1985 2519 dicit.
2025 2475 2090 2519 Cf.
2109 2474 2304 2531 Thucyd.
2325 2476 2365 2527 1,
2386 2477 2457 2525 24.
2476 2473 2625 2517 Strabo
2648 2475 2748 2528 vn,

1509 2555 1553 2596 p.
1580 2542 1678 2584 316.
1709 2540 1908 2597 Stephan.
1942 2541 2040 2596 Byz.
2069 2553 2111 2581 v.
2144 2538 2374 2595 Δυρράχιον.
2399 2536 2753 2582 Raoul-Rochette

1509 2606 1587 2653 111,
1608 2618 1653 2661 p.
1675 2604 1774 2654 345.
1792 2603 1810 2659 ΙΙ
1829 2626 1887 2635 -
1902 2603 2001 2657 437.
2023 2601 2197 2658 ἐγχέλιοι
2213 2600 2309 2643 cod.
2334 2601 2391 2642 V.
2413 2607 2503 2643 not.
2518 2598 2572 2642 ad
2592 2599 2749 2657 Scylac.
2791 2648 2797 2659 ¹

1509 2669 1533 2719 S
1557 2667 1626 2708 25.
1659 2667 1676 2721 ΙΙ
1702 2665 1872 2720 -439,
1895 2682 1911 2703 ι
1938 2664 2022 2720 Ipsi
2041 2663 2314 2720 Apolloniatas
2330 2676 2374 2704 se
2394 2661 2448 2704 ab
2469 2660 2660 2718 Apolline
2676 2661 2751 2705 de-
2799 2672 2802 2674 “

1509 2727 1657 2770 ductos
1698 2741 1786 2769 esse
1824 2725 1984 2781 gloriati
2017 2733 2116 2767 suut
2162 2724 2177 2781 (
2210 2724 2423 2780 Epigram.
2460 2736 2529 2780 ap.
2569 2724 2747 2767 Pausan.

1509 2791 1565 2842 V,
1589 2803 1659 2842 22,
1681 2788 1991 2847 a).Stephanus
2007 2801 2042 2829 s.
2061 2801 2103 2829 v·
2119 2786 2280 2843 Illyrios
2297 2801 2388 2829 eam
2399 2794 2519 2829 antea
2532 2786 2752 2830 incoluisse
2792 2842 2797 2843 ⁷

1509 2852 1649 2904 refert,
1671 2852 1779 2893 iuter
1800 2864 1907 2907 quos
1921 2850 2132 2906 praecipue
2153 2848 2326 2891 notandi
2342 2848 2560 2901 Enchelei,
2583 2849 2720 2892 Buliui
2734 2880 2749 2901 ,
2793 2852 2796 2853 ’

1509 2914 1665 2971 aliique
1687 2915 1705 2970 (
1726 2915 1783 2956 V.
1807 2914 1862 2956 O.
1892 2911 2058 2955 Muller.
2086 2911 2304 2955 Macedon.
2329 2926 2372 2968 p.
2398 2914 2450 2955 88
2475 2911 2508 2969 ).
2537 2914 2574 2955 Α
2596 2913 2749 2970 Corcy·
2784 2948 2808 2996 ἓ

1509 2978 1601 3020 raeis
1617 2977 1824 3035 praeeipue
1839 2975 1946 3018 hanc
1959 2974 2164 3017 coloniam
2188 2975 2458 3017 constitutam
2477 2989 2565 3017 esse
2582 2984 2748 3019 certum

1509 3048 1584 3091 est,
1595 3041 1667 3096 qui
1676 3048 1830 3091 tamen,
1842 3037 1957 3095 quod
1969 3037 2140 3080 coloniae
2156 3037 2288 3080 facere
2298 3045 2584 3089 assueverunt,
2595 3036 2749 3082 ducem
2783 3059 2808 3091 ff.

1508 3117 1531 3143 e
1560 3103 1691 3159 patria
1706 3100 1861 3158 majore
1882 3099 2189 3143 advooevcrttnt
2208 3102 2225 3154 (
2246 3100 2441 3156 Gylaoem
2463 3099 2639 3156 appellat
2659 3101 2748 3144 Ste·
2780 3103 2808 3151 4⁴5--

1508 3164 1693 3220 phanus,
1721 3179 1745 3207 a
1766 3178 1851 3221 quo
1889 3162 2093 3219 oppidum
2132 3163 2270 3219 primo
2298 3161 2465 3218 Gylacia
2500 3159 2611 3203 dicta
2643 3162 2746 3219 sit).
2779 3151 2808 3219 ‘fi'

1509 3230 1645 3281 Quem
1675 3229 1773 3283 quia
1801 3226 2035 3282 complures
2068 3226 2271 3268 Corinthii
2296 3225 2478 3267 comitati
2511 3232 2607 3266 sunt
2628 3226 2645 3278 (
2660 3225 2748 3285 §te-
2775 3220 2805 3262 3⁷

1508 3290 1634 3346 phau.
1668 3292 1700 3345 ),
1730 3298 1772 3332 et
1793 3291 2016 3345 Corcyram
2047 3288 2236 3331 Corinthi
2274 3288 2398 3330 liliam
2419 3269 2795 3347 Periander-tun}

1508 3353 1586 3395 sub
1599 3354 1774 3409 imperio
1795 3352 1956 3394 tenebat
1979 3353 1996 3406 (
2015 3351 2222 3394 Plutarch.
2246 3353 2309 3393 De
2323 3366 2403 3393 ser.
2422 3365 2465 3392 n.
2483 3349 2599 3392 vind.
2621 3364 2660 3393 c.
2677 3316 2795 3467 7)λὲ

1508 3423 1619 3470 patet
1653 3428 1728 3456 cur
1750 3413 2017 3470 Thucydides
2044 3413 2058 3470 (
2083 3416 2117 3463 1,
2142 3416 2195 3457 28
2229 3415 2245 3468 )
2270 3412 2421 3469 aliique
2443 3414 2460 3468 (
2484 3413 2566 3455 Dio
2586 3413 2753 3456 &edm

1509 3477 1623 3527 xm,
1646 3478 1721 3527 (05,
1748 3477 1854 3519 Plin.
1876 3478 1953 3528 111,
1975 3477 2027 3519 23
2048 3478 2169 3531 >eam
2200 3474 2512 3518 Corinthiorum
2542 3474 2748 3518 coloniam

1508 3538 1816 3595 appellaverint.
1842 3540 2145 3593 (Communem
2170 3540 2268 3581 Cor.
2285 3547 2326 3580 et
2347 3539 2658 3594 Corcyraeorum
2674 3549 2747 3579 eo-

1509 3599 1661 3643 loniam
1678 3600 1829 3643 diserte
1844 3601 1990 3643 dicunt
2004 3602 2207 3658 Scymnus
2221 3609 2260 3643 ct
2275 3599 2532 3653 Straboyll,
2553 3613 2596 3655 p.
2614 3598 2695 3641 316
2707 3598 2742 3654 ).
2766 3630 2777 3637 ,.
2805 3650 2808 3661 1

1509 3662 1587 3704 Sed
1605 3671 1777 3705 matrem
1797 3665 2020 3719 Corcyram
2052 3663 2301 3720 profitentur
2330 3662 2490 3704 nummi
2507 3672 2670 3703 vaccam
2686 3658 2749 3701 vl-

1512 3724 1643 3767 tulum
1668 3725 1884 3768 lactantem
1901 3757 1912 3778 ,
1938 3727 1979 3767 in
2009 3740 2148 3768 aversa
2169 3740 2305 3767 aream
2336 3726 2377 3766 in
2396 3732 2593 3780 quattuor
2611 3728 2745 3779 panes

1511 3787 1744 3840 dissectam,
1776 3804 1899 3845 quam
1923 3788 2067 3831 hortos
2097 3789 2257 3832 Alcinoi
2277 3787 2481 3845 appellant
2502 3786 2561 3829 rei
2591 3782 2744 3827 numis-

1512 3852 1812 3908 tnaticaeperiti,
1827 3851 2080 3893 exhibentes.
2098 3872 2114 3888 ι
2127 3852 2182 3894 G.
2196 3853 2393 3893 Μυιιιιιι.
2406 3851 2467 3891 De
2475 3848 2779 3904 Γεμῦοκπῖ,

1511 3927 1554 3969 p.
1580 3917 1643 3955 18.
1669 3914 1844 3957 Condita
1863 3923 1924 3957 est
1945 3915 2054 3956 circa
2073 3914 2240 3971 Olymp.
2260 3916 2329 3963 48,
2355 3926 2392 3965 1,
2426 3912 2484 3954 uti
2506 3908 2668 3964 colligas
2689 3920 2741 3949 ex

1513 3977 1718 4018 Plutarch.
1729 4010 1738 4026 ,
1753 3977 1944 4019 strabon.
1959 3977 1987 4018 1.
2007 3977 2033 4018 Ι.
2048 3985 2087 4018 et
2104 3979 2278 4019 Pausan.
2292 3977 2369 4026 VI,
2387 3988 2456 4026 22,
2471 3986 2512 4015 2.
2526 3973 2579 4014 V.
2595 3967 2739 4013 unnut-

1515 4041 1642 4081 Roch.
1677 4042 1734 4081 lll
1749 4072 1759 4090 ,
1783 4055 1823 4095 p.
1859 4042 1938 4089 348
1986 4042 2002 4093 ΙΙ
2023 4063 2078 4071 -
2101 4042 2197 4089 441.
2219 4038 2369 4086 ιὀςικός,
2390 4035 2485 4078 cod.
2504 4035 2559 4076 V.
2583 4038 2670 4074 not.
2686 4028 2740 4072 acl
