2808 4342
1085 129 1375 202 HISTORIA·
1406 129 1632 176 INDICA.

83 241 304 304 ἐλέφαντας
323 237 397 298 μὲν
419 233 605 298 γενέσθαι
624 234 670 278 ἐκ
684 235 755 278 τοῦ
775 230 928 293 πατρὸς
951 232 990 282 ἐς
1007 231 1310 287 πεντακοσίους,

81 310 211 356 ἵππον
230 307 271 354 δὲ
295 309 334 358 ἐς
350 300 706 366 τετρακισχιλίην,
729 302 861 354 πεζῶν
886 298 929 344 δὲ
948 301 987 351 ἐς
1016 298 1088 351 τὰς
1112 305 1217 361 τρεῖς
1240 298 1310 344 καὶ

82 378 180 423 δέκα
205 374 418 438 μυριάδας.
473 372 535 431 (8)
555 369 639 416 Καὶ
664 368 762 414 τάδε
786 367 1035 430 μετεξέτεροι
1057 367 1195 415 Ἰνδῶν
1216 366 1310 430 περὶ

81 443 305 509 Ἡρακλέος
338 439 540 500 λέγουσιν·
573 436 796 484 ἐπελθόντα
825 436 945 481 αὐτὸν
970 443 1110 482 πᾶσαν
1139 440 1216 498 γῆν
1238 435 1310 481 καὶ

41 525 61 556 5
80 513 308 571 θάλασσαν,
328 508 399 555 καὶ
416 506 654 568 καθήραντα
673 504 698 551 δ’
710 524 749 551 τι
768 523 845 567 περ
861 503 988 550 κακὸν
1007 503 1184 563 κίναδος,
1207 503 1313 557 ἐξευ-

21 869 35 898 1
40 869 59 898 Ο

20 1211 56 1240 15

16 1555 57 1584 20

17 1901 57 1931 25

18 2590 57 2620 35

21 2937 62 2967 40

81 588 162 645 ρεῖν
186 582 226 626 ἐν
254 583 305 641 τῇ
326 576 515 638 θαλάσσῃ
539 574 694 635 κόσμον
719 573 973 636 γυναικήῖον·
1000 573 1051 636 (9)
1078 572 1213 619 δ’ντινα
1239 571 1310 618 καὶ

79 652 274 701 eis-:roffio
298 646 356 692 ἔτι
378 644 419 692 οἵ
448 663 492 691 τε
527 643 568 697 ἐξ
591 645 731 691 Ἰνδῶν
763 646 837 698 τῆς
869 640 1007 704 χώρης
1030 639 1084 686 τὰ
1117 641 1309 703 ἀγώγιμα

79 719 180 779 παρ’
206 715 337 775 ἡμέας
366 713 591 777 ἀγινέοντες
609 713 768 774 σπουδῇ
786 710 1004 771 ὠνεόμενοι
1030 710 1310 771 ἐκκομίζουσι,

81 787 152 833 καὶ
175 785 389 842 Ἑλλήνων
414 782 456 829 δὲ
475 782 606 829 πάλαι
633 783 704 828 καὶ
729 780 953 841 Ῥωμαίων
977 784 1046 826 νῦν
1072 779 1159 827 ὅσοι
1182 782 1310 826 πολυ-

81 855 242 902 κτέανοι
267 855 337 900 καὶ
372 853 606 914 εὐδαίμονες
616 888 628 909 ,
665 851 801 912 μέζονι
825 851 884 896 ἔτι
908 851 1064 913 σπουδῇ
1089 850 1308 911 ὠνέονται,

79 926 146 970 τὸν
181 922 438 990 μαργαρίτην
470 922 518 978 δὴ
554 922 622 967 τὸν
656 921 901 978 θαλάσσιον,
939 919 1046 966 οὕτω
1081 924 1132 983 τῇ
1171 920 1310 966 Ἰνδῶν

78 993 245 1055 γλώσσῃ
283 992 543 1052 καλεόμενον·
585 992 654 1053 (Ιο)
686 990 752 1036 τὸν
776 989 855 1052 γὰρ
893 989 1103 1052 Ἡρακλέα
1114 1027 1126 1046 ,
1148 991 1203 1042 ὡς
1225 1007 1311 1035 κα-

79 1062 149 1107 λόν
171 1065 207 1108 οἳ
238 1062 364 1124 ἐφάνη
392 1061 437 1106 τὸ
472 1060 668 1124 φόρημα,
694 1061 739 1104 ἐκ
762 1058 897 1115 πάσης
929 1063 1002 1114 τῆς
1034 1057 1243 1115 θαλάσσης
1271 1060 1311 1112 ἐς

80 1130 154 1186 τὴν
178 1130 315 1177 Ἰνδῶν
330 1134 407 1191 γῆν
433 1129 680 1190 συναγινέειν
709 1128 776 1173 τὸν
800 1127 1058 1191 μαργαρίτην
1079 1128 1127 1183 δὴ
1147 1132 1308 1184 τοῦτον,

79 1203 130 1261 τῇ
158 1199 326 1262 θυγατρὶ
350 1203 401 1259 τῇ
436 1201 588 1244 ἑωυτοῦ
612 1191 714 1243 εἶναι
747 1196 916 1256 κόσμον.
987 1198 1056 1258 (11)
1085 1196 1169 1243 Καὶ
1202 1197 1311 1259 λε’γει

82 1268 371 1329 Μεγασθένης,
392 1267 633 1331 θηρεύεσθαι
658 1268 780 1312 αὐτοῦ
805 1266 879 1323 τὴν
903 1266 1060 1329 κόγχην
1084 1266 1309 1327 δικτύοισι,

80 1337 274 1398 νέμεσθαι
297 1337 331 1382 δ’
358 1339 397 1399 ἐν
417 1341 468 1398 τῇ
489 1337 674 1398 θαλάσσῃ
702 1338 793 1381 κατ’
822 1336 921 1381 αὐτὸ
955 1335 1109 1387 πολλὰς
1133 1335 1310 1398 κόγχας,

78 1407 265 1468 κατάπερ
289 1405 360 1458 τὰς
379 1405 589 1465 μελίσσας·
614 1404 684 1450 καὶ
704 1399 807 1449 εἶναι
826 1403 905 1467 γὰρ
925 1404 995 1449 καὶ
1016 1407 1121 1449 τοῖσι
1149 1422 1311 1466 μαργα-

81 1475 216 1537 ρίτῃσι
266 1473 438 1536 βασιλέα
470 1473 497 1529 ἢ
535 1473 801 1534 βασίλισσαν,
835 1475 889 1525 ὡς
938 1477 1033 1536 τῇσι
1072 1473 1308 1534 μελίσσῃσι.

82 1545 153 1604 (12)
192 1543 277 1590 Καὶ
311 1544 420 1594 ὅστις
444 1541 517 1600 μὲν
542 1544 693 1587 ἐκεῖνον
724 1544 814 1586 κατ’
848 1542 1061 1603 ἐπιτυχίην
1086 1541 1309 1598 συλλάὸοι,

80 1616 219 1658 τοῦτον
253 1610 295 1657 δὲ
321 1609 519 1662 εὐπετέως
549 1609 811 1672 περιὸάλλειν
846 1610 917 1655 καὶ
940 1610 986 1655 τὸ
1022 1610 1124 1655 ἄλλο
1159 1613 1311 1666 σμῆνος

80 1684 160 1727 τῶν
192 1681 491 1744 μαργαριτέων·
535 1682 568 1725 εἰ
604 1679 646 1724 δὲ
685 1679 874 1742 διαφύγοι
909 1686 1012 1742 σφᾶς
1053 1682 1074 1723 ὃ
1100 1678 1311 1740 βασιλεὺς,

79 1750 211 1813 τούτῳ
235 1751 276 1796 δὲ
295 1750 429 1796 οὐκέτι
448 1748 644 1812 θηρατοὺς
664 1742 766 1794 εἶναι
789 1748 880 1801 τοὺς
900 1747 1061 1799 ἄλλους·
1080 1747 1172 1800 τοὺς
1191 1748 1311 1793 ἇλόν·

81 1838 153 1871 τας
173 1819 215 1865 δὲ
235 1825 427 1881 περιορᾶν
448 1822 743 1875 κατασαπῆναι
769 1817 881 1881 σφίσι
904 1817 978 1873 τὴν
1008 1816 1163 1878 σάρκα,
1186 1819 1246 1879 τῷ
1270 1815 1312 1862 δὲ

80 1887 210 1951 ὀστέῳ
238 1891 276 1940 ἐς
311 1889 466 1950 κόσμον
497 1892 696 1951 χρᾶσθαι.
771 1888 840 1950 (13)
881 1887 969 1934 Καὶ
1002 1879 1104 1933 εἶναι
1126 1886 1206 1949 γὰρ
1241 1886 1312 1932 καὶ

80 1958 178 2020 παρ’
204 1958 368 2004 Ἰνδοῖσι
398 1957 466 2003 τὸν
498 1958 756 2021 μαργαρίτην
789 1956 1023 2020 τριστάσιον
1047 1956 1156 2002 κατὰ
1188 1955 1310 2016 τιμὴν

79 2027 178 2088 πρὸς
204 2028 370 2089 χρυσίον
391 2027 436 2073 τὸ
459 2027 669 2091 ἄπεφθον,
698 2027 767 2073 καὶ
797 2032 914 2072 τοῦτο
935 2029 975 2072 ἐν
1009 2031 1059 2089 τῇ
1083 2026 1226 2073 Ἰνδῶν
1258 2029 1312 2088 γῇ

80 2096 367 2158 ὀρυσσόμενον.
659 2146 660 2149 ,

143 2169 230 2214 ΙΧ.
265 2167 336 2213 Ἐν
359 2165 400 2211 δὲ
419 2170 470 2228 τῇ
494 2165 610 2228 χώρῃ
636 2165 765 2226 ταύτῃ
782 2200 794 2221 ,
818 2164 886 2211 ἵνα
909 2164 1172 2210 ἐδασίλευσεν
1194 2168 1217 2220 ἡ
1243 2168 1312 2209 θυ-

19 2265 26 2274 -
81 2235 212 2298 γάτηρ
251 2241 324 2281 τοῦ
353 2234 582 2297 Ἡρακλέος
594 2273 606 2292 ,
638 2234 711 2287 τὰς
746 2234 820 2295 μὲν
853 2240 1052 2295 γυναῖκας
1090 2233 1314 2284 ἑπταέτεας

82 2303 225 2356 ἐούσας
247 2307 284 2355 ἐς
307 2303 415 2366 ὥρην
436 2304 571 2365 γάμου
596 2302 700 2348 ἰέναι
718 2338 731 2363 ,
753 2302 844 2354 τοὺς
863 2300 905 2347 δὲ
933 2301 1083 2364 ἄνδρας
1104 2301 1313 2363 τεσσαρά-

81 2390 203 2418 κοντα
227 2371 319 2417 ἔτεα
338 2372 389 2417 τὰ
404 2375 578 2418 πλεῖστα
603 2371 865 2433 βιώσκεσθαι.
936 2372 983 2431 (2)
1010 2369 1095 2416 Καὶ
1111 2369 1209 2432 ὑπὲρ
1228 2370 1316 2416 τού-

84 2458 156 2485 του
188 2441 406 2502 λεγόμενον
433 2440 552 2501 λόγον
587 2433 688 2485 εἶναι
719 2441 817 2502 παρ’
848 2439 1049 2485 Ἰνδοῖσιν·
1074 2438 1310 2501 Ἡρακλέα,

82 2510 270 2571 ὀψιγόνου
291 2514 325 2556 οἱ
343 2510 562 2570 γενομένης
577 2514 649 2564 τῆς
667 2508 831 2566 παιδὸς,
859 2508 991 2565 ἐπείτε
1013 2507 1061 2563 δὴ
1083 2506 1199 2569 ἐγγὺς
1216 2508 1314 2567 ἔμα-

83 2582 148 2623 θεν
173 2582 312 2641 ἑωυτῷ
335 2581 479 2625 ἐοῦσαν
497 2578 572 2634 τὴν
592 2578 807 2635 τελευτὴν,
831 2579 904 2622 οὐκ
927 2578 1074 2639 ἔχοντα
1093 2577 1176 2638 ὅτῳ
1200 2579 1314 2638 ἀνδρὶ

83 2648 187 2710 ἐκδῷ
204 2646 277 2703 τὴν
294 2649 424 2693 παῖδα
444 2650 596 2692 ἑωυτοῦ
615 2646 783 2708 ἐπαξίῳ,
804 2645 924 2691 αὐτὸν
940 2650 1109 2707 μιγῆναι
1128 2650 1179 2707 τῇ
1197 2645 1313 2690 παιδὶ

82 2716 272 2762 ἑπταέτεϊ
295 2717 440 2779 ἐούσῃ,
468 2720 519 2768 ὡς
539 2716 651 2778 γένος
675 2715 714 2768 ἐξ
733 2709 777 2760 οῧ
800 2734 843 2760 τε
867 2715 1059 2771 κάκείνης
1089 2714 1312 2760 ὑπολείπε-

83 2786 328 2832 σθαιἸνδῶν
351 2785 561 2849 βασιλέας.
632 2787 677 2846 (3)
700 2776 948 2840 Ποιῆσαιῶν
964 2783 1088 2839 αὐτὴν
1102 2783 1314 2847 Ἡρακλέα

83 2855 236 2917 ὡραίην
260 2855 411 2916 γάμου·
435 2855 507 2901 καὶ
531 2857 576 2900 ἐκ
601 2857 717 2899 τοῦδε
740 2853 850 2899 ἅπαν
874 2853 920 2898 τὸ
943 2853 1055 2914 γένος
1079 2859 1198 2899 τοῦτο
1222 2852 1314 2899 ὅτου

82 2928 108 2979 ἡ
134 2925 324 2982 Πανδαίη
360 2924 535 2988 ἐπῆρξε,
568 2923 714 2968 ταύτὸν
755 2927 873 2968 τοῦτο
906 2922 1026 2985 γέρας
1062 2922 1171 2984 ἔχειν
1201 2922 1315 2985 παρὰ

84 2994 324 3055 Ἡρακλέος.
397 2996 444 3055 (4)
479 2993 603 3054 Ἐμοὶ
637 2993 678 3037 δὲ
711 2992 864 3049 δοκέει,
890 2991 1004 3054 εἴπερ
1037 2984 1092 3037 ῶν
1113 2990 1165 3037 τὰ
1185 2994 1223 3044 ἐς
1245 3009 1315 3036 το·-

86 3066 199 3111 σόνδε
225 3065 358 3110 ἄτοπα
390 3063 623 3127 (Ηρακλέης
650 3055 733 3114 οἷός
760 3081 802 3108 τε
833 3056 881 3119 ἦν
907 3061 1212 3125 ἐξεργάζεσθαι,
1245 3061 1315 3107 καὶ

87 3135 205 3179 αὑτὸν
229 3137 435 3197 ἀποφῆναι
455 3132 785 3195 μακροὸιώτερον
801 3167 812 3189 ,
836 3136 890 3184 ὡς
912 3132 1043 3195 ὡραίῃ
1070 3135 1242 3192 μιγῆναι
1262 3135 1314 3193 τῇ

2518 148 2603 188 319

1383 240 1552 280 nomine
1573 238 1842 295 appellatam:
1867 253 2040 294 eamque
2060 239 2288 294 possedisse
2315 242 2366 282 ab
2393 253 2506 298 patre
2533 248 2609 288 ele·

1380 320 1556 374 phantos'
1573 333 1620 370 n,
1639 320 1797 374 equites
1819 318 1872 360 ad
1890 333 1960 360 1111
1978 308 2035 369 ιιι,
2056 318 2214 374 pedites
2233 320 2393 362 circiter
2409 337 2431 362 c
2452 339 2535 364 xxx
2555 339 2607 367 M.

1384 398 1445 454 (8)
1464 400 1568 440 Sunt
1581 413 1709 454 porro
1725 398 1821 440 Indi
1840 399 1912 453 qui
1926 398 2008 439 hoc
2025 398 2149 438 etiam
2166 397 2218 438 de
2236 400 2409 441 Hercule
2428 412 2607 446 narrent.

1372 468 1525 531 'Quum
1538 479 1772 519 universam
1787 486 1939 518 terram
1958 491 2006 518 ac
2020 491 2134 518 mare
2147 488 2398 533 peragrasset
2408 511 2419 531 ‚
2436 490 2476 522 et
2493 483 2612 536 quid-

1381 557 1483 612 quid
1512 566 1600 598 erat
1634 558 1837 598 malarum
1868 557 2094 598 bestiarum
2133 558 2382 611 sustulisset,
2421 569 2609 602 ornatum

1381 635 1590 692 quendam
1602 636 1846 677 muliebrem
1867 637 2186 693 (margaritam)
2203 639 2246 679 in
2264 640 2363 680 mari
2399 641 2609 696 reperisse.

1382 718 1444 772 (9)
1469 721 1606 771 Quem
1623 718 1746 758 etiam
1764 718 1808 758 in
1834 717 1945 758 hunc
1967 717 2076 758 diem
2096 719 2167 773 qui
2186 734 2341 761 merces
2359 735 2408 762 ex
2426 721 2545 763 India
2561 722 2613 763 ad

1382 812 1458 840 nos
1476 790 1689 849 adferunt,
1711 812 1861 852 magno
1879 797 2016 839 studio
2035 807 2213 840 ementes
2235 809 2474 855 exportant:
2492 811 2614 858 atque

1382 883 1588 930 quotquot
1617 873 1730 930 apud
1751 875 1918 916 Graecos
1942 875 2040 915 olim
2067 883 2107 915 et
2129 875 2238 930 apud
2269 879 2474 918 Romanos
2502 893 2613 920 nunc

1381 948 1550 989 ditiores
1569 956 1686 999 sunt,
1705 946 1859 1002 majore
1879 947 2016 988 adhuc
2037 947 2174 988 studio
2195 957 2338 989 emunt
2354 951 2612 1004 margaritam

1382 1026 1605 1075 marinam,
1623 1026 1680 1065 ita
1697 1023 1899 1065 Indorum
1911 1024 2049 1077 lingua
2063 1024 2229 1065 dietam.
2293 1025 2379 1080 (10)
2396 1026 2614 1067 Herculem

1381 1102 1515 1151 enim,
1539 1115 1669 1156 quum
1691 1101 1760 1142 hic
1778 1108 1946 1141 ornatus
1965 1101 2135 1155 pulcher
2158 1102 2193 1142 ei
2215 1101 2436 1152 videretur,
2454 1116 2613 1156 marga·

1380 1178 1478 1219 ritas
1495 1176 1620 1232 hujus
1649 1177 1807 1231 generis
1834 1191 1885 1216 ex
1906 1177 2098 1216 universo
2121 1177 2225 1217 mari
2243 1177 2286 1216 in
2309 1176 2470 1218 Indiam
2493 1177 2613 1218 colle-

1382 1255 1507 1308 gisse,
1532 1253 1682 1308 quibus
1708 1253 1790 1294 filia
1818 1250 1905 1306 ejus
1934 1260 2164 1293 ornaretur.
2225 1254 2314 1306 (11)
2335 1254 2614 1306 Megasthenes

1382 1330 1582 1370 concham
1600 1328 1724 1384 hujus
1742 1329 1971 1382 margaritae
1989 1327 2145 1368 retibus
2169 1329 2258 1383 capi
2277 1328 2441 1379 scribit;
2463 1331 2614 1370 versari

1380 1414 1519 1447 autem
1529 1406 1573 1446 in
1584 1405 1686 1447 mari
1697 1404 1844 1447 eodem
1855 1405 1947 1447 loco
1958 1419 2105 1459 agmen
2112 1403 2333 1446 multarum
2346 1404 2613 1456 concharum,

1382 1482 1506 1524 veluti
1531 1497 1656 1538 apum
1678 1496 1864 1523 examen.
1924 1483 2079 1536 Regem
2114 1481 2224 1522 enim
2247 1495 2370 1522 suum
2392 1482 2515 1522 etiam
2547 1491 2616 1522 aut

1380 1559 1566 1613 reginam
1584 1559 1822 1613 margaritas
1844 1557 2019 1608 habere,
2043 1565 2091 1598 ut
2122 1571 2217 1612 apes
2236 1569 2246 1597 ε
2272 1556 2372 1613 (12),
2385 1571 2432 1598 ac
2451 1559 2484 1598 si
2513 1557 2616 1599 forte

1382 1633 1591 1686 contingat
1623 1646 1763 1686 regem
1785 1632 1898 1686 capi,
1919 1632 2125 1686 reliquum
2147 1632 2270 1673 etiam
2302 1634 2614 1686 margaritarum

1382 1722 1554 1748 examen
1586 1707 1700 1748 facile
1718 1707 1769 1748 ab
1788 1707 1934 1748 eodem
1957 1709 2221 1762 circumcingi
2244 1721 2254 1749 ε
2286 1709 2319 1749 si
2338 1723 2436 1749 vero
2464 1723 2534 1749 rex
2554 1711 2616 1764 pi-

1382 1791 1558 1824 scatores
1570 1783 1729 1832 evadat,
1747 1797 1799 1823 ne
1810 1783 1986 1837 reliquas
2005 1783 2174 1837 quidem
2190 1783 2365 1823 conchas
2377 1785 2464 1839 capi
2480 1798 2611 1839 posse.

1382 1862 1537 1901 Earum
1553 1874 1694 1900 carnes
1708 1858 1836 1900 Indos
1850 1859 1922 1906 ubi
1934 1873 1999 1899 eas
2019 1860 2201 1914 ceperint
2211 1866 2445 1914 putrescere
2457 1860 2588 1900 sinere
2604 1874 2612 1900 :

1383 1952 1472 1978 osse
1490 1936 1543 1978 ad
1559 1945 1753 1977 ornatum
1767 1937 1843 1977 uti.
1908 1935 1997 1991 (13)
2017 1937 2116 1976 Esse
2128 1944 2265 1976 autem
2281 1936 2404 1976 etiam
2423 1936 2533 1991 apud
2547 1939 2615 1976 In-

1383 2013 1458 2054 dos
1490 2014 1728 2067 margaritas
1749 2021 1812 2053 ter
1827 2021 1941 2053 tanto
1956 2013 2045 2053 auri
2068 2011 2209 2063 solidi,
2228 2011 2341 2067 quod
2360 2013 2491 2068 ipsum
2516 2028 2617 2067 quo·

1384 2104 1463 2144 que
1480 2091 1521 2129 in
1537 2089 1658 2130 India
1672 2088 1883 2138 effoditur,
1904 2087 2088 2143 pondere
2108 2089 2338 2129 aestimatas.

1439 2167 1515 2206 IX.
1541 2165 1607 2206 Ad
1628 2165 1715 2204 haec
1733 2165 1776 2203 in
1796 2165 1860 2203 his
1881 2164 2118 2217 regionibus
2148 2164 2297 2217 quibus
2328 2165 2515 2205 Herculis
2537 2165 2617 2206 filia

1386 2232 1653 2287 imperitavit,
1677 2231 1848 2271 feminas
1872 2230 1942 2270 ubi
1974 2230 2027 2271 ad
2058 2231 2279 2286 septimum
2311 2232 2434 2271 aetatis
2458 2246 2614 2272 annum

1383 2300 1644 2355 pervenerint
1663 2299 1751 2339 viro
1771 2306 1951 2338 maturas
1979 2298 2136 2338 nubere
2155 2311 2164 2338 ε
2201 2299 2311 2338 viros
2331 2313 2384 2338 x1.
2407 2313 2614 2340 summum

1382 2382 1512 2407 annos
1534 2368 1685 2406 vivere.
1746 2366 1808 2418 (2)
1828 2367 1965 2418 Atque
1989 2364 2068 2404 hac
2094 2363 2146 2404 de
2167 2379 2212 2404 re
2229 2363 2514 2418 hujuscemodi
2533 2379 2615 2406 ser-

1385 2449 1549 2474 monem
1568 2432 1679 2488 apud
1711 2431 1837 2472 Indos
1861 2430 2035 2485 jactari:
2066 2433 2208 2484 Quum
2230 2431 2395 2472 Herculi
2408 2430 2495 2486 jam
2527 2434 2613 2473 seni

1384 2503 1469 2543 haec
1488 2502 1570 2542 filia
1583 2509 1678 2542 nata
1692 2508 1816 2550 esset,
1836 2513 1970 2554 neque
1981 2498 2127 2554 procul
2137 2498 2275 2540 abesse
2290 2499 2381 2539 vitae
2397 2513 2478 2540 suae
2489 2499 2614 2541 finem

1384 2572 1674 2626 suspicaretur,
1696 2583 1772 2609 nec
1794 2566 1997 2608 inveniret
2017 2568 2152 2607 virum
2170 2566 2240 2608 tali
2259 2581 2407 2622 sponsa
2425 2566 2612 2621 dignum,

1384 2640 1521 2693 ipsum
1542 2652 1638 2679 cum
1658 2637 1739 2678 filia
1760 2644 1915 2691 septem
1931 2649 2061 2676 annos
2076 2642 2172 2676 nata
2190 2635 2318 2675 coisse
2332 2666 2343 2684 ,
2364 2642 2412 2674 ut
2433 2635 2614 2676 sobolem

1384 2719 1434 2746 ex
1456 2721 1498 2746 se
1534 2714 1574 2746 et
1605 2705 1671 2745 illa
1691 2704 1941 2764 relinqueret
1968 2717 2081 2757 reges
2102 2701 2246 2743 Indiae.
2308 2702 2370 2755 (3)
2397 2702 2616 2744 Herculem

1386 2777 1523 2830 itaque
1539 2775 1648 2815 illam
1660 2774 1845 2814 nubilem
1860 2774 2016 2814 fecisse.
2076 2775 2213 2827 Atque
2224 2771 2373 2812 exinde
2383 2772 2616 2813 universam

1385 2858 1476 2884 eam
1490 2851 1653 2897 gentem
1667 2842 1733 2882 cui
1748 2841 1923 2883 Pandaea
1934 2841 2150 2895 imperavit
2161 2839 2205 2879 id
2221 2840 2356 2894 ipsum
2366 2838 2552 2880 beneficii
2566 2841 2617 2881 ab

1386 2914 1561 2956 Hercule
1579 2913 1794 2968 accepisse.
1855 2913 1918 2965 (4)
1929 2913 2021 2952 Mea
2032 2925 2130 2951 vero
2144 2911 2343 2951 sententia
2358 2918 2418 2951 est
2435 2923 2445 2951 t
2463 2911 2496 2951 si
2515 2912 2618 2951 Her-

1385 2986 1495 3028 cules
1520 2999 1595 3040 par
1613 2992 1700 3025 erat
1720 2985 1779 3024 rei
1802 2982 1905 3024 adeo
1925 2982 2111 3023 absurdae
2132 2981 2433 3037 perpetrandae,
2455 2981 2616 3023 diutur-

1385 3058 1514 3099 nioris
1532 3058 1656 3098 etiam
1686 3071 1729 3096 se
1761 3057 1897 3110 ipsum
1926 3055 2017 3094 vitae
2050 3053 2182 3094 facere
2210 3054 2431 3107 potuisset,
2456 3061 2502 3092 ut
2521 3067 2614 3093 cum

1385 3130 1469 3172 filia
1498 3138 1659 3170 matura
1680 3143 1769 3169 rem
1796 3128 1948 3168 habere
1968 3134 2118 3181 posset.
2180 3126 2242 3179 (5)
2266 3124 2390 3177 Quod
2419 3126 2451 3164 si
2478 3133 2617 3165 tamen

88 3292 184 3340 VII,
204 3303 255 3341 23
273 3305 362 3345 quae
377 3293 577 3347 exscripta
594 3291 720 3332 habes
748 3292 792 3331 in
811 3292 954 3333 Ctesiae
974 3291 1027 3332 fr.
1050 3293 1102 3340 84
1123 3299 1164 3331 et
1180 3291 1317 3344 Mega-

90 3353 243 3394 sthenis
264 3352 316 3393 fr.
341 3356 411 3404 24,
431 3353 502 3394 ubi
534 3352 628 3394 vide
654 3362 806 3394 notata.
838 3354 854 3406 ss
880 3377 937 3384 ——
955 3353 994 3395 5.
1015 3353 1236 3408 καθήραντα
1254 3356 1315 3404 Α;

89 3415 307 3468 καθάραντα
321 3422 416 3455 cett.
436 3415 452 3468 ss
469 3439 526 3445 —-
543 3415 695 3462 κίναθος
710 3429 759 3455 ex
782 3414 875 3455 cod.
893 3417 1055 3456 Veneto
1066 3415 1316 3464 Vulcanius3

90 3476 259 3523 κίναιθος
281 3476 412 3516 nostri
442 3475 565 3516 codd.
588 3477 604 3530 ss
627 3500 685 3507 —
706 3492 746 3529 9.
765 3479 830 3516 νῦν
849 3492 933 3518 om.
950 3478 1033 3518 BC.
1060 3478 1076 3532 Η
1094 3502 1151 3508 -
1174 3492 1239 3518 10.
1262 3477 1319 3518 ἔτι

91 3548 131 3579 et
156 3538 341 3579 ὠνέονται
361 3552 445 3578 om.
473 3540 522 3579 L.
551 3539 567 3592 ll
600 3562 656 3569 —
686 3552 751 3578 11.
780 3540 1013 3594 μαργαρίτης
1034 3554 1106 3580 seu
1126 3541 1318 3596 μάργαρος

94 3602 203 3641 vocis
230 3598 431 3654 originem
454 3599 640 3640 Indicam
656 3615 706 3640 ex
727 3601 866 3654 lingua
887 3602 1083 3642 sanserita
1099 3607 1183 3643 non
1200 3617 1319 3658 posse

92 3663 300 3719 explicari,
334 3662 413 3702 nisi
434 3660 538 3702 forte
570 3663 622 3702 sit
647 3662 871 3718 markard(
895 3664 1059 3714 cavitas,
1080 3678 1149 3704 vas
1165 3666 1204 3719 );
1235 3665 1319 3706 sor-

92 3734 195 3766 tasse
223 3739 321 3765 vero
343 3723 396 3765 ad
411 3723 552 3764 Delam
575 3725 752 3777 regionis
771 3724 928 3778 linguas
951 3725 1195 3767 vocabulum
1215 3727 1320 3768 refe-

92 3787 270 3828 rendum
292 3801 377 3828 esse
397 3794 534 3827 censet
545 3787 761 3827 Lassenius
774 3786 871 3827 Iud.
893 3787 986 3828 Alc.
1002 3790 1038 3837 I,
1052 3802 1096 3843 p.
1112 3791 1209 3838 244.
1233 3790 1322 3844 1)-

97 3854 162 3891 16.
180 3848 295 3889 oab-:oti
321 3846 390 3899 τὴν
415 3848 566 3902 κόγχην
590 3850 649 3897 Α;
666 3845 788 3898 τὴνκ.
812 3847 926 3889 αὐτοῦ
947 3857 1042 3890 cett.
1066 3850 1082 3904 Η
1104 3874 1160 3881 -—
1174 3864 1240 3905 17.
1258 3851 1323 3891 καὶ

94 3911 185 3952 aoth
194 3911 356 3961 LABC;
372 3910 454 3951 κατ’
472 3907 564 3960 αὐτὴ
581 3911 653 3959 D.,
676 3910 759 3951 κατ’
781 3908 897 3965 αὐτὴν
911 3910 1007 3951 olim
1027 3926 1119 3966 vgo.
1136 3912 1322 3954 Eandem

93 3974 271 4016 fabulam
283 3981 421 4015 narrat
433 3972 586 4014 Plinius
597 3973 673 4024 IX,
687 3971 754 4014 55.
768 3974 823 4014 V.
840 3973 1092 4028 Megasthen.
1104 3974 1154 4015 fr.
1168 3989 1211 4031 p.
1222 3978 1269 4025 41
1279 3990 1320 4029 9.

1394 3290 1410 3343 Η
1429 3313 1485 3320 —
1507 3302 1572 3342 19.
1598 3285 1814 3342 μελισοίῃσι
1831 3270 1953 3325 codd.
1978 3284 1993 3337 Η
2016 3307 2072 3313 -
2090 3282 2158 3323 25.
2180 3283 2346 3337 χρῆσθαι
2368 3281 2509 3332 codd.;
2532 3297 2611 3323 em.

1389 3351 1576 3391 Dfibner.
1604 3351 1665 3389 De
1686 3361 1788 3388 auro
1811 3344 1940 3387 Indiae
1958 3358 1997 3384 v.
2020 3346 2186 3385 Lassen.
2204 3343 2232 3383 l.
2258 3342 2286 3384 l.
2308 3357 2350 3398 p.
2377 3343 2473 3384 238.

1444 3414 1520 3463 IX,
1541 3413 1608 3453 30.
1631 3410 1694 3452 Cf.
1717 3417 1803 3450 not.
1822 3407 1875 3448 ad
1894 3422 1930 3448 c.
1959 3409 1998 3457 8,
2020 3406 2049 3446 l.
2081 3420 2145 3460 17.
2173 3405 2351 3460 11—35.
2378 3403 2614 3456 τελευτὴν

1389 3476 1475 3517 κτλ.
1498 3477 1513 3531 ]
1546 3495 1561 3510 u
1579 3472 1811 3514 Diodorum
1834 3469 1915 3526 (II,
1941 3469 1992 3522 39‘
2016 3470 2088 3522 >et
2106 3468 2330 3510 Arrianum
2343 3467 2431 3508 haec
2453 3467 2504 3508 de
2516 3469 2618 3509 Her-

1390 3540 1478 3581 cule
1493 3553 1544 3579 ex
1561 3536 1703 3577 eodem
1717 3534 1843 3583 fonte,
1860 3532 2139 3586 Megasthene,
2158 3533 2339 3575 hausisse
2353 3548 2438 3574 non
2453 3533 2618 3576 dubito.

1390 3605 1446 3645 At
1463 3601 1659 3641 disserunt
1675 3606 1827 3637 tamen.
1849 3595 2047 3636 Arrianus
2064 3595 2283 3637 Herculem
2302 3605 2514 3637 mortuum
2533 3610 2618 3637 esse

1390 3665 1526 3705 dicere
1559 3660 1735 3701 videtur.
1774 3657 1948 3699 Diodori
1981 3665 2118 3698 autem
2151 3656 2275 3698 verba
2309 3652 2489 3698 innuunt
2521 3670 2616 3697 eum

1392 3727 1497 3767 miro
1530 3724 1664 3777 aliquo
1686 3721 1827 3771 modo,
1853 3720 1958 3760 sicut
1988 3719 2208 3760 Herculem
2233 3720 2439 3768 Graecum‚
2464 3732 2486 3759 e
2509 3732 2617 3758 mor-

1394 3788 1540 3829 talibus
1562 3792 1813 3826 summotum
1844 3791 1884 3823 et
1908 3782 2136 3823 honoribus
2167 3781 2315 3821 divinis
2338 3780 2491 3821 cultum
2513 3792 2614 3820 esse.

1391 3850 1506 3891 Idem
1525 3846 1639 3888 addit
1659 3859 1668 3886 :
1687 3845 1906 3886 Herculem
1921 3844 2013 3885 filiis
2032 3843 2179 3884 adultis
2200 3842 2361 3883 Indiam
2384 3842 2617 3881 universam

1394 3912 1434 3951 in
1460 3918 1593 3965 partes
1622 3907 1794 3963 aequales
1823 3907 2027 3963 divisisse,
2053 3919 2230 3960 quorum
2253 3904 2304 3944 ab
2324 3903 2498 3946 Hercule
2519 3917 2618 3946 con—

1394 3973 1575 4014 ditorum
1601 3984 1820 4025 regnorum
1852 3968 2038 4024 quaedam
2062 3965 2282 4009 Alexandri
2308 3965 2443 4007 adhuc
2466 3963 2616 4007 adven-
