2756 4354
636 59 686 105 Ο

136 191 319 227 ιιιιιι
455 202 503 245 .

137 369 251 416 libri
273 367 425 429 quinti
448 372 785 427 componuntur
818 363 1056 417 Dionysius
1076 366 1121 403 et
1138 356 1369 416 Ephorus:

140 458 304 490 verum
337 441 415 488 bic
442 439 694 500 Dionysius
728 451 818 482 non
838 444 906 480 est
935 431 1280 479 recentissimus
1297 431 1377 478 ille

143 518 262 565 situs
278 514 408 563 orbis
425 526 648 561 terrarum
669 519 849 564 auctor,
869 506 950 552 sed
967 506 1223 568 Dionysius
1239 505 1376 553 Chal-

141 591 359 647 cidensis,
387 589 571 636 Κτίσεων
593 584 791 645 scriptor
812 581 960 627 aetatis
982 580 1221 644 Ephoreae.
1241 580 1376 637 Quod

142 677 292 713 autem
327 662 539 710 nonnulli
570 666 792 721 putarunt
811 657 1087 719 Dionysium
1113 657 1258 704 Plinii
1278 673 1379 705 esse

141 742 401 804 periegeten
423 739 559 784 istum
591 734 725 796 cujus
752 749 937 781 carmen
965 731 1188 781 habemus
1212 750 1376 797 super-

141 827 231 865 stes
246 850 260 875 ,
284 825 327 860 et
349 829 483 874 quem
505 811 698 870 Augusti
712 820 847 870 ‚acme
865 810 1042 857 vixisse
1070 809 1257 871 quidam
1276 824 1379 855 cre-

140 891 353 937 diderunt
364 886 585 949 prodente
597 883 832 931 Eustathio
844 899 856 931 t
869 883 918 930 id
931 893 1106 930 tantum
1120 898 1213 929 non
1224 882 1381 930 absur-

139 965 246 1011 dum
271 974 351 1009 est.
387 961 499 1007 Nam
533 959 675 1005 Plinii
710 959 994 1020 praeconium
1020 958 1070 1003 in
1104 958 1240 1004 istum
1273 971 1380 1017 geo-

140 1039 363 1101 graphum
394 1052 487 1083 non
523 1023 670 1091 cadit,
708 1043 845 1095 atque
882 1035 983 1095 ipse
1016 1031 1269 1093 Dionysius
1302 1040 1379 1096 (v.

144 1116 233 1174 708
252 1130 350 1176 sqq.
370 1115 383 1174 )
405 1127 640 1173 nunquam
661 1125 710 1157 se
730 1109 904 1156 vidisse
917 1107 1130 1167 regiones
1144 1106 1380 1154 Parthicas

142 1192 326 1252 fatetur,
346 1200 392 1236 et
410 1190 601 1235 omnino
626 1203 652 1234 a
673 1186 942 1247 longinquis
967 1183 1218 1230 itineribus
1247 1184 1379 1230 navi·

141 1265 501 1326 gationibusque
551 1263 777 1318 alienum,
818 1261 919 1307 solo
957 1259 1189 1306 Musarum
1226 1259 1381 1305 afflatu

142 1351 287 1388 terras
314 1337 580 1401 explorasse
606 1338 820 1382 affirmat.
844 1334 1019 1380 Contra
1037 1350 1149 1380 vero
1189 1334 1287 1379 fleri
1305 1350 1383 1396 po·

142 1417 232 1463 tuit
253 1426 305 1462 ut
321 1414 547 1462 librarius
565 1411 750 1476 quidam
787 1411 1065 1472 Dionysium
1082 1445 1094 1467 ‚
1119 1420 1277 1471 utpote
1296 1426 1382 1455 no-

143 1492 372 1539 tissimum
417 1492 607 1539 serioris
655 1491 740 1536 aevi
787 1486 1059 1535 hominihus
1098 1487 1383 1549 periegeseos

146 1577 399 1616 auctorem.
426 1566 483 1612 de
498 1580 582 1613 suo
605 1581 728 1628 penu
756 1565 804 1610 in
825 1563 993 1610 lsidori
1019 1563 1171 1607 locum
1202 1561 1382 1607 suffice-

146 1652 230 1690 ret.
250 1643 331 1690 Sin
348 1644 500 1705 ipsum
530 1642 734 1688 Plinium
769 1640 990 1685 memoria
1011 1637 1196 1694 refellit,
1222 1637 1382 1683 sortas-

143 1719 208 1765 sis
242 1720 394 1764 animo
445 1717 546 1779 ejus
589 1715 921 1763 obversabatur
966 1729 1137 1762 nomen
1170 1713 1384 1773 Dionysii

144 1809 279 1855 quem
314 1794 470 1855 paullo
514 1804 617 1839 ante
649 1794 724 1853 (s.
755 1809 807 1837 21
833 1791 844 1853 )
871 1790 1051 1837 dixerat
1081 1807 1108 1837 a
1139 1789 1385 1838 Ptolemaeo

143 1868 450 1931 Philadelpho
490 1870 537 1915 in
578 1869 752 1916 indiam
789 1869 978 1914 missum
1006 1867 1151 1914 simili
1176 1868 1233 1915 de
1252 1884 1386 1915 causa

145 1954 284 2006 atque
302 1945 531 1992 Isidorum
548 1946 780 2005 Augustus
800 1946 848 1990 in
873 1944 1027 1990 Asiam
1050 1945 1237 2004 legavit.

213 2038 231 2067 ι
242 2023 319 2067 26.
342 2021 597 2082 llaecigitur
605 2023 644 2068 si
663 2022 1148 2084 rectedisputavimus,
1165 2022 1221 2067 de
1230 2028 1387 2082 patrm

145 2096 284 2143 simul
315 2107 360 2142 et
398 2108 533 2143 oetate
579 2096 749 2143 Isidori
786 2096 902 2142 bene
935 2107 1179 2143 constaret.
1221 2096 1383 2143 Videa-

145 2186 249 2220 mus
270 2188 328 2220 an
348 2182 498 2221 cetera
530 2175 579 2219 in
596 2173 784 2219 eandem
806 2173 1078 2219 sententiam
1103 2173 1383 2234 conspirent.

144 2248 326 2296 Plinius
350 2250 382 2295 l.
410 2252 444 2296 l.
480 2249 793 2296 Characenum
835 2266 968 2295 suum
1005 2250 1119 2295 dicit
1163 2260 1385 2295 terrarum

145 2324 276 2372 orbis
316 2327 435 2373 situs
471 2336 701 2372 auctorem
733 2331 1088 2370 recente'sse‘mum.
1128 2325 1252 2371 ldem
1275 2342 1388 2373 vero

145 2398 200 2455 V,
229 2400 288 2444 38
308 2410 354 2445 et
395 2400 454 2459 39
475 2399 644 2445 Isidori
676 2415 913 2445 mensuras
938 2409 1155 2460 tanquam
1186 2411 1388 2447 recentes

145 2474 340 2535 opponit
357 2475 585 2520 mensuris
604 2484 829 2520 veterum.
848 2474 963 2520 Nam
982 2476 1046 2520 ita
1068 2474 1207 2520 habet
1223 2475 1277 2532 V,
1300 2477 1356 2520 38
1374 2492 1384 2521 ε

148 2551 280 2595 Chius
301 2555 484 2594 circuitu
509 2553 599 2596 CX
599 2553 688 2594 XV
708 2566 767 2595 m.
783 2568 852 2609 μ,
877 2561 927 2594 ut
940 2561 1112 2594 veteres
1130 2553 1383 2595 tradidere:

149 2626 345 2668 Ise’dorus
356 2625 436 2668 IX
444 2627 596 2671 adicit.
614 2634 659 2670 et
673 2623 725 2680 V,
744 2626 803 2683 39
825 2641 835 2668 ι
859 2625 970 2671 Tota
990 2628 1135 2668 insula
1152 2626 1166 2684 (
1187 2624 1386 2686 Lesbus)

145 2704 378 2756 circuitur,
394 2711 442 2744 ut
459 2703 671 2756 Isidorus,
697 2700 953 2745 CLXVIII
970 2716 1027 2744 m.
1041 2717 1117 2759 μς
1135 2711 1182 2743 ut
1201 2711 1380 2755 veteres,

153 2774 239 2833 195
266 2790 326 2819 m.
349 2791 403 2834 p.
425 2773 610 2820 Veteres
644 2775 715 2820 illi
738 2784 846 2820 sunt
873 2773 1196 2821 Timosthenes
1218 2784 1263 2819 et
1281 2774 1389 2819 Era-

148 2848 380 2894 tosthenes
417 2858 462 2894 et
487 2849 831 2905 Artemidorus,
859 2864 918 2894 ex
955 2865 1050 2910 quo
1074 2850 1121 2895 in
1146 2850 1383 2895 nonnullis

149 2923 351 2986 pendere
378 2923 606 2970 Isidorum
642 2941 697 2970 ex
733 2925 999 2984 fragmentis
1023 2926 1272 2985 colligitur.
1309 2926 1386 2971 Sic

147 2999 206 3046 de
237 3001 355 3046 Asiae
382 3001 623 3046 latitudine
646 3000 704 3047 ab
728 3001 889 3047 ultima
918 3001 1113 3063 AEgypto
1150 3017 1294 3062 usque
1330 3003 1385 3047 ad

148 3074 365 3132 Tanaim,
383 3077 499 3123 etde
516 3077 711 3139 Europae
727 3078 1018 3137 longitudine
1033 3094 1059 3123 a
1076 3078 1116 3123 Τ
1120 3080 1221 3123 anai
1242 3094 1385 3139 usque

148 3153 207 3200 ad
250 3153 402 3200 Gades
447 3170 548 3200 cum
586 3155 875 3201 Artemidoro
912 3148 1120 3201 lsidorus
1162 3158 1388 3201 consentit

150 3232 220 3290 (v.
236 3245 284 3292 p.
310 3230 399 3276 255
422 3230 479 3277 sr.
506 3232 563 3277 23
580 3241 625 3277 et
645 3237 701 3284 24
723 3233 766 3289 );
790 3248 892 3278 cum
917 3231 1075 3278 eodem
1111 3232 1217 3277 sacit
1236 3232 1293 3277 de
1324 3233 1388 3277 la-

153 3304 350 3352 titudine
373 3304 502 3352 orbis
526 3316 749 3352 terrarum
765 3340 779 3364 ,
799 3307 888 3352 nisi
914 3306 1036 3367 quod
1065 3307 1388 3353 Artemidorus

151 3379 442 3426 solummodo
466 3381 522 3427 ad
534 3381 575 3427 Τ
578 3382 727 3428 anaim
753 3398 899 3443 usque
913 3382 1139 3428 mensuris
1161 3384 1257 3428 suis
1280 3399 1387 3444 pro·

151 3470 333 3515 gressus
363 3468 454 3514 cst,
494 3460 714 3505 ulteriora
756 3459 1042 3520 incomperta
1076 3459 1386 3516 existumans,

15 3523 40 3581 ¹.
60 3538 76 3558 *³
150 3529 362 3577 Isidorus
393 3549 506 3578 vero
528 3549 555 3579 a
583 3534 728 3579 Tanai
764 3535 819 3579 ad
850 3534 1031 3580 Thulen
1067 3537 1235 3591 adjecit
1272 3535 1389 3579 1250

107 3607 114 3611 *
151 3607 318 3662 malta,
355 3617 404 3651 ut
440 3608 575 3653 refert
612 3609 816 3665 Plinius,
865 3610 943 3669 qui
982 3608 1111 3654 addit
1141 3609 1257 3654 hanc
1291 3624 1389 3654 esse

154 3685 450 3740 conjecturam
485 3685 778 3730 de’ve'naa'om's.
814 3683 947 3738 Quod
969 3683 1009 3728 si
1039 3693 1124 3739 est,
1150 3694 1271 3729 certe
1294 3699 1386 3729 non

152 3753 326 3805 Isidori
348 3768 445 3804 erat
477 3758 764 3819 conjectura,
808 3759 885 3804 sed
924 3758 1133 3819 Pytheae‚
1166 3774 1299 3819 quem
1342 3760 1388 3805 in

154 3830 241 3880 hac
262 3831 491 3882 reNoster
525 3845 707 3882 secutus
736 3845 832 3891 est,
858 3834 994 3880 sicuti
1017 3834 1210 3880 eundem
1237 3836 1389 3895 sequi·

154 3909 296 3955 turin
319 3908 584 3956 definiendo
612 3909 789 3955 ambitu
810 3909 1072 3957 Britanniae.
1102 3909 1276 3954 Deinde
1298 3909 1390 3955 l‘li·

158 3982 264 4029 nius
287 3981 401 4030 dicit
418 3998 468 4031 se
488 3984 538 4031 in
561 3982 877 4031 describendis
893 3983 1162 4044 regionibus
1178 4018 1189 4040 ,
1212 3983 1268 4029 de
1289 3985 1390 4043 qui-

1158 165 1640 215 PnoLmothA.

136 297 361 354 Meropis,
398 301 448 336 ue
475 293 740 347 Dion-ysius,
778 286 980 345 itemque
1009 283 1130 328 inter
1165 289 1375 327 auctores
1439 279 1530 328 bus
1553 279 1843 328 Characenus
1864 281 1944 328 ille
1970 281 2163 342 Augusti
2185 280 2321 343 jussu
2357 281 2515 329 omnia

1442 366 1617 404 taverat
1628 390 1642 413 ,
1661 372 1753 403 non
1767 366 1857 402 tam
1874 356 1997 403 hunc
2010 358 2141 419 sequi
2160 372 2296 418 quam
2308 356 2336 402 J
2341 356 2477 403 ubam
2492 368 2539 404 et
2563 381 2568 396 ι
2620 383 2640 400 1.

1445 430 1666 480 Romana.
1691 433 1758 478 Ac
1774 447 1884 479 sane
1900 432 2018 479 nihil
2033 432 2127 479 l'ere
2140 432 2370 479 Plinianis
2390 433 2532 489 inest,
2553 449 2618 495 qu
2635 438 2637 442 ’

1444 524 1547 555 cum
1595 507 1818 571 Isidoreis
1860 508 1917 555 de
1956 508 2143 555 Parthia
2186 509 2415 571 excerptis
2467 524 2592 555 com·
2613 532 2621 548 ·
2647 534 2650 548 ·

1445 583 1591 646 possit
1602 617 1615 640 ,
1633 593 1686 630 ut
1709 583 1826 630 alios
1843 583 2076 630 Romanus
2093 582 2295 644 scriptor
2311 583 2451 630 duces
2470 583 2610 630 habui
2630 605 2637 618 «

1445 668 1678 722 appareat.

1516 749 1619 791 ¹²7·
1644 733 1873 780 Hactenus
1892 733 2060 780 deloco
2081 732 2241 778 Plinii.
2258 733 2310 779 ln
2327 732 2557 780 Parthicis
2572 748 2630 780 ve
2666 758 2674 772 ·

1450 808 1772 862 mansionibus
1794 825 1936 871 quum
1957 810 2128 855 mentio
2148 811 2224 855 liat
2238 798 2457 869 Tigranis
2477 809 2589 856 Arm
2602 832 2613 849 ·-
2630 833 2637 849 ο
2653 809 2665 823 ’

1447 885 1526 945 (p.
1550 883 1688 944 2505
1724 883 1811 944 6),
1846 894 1891 930 et
1922 884 2174 945 Euphrates
2206 884 2376 931 fluvius
2408 883 2683 933 Parthorum

1448 959 1855 1021 Romanorumque
1886 959 2086 1006 ditiones
2130 960 2418 1008 disterminet
2459 963 2473 1021 (
2505 978 2552 1024 p.
2590 962 2685 1016 248

1447 1037 1474 1097 S
1495 1036 1527 1084 l.
1552 1053 1578 1094 7
1600 1036 1633 1097 ),
1660 1045 1783 1098 patet
1801 1035 2029 1082 Isidorum
2048 1036 2260 1098 Pompeji
2282 1037 2572 1100 temporibus
2584 1051 2686 1085 esse

1448 1113 1768 1175 posteriorem.
1789 1111 2061 1158 Terminum
2079 1113 2211 1158 illum
2234 1115 2477 1176 utriusque
2491 1115 2689 1178 imperio

1453 1190 1593 1236 fuisse
1627 1189 1819 1249 Augusti
1847 1198 1975 1234 aetate
2011 1198 2203 1235 constat.
2229 1187 2377 1249 Gajus
2409 1188 2562 1236 emar
2584 1205 2688 1237 cum

1451 1266 1726 1312 Parthorum
1746 1281 1853 1325 rege
1866 1266 1914 1311 in
1928 1265 2082 1311 insula
2105 1264 2352 1327 Euphratis
2363 1265 2525 1327 coivit,
2541 1266 2687 1313 utrin-

1450 1356 1540 1402 que
1555 1351 1702 1387 stante
1722 1341 1831 1386 hinc
1855 1340 2081 1397 Romano,
2102 1340 2232 1386 illinc
2249 1340 2465 1387 Parthico
2483 1341 2689 1388 exercitu

1452 1417 1683 1479 (Vellejus
1703 1417 1762 1473 lt,
1793 1434 1871 1462 101
1894 1415 1929 1479 ).

1520 1495 1624 1540 128.
1655 1480 1707 1539 ln
1739 1493 1829 1539 alia
1857 1491 2102 1554 Euphratis
2133 1491 2284 1538 insula
2307 1486 2462 1555 (nunc
2494 1493 2683 1553 Kolta),

1453 1568 1660 1615 Isidorus
1698 1572 1770 1631 (p.
1802 1568 1971 1623 248,1.
2002 1569 2093 1630 12)
2129 1569 2336 1614 narravit
2369 1583 2525 1628 gazam
2549 1567 2691 1616 fuisse

1453 1644 1656 1708 Φραάτου
1678 1648 1746 1690 τοῦ
1774 1642 2084 1705 ἀποσφάξαντος
2113 1642 2185 1695 τὰς
2204 1642 2486 1700 παλλακίδας,
2509 1643 2572 1690 ὅτι
2602 1645 2691 1702 Tn-

1454 1720 1619 1781 ριδᾶτης
1639 1718 1766 1783 φυγὰς
1786 1717 1841 1764 ὢν
1860 1717 2089 1765 εἶσέὸαλεν.
2109 1718 2215 1764 llaec
2232 1729 2432 1765 nostram
2450 1717 2692 1767 (181ΒίἆοΡί

1453 1805 1582 1842 aetate
1597 1795 1867 1842 sententiam
1881 1803 2163 1851 everterent,
2189 1794 2364 1840 sirecte
2388 1794 2445 1840 de
2460 1793 2519 1840 iis
2535 1793 2641 1856 disp
2656 1818 2660 1833 ι
2679 1808 2693 1817 ²
2705 1800 2721 1847 ἓξ,

1454 1881 1571 1917 taret
1593 1871 1858 1917 Dodwellus
1887 1871 1981 1930 (De
2005 1872 2179 1914 Isidoro
2202 1870 2463 1915 Characeno
2481 1869 2532 1915 in
2549 1867 2655 1915 fluv·
2677 1887 2703 1934 ᾗ

1453 1948 1626 2008 Geogr.
1649 1957 1759 1995 tom.
1782 1947 1841 2003 11,
1861 1963 1908 2008 p.
1935 1947 2042 2005 60).
2067 1966 2086 1987 «ι
2115 1946 2240 2003 Erat,
2262 1945 2432 2006 inquit,
2455 1943 2543 1991 sub
2554 1944 2637 1992 Ti
2687 1941 2698 1990 s

1452 2024 1608 2081 berio,
1656 2034 1754 2070 erat
1793 2024 1930 2070 etiam
1968 2022 2056 2070 sub
2089 2022 2269 2068 Nerone
2307 2021 2547 2068 Tei-idates
2561 2055 2575 2079 ,
2622 2044 2630 2061 ·
2648 2030 2661 2060 ἰ
2688 2021 2704 2067 i
2734 2030 2736 2057 ῑ

1416 2115 1428 2127 ·
1456 2116 1597 2161 quum
1635 2100 1793 2162 priore
1831 2099 2014 2145 idemne
2056 2098 2218 2155 suerit,
2255 2098 2483 2143 incertum
2523 2106 2607 2145 est.
2736 2143 2737 2146 ,

1455 2178 1588 2239 prior
1618 2178 1697 2223 ille
1732 2187 1855 2223 certe
1890 2186 1989 2223 erat
2022 2175 2080 2222 de
2102 2173 2236 2236 cujus
2271 2174 2377 2235 fuga
2413 2174 2500 2221 hoc
2521 2173 2663 2221 inl·

1457 2255 1734 2300 mentionem
1764 2254 1871 2299 fecit
1893 2252 2116 2299 Isidorus
2146 2251 2202 2298 Et
2227 2252 2378 2313 fugam
2400 2251 2519 2298 hanc
2542 2267 2615 2298 an.
2632 2221 2701 2303 Ur

1455 2346 1496 2374 c.
1525 2330 1643 2389 789,
1668 2338 1774 2391 post
1804 2327 1914 2376 Chr
1936 2343 2010 2373 an.
2053 2328 2112 2373 36
2138 2337 2361 2374 memorat
2391 2337 2482 2374 tam
2505 2326 2618 2374 Taci
2667 2331 2694 2382 f

1455 2421 1592 2466 quam
1623 2405 1759 2450 etiam
1793 2404 1881 2450 Dio
1905 2404 2058 2466 primo
2089 2418 2115 2450 e
2137 2403 2361 2450 Parthia
2348 2419 2398 2450 m
2435 2402 2691 2467 Mesopota

1456 2483 1616 2538 miam,
1633 2492 1726 2527 tum
1742 2481 1910 2527 deinde
1925 2498 1951 2527 e
1962 2481 2291 2543 Mesopotamia
2303 2480 2352 2526 in
2365 2478 2565 2541 Syriam,
2583 2479 2623 2527 P
2689 2486 2692 2489 ’

1456 2556 1595 2602 thiam
1621 2556 1860 2602 obtinente
1880 2555 2113 2601 Teridatis
2136 2555 2301 2601 aemulo
2324 2552 2572 2601 Artabano.
2649 2550 2705 2604 ἰ

1455 2647 1512 2677 ne
1537 2630 1723 2691 quidem
1758 2630 1910 2689 sugam
1951 2630 2077 2675 illam
2103 2639 2232 2675 aetate
2266 2644 2350 2675 sua
2383 2628 2524 2675 fuisse
2542 2628 2708 2676 innui

1457 2705 1680 2751 Isidorus.
1725 2703 1849 2750 Nihil
1892 2719 2002 2763 ergo
2035 2703 2254 2750 habemus
2298 2714 2503 2765 quotum
2525 2703 2659 2751 vixi
2697 2719 2710 2754 ἓ,

1459 2780 1688 2826 Isidorum
1703 2789 1781 2826 aut
1800 2779 2040 2841 scripsisse
2057 2780 2343 2838 colligamus.
2362 2799 2381 2821 ι
2402 2805 2466 2814 -
2483 2777 2675 2826 Dodwel

1457 2855 1525 2900 lus
1548 2855 1691 2914 igitur
1711 2855 1769 2900 de
1790 2870 1846 2901 eo
1868 2854 2084 2901 Teridate
2107 2854 2302 2914 cogitari
2321 2854 2439 2912 vult,
2461 2869 2596 2917 quem
2616 2846 2710 2903 'ri‘

1457 2929 1555 2975 ber'
1543 2946 1615 2975 tus
1635 2929 1835 2986 Parthis,
1860 2928 1917 2975 ab
1936 2930 1999 2975 Ar
2001 2945 2103 2975 sace
2118 2928 2222 2975 xlx
2239 2930 2338 2975 sive
2355 2927 2587 2975 Artabano
2605 2926 2703 2997 nt,

1458 3006 1560 3051 viro
1602 3005 1874 3061 saevissimo,
1917 3004 2394 3064 abalienatis‚1egem
2432 3002 2583 3057 dedit
2623 3039 2627 3042 .
2650 3022 2705 3063 *⁴9

1458 3082 1539 3127 vix
1576 3082 1774 3143 imperio
1814 3082 2009 3143 potitum
2058 3080 2314 3126 Artabanus
2344 3095 2446 3126 cum
2493 3079 2699 3127 exercitu

1457 3158 1684 3204 adortus
1672 3174 1721 3203 tn
1756 3157 1936 3218 Sytiam
1964 3156 2099 3218 eJecit
2137 3156 2314 3218 (Tacit.
2344 3154 2572 3211 Ann.V1,
2616 3160 2700 3209 44.

1459 3235 1548 3280 Dio
1580 3233 1707 3279 Cass.
1740 3233 1901 3289 Lvut,
1944 3235 2001 3278 26
2022 3233 2052 3293 ).
2092 3236 2147 3277 At
2181 3241 2337 3277 nostro
2368 3231 2470 3277 loco
2510 3245 2604 3277 non
2639 3230 2714 3295 ‘¹1

1458 3311 1709 3363 Artabano,
1741 3307 1818 3353 sed
1837 3308 1893 3352 de
1917 3309 2118 3352 Phraate
2144 3321 2294 3352 sermo
2313 3315 2397 3351 est.
2418 3304 2578 3367 ltaque
2601 3320 2663 3353 no
2678 3323 2711 3351 ἰ

1460 3385 1596 3431 video
1620 3400 1714 3445 quo
1735 3398 1806 3429 res
1826 3383 2056 3443 pertinere
2079 3382 2224 3443 possit
2244 3381 2333 3427 nisi
2357 3381 2412 3427 ad
2425 3381 2673 3429 Tiridatem
2696 3419 2702 3438 ,

1462 3460 1542 3521 qui
1563 3458 1748 3504 Arsacis
1772 3456 1846 3503 XV
1871 3458 1971 3503 sire
1995 3455 2200 3503 Phraata:
2223 3455 2280 3502 IV
2299 3457 2547 3518 imperium
2564 3456 2705 3523 iuva-j

1459 3543 1596 3589 serat,
1617 3532 1783 3579 deinde
1802 3547 1915 3578 vero
1938 3532 1995 3576 ab
2018 3547 2072 3577 eo
2091 3532 2309 3593 expulsus
2329 3532 2465 3590 (circa
2476 3546 2552 3579 an.
2573 3537 2630 3586 21.
2651 3546 2677 3578 a
2694 3525 2700 3528 ’

1459 3608 1606 3668 Chr.)
1632 3606 1942 3653 Romanorum
1971 3622 2058 3668 ope
2078 3621 2350 3668 recuperare
2372 3620 2561 3667 regnum
2593 3620 2615 3651 s
2659 3636 2674 3642 --
2704 3633 2707 3638 ·
2755 3646 2756 3684 1

1461 3682 1606 3728 rabat.
1632 3681 1797 3726 Eadem
1813 3691 1879 3727 est
1899 3681 2122 3727 sententia
2138 3680 2452 3728 Santi-erucii
2477 3679 2527 3726 in
2553 3681 2684 3745 Me'nr
2723 3732 2725 3734 ,
2755 3691 2756 3700 ’

1459 3760 1516 3803 de
1531 3758 1709 3802 PAcad.
1738 3766 1767 3801 t.
1802 3756 1837 3801 L
1864 3773 1907 3818 p.
1936 3774 2009 3817 79.
2037 3756 2141 3803 llaec
2170 3757 2312 3817 igitur
2347 3756 2494 3819 ipsius
2527 3753 2670 3802 lsido
2693 3769 2706 3819 *3

1462 3842 1589 3878 aetate
1625 3842 1902 3888 ver-,enetunt
1932 3832 2098 3900 yiginti
2124 3831 2272 3878 tribus
2299 3831 2392 3877 sere
2410 3829 2544 3876 annis
2573 3843 2631 3875 an
2648 3830 2670 3864 ’-

1462 3923 1597 3969 quam
1622 3906 1836 3952 Paithica
1859 3923 1939 3953 sua
1959 3907 2283 3955 conscriberet.
2692 3913 2694 3917 ⁴

1532 4000 1633 4040 ¹29·
1660 3983 1794 4038 Quod
1813 3983 1868 4030 de
1894 3985 2152 4042 Artemitis,
2178 3999 2324 4045 graeco
2341 3955 2707 4047 Apolloniatid⁵2
