<?xml version="1.0" encoding="UTF-8"?>
<!DOCTYPE html PUBLIC "-//W3C//DTD XHTML 1.0 Transitional//EN"
    "http://www.w3.org/TR/xhtml1/DTD/xhtml1-transitional.dtd">
<html xmlns="http://www.w3.org/1999/xhtml" xml:lang="en" lang="en">
 <head>
  <title>
</title>
<meta http-equiv="Content-Type" content="text/html;charset=utf-8" />
  <meta name='ocr-system' content='tesseract 3.04.00' />
  <meta name='ocr-capabilities' content='ocr_page ocr_carea ocr_par ocr_line ocrx_word'/>
</head>
<body>
  <div class='ocr_page' id='page_1' title='image "./geographigraeci00mueluoft_0340.png"; bbox 0 0 2782 4348; ppageno 0'>
   <div class='ocr_carea' id='block_1_1' title="bbox 16 319 1371 384">
    <p class='ocr_par' dir='ltr' id='par_1_1' title="bbox 16 319 1371 384">
     <span class='ocr_line' id='line_1_1' title="bbox 16 319 1371 384; baseline -0.004 -12"><span class='ocrx_word' id='word_1_1' title='bbox 16 331 129 372; x_wconf 78' lang='lat' dir='ltr'>Diod.</span> <span class='ocrx_word' id='word_1_2' title='bbox 139 321 241 384; x_wconf 78' lang='grc' dir='ltr'>πρὸς</span> <span class='ocrx_word' id='word_1_3' title='bbox 282 322 493 384; x_wconf 75' lang='grc' dir='ltr'>ἀλλήλας,</span> <span class='ocrx_word' id='word_1_4' title='bbox 532 322 605 369; x_wconf 84' lang='grc' dir='ltr'>καὶ</span> <span class='ocrx_word' id='word_1_5' title='bbox 645 326 719 379; x_wconf 81' lang='grc' dir='ltr'>τῆς</span> <span class='ocrx_word' id='word_1_6' title='bbox 761 322 966 377; x_wconf 75' lang='grc' dir='ltr'>θαλάττης</span> <span class='ocrx_word' id='word_1_7' title='bbox 1012 319 1135 383; x_wconf 86' lang='grc' dir='ltr'>βάθος</span> <span class='ocrx_word' id='word_1_8' title='bbox 1170 320 1371 384; x_wconf 71' lang='grc' dir='ltr'>ἐχούσης,</span> 
     </span>
    </p>
   </div>
   <div class='ocr_carea' id='block_1_2' title="bbox 140 388 1372 592">
    <p class='ocr_par' dir='ltr' id='par_1_2' title="bbox 140 388 1372 592">
     <span class='ocr_line' id='line_1_2' title="bbox 140 388 1372 453; baseline 0.002 -17"><span class='ocrx_word' id='word_1_9' title='bbox 140 393 164 436; x_wconf 79' lang='grc' dir='ltr'><strong>ὁ</strong></span> <span class='ocrx_word' id='word_1_10' title='bbox 191 390 353 438; x_wconf 78' lang='grc' dir='ltr'>κλύδων</span> <span class='ocrx_word' id='word_1_11' title='bbox 386 391 484 439; x_wconf 80' lang='grc' dir='ltr'>ποτὲ</span> <span class='ocrx_word' id='word_1_12' title='bbox 515 391 590 453; x_wconf 76' lang='grc' dir='ltr'>μὲν</span> <span class='ocrx_word' id='word_1_13' title='bbox 619 391 869 444; x_wconf 76' lang='grc' dir='ltr'><strong>εἰσπίπτων,</strong></span> <span class='ocrx_word' id='word_1_14' title='bbox 896 388 996 436; x_wconf 66' lang='grc' dir='ltr'>ποτὶ</span> <span class='ocrx_word' id='word_1_15' title='bbox 1027 388 1071 435; x_wconf 75' lang='grc' dir='ltr'>δὲ</span> <span class='ocrx_word' id='word_1_16' title='bbox 1104 391 1372 438; x_wconf 76' lang='grc' dir='ltr'>παλισσυτῶν</span> 
     </span>
     <span class='ocr_line' id='line_1_3' title="bbox 143 452 1371 524; baseline -0.001 -16"><span class='ocrx_word' id='word_1_17' title='bbox 143 459 287 523; x_wconf 80' lang='grc' dir='ltr'>βρόμῳ</span> <span class='ocrx_word' id='word_1_18' title='bbox 321 461 491 524; x_wconf 79' lang='grc' dir='ltr'>μεγάλῳ</span> <span class='ocrx_word' id='word_1_19' title='bbox 523 459 814 522; x_wconf 74' lang='grc' dir='ltr'>παραπλήσιον</span> <span class='ocrx_word' id='word_1_20' title='bbox 846 452 947 520; x_wconf 71' lang='grc' dir='ltr'>ἦχον</span> <span class='ocrx_word' id='word_1_21' title='bbox 984 457 1131 515; x_wconf 68' lang='grc' dir='ltr'>ἐξίησι.</span> <span class='ocrx_word' id='word_1_22' title='bbox 1195 462 1285 508; x_wconf 73' lang='grc' dir='ltr'>Τοῦ</span> <span class='ocrx_word' id='word_1_23' title='bbox 1326 460 1371 507; x_wconf 69' lang='grc' dir='ltr'>δὲ</span> 
     </span>
     <span class='ocr_line' id='line_1_4' title="bbox 140 526 1370 592; baseline 0.002 -19"><span class='ocrx_word' id='word_1_24' title='bbox 140 527 323 588; x_wconf 76' lang='grc' dir='ltr'>κύματος</span> <span class='ocrx_word' id='word_1_25' title='bbox 336 530 383 575; x_wconf 84' lang='grc' dir='ltr'>τὸ</span> <span class='ocrx_word' id='word_1_26' title='bbox 398 529 473 588; x_wconf 71' lang='grc' dir='ltr'>μὲν</span> <span class='ocrx_word' id='word_1_27' title='bbox 494 528 594 590; x_wconf 82' lang='grc' dir='ltr'>πρὸς</span> <span class='ocrx_word' id='word_1_28' title='bbox 612 527 794 588; x_wconf 76' lang='grc' dir='ltr'>μεγάλας</span> <span class='ocrx_word' id='word_1_29' title='bbox 813 526 965 590; x_wconf 80' lang='grc' dir='ltr'>πέτρας</span> <span class='ocrx_word' id='word_1_30' title='bbox 985 528 1370 592; x_wconf 71' lang='grc' dir='ltr'>προσαραττόμενον</span> 
     </span>
    </p>
   </div>
   <div class='ocr_carea' id='block_1_3' title="bbox 99 595 1372 661">
    <p class='ocr_par' dir='ltr' id='par_1_3' title="bbox 99 595 1372 661">
     <span class='ocr_line' id='line_1_5' title="bbox 99 595 1372 661; baseline 0.002 -18"><span class='ocrx_word' id='word_1_31' title='bbox 99 619 122 651; x_wconf 71' lang='lat'>⁸</span> <span class='ocrx_word' id='word_1_32' title='bbox 141 598 197 650; x_wconf 82' lang='grc' dir='ltr'>εἰς</span> <span class='ocrx_word' id='word_1_33' title='bbox 218 597 316 661; x_wconf 77' lang='grc' dir='ltr'>ὕψος</span> <span class='ocrx_word' id='word_1_34' title='bbox 340 596 505 644; x_wconf 77' lang='grc' dir='ltr'>ἵσταται</span> <span class='ocrx_word' id='word_1_35' title='bbox 527 597 598 643; x_wconf 83' lang='grc' dir='ltr'>καὶ</span> <span class='ocrx_word' id='word_1_36' title='bbox 619 596 687 642; x_wconf 81' lang='grc' dir='ltr'>τὸν</span> <span class='ocrx_word' id='word_1_37' title='bbox 718 595 847 659; x_wconf 70' lang='grc' dir='ltr'>ἀφρὸν</span> <span class='ocrx_word' id='word_1_38' title='bbox 878 598 1118 659; x_wconf 81' lang='grc' dir='ltr'>θαυμαστὸν</span> <span class='ocrx_word' id='word_1_39' title='bbox 1149 598 1198 646; x_wconf 81' lang='grc' dir='ltr'>τὸ</span> <span class='ocrx_word' id='word_1_40' title='bbox 1218 601 1372 658; x_wconf 74' lang='grc' dir='ltr'>πλῆθος</span> 
     </span>
    </p>
   </div>
   <div class='ocr_carea' id='block_1_4' title="bbox 137 663 1372 938">
    <p class='ocr_par' dir='ltr' id='par_1_4' title="bbox 137 663 1372 938">
     <span class='ocr_line' id='line_1_6' title="bbox 138 663 1371 731; baseline 0.003 -19"><span class='ocrx_word' id='word_1_41' title='bbox 138 666 459 722; x_wconf 76' lang='grc' dir='ltr'>κατασκευάζει,</span> <span class='ocrx_word' id='word_1_42' title='bbox 478 664 526 711; x_wconf 85' lang='grc' dir='ltr'>τὸ</span> <span class='ocrx_word' id='word_1_43' title='bbox 552 663 594 710; x_wconf 78' lang='grc' dir='ltr'>δὲ</span> <span class='ocrx_word' id='word_1_44' title='bbox 618 664 946 726; x_wconf 79' lang='grc' dir='ltr'>καταπινόμενον</span> <span class='ocrx_word' id='word_1_45' title='bbox 967 667 1158 728; x_wconf 78' lang='grc' dir='ltr'>κοίλωμα</span> <span class='ocrx_word' id='word_1_46' title='bbox 1176 669 1371 731; x_wconf 78' lang='grc' dir='ltr'>σπασμὸν</span> 
     </span>
     <span class='ocr_line' id='line_1_7' title="bbox 138 732 1372 800; baseline 0.004 -20"><span class='ocrx_word' id='word_1_47' title='bbox 138 742 248 781; x_wconf 87' lang='grc' dir='ltr'>ποιεῖ</span> <span class='ocrx_word' id='word_1_48' title='bbox 268 733 603 790; x_wconf 82' lang='grc' dir='ltr'>καταπληκτικὸν</span> <span class='ocrx_word' id='word_1_49' title='bbox 616 771 628 790; x_wconf 88' lang='grc'>,</span> <span class='ocrx_word' id='word_1_50' title='bbox 647 732 753 780; x_wconf 80' lang='grc' dir='ltr'>ὥστε</span> <span class='ocrx_word' id='word_1_51' title='bbox 778 733 873 788; x_wconf 77' lang='grc' dir='ltr'>τοὺς</span> <span class='ocrx_word' id='word_1_52' title='bbox 905 736 1108 790; x_wconf 72' lang='grc' dir='ltr'>ἀκουσίως</span> <span class='ocrx_word' id='word_1_53' title='bbox 1130 738 1372 800; x_wconf 73' lang='grc' dir='ltr'>ἐγγίσαντας</span> 
     </span>
     <span class='ocr_line' id='line_1_8' title="bbox 139 802 1370 868; baseline 0.005 -20"><span class='ocrx_word' id='word_1_54' title='bbox 139 806 219 855; x_wconf 82' lang='grc' dir='ltr'>τοῖς</span> <span class='ocrx_word' id='word_1_55' title='bbox 238 802 373 854; x_wconf 80' lang='grc' dir='ltr'>τόποις</span> <span class='ocrx_word' id='word_1_56' title='bbox 394 802 461 848; x_wconf 84' lang='grc' dir='ltr'>διὰ</span> <span class='ocrx_word' id='word_1_57' title='bbox 482 802 529 848; x_wconf 82' lang='grc' dir='ltr'>τὸ</span> <span class='ocrx_word' id='word_1_58' title='bbox 554 802 642 855; x_wconf 84' lang='grc' dir='ltr'>δέος</span> <span class='ocrx_word' id='word_1_59' title='bbox 670 802 793 850; x_wconf 79' lang='grc' dir='ltr'>οἱονεὶ</span> <span class='ocrx_word' id='word_1_60' title='bbox 814 805 1186 868; x_wconf 76' lang='grc' dir='ltr'>προαποθνήσκειν.</span> <span class='ocrx_word' id='word_1_61' title='bbox 1249 807 1370 855; x_wconf 87' lang='grc' dir='ltr'>Ταύ-</span> 
     </span>
     <span class='ocr_line' id='line_1_9' title="bbox 137 865 1371 938; baseline 0.004 -21"><span class='ocrx_word' id='word_1_62' title='bbox 137 891 211 925; x_wconf 84' lang='grc' dir='ltr'>την</span> <span class='ocrx_word' id='word_1_63' title='bbox 233 871 306 931; x_wconf 82' lang='grc' dir='ltr'>μὲν</span> <span class='ocrx_word' id='word_1_64' title='bbox 338 865 406 917; x_wconf 70' lang='grc' dir='ltr'>οὖν</span> <span class='ocrx_word' id='word_1_65' title='bbox 430 870 504 927; x_wconf 77' lang='grc' dir='ltr'>τὴν</span> <span class='ocrx_word' id='word_1_66' title='bbox 541 871 742 935; x_wconf 79' lang='grc' dir='ltr'>παράλιον</span> <span class='ocrx_word' id='word_1_67' title='bbox 769 871 935 936; x_wconf 84' lang='grc' dir='ltr'>ἔχουσιν</span> <span class='ocrx_word' id='word_1_68' title='bbox 955 872 1132 938; x_wconf 76' lang='grc' dir='ltr'>Ἄραὸες</span> <span class='ocrx_word' id='word_1_69' title='bbox 1163 878 1200 923; x_wconf 73' lang='grc' dir='ltr'>οἱ</span> <span class='ocrx_word' id='word_1_70' title='bbox 1219 876 1371 924; x_wconf 81' lang='grc' dir='ltr'>καλού·</span> 
     </span>
    </p>
   </div>
   <div class='ocr_carea' id='block_1_5' title="bbox 78 940 1373 1008">
    <p class='ocr_par' dir='ltr' id='par_1_5' title="bbox 78 940 1373 1008">
     <span class='ocr_line' id='line_1_10' title="bbox 78 940 1373 1008; baseline 0.005 -22"><span class='ocrx_word' id='word_1_71' title='bbox 78 962 117 991; x_wconf 81' lang='grc' dir='ltr'>ω</span> <span class='ocrx_word' id='word_1_72' title='bbox 138 959 254 1001; x_wconf 85' lang='grc' dir='ltr'>μενοι</span> <span class='ocrx_word' id='word_1_73' title='bbox 275 940 558 1001; x_wconf 79' lang='grc' dir='ltr'>Θαμουδηνοί·</span> <span class='ocrx_word' id='word_1_74' title='bbox 581 942 657 998; x_wconf 77' lang='grc' dir='ltr'>τὴν</span> <span class='ocrx_word' id='word_1_75' title='bbox 682 943 717 987; x_wconf 84' lang='grc' dir='ltr'>δ’</span> <span class='ocrx_word' id='word_1_76' title='bbox 740 942 831 999; x_wconf 77' lang='grc' dir='ltr'>ἑξῆς</span> <span class='ocrx_word' id='word_1_77' title='bbox 854 945 995 1006; x_wconf 75' lang='grc' dir='ltr'>ἐπέχει</span> <span class='ocrx_word' id='word_1_78' title='bbox 1023 945 1178 998; x_wconf 82' lang='grc' dir='ltr'>κόλπος</span> <span class='ocrx_word' id='word_1_79' title='bbox 1202 946 1373 1008; x_wconf 77' lang='grc' dir='ltr'>εὐμεγέ-</span> 
     </span>
    </p>
   </div>
   <div class='ocr_carea' id='block_1_6' title="bbox 77 1306 115 1337">
    <p class='ocr_par' dir='ltr' id='par_1_6' title="bbox 77 1306 115 1337">
     <span class='ocr_line' id='line_1_11' title="bbox 77 1306 115 1337; baseline -0.026 0"><span class='ocrx_word' id='word_1_80' title='bbox 77 1306 115 1337; x_wconf 81' lang='lat'>15</span> 
     </span>
    </p>
   </div>
   <div class='ocr_carea' id='block_1_7' title="bbox 135 1010 1372 1355">
    <p class='ocr_par' dir='ltr' id='par_1_7' title="bbox 135 1010 1372 1355">
     <span class='ocr_line' id='line_1_12' title="bbox 137 1010 1372 1079; baseline 0.005 -24"><span class='ocrx_word' id='word_1_81' title='bbox 137 1016 222 1067; x_wconf 89' lang='grc' dir='ltr'>θης,</span> <span class='ocrx_word' id='word_1_82' title='bbox 244 1010 510 1071; x_wconf 79' lang='grc' dir='ltr'>ἐπικειμένων</span> <span class='ocrx_word' id='word_1_83' title='bbox 532 1013 645 1075; x_wconf 79' lang='grc' dir='ltr'>αὐτῷ</span> <span class='ocrx_word' id='word_1_84' title='bbox 660 1011 799 1069; x_wconf 77' lang='grc' dir='ltr'>νήσων</span> <span class='ocrx_word' id='word_1_85' title='bbox 823 1014 1056 1077; x_wconf 83' lang='grc' dir='ltr'>σποράδων,</span> <span class='ocrx_word' id='word_1_86' title='bbox 1074 1014 1149 1070; x_wconf 84' lang='grc' dir='ltr'>τὴν</span> <span class='ocrx_word' id='word_1_87' title='bbox 1169 1015 1372 1079; x_wconf 86' lang='grc' dir='ltr'>πρόσοψιν</span> 
     </span>
     <span class='ocr_line' id='line_1_13' title="bbox 137 1080 1369 1147; baseline 0.004 -21"><span class='ocrx_word' id='word_1_88' title='bbox 137 1081 319 1142; x_wconf 78' lang='grc' dir='ltr'>ἐχουσῶν</span> <span class='ocrx_word' id='word_1_89' title='bbox 358 1080 504 1140; x_wconf 81' lang='grc' dir='ltr'>ὁμοίαν</span> <span class='ocrx_word' id='word_1_90' title='bbox 546 1084 637 1134; x_wconf 84' lang='grc' dir='ltr'>ταῖς</span> <span class='ocrx_word' id='word_1_91' title='bbox 671 1083 947 1143; x_wconf 81' lang='grc' dir='ltr'>καλουμέναις</span> <span class='ocrx_word' id='word_1_92' title='bbox 986 1084 1179 1147; x_wconf 81' lang='grc' dir='ltr'>Ἐχινάσι</span> <span class='ocrx_word' id='word_1_93' title='bbox 1214 1085 1369 1141; x_wconf 78' lang='grc' dir='ltr'>νήσοις.</span> 
     </span>
     <span class='ocr_line' id='line_1_14' title="bbox 137 1148 1372 1217; baseline 0.003 -21"><span class='ocrx_word' id='word_1_94' title='bbox 137 1148 406 1211; x_wconf 77' lang='grc' dir='ltr'>Ἐκδὲχονται</span> <span class='ocrx_word' id='word_1_95' title='bbox 422 1150 467 1196; x_wconf 78' lang='grc' dir='ltr'>δὲ</span> <span class='ocrx_word' id='word_1_96' title='bbox 478 1150 633 1208; x_wconf 84' lang='grc' dir='ltr'>ταύτην</span> <span class='ocrx_word' id='word_1_97' title='bbox 652 1149 726 1207; x_wconf 80' lang='grc' dir='ltr'>τὴν</span> <span class='ocrx_word' id='word_1_98' title='bbox 744 1153 947 1215; x_wconf 83' lang='grc' dir='ltr'>παράλιον</span> <span class='ocrx_word' id='word_1_99' title='bbox 966 1152 1095 1217; x_wconf 77' lang='grc' dir='ltr'>’ἀέριοι</span> <span class='ocrx_word' id='word_1_100' title='bbox 1110 1154 1215 1207; x_wconf 83' lang='grc' dir='ltr'>θῖνες</span> <span class='ocrx_word' id='word_1_101' title='bbox 1230 1155 1372 1214; x_wconf 85' lang='grc' dir='ltr'>ἄμμου</span> 
     </span>
     <span class='ocr_line' id='line_1_15' title="bbox 135 1219 1368 1286; baseline 0.006 -22"><span class='ocrx_word' id='word_1_102' title='bbox 135 1219 245 1265; x_wconf 85' lang='grc' dir='ltr'>κατά</span> <span class='ocrx_word' id='word_1_103' title='bbox 268 1239 312 1266; x_wconf 85' lang='grc' dir='ltr'>τε</span> <span class='ocrx_word' id='word_1_104' title='bbox 330 1220 377 1266; x_wconf 82' lang='grc' dir='ltr'>τὸ</span> <span class='ocrx_word' id='word_1_105' title='bbox 400 1224 531 1281; x_wconf 78' lang='grc' dir='ltr'>μῆκος</span> <span class='ocrx_word' id='word_1_106' title='bbox 550 1221 622 1268; x_wconf 84' lang='grc' dir='ltr'>καὶ</span> <span class='ocrx_word' id='word_1_107' title='bbox 644 1221 691 1268; x_wconf 82' lang='grc' dir='ltr'>τὸ</span> <span class='ocrx_word' id='word_1_108' title='bbox 713 1222 891 1279; x_wconf 87' lang='grc' dir='ltr'>πλάτος,</span> <span class='ocrx_word' id='word_1_109' title='bbox 928 1224 1102 1285; x_wconf 81' lang='grc' dir='ltr'>μέλανες</span> <span class='ocrx_word' id='word_1_110' title='bbox 1127 1222 1199 1279; x_wconf 81' lang='grc' dir='ltr'>τὴν</span> <span class='ocrx_word' id='word_1_111' title='bbox 1221 1224 1368 1286; x_wconf 80' lang='grc' dir='ltr'>χρόαν.</span> 
     </span>
     <span class='ocr_line' id='line_1_16' title="bbox 139 1288 1372 1355; baseline 0.001 -20"><span class='ocrx_word' id='word_1_112' title='bbox 139 1289 258 1336; x_wconf 80' lang='grc' dir='ltr'>Μετὰ</span> <span class='ocrx_word' id='word_1_113' title='bbox 276 1288 318 1335; x_wconf 74' lang='grc' dir='ltr'>δὲ</span> <span class='ocrx_word' id='word_1_114' title='bbox 335 1291 498 1342; x_wconf 82' lang='grc' dir='ltr'>τούτους</span> <span class='ocrx_word' id='word_1_115' title='bbox 518 1294 664 1354; x_wconf 78' lang='grc' dir='ltr'>ὁρᾶται</span> <span class='ocrx_word' id='word_1_116' title='bbox 693 1292 941 1355; x_wconf 78' lang='grc' dir='ltr'>χερρόνησος</span> <span class='ocrx_word' id='word_1_117' title='bbox 969 1292 1039 1338; x_wconf 81' lang='grc' dir='ltr'>καὶ</span> <span class='ocrx_word' id='word_1_118' title='bbox 1061 1291 1187 1352; x_wconf 83' lang='grc' dir='ltr'>λιμὴν</span> <span class='ocrx_word' id='word_1_119' title='bbox 1209 1294 1265 1345; x_wconf 77' lang='grc' dir='ltr'>εἷς</span> <span class='ocrx_word' id='word_1_120' title='bbox 1296 1293 1372 1337; x_wconf 77' lang='grc' dir='ltr'>αὖ·</span> 
     </span>
    </p>
   </div>
   <div class='ocr_carea' id='block_1_8' title="bbox 135 1457 1381 2638">
    <p class='ocr_par' dir='ltr' id='par_1_8' title="bbox 135 1457 1381 2638">
     <span class='ocr_line' id='line_1_17' title="bbox 137 1457 1377 1501; baseline 0 -2"><span class='ocrx_word' id='word_1_121' title='bbox 137 1457 279 1499; x_wconf 82' lang='lat' dir='ltr'>tation.</span> <span class='ocrx_word' id='word_1_122' title='bbox 307 1460 342 1500; x_wconf 76' lang='lat' dir='ltr'>A</span> <span class='ocrx_word' id='word_1_123' title='bbox 360 1466 533 1500; x_wconf 90' lang='lat' dir='ltr'>stratum</span> <span class='ocrx_word' id='word_1_124' title='bbox 556 1458 605 1499; x_wconf 86' lang='lat' dir='ltr'>os</span> <span class='ocrx_word' id='word_1_125' title='bbox 619 1458 738 1500; x_wconf 84' lang='lat' dir='ltr'>black</span> <span class='ocrx_word' id='word_1_126' title='bbox 752 1467 870 1500; x_wconf 91' lang='lat' dir='ltr'>stone</span> <span class='ocrx_word' id='word_1_127' title='bbox 892 1474 947 1500; x_wconf 93' lang='lat' dir='ltr'>on</span> <span class='ocrx_word' id='word_1_128' title='bbox 971 1459 1041 1501; x_wconf 89' lang='lat' dir='ltr'>the</span> <span class='ocrx_word' id='word_1_129' title='bbox 1058 1458 1219 1500; x_wconf 81' lang='lat' dir='ltr'>sursace</span> <span class='ocrx_word' id='word_1_130' title='bbox 1246 1458 1297 1499; x_wconf 65' lang='lat' dir='ltr'>ol*</span> <span class='ocrx_word' id='word_1_131' title='bbox 1309 1458 1377 1499; x_wconf 93' lang='lat' dir='ltr'>the</span> 
     </span>
     <span class='ocr_line' id='line_1_18' title="bbox 135 1518 1381 1576; baseline 0.001 -16"><span class='ocrx_word' id='word_1_132' title='bbox 135 1518 229 1560; x_wconf 87' lang='lat' dir='ltr'>hills</span> <span class='ocrx_word' id='word_1_133' title='bbox 250 1518 332 1561; x_wconf 82' lang='lat' dir='ltr'>and</span> <span class='ocrx_word' id='word_1_134' title='bbox 344 1520 474 1576; x_wconf 88' lang='lat' dir='ltr'>plains</span> <span class='ocrx_word' id='word_1_135' title='bbox 491 1522 603 1575; x_wconf 80' lang='lat' dir='ltr'>gives</span> <span class='ocrx_word' id='word_1_136' title='bbox 618 1521 688 1563; x_wconf 91' lang='lat' dir='ltr'>the</span> <span class='ocrx_word' id='word_1_137' title='bbox 699 1521 831 1562; x_wconf 85' lang='lat' dir='ltr'>whole</span> <span class='ocrx_word' id='word_1_138' title='bbox 847 1536 871 1563; x_wconf 92' lang='lat' dir='ltr'>a</span> <span class='ocrx_word' id='word_1_139' title='bbox 888 1521 1007 1563; x_wconf 84' lang='lat' dir='ltr'>black</span> <span class='ocrx_word' id='word_1_140' title='bbox 1018 1520 1101 1562; x_wconf 89' lang='lat' dir='ltr'>and</span> <span class='ocrx_word' id='word_1_141' title='bbox 1117 1520 1295 1563; x_wconf 64' lang='lat' dir='ltr'>desolate</span> <span class='ocrx_word' id='word_1_142' title='bbox 1309 1534 1381 1576; x_wconf 92' lang='lat' dir='ltr'>ap-</span> 
     </span>
     <span class='ocr_line' id='line_1_19' title="bbox 136 1582 1379 1640; baseline 0.001 -17"><span class='ocrx_word' id='word_1_143' title='bbox 136 1595 350 1637; x_wconf 87' lang='lat' dir='ltr'>pearance.</span> <span class='ocrx_word' id='word_1_144' title='bbox 366 1583 456 1625; x_wconf 86' lang='lat' dir='ltr'>The</span> <span class='ocrx_word' id='word_1_145' title='bbox 470 1592 583 1625; x_wconf 81' lang='lat' dir='ltr'>coast</span> <span class='ocrx_word' id='word_1_146' title='bbox 605 1584 638 1624; x_wconf 88' lang='lat' dir='ltr'>is</span> <span class='ocrx_word' id='word_1_147' title='bbox 658 1583 790 1640; x_wconf 77' lang='lat' dir='ltr'>partly</span> <span class='ocrx_word' id='word_1_148' title='bbox 809 1582 973 1625; x_wconf 78' lang='lat' dir='ltr'>fronted</span> <span class='ocrx_word' id='word_1_149' title='bbox 997 1584 1101 1625; x_wconf 85' lang='lat' dir='ltr'>with</span> <span class='ocrx_word' id='word_1_150' title='bbox 1120 1592 1233 1639; x_wconf 90' lang='lat' dir='ltr'>steep</span> <span class='ocrx_word' id='word_1_151' title='bbox 1262 1597 1379 1625; x_wconf 91' lang='lat' dir='ltr'>over·</span> 
     </span>
     <span class='ocr_line' id='line_1_20' title="bbox 138 1643 1376 1698; baseline 0.002 -13"><span class='ocrx_word' id='word_1_152' title='bbox 138 1643 318 1698; x_wconf 83' lang='lat' dir='ltr'>hanging</span> <span class='ocrx_word' id='word_1_153' title='bbox 332 1644 437 1686; x_wconf 81' lang='lat' dir='ltr'>clisss</span> <span class='ocrx_word' id='word_1_154' title='bbox 456 1645 506 1687; x_wconf 84' lang='lat' dir='ltr'>of</span> <span class='ocrx_word' id='word_1_155' title='bbox 517 1646 627 1687; x_wconf 85' lang='lat' dir='ltr'>coral</span> <span class='ocrx_word' id='word_1_156' title='bbox 644 1644 726 1687; x_wconf 81' lang='lat' dir='ltr'>and</span> <span class='ocrx_word' id='word_1_157' title='bbox 746 1646 982 1687; x_wconf 86' lang='lat' dir='ltr'>sandstone.</span> <span class='ocrx_word' id='word_1_158' title='bbox 998 1647 1123 1688; x_wconf 85' lang='lat' dir='ltr'>From</span> <span class='ocrx_word' id='word_1_159' title='bbox 1135 1645 1244 1688; x_wconf 88' lang='lat' dir='ltr'>their</span> <span class='ocrx_word' id='word_1_160' title='bbox 1265 1644 1376 1696; x_wconf 80' lang='lat' dir='ltr'>Base,</span> 
     </span>
     <span class='ocr_line' id='line_1_21' title="bbox 138 1706 1379 1765; baseline 0.002 -18"><span class='ocrx_word' id='word_1_161' title='bbox 138 1714 182 1747; x_wconf 88' lang='lat' dir='ltr'>to</span> <span class='ocrx_word' id='word_1_162' title='bbox 195 1707 264 1748; x_wconf 87' lang='lat' dir='ltr'>the</span> <span class='ocrx_word' id='word_1_163' title='bbox 278 1706 460 1750; x_wconf 76' lang='lat' dir='ltr'>distance</span> <span class='ocrx_word' id='word_1_164' title='bbox 471 1707 521 1750; x_wconf 79' lang='lat' dir='ltr'>os</span> <span class='ocrx_word' id='word_1_165' title='bbox 526 1707 654 1750; x_wconf 87' lang='lat' dir='ltr'>about</span> <span class='ocrx_word' id='word_1_166' title='bbox 670 1708 779 1764; x_wconf 83' lang='lat' dir='ltr'>sorty</span> <span class='ocrx_word' id='word_1_167' title='bbox 788 1708 924 1765; x_wconf 76' lang='lat' dir='ltr'>yards,</span> <span class='ocrx_word' id='word_1_168' title='bbox 938 1708 1110 1750; x_wconf 85' lang='lat' dir='ltr'>extends</span> <span class='ocrx_word' id='word_1_169' title='bbox 1121 1723 1145 1750; x_wconf 88' lang='lat' dir='ltr'>a</span> <span class='ocrx_word' id='word_1_170' title='bbox 1156 1708 1257 1750; x_wconf 84' lang='lat' dir='ltr'>level</span> <span class='ocrx_word' id='word_1_171' title='bbox 1269 1707 1379 1749; x_wconf 87' lang='lat' dir='ltr'>band</span> 
     </span>
     <span class='ocr_line' id='line_1_22' title="bbox 138 1768 1379 1828; baseline 0.002 -17"><span class='ocrx_word' id='word_1_172' title='bbox 138 1768 326 1821; x_wconf 78' lang='lat' dir='ltr'>osroeks,</span> <span class='ocrx_word' id='word_1_173' title='bbox 341 1771 411 1812; x_wconf 90' lang='lat' dir='ltr'>the</span> <span class='ocrx_word' id='word_1_174' title='bbox 429 1780 549 1813; x_wconf 90' lang='lat' dir='ltr'>outer</span> <span class='ocrx_word' id='word_1_175' title='bbox 561 1779 654 1828; x_wconf 90' lang='lat' dir='ltr'>part</span> <span class='ocrx_word' id='word_1_176' title='bbox 670 1771 720 1813; x_wconf 81' lang='lat' dir='ltr'>os</span> <span class='ocrx_word' id='word_1_177' title='bbox 725 1771 861 1813; x_wconf 87' lang='lat' dir='ltr'>which</span> <span class='ocrx_word' id='word_1_178' title='bbox 874 1773 907 1813; x_wconf 92' lang='lat' dir='ltr'>is</span> <span class='ocrx_word' id='word_1_179' title='bbox 923 1771 1061 1828; x_wconf 79' lang='lat' dir='ltr'><strong>nearly</strong></span> <span class='ocrx_word' id='word_1_180' title='bbox 1070 1770 1165 1827; x_wconf 90' lang='lat' dir='ltr'>dry,</span> <span class='ocrx_word' id='word_1_181' title='bbox 1182 1770 1265 1813; x_wconf 83' lang='lat' dir='ltr'>and</span> <span class='ocrx_word' id='word_1_182' title='bbox 1279 1771 1379 1813; x_wconf 88' lang='lat' dir='ltr'>rises</span> 
     </span>
     <span class='ocr_line' id='line_1_23' title="bbox 139 1831 1375 1890; baseline 0.002 -17"><span class='ocrx_word' id='word_1_183' title='bbox 139 1831 219 1874; x_wconf 82' lang='lat' dir='ltr'>like</span> <span class='ocrx_word' id='word_1_184' title='bbox 259 1848 283 1874; x_wconf 91' lang='lat' dir='ltr'>a</span> <span class='ocrx_word' id='word_1_185' title='bbox 317 1834 408 1876; x_wconf 80' lang='lat' dir='ltr'>wall</span> <span class='ocrx_word' id='word_1_186' title='bbox 441 1834 548 1876; x_wconf 80' lang='lat' dir='ltr'>from</span> <span class='ocrx_word' id='word_1_187' title='bbox 584 1849 637 1876; x_wconf 87' lang='lat' dir='ltr'>an</span> <span class='ocrx_word' id='word_1_188' title='bbox 672 1834 820 1876; x_wconf 83' lang='lat' dir='ltr'>almost</span> <span class='ocrx_word' id='word_1_189' title='bbox 867 1833 1175 1877; x_wconf 86' lang='lat' dir='ltr'>unsatbomahle</span> <span class='ocrx_word' id='word_1_190' title='bbox 1221 1833 1375 1890; x_wconf 86' lang='lat' dir='ltr'>depth;</span> 
     </span>
     <span class='ocr_line' id='line_1_24' title="bbox 136 1895 1375 1952; baseline 0 -15"><span class='ocrx_word' id='word_1_191' title='bbox 136 1897 294 1950; x_wconf 75' lang='lat' dir='ltr'>against</span> <span class='ocrx_word' id='word_1_192' title='bbox 309 1897 390 1939; x_wconf 86' lang='lat' dir='ltr'>this</span> <span class='ocrx_word' id='word_1_193' title='bbox 405 1897 474 1939; x_wconf 92' lang='lat' dir='ltr'>the</span> <span class='ocrx_word' id='word_1_194' title='bbox 484 1912 566 1948; x_wconf 74' lang='lat' dir='ltr'>sea,</span> <span class='ocrx_word' id='word_1_195' title='bbox 584 1898 763 1952; x_wconf 84' lang='lat' dir='ltr'>meeting</span> <span class='ocrx_word' id='word_1_196' title='bbox 774 1897 905 1938; x_wconf 84' lang='lat' dir='ltr'>witha</span> <span class='ocrx_word' id='word_1_197' title='bbox 920 1898 1138 1938; x_wconf 86' lang='lat' dir='ltr'>resistance</span> <span class='ocrx_word' id='word_1_198' title='bbox 1149 1910 1195 1937; x_wconf 90' lang='lat' dir='ltr'>so</span> <span class='ocrx_word' id='word_1_199' title='bbox 1210 1895 1375 1951; x_wconf 89' lang='lat' dir='ltr'>abrupt,</span> 
     </span>
     <span class='ocr_line' id='line_1_25' title="bbox 138 1957 1378 2016; baseline -0.001 -16"><span class='ocrx_word' id='word_1_200' title='bbox 138 1957 284 2001; x_wconf 83' lang='lat' dir='ltr'>breaks</span> <span class='ocrx_word' id='word_1_201' title='bbox 315 1960 414 2002; x_wconf 80' lang='lat' dir='ltr'>with</span> <span class='ocrx_word' id='word_1_202' title='bbox 447 1961 631 2002; x_wconf 84' lang='lat' dir='ltr'>violence</span> <span class='ocrx_word' id='word_1_203' title='bbox 644 1992 655 2011; x_wconf 94' lang='lat'>,</span> <span class='ocrx_word' id='word_1_204' title='bbox 692 1960 773 2002; x_wconf 83' lang='lat' dir='ltr'>and</span> <span class='ocrx_word' id='word_1_205' title='bbox 806 1959 1010 2016; x_wconf 72' lang='lat' dir='ltr'>producoe</span> <span class='ocrx_word' id='word_1_206' title='bbox 1037 1974 1062 2002; x_wconf 85' lang='lat' dir='ltr'>a</span> <span class='ocrx_word' id='word_1_207' title='bbox 1096 1958 1378 2001; x_wconf 81' lang='lat' dir='ltr'>considerable</span> 
     </span>
     <span class='ocr_line' id='line_1_26' title="bbox 137 2020 1379 2078; baseline 0.002 -18"><span class='ocrx_word' id='word_1_208' title='bbox 137 2020 241 2072; x_wconf 81' lang='lat' dir='ltr'>surf,</span> <span class='ocrx_word' id='word_1_209' title='bbox 258 2021 395 2064; x_wconf 82' lang='lat' dir='ltr'>which</span> <span class='ocrx_word' id='word_1_210' title='bbox 409 2022 548 2065; x_wconf 84' lang='lat' dir='ltr'>would</span> <span class='ocrx_word' id='word_1_211' title='bbox 567 2021 718 2064; x_wconf 88' lang='lat' dir='ltr'>render</span> <span class='ocrx_word' id='word_1_212' title='bbox 736 2022 905 2078; x_wconf 85' lang='lat' dir='ltr'>landing</span> <span class='ocrx_word' id='word_1_213' title='bbox 926 2037 981 2064; x_wconf 92' lang='lat' dir='ltr'>on</span> <span class='ocrx_word' id='word_1_214' title='bbox 1002 2022 1073 2064; x_wconf 90' lang='lat' dir='ltr'>tbe</span> <span class='ocrx_word' id='word_1_215' title='bbox 1094 2021 1379 2063; x_wconf 89' lang='lat' dir='ltr'>intermediate</span> 
     </span>
     <span class='ocr_line' id='line_1_27' title="bbox 138 2084 1380 2140; baseline 0 -15"><span class='ocrx_word' id='word_1_216' title='bbox 138 2092 251 2126; x_wconf 82' lang='lat' dir='ltr'>coast</span> <span class='ocrx_word' id='word_1_217' title='bbox 268 2084 452 2127; x_wconf 83' lang='lat' dir='ltr'>between</span> <span class='ocrx_word' id='word_1_218' title='bbox 476 2085 547 2127; x_wconf 89' lang='lat' dir='ltr'>the</span> <span class='ocrx_word' id='word_1_219' title='bbox 567 2085 726 2127; x_wconf 90' lang='lat' dir='ltr'>sherms</span> <span class='ocrx_word' id='word_1_220' title='bbox 744 2085 892 2127; x_wconf 78' lang='lat' dir='ltr'>almost</span> <span class='ocrx_word' id='word_1_221' title='bbox 924 2084 1216 2140; x_wconf 73' lang='lat' dir='ltr'>impraticable.</span> <span class='ocrx_word' id='word_1_222' title='bbox 1247 2105 1264 2121; x_wconf 76' lang='grc' dir='ltr'>ι</span> <span class='ocrx_word' id='word_1_223' title='bbox 1288 2088 1306 2138; x_wconf 84' lang='grc' dir='ltr'>ΙΙ</span> <span class='ocrx_word' id='word_1_224' title='bbox 1323 2110 1380 2117; x_wconf 90' lang='grc'><strong>-</strong></span> 
     </span>
     <span class='ocr_line' id='line_1_28' title="bbox 143 2147 1377 2203; baseline 0.002 -17"><span class='ocrx_word' id='word_1_225' title='bbox 143 2157 207 2188; x_wconf 88' lang='lat'>10.</span> <span class='ocrx_word' id='word_1_226' title='bbox 228 2147 438 2200; x_wconf 63' lang='grc' dir='ltr'>κόλπος.</span> <span class='ocrx_word' id='word_1_227' title='bbox 453 2179 464 2189; x_wconf 94' lang='grc'>.</span> <span class='ocrx_word' id='word_1_228' title='bbox 495 2147 653 2200; x_wconf 77' lang='grc' dir='ltr'>νήσων</span> <span class='ocrx_word' id='word_1_229' title='bbox 686 2148 958 2203; x_wconf 81' lang='grc' dir='ltr'>σποράδων]</span> <span class='ocrx_word' id='word_1_230' title='bbox 977 2148 1057 2189; x_wconf 86' lang='lat' dir='ltr'>Hic</span> <span class='ocrx_word' id='word_1_231' title='bbox 1070 2155 1132 2189; x_wconf 59' lang='grc' dir='ltr'>αι</span> <span class='ocrx_word' id='word_1_232' title='bbox 1146 2155 1299 2189; x_wconf 88' lang='lat' dir='ltr'>tractus</span> <span class='ocrx_word' id='word_1_233' title='bbox 1314 2147 1377 2189; x_wconf 85' lang='lat' dir='ltr'>in·</span> 
     </span>
     <span class='ocr_line' id='line_1_29' title="bbox 138 2208 1379 2266; baseline 0.002 -18"><span class='ocrx_word' id='word_1_234' title='bbox 138 2214 202 2249; x_wconf 85' lang='lat' dir='ltr'>ter</span> <span class='ocrx_word' id='word_1_235' title='bbox 216 2209 457 2252; x_wconf 59' lang='lat' dir='ltr'>vicesimum</span> <span class='ocrx_word' id='word_1_236' title='bbox 475 2211 670 2266; x_wconf 89' lang='lat' dir='ltr'>quintum</span> <span class='ocrx_word' id='word_1_237' title='bbox 691 2218 733 2252; x_wconf 91' lang='lat' dir='ltr'>et</span> <span class='ocrx_word' id='word_1_238' title='bbox 752 2210 992 2252; x_wconf 89' lang='lat' dir='ltr'>vicesimum</span> <span class='ocrx_word' id='word_1_239' title='bbox 1013 2217 1179 2251; x_wconf 86' lang='lat' dir='ltr'>sextum</span> <span class='ocrx_word' id='word_1_240' title='bbox 1198 2208 1379 2251; x_wconf 90' lang='lat' dir='ltr'>latitudi-</span> 
     </span>
     <span class='ocr_line' id='line_1_30' title="bbox 139 2270 1378 2329; baseline 0.002 -18"><span class='ocrx_word' id='word_1_241' title='bbox 139 2270 203 2312; x_wconf 85' lang='lat' dir='ltr'>nis</span> <span class='ocrx_word' id='word_1_242' title='bbox 212 2271 403 2326; x_wconf 84' lang='lat' dir='ltr'>gradum,</span> <span class='ocrx_word' id='word_1_243' title='bbox 417 2287 565 2328; x_wconf 87' lang='lat' dir='ltr'>magna</span> <span class='ocrx_word' id='word_1_244' title='bbox 577 2272 804 2315; x_wconf 89' lang='lat' dir='ltr'>insularum</span> <span class='ocrx_word' id='word_1_245' title='bbox 816 2272 1166 2329; x_wconf 88' lang='lat' dir='ltr'>scopulorumque</span> <span class='ocrx_word' id='word_1_246' title='bbox 1175 2271 1378 2327; x_wconf 79' lang='lat' dir='ltr'>farragine</span> 
     </span>
     <span class='ocr_line' id='line_1_31' title="bbox 138 2332 1376 2391; baseline 0.002 -17"><span class='ocrx_word' id='word_1_247' title='bbox 138 2332 380 2386; x_wconf 88' lang='lat' dir='ltr'>distinctus,</span> <span class='ocrx_word' id='word_1_248' title='bbox 405 2343 453 2377; x_wconf 92' lang='lat' dir='ltr'>ut</span> <span class='ocrx_word' id='word_1_249' title='bbox 477 2335 583 2378; x_wconf 90' lang='lat' dir='ltr'>bene</span> <span class='ocrx_word' id='word_1_250' title='bbox 610 2344 753 2377; x_wconf 90' lang='lat' dir='ltr'>monet</span> <span class='ocrx_word' id='word_1_251' title='bbox 772 2336 954 2377; x_wconf 86' lang='lat' dir='ltr'>Ritterus</span> <span class='ocrx_word' id='word_1_252' title='bbox 977 2336 1095 2386; x_wconf 85' lang='lat' dir='ltr'>XIII,</span> <span class='ocrx_word' id='word_1_253' title='bbox 1118 2349 1162 2391; x_wconf 89' lang='lat' dir='ltr'>p.</span> <span class='ocrx_word' id='word_1_254' title='bbox 1186 2338 1284 2377; x_wconf 84' lang='lat'><strong>226.</strong></span> <span class='ocrx_word' id='word_1_255' title='bbox 1308 2337 1376 2376; x_wconf 92' lang='lat' dir='ltr'>In-</span> 
     </span>
     <span class='ocr_line' id='line_1_32' title="bbox 137 2395 1373 2454; baseline 0.001 -17"><span class='ocrx_word' id='word_1_256' title='bbox 137 2395 318 2439; x_wconf 90' lang='lat' dir='ltr'>cluditur</span> <span class='ocrx_word' id='word_1_257' title='bbox 330 2398 444 2439; x_wconf 90' lang='lat' dir='ltr'>sinus</span> <span class='ocrx_word' id='word_1_258' title='bbox 458 2412 483 2440; x_wconf 89' lang='lat' dir='ltr'>a</span> <span class='ocrx_word' id='word_1_259' title='bbox 496 2398 621 2440; x_wconf 85' lang='lat' dir='ltr'>borea</span> <span class='ocrx_word' id='word_1_260' title='bbox 631 2398 920 2454; x_wconf 89' lang='lat' dir='ltr'>promontorio</span> <span class='ocrx_word' id='word_1_261' title='bbox 935 2399 952 2452; x_wconf 92' lang='lat'><strong>(</strong></span> <span class='ocrx_word' id='word_1_262' title='bbox 968 2399 1077 2452; x_wconf 76' lang='lat' dir='ltr'>Rus)</span> <span class='ocrx_word' id='word_1_263' title='bbox 1093 2397 1373 2446; x_wconf 78' lang='lat' dir='ltr'>Glmrknmah,</span> 
     </span>
     <span class='ocr_line' id='line_1_33' title="bbox 137 2459 1374 2518; baseline 0.001 -18"><span class='ocrx_word' id='word_1_264' title='bbox 137 2474 160 2500; x_wconf 84' lang='lat' dir='ltr'>a</span> <span class='ocrx_word' id='word_1_265' title='bbox 192 2460 364 2502; x_wconf 87' lang='lat' dir='ltr'>meridie</span> <span class='ocrx_word' id='word_1_266' title='bbox 391 2469 530 2503; x_wconf 86' lang='lat' dir='ltr'>autem</span> <span class='ocrx_word' id='word_1_267' title='bbox 553 2462 843 2518; x_wconf 89' lang='lat' dir='ltr'>promontorio</span> <span class='ocrx_word' id='word_1_268' title='bbox 869 2459 986 2518; x_wconf 75' lang='lat' dir='ltr'>(Ra‘s</span> <span class='ocrx_word' id='word_1_269' title='bbox 1017 2459 1080 2502; x_wconf 88' lang='lat' dir='ltr'>vel</span> <span class='ocrx_word' id='word_1_270' title='bbox 1098 2460 1195 2502; x_wconf 77' lang='lat' dir='ltr'>Aba</span> <span class='ocrx_word' id='word_1_271' title='bbox 1216 2459 1230 2517; x_wconf 86' lang='lat'><em>)</em></span> <span class='ocrx_word' id='word_1_272' title='bbox 1252 2459 1374 2502; x_wconf 77' lang='lat' dir='ltr'>Mad.</span> 
     </span>
     <span class='ocr_line' id='line_1_34' title="bbox 139 2522 1376 2579; baseline 0.001 -17"><span class='ocrx_word' id='word_1_273' title='bbox 139 2523 318 2564; x_wconf 81' lang='lat' dir='ltr'>Maxima</span> <span class='ocrx_word' id='word_1_274' title='bbox 337 2522 581 2574; x_wconf 86' lang='lat' dir='ltr'>insularum,</span> <span class='ocrx_word' id='word_1_275' title='bbox 606 2524 810 2578; x_wconf 85' lang='lat' dir='ltr'>eregione</span> <span class='ocrx_word' id='word_1_276' title='bbox 834 2522 919 2565; x_wconf 82' lang='lat' dir='ltr'>sere</span> <span class='ocrx_word' id='word_1_277' title='bbox 939 2522 1217 2579; x_wconf 86' lang='lat' dir='ltr'>promontorii</span> <span class='ocrx_word' id='word_1_278' title='bbox 1241 2522 1376 2564; x_wconf 80' lang='lat' dir='ltr'>Glear-</span> 
     </span>
     <span class='ocr_line' id='line_1_35' title="bbox 138 2584 1378 2638; baseline 0.002 -15"><span class='ocrx_word' id='word_1_279' title='bbox 138 2584 287 2625; x_wconf 77' lang='lat' dir='ltr'>kumah</span> <span class='ocrx_word' id='word_1_280' title='bbox 323 2586 397 2626; x_wconf 91' lang='lat' dir='ltr'>sita</span> <span class='ocrx_word' id='word_1_281' title='bbox 413 2616 424 2635; x_wconf 91' lang='lat'>,</span> <span class='ocrx_word' id='word_1_282' title='bbox 461 2585 586 2626; x_wconf 90' lang='lat' dir='ltr'>hodie</span> <span class='ocrx_word' id='word_1_283' title='bbox 623 2595 794 2627; x_wconf 88' lang='lat' dir='ltr'>vocatur</span> <span class='ocrx_word' id='word_1_284' title='bbox 836 2588 1059 2627; x_wconf 83' lang='lat' dir='ltr'>Om-Rume</span> <span class='ocrx_word' id='word_1_285' title='bbox 1090 2586 1107 2638; x_wconf 95' lang='lat'>(</span> <span class='ocrx_word' id='word_1_286' title='bbox 1131 2585 1378 2627; x_wconf 76' lang='lat' dir='ltr'>Umuromali</span> 
     </span>
    </p>
   </div>
   <div class='ocr_carea' id='block_1_9' title="bbox 138 2646 1407 2702">
    <p class='ocr_par' dir='ltr' id='par_1_9' title="bbox 138 2646 1407 2702">
     <span class='ocr_line' id='line_1_36' title="bbox 138 2646 1407 2702; baseline 0.002 -16"><span class='ocrx_word' id='word_1_287' title='bbox 138 2646 248 2701; x_wconf 88' lang='lat' dir='ltr'>apud</span> <span class='ocrx_word' id='word_1_288' title='bbox 263 2647 546 2701; x_wconf 54' lang='lat' dir='ltr'>Momm-um,</span> <span class='ocrx_word' id='word_1_289' title='bbox 563 2647 641 2688; x_wconf 92' lang='lat' dir='ltr'>sub</span> <span class='ocrx_word' id='word_1_290' title='bbox 654 2649 728 2689; x_wconf 82' lang='lat'>25⁰</span> <span class='ocrx_word' id='word_1_291' title='bbox 749 2647 817 2697; x_wconf 74' lang='lat'>43¹</span> <span class='ocrx_word' id='word_1_292' title='bbox 832 2648 899 2689; x_wconf 86' lang='lat' dir='ltr'>lat.</span> <span class='ocrx_word' id='word_1_293' title='bbox 914 2650 946 2702; x_wconf 87' lang='lat'>);</span> <span class='ocrx_word' id='word_1_294' title='bbox 964 2647 1207 2690; x_wconf 78' lang='lat' dir='ltr'>Ptolemaeus</span> <span class='ocrx_word' id='word_1_295' title='bbox 1223 2661 1320 2688; x_wconf 84' lang='lat' dir='ltr'>vero</span> <span class='ocrx_word' id='word_1_296' title='bbox 1337 2648 1377 2689; x_wconf 91' lang='lat' dir='ltr'>in</span> <span class='ocrx_word' id='word_1_297' title='bbox 1401 2675 1407 2679; x_wconf 90' lang='lat'><em>-</em></span> 
     </span>
    </p>
   </div>
   <div class='ocr_carea' id='block_1_10' title="bbox 139 2707 1384 4138">
    <p class='ocr_par' dir='ltr' id='par_1_10' title="bbox 139 2707 1384 4138">
     <span class='ocr_line' id='line_1_37' title="bbox 139 2707 1380 2767; baseline 0.001 -18"><span class='ocrx_word' id='word_1_298' title='bbox 139 2707 283 2750; x_wconf 88' lang='lat' dir='ltr'>eadem</span> <span class='ocrx_word' id='word_1_299' title='bbox 306 2709 522 2751; x_wconf 89' lang='lat' dir='ltr'>latitudine</span> <span class='ocrx_word' id='word_1_300' title='bbox 554 2711 570 2764; x_wconf 97' lang='lat'>(</span> <span class='ocrx_word' id='word_1_301' title='bbox 590 2710 662 2751; x_wconf 83' lang='lat'>25⁰</span> <span class='ocrx_word' id='word_1_302' title='bbox 693 2710 790 2767; x_wconf 72' lang='lat'>45&#39;)</span> <span class='ocrx_word' id='word_1_303' title='bbox 812 2710 984 2752; x_wconf 84' lang='lat' dir='ltr'>collocat</span> <span class='ocrx_word' id='word_1_304' title='bbox 1001 2710 1238 2764; x_wconf 84' lang='lat' dir='ltr'>Timagenis</span> <span class='ocrx_word' id='word_1_305' title='bbox 1268 2711 1380 2751; x_wconf 90' lang='lat' dir='ltr'>insu-</span> 
     </span>
     <span class='ocr_line' id='line_1_38' title="bbox 140 2770 1379 2827; baseline 0.001 -15"><span class='ocrx_word' id='word_1_306' title='bbox 140 2770 237 2822; x_wconf 84' lang='lat' dir='ltr'>lam,</span> <span class='ocrx_word' id='word_1_307' title='bbox 263 2779 375 2813; x_wconf 90' lang='lat' dir='ltr'>uteo</span> <span class='ocrx_word' id='word_1_308' title='bbox 397 2773 565 2813; x_wconf 90' lang='lat' dir='ltr'>nomine</span> <span class='ocrx_word' id='word_1_309' title='bbox 590 2776 813 2814; x_wconf 82' lang='lat' dir='ltr'>Om·Rume</span> <span class='ocrx_word' id='word_1_310' title='bbox 831 2773 983 2827; x_wconf 80' lang='lat' dir='ltr'>signari</span> <span class='ocrx_word' id='word_1_311' title='bbox 1019 2773 1103 2813; x_wconf 83' lang='lat' dir='ltr'>veri</span> <span class='ocrx_word' id='word_1_312' title='bbox 1138 2772 1190 2813; x_wconf 88' lang='lat' dir='ltr'>sit</span> <span class='ocrx_word' id='word_1_313' title='bbox 1222 2772 1379 2813; x_wconf 88' lang='lat' dir='ltr'>similli-</span> 
     </span>
     <span class='ocr_line' id='line_1_39' title="bbox 143 2832 1381 2890; baseline 0.002 -16"><span class='ocrx_word' id='word_1_314' title='bbox 143 2846 276 2874; x_wconf 89' lang='lat' dir='ltr'>mum.</span> <span class='ocrx_word' id='word_1_315' title='bbox 313 2832 379 2875; x_wconf 79' lang='lat' dir='ltr'>Ad</span> <span class='ocrx_word' id='word_1_316' title='bbox 418 2834 730 2875; x_wconf 86' lang='lat' dir='ltr'>meridionalem</span> <span class='ocrx_word' id='word_1_317' title='bbox 766 2836 881 2875; x_wconf 88' lang='lat' dir='ltr'>sinus</span> <span class='ocrx_word' id='word_1_318' title='bbox 910 2835 1209 2876; x_wconf 84' lang='lat' dir='ltr'>extremitatem</span> <span class='ocrx_word' id='word_1_319' title='bbox 1244 2836 1381 2890; x_wconf 86' lang='lat' dir='ltr'>paullo</span> 
     </span>
     <span class='ocr_line' id='line_1_40' title="bbox 140 2882 1382 2951; baseline 0.005 -16"><span class='ocrx_word' id='word_1_320' title='bbox 140 2908 265 2951; x_wconf 86' lang='lat' dir='ltr'>supra</span> <span class='ocrx_word' id='word_1_321' title='bbox 294 2898 379 2937; x_wconf 75' lang='lat' dir='ltr'>Rus</span> <span class='ocrx_word' id='word_1_322' title='bbox 409 2895 518 2939; x_wconf 75' lang='lat' dir='ltr'>Mad</span> <span class='ocrx_word' id='word_1_323' title='bbox 540 2882 615 2937; x_wconf 82' lang='lat' dir='ltr'>sita</span> <span class='ocrx_word' id='word_1_324' title='bbox 640 2905 701 2938; x_wconf 90' lang='lat' dir='ltr'>est</span> <span class='ocrx_word' id='word_1_325' title='bbox 731 2896 919 2938; x_wconf 80' lang='lat' dir='ltr'>Hassani</span> <span class='ocrx_word' id='word_1_326' title='bbox 948 2896 1101 2948; x_wconf 84' lang='lat' dir='ltr'>insula,</span> <span class='ocrx_word' id='word_1_327' title='bbox 1126 2906 1267 2938; x_wconf 88' lang='lat' dir='ltr'>monte</span> <span class='ocrx_word' id='word_1_328' title='bbox 1300 2901 1382 2947; x_wconf 69' lang='grc' dir='ltr'>ἠοο</span> 
     </span>
     <span class='ocr_line' id='line_1_41' title="bbox 141 2956 1381 3015; baseline 0 -15"><span class='ocrx_word' id='word_1_329' title='bbox 141 2956 267 3014; x_wconf 83' lang='lat' dir='ltr'>pedes</span> <span class='ocrx_word' id='word_1_330' title='bbox 300 2958 381 3000; x_wconf 82' lang='lat' dir='ltr'>alto</span> <span class='ocrx_word' id='word_1_331' title='bbox 420 2961 643 3015; x_wconf 89' lang='lat' dir='ltr'>conspicua</span> <span class='ocrx_word' id='word_1_332' title='bbox 677 2959 782 3013; x_wconf 61' lang='grc' dir='ltr'>(πιί.ο</span> <span class='ocrx_word' id='word_1_333' title='bbox 817 2959 882 3000; x_wconf 86' lang='grc'>55’</span> <span class='ocrx_word' id='word_1_334' title='bbox 917 2958 1081 3015; x_wconf 87' lang='lat' dir='ltr'>latit.);</span> <span class='ocrx_word' id='word_1_335' title='bbox 1113 2960 1178 2999; x_wconf 90' lang='lat' dir='ltr'>cui</span> <span class='ocrx_word' id='word_1_336' title='bbox 1214 2973 1381 3015; x_wconf 81' lang='lat' dir='ltr'>respon-</span> 
     </span>
     <span class='ocr_line' id='line_1_42' title="bbox 140 3019 1381 3077; baseline 0.001 -14"><span class='ocrx_word' id='word_1_337' title='bbox 140 3019 212 3064; x_wconf 88' lang='lat' dir='ltr'>det</span> <span class='ocrx_word' id='word_1_338' title='bbox 246 3020 414 3077; x_wconf 85' lang='grc' dir='ltr'>Ζύγαινα</span> <span class='ocrx_word' id='word_1_339' title='bbox 446 3024 560 3074; x_wconf 83' lang='grc' dir='ltr'>νῆσος</span> <span class='ocrx_word' id='word_1_340' title='bbox 584 3022 691 3076; x_wconf 72' lang='lat'>(24⁰</span> <span class='ocrx_word' id='word_1_341' title='bbox 724 3020 848 3075; x_wconf 83' lang='lat'>20¹),</span> <span class='ocrx_word' id='word_1_342' title='bbox 873 3035 998 3077; x_wconf 89' lang='lat' dir='ltr'>quam</span> <span class='ocrx_word' id='word_1_343' title='bbox 1024 3022 1187 3063; x_wconf 90' lang='lat' dir='ltr'>unicam</span> <span class='ocrx_word' id='word_1_344' title='bbox 1223 3022 1264 3062; x_wconf 90' lang='lat' dir='ltr'>in</span> <span class='ocrx_word' id='word_1_345' title='bbox 1302 3022 1381 3064; x_wconf 90' lang='lat' dir='ltr'>hoc</span> 
     </span>
     <span class='ocr_line' id='line_1_43' title="bbox 140 3084 1381 3141; baseline 0.001 -16"><span class='ocrx_word' id='word_1_346' title='bbox 140 3091 275 3126; x_wconf 88' lang='lat' dir='ltr'>tractu</span> <span class='ocrx_word' id='word_1_347' title='bbox 290 3086 408 3141; x_wconf 87' lang='lat' dir='ltr'>ponit</span> <span class='ocrx_word' id='word_1_348' title='bbox 436 3084 703 3136; x_wconf 79' lang='lat' dir='ltr'>Ptolemaeus,</span> <span class='ocrx_word' id='word_1_349' title='bbox 729 3085 898 3126; x_wconf 89' lang='lat' dir='ltr'>nominc</span> <span class='ocrx_word' id='word_1_350' title='bbox 925 3092 1062 3126; x_wconf 88' lang='lat' dir='ltr'>autem</span> <span class='ocrx_word' id='word_1_351' title='bbox 1086 3084 1164 3125; x_wconf 89' lang='lat' dir='ltr'>isto</span> <span class='ocrx_word' id='word_1_352' title='bbox 1182 3084 1381 3137; x_wconf 82' lang='lat' dir='ltr'>signarint</span> 
     </span>
     <span class='ocr_line' id='line_1_44' title="bbox 141 3146 1378 3204; baseline -0.001 -16"><span class='ocrx_word' id='word_1_353' title='bbox 141 3148 364 3203; x_wconf 66' lang='lat' dir='ltr'>piscatores</span> <span class='ocrx_word' id='word_1_354' title='bbox 388 3162 413 3189; x_wconf 89' lang='lat' dir='ltr'>a</span> <span class='ocrx_word' id='word_1_355' title='bbox 432 3161 595 3204; x_wconf 83' lang='lat' dir='ltr'>zygaena</span> <span class='ocrx_word' id='word_1_356' title='bbox 614 3148 725 3203; x_wconf 88' lang='lat' dir='ltr'>pisce</span> <span class='ocrx_word' id='word_1_357' title='bbox 754 3148 795 3188; x_wconf 91' lang='lat' dir='ltr'>in</span> <span class='ocrx_word' id='word_1_358' title='bbox 829 3147 924 3188; x_wconf 87' lang='lat' dir='ltr'>sinu</span> <span class='ocrx_word' id='word_1_359' title='bbox 956 3146 1134 3189; x_wconf 79' lang='lat' dir='ltr'>Arabico</span> <span class='ocrx_word' id='word_1_360' title='bbox 1159 3146 1378 3202; x_wconf 81' lang='lat' dir='ltr'>frequenti,</span> 
     </span>
     <span class='ocr_line' id='line_1_45' title="bbox 141 3207 1382 3264; baseline 0 -14"><span class='ocrx_word' id='word_1_361' title='bbox 141 3218 181 3251; x_wconf 91' lang='lat' dir='ltr'>et</span> <span class='ocrx_word' id='word_1_362' title='bbox 195 3211 305 3252; x_wconf 88' lang='lat' dir='ltr'>circa</span> <span class='ocrx_word' id='word_1_363' title='bbox 316 3209 424 3252; x_wconf 86' lang='lat' dir='ltr'>banc</span> <span class='ocrx_word' id='word_1_364' title='bbox 438 3209 629 3261; x_wconf 85' lang='lat' dir='ltr'>insulam,</span> <span class='ocrx_word' id='word_1_365' title='bbox 643 3218 689 3251; x_wconf 92' lang='lat' dir='ltr'>ut</span> <span class='ocrx_word' id='word_1_366' title='bbox 702 3207 880 3260; x_wconf 89' lang='lat' dir='ltr'>videtur,</span> <span class='ocrx_word' id='word_1_367' title='bbox 899 3207 1244 3264; x_wconf 80' lang='lat' dir='ltr'>frequentissimo.</span> <span class='ocrx_word' id='word_1_368' title='bbox 1262 3210 1382 3250; x_wconf 89' lang='lat' dir='ltr'>Certe</span> 
     </span>
     <span class='ocr_line' id='line_1_46' title="bbox 142 3272 1382 3329; baseline 0 -16"><span class='ocrx_word' id='word_1_369' title='bbox 142 3286 254 3314; x_wconf 89' lang='lat' dir='ltr'>mare</span> <span class='ocrx_word' id='word_1_370' title='bbox 275 3274 383 3315; x_wconf 85' lang='lat' dir='ltr'>circa</span> <span class='ocrx_word' id='word_1_371' title='bbox 415 3272 590 3315; x_wconf 89' lang='lat' dir='ltr'>insulam</span> <span class='ocrx_word' id='word_1_372' title='bbox 614 3273 801 3329; x_wconf 87' lang='lat' dir='ltr'>apprime</span> <span class='ocrx_word' id='word_1_373' title='bbox 822 3273 1029 3328; x_wconf 82' lang='lat' dir='ltr'>piscosum</span> <span class='ocrx_word' id='word_1_374' title='bbox 1050 3286 1162 3323; x_wconf 83' lang='lat' dir='ltr'>esse,</span> <span class='ocrx_word' id='word_1_375' title='bbox 1190 3272 1382 3314; x_wconf 84' lang='lat' dir='ltr'>insulam-</span> 
     </span>
     <span class='ocr_line' id='line_1_47' title="bbox 143 3333 1382 3391; baseline 0.001 -16"><span class='ocrx_word' id='word_1_376' title='bbox 143 3348 223 3390; x_wconf 86' lang='lat' dir='ltr'>que</span> <span class='ocrx_word' id='word_1_377' title='bbox 259 3336 508 3391; x_wconf 75' lang='lat' dir='ltr'>piscatorum</span> <span class='ocrx_word' id='word_1_378' title='bbox 547 3335 683 3377; x_wconf 82' lang='lat' dir='ltr'>vicum</span> <span class='ocrx_word' id='word_1_379' title='bbox 719 3334 870 3377; x_wconf 87' lang='lat' dir='ltr'>habere</span> <span class='ocrx_word' id='word_1_380' title='bbox 905 3342 1076 3376; x_wconf 84' lang='lat' dir='ltr'>testatur</span> <span class='ocrx_word' id='word_1_381' title='bbox 1110 3333 1382 3377; x_wconf 86' lang='lat' dir='ltr'>Wellstedius</span> 
     </span>
     <span class='ocr_line' id='line_1_48' title="bbox 142 3395 1380 3452; baseline 0.001 -15"><span class='ocrx_word' id='word_1_382' title='bbox 142 3397 199 3446; x_wconf 88' lang='lat'>11,</span> <span class='ocrx_word' id='word_1_383' title='bbox 220 3411 263 3452; x_wconf 89' lang='lat' dir='ltr'>p.</span> <span class='ocrx_word' id='word_1_384' title='bbox 293 3401 385 3452; x_wconf 85' lang='lat'>196.</span> <span class='ocrx_word' id='word_1_385' title='bbox 411 3397 566 3439; x_wconf 86' lang='lat' dir='ltr'>Eadem</span> <span class='ocrx_word' id='word_1_386' title='bbox 597 3397 787 3439; x_wconf 80' lang='lat' dir='ltr'>Ilassani</span> <span class='ocrx_word' id='word_1_387' title='bbox 809 3396 939 3438; x_wconf 87' lang='lat' dir='ltr'>insula</span> <span class='ocrx_word' id='word_1_388' title='bbox 959 3404 1130 3438; x_wconf 83' lang='lat' dir='ltr'>vocatur</span> <span class='ocrx_word' id='word_1_389' title='bbox 1148 3395 1320 3438; x_wconf 73' lang='lat' dir='ltr'>Assima</span> <span class='ocrx_word' id='word_1_390' title='bbox 1339 3396 1380 3438; x_wconf 89' lang='lat' dir='ltr'>in</span> 
     </span>
     <span class='ocr_line' id='line_1_49' title="bbox 144 3458 1380 3514; baseline 0.001 -15"><span class='ocrx_word' id='word_1_391' title='bbox 144 3459 297 3511; x_wconf 78' lang='lat' dir='ltr'>Geogr.</span> <span class='ocrx_word' id='word_1_392' title='bbox 343 3462 577 3502; x_wconf 82' lang='lat' dir='ltr'>Ravennate</span> <span class='ocrx_word' id='word_1_393' title='bbox 608 3459 766 3513; x_wconf 89' lang='lat' dir='ltr'>(nimis</span> <span class='ocrx_word' id='word_1_394' title='bbox 799 3459 868 3501; x_wconf 90' lang='lat' dir='ltr'>illo</span> <span class='ocrx_word' id='word_1_395' title='bbox 901 3474 926 3501; x_wconf 89' lang='lat' dir='ltr'>a</span> <span class='ocrx_word' id='word_1_396' title='bbox 955 3458 1253 3501; x_wconf 89' lang='lat' dir='ltr'>recentioribus</span> <span class='ocrx_word' id='word_1_397' title='bbox 1285 3473 1380 3514; x_wconf 87' lang='lat' dir='ltr'>geo·</span> 
     </span>
     <span class='ocr_line' id='line_1_50' title="bbox 144 3521 1382 3579; baseline 0.002 -18"><span class='ocrx_word' id='word_1_398' title='bbox 144 3522 309 3576; x_wconf 83' lang='lat' dir='ltr'>graphis</span> <span class='ocrx_word' id='word_1_399' title='bbox 342 3522 587 3579; x_wconf 80' lang='lat' dir='ltr'>neglecto),</span> <span class='ocrx_word' id='word_1_400' title='bbox 614 3523 653 3563; x_wconf 90' lang='lat' dir='ltr'>in</span> <span class='ocrx_word' id='word_1_401' title='bbox 686 3537 770 3578; x_wconf 92' lang='lat' dir='ltr'>quo</span> <span class='ocrx_word' id='word_1_402' title='bbox 794 3522 1020 3564; x_wconf 87' lang='lat' dir='ltr'>insularum</span> <span class='ocrx_word' id='word_1_403' title='bbox 1054 3522 1179 3564; x_wconf 87' lang='lat' dir='ltr'>series</span> <span class='ocrx_word' id='word_1_404' title='bbox 1204 3536 1228 3564; x_wconf 86' lang='lat' dir='ltr'>a</span> <span class='ocrx_word' id='word_1_405' title='bbox 1258 3521 1382 3564; x_wconf 82' lang='lat' dir='ltr'>borea</span> 
     </span>
     <span class='ocr_line' id='line_1_51' title="bbox 145 3582 1383 3640; baseline 0.001 -14"><span class='ocrx_word' id='word_1_406' title='bbox 145 3582 361 3626; x_wconf 83' lang='lat' dir='ltr'>meridiem</span> <span class='ocrx_word' id='word_1_407' title='bbox 395 3598 535 3625; x_wconf 81' lang='lat' dir='ltr'>versus</span> <span class='ocrx_word' id='word_1_408' title='bbox 561 3585 647 3626; x_wconf 81' lang='lat' dir='ltr'>haec</span> <span class='ocrx_word' id='word_1_409' title='bbox 667 3594 729 3626; x_wconf 89' lang='lat' dir='ltr'>est</span> <span class='ocrx_word' id='word_1_410' title='bbox 755 3598 764 3627; x_wconf 75' lang='grc' dir='ltr'><strong><em>τ</em></strong></span> <span class='ocrx_word' id='word_1_411' title='bbox 796 3585 888 3626; x_wconf 83' lang='lat' dir='ltr'>Sela</span> <span class='ocrx_word' id='word_1_412' title='bbox 912 3588 929 3639; x_wconf 91' lang='lat'>(</span> <span class='ocrx_word' id='word_1_413' title='bbox 949 3585 992 3627; x_wconf 87' lang='lat' dir='ltr'>b.</span> <span class='ocrx_word' id='word_1_414' title='bbox 1023 3584 1214 3640; x_wconf 77' lang='lat' dir='ltr'>Sillah),</span> <span class='ocrx_word' id='word_1_415' title='bbox 1247 3588 1383 3628; x_wconf 76' lang='lat' dir='ltr'>Cema</span> 
     </span>
     <span class='ocr_line' id='line_1_52' title="bbox 147 3645 1381 3705; baseline 0.002 -17"><span class='ocrx_word' id='word_1_416' title='bbox 147 3645 260 3700; x_wconf 82' lang='lat' dir='ltr'>(ins.</span> <span class='ocrx_word' id='word_1_417' title='bbox 287 3660 416 3702; x_wconf 83' lang='lat' dir='ltr'>prope</span> <span class='ocrx_word' id='word_1_418' title='bbox 440 3649 523 3687; x_wconf 77' lang='lat' dir='ltr'>ltas</span> <span class='ocrx_word' id='word_1_419' title='bbox 547 3647 879 3689; x_wconf 76' lang='lat' dir='ltr'>Abu-Mussarib</span> <span class='ocrx_word' id='word_1_420' title='bbox 910 3650 926 3700; x_wconf 90' lang='lat'>(</span> <span class='ocrx_word' id='word_1_421' title='bbox 944 3651 1016 3703; x_wconf 83' lang='lat'>27⁰</span> <span class='ocrx_word' id='word_1_422' title='bbox 1037 3646 1105 3705; x_wconf 86' lang='lat'>8&#39;)</span> <span class='ocrx_word' id='word_1_423' title='bbox 1130 3662 1197 3704; x_wconf 84' lang='lat' dir='ltr'>ap.</span> <span class='ocrx_word' id='word_1_424' title='bbox 1223 3649 1381 3691; x_wconf 82' lang='lat' dir='ltr'>Mores·</span> 
     </span>
     <span class='ocr_line' id='line_1_53' title="bbox 146 3706 1384 3767; baseline 0.002 -17"><span class='ocrx_word' id='word_1_425' title='bbox 146 3706 248 3766; x_wconf 80' lang='lat' dir='ltr'>by?)</span> <span class='ocrx_word' id='word_1_426' title='bbox 268 3706 438 3757; x_wconf 66' lang='lat' dir='ltr'>insuti«,</span> <span class='ocrx_word' id='word_1_427' title='bbox 461 3711 587 3749; x_wconf 78' lang='lat' dir='ltr'>Occnc</span> <span class='ocrx_word' id='word_1_428' title='bbox 603 3709 663 3760; x_wconf 88' lang='lat' dir='ltr'>(h.</span> <span class='ocrx_word' id='word_1_429' title='bbox 690 3709 885 3762; x_wconf 66' lang='lat' dir='ltr'>oſtrum),</span> <span class='ocrx_word' id='word_1_430' title='bbox 906 3715 1069 3767; x_wconf 72' lang='lat' dir='ltr'>Scopas,</span> <span class='ocrx_word' id='word_1_431' title='bbox 1088 3709 1275 3752; x_wconf 83' lang='lat' dir='ltr'>Assima.</span> <span class='ocrx_word' id='word_1_432' title='bbox 1291 3710 1307 3765; x_wconf 81' lang='grc' dir='ltr'>ΙΙ</span> <span class='ocrx_word' id='word_1_433' title='bbox 1326 3734 1384 3743; x_wconf 88' lang='grc'><strong>-</strong></span> 
     </span>
     <span class='ocr_line' id='line_1_54' title="bbox 151 3769 1382 3829; baseline 0.002 -17"><span class='ocrx_word' id='word_1_434' title='bbox 151 3769 218 3812; x_wconf 87' lang='lat'>15.</span> <span class='ocrx_word' id='word_1_435' title='bbox 242 3769 629 3826; x_wconf 80' lang='grc' dir='ltr'>Χερρόνησος...</span> <span class='ocrx_word' id='word_1_436' title='bbox 668 3771 748 3810; x_wconf 76' lang='grc' dir='ltr'>καὶ</span> <span class='ocrx_word' id='word_1_437' title='bbox 777 3769 931 3826; x_wconf 73' lang='grc' dir='ltr'>λιμὴν</span> <span class='ocrx_word' id='word_1_438' title='bbox 965 3771 1231 3821; x_wconf 81' lang='grc' dir='ltr'>κάλλιστος</span> <span class='ocrx_word' id='word_1_439' title='bbox 1268 3771 1382 3829; x_wconf 83' lang='grc' dir='ltr'>Χαρ-</span> 
     </span>
     <span class='ocr_line' id='line_1_55' title="bbox 149 3831 1380 3889; baseline 0.002 -15"><span class='ocrx_word' id='word_1_440' title='bbox 149 3846 210 3887; x_wconf 86' lang='grc' dir='ltr'>μο</span> <span class='ocrx_word' id='word_1_441' title='bbox 220 3831 360 3889; x_wconf 83' lang='grc' dir='ltr'>υθάς]</span> <span class='ocrx_word' id='word_1_442' title='bbox 373 3832 518 3874; x_wconf 86' lang='lat' dir='ltr'>Sinum</span> <span class='ocrx_word' id='word_1_443' title='bbox 532 3831 756 3873; x_wconf 87' lang='lat' dir='ltr'>insularum</span> <span class='ocrx_word' id='word_1_444' title='bbox 771 3846 794 3874; x_wconf 89' lang='lat' dir='ltr'>a</span> <span class='ocrx_word' id='word_1_445' title='bbox 807 3831 979 3874; x_wconf 90' lang='lat' dir='ltr'>meridie</span> <span class='ocrx_word' id='word_1_446' title='bbox 993 3833 1146 3875; x_wconf 89' lang='lat' dir='ltr'>claudit</span> <span class='ocrx_word' id='word_1_447' title='bbox 1160 3836 1245 3875; x_wconf 66' lang='lat' dir='ltr'>lias</span> <span class='ocrx_word' id='word_1_448' title='bbox 1259 3833 1380 3885; x_wconf 75' lang='lat' dir='ltr'>Mad,</span> 
     </span>
     <span class='ocr_line' id='line_1_56' title="bbox 147 3892 1382 3940; baseline 0.002 -4"><span class='ocrx_word' id='word_1_449' title='bbox 147 3896 203 3936; x_wconf 86' lang='lat' dir='ltr'>ita</span> <span class='ocrx_word' id='word_1_450' title='bbox 225 3892 326 3937; x_wconf 89' lang='lat' dir='ltr'>illud</span> <span class='ocrx_word' id='word_1_451' title='bbox 353 3892 615 3937; x_wconf 74' lang='lat' dir='ltr'>efformatum</span> <span class='ocrx_word' id='word_1_452' title='bbox 644 3903 689 3936; x_wconf 91' lang='lat' dir='ltr'>ut</span> <span class='ocrx_word' id='word_1_453' title='bbox 720 3894 988 3936; x_wconf 80' lang='lat' dir='ltr'>chersonesus</span> <span class='ocrx_word' id='word_1_454' title='bbox 1012 3895 1280 3939; x_wconf 86' lang='lat' dir='ltr'>accommode</span> <span class='ocrx_word' id='word_1_455' title='bbox 1299 3895 1382 3940; x_wconf 89' lang='lat' dir='ltr'>dici</span> 
     </span>
     <span class='ocr_line' id='line_1_57' title="bbox 148 3956 1383 4015; baseline 0.002 -17"><span class='ocrx_word' id='word_1_456' title='bbox 148 3958 298 4011; x_wconf 89' lang='lat' dir='ltr'>possit;</span> <span class='ocrx_word' id='word_1_457' title='bbox 330 3971 483 4011; x_wconf 83' lang='lat' dir='ltr'>nomen</span> <span class='ocrx_word' id='word_1_458' title='bbox 510 3971 607 3998; x_wconf 79' lang='lat' dir='ltr'>vero</span> <span class='ocrx_word' id='word_1_459' title='bbox 626 3956 749 4013; x_wconf 73' lang='lat' dir='ltr'>liuJus</span> <span class='ocrx_word' id='word_1_460' title='bbox 770 3959 1043 4013; x_wconf 86' lang='lat' dir='ltr'>promontorii</span> <span class='ocrx_word' id='word_1_461' title='bbox 1070 3959 1111 4000; x_wconf 91' lang='lat' dir='ltr'>in</span> <span class='ocrx_word' id='word_1_462' title='bbox 1145 3967 1290 4015; x_wconf 83' lang='lat' dir='ltr'>portus</span> <span class='ocrx_word' id='word_1_463' title='bbox 1309 3974 1383 4001; x_wconf 91' lang='lat' dir='ltr'>no-</span> 
     </span>
     <span class='ocr_line' id='line_1_58' title="bbox 150 4018 1383 4076; baseline 0.003 -17"><span class='ocrx_word' id='word_1_464' title='bbox 150 4020 262 4060; x_wconf 88' lang='lat' dir='ltr'>mine</span> <span class='ocrx_word' id='word_1_465' title='bbox 290 4019 515 4075; x_wconf 75' lang='grc' dir='ltr'>Χαρμουθὰς</span> <span class='ocrx_word' id='word_1_466' title='bbox 550 4018 867 4076; x_wconf 77' lang='lat' dir='ltr'>(sherm-Mml)</span> <span class='ocrx_word' id='word_1_467' title='bbox 908 4019 1022 4061; x_wconf 84' lang='lat' dir='ltr'>facile</span> <span class='ocrx_word' id='word_1_468' title='bbox 1064 4022 1264 4076; x_wconf 75' lang='lat' dir='ltr'>agnoscis.</span> <span class='ocrx_word' id='word_1_469' title='bbox 1301 4022 1383 4063; x_wconf 84' lang='lat' dir='ltr'>Ex·</span> 
     </span>
     <span class='ocr_line' id='line_1_59' title="bbox 151 4081 1378 4138; baseline 0.003 -18"><span class='ocrx_word' id='word_1_470' title='bbox 151 4081 310 4135; x_wconf 87' lang='lat' dir='ltr'>cipiunt</span> <span class='ocrx_word' id='word_1_471' title='bbox 355 4083 588 4124; x_wconf 83' lang='lat' dir='ltr'>chersonesi</span> <span class='ocrx_word' id='word_1_472' title='bbox 632 4083 930 4123; x_wconf 74' lang='lat' dir='ltr'>extremitatem</span> <span class='ocrx_word' id='word_1_473' title='bbox 965 4091 1109 4138; x_wconf 88' lang='lat' dir='ltr'>portus</span> <span class='ocrx_word' id='word_1_474' title='bbox 1147 4093 1228 4125; x_wconf 87' lang='lat' dir='ltr'>tres</span> <span class='ocrx_word' id='word_1_475' title='bbox 1266 4083 1378 4127; x_wconf 77' lang='lat' dir='ltr'>haud</span> 
     </span>
    </p>
   </div>
   <div class='ocr_carea' id='block_1_11' title="bbox 1109 200 1708 272">
    <p class='ocr_par' dir='ltr' id='par_1_11' title="bbox 1109 200 1708 272">
     <span class='ocr_line' id='line_1_60' title="bbox 1109 200 1708 272; baseline 0.01 -6"><span class='ocrx_word' id='word_1_476' title='bbox 1109 219 1193 267; x_wconf 75' lang='lat' dir='ltr'>Ex</span> <span class='ocrx_word' id='word_1_477' title='bbox 1224 200 1708 272; x_wconf 64' lang='lat' dir='ltr'>Aen-usnemun</span> 
     </span>
    </p>
   </div>
   <div class='ocr_carea' id='block_1_12' title="bbox 1443 321 2779 1195">
    <p class='ocr_par' dir='ltr' id='par_1_12' title="bbox 1443 321 2779 1195">
     <span class='ocr_line' id='line_1_61' title="bbox 1445 321 2779 386; baseline 0.007 -20"><span class='ocrx_word' id='word_1_478' title='bbox 1445 323 1692 382; x_wconf 75' lang='lat' dir='ltr'>impingens,</span> <span class='ocrx_word' id='word_1_479' title='bbox 1714 340 1827 369; x_wconf 90' lang='lat' dir='ltr'>nunc</span> <span class='ocrx_word' id='word_1_480' title='bbox 1845 328 2060 382; x_wconf 65' lang='lat' dir='ltr'>multans,</span> <span class='ocrx_word' id='word_1_481' title='bbox 2089 332 2226 386; x_wconf 85' lang='lat' dir='ltr'>magni</span> <span class='ocrx_word' id='word_1_482' title='bbox 2244 334 2375 373; x_wconf 85' lang='lat' dir='ltr'>instar</span> <span class='ocrx_word' id='word_1_483' title='bbox 2405 331 2591 374; x_wconf 80' lang='lat' dir='ltr'>tremitus</span> <span class='ocrx_word' id='word_1_484' title='bbox 2613 347 2679 376; x_wconf 85' lang='lat' dir='ltr'>so·</span> <span class='ocrx_word' id='word_1_485' title='bbox 2736 329 2739 335; x_wconf 68' lang='grc'><strong><em>’</em></strong></span> <span class='ocrx_word' id='word_1_486' title='bbox 2764 321 2779 339; x_wconf 50' lang='grc' dir='ltr'>Η</span> 
     </span>
     <span class='ocr_line' id='line_1_62' title="bbox 1443 406 2680 467; baseline 0.007 -21"><span class='ocrx_word' id='word_1_487' title='bbox 1443 417 1547 447; x_wconf 83' lang='grc' dir='ltr'>ιιιιιιι</span> <span class='ocrx_word' id='word_1_488' title='bbox 1578 406 1745 448; x_wconf 89' lang='lat' dir='ltr'>emittit.</span> <span class='ocrx_word' id='word_1_489' title='bbox 1804 406 2024 451; x_wconf 80' lang='lat' dir='ltr'>Undarum</span> <span class='ocrx_word' id='word_1_490' title='bbox 2056 418 2193 453; x_wconf 84' lang='lat' dir='ltr'>autem</span> <span class='ocrx_word' id='word_1_491' title='bbox 2225 425 2319 467; x_wconf 86' lang='lat' dir='ltr'>pars</span> <span class='ocrx_word' id='word_1_492' title='bbox 2349 411 2575 466; x_wconf 81' lang='lat' dir='ltr'>grandibus</span> <span class='ocrx_word' id='word_1_493' title='bbox 2603 413 2680 456; x_wconf 82' lang='lat' dir='ltr'>illis</span> 
     </span>
     <span class='ocr_line' id='line_1_63' title="bbox 1444 485 2682 550; baseline 0.008 -23"><span class='ocrx_word' id='word_1_494' title='bbox 1444 485 1624 542; x_wconf 82' lang='lat' dir='ltr'>scopulis</span> <span class='ocrx_word' id='word_1_495' title='bbox 1644 486 1757 530; x_wconf 79' lang='lat' dir='ltr'>allisa</span> <span class='ocrx_word' id='word_1_496' title='bbox 1778 488 1820 530; x_wconf 92' lang='lat' dir='ltr'>in</span> <span class='ocrx_word' id='word_1_497' title='bbox 1842 488 1971 532; x_wconf 84' lang='lat' dir='ltr'>altum</span> <span class='ocrx_word' id='word_1_498' title='bbox 1989 504 2033 532; x_wconf 88' lang='lat' dir='ltr'>se</span> <span class='ocrx_word' id='word_1_499' title='bbox 2050 491 2203 548; x_wconf 80' lang='lat' dir='ltr'>crispat</span> <span class='ocrx_word' id='word_1_500' title='bbox 2220 500 2261 533; x_wconf 88' lang='lat' dir='ltr'>et</span> <span class='ocrx_word' id='word_1_501' title='bbox 2280 492 2511 535; x_wconf 84' lang='lat' dir='ltr'>mirandam</span> <span class='ocrx_word' id='word_1_502' title='bbox 2526 508 2682 550; x_wconf 77' lang='lat' dir='ltr'>spumae</span> 
     </span>
     <span class='ocr_line' id='line_1_64' title="bbox 1445 567 2682 630; baseline 0.009 -23"><span class='ocrx_word' id='word_1_503' title='bbox 1445 567 1529 608; x_wconf 83' lang='lat' dir='ltr'>vim</span> <span class='ocrx_word' id='word_1_504' title='bbox 1550 567 1706 623; x_wconf 82' lang='lat' dir='ltr'>gignit;</span> <span class='ocrx_word' id='word_1_505' title='bbox 1732 582 1828 625; x_wconf 72' lang='lat' dir='ltr'>pars</span> <span class='ocrx_word' id='word_1_506' title='bbox 1850 567 1958 613; x_wconf 77' lang='lat' dir='ltr'>intra</span> <span class='ocrx_word' id='word_1_507' title='bbox 1979 572 2155 614; x_wconf 75' lang='lat' dir='ltr'>vortices</span> <span class='ocrx_word' id='word_1_508' title='bbox 2172 572 2365 630; x_wconf 84' lang='lat' dir='ltr'>absorpta</span> <span class='ocrx_word' id='word_1_509' title='bbox 2387 576 2624 630; x_wconf 79' lang='lat' dir='ltr'>voraginem</span> <span class='ocrx_word' id='word_1_510' title='bbox 2640 584 2682 618; x_wconf 91' lang='lat' dir='ltr'>et</span> 
     </span>
     <span class='ocr_line' id='line_1_65' title="bbox 1443 644 2682 712; baseline 0.008 -24"><span class='ocrx_word' id='word_1_511' title='bbox 1443 644 1718 690; x_wconf 75' lang='lat' dir='ltr'>divulsionem</span> <span class='ocrx_word' id='word_1_512' title='bbox 1738 662 1940 706; x_wconf 83' lang='lat' dir='ltr'>aquarum</span> <span class='ocrx_word' id='word_1_513' title='bbox 1962 651 2187 695; x_wconf 84' lang='lat' dir='ltr'>terribilem</span> <span class='ocrx_word' id='word_1_514' title='bbox 2209 652 2335 695; x_wconf 83' lang='lat' dir='ltr'>efficit</span> <span class='ocrx_word' id='word_1_515' title='bbox 2349 685 2361 705; x_wconf 87' lang='lat'>,</span> <span class='ocrx_word' id='word_1_516' title='bbox 2391 654 2495 696; x_wconf 81' lang='lat' dir='ltr'>adeo</span> <span class='ocrx_word' id='word_1_517' title='bbox 2516 664 2563 697; x_wconf 91' lang='lat' dir='ltr'>ut</span> <span class='ocrx_word' id='word_1_518' title='bbox 2581 670 2682 712; x_wconf 83' lang='lat' dir='ltr'>prae·</span> 
     </span>
     <span class='ocr_line' id='line_1_66' title="bbox 1444 728 2682 789; baseline 0.009 -21"><span class='ocrx_word' id='word_1_519' title='bbox 1444 734 1507 769; x_wconf 89' lang='lat' dir='ltr'>ter</span> <span class='ocrx_word' id='word_1_520' title='bbox 1539 728 1791 772; x_wconf 80' lang='lat' dir='ltr'>voluntatem</span> <span class='ocrx_word' id='word_1_521' title='bbox 1823 730 1887 772; x_wconf 85' lang='lat' dir='ltr'>his</span> <span class='ocrx_word' id='word_1_522' title='bbox 1918 731 2018 774; x_wconf 90' lang='lat' dir='ltr'>locis</span> <span class='ocrx_word' id='word_1_523' title='bbox 2053 733 2211 789; x_wconf 80' lang='lat' dir='ltr'>appulsi</span> <span class='ocrx_word' id='word_1_524' title='bbox 2254 743 2368 776; x_wconf 90' lang='lat' dir='ltr'>metu</span> <span class='ocrx_word' id='word_1_525' title='bbox 2402 743 2563 778; x_wconf 88' lang='lat' dir='ltr'>tantum</span> <span class='ocrx_word' id='word_1_526' title='bbox 2597 751 2682 779; x_wconf 91' lang='lat' dir='ltr'>non</span> 
     </span>
     <span class='ocr_line' id='line_1_67' title="bbox 1443 809 2684 864; baseline 0.01 -14"><span class='ocrx_word' id='word_1_527' title='bbox 1443 809 1560 864; x_wconf 88' lang='lat' dir='ltr'>prius</span> <span class='ocrx_word' id='word_1_528' title='bbox 1585 811 1890 854; x_wconf 86' lang='lat' dir='ltr'>exanimentur.</span> <span class='ocrx_word' id='word_1_529' title='bbox 1950 814 2078 855; x_wconf 85' lang='lat' dir='ltr'>Oram</span> <span class='ocrx_word' id='word_1_530' title='bbox 2101 813 2209 856; x_wconf 88' lang='lat' dir='ltr'>hanc</span> <span class='ocrx_word' id='word_1_531' title='bbox 2231 822 2371 858; x_wconf 90' lang='lat' dir='ltr'>tenent</span> <span class='ocrx_word' id='word_1_532' title='bbox 2403 817 2557 859; x_wconf 81' lang='lat' dir='ltr'>Arabes</span> <span class='ocrx_word' id='word_1_533' title='bbox 2574 819 2684 862; x_wconf 81' lang='lat' dir='ltr'>Tha·</span> 
     </span>
     <span class='ocr_line' id='line_1_68' title="bbox 1445 888 2684 949; baseline 0.01 -19"><span class='ocrx_word' id='word_1_534' title='bbox 1445 888 1631 931; x_wconf 89' lang='lat' dir='ltr'>mudcni.</span> <span class='ocrx_word' id='word_1_535' title='bbox 1691 891 1895 946; x_wconf 87' lang='lat' dir='ltr'>Contigua</span> <span class='ocrx_word' id='word_1_536' title='bbox 1918 900 2053 934; x_wconf 83' lang='lat' dir='ltr'>vastus</span> <span class='ocrx_word' id='word_1_537' title='bbox 2070 893 2238 949; x_wconf 83' lang='lat' dir='ltr'>quidam</span> <span class='ocrx_word' id='word_1_538' title='bbox 2254 897 2368 938; x_wconf 88' lang='lat' dir='ltr'>sinus</span> <span class='ocrx_word' id='word_1_539' title='bbox 2385 897 2515 949; x_wconf 87' lang='lat' dir='ltr'>alluit,</span> <span class='ocrx_word' id='word_1_540' title='bbox 2538 900 2684 942; x_wconf 83' lang='lat' dir='ltr'>multas</span> 
     </span>
     <span class='ocr_line' id='line_1_69' title="bbox 1444 970 2683 1034; baseline 0.008 -23"><span class='ocrx_word' id='word_1_541' title='bbox 1444 971 1618 1026; x_wconf 86' lang='lat' dir='ltr'>sparsim</span> <span class='ocrx_word' id='word_1_542' title='bbox 1639 970 1792 1012; x_wconf 84' lang='lat' dir='ltr'>insulas</span> <span class='ocrx_word' id='word_1_543' title='bbox 1809 970 2064 1027; x_wconf 83' lang='lat' dir='ltr'>complexus,</span> <span class='ocrx_word' id='word_1_544' title='bbox 2085 971 2366 1016; x_wconf 85' lang='lat' dir='ltr'>Echinadibus</span> <span class='ocrx_word' id='word_1_545' title='bbox 2384 975 2580 1034; x_wconf 81' lang='lat' dir='ltr'>adspectu</span> <span class='ocrx_word' id='word_1_546' title='bbox 2599 993 2683 1020; x_wconf 93' lang='lat' dir='ltr'>non</span> 
     </span>
     <span class='ocr_line' id='line_1_70' title="bbox 1444 1049 2682 1113; baseline 0.007 -20"><span class='ocrx_word' id='word_1_547' title='bbox 1444 1049 1663 1093; x_wconf 62' lang='lat' dir='ltr'>absimiles.</span> <span class='ocrx_word' id='word_1_548' title='bbox 1724 1052 1853 1094; x_wconf 86' lang='lat' dir='ltr'>Oram</span> <span class='ocrx_word' id='word_1_549' title='bbox 1870 1050 1994 1103; x_wconf 88' lang='lat' dir='ltr'>hanc,</span> <span class='ocrx_word' id='word_1_550' title='bbox 2018 1059 2148 1107; x_wconf 85' lang='lat' dir='ltr'>quam</span> <span class='ocrx_word' id='word_1_551' title='bbox 2171 1051 2291 1107; x_wconf 86' lang='lat' dir='ltr'>longa</span> <span class='ocrx_word' id='word_1_552' title='bbox 2310 1062 2370 1096; x_wconf 80' lang='lat' dir='ltr'>est</span> <span class='ocrx_word' id='word_1_553' title='bbox 2388 1063 2430 1097; x_wconf 92' lang='lat' dir='ltr'>et</span> <span class='ocrx_word' id='word_1_554' title='bbox 2444 1070 2568 1112; x_wconf 86' lang='lat' dir='ltr'>quam</span> <span class='ocrx_word' id='word_1_555' title='bbox 2589 1058 2682 1113; x_wconf 85' lang='lat' dir='ltr'>lata,</span> 
     </span>
     <span class='ocr_line' id='line_1_71' title="bbox 1444 1130 2684 1195; baseline 0.006 -23"><span class='ocrx_word' id='word_1_556' title='bbox 1444 1131 1514 1173; x_wconf 89' lang='lat' dir='ltr'>alti</span> <span class='ocrx_word' id='word_1_557' title='bbox 1535 1145 1670 1173; x_wconf 83' lang='lat' dir='ltr'>arenae</span> <span class='ocrx_word' id='word_1_558' title='bbox 1695 1131 1815 1186; x_wconf 84' lang='lat' dir='ltr'>nigro</span> <span class='ocrx_word' id='word_1_559' title='bbox 1848 1130 1986 1173; x_wconf 90' lang='lat' dir='ltr'>colore</span> <span class='ocrx_word' id='word_1_560' title='bbox 2015 1131 2170 1173; x_wconf 90' lang='lat' dir='ltr'>cumuli</span> <span class='ocrx_word' id='word_1_561' title='bbox 2193 1133 2420 1188; x_wconf 85' lang='lat' dir='ltr'>excipiunt.</span> <span class='ocrx_word' id='word_1_562' title='bbox 2482 1136 2585 1179; x_wconf 88' lang='lat' dir='ltr'>Inde</span> <span class='ocrx_word' id='word_1_563' title='bbox 2614 1153 2684 1195; x_wconf 87' lang='lat' dir='ltr'>pe-</span> 
     </span>
    </p>
   </div>
   <div class='ocr_carea' id='block_1_13' title="bbox 1444 1212 2688 1346">
    <p class='ocr_par' dir='ltr' id='par_1_13' title="bbox 1444 1212 2688 1346">
     <span class='ocr_line' id='line_1_72' title="bbox 1445 1212 2684 1270; baseline 0.006 -16"><span class='ocrx_word' id='word_1_564' title='bbox 1445 1213 1607 1255; x_wconf 88' lang='lat' dir='ltr'>ninsula</span> <span class='ocrx_word' id='word_1_565' title='bbox 1624 1227 1668 1255; x_wconf 90' lang='lat' dir='ltr'>se</span> <span class='ocrx_word' id='word_1_566' title='bbox 1682 1212 1753 1254; x_wconf 88' lang='lat' dir='ltr'>dat</span> <span class='ocrx_word' id='word_1_567' title='bbox 1775 1213 1818 1254; x_wconf 90' lang='lat' dir='ltr'>in</span> <span class='ocrx_word' id='word_1_568' title='bbox 1835 1220 2102 1269; x_wconf 90' lang='lat' dir='ltr'>conspectum</span> <span class='ocrx_word' id='word_1_569' title='bbox 2121 1221 2289 1269; x_wconf 87' lang='lat' dir='ltr'>portum</span> <span class='ocrx_word' id='word_1_570' title='bbox 2306 1213 2461 1256; x_wconf 89' lang='lat' dir='ltr'>babens</span> <span class='ocrx_word' id='word_1_571' title='bbox 2480 1219 2684 1270; x_wconf 89' lang='lat' dir='ltr'>omnium,</span> 
     </span>
     <span class='ocr_line' id='line_1_73' title="bbox 1444 1289 2688 1346; baseline 0.006 -15"><span class='ocrx_word' id='word_1_572' title='bbox 1444 1305 1549 1346; x_wconf 92' lang='lat' dir='ltr'>quos</span> <span class='ocrx_word' id='word_1_573' title='bbox 1582 1290 1768 1332; x_wconf 88' lang='lat' dir='ltr'>historici</span> <span class='ocrx_word' id='word_1_574' title='bbox 1802 1289 2066 1341; x_wconf 89' lang='lat' dir='ltr'>describunt,</span> <span class='ocrx_word' id='word_1_575' title='bbox 2111 1289 2456 1345; x_wconf 82' lang='lat' dir='ltr'>elegantissimum</span> <span class='ocrx_word' id='word_1_576' title='bbox 2471 1324 2483 1345; x_wconf 92' lang='lat'>,</span> <span class='ocrx_word' id='word_1_577' title='bbox 2520 1295 2688 1338; x_wconf 88' lang='lat' dir='ltr'>nomine</span> 
     </span>
    </p>
   </div>
   <div class='ocr_carea' id='block_1_14' title="bbox 1446 1455 2782 3454">
    <p class='ocr_par' dir='ltr' id='par_1_14' title="bbox 1446 1455 2782 3454">
     <span class='ocr_line' id='line_1_74' title="bbox 1448 1455 2687 1516; baseline 0.005 -18"><span class='ocrx_word' id='word_1_578' title='bbox 1448 1456 1569 1511; x_wconf 91' lang='lat' dir='ltr'>longe</span> <span class='ocrx_word' id='word_1_579' title='bbox 1584 1458 1693 1498; x_wconf 91' lang='lat' dir='ltr'>inter</span> <span class='ocrx_word' id='word_1_580' title='bbox 1716 1471 1760 1498; x_wconf 91' lang='lat' dir='ltr'>se</span> <span class='ocrx_word' id='word_1_581' title='bbox 1784 1456 1932 1507; x_wconf 89' lang='lat' dir='ltr'>dissiti,</span> <span class='ocrx_word' id='word_1_582' title='bbox 1954 1456 2105 1497; x_wconf 67' lang='lat' dir='ltr'>Abbati</span> <span class='ocrx_word' id='word_1_583' title='bbox 2130 1455 2144 1513; x_wconf 96' lang='lat'>(</span> <span class='ocrx_word' id='word_1_584' title='bbox 2164 1457 2224 1498; x_wconf 86' lang='lat' dir='ltr'>sic</span> <span class='ocrx_word' id='word_1_585' title='bbox 2255 1458 2474 1516; x_wconf 83' lang='lat' dir='ltr'>Moresby;</span> <span class='ocrx_word' id='word_1_586' title='bbox 2497 1461 2687 1504; x_wconf 73' lang='lat' dir='ltr'>Shabban</span> 
     </span>
     <span class='ocr_line' id='line_1_75' title="bbox 1446 1519 2681 1579; baseline 0.003 -17"><span class='ocrx_word' id='word_1_587' title='bbox 1446 1519 1657 1574; x_wconf 84' lang='lat' dir='ltr'>Bergbaus</span> <span class='ocrx_word' id='word_1_588' title='bbox 1672 1522 1706 1575; x_wconf 93' lang='lat'>),</span> <span class='ocrx_word' id='word_1_589' title='bbox 1728 1520 1895 1569; x_wconf 76' lang='lat' dir='ltr'>Maliar,</span> <span class='ocrx_word' id='word_1_590' title='bbox 1917 1521 2092 1573; x_wconf 72' lang='lat' dir='ltr'>Hussey.</span> <span class='ocrx_word' id='word_1_591' title='bbox 2117 1520 2166 1561; x_wconf 92' lang='lat' dir='ltr'>In</span> <span class='ocrx_word' id='word_1_592' title='bbox 2188 1520 2345 1562; x_wconf 77' lang='lat' dir='ltr'>Mahar</span> <span class='ocrx_word' id='word_1_593' title='bbox 2363 1530 2531 1576; x_wconf 86' lang='lat' dir='ltr'>portum</span> <span class='ocrx_word' id='word_1_594' title='bbox 2551 1538 2681 1579; x_wconf 91' lang='lat' dir='ltr'>quum</span> 
     </span>
     <span class='ocr_line' id='line_1_76' title="bbox 1447 1581 2687 1641; baseline 0.004 -18"><span class='ocrx_word' id='word_1_595' title='bbox 1447 1590 1565 1624; x_wconf 85' lang='lat' dir='ltr'>exeat</span> <span class='ocrx_word' id='word_1_596' title='bbox 1586 1596 1734 1636; x_wconf 85' lang='lat' dir='ltr'>magna</span> <span class='ocrx_word' id='word_1_597' title='bbox 1762 1581 1873 1623; x_wconf 88' lang='lat' dir='ltr'>vallis</span> <span class='ocrx_word' id='word_1_598' title='bbox 1899 1595 1991 1637; x_wconf 85' lang='lat' dir='ltr'>quae</span> <span class='ocrx_word' id='word_1_599' title='bbox 2019 1582 2075 1622; x_wconf 84' lang='lat' dir='ltr'>ita</span> <span class='ocrx_word' id='word_1_600' title='bbox 2107 1589 2168 1622; x_wconf 90' lang='lat' dir='ltr'>est</span> <span class='ocrx_word' id='word_1_601' title='bbox 2199 1592 2460 1638; x_wconf 85' lang='lat' dir='ltr'>comparata,</span> <span class='ocrx_word' id='word_1_602' title='bbox 2484 1593 2529 1626; x_wconf 89' lang='lat' dir='ltr'>ut</span> <span class='ocrx_word' id='word_1_603' title='bbox 2550 1585 2687 1641; x_wconf 89' lang='lat' dir='ltr'>primo</span> 
     </span>
     <span class='ocr_line' id='line_1_77' title="bbox 1447 1641 2687 1700; baseline 0.005 -16"><span class='ocrx_word' id='word_1_604' title='bbox 1447 1642 1644 1700; x_wconf 86' lang='lat' dir='ltr'>adspectu</span> <span class='ocrx_word' id='word_1_605' title='bbox 1674 1641 1946 1685; x_wconf 88' lang='lat' dir='ltr'>Wellstedius</span> <span class='ocrx_word' id='word_1_606' title='bbox 1975 1644 2111 1697; x_wconf 84' lang='lat' dir='ltr'>magni</span> <span class='ocrx_word' id='word_1_607' title='bbox 2146 1646 2339 1686; x_wconf 89' lang='lat' dir='ltr'>torrentis</span> <span class='ocrx_word' id='word_1_608' title='bbox 2361 1646 2522 1687; x_wconf 83' lang='lat' dir='ltr'>alveum</span> <span class='ocrx_word' id='word_1_609' title='bbox 2553 1647 2687 1690; x_wconf 88' lang='lat' dir='ltr'>desic-</span> 
     </span>
     <span class='ocr_line' id='line_1_78' title="bbox 1447 1705 2688 1766; baseline 0.005 -19"><span class='ocrx_word' id='word_1_610' title='bbox 1447 1714 1586 1748; x_wconf 88' lang='lat' dir='ltr'>catum</span> <span class='ocrx_word' id='word_1_611' title='bbox 1623 1719 1792 1748; x_wconf 88' lang='lat' dir='ltr'>cernere</span> <span class='ocrx_word' id='word_1_612' title='bbox 1823 1713 1987 1762; x_wconf 77' lang='lat' dir='ltr'>putaret</span> <span class='ocrx_word' id='word_1_613' title='bbox 2026 1718 2036 1747; x_wconf 70' lang='grc' dir='ltr'>ε</span> <span class='ocrx_word' id='word_1_614' title='bbox 2071 1705 2154 1748; x_wconf 86' lang='lat' dir='ltr'>huc</span> <span class='ocrx_word' id='word_1_615' title='bbox 2181 1706 2335 1749; x_wconf 77' lang='lat' dir='ltr'>referre</span> <span class='ocrx_word' id='word_1_616' title='bbox 2371 1708 2464 1751; x_wconf 90' lang='lat' dir='ltr'>licet</span> <span class='ocrx_word' id='word_1_617' title='bbox 2492 1709 2606 1766; x_wconf 89' lang='lat' dir='ltr'>quod</span> <span class='ocrx_word' id='word_1_618' title='bbox 2634 1710 2688 1753; x_wconf 88' lang='lat' dir='ltr'>dc</span> 
     </span>
     <span class='ocr_line' id='line_1_79' title="bbox 1447 1768 2689 1824; baseline 0.004 -14"><span class='ocrx_word' id='word_1_619' title='bbox 1447 1782 1598 1824; x_wconf 86' lang='lat' dir='ltr'>magno</span> <span class='ocrx_word' id='word_1_620' title='bbox 1628 1769 1756 1810; x_wconf 82' lang='lat' dir='ltr'>fluvio</span> <span class='ocrx_word' id='word_1_621' title='bbox 1791 1769 1835 1809; x_wconf 93' lang='lat' dir='ltr'>in</span> <span class='ocrx_word' id='word_1_622' title='bbox 1866 1768 2165 1811; x_wconf 86' lang='lat' dir='ltr'>Charmutham</span> <span class='ocrx_word' id='word_1_623' title='bbox 2195 1769 2402 1813; x_wconf 88' lang='lat' dir='ltr'>incidente</span> <span class='ocrx_word' id='word_1_624' title='bbox 2427 1780 2568 1816; x_wconf 85' lang='lat' dir='ltr'>narrat</span> <span class='ocrx_word' id='word_1_625' title='bbox 2589 1774 2689 1815; x_wconf 88' lang='lat' dir='ltr'>Dio-</span> 
     </span>
     <span class='ocr_line' id='line_1_80' title="bbox 1447 1830 2689 1887; baseline 0.006 -15"><span class='ocrx_word' id='word_1_626' title='bbox 1447 1830 1599 1884; x_wconf 85' lang='lat' dir='ltr'>dorus;</span> <span class='ocrx_word' id='word_1_627' title='bbox 1622 1845 1719 1873; x_wconf 90' lang='lat' dir='ltr'>nam</span> <span class='ocrx_word' id='word_1_628' title='bbox 1751 1831 1866 1873; x_wconf 81' lang='lat' dir='ltr'>fluvii</span> <span class='ocrx_word' id='word_1_629' title='bbox 1897 1845 2100 1887; x_wconf 83' lang='lat' dir='ltr'>perennes</span> <span class='ocrx_word' id='word_1_630' title='bbox 2133 1833 2175 1874; x_wconf 91' lang='lat' dir='ltr'>in</span> <span class='ocrx_word' id='word_1_631' title='bbox 2203 1841 2289 1875; x_wconf 89' lang='lat' dir='ltr'>tota</span> <span class='ocrx_word' id='word_1_632' title='bbox 2310 1834 2387 1876; x_wconf 90' lang='lat' dir='ltr'>hac</span> <span class='ocrx_word' id='word_1_633' title='bbox 2409 1850 2482 1879; x_wconf 89' lang='lat' dir='ltr'>ora</span> <span class='ocrx_word' id='word_1_634' title='bbox 2515 1837 2689 1879; x_wconf 87' lang='lat' dir='ltr'>omnino</span> 
     </span>
     <span class='ocr_line' id='line_1_81' title="bbox 1448 1893 2689 1952; baseline 0.004 -17"><span class='ocrx_word' id='word_1_635' title='bbox 1448 1893 1549 1935; x_wconf 89' lang='lat' dir='ltr'>nulli</span> <span class='ocrx_word' id='word_1_636' title='bbox 1578 1893 1863 1948; x_wconf 88' lang='lat' dir='ltr'>egrediuntur.</span> <span class='ocrx_word' id='word_1_637' title='bbox 1906 1896 1963 1935; x_wconf 82' lang='lat' dir='ltr'>At</span> <span class='ocrx_word' id='word_1_638' title='bbox 1996 1893 2152 1949; x_wconf 84' lang='lat' dir='ltr'>reliqua</span> <span class='ocrx_word' id='word_1_639' title='bbox 2187 1903 2333 1951; x_wconf 90' lang='lat' dir='ltr'>portus</span> <span class='ocrx_word' id='word_1_640' title='bbox 2370 1896 2493 1952; x_wconf 80' lang='lat' dir='ltr'>liujus</span> <span class='ocrx_word' id='word_1_641' title='bbox 2531 1896 2689 1940; x_wconf 64' lang='lat' dir='ltr'>indoles</span> 
     </span>
     <span class='ocr_line' id='line_1_82' title="bbox 1448 1955 2689 2017; baseline 0.005 -20"><span class='ocrx_word' id='word_1_642' title='bbox 1448 1970 1545 1998; x_wconf 90' lang='lat' dir='ltr'>cum</span> <span class='ocrx_word' id='word_1_643' title='bbox 1564 1955 1740 1998; x_wconf 90' lang='lat' dir='ltr'>Diodori</span> <span class='ocrx_word' id='word_1_644' title='bbox 1757 1955 2035 2012; x_wconf 66' lang='lat' dir='ltr'>descriptione</span> <span class='ocrx_word' id='word_1_645' title='bbox 2049 1971 2196 2013; x_wconf 87' lang='lat' dir='ltr'>parum</span> <span class='ocrx_word' id='word_1_646' title='bbox 2216 1957 2414 2014; x_wconf 65' lang='lat' dir='ltr'>quadram</span> <span class='ocrx_word' id='word_1_647' title='bbox 2436 1974 2531 2002; x_wconf 88' lang='lat' dir='ltr'>nam</span> <span class='ocrx_word' id='word_1_648' title='bbox 2555 1974 2689 2017; x_wconf 87' lang='lat' dir='ltr'>neque</span> 
     </span>
     <span class='ocr_line' id='line_1_83' title="bbox 1447 2017 2688 2076; baseline 0.004 -16"><span class='ocrx_word' id='word_1_649' title='bbox 1447 2017 1579 2074; x_wconf 82' lang='grc' dir='ltr'>χηλὴν</span> <span class='ocrx_word' id='word_1_650' title='bbox 1603 2027 1850 2076; x_wconf 82' lang='lat' dir='ltr'>praetensam</span> <span class='ocrx_word' id='word_1_651' title='bbox 1876 2033 2012 2075; x_wconf 86' lang='lat' dir='ltr'>neque</span> <span class='ocrx_word' id='word_1_652' title='bbox 2046 2021 2165 2061; x_wconf 91' lang='lat' dir='ltr'>sitam</span> <span class='ocrx_word' id='word_1_653' title='bbox 2187 2021 2230 2061; x_wconf 90' lang='lat' dir='ltr'>in</span> <span class='ocrx_word' id='word_1_654' title='bbox 2260 2021 2399 2063; x_wconf 90' lang='lat' dir='ltr'>medio</span> <span class='ocrx_word' id='word_1_655' title='bbox 2420 2022 2593 2064; x_wconf 90' lang='lat' dir='ltr'>insulam</span> <span class='ocrx_word' id='word_1_656' title='bbox 2616 2023 2688 2066; x_wconf 80' lang='lat' dir='ltr'>ba·</span> 
     </span>
     <span class='ocr_line' id='line_1_84' title="bbox 1449 2081 2687 2140; baseline 0.003 -16"><span class='ocrx_word' id='word_1_657' title='bbox 1449 2081 1540 2133; x_wconf 89' lang='lat' dir='ltr'>bet;</span> <span class='ocrx_word' id='word_1_658' title='bbox 1572 2083 1767 2124; x_wconf 85' lang='lat' dir='ltr'>introitus</span> <span class='ocrx_word' id='word_1_659' title='bbox 1797 2082 1834 2124; x_wconf 90' lang='lat' dir='ltr'>ei</span> <span class='ocrx_word' id='word_1_660' title='bbox 1869 2096 1999 2138; x_wconf 84' lang='lat' dir='ltr'>capax</span> <span class='ocrx_word' id='word_1_661' title='bbox 2031 2091 2119 2134; x_wconf 86' lang='lat' dir='ltr'>est,</span> <span class='ocrx_word' id='word_1_662' title='bbox 2145 2097 2421 2140; x_wconf 77' lang='lat' dir='ltr'>magumque</span> <span class='ocrx_word' id='word_1_663' title='bbox 2444 2085 2687 2140; x_wconf 83' lang='lat' dir='ltr'>enavigandi</span> 
     </span>
     <span class='ocr_line' id='line_1_85' title="bbox 1449 2142 2688 2206; baseline 0.006 -21"><span class='ocrx_word' id='word_1_664' title='bbox 1449 2142 1704 2196; x_wconf 78' lang='lat' dir='ltr'>facilitatem,</span> <span class='ocrx_word' id='word_1_665' title='bbox 1728 2144 1771 2185; x_wconf 91' lang='lat' dir='ltr'>in</span> <span class='ocrx_word' id='word_1_666' title='bbox 1793 2145 1940 2186; x_wconf 88' lang='lat' dir='ltr'>ceteris</span> <span class='ocrx_word' id='word_1_667' title='bbox 1957 2158 2041 2187; x_wconf 76' lang='lat' dir='ltr'>oroe</span> <span class='ocrx_word' id='word_1_668' title='bbox 2062 2146 2266 2201; x_wconf 89' lang='lat' dir='ltr'>portubus</span> <span class='ocrx_word' id='word_1_669' title='bbox 2295 2148 2562 2199; x_wconf 87' lang='lat' dir='ltr'>rarissimam,</span> <span class='ocrx_word' id='word_1_670' title='bbox 2583 2163 2688 2206; x_wconf 79' lang='lat' dir='ltr'>prae-</span> 
     </span>
     <span class='ocr_line' id='line_1_86' title="bbox 1448 2205 2685 2266; baseline 0.006 -19"><span class='ocrx_word' id='word_1_671' title='bbox 1448 2205 1518 2247; x_wconf 90' lang='lat' dir='ltr'>bet</span> <span class='ocrx_word' id='word_1_672' title='bbox 1542 2205 1556 2263; x_wconf 94' lang='lat'>(</span> <span class='ocrx_word' id='word_1_673' title='bbox 1574 2205 1798 2250; x_wconf 88' lang='lat' dir='ltr'>Wellsted.</span> <span class='ocrx_word' id='word_1_674' title='bbox 1819 2208 1877 2256; x_wconf 87' lang='lat'>11,</span> <span class='ocrx_word' id='word_1_675' title='bbox 1899 2220 1943 2263; x_wconf 84' lang='lat' dir='ltr'>p.</span> <span class='ocrx_word' id='word_1_676' title='bbox 1971 2207 2099 2265; x_wconf 83' lang='lat'>203),</span> <span class='ocrx_word' id='word_1_677' title='bbox 2121 2215 2164 2249; x_wconf 89' lang='lat' dir='ltr'>at</span> <span class='ocrx_word' id='word_1_678' title='bbox 2186 2209 2357 2251; x_wconf 89' lang='lat' dir='ltr'>minime</span> <span class='ocrx_word' id='word_1_679' title='bbox 2377 2211 2581 2266; x_wconf 86' lang='lat' dir='ltr'>spatiosus</span> <span class='ocrx_word' id='word_1_680' title='bbox 2598 2220 2685 2263; x_wconf 85' lang='lat' dir='ltr'>est;</span> 
     </span>
     <span class='ocr_line' id='line_1_87' title="bbox 1446 2267 2690 2331; baseline 0.006 -21"><span class='ocrx_word' id='word_1_681' title='bbox 1446 2277 1591 2311; x_wconf 85' lang='lat' dir='ltr'>contra</span> <span class='ocrx_word' id='word_1_682' title='bbox 1606 2277 1647 2311; x_wconf 89' lang='lat' dir='ltr'>et</span> <span class='ocrx_word' id='word_1_683' title='bbox 1663 2267 1795 2325; x_wconf 74' lang='grc' dir='ltr'>χηλὴν</span> <span class='ocrx_word' id='word_1_684' title='bbox 1815 2268 1941 2311; x_wconf 87' lang='lat' dir='ltr'>habet</span> <span class='ocrx_word' id='word_1_685' title='bbox 1958 2277 2001 2311; x_wconf 91' lang='lat' dir='ltr'>et</span> <span class='ocrx_word' id='word_1_686' title='bbox 2018 2270 2222 2326; x_wconf 89' lang='lat' dir='ltr'>spatiosus</span> <span class='ocrx_word' id='word_1_687' title='bbox 2248 2280 2309 2313; x_wconf 86' lang='lat' dir='ltr'>est</span> <span class='ocrx_word' id='word_1_688' title='bbox 2325 2286 2501 2329; x_wconf 86' lang='lat' dir='ltr'>sequens</span> <span class='ocrx_word' id='word_1_689' title='bbox 2529 2275 2690 2331; x_wconf 75' lang='lat' dir='ltr'>Hussey</span> 
     </span>
     <span class='ocr_line' id='line_1_88' title="bbox 1446 2330 2688 2387; baseline 0.007 -16"><span class='ocrx_word' id='word_1_690' title='bbox 1446 2338 1612 2386; x_wconf 85' lang='lat' dir='ltr'>portus;</span> <span class='ocrx_word' id='word_1_691' title='bbox 1627 2330 1699 2373; x_wconf 87' lang='lat' dir='ltr'>sed</span> <span class='ocrx_word' id='word_1_692' title='bbox 1714 2346 1766 2373; x_wconf 90' lang='lat' dir='ltr'>ne</span> <span class='ocrx_word' id='word_1_693' title='bbox 1779 2331 1849 2373; x_wconf 87' lang='lat' dir='ltr'>hic</span> <span class='ocrx_word' id='word_1_694' title='bbox 1862 2330 2033 2387; x_wconf 89' lang='lat' dir='ltr'>quidem</span> <span class='ocrx_word' id='word_1_695' title='bbox 2045 2331 2220 2375; x_wconf 87' lang='lat' dir='ltr'>insulam</span> <span class='ocrx_word' id='word_1_696' title='bbox 2235 2332 2381 2386; x_wconf 81' lang='lat' dir='ltr'>habet;</span> <span class='ocrx_word' id='word_1_697' title='bbox 2399 2335 2463 2376; x_wconf 90' lang='lat' dir='ltr'>sin</span> <span class='ocrx_word' id='word_1_698' title='bbox 2477 2334 2576 2378; x_wconf 89' lang='lat' dir='ltr'>hinc</span> <span class='ocrx_word' id='word_1_699' title='bbox 2591 2337 2688 2380; x_wconf 81' lang='lat' dir='ltr'>satis</span> 
     </span>
     <span class='ocr_line' id='line_1_89' title="bbox 1446 2392 2687 2455; baseline 0.006 -21"><span class='ocrx_word' id='word_1_700' title='bbox 1446 2392 1568 2448; x_wconf 80' lang='lat' dir='ltr'>longe</span> <span class='ocrx_word' id='word_1_701' title='bbox 1589 2393 1806 2436; x_wconf 89' lang='lat' dir='ltr'>meridiem</span> <span class='ocrx_word' id='word_1_702' title='bbox 1837 2408 1978 2436; x_wconf 84' lang='lat' dir='ltr'>versus</span> <span class='ocrx_word' id='word_1_703' title='bbox 1995 2408 2140 2451; x_wconf 81' lang='lat' dir='ltr'>pergas</span> <span class='ocrx_word' id='word_1_704' title='bbox 2166 2394 2218 2437; x_wconf 87' lang='lat' dir='ltr'>ad</span> <span class='ocrx_word' id='word_1_705' title='bbox 2237 2397 2476 2452; x_wconf 83' lang='lat' dir='ltr'>proximum</span> <span class='ocrx_word' id='word_1_706' title='bbox 2502 2406 2687 2455; x_wconf 88' lang='lat' dir='ltr'>portum,</span> 
     </span>
     <span class='ocr_line' id='line_1_90' title="bbox 1446 2456 2685 2514; baseline 0.006 -17"><span class='ocrx_word' id='word_1_707' title='bbox 1446 2456 1583 2497; x_wconf 79' lang='lat' dir='ltr'>Sherm</span> <span class='ocrx_word' id='word_1_708' title='bbox 1608 2457 1757 2506; x_wconf 85' lang='lat' dir='ltr'>Ianbo,</span> <span class='ocrx_word' id='word_1_709' title='bbox 1792 2465 1834 2498; x_wconf 87' lang='lat' dir='ltr'>et</span> <span class='ocrx_word' id='word_1_710' title='bbox 1871 2456 2046 2498; x_wconf 90' lang='lat' dir='ltr'>insulam</span> <span class='ocrx_word' id='word_1_711' title='bbox 2084 2457 2127 2498; x_wconf 91' lang='lat' dir='ltr'>in</span> <span class='ocrx_word' id='word_1_712' title='bbox 2164 2457 2305 2500; x_wconf 89' lang='lat' dir='ltr'>medio</span> <span class='ocrx_word' id='word_1_713' title='bbox 2334 2460 2455 2502; x_wconf 87' lang='lat' dir='ltr'>sitam</span> <span class='ocrx_word' id='word_1_714' title='bbox 2488 2458 2685 2514; x_wconf 74' lang='lat' dir='ltr'>offendis,</span> 
     </span>
     <span class='ocr_line' id='line_1_91' title="bbox 1446 2519 2690 2578; baseline 0.006 -18"><span class='ocrx_word' id='word_1_715' title='bbox 1446 2526 1687 2575; x_wconf 85' lang='lat' dir='ltr'>tantamque</span> <span class='ocrx_word' id='word_1_716' title='bbox 1714 2519 1842 2575; x_wconf 89' lang='lat' dir='ltr'>ipsius</span> <span class='ocrx_word' id='word_1_717' title='bbox 1873 2527 2020 2575; x_wconf 89' lang='lat' dir='ltr'>portus</span> <span class='ocrx_word' id='word_1_718' title='bbox 2055 2520 2337 2575; x_wconf 87' lang='lat' dir='ltr'>capacitatem,</span> <span class='ocrx_word' id='word_1_719' title='bbox 2375 2536 2467 2578; x_wconf 83' lang='lat' dir='ltr'>quae</span> <span class='ocrx_word' id='word_1_720' title='bbox 2500 2523 2690 2567; x_wconf 73' lang='lat' dir='ltr'>maximis</span> 
     </span>
     <span class='ocr_line' id='line_1_92' title="bbox 1447 2580 2690 2636; baseline 0.005 -14"><span class='ocrx_word' id='word_1_721' title='bbox 1447 2580 1642 2623; x_wconf 86' lang='lat' dir='ltr'>classibus</span> <span class='ocrx_word' id='word_1_722' title='bbox 1674 2581 1864 2623; x_wconf 83' lang='lat' dir='ltr'>sufficiat.</span> <span class='ocrx_word' id='word_1_723' title='bbox 1895 2580 2011 2635; x_wconf 88' lang='lat' dir='ltr'>Quid</span> <span class='ocrx_word' id='word_1_724' title='bbox 2046 2582 2195 2636; x_wconf 77' lang='lat' dir='ltr'>igitur?</span> <span class='ocrx_word' id='word_1_725' title='bbox 2225 2586 2291 2626; x_wconf 81' lang='lat' dir='ltr'>An</span> <span class='ocrx_word' id='word_1_726' title='bbox 2315 2592 2399 2627; x_wconf 92' lang='lat' dir='ltr'>tota</span> <span class='ocrx_word' id='word_1_727' title='bbox 2430 2584 2604 2627; x_wconf 92' lang='lat' dir='ltr'>Diodori</span> <span class='ocrx_word' id='word_1_728' title='bbox 2636 2585 2690 2629; x_wconf 90' lang='lat' dir='ltr'>de</span> 
     </span>
     <span class='ocr_line' id='line_1_93' title="bbox 1447 2643 2690 2691; baseline 0.005 -6"><span class='ocrx_word' id='word_1_729' title='bbox 1447 2643 1695 2686; x_wconf 86' lang='lat' dir='ltr'>chersoneso</span> <span class='ocrx_word' id='word_1_730' title='bbox 1731 2652 1772 2685; x_wconf 89' lang='lat' dir='ltr'>et</span> <span class='ocrx_word' id='word_1_731' title='bbox 1810 2643 2067 2686; x_wconf 89' lang='lat' dir='ltr'>Charmutha</span> <span class='ocrx_word' id='word_1_732' title='bbox 2115 2646 2297 2687; x_wconf 86' lang='lat' dir='ltr'>narratio</span> <span class='ocrx_word' id='word_1_733' title='bbox 2350 2644 2403 2687; x_wconf 86' lang='lat' dir='ltr'>nd</span> <span class='ocrx_word' id='word_1_734' title='bbox 2443 2646 2532 2689; x_wconf 78' lang='lat' dir='ltr'>loca</span> <span class='ocrx_word' id='word_1_735' title='bbox 2580 2649 2690 2691; x_wconf 84' lang='lat' dir='ltr'>circa</span> 
     </span>
     <span class='ocr_line' id='line_1_94' title="bbox 1449 2701 2687 2756; baseline 0.005 -10"><span class='ocrx_word' id='word_1_736' title='bbox 1449 2705 1583 2747; x_wconf 83' lang='lat' dir='ltr'>Ianbo</span> <span class='ocrx_word' id='word_1_737' title='bbox 1597 2706 1675 2747; x_wconf 87' lang='lat' dir='ltr'>sita</span> <span class='ocrx_word' id='word_1_738' title='bbox 1693 2704 1978 2747; x_wconf 73' lang='lat' dir='ltr'>transferenda</span> <span class='ocrx_word' id='word_1_739' title='bbox 1999 2714 2060 2746; x_wconf 89' lang='lat' dir='ltr'>est</span> <span class='ocrx_word' id='word_1_740' title='bbox 2073 2735 2085 2756; x_wconf 89' lang='lat'>,</span> <span class='ocrx_word' id='word_1_741' title='bbox 2112 2706 2167 2747; x_wconf 87' lang='lat' dir='ltr'>ita</span> <span class='ocrx_word' id='word_1_742' title='bbox 2185 2714 2231 2746; x_wconf 90' lang='lat' dir='ltr'>ut</span> <span class='ocrx_word' id='word_1_743' title='bbox 2253 2701 2498 2749; x_wconf 80' lang='lat' dir='ltr'>Chersonesi</span> <span class='ocrx_word' id='word_1_744' title='bbox 2518 2710 2687 2753; x_wconf 90' lang='lat' dir='ltr'>nomine</span> 
     </span>
     <span class='ocr_line' id='line_1_95' title="bbox 1449 2765 2686 2825; baseline 0.006 -19"><span class='ocrx_word' id='word_1_745' title='bbox 1449 2766 1635 2821; x_wconf 88' lang='lat' dir='ltr'>signetur</span> <span class='ocrx_word' id='word_1_746' title='bbox 1660 2770 1744 2823; x_wconf 84' lang='lat' dir='ltr'>Cap</span> <span class='ocrx_word' id='word_1_747' title='bbox 1766 2765 2139 2807; x_wconf 65' lang='lat' dir='ltr'>Beridi?‹Minime</span> <span class='ocrx_word' id='word_1_748' title='bbox 2157 2797 2168 2816; x_wconf 91' lang='lat'>,</span> <span class='ocrx_word' id='word_1_749' title='bbox 2190 2767 2352 2822; x_wconf 87' lang='lat' dir='ltr'>opinor.</span> <span class='ocrx_word' id='word_1_750' title='bbox 2375 2768 2479 2810; x_wconf 88' lang='lat' dir='ltr'>Nam</span> <span class='ocrx_word' id='word_1_751' title='bbox 2503 2771 2686 2825; x_wconf 89' lang='lat' dir='ltr'>primum</span> 
     </span>
     <span class='ocr_line' id='line_1_96' title="bbox 1449 2823 2685 2884; baseline 0.004 -14"><span class='ocrx_word' id='word_1_752' title='bbox 1449 2843 1602 2870; x_wconf 91' lang='lat' dir='ltr'>nomen</span> <span class='ocrx_word' id='word_1_753' title='bbox 1623 2827 1849 2884; x_wconf 81' lang='grc' dir='ltr'>Χαρμουθὰς</span> <span class='ocrx_word' id='word_1_754' title='bbox 1877 2826 1930 2869; x_wconf 90' lang='lat' dir='ltr'>ad</span> <span class='ocrx_word' id='word_1_755' title='bbox 1950 2826 2052 2869; x_wconf 83' lang='lat' dir='ltr'>hod.</span> <span class='ocrx_word' id='word_1_756' title='bbox 2073 2827 2182 2871; x_wconf 75' lang='lat' dir='ltr'>Mad</span> <span class='ocrx_word' id='word_1_757' title='bbox 2198 2828 2375 2871; x_wconf 83' lang='lat' dir='ltr'>refertur</span> <span class='ocrx_word' id='word_1_758' title='bbox 2395 2823 2599 2883; x_wconf 83' lang='lat' dir='ltr'>facillime,</span> <span class='ocrx_word' id='word_1_759' title='bbox 2622 2848 2685 2875; x_wconf 89' lang='lat' dir='ltr'>se·</span> 
     </span>
     <span class='ocr_line' id='line_1_97' title="bbox 1450 2888 2688 2946; baseline 0.006 -15"><span class='ocrx_word' id='word_1_760' title='bbox 1450 2891 1613 2946; x_wconf 80' lang='lat' dir='ltr'>riesque</span> <span class='ocrx_word' id='word_1_761' title='bbox 1646 2890 1893 2932; x_wconf 85' lang='lat' dir='ltr'>narrationis</span> <span class='ocrx_word' id='word_1_762' title='bbox 1920 2888 2138 2932; x_wconf 78' lang='lat' dir='ltr'>Diodoreoe</span> <span class='ocrx_word' id='word_1_763' title='bbox 2170 2889 2287 2933; x_wconf 89' lang='lat' dir='ltr'>ducit</span> <span class='ocrx_word' id='word_1_764' title='bbox 2325 2891 2497 2943; x_wconf 88' lang='lat' dir='ltr'>eodem;</span> <span class='ocrx_word' id='word_1_765' title='bbox 2536 2892 2688 2938; x_wconf 88' lang='lat' dir='ltr'>deinde</span> 
     </span>
     <span class='ocr_line' id='line_1_98' title="bbox 1450 2951 2782 3008; baseline 0.002 -14"><span class='ocrx_word' id='word_1_766' title='bbox 1450 2952 1699 2995; x_wconf 89' lang='lat' dir='ltr'>hodiernum</span> <span class='ocrx_word' id='word_1_767' title='bbox 1714 2952 1847 2994; x_wconf 83' lang='lat' dir='ltr'>Ianbo</span> <span class='ocrx_word' id='word_1_768' title='bbox 1859 2952 1939 2994; x_wconf 88' lang='lat' dir='ltr'>hoc</span> <span class='ocrx_word' id='word_1_769' title='bbox 1957 2951 2062 3008; x_wconf 89' lang='lat' dir='ltr'>ipso,</span> <span class='ocrx_word' id='word_1_770' title='bbox 2077 2966 2161 2997; x_wconf 89' lang='lat' dir='ltr'>non</span> <span class='ocrx_word' id='word_1_771' title='bbox 2180 2953 2260 2995; x_wconf 85' lang='lat' dir='ltr'>alio</span> <span class='ocrx_word' id='word_1_772' title='bbox 2273 2956 2441 2997; x_wconf 90' lang='lat' dir='ltr'>nomine</span> <span class='ocrx_word' id='word_1_773' title='bbox 2453 2966 2689 3001; x_wconf 83' lang='lat' dir='ltr'>recensetur</span> <span class='ocrx_word' id='word_1_774' title='bbox 2774 2990 2782 2997; x_wconf 80' lang='lat'>.</span> 
     </span>
     <span class='ocr_line' id='line_1_99' title="bbox 1449 3015 2782 3074; baseline 0.005 -18"><span class='ocrx_word' id='word_1_775' title='bbox 1449 3030 1471 3056; x_wconf 93' lang='lat' dir='ltr'>a</span> <span class='ocrx_word' id='word_1_776' title='bbox 1490 3015 1733 3067; x_wconf 75' lang='lat' dir='ltr'>Ptolemae03</span> <span class='ocrx_word' id='word_1_777' title='bbox 1755 3023 1843 3057; x_wconf 92' lang='lat' dir='ltr'>tum</span> <span class='ocrx_word' id='word_1_778' title='bbox 1864 3029 1962 3056; x_wconf 84' lang='lat' dir='ltr'>vero</span> <span class='ocrx_word' id='word_1_779' title='bbox 1983 3015 2055 3070; x_wconf 90' lang='lat' dir='ltr'>qui</span> <span class='ocrx_word' id='word_1_780' title='bbox 2073 3024 2303 3071; x_wconf 89' lang='lat' dir='ltr'>sequuntur</span> <span class='ocrx_word' id='word_1_781' title='bbox 2324 3017 2434 3074; x_wconf 87' lang='lat' dir='ltr'>apud</span> <span class='ocrx_word' id='word_1_782' title='bbox 2455 3018 2686 3063; x_wconf 88' lang='lat' dir='ltr'>Diodorum</span> <span class='ocrx_word' id='word_1_783' title='bbox 2778 3016 2782 3026; x_wconf 85' lang='grc'><strong>’</strong></span> 
     </span>
     <span class='ocr_line' id='line_1_100' title="bbox 1450 3078 2684 3136; baseline 0.005 -17"><span class='ocrx_word' id='word_1_784' title='bbox 1450 3086 1542 3133; x_wconf 88' lang='lat' dir='ltr'>post</span> <span class='ocrx_word' id='word_1_785' title='bbox 1564 3078 1860 3121; x_wconf 84' lang='lat' dir='ltr'>Charmutham</span> <span class='ocrx_word' id='word_1_786' title='bbox 1892 3078 2097 3119; x_wconf 89' lang='lat' dir='ltr'>montium</span> <span class='ocrx_word' id='word_1_787' title='bbox 2121 3079 2292 3121; x_wconf 82' lang='lat' dir='ltr'>vertices</span> <span class='ocrx_word' id='word_1_788' title='bbox 2320 3080 2605 3136; x_wconf 82' lang='lat' dir='ltr'>pyramidibus</span> <span class='ocrx_word' id='word_1_789' title='bbox 2627 3085 2684 3126; x_wconf 89' lang='lat' dir='ltr'>si-</span> 
     </span>
     <span class='ocr_line' id='line_1_101' title="bbox 1450 3139 2683 3199; baseline 0.006 -18"><span class='ocrx_word' id='word_1_790' title='bbox 1450 3140 1565 3182; x_wconf 87' lang='lat' dir='ltr'>miles</span> <span class='ocrx_word' id='word_1_791' title='bbox 1586 3150 1726 3197; x_wconf 88' lang='lat' dir='ltr'>aperte</span> <span class='ocrx_word' id='word_1_792' title='bbox 1759 3142 1966 3198; x_wconf 88' lang='lat' dir='ltr'>pertinent</span> <span class='ocrx_word' id='word_1_793' title='bbox 1991 3139 2043 3182; x_wconf 91' lang='lat' dir='ltr'>ad</span> <span class='ocrx_word' id='word_1_794' title='bbox 2083 3141 2227 3196; x_wconf 84' lang='lat' dir='ltr'>Djebel</span> <span class='ocrx_word' id='word_1_795' title='bbox 2256 3142 2389 3195; x_wconf 70' lang='lat' dir='ltr'>Nube,</span> <span class='ocrx_word' id='word_1_796' title='bbox 2413 3145 2484 3199; x_wconf 92' lang='lat' dir='ltr'>qui</span> <span class='ocrx_word' id='word_1_797' title='bbox 2523 3145 2683 3189; x_wconf 87' lang='lat' dir='ltr'>medius</span> 
     </span>
     <span class='ocr_line' id='line_1_102' title="bbox 1450 3202 2689 3264; baseline 0.006 -21"><span class='ocrx_word' id='word_1_798' title='bbox 1450 3204 1551 3245; x_wconf 84' lang='lat' dir='ltr'>situs</span> <span class='ocrx_word' id='word_1_799' title='bbox 1574 3211 1635 3244; x_wconf 89' lang='lat' dir='ltr'>est</span> <span class='ocrx_word' id='word_1_800' title='bbox 1654 3204 1762 3245; x_wconf 92' lang='lat' dir='ltr'>inter</span> <span class='ocrx_word' id='word_1_801' title='bbox 1787 3202 2005 3245; x_wconf 75' lang='lat' dir='ltr'>Abu-mad</span> <span class='ocrx_word' id='word_1_802' title='bbox 2024 3211 2064 3244; x_wconf 90' lang='lat' dir='ltr'>et</span> <span class='ocrx_word' id='word_1_803' title='bbox 2094 3204 2225 3245; x_wconf 76' lang='lat' dir='ltr'>lauba</span> <span class='ocrx_word' id='word_1_804' title='bbox 2239 3237 2250 3254; x_wconf 98' lang='lat'>,</span> <span class='ocrx_word' id='word_1_805' title='bbox 2278 3204 2382 3247; x_wconf 88' lang='lat' dir='ltr'>adeo</span> <span class='ocrx_word' id='word_1_806' title='bbox 2402 3215 2447 3248; x_wconf 92' lang='lat' dir='ltr'>ut</span> <span class='ocrx_word' id='word_1_807' title='bbox 2465 3206 2689 3264; x_wconf 80' lang='grc' dir='ltr'>Χαρμουῠὰς</span> 
     </span>
     <span class='ocr_line' id='line_1_103' title="bbox 1449 3263 2688 3320; baseline 0.006 -14"><span class='ocrx_word' id='word_1_808' title='bbox 1449 3279 1472 3306; x_wconf 88' lang='lat' dir='ltr'>a</span> <span class='ocrx_word' id='word_1_809' title='bbox 1494 3264 1621 3307; x_wconf 90' lang='lat' dir='ltr'>borea</span> <span class='ocrx_word' id='word_1_810' title='bbox 1639 3263 1761 3320; x_wconf 88' lang='lat' dir='ltr'>hujus</span> <span class='ocrx_word' id='word_1_811' title='bbox 1781 3266 1954 3315; x_wconf 88' lang='lat' dir='ltr'>montis,</span> <span class='ocrx_word' id='word_1_812' title='bbox 1975 3279 2059 3307; x_wconf 91' lang='lat' dir='ltr'>non</span> <span class='ocrx_word' id='word_1_813' title='bbox 2076 3279 2173 3307; x_wconf 78' lang='lat' dir='ltr'>vero</span> <span class='ocrx_word' id='word_1_814' title='bbox 2191 3281 2214 3307; x_wconf 88' lang='lat' dir='ltr'>a</span> <span class='ocrx_word' id='word_1_815' title='bbox 2231 3267 2403 3310; x_wconf 84' lang='lat' dir='ltr'>meridie</span> <span class='ocrx_word' id='word_1_816' title='bbox 2424 3269 2688 3315; x_wconf 82' lang='lat' dir='ltr'>collocandus</span> 
     </span>
     <span class='ocr_line' id='line_1_104' title="bbox 1449 3327 2688 3390; baseline 0.008 -22"><span class='ocrx_word' id='word_1_817' title='bbox 1449 3327 1516 3372; x_wconf 88' lang='lat' dir='ltr'>sit.</span> <span class='ocrx_word' id='word_1_818' title='bbox 1541 3329 1645 3382; x_wconf 82' lang='lat' dir='ltr'>Quae</span> <span class='ocrx_word' id='word_1_819' title='bbox 1669 3341 1798 3383; x_wconf 89' lang='lat' dir='ltr'>quum</span> <span class='ocrx_word' id='word_1_820' title='bbox 1826 3329 1881 3369; x_wconf 88' lang='lat' dir='ltr'>ita</span> <span class='ocrx_word' id='word_1_821' title='bbox 1910 3327 2103 3380; x_wconf 82' lang='lat' dir='ltr'>babeant,</span> <span class='ocrx_word' id='word_1_822' title='bbox 2126 3330 2469 3384; x_wconf 79' lang='lat' dir='ltr'>Agatharcliidem</span> <span class='ocrx_word' id='word_1_823' title='bbox 2499 3342 2601 3390; x_wconf 88' lang='lat' dir='ltr'>puto</span> <span class='ocrx_word' id='word_1_824' title='bbox 2625 3334 2688 3379; x_wconf 87' lang='lat' dir='ltr'>di·</span> 
     </span>
     <span class='ocr_line' id='line_1_105' title="bbox 1451 3389 2743 3454; baseline 0.009 -24"><span class='ocrx_word' id='word_1_825' title='bbox 1451 3403 1565 3432; x_wconf 83' lang='lat' dir='ltr'>versa</span> <span class='ocrx_word' id='word_1_826' title='bbox 1597 3390 1832 3441; x_wconf 83' lang='lat' dir='ltr'>miscuisse,</span> <span class='ocrx_word' id='word_1_827' title='bbox 1866 3398 1907 3432; x_wconf 90' lang='lat' dir='ltr'>et</span> <span class='ocrx_word' id='word_1_828' title='bbox 1939 3405 2031 3446; x_wconf 77' lang='lat' dir='ltr'>qua:</span> <span class='ocrx_word' id='word_1_829' title='bbox 2056 3389 2109 3433; x_wconf 88' lang='lat' dir='ltr'>de</span> <span class='ocrx_word' id='word_1_830' title='bbox 2143 3392 2273 3435; x_wconf 87' lang='lat' dir='ltr'>Ianbo</span> <span class='ocrx_word' id='word_1_831' title='bbox 2294 3403 2418 3450; x_wconf 89' lang='lat' dir='ltr'>portu</span> <span class='ocrx_word' id='word_1_832' title='bbox 2449 3406 2686 3454; x_wconf 85' lang='lat' dir='ltr'>acceperat,</span> <span class='ocrx_word' id='word_1_833' title='bbox 2737 3419 2743 3430; x_wconf 62' lang='grc' dir='ltr'><strong>ν</strong></span> 
     </span>
    </p>
   </div>
   <div class='ocr_carea' id='block_1_15' title="bbox 1449 3450 2782 4079">
    <p class='ocr_par' dir='ltr' id='par_1_15' title="bbox 1449 3450 2782 4079">
     <span class='ocr_line' id='line_1_106' title="bbox 1449 3450 2748 3512; baseline 0.009 -21"><span class='ocrx_word' id='word_1_834' title='bbox 1449 3465 1664 3508; x_wconf 86' lang='lat' dir='ltr'>perperam</span> <span class='ocrx_word' id='word_1_835' title='bbox 1682 3450 1734 3493; x_wconf 88' lang='lat' dir='ltr'>ad</span> <span class='ocrx_word' id='word_1_836' title='bbox 1751 3460 1917 3508; x_wconf 90' lang='lat' dir='ltr'>portum</span> <span class='ocrx_word' id='word_1_837' title='bbox 1938 3453 2009 3509; x_wconf 89' lang='lat' dir='ltr'>qui</span> <span class='ocrx_word' id='word_1_838' title='bbox 2026 3461 2086 3495; x_wconf 89' lang='lat' dir='ltr'>est</span> <span class='ocrx_word' id='word_1_839' title='bbox 2104 3467 2234 3511; x_wconf 90' lang='lat' dir='ltr'>prope</span> <span class='ocrx_word' id='word_1_840' title='bbox 2252 3456 2361 3499; x_wconf 70' lang='lat' dir='ltr'>Mad</span> <span class='ocrx_word' id='word_1_841' title='bbox 2376 3458 2685 3512; x_wconf 66' lang='lat' dir='ltr'>chersonesum,</span> <span class='ocrx_word' id='word_1_842' title='bbox 2746 3474 2748 3479; x_wconf 91' lang='lat'><em>·</em></span> 
     </span>
     <span class='ocr_line' id='line_1_107' title="bbox 1451 3513 2746 3579; baseline 0.005 -24"><span class='ocrx_word' id='word_1_843' title='bbox 1451 3513 1717 3556; x_wconf 83' lang='lat' dir='ltr'>transtulisse.</span> <span class='ocrx_word' id='word_1_844' title='bbox 1742 3516 1936 3571; x_wconf 78' lang='lat' dir='ltr'>Superest</span> <span class='ocrx_word' id='word_1_845' title='bbox 1957 3523 2004 3557; x_wconf 89' lang='lat' dir='ltr'>ut</span> <span class='ocrx_word' id='word_1_846' title='bbox 2035 3516 2271 3559; x_wconf 82' lang='lat' dir='ltr'>conseratur</span> <span class='ocrx_word' id='word_1_847' title='bbox 2309 3519 2575 3574; x_wconf 79' lang='lat' dir='ltr'>Ptolemoeus,</span> <span class='ocrx_word' id='word_1_848' title='bbox 2612 3522 2684 3579; x_wconf 87' lang='lat' dir='ltr'>qui</span> <span class='ocrx_word' id='word_1_849' title='bbox 2744 3558 2746 3562; x_wconf 83' lang='lat'><em>.</em></span> 
     </span>
     <span class='ocr_line' id='line_1_108' title="bbox 1449 3577 2741 3638; baseline 0.008 -20"><span class='ocrx_word' id='word_1_850' title='bbox 1449 3579 1687 3633; x_wconf 75' lang='grc' dir='ltr'>χερσόνησον</span> <span class='ocrx_word' id='word_1_851' title='bbox 1733 3579 1773 3619; x_wconf 92' lang='lat' dir='ltr'>in</span> <span class='ocrx_word' id='word_1_852' title='bbox 1809 3592 1938 3634; x_wconf 90' lang='lat' dir='ltr'>eaque</span> <span class='ocrx_word' id='word_1_853' title='bbox 1978 3577 2189 3622; x_wconf 80' lang='grc' dir='ltr'>Ῥαυνάθου</span> <span class='ocrx_word' id='word_1_854' title='bbox 2228 3582 2364 3638; x_wconf 79' lang='grc' dir='ltr'>κώμην</span> <span class='ocrx_word' id='word_1_855' title='bbox 2405 3583 2576 3626; x_wconf 85' lang='lat' dir='ltr'>collocat</span> <span class='ocrx_word' id='word_1_856' title='bbox 2610 3584 2687 3627; x_wconf 84' lang='lat' dir='ltr'>sub</span> <span class='ocrx_word' id='word_1_857' title='bbox 2740 3622 2741 3628; x_wconf 71' lang='grc'>,</span> 
     </span>
     <span class='ocr_line' id='line_1_109' title="bbox 1450 3643 2782 3705; baseline 0.004 -20"><span class='ocrx_word' id='word_1_858' title='bbox 1450 3644 1522 3685; x_wconf 80' lang='lat'>25·</span> <span class='ocrx_word' id='word_1_859' title='bbox 1542 3643 1610 3694; x_wconf 67' lang='grc' dir='ltr'>[ω’</span> <span class='ocrx_word' id='word_1_860' title='bbox 1630 3644 1718 3696; x_wconf 64' lang='lat' dir='ltr'>lat„</span> <span class='ocrx_word' id='word_1_861' title='bbox 1742 3644 1846 3687; x_wconf 85' lang='lat' dir='ltr'>adeo</span> <span class='ocrx_word' id='word_1_862' title='bbox 1865 3654 1911 3686; x_wconf 91' lang='lat' dir='ltr'>ut</span> <span class='ocrx_word' id='word_1_863' title='bbox 1944 3644 2031 3688; x_wconf 70' lang='lat' dir='ltr'>haec</span> <span class='ocrx_word' id='word_1_864' title='bbox 2049 3645 2263 3690; x_wconf 78' lang='lat' dir='ltr'>reserenda</span> <span class='ocrx_word' id='word_1_865' title='bbox 2286 3649 2368 3691; x_wconf 87' lang='lat' dir='ltr'>sint</span> <span class='ocrx_word' id='word_1_866' title='bbox 2396 3648 2448 3691; x_wconf 90' lang='lat' dir='ltr'>ad</span> <span class='ocrx_word' id='word_1_867' title='bbox 2479 3651 2686 3705; x_wconf 85' lang='lat' dir='ltr'>regionem</span> <span class='ocrx_word' id='word_1_868' title='bbox 2733 3646 2782 3699; x_wconf 38' lang='lat'>3¹</span> 
     </span>
     <span class='ocr_line' id='line_1_110' title="bbox 1449 3692 2763 3766; baseline 0.008 -19"><span class='ocrx_word' id='word_1_869' title='bbox 1449 3705 1558 3748; x_wconf 78' lang='lat' dir='ltr'>cinca</span> <span class='ocrx_word' id='word_1_870' title='bbox 1581 3709 1660 3749; x_wconf 80' lang='lat' dir='ltr'>Bas</span> <span class='ocrx_word' id='word_1_871' title='bbox 1682 3707 1962 3759; x_wconf 78' lang='lat' dir='ltr'>Glearkumale,</span> <span class='ocrx_word' id='word_1_872' title='bbox 1984 3708 2098 3765; x_wconf 89' lang='lat' dir='ltr'>quod</span> <span class='ocrx_word' id='word_1_873' title='bbox 2123 3724 2147 3751; x_wconf 90' lang='lat' dir='ltr'>a</span> <span class='ocrx_word' id='word_1_874' title='bbox 2165 3709 2291 3753; x_wconf 90' lang='lat' dir='ltr'>horea</span> <span class='ocrx_word' id='word_1_875' title='bbox 2306 3712 2443 3755; x_wconf 86' lang='lat' dir='ltr'>sinum</span> <span class='ocrx_word' id='word_1_876' title='bbox 2462 3712 2686 3766; x_wconf 79' lang='lat' dir='ltr'>insularum</span> <span class='ocrx_word' id='word_1_877' title='bbox 2736 3692 2763 3762; x_wconf 50' lang='grc' dir='ltr'>’,ἕ</span> 
     </span>
     <span class='ocr_line' id='line_1_111' title="bbox 1451 3769 2768 3842; baseline 0.006 -32"><span class='ocrx_word' id='word_1_878' title='bbox 1451 3771 1659 3820; x_wconf 88' lang='lat' dir='ltr'>terminat,</span> <span class='ocrx_word' id='word_1_879' title='bbox 1688 3770 1789 3812; x_wconf 89' lang='lat' dir='ltr'>dum</span> <span class='ocrx_word' id='word_1_880' title='bbox 1831 3771 2146 3826; x_wconf 77' lang='lat' dir='ltr'>Agatharchidis</span> <span class='ocrx_word' id='word_1_881' title='bbox 2175 3773 2443 3816; x_wconf 84' lang='lat' dir='ltr'>chersonesus</span> <span class='ocrx_word' id='word_1_882' title='bbox 2469 3789 2494 3817; x_wconf 88' lang='lat' dir='ltr'>a</span> <span class='ocrx_word' id='word_1_883' title='bbox 2516 3773 2688 3817; x_wconf 81' lang='lat' dir='ltr'>meridie</span> <span class='ocrx_word' id='word_1_884' title='bbox 2732 3769 2768 3842; x_wconf 57' lang='grc' dir='ltr'>ᾗ·</span> 
     </span>
     <span class='ocr_line' id='line_1_112' title="bbox 1450 3833 2775 3895; baseline 0.004 -21"><span class='ocrx_word' id='word_1_885' title='bbox 1450 3833 1564 3874; x_wconf 86' lang='lat' dir='ltr'>sinus</span> <span class='ocrx_word' id='word_1_886' title='bbox 1586 3834 1652 3874; x_wconf 87' lang='lat' dir='ltr'>sit.</span> <span class='ocrx_word' id='word_1_887' title='bbox 1678 3834 1758 3875; x_wconf 86' lang='lat' dir='ltr'>Sed</span> <span class='ocrx_word' id='word_1_888' title='bbox 1778 3833 2042 3881; x_wconf 84' lang='lat' dir='ltr'>vehementer</span> <span class='ocrx_word' id='word_1_889' title='bbox 2064 3850 2209 3878; x_wconf 73' lang='lat' dir='ltr'>vereor</span> <span class='ocrx_word' id='word_1_890' title='bbox 2230 3850 2282 3878; x_wconf 91' lang='lat' dir='ltr'>ne</span> <span class='ocrx_word' id='word_1_891' title='bbox 2297 3837 2573 3888; x_wconf 67' lang='lat' dir='ltr'>extremitates</span> <span class='ocrx_word' id='word_1_892' title='bbox 2593 3836 2687 3879; x_wconf 68' lang='lat' dir='ltr'>istus</span> <span class='ocrx_word' id='word_1_893' title='bbox 2698 3847 2775 3895; x_wconf 41' lang='grc' dir='ltr'>ᾖ,</span> 
     </span>
     <span class='ocr_line' id='line_1_113' title="bbox 1450 3894 2762 3949; baseline 0.004 -13"><span class='ocrx_word' id='word_1_894' title='bbox 1450 3894 1564 3936; x_wconf 86' lang='lat' dir='ltr'>sinus</span> <span class='ocrx_word' id='word_1_895' title='bbox 1607 3895 1848 3938; x_wconf 71' lang='lat' dir='ltr'>Ptolemaeus</span> <span class='ocrx_word' id='word_1_896' title='bbox 1887 3896 2148 3949; x_wconf 76' lang='lat' dir='ltr'>consuderit3</span> <span class='ocrx_word' id='word_1_897' title='bbox 2189 3907 2298 3940; x_wconf 89' lang='lat' dir='ltr'>certe</span> <span class='ocrx_word' id='word_1_898' title='bbox 2335 3913 2486 3941; x_wconf 90' lang='lat' dir='ltr'>nomen</span> <span class='ocrx_word' id='word_1_899' title='bbox 2522 3898 2685 3941; x_wconf 58' lang='lat' dir='ltr'>cherso-</span> <span class='ocrx_word' id='word_1_900' title='bbox 2725 3903 2762 3927; x_wconf 65' lang='lat'>·*&#39;</span> 
     </span>
     <span class='ocr_line' id='line_1_114' title="bbox 1450 3957 2768 4013; baseline 0.002 -15"><span class='ocrx_word' id='word_1_901' title='bbox 1450 3959 1534 3999; x_wconf 88' lang='lat' dir='ltr'>nesi</span> <span class='ocrx_word' id='word_1_902' title='bbox 1560 3959 1600 3999; x_wconf 93' lang='lat' dir='ltr'>in</span> <span class='ocrx_word' id='word_1_903' title='bbox 1617 3960 1825 4013; x_wconf 82' lang='lat' dir='ltr'>regionem</span> <span class='ocrx_word' id='word_1_904' title='bbox 1844 3959 2050 4002; x_wconf 73' lang='lat' dir='ltr'>Ptolemaei</span> <span class='ocrx_word' id='word_1_905' title='bbox 2070 3961 2254 4002; x_wconf 90' lang='lat' dir='ltr'>numeris</span> <span class='ocrx_word' id='word_1_906' title='bbox 2274 3960 2492 4002; x_wconf 85' lang='lat' dir='ltr'>indicatam</span> <span class='ocrx_word' id='word_1_907' title='bbox 2514 3957 2684 4002; x_wconf 85' lang='lat' dir='ltr'>omnino</span> <span class='ocrx_word' id='word_1_908' title='bbox 2764 3980 2768 3986; x_wconf 65' lang='grc'><em>»</em></span> 
     </span>
     <span class='ocr_line' id='line_1_115' title="bbox 1450 4018 2680 4079; baseline -0.002 -17"><span class='ocrx_word' id='word_1_909' title='bbox 1450 4035 1533 4062; x_wconf 88' lang='lat' dir='ltr'>non</span> <span class='ocrx_word' id='word_1_910' title='bbox 1550 4019 1674 4061; x_wconf 82' lang='lat' dir='ltr'>cadit.</span> <span class='ocrx_word' id='word_1_911' title='bbox 1694 4023 1892 4063; x_wconf 68' lang='lat' dir='ltr'>Prxetcrea</span> <span class='ocrx_word' id='word_1_912' title='bbox 1908 4022 2078 4064; x_wconf 87' lang='lat' dir='ltr'>nomina</span> <span class='ocrx_word' id='word_1_913' title='bbox 2097 4021 2323 4079; x_wconf 78' lang='grc' dir='ltr'>Χαρμουθὰς</span> <span class='ocrx_word' id='word_1_914' title='bbox 2340 4030 2381 4063; x_wconf 80' lang='lat' dir='ltr'>et</span> <span class='ocrx_word' id='word_1_915' title='bbox 2402 4019 2608 4062; x_wconf 78' lang='grc' dir='ltr'>Ἰἀννάθου</span> <span class='ocrx_word' id='word_1_916' title='bbox 2628 4018 2680 4061; x_wconf 80' lang='lat' dir='ltr'>nd</span> 
     </span>
    </p>
   </div>
   <div class='ocr_carea' id='block_1_16' title="bbox 1449 4083 2680 4127">
    <p class='ocr_par' dir='ltr' id='par_1_16' title="bbox 1449 4083 2680 4127">
     <span class='ocr_line' id='line_1_116' title="bbox 1449 4083 2680 4127; baseline -0.002 -3"><span class='ocrx_word' id='word_1_917' title='bbox 1449 4083 1625 4125; x_wconf 89' lang='lat' dir='ltr'>cundem</span> <span class='ocrx_word' id='word_1_918' title='bbox 1651 4084 1784 4125; x_wconf 88' lang='lat' dir='ltr'>locum</span> <span class='ocrx_word' id='word_1_919' title='bbox 1806 4083 2019 4126; x_wconf 83' lang='lat' dir='ltr'>reserenda</span> <span class='ocrx_word' id='word_1_920' title='bbox 2038 4099 2124 4126; x_wconf 88' lang='lat' dir='ltr'>esse</span> <span class='ocrx_word' id='word_1_921' title='bbox 2149 4086 2190 4126; x_wconf 92' lang='lat' dir='ltr'>in</span> <span class='ocrx_word' id='word_1_922' title='bbox 2211 4093 2319 4127; x_wconf 85' lang='lat' dir='ltr'>tanta</span> <span class='ocrx_word' id='word_1_923' title='bbox 2343 4084 2555 4125; x_wconf 87' lang='lat' dir='ltr'>nominum</span> <span class='ocrx_word' id='word_1_924' title='bbox 2579 4083 2680 4123; x_wconf 71' lang='lat' dir='ltr'>Arn-</span> 
     </span>
    </p>
   </div>
   <div class='ocr_carea' id='block_1_17' title="bbox 2731 3100 2782 3681">
    <p class='ocr_par' dir='ltr' id='par_1_17' title="bbox 2731 3100 2782 3681">
     <span class='ocr_line' id='line_1_117' title="bbox 2731 3100 2782 3681; baseline 0 667"><span class='ocrx_word' id='word_1_925' title='bbox 2731 3100 2782 3681; x_wconf 95' lang='lat' dir='ltr'> </span> 
     </span>
    </p>
   </div>
  </div>
 </body>
</html>
