2808 4342
627 91 823 162 0‘¹

172 207 262 248 840

168 301 215 351 δὲ
237 299 444 363 ἅνθρωποι
463 259 662 349 σῶδνται
681 288 1006 347 ἅπονηξάμενοι,
1025 283 1087 329 ὅτι
1108 284 1153 328 οὔ
1170 281 1314 343 πόρρω
1332 282 1406 336 τῆς

167 366 424 433 γῆςδπλόος
442 364 611 426 ἐγίνετο.
678 362 727 420 (ι)
754 356 877 418 Ἀμφὶ
903 353 947 399 δὲ
972 351 1104 413 μέσας
1132 350 1281 402 νύκτας
1303 352 1405 394 ἀνα·

170 437 338 502 χθέντες
355 433 563 480 πλώουσιν
586 429 677 475 ἔστε
700 425 767 472 ἐπὶ
783 422 984 479 Κώκαλα,
1009 417 1076 485 [ἃ]
1098 422 1169 466 τοῦ
1193 418 1407 479 αἰγιαλοῦ,

170 505 283 552 ἔνθα
308 500 587 566 ὡρμήθησαν,
612 495 760 556 ἀπεῖχε
784 490 984 552 σταδίους,
993 487 1239 546 διηκοσίους·
1269 485 1343 533 καὶ
1363 487 1407 532 αἱ

126 593 147 623 s
170 572 245 635 μὶν
273 571 359 623 νέες
378 566 624 616 σαλεύουσαι
645 561 835 623 ὥρμεον,
858 557 913 605 τὰ
936 558 1203 621 πληρώματα
1226 553 1270 603 δὲ
1293 553 1407 602 ἕκὸι·

170 639 304 693 ὅᾶσας
322 638 509 698 Νέαρχος
527 631 628 693 πρὸς
644 633 696 692 τῇ
714 633 769 692 γῇ
788 628 963 685 ηὖλίσθη
976 664 989 685 ,
1002 626 1072 687 ὅτι
1087 626 1158 673 ἐπὶ
1176 624 1327 672 πολλὸν
1342 642 1406 709 τε·

169 702 606 766 ταλαιπωρηκότες,ἐν
642 702 696 762 τῇ
735 697 926 760 θαλάσσῃ
950 695 1273 743 ἀναπαύσασθαι
1305 697 1406 740 ἐπὀ-

169 782 272 824 θεον·
293 770 570 835 στρατόπεδον
608 767 650 814 δὲ
674 766 946 831 περιεὸάλετο
974 769 1056 813 τῶν
1083 764 1306 829 βαρὸάρων
1334 768 1408 821 τῆς

168 845 351 908 φυλακῆς
374 839 509 887 ἕνεκα.
579 836 630 899 (5)
651 837 725 884 Ἔν
758 836 892 901 τούτῳ
910 838 971 898 τῷ
1000 835 1128 899 χώρῳ
1151 834 1374 887 Λεοννάτος
1393 869 1406 894 ,

109 932 146 962 10
168 912 250 974 ὅτῳ
273 910 324 956 τὰ
345 906 570 971 Ὠρειτέων
600 906 641 960 ἐξ
676 905 942 969 Ἀλεξάνδρου
966 905 1267 968 ἐπετέτραπτο,
1289 903 1407 966 μάχῃ

169 979 329 1042 μεγάλῃ
352 984 447 1041 νικᾷ
467 975 663 1039 Ὠρείτας
677 994 722 1021 τε
738 974 810 1021 καὶ
833 973 922 1021 ὅσοι
939 973 1152 1037 Ὠρείτῃσι
1175 970 1409 1019 συνεπέλα-

170 1050 242 1097 ὅον
263 1054 338 1096 τοῦ
364 1048 499 1112 ἔργου·
536 1045 609 1092 καὶ
638 1045 787 1092 κτείνει
819 1046 953 1091 αὐτῶν
992 1041 1315 1105 ἑξακισχιλίους,
1338 1041 1411 1089 καὶ

170 1119 261 1172 τοὺς
292 1117 499 1179 ἡγεμόνας
529 1115 704 1169 πάντας·
726 1118 807 1163 τῶν
831 1115 874 1161 δὲ
911 1113 984 1160 σὺν
1016 1114 1236 1177 Λεοννάτῳ
1267 1112 1412 1164 ἱππέες

171 1188 245 1250 μὲν
267 1186 574 1244 ἀποθνήσκουσι
592 1185 915 1241 πεντεκαίδεκα,
950 1186 1031 1230 τῶν
1052 1182 1098 1229 δὲ
1129 1186 1262 1237 πεζῶν
1292 1182 1412 1229 ἄλλοι

110 1277 149 1308 11,
169 1276 213 1304 τε
226 1258 272 1304 οὗ
287 1257 434 1304 πολλοὶ
452 1256 524 1302 καὶ
543 1256 850 1319 Ἀπολλοφάνης
863 1258 885 1301 ὅ
905 1252 1157 1315 Γαδρωσίων
1174 1252 1408 1317 σατράπης.

172 1329 220 1390 (ο)
238 1330 386 1375 Ταῦτα
410 1325 483 1387 μὲν
506 1325 556 1380 δὴ
579 1327 619 1371 ἐν
642 1329 694 1387 τῇ
711 1326 818 1387 ἄλλῃ
842 1324 1056 1387 ξυγγραφῇ
1075 1322 1410 1383 ἀναγέγραπται,

171 1396 242 1443 καὶ
264 1396 369 1447 ὅκως
402 1394 628 1446 Λεοννάτος
652 1394 720 1439 ἐπὶ
742 1395 847 1458 τῷδε
868 1391 1131 1455 ἐστεφανώθη
1165 1390 1267 1454 πρὸς
1297 1390 1411 1437 Ἀλε-

174 1464 344 1527 ξάνδρου
358 1462 524 1527 χρυσέῳ
541 1462 731 1527 στεφάνῳ
748 1465 788 1509 ἐν
809 1461 1063 1510 Μακεδόσιν.
1136 1458 1185 1521 (7)
1206 1460 1413 1506 Ἐνταῦθα

172 1540 282 1586 σῖτος
300 1526 351 1589 ἦν
373 1533 648 1593 νενεμημένος
673 1531 783 1578 κατὰ
805 1532 1056 1594 πρόσταγμα
1084 1528 1351 1592 Ἀλεξάνδρου
1374 1530 1413 1581 ἐς

106 1613 151 1646 20
171 1602 432 1664 ἐπισιτισμὸν
466 1605 526 1664 τῷ
550 1604 728 1665 στρατῷ·
760 1601 831 1647 καὶ
865 1600 1147 1661 έμὸάλλονται
1171 1599 1283 1645 σιτία
1306 1602 1412 1659 ἡμε·

173 1672 274 1736 ρέων
297 1671 398 1718 δέκα
422 1674 461 1723 ἐς
479 1670 553 1723 τὰς
571 1669 677 1723 νέας·
701 1672 751 1733 (8)
774 1669 846 1717 καὶ
866 1673 949 1716 τῶν
980 1672 1081 1715 νεῶν
1115 1667 1212 1714 ὅσαι
1229 1667 1411 1723 πεπονή-

171 1759 295 1788 κεσαν
318 1739 428 1788 κατὰ
449 1739 519 1787 τὸν
548 1740 677 1787 πλόον
709 1739 834 1803 μέχρι
855 1741 973 1786 τοῦδε
1010 1738 1309 1785 ἐπεσκεύασαν·
1342 1737 1413 1782 καὶ

174 1813 255 1856 τῶν
279 1809 461 1856 ναυτέων
494 1807 583 1855 ὅσοι
624 1812 664 1855 ἐν
702 1812 761 1871 τῷ
802 1808 910 1871 ἔργῳ
950 1807 1164 1870 βλακεύειν
1203 1806 1413 1869 ἐφαίνοντο

173 1879 383 1943 Νεάρχῳ,
409 1878 576 1930 τούτους
614 1880 689 1938 μὲν
711 1881 815 1939 πεζῇ
856 1878 970 1938 ἄγειν
992 1876 1212 1939 Λεοννάτῳ
1245 1876 1411 1921 ἔδωκεν·

109 1958 152 1990 ¹⁶
178 1948 300 2001 αὐτὸς
322 1946 366 1994 δὲ
397 1947 481 1993 ἀπὸ
508 1950 590 1996 τῶν
625 1947 699 1993 σὺν
736 1947 955 2010 Λεοννάτῳ
987 1943 1273 2009 στρατιωτέων
1301 1963 1412 2005 συμ-

174 2017 331 2079 πληροῖ
345 2015 393 2063 τὸ
410 2016 620 2064 ναυτικόν.

239 2086 415 2134 XXIV.
453 2084 645 2131 Ἐνθένδε
682 2086 926 2147 ὁρμηθέντες
957 2083 1115 2131 ἔπλωον
1155 2083 1315 2148 ἀκραεί·
1346 2082 1416 2129 καὶ

178 2153 401 2206 διελθόντες
433 2154 624 2206 σταδίους
662 2156 701 2206 ἐς
734 2154 1026 2209 πεντακοσίους
1060 2152 1287 2216 ὡρμίζοντο
1315 2153 1417 2216 πρὸς

175 2226 355 2286 ποταμῷ
387 2222 622 2285 χειμάρρῳ·
648 2222 841 2285 Τόμηρος
873 2216 924 2279 ἦν
954 2222 1111 2283 οὔνομα
1139 2226 1199 2285 τῷ
1218 2224 1413 2284 ποταμῷ.

174 2382 271 2423 Non
292 2395 437 2424 omnes
452 2389 591 2423 autem
610 2396 734 2423 naves
749 2396 825 2437 per
843 2396 959 2426 mare
980 2382 1124 2424 missas
1147 2397 1249 2434 esse,
1270 2384 1421 2439 quibus

175 2444 220 2484 in
230 2442 339 2485 Indo
350 2457 450 2485 usus
461 2442 596 2485 suerat
607 2443 857 2495 Alexander,
869 2444 994 2486 docet
1004 2445 1173 2486 Curtius
1184 2446 1262 2496 IX,
1286 2460 1302 2487 1
1310 2460 1352 2497 o,
1372 2448 1395 2488 3
1410 2460 1419 2488 ε

176 2503 366 2548 Nearcho
379 2513 502 2561 atque
519 2505 782 2547 Onesicrito..
812 2505 1038 2563 imperavit
1061 2516 1108 2548 ut
1135 2506 1424 2551 validissimas

177 2566 349 2608 navium
363 2566 604 2609 deducerent
627 2568 671 2609 in
703 2574 898 2610 oceanum!
911 2586 927 2618 ;
949 2576 990 2610 et
1008 2569 1147 2624 paullo
1165 2578 1259 2626 post
1284 2584 1293 2611 :
1311 2573 1425 2612 Jam-

178 2643 254 2684 que
275 2628 471 2682 mitigata
493 2628 644 2678 hieme,
676 2630 855 2672 navibus
873 2646 966 2687 quoe
988 2631 1155 2672 inutiles
1176 2630 1429 2673 videbantur·

178 2691 389 2740 crematis,
443 2700 551 2734 terra
597 2692 772 2734 ducebat
821 2693 1063 2735 exercitum.
1114 2693 1180 2736 Cf.
1246 2694 1422 2736 Diodor.

179 2753 319 2802 XVII,
338 2756 431 2802 104.
459 2772 475 2791 ιο
503 2756 771 2796 Scmuemzn.
796 2757 814 2810 Ι]
835 2780 891 2787 -
907 2757 947 2797 3.
979 2755 1221 2813 Κώκαλα]
1243 2756 1358 2797 lima
1374 2758 1423 2798 C.

180 2816 318 2857 Locus
352 2816 571 2870 ponendus
601 2832 730 2873 prope
763 2820 850 2861 Ros
879 2818 1118 2869 Kutcherie,
1158 2833 1182 2860 a
1222 2833 1308 2875 quo
1341 2834 1425 2862 non

182 2876 302 2931 longe
319 2875 433 2917 aboet
451 2878 493 2917 in
517 2877 827 2921 mediterraneis
859 2880 974 2922 locus
1003 2879 1216 2923 Gourund.
1244 2883 1260 2935 ΙΙ
1288 2906 1346 2914 -
1364 2883 1388 2922 ἃ
1409 2882 1426 2937 ]

182 2935 357 2995 inseruit
394 2937 648 2980 schmiedcr.
694 2942 710 2994 ΙΙ
747 2964 804 2972 —
856 2946 896 2991 4.
936 2942 1186 2997 ὡρμίσθησαν
1226 2945 1274 2984 Β.
1319 2945 1334 2997 Ι]
1372 2967 1427 2976 ·—

185 2998 227 3040 5.
262 2999 590 3058 σαλεύουσαι]
614 3020 630 3040 ι
659 3003 776 3044 Litus
806 3003 887 3044 hoc
917 3012 1033 3053 tunc,
1066 3003 1234 3045 sortasse
1256 3013 1426 3059 propter

181 3067 345 3114 aestum,
379 3061 467 3118 ejus
505 3063 756 3106 conditionis
793 3065 916 3106 fuisse
946 3064 1125 3116 videtur,
1157 3073 1203 3106 ut
1238 3079 1360 3106 naves
1383 3067 1424 3106 in

182 3132 337 3167 terram
369 3127 559 3182 protrahi
586 3129 821 3184 nequirent.
849 3127 1052 3171 Classiarii
1084 3142 1182 3169 vero
1219 3129 1426 3184 praecipue

183 3201 232 3228 ea
253 3201 299 3229 re
315 3186 453 3230 affecti
485 3189 608 3232 fuisse
632 3190 843 3243 videntur,
867 3190 984 3247 quod
1006 3204 1082 3247 per
1095 3189 1199 3232 duas
1221 3198 1361 3232 noctes
1384 3193 1424 3232 in

184 3249 359 3293 navibus
375 3262 627 3296 manserant.
650 3255 756 3296 Nam
784 3268 923 3311 parvae
944 3267 1068 3295 naves
1086 3266 1226 3309 graecae
1244 3267 1429 3295 commo·

184 3310 357 3355 ditatem
390 3315 519 3370 quieti
541 3330 626 3359 non
647 3316 905 3374 praebebant.
937 3315 1100 3359 Deinde
1119 3330 1218 3358 vero
1241 3330 1317 3373 per
1345 3325 1426 3359 tres

160 3392 165 3396 ·
185 3374 263 3416 hos
283 3373 372 3417 dies
397 3377 669 3433 navigationis
696 3379 749 3422 ab
769 3379 897 3422 Arabi
920 3387 1198 3422 commeatum
1226 3379 1428 3435 accepisse

186 3435 356 3479 classem
393 3453 479 3481 non
516 3440 734 3493 audimus,
782 3441 1048 3485 solummodo
1082 3455 1249 3498 aquam.
1283 3441 1428 3484 Nullus

186 3496 391 3552 locorum,
426 3502 497 3543 ubi
531 3504 573 3544 in
611 3505 775 3547 ancoris
811 3513 1031 3556 steterunt,
1059 3504 1265 3547 habitatus
1304 3503 1427 3546 fuisse

141 3608 143 3610 ,
187 3558 378 3613 videtum
403 3563 601 3608 frumenti
621 3569 755 3624 copia,
780 3582 907 3625 quam
936 3576 1030 3610 ante
1054 3567 1356 3623 navigationem
1376 3580 1428 3608 ex

125 3620 141 3637 ⁸
186 3620 299 3664 Indo
324 3636 578 3681 receperant,
599 3639 817 3673 consumta
847 3629 1014 3673 videtur
1029 3644 1106 3687 per
1124 3629 1426 3686 navigationem

188 3682 461 3742 quadraginta
475 3688 662 3744 dierum;
687 3694 791 3735 nihil
811 3694 855 3735 in
869 3693 991 3736 litore
1011 3693 1262 3736 invenerunt
1280 3699 1429 3749 praeter

189 3754 379 3791 testacea.
391 3750 575 3793 Accessit
592 3755 813 3797 continuus
824 3764 968 3799 contra
978 3764 1123 3798 ventos
1132 3754 1251 3798 labor
1262 3769 1275 3807 ς
1295 3767 1429 3797 acees-

124 3851 127 3854 .
190 3809 244 3850 sit
273 3809 535 3867 naufragium
567 3815 695 3857 trium
728 3819 1009 3872 navigiorum,
1049 3818 1203 3874 quibus
1236 3816 1430 3860 omnibus

190 3871 355 3915 animus
378 3873 680 3919 classiariorum
717 3878 869 3922 fractus
890 3895 977 3923 esse
1011 3882 1163 3937 potuit.
1201 3899 1218 3919 ι
1245 3881 1307 3923 Ex
1326 3880 1430 3921 Vin-

191 3936 596 3982 oentoSoun'umn.
626 3942 643 3996 ΙΙ
662 3965 720 3974 --
748 3944 789 3985 8.
829 3943 1189 3999 περιεὸἀλετο]
1214 3941 1432 3999 περιεὸάλι-

192 4008 256 4036 ται
278 3997 343 4051 D3
379 4000 656 4056 περιεὸάλλετο
688 4011 783 4047 cett.
810 4005 829 4060 ss
853 4029 910 4038 —
941 4021 983 4061 9.
1010 4010 1068 4062 τῷ
1102 4020 1187 4049 om.
1217 4006 1281 4047 De
1310 4002 1432 4047 rebus

206 4241 231 4256 ν
239 4235 254 4263 s
266 4246 270 4250 ·

1315 142 1581 227 Aaaum

1475 284 1628 339 vigatio
1661 296 1748 326 non
1769 283 1918 340 procul
1939 299 1964 327 a
1988 294 2098 329 terra
2127 286 2265 331 fiebat.
2327 292 2391 343 (l.)
2417 291 2503 333 Sub
2535 292 2717 339 mediani
2749 330 2751 336 ,
2779 299 2782 300 ’

1478 373 1576 401 vero
1598 365 1764 400 noctem
1785 359 1970 414 provecti
1991 361 2185 422 navigant
2201 376 2332 420 usque
2349 364 2401 407 ad
2429 368 2576 411 Cooala
2588 399 2601 421 ,
2635 390 2642 405 ·
2666 388 2671 404 ι
2713 360 2777 426 ’

1475 449 1499 476 a
1512 434 1651 476 littore
1665 465 1677 484 ,
1694 432 1808 475 unde
1820 432 1995 489 digressi
2012 427 2146 488 enni,
2161 434 2350 496 ducentis
2361 441 2503 484 stadiis
2521 437 2746 496 aberant

1475 525 1524 553 ac
1557 524 1680 551 naves
1706 508 1877 566 quidem
1908 510 1955 552 in
1976 510 2062 553 salo
2083 514 2247 555 ancoris
2277 516 2528 562 nitebantur.
2588 522 2716 564 Near-

1477 586 1582 628 chus
1610 593 1749 628 autem
1775 586 1900 628 sociis
1930 586 2144 629 navamus
2169 588 2213 629 in
2246 596 2399 633 terram
2429 597 2626 650 expositis
2660 597 2719 639 ibi
2758 578 2768 604 '³

1477 670 1609 704 castra
1652 663 1808 718 posuit,
1846 661 2053 718 siquidem
2093 663 2226 705 multo
2268 666 2537 721 navigationis
2579 670 2721 717 labore
2779 667 2780 670 ’

1476 737 1689 793 defatigati
1718 738 1831 780 refici
1863 738 2168 781 desiderabant.
2230 742 2372 783 Castra
2393 742 2498 785 vallo
2526 744 2721 790 adversus
2771 774 2779 793 μ

1477 812 1982 857 barbaroruminmxsum
1998 817 2188 858 munivit.
2250 818 2313 871 (5)
2327 819 2415 860 Hoc
2429 820 2469 860 in
2486 819 2723 865 locoLeon-

1480 899 1599 932 natus
1611 921 1624 942 ,
1641 892 1709 932 cui
1724 891 1939 933 Oritarum
1954 884 2020 933 res
2034 891 2267 935 Alexander
2278 896 2555 947 commiserat,
2573 911 2726 952 magno
2766 926 2792 946 0,

1478 965 1622 1022 praelio
1641 967 1779 1008 Oritas
1799 967 1915 1017 vicit,
1935 974 1976 1008 et
1997 975 2205 1024 quotquot
2224 983 2311 1011 sese
2333 972 2462 1012 Oritis
2479 970 2725 1027 junxerant,

1480 1043 1593 1084 causis
1622 1043 1751 1085 Oritis
1773 1057 1845 1084 sex
1868 1041 2077 1095 millibus,
2116 1042 2378 1101 ducibusque
2411 1062 2557 1090 eorum
2590 1051 2725 1092 omni·
2776 1056 2783 1106 j

1481 1120 1574 1171 bus,
1597 1133 1621 1161 a
1640 1119 1843 1162 Leonnati
1857 1132 1955 1162 vero
1968 1118 2726 1183 partibusequitibusquindeeim,pe-
2780 1138 2791 1182 j

1481 1196 1639 1238 ditibus
1678 1210 1763 1238 non
1804 1196 1970 1249 multis,
2012 1205 2055 1238 et
2101 1197 2386 1254 Apollophane
2422 1199 2723 1243 Gadrosiorum
2782 1239 2783 1242 ,

1481 1281 1642 1329 satrapa
1673 1272 1929 1315 desideratis.
1991 1275 2056 1328 (6)
2092 1272 2173 1316 Sed
2205 1273 2292 1316 haee
2329 1275 2370 1316 in
2402 1275 2527 1318 altera
2556 1276 2727 1320 historia
2779 1301 2784 1320 2

1483 1351 1610 1403 (vn,
1637 1349 1690 1404 5)
1724 1364 1748 1391 a
1784 1349 1906 1391 nobis
1942 1350 2175 1407 conscripta
2210 1358 2329 1402 sunt3
2360 1366 2490 1407 eaque
2520 1351 2573 1395 de
2608 1368 2730 1397 causa
2773 1335 2788 1387 's

1484 1427 1746 1468 Leonnatum
1773 1440 1900 1468 aurea
1921 1441 2075 1468 corona
2095 1426 2149 1468 ab
2186 1427 2424 1469 Alexandro
2457 1429 2565 1471 inter
2591 1431 2727 1472 Maee-

1483 1500 1613 1543 dones
1630 1510 1876 1544 coronatum
1891 1501 2030 1544 fuisse.
2090 1504 2364 1558 (7)Eoetiam
2376 1504 2454 1546 loci
2472 1504 2726 1549 frumentum

1484 1578 1536 1619 ab
1567 1577 1803 1621 Alexandro
1835 1580 1879 1620 in
1906 1587 2183 1620 commeatum
2219 1577 2426 1622 exercitus
2459 1592 2726 1637 procuratum
2785 1639 2786 1642 Ἴ

1484 1663 1586 1696 erat.
1644 1656 1694 1695 In
1717 1654 1861 1696 decem
1889 1656 2029 1710 itaque
2046 1653 2135 1696 dies
2160 1654 2419 1698 frumentum
2443 1658 2486 1699 in
2516 1673 2640 1701 naves
2664 1661 2727 1702 in·
2783 1702 2785 1710 ἐ

1486 1730 1657 1773 vehunt.
1719 1732 1783 1785 (8)
1808 1732 1942 1772 Naves
1965 1731 2008 1772 in
2025 1733 2284 1786 navigatione
2302 1733 2385 1776 huc
2407 1748 2539 1789 usque
2557 1748 2732 1790 quassa·

1486 1813 1547 1846 tas
1565 1804 1781 1854 reficiunt3
1799 1818 1851 1845 ex
1866 1805 2003 1846 nautis
2021 1806 2096 1859 qui
2113 1806 2321 1859 segniores
2339 1806 2529 1848 Nearcho
2545 1807 2588 1848 in
2603 1821 2732 1864 opere

1484 1890 1571 1918 esse
1584 1876 1849 1927 videbantur,
1869 1876 1948 1918 hos
1962 1875 2131 1933 quidem
2148 1879 2330 1919 terrestri
2350 1879 2497 1920 itinere
2514 1878 2731 1922 ducendos
2782 1918 2788 1926 ,

1486 1950 1701 1991 Leonnato
1726 1946 1870 1998 dedit;
1895 1950 1983 2004 ipse
2011 1963 2110 1991 vero
2133 1949 2281 1991 milites
2312 1950 2355 1991 in
2378 1958 2599 1992 nautarum
2633 1965 2733 2008 snp-

1484 2019 1739 2075 plementum
1761 2033 1811 2061 ex
1831 2020 2034 2062 Leonnati
2056 2021 2186 2076 copiis
2200 2019 2364 2075 delegit.

1542 2090 1703 2131 XXIV.
1726 2088 1840 2131 ‘Inde
1873 2089 2058 2131 secundo
2091 2099 2215 2132 vento
2246 2090 2369 2132 delati
2397 2104 2472 2147 per
2506 2093 2733 2147 quingenta

1487 2157 1618 2200 stadia
1637 2157 1692 2200 ad
1722 2159 1898 2200 fluvium
1923 2158 2133 2214 quendam
2156 2167 2381 2202 torrentem
2411 2170 2693 2216 pervenerunt
2717 2175 2728 2203 ε

1487 2228 1695 2268 Tomerus
1718 2227 1848 2268 fluvio
1868 2240 2027 2268 nomen
2050 2234 2127 2268 αἱ.
2186 2228 2251 2282 (a)
2274 2227 2341 2271 Ad
2358 2227 2448 2284 ejus
2467 2229 2625 2272 exitum
2652 2239 2734 2272 sta·

1494 2384 1698 2425 Leonnati
1716 2397 1783 2439 ap.
1808 2383 1949 2425 Oritas
1967 2383 2090 2438 gestis
2108 2397 2149 2424 v.
2174 2384 2283 2439 Exp.
2302 2385 2381 2435 vl,
2401 2395 2471 2435 αα,
2494 2387 2536 2435 4.
2565 2386 2663 2438 vn,
2682 2387 2733 2439 ὃς
2799 2424 2808 2443 ,

1489 2446 1744 2497 CurtiusIX,
1763 2459 1828 2488 10.
1851 2445 2029 2488 Diodor.
2048 2446 2188 2497 XVII,
2211 2446 2303 2489 105.
2326 2446 2342 2499 ΙΙ
2365 2470 2422 2479 -
2444 2460 2510 2489 11.
2528 2447 2736 2491 συνεπίὲ
2791 2444 2808 2504 ᾗ

1490 2508 1582 2549 λα6
1595 2524 1645 2550 ον
1662 2509 1677 2564 ]
1703 2509 1780 2551 ΑΙ)
1795 2515 1836 2550 et
1851 2506 1949 2550 cod.
1969 2506 2146 2562 Bodlej.;
2167 2508 2475 2551 συνεπελάὸοντο
2492 2509 2613 2553 BCL.
2638 2512 2654 2566 ΙΙ
2680 2534 2737 2544 -
2768 2504 2808 2565 ,ξ

1495 2572 1559 2613 15.
1590 2571 2000 2627 Ἀπολλοφάνης]
2041 2588 2057 2610 α
2082 2572 2177 2613 Non
2211 2580 2311 2613 tunc
2338 2572 2515 2628 amplius
2543 2582 2632 2616 erat
2664 2575 2738 2618 Sa·
2794 2565 2808 2569 Α

1491 2643 1605 2691 trapa
1620 2666 1630 2685 ‚
1655 2648 1751 2676 cum
1765 2633 2046 2684 occumberet,
2063 2632 2135 2675 sed
2158 2632 2371 2689 quondam
2397 2633 2547 2678 suerat.
2581 2637 2738 2678 Consa-
2792 2576 2808 2698 Ξ

1494 2706 1630 2739 tuerat
1649 2710 1831 2753 namque
1862 2710 1960 2737 eum
1985 2693 2220 2738 Alexander
2251 2699 2473 2753 Satrapam
2492 2698 2569 2748 VI,
2592 2710 2662 2748 αα,
2691 2701 2735 2747 4.
2796 2699 2808 2755 ξ

1491 2757 1564 2800 sed
1579 2758 1757 2800 eundem
1776 2755 1943 2807 deinde,
1962 2755 2074 2813 quod
2086 2756 2197 2798 m‘lu'l
2215 2771 2349 2798 eorum
2368 2772 2459 2814 quoe
2478 2757 2684 2816 imperata
2698 2759 2739 2802 εἰ
2795 2758 2808 2806 ἓ

1482 2820 1671 2874 fucrant,
1683 2814 1941 2877 perficisset,
1962 2827 2186 2875 satrapam
2204 2817 2410 2875 deposuit,
2431 2820 2517 2872 vl,
2538 2832 2609 2876 27,
2648 2834 2687 2863 1.
2714 2841 2732 2859 ι.
2797 2806 2808 2848 l

1492 2884 1627 2924 Rara.
1652 2901 1668 2917 ι
1695 2881 1898 2923 Arrianus
1916 2878 1985 2920 hle
2001 2879 2395 2936 Nearchum,supra
2413 2881 2679 2925 Ptolemaeum
2697 2891 2741 2926 et
2792 2852 2808 2937 i,

1493 2942 1779 2987 Aristobulum
1795 2942 1910 2998 sequi
1927 2940 2105 2984 videtur.
2122 2943 2176 2984 Et
2197 2950 2332 2998 potest
2351 2952 2576 3001 utrumque
2593 2958 2738 2988 verum
2795 2942 2805 2996 ζ’

1492 3021 1593 3058 esse,
1617 3007 1650 3048 si
1672 3005 1861 3062 praetium
1876 3019 1970 3046 cum
1990 3004 2119 3047 Oritis
2138 3005 2403 3048 commissum
2419 3014 2496 3058 est,
2516 3014 2741 3063 antequam
2796 3028 2802 3062 χ

1493 3068 1769 3124 Apollophani
1795 3068 1966 3109 nuntius
1991 3066 2135 3110 allatus
2167 3075 2285 3119 esset,
2310 3081 2353 3108 se
2374 3068 2591 3123 Sati-aputu
2607 3067 2740 3124 priva·
2801 3074 2808 3109 ἒ

1493 3139 1583 3172 tum
1605 3145 1707 3172 esse.
1732 3130 1828 3180 Vel,
1853 3138 1900 3170 ut
1922 3130 2117 3185 opinatur
2138 3130 2391 3180 Gronovius,
2413 3129 2523 3185 cepit
2545 3127 2654 3171 hanc
2667 3144 2742 3172 oc·

1493 3194 1715 3242 casionem,
1751 3200 1800 3232 ut
1830 3192 2023 3232 virtutem
2047 3205 2163 3232 suam
2193 3190 2403 3246 probaret.
2437 3207 2454 3228 ι
2475 3191 2613 3232 Seu.
2639 3191 2656 3245 Ι]
2681 3214 2739 3224 -
2796 3203 2808 3211 ··

1494 3267 1564 3296 22.
1598 3252 1937 3296 ἐπεσκεύασαν
1972 3253 1987 3308 ]
2031 3269 2047 3290 ι
2083 3254 2173 3294 lloc
2210 3260 2491 3307 tempestatem
2526 3250 2739 3295 meliorem

1495 3318 1641 3358 saetam
1656 3314 1821 3373 probat.
1839 3314 1981 3355 Primo
1996 3314 2107 3355 enim
2123 3315 2299 3356 Nearchi
2320 3314 2503 3356 adventu
2535 3328 2658 3357 naves
2684 3313 2745 3359 ad

1494 3388 1644 3421 terram
1675 3376 1784 3420 trabi
1807 3391 1889 3418 non
1917 3384 2124 3433 poterant,
2146 3376 2260 3432 quod
2295 3384 2432 3418 tamen
2456 3374 2610 3418 sactum
2629 3374 2743 3418 vide-
2767 3379 2783 3430 j:

1493 3455 1601 3483 mus.
1622 3442 1753 3482 Morae
1773 3440 1813 3480 in
1837 3438 1918 3479 hoc
1939 3438 2030 3479 loco
2053 3437 2197 3480 tribuit
2211 3439 2409 3481 vincent.
2425 3451 2467 3494 p.
2499 3439 2575 3480 188
2597 3436 2750 3480 decem.
2778 3479 2780 3494 Ἴ,

1493 3504 1598 3556 dies,
1630 3519 1715 3560 quo
1750 3511 1937 3558 tempore
1978 3509 2125 3543 ventus
2172 3500 2425 3544 reddebatur
2453 3500 2679 3544 secundus.
2717 3519 2775 3566 ω’,

1494 3569 1625 3610 Imm
2772 3579 2779 3607 1>

1552 3630 1711 3680 XXIV,
1734 3643 1805 3684 27.
1828 3627 2081 3684 ὡρμισθέντες
2095 3627 2177 3669 BC.
2204 3626 2220 3681 ΙΙ
2240 3649 2297 3657 -
2313 3637 2383 3679 29.
2400 3624 2578 3681 Τόμηρος
2590 3620 2637 3678 ἦν
2656 3623 2754 3686 dvo-3
2767 3632 2775 3687 J

1502 3707 1555 3747 μα
1568 3689 2048 3735 numen-Alexandriae
2059 3698 2100 3731 et
2112 3688 2295 3733 Tonberi
2314 3686 2621 3744 (velTomberi.
2638 3685 2740 3728 Vid.

1500 3754 1625 3809 Sillig.
1645 3754 1659 3811 )
1706 3755 1960 3796 mentionem
2002 3752 2158 3795 Plinius
2191 3751 2220 3793 1.
2258 3750 2286 3792 l.
2323 3749 2551 3807 interponit
2582 3751 2743 3804 Argen·

1500 3832 1594 3858 nam
1627 3826 1753 3874 portu
1785 3815 1963 3859 salubri.
1989 3813 2107 3857 Idem
2131 3815 2208 3865 vl,
2247 3813 2298 3854 25
2322 3815 2345 3866 S
2375 3812 2428 3867 93
2466 3825 2476 3853 :
2506 3809 2629 3865 Insm
2654 3788 2808 3884 leae&

1500 3878 1637 3920 omnia
1655 3894 1728 3920 ora
1758 3878 1813 3919 ab
1833 3876 1939 3919 Indo
1957 3875 2139 3926 Ariana,
2164 3874 2273 3929 regio
2294 3873 2487 3915 ambusta
2495 3870 2740 3940 finnt-abui?
2762 3897 2808 3925 ⁴⁷:

1502 3940 1748 3997 desertisque
1770 3937 2056 3989 circumduea5
2074 3936 2207 3980 multa
2227 3945 2360 3978 tamen
2381 3932 2583 3989 intetfiesa
2599 3939 2745 4002 opopa*
2788 3935 2790 3937 “

1505 4012 1589 4046 tate
1615 4003 1787 4045 cultores
1816 4008 2033 4055 congregae
2059 3998 2172 4042 cir-ca
2206 3996 2310 4040 duos
2345 4008 2535 4038 nmxmne
2561 3994 2740 4051 flamm.
