2756 4354
132 211 159 243 ς
472 207 519 252 .
879 155 881 160 ’
1171 182 1648 233 pemmonem.

131 310 299 345 tmvere
325 300 501 342 rubrum
530 311 672 348 neat-e,
717 292 872 350 Africo
910 293 979 334 rel
1016 300 1176 334 austro.
1200 287 1365 332 Noster
1433 284 1649 347 ad-quem
1670 285 1892 348 opsianus
1907 286 2026 347 lapis
2049 285 2295 347 reperitur,
2315 296 2421 347 post
2451 286 2543 333 alia
2559 302 2624 350 qu
2646 277 2662 326 s

130 377 353 422 memorat
391 388 501 420 sane
530 370 808 431 Nelcyndam
840 366 1096 427 emporium
1130 373 1176 409 et
1204 364 1363 410 Baeari
1435 370 1506 406 ter
1531 360 1660 407 'mille
1696 360 1843 407 stadia
1877 359 2217 406 deducimurad
2236 357 2289 404 τὰ
2323 360 2454 423 πέραν
2492 362 2545 421 ἐμ
2651 392 2653 396 f

130 452 242 513 (non
254 453 468 508 Becaren)
489 451 640 494 vicum
661 456 705 491 et
723 443 1004 489 Pandionem
1029 441 1078 485 in
1099 439 1364 486 mediterra·
1436 434 1692 492 Bnrbariae,
1729 436 1938 483 Aualiten
1952 469 1965 492 ,
1994 435 2162 493 Malao,
2186 434 2379 492 Mundu,
2404 435 2588 497 Mosyllt
2620 464 2639 476 ιι

128 526 231 572 neis
262 524 496 584 degentem
533 536 615 566 nec
650 534 742 564 non
775 517 909 577 piper
929 513 1300 574 Cottonaricum‚
1319 525 1366 560 at
1439 522 1544 573 post
1562 527 1666 573 quae
1689 523 1936 559 occurrunt
1953 511 2376 573 Niloptolemaeum‚
2402 511 2525 558 Gaza
2541 547 2555 570 ,
2573 512 2648 559 El
2673 537 2674 540 =

129 600 248 647 nihil
266 598 401 644 habet
416 597 472 642 de
485 604 616 654 gente
634 589 935 650 Neacyndon,
949 588 1007 634 de
1024 587 1215 635 Madura
1226 586 1361 644 urbe,
1436 585 1550 647 phas
1567 588 1934 648 promontorium
1953 623 1966 647 ,
1987 588 2251 632 Aromatum
2274 599 2426 648 prom.
2453 597 2499 633 et
2514 588 2675 650 empo'e

129 684 174 720 et
199 689 302 734 quae
330 671 545 730 deinceps
560 667 617 712 de
652 663 963 723 navigationis
992 674 1199 726 tempore
1241 664 1364 726 apud
1437 661 1585 718 rium,
1618 661 1659 707 T
1661 664 1758 708 abae
1778 678 1950 724 prom„
1978 663 2140 724 Opone
2164 661 2440 723 emporium.
2466 659 2693 724 Sequana<

127 746 332 792 Plinium
357 745 582 802 leguntur.
601 739 707 784 Haec
723 738 868 798 igitur
884 738 949 784 ita
963 747 1070 784 sunt
1084 748 1361 800 comparata,
1437 746 1513 782 tur
1544 738 1730 783 Λιουίας
1759 738 1979 799 Apocopa
2001 752 2166 796 magna
2201 747 2246 781 et
2283 751 2449 798 parva,
2478 745 2691 798 parvum⁵

127 831 179 867 ut
209 822 295 866 ista
327 819 384 863 de
412 817 566 861 Plinio
589 829 616 860 e
651 813 835 876 periplo
862 823 1023 860 nostro
1054 829 1138 861 sua
1158 823 1364 860 mutuato
1436 821 1483 857 et
1504 827 1716 871 magnum
1734 812 1862 871 litus,
1889 823 2061 875 septem
2081 814 2260 859 Azaniae
2284 813 2451 873 δρόμοι,
2476 827 2678 873 quorum

126 893 348 941 sententia
391 906 448 937 ne
477 902 586 936 tunc
607 888 793 950 quidem
832 888 1114 935 admittenda
1151 889 1291 944 soret,
1324 889 1363 934 si
1437 886 2680 949 prioresduoSerapionisetNiconisdicuntur,deinde

127 966 311 1015 aliunde
347 976 521 1011 aetatem
556 963 712 1010 Nostri
745 963 943 1010 definire
979 979 1074 1009 non
1110 963 1270 1009 liceret
1289 962 1364 1026 (⁸).
1438 961 1646 1022 Pyralaae
1663 962 1844 1018 insulae,
1865 961 2123 1009 Menuthias
2142 964 2312 1027 insula,
2337 963 2538 1024 denique
2557 963 2674 1009 Rha·

126 1044 334 1099 Quonam
361 1042 483 1088 fonte
501 1039 684 1085 Plinius
703 1053 813 1085 usus
829 1039 1024 1095 sit,non
1039 1038 1201 1099 liquet.
1224 1037 1368 1083 ludex
1438 1046 1515 1098 pta
1548 1036 1730 1082 Azaniae
1761 1037 2020 1099 emporium
2057 1038 2289 1084 ultimum.
2321 1038 2430 1084 Post
2471 1038 2565 1083 haec
2597 1054 2678 1084 ora

128 1128 362 1165 auctorum
391 1130 664 1176 graecorum,
688 1129 805 1176 quos
840 1114 891 1159 in
926 1112 1050 1159 libro
1073 1123 1201 1159 sexto
1227 1113 1370 1159 adhi-
1438 1126 1817 1159 versusoccasum
1836 1113 2016 1158 deflecti
2033 1123 2077 1158 et
2088 1113 2323 1158 orientalis
2338 1128 2535 1161 oceanus
2545 1114 2679 1176 juxta

126 1194 302 1249 buerit,
356 1192 540 1238 nonnisi
572 1201 682 1237 nota
711 1190 900 1236 nomina
934 1189 1132 1251 praebet,
1171 1206 1366 1251 quorum
1439 1189 1637 1235 australe
1654 1189 1896 1251 AEthiopiae
1914 1198 1958 1234 et
1984 1188 2141 1249 Libyae
2163 1199 2207 1234 et
2237 1189 2402 1234 Africae
2427 1189 2538 1235 litus
2563 1191 2678 1236 mari

129 1270 305 1315 nullum
330 1267 387 1313 ad
412 1283 505 1312 rem
532 1277 733 1312 nostram
756 1266 988 1327 pertinere
1020 1275 1185 1327 potest.
1209 1267 1368 1311 Omni·
1439 1265 1632 1310 occiduo
1662 1265 1842 1310 misceri
1886 1263 2173 1326 perhibetur.
2225 1263 2451 1310 Hactenus
2482 1265 2536 1310 τὰ
2569 1262 2680 1318 δεξιὰ
2706 1312 2707 1315 ,

127 1358 188 1389 no
221 1341 403 1387 Plinius
432 1356 535 1400 quae
563 1342 688 1400 apud
706 1345 923 1384 nemmem
954 1345 1151 1398 priorum
1173 1342 1368 1401 reperii-i
1440 1338 1521 1383 ἀπὸ
1543 1339 1785 1402 Βερενίκης;
1805 1339 1854 1384 in
1877 1338 2047 1399 quibus
2072 1354 2173 1399 quae
2189 1349 2295 1385 sunt
2318 1354 2464 1400 usque
2484 1339 2540 1385 ad
2558 1339 2678 1402 Opo-

129 1417 261 1472 dicit,
285 1432 377 1462 non
395 1431 421 1461 e
440 1415 623 1477 periplo
640 1415 797 1475 aliquo
813 1415 862 1460 in
898 1413 1133 1475 publicum
1153 1425 1260 1462 tunc
1278 1416 1371 1462 edi·
1442 1430 1530 1461 nen
1546 1450 1559 1474 ‚
1582 1415 1682 1476 ipse
1698 1414 1862 1461 Noster
1882 1414 2051 1459 adiisse
2077 1414 2285 1470 videtur3
2307 1414 2544 1476 hucusque
2555 1416 2679 1462 enim

129 1503 179 1540 to
213 1492 458 1549 sumserit,
500 1492 579 1537 sed
613 1491 795 1553 privato
828 1492 1105 1537 commercio
1139 1494 1371 1554 accepisse
1439 1490 1687 1551 descriptio
1705 1490 2018 1551 emporiorum
2052 1489 2310 1535 accuratior
2330 1499 2485 1536 testem
2514 1490 2680 1540 ocula-

129 1568 315 1614 videtur
349 1584 374 1612 a
398 1567 679 1626 negotiatore
695 1565 913 1627 quodam,
932 1567 1013 1626 qui
1037 1576 1145 1612 tunc
1168 1569 1216 1613 in
1238 1569 1369 1613 navi·
1442 1577 1535 1613 tum
1561 1566 1742 1628 prodit,
1766 1576 1810 1612 et
1832 1566 2086 1627 hucusque,
2115 1581 2208 1611 non
2228 1566 2336 1612 item
2368 1566 2418 1612 in
2438 1566 2678 1624 ulteriora,

128 1643 219 1691 bus
259 1644 597 1703 sagittariorum
640 1658 778 1688 manu
822 1644 1056 1688 instructis
1085 1643 1171 1704 (de
1197 1660 1288 1704 qua
1322 1661 1372 1690 re
1441 1656 1614 1687 merces
1650 1641 1885 1702 AEgyptias
1921 1640 2161 1701 exportari
2191 1639 2419 1686 videmus.
2451 1640 2680 1687 Nimirum

130 1719 247 1765 nihil
265 1718 387 1780 apud
414 1717 629 1764 Nostrum
658 1718 807 1777 legere
836 1720 927 1776 est)
954 1718 1169 1764 stationes
1190 1718 1371 1765 Indicas
1440 1717 1612 1762 Azania
1647 1714 1911 1777 pertinebat
1943 1714 2000 1760 ad
2040 1730 2231 1774 regnum
2268 1713 2554 1761 Charibaelis
2585 1714 2680 1763 Sa·-

132 1795 514 1856 srequentavit.—
530 1794 915 1840 Praeterlaudatos
925 1796 1052 1839 viros
1064 1794 1223 1841 doctos
1234 1797 1373 1841 nemi·
1441 1792 1645 1838 baeorum
1664 1793 1798 1851 regis,
1817 1789 1875 1836 ab
1899 1805 2047 1851 eoque
2061 1789 2331 1836 demandata
2348 1800 2446 1836 erat
2467 1789 2687 1841 Chalaebo
2722 1853 2724 1855 ‚

130 1884 235 1915 nem
253 1870 363 1931 novi
380 1869 459 1930 qui
475 1869 580 1914 data
591 1884 730 1931 opera
745 1869 802 1914 de
819 1879 947 1914 aetate
967 1870 1112 1914 nostri
1132 1871 1372 1932 scriptoris
1440 1866 1764 1928 Mapharitidis
1808 1865 2015 1925 regionis
2061 1875 2257 1926 tyranno
2296 1865 2397 1911 sive
2438 1865 2680 1927 prael'ecto',

131 1944 447 2004 inquisiverit.
481 1943 572 1998 Qui
588 1943 732 1989 verbo
757 1959 852 1989 rem
876 1944 1129 2003 attingunt,
1154 1955 1204 1990 ut
1222 1945 1370 2006 pluri-
1442 1942 1573 2003 cujus
1596 1943 1643 1987 in
1666 1941 1933 2004 praesectura
1948 1935 2184 1987 Muzenses
2206 1941 2481 1987 commercia
2502 1941 2695 1988 Azania

132 2034 255 2065 mum
269 2019 479 2065 Salmasii
496 2019 568 2064 vel
582 2018 1047 2065 Vincentisenteutias
1065 2019 1263 2082 probant
1283 2020 1371 2081 (*¹').
1442 2035 1469 2064 a
1506 2034 1612 2079 rege
1647 2018 1949 2065 redemerant.
1989 2018 2147 2079 ltaque
2178 2018 2330 2064 Graeci
2379 2018 2699 2079 negotiatores
2735 2052 2743 2085 .;

200 2097 304 2154 173.
324 2098 651 2142 Aaounzu‘ruu
668 2096 838 2157 peripli
857 2097 920 2142 ita
930 2095 1191 2154 delineabo‚
1210 2108 1259 2142 ut
1275 2098 1371 2158 pri·
1443 2097 1620 2143 Azaniae
1670 2106 1831 2158 portus
1882 2111 1974 2141 non
2010 2096 2219 2141 solebant
2270 2096 2582 2157 frequentare,
2632 2109 2686 2143 ae

132 2186 258 2217 mum
282 2170 613 2233 geographica,
637 2171 805 2217 deinde
837 2172 1046 2231 nautica,
1067 2182 1161 2217 tum
1200 2187 1252 2217 ea
1272 2189 1373 2233 quse
1442 2172 1605 2218 Noster
1628 2188 1711 2218 sua
1737 2174 1793 2217 ab
1814 2170 2044 2217 Arabibus
2067 2171 2297 2233 accepisse
2326 2171 2522 2220 videtur.
2556 2170 2685 2220 Cete-
2700 2174 2710 2217 ἰ

133 2246 409 2293 commercia
442 2256 663 2307 spectent,
694 2246 854 2307 paucis
890 2246 1291 2308 comprehendam.
1333 2250 1371 2291 Α
1444 2263 1546 2293 rum
1590 2264 1692 2310 quae
1725 2248 1782 2294 de
1823 2248 1994 2293 Azania
2037 2248 2086 2293 in
2126 2248 2306 2311 periplo
2352 2248 2566 2309 leguntur
2581 2282 2595 2306 ,
2634 2250 2726 2302 inst*

130 2321 376 2377 Berenice,
444 2321 633 2383 ἐμπορίῳ
669 2320 1028 2383 ἀποδεδειγμένῳ,
1074 2322 1373 2382 proficiscens
1444 2324 1711 2370 universum
1747 2332 1869 2370 recte
1905 2321 2075 2368 habent
2120 2322 2390 2385 facilemque
2438 2323 2687 2372 admittunt
2710 2316 2719 2353 s

132 2405 308 2451 auctor,
319 2405 422 2457 post
431 2394 615 2441 brevem
634 2395 940 2455 Myoshormi,
952 2395 1141 2442 alterius
1152 2399 1370 2458 emporii,
1444 2399 1795 2460 explicationem
1809 2432 1821 2454 ,
1843 2397 1951 2444 dum
1965 2397 2200 2443 Ptolemaei
2218 2397 2276 2444 de
2298 2397 2455 2445 eadem
2477 2413 2560 2445 ora
2577 2410 2704 2446 nar-

132 2471 427 2524 mentionem,
445 2470 647 2531 primum
682 2469 734 2514 τὰ
773 2471 822 2515 δε
837 2468 915 2523 Et&
947 2469 1049 2515 ἀπὸ
1089 2472 1156 2517 Βε
1171 2471 1374 2533 ρενίκης
1445 2478 1561 2523 ratio
1603 2476 1896 2522 vehementer
1953 2474 2146 2521 laborat.
2185 2474 2321 2523 Recte
2358 2475 2565 2523 fortassis
2605 2474 2684 2523 ille

133 2549 231 2593 sive
267 2545 491 2606 Libycum
536 2546 646 2590 litus
690 2545 912 2591 describit
955 2546 1008 2605 (§
1059 2547 1165 2591 1-18
1188 2545 1218 2607 ).
1263 2548 1375 2594 Post.
1445 2563 1604 2597 contra
1623 2552 1848 2597 Marinum
1877 2551 2008 2611 (cum
2036 2566 2128 2610 quo
2159 2550 2321 2596 Noster
2347 2550 2480 2611 facit)
2503 2560 2707 2598 conten-

132 2620 375 2681 AEgyptum
402 2621 540 2678 igitur
562 2635 688 2665 oram
728 2620 1004 2664 maritimam
1043 2620 1373 2683 ichthyophagi
1444 2626 1511 2671 dit
1534 2642 1626 2670 non
1653 2641 1751 2670 esse
1774 2626 1895 2670 inter
1922 2640 2085 2683 magna
2122 2635 2166 2669 et
2190 2640 2334 2685 parva
2370 2627 2590 2687 Apocopa
2613 2626 2706 2697 ‘¹³3

133 2695 327 2756 sparsim
351 2694 577 2749 incolunt,
601 2693 936 2739 mediterranea
959 2709 1069 2739 vero
1092 2694 1281 2741 Barbari
1308 2707 1374 2741 te·
1444 2700 1767 2759 stinguendum
1788 2701 1859 2760 (v.
1886 2710 1980 2745 not.
2014 2716 2060 2761 p.
2096 2701 2186 2744 268
2207 2703 2233 2760 ),
2264 2700 2342 2746 sed
2363 2716 2465 2762 quae
2488 2701 2610 2749 idem
2627 2695 2715 2751 ds

133 2778 260 2826 nent,
281 2784 398 2829 quos
415 2768 696 2829 Agriophagi
713 2779 757 2813 et
774 2768 1098 2829 Moschophagi
1120 2770 1372 2832 excipiunt.
1446 2777 1624 2835 magnis
1650 2775 1833 2820 Azaniae
1869 2774 2088 2830 sinubus,
2114 2774 2195 2835 qui
2226 2775 2341 2820 nulli
2372 2786 2503 2836 sunt,
2537 2775 2689 2838 dequ*

136 2844 354 2906 Sequitur
369 2860 394 2889 a
408 2844 761 2906 Moschophagis
773 2846 829 2889 ad
854 2845 1019 2889 alteros
1039 2846 1229 2891 Aualitae
1247 2847 1373 2894 sinus
1445 2867 1604 2899 eorum
1629 2850 1747 2897 serie
1765 2859 1810 2897 et
1834 2850 1891 2895 de
1910 2849 2219 2895 Menuthiadis
2242 2850 2405 2896 insulae
2421 2850 2512 2897 situ
2528 2850 2683 2910 habet,

134 2918 366 2966 Barbaros
404 2920 639 2979 pertinens
667 2936 855 2979 regnum
891 2923 1260 2971 Auxumitarum.
1304 2924 1372 2970 lbi
1445 2943 1471 2972 a
1491 2942 1600 2973 vera
1618 2942 1711 2972 orae
1737 2927 1881 2985 ligura
1897 2925 2164 2986 longissime
2182 2925 2400 2971 recedunt
2420 2934 2465 2971 et
2485 2926 2657 2974 ex-mal

134 2995 186 3043 iu
214 3011 296 3043 ora
319 2996 548 3042 maritima
569 3006 729 3058 quater
760 2997 887 3043 mille
923 3015 948 3043 a
977 2999 1191 3046 Berenice
1214 3001 1374 3047 stadiis
1445 3002 1602 3048 mixtis
1635 3000 1839 3047 sontibus
1863 3001 2054 3046 conflata
2091 3000 2147 3046 ad
2189 3010 2388 3061 systema
2412 3000 2700 3065 geograpbiss

135 3072 347 3120 dissitum
378 3074 635 3135 emporium
659 3084 794 3135 portu
817 3091 1002 3135 carens,
1025 3076 1270 3123 Ptolemais
1290 3078 1371 3123 Ve·
1445 3095 1545 3124 cum
1562 3113 1574 3135 ,
1610 3078 1858 3124 secundum
1894 3078 2017 3138 quod
2054 3077 2215 3122 ultima
2245 3076 2401 3138 Libyae
2431 3086 2540 3123 tunc
2569 3092 2650 3124 no

135 3149 373 3196 nationum
392 3151 447 3211 (5
466 3151 519 3210 3)
537 3167 550 3207 ;
569 3150 730 3196 deinde
754 3162 858 3211 post
882 3152 971 3197 alia
995 3162 1062 3197 ter
1083 3154 1209 3199 mille
1228 3155 1374 3200 stadia
1446 3154 1591 3213 magis
1603 3168 1762 3199 versus
1780 3152 2016 3197 meridiem
2036 3151 2331 3210 producenda
2341 3161 2486 3207 erant,
2508 3166 2661 3198 accom
2678 3168 2688 3213 .

134 3223 299 3271 Adulis
322 3224 517 3287 ἐμπόριον
540 3224 714 3285 νόμιμον
750 3226 798 3270 in
837 3226 939 3271 sinu
979 3228 1209 3288 profundo
1246 3232 1370 3290 posi·
1446 3228 1626 3274 modata
1658 3243 1757 3273 esse
1782 3227 1895 3272 mihi
1916 3226 2146 3271 videntur.
2580 3259 2584 3263 .
2695 3274 2698 3275 ⁷

139 3309 259 3358 tum,
287 3302 333 3345 in
370 3301 494 3361 quod
518 3316 544 3346 e
577 3301 924 3346 mediterraneis
952 3318 1031 3362 per
1068 3304 1291 3364 Cycniurn
1331 3318 1374 3351 et
1515 3302 1698 3360 174>ln
1727 3302 1868 3346 altera
1900 3300 2068 3361 peripli
2100 3309 2227 3360 parte
2253 3300 2307 3359 (S
2351 3315 2405 3359 ¹9
2437 3301 2581 3363 sqq.)
2625 3318 2649 3347 τ
2683 3317 2694 3348 ς,-

137 3378 375 3421 Auxumen
398 3387 441 3422 et
464 3376 637 3422 Coloen
654 3377 770 3423 ebur
786 3377 993 3426 confluit.
1015 3379 1191 3425 Deinde
1211 3392 1375 3442 praeter
1446 3378 1569 3425 εὖών
1582 3397 1605 3423 υ
1619 3397 1650 3437 μ
1663 3395 1688 3421 α
1705 3378 1738 3425 ,ἀ
1753 3375 1813 3421 πὸ
1846 3377 1879 3422 Β
1892 3374 2060 3437 :puta
2076 3393 2103 3430 η
2116 3392 2134 3426 ς
2152 3389 2388 3435 exponens
2406 3385 2565 3422 auctor
2583 3374 2658 3438 pri
2686 3435 2694 3444 .

137 3448 295 3494 Alalaei
322 3451 496 3496 insulas
518 3452 750 3512 aliumque
766 3455 913 3498 sinum
937 3454 1366 3518 profundissimum,
1447 3470 1570 3501 mum
1606 3462 1827 3498 memorat
1851 3451 2028 3497 Leucen
2050 3467 2227 3506 comen,
2253 3450 2566 3499 Nabataeorum
2671 3446 2677 3460 ³

2636 3581 2651 3599 .
2700 3590 2701 3593 ,

184 3608 238 3659 (·)
266 3609 370 3649 ldem
393 3610 709 3650 schwanbeckius
734 3614 863 3651 censet
882 3615 1024 3662 periplo
1043 3618 1173 3654 nostro
1200 3627 1311 3655 usum
1330 3626 1412 3655 esse
1441 3614 1703 3658 Ptolemaeum,
1728 3623 1798 3651 nec
1827 3621 1902 3650 non
1928 3612 1966 3651 in
1985 3611 2078 3651 Tab.
2111 3612 2396 3661 peutingeriana
2428 3612 2612 3652 nonnulla
2636 3619 2695 3655 οἱ

94 3695 98 3698 .
133 3661 269 3704 eodem
289 3667 457 3703 assumta
474 3676 568 3703 esse.
594 3668 688 3710 Quae
715 3668 752 3704 in
778 3669 875 3705 lianc
896 3670 1121 3708 sententiam
1142 3671 1287 3718 attulit,
1309 3682 1424 3720 quam
1448 3671 1525 3709 sint
1544 3668 1770 3714 levidensia,
1792 3678 1867 3706 non
1897 3677 2060 3717 expono.
2088 3667 2251 3706 Probent
2270 3668 2342 3707 ista
2370 3667 2451 3717 qui,
2482 3668 2512 3707 sl
2531 3664 2687 3708 nomini

132 3718 311 3769 quodam
333 3719 372 3759 in
388 3720 539 3759 duobus
556 3722 801 3770 scriptoribus
826 3722 925 3760 idem
944 3728 1210 3772 argumentum
1230 3727 1482 3766 tractantibus
1499 3724 1630 3765 eadem
1654 3725 1872 3771 occurrant,
1889 3724 2051 3763 alterum
2071 3734 2140 3762 sua
2159 3723 2300 3763 debere
2318 3734 2366 3764 ex
2392 3724 2511 3763 attero
2532 3722 2687 3764 duxit„

182 3826 259 3880 (⁹)
278 3830 327 3869 V.
342 3832 526 3870 Mannert.
546 3833 576 3879 1,
593 3842 629 3880 p.
659 3836 719 3874 131
746 3832 820 3880 (de
837 3844 914 3882 quo
929 3835 979 3872 cs.
996 3845 1109 3884 supra
1125 3847 1161 3885 p.
1180 3848 1299 3877 xcvui
1315 3840 1395 3877 not.
1414 3838 1445 3887 ),
1462 3837 1582 3876 Ulsert
1607 3838 1744 3884 Geoqr.
1765 3838 1795 3885 1,
1818 3847 1855 3885 p.
1872 3836 2200 3884 209385tter10c0
2214 3845 2329 3885 supra
2344 3844 2382 3884 p.
2402 3842 2489 3873 xcvi
2510 3826 2682 3874 nina-td

133 3885 275 3935 Bent'ey
299 3884 338 3925 ln
355 3885 488 3939 Brucla
509 3897 551 3926 ιι.
582 3887 781 3927 Gruber's
803 3890 957 3937 Encycl.
983 3900 1021 3928 v.
1047 3892 1175 3931 indien
1189 3904 1225 3942 p.
1242 3898 1290 3932 90
1309 3896 1321 3942 (
1340 3894 1405 3943 qui
1432 3893 1616 3942 periplum
1636 3892 1736 3930 circa
1751 3901 1813 3929 an.
1834 3896 1882 3930 60
1899 3902 1936 3941 p.
1957 3895 2001 3931 c.
2025 3893 2206 3941 scriptum
2226 3901 2304 3930 csse
2321 3891 2462 3929 censet.
2479 3890 2522 3939 );
2545 3892 2658 3929 Laese

135 3940 350 3981 zeitscurm
365 3941 426 3981 sur
442 3941 504 3981 die
518 3942 654 3983 Kunde
671 3942 737 3982 des
756 3945 1123 3994 Morgenlandes1V‚
1144 3958 1183 3995 p.
1204 3953 1284 3987 198.
1311 3951 1429 3988 Lucas
1448 3947 1662 3986 unisti-nius
1677 3947 1713 3985 in
1726 3948 1882 3995 epistola
1902 3947 1948 3986 ad
1971 3947 2194 3987 Peirescium
2214 3949 2226 3996 (
2241 3957 2278 3996 p.
2304 3949 2345 3985 17
2367 3946 2404 3983 ln
2425 3955 2484 3995 ep.
2510 3944 2687 3985 Parisinh

133 3995 334 4090 ξῖἓὶῐέὧὶί)
353 3996 400 4036 de
424 4000 554 4093 nostrp
570 4001 727 4040 auctore
749 3998 831 4040 lunc
851 3999 964 4040 habet
990 4017 999 4040 ι
1025 4018 1043 4034 e«
1071 4005 1226 4042 certum
1253 4007 1308 4043 est
1330 4005 1444 4043 tuisse
1463 4006 1710 4043 mercatorem
1737 4003 2031 4043 Alexandrinum
2068 4004 2269 4054 σύγχρονον
2297 4001 2440 4041 Marino
2466 4000 2580 4050 Tyrio
2615 4007 2695 4040 aux

288 4062 345 4091 aeo
364 4063 525 4104 geograp
539 4065 589 4094 ιο.
610 4070 628 4090 υ
2669 4062 2673 4066 ⁴
