2808 4342
0 1513 80 1587 {320

944 113 1331 173 STADIASMUS
1356 119 1553 167 MARIS
1586 120 1800 168 MAGNI.

107 214 125 274 [
145 211 310 274 δεξιὰν]
329 212 426 258 πλέε
445 211 514 258 ἐπὶ
536 211 608 264 τὰς
630 212 862 276 Ἀμοργίας·
888 214 961 271 τήν
983 235 1025 262 τε
1045 208 1250 265 Δόνουσαν
1275 220 1345 265 καὶ

106 281 180 336 τὴν
204 280 340 334 Νάξον
359 279 430 325 καὶ
452 279 526 335 τὴν
549 280 706 327 Κύθνον
725 282 794 344 ἔχε
819 283 968 337 δεξιάν.

170 364 250 398 282.
283 347 386 395 Ἐὰν
411 346 453 393 δὲ
475 348 594 410 θέλῃς
615 348 682 395 διὰ
705 351 839 407 νήσων
863 352 1002 399 πλέειν
1016 389 1029 415 ,
1046 354 1172 408 οὕτως
1194 357 1342 408 πλέεις·

170 414 269 461 Ἀπὸ
292 418 369 462 Κῶ
392 417 447 467 εἷς
466 416 596 479 Λέρον
618 418 804 472 σταδίους
826 421 902 469 ον’.

170 483 248 530 Ἐκ
266 484 399 546 Λέρου
421 486 474 536 εἷς
496 485 695 533 Λέὸινθον
712 489 900 540 σταδίους
919 488 996 536 ον’.

169 551 248 598 Ἐκ
266 552 464 599 Λεὸίνθου
485 555 539 606 εἷς
566 554 742 616 Κίναρον
763 556 948 608 σταδίους
969 556 1027 619 φ’.

171 621 251 667 Ἐκ
275 622 457 685 Κινᾶρου
479 622 547 668 ἐπὶ
566 623 618 668 τὰ
642 623 810 684 ἔγγιστα
832 629 906 681 τῆς
933 625 1150 688 Ἀμοργίας
1174 629 1187 689 (
1206 627 1272 674 ἐπὶ
1290 624 1341 674 τὰ

104 690 264 752 πέρατα
280 692 293 749 )
323 691 507 743 σταδίους
525 689 605 738 πε’.

169 759 255 805 Καὶ
289 762 309 805 ὃ
334 759 574 823 παράπλους
599 762 671 815 τῆς
702 759 920 825 Ἀμοργίας
944 766 998 815 εἷς
1033 764 1203 811 Μινώαν
1236 784 1340 812 στα-

0 809 11 885 ξ
43 842 81 871 10
104 827 199 873 δίων
221 829 305 874 πε’.

166 897 184 956 [
197 896 295 942 Ἀπὸ
304 896 477 949 Μινώας
487 898 554 943 ἐπὶ
567 897 640 954 τὴν
654 898 826 962 Κέρειαν
840 901 1028 961 πλεύσεις
1039 903 1225 955 σταδίους
1233 903 1339 967 πε’].

165 963 246 1011 Ἐκ
269 967 341 1020 τῆς
366 965 566 1027 Κερείας,
599 967 808 1028 ,εὐώνυμον
839 971 944 1030 ἔχων
964 971 1039 1027 τὴν
1065 971 1262 1035 Κέρειαν,
1286 974 1342 1024 εἷς

102 1034 169 1080 τὸν
193 1033 360 1087 Ναξίων
385 1036 605 1097 Πάνορμον
629 1037 815 1089 σταδίους
832 1037 901 1090 ξε’.

166 1103 266 1149 Ἀπὸ
289 1108 360 1150 τοῦ
386 1105 610 1167 Πανόρμου
634 1109 688 1157 εἷς
712 1108 845 1161 Δῆλον
863 1108 1050 1160 σταδίους
1072 1109 1149 1156 υκ’.

167 1189 246 1220 283.
283 1172 384 1218 Ἀπὸ
403 1175 480 1219 Κῶ
500 1176 553 1225 εἷς
573 1174 702 1236 Λέρον
726 1175 913 1228 σταδίους
927 1177 1006 1224 τκ’.

165 1241 263 1287 Ἀπὸ
291 1241 425 1304 Λέρου
449 1242 517 1287 ἐπὶ
542 1243 588 1288 τὸ
613 1243 837 1305 Παρθένιον
861 1246 1046 1297 σταδίους
1069 1245 1118 1298 ξ’.

165 1309 263 1356 Ἀπὸ
290 1311 308 1370 [
325 1314 394 1355 τοῦ
414 1312 641 1373 Παρθενίου
655 1313 759 1373 τῆς]
782 1311 914 1375 Λέρου
933 1314 999 1358 ἐπὶ
1016 1313 1062 1358 τὸ
1071 1317 1142 1368 τῆς
1163 1313 1340 1375 Πάτμου

100 1377 339 1437 Ἀμαζόνιον
362 1379 547 1430 σταδίους
571 1381 625 1425 σ’.

163 1447 262 1492 Ἀπὸ
292 1452 363 1493 τοῦ
395 1448 634 1507 Ἀμαζονίου
663 1449 730 1495 ἐπὶ
754 1450 826 1505 τὴν
851 1450 1034 1513 Κορσίαν
1066 1451 1253 1503 σταδίους
1282 1452 1335 1498 υ’.

163 1514 262 1560 Ἀπὸ
282 1519 352 1571 τῆς
377 1515 484 1579 ἄψης
499 1517 521 1540 *
542 1517 780 1576 Ἀμαζονίου
804 1521 858 1570 εἷς
883 1522 1017 1575 Δῆλον
1042 1519 1229 1571 σταδίους
1252 1519 1336 1582 ψν’.

163 1583 262 1629 Ἀπὸ
285 1584 423 1640 Δήλου
447 1587 501 1636 εἷς
520 1588 653 1647 Σῦρον
675 1587 860 1638 σταδίους
885 1589 960 1648 ρν’.

3 1708 10 1741 ’7
61 1746 67 1751 -
97 1718 188 1759 πλέε
211 1718 273 1759 ἐπὶ
293 1719 361 1767 τὰς
381 1718 616 1774 Ἀμουργίας·
639 1721 708 1771 τήν
733 1736 774 1760 τε
786 1720 1006 1769 Νοσοῦσαν,
1024 1729 1104 1761 etc.
1125 1723 1249 1770 Recte
1271 1735 1337 1760 me

96 1781 304 1835 scripsisse
332 1779 402 1832 τὴν
436 1780 619 1835 Ὀροδίδα
646 1796 733 1821 11011
762 1795 963 1822 asseverO.
997 1782 1136 1821 Insula
1157 1796 1242 1822 non
1261 1781 1338 1821 alia

96 1856 182 1883 csse
216 1851 350 1897 potest
386 1857 510 1897 quam
543 1843 722 1891 Λέὸινθος
753 1843 882 1898 (hod.
917 1843 965 1884 τὰ
999 1844 1180 1897 Λέὸιδα),
1212 1859 1336 1898 quam

95 1913 328 1945 memorant
348 1905 494 1946 Strabo
513 1897 686 1960 pf487,
710 1906 818 1946 Mela
835 1907 891 1956 ΙΙ,
918 1921 959 1960 7,
980 1906 1136 1946 Plinius
1159 1907 1235 1956 IV,
1265 1907 1333 1956 23,

0 1995 17 2023 '5⁷
95 1967 291 2022 Stephan.
323 1980 364 2008 v.
399 1967 599 2022 Δρεπάνη,
638 1967 762 2008 Ovid.
786 1970 888 2009 Met.
927 1970 1045 2018 VHI,
1067 1981 1148 2008 222
1178 1976 1218 2008 et
1236 1970 1332 2009 Am.

4 2042 22 2056 s·
95 2030 152 2078 II,
176 2031 244 2080 81,
284 2030 435 2083 Geogr.
460 2032 562 2070 Rav.
582 2031 638 2080 V,
666 2044 734 2071 21.
761 2039 801 2070 et
826 2031 913 2085 ipse
931 2030 1181 2072 Stadiasmus
1210 2033 1232 2082 S
1255 2033 1334 2071 282

0 2090 11 2101 “
94 2091 138 2130 in
164 2091 243 2131 alio
285 2091 444 2147 diaplo,
488 2107 614 2147 quem
645 2107 697 2133 ex
726 2093 805 2133 alio
834 2093 948 2134 fonte
979 2092 1217 2134 desumtum
1249 2107 1334 2133 esse

95 2154 302 2208 suspicor;
342 2163 452 2195 certe
477 2170 520 2197 n.
556 2155 585 2195 l.
607 2155 789 2196 Λὲὖινθον
816 2157 982 2195 nonnisi
1005 2155 1183 2195 violenta
1200 2163 1335 2195 muta-

94 2216 206 2257 tione
227 2218 373 2272 reponi
401 2226 550 2272 potest.
587 2217 954 2270 Quemadmodum
978 2232 1076 2258 vero
1102 2217 1334 2271 complures

93 2291 143 2317 ex
163 2278 306 2318 insulis
329 2280 454 2319 maris
488 2279 614 2332 AEgaei
639 2278 690 2319 de
711 2279 859 2333 plantis
895 2280 1065 2319 nomina
1090 2278 1266 2329 habent,
1288 2288 1334 2319 ut

7 2346 20 2378 ’.
93 2338 145 2379 de
167 2341 302 2393 φακοῖς
326 2339 560 2389 Φακοῦσσα,
587 2339 639 2379 de
662 2340 809 2393 σχίνοις
830 2340 1070 2394 Σχινοῦσσα,
1097 2341 1154 2381 sic
1181 2342 1333 2395 Lepin-

92 2401 188 2441 thus
205 2401 327 2442 fuerit
345 2402 526 2442 cicerum
555 2402 701 2452 insula,
734 2416 864 2456 quum
889 2402 1099 2452 λεὸίνθιοι,
1128 2403 1333 2457 Hesychio

92 2471 207 2514 teste,
223 2463 460 2504 dicerentur
467 2463 504 2503 οἱ
515 2463 712 2518 ἐρὲδινθοι.
726 2465 845 2505 Salvo
860 2466 986 2519 igitur
1000 2467 1180 2507 nominis
1194 2480 1329 2517 sensu,

43 2536 48 2544 ·
91 2525 225 2566 insula
250 2528 387 2566 vocari
414 2526 536 2566 etiam
565 2527 699 2581 potuit
728 2525 944 2581 Ἔρέὸινθος
967 2537 1007 2568 et
1029 2543 1052 2568 a
1079 2542 1176 2568 voce
1197 2529 1331 2582 ὄροὸος

97 2585 247 2642 Ὀροὸἱς
260 2588 323 2628 vel
345 2587 549 2642 Ὀροὸῖτις.
573 2589 587 2642 ΙΙ
605 2612 661 2619 -
674 2588 728 2628 τὰ
741 2606 757 2636 ς
778 2588 811 2629 Ἀ
826 2606 852 2644 μ
864 2605 884 2629 ο
897 2606 916 2629 υ
927 2606 945 2645 ρ
958 2606 982 2645 γ
1000 2591 1010 2630 ί
1026 2606 1049 2630 α
1062 2607 1077 2637 ς
1091 2590 1222 2630 codex
1236 2591 1278 2631 h.
1301 2591 1328 2632 l.

90 2650 316 2704 pluraliter.
345 2650 471 2702 Quod
503 2651 581 2690 nisi
607 2651 776 2700 librario
802 2651 990 2702 debetur,
1017 2653 1068 2693 de
1089 2655 1272 2707 Amorgo
1291 2662 1332 2694 et

94 2710 374 2766 adjacentibus
391 2712 534 2752 insulis
554 2713 711 2766 exiguis
726 2713 893 2767 intelligi
913 2713 1049 2756 debet.

150 2776 286 2826 5282.
320 2773 400 2814 διὰ
424 2774 580 2826 νήσων
601 2775 615 2828 ]
640 2773 683 2813 id
720 2783 781 2814 est
803 2775 857 2815 ita
882 2783 929 2815 ut
958 2775 1009 2815 ab
1043 2775 1175 2815 insula
1196 2774 1248 2814 ad
1270 2776 1331 2819 in-¹

94 2836 224 2876 sulam
257 2837 436 2891 navigeS.
462 2835 762 2878 Antecedentes
794 2836 919 2891 diapli
943 2845 1059 2878 erant
1083 2837 1146 2877 διὰ
1182 2837 1326 2891 πόρου,

91 2912 166 2952 per
188 2898 342 2939 fretum
371 2900 455 2939 sive
484 2913 558 2954 per
580 2899 770 2949 aulones,
810 2899 954 2939 insulis
986 2915 1007 2940 a
1037 2901 1199 2940 sinistra
1225 2900 1286 2940 vel
1307 2914 1330 2940 a

17 2986 27 3002 η
91 2960 238 3001 dextra
259 2960 425 3001 relictis.
451 2963 560 3001 Ante
582 2961 708 3001 verba
738 2960 811 3001 ἀπὸ
832 2961 897 3001 Κῶ
923 2961 1054 3002 codex
1070 2962 1234 3002 titulum
1256 2961 1329 3002 ha-

89 3023 159 3064 bet
177 3023 360 3075 Νῆσοι,
383 3037 507 3077 quem
532 3022 646 3077 ejeci.
677 3024 691 3076 Η
711 3047 768 3053 -
799 3022 893 3078 ον’]
917 3025 1044 3064 Linea
1069 3033 1180 3065 recta
1198 3023 1330 3064 insula

89 3085 212 3126 distat
228 3085 358 3126 stadia
373 3098 454 3127 220
465 3101 476 3135 ;
495 3100 621 3139 quare
637 3086 845 3140 scripseris
867 3100 994 3126 manu
1016 3086 1097 3127 leni
1120 3085 1208 3135 σν’;
1227 3094 1328 3126 atta-

89 3161 186 3188 men
217 3149 377 3202 supra§
404 3160 483 3201 279
505 3162 527 3187 a
557 3148 616 3187 Co
632 3146 684 3187 ad
708 3149 862 3188 Lerum
884 3156 981 3188 sunt
1016 3147 1146 3188 stadia
1173 3145 1257 3197 τν’,
1290 3155 1329 3187 et

91 3212 113 3262 S
137 3210 215 3251 283
241 3209 371 3250 stadia
392 3208 470 3249 τκ’.
504 3210 519 3263 Η
536 3209 812 3264 -Κίναρον
831 3210 846 3264 ]
874 3210 1034 3264 Κίναρος
1055 3209 1186 3249 insula
1209 3223 1328 3250 voca-

90 3280 160 3312 tur
178 3273 300 3312 etiam
319 3286 343 3311 a
362 3271 482 3311 Semo
506 3285 573 3325 ap.
599 3272 845 3312 Athenaeum
873 3274 928 3322 ΙΙ,
950 3287 993 3328 p.
1023 3285 1092 3325 71,
1115 3272 1147 3312 C
1176 3279 1216 3311 et
1234 3271 1328 3312 Plu-

27 3332 33 3336 ⁷
91 3334 222 3374 tarch.
240 3335 302 3373 De
319 3333 440 3372 exilio
460 3347 497 3372 c.
520 3334 543 3373 8
563 3347 605 3387 p.
633 3347 713 3386 727
727 3334 794 3374 ed.
817 3333 959 3375 Didot.
979 3347 988 3374 ε
1011 3334 1191 3389 Κίναρον,
1211 3333 1327 3385 σκλη-

92 3395 178 3450 ρὰν,
205 3394 375 3450 ἄκαρπον
407 3393 473 3434 καὶ
503 3394 726 3448 φυτεύεσθαι
766 3395 904 3447 κακήν.
953 3396 1115 3444 Cinara,
1153 3396 1322 3449 Κίναρα,

90 3457 242 3498 dicitur
253 3471 319 3511 ap.
339 3456 490 3496 Melam
513 3464 554 3496 et
573 3455 767 3506 Plinium,
783 3457 902 3497 sicuti
920 3457 1045 3497 hodie
1064 3457 1223 3497 Kinara
1240 3458 1255 3508 (
1271 3457 1322 3497 al.

27 3513 31 3516 ’
89 3519 250 3560 Zinara
268 3518 299 3574 ).
336 3519 424 3573 Η-
445 3517 511 3573 φ’]
536 3518 612 3572 leg.
652 3517 701 3558 ν’.
735 3518 751 3571 ΙΙ
777 3541 833 3548 —
861 3521 928 3576 τῆς
955 3517 1174 3573 Ἀμουργίας
1194 3519 1324 3559 codex

90 3581 133 3622 h.
160 3581 186 3621 l.
210 3589 251 3621 et
271 3595 370 3621 mox
390 3582 558 3622 iterum.
579 3582 665 3621 Aut
700 3579 825 3620 verba
854 3579 915 3620 ἐπὶ
933 3579 980 3620 τὰ
1010 3581 1152 3635 πέρατα
1173 3589 1243 3621 aut
1266 3580 1326 3622 ἐπὶ

90 3641 138 3683 τὰ
162 3641 325 3697 ἔγγιστα
350 3641 564 3696 ejicienda.
594 3641 755 3682 Deinde
777 3640 952 3696 majores
975 3641 1242 3684 suntffturbae.
1262 3644 1324 3683 Ita

94 3704 255 3746 codex:
281 3704 346 3746 καὶ
367 3704 388 3744 ὁ
403 3704 624 3759 παράπλους
647 3703 708 3745 ἐπὶ
728 3703 794 3751 τὰς
822 3704 982 3758 Κορσίας
1011 3705 1118 3744 σταδ.
1152 3703 1209 3745 π’.
1235 3703 1323 3746 Ἀπὸ

92 3767 264 3822 Κορσίων
285 3765 335 3814 εἰς
356 3767 515 3819 Μηνόας
539 3766 648 3806 σταδ.
673 3764 748 3806 κε’.
776 3764 845 3805 Ἔν.
880 3768 947 3817 τῆς
975 3765 1158 3820 Κορσίας,
1188 3765 1325 3808 εὐώνυ-

34 3871 39 3877 ,
95 3844 165 3884 μον
195 3829 297 3883 ἔχων
334 3827 404 3880 τὴν
437 3829 619 3883 Κορσίαν,
639 3827 689 3875 εἷς
711 3827 777 3868 τὸν
812 3826 961 3875 Ναξίων
996 3829 1194 3883 πάνορμον
1234 3829 1322 3870 κτλ.

22 3887 26 3891 ’
93 3894 228 3944 Quam
245 3892 288 3932 in
306 3892 548 3932 sententiam
577 3891 640 3931 hae
660 3890 800 3930 sordes
823 3890 1069 3944 refingendae
1085 3891 1186 3942 sint,
1210 3890 1325 3932 facile

14 3945 35 4032 ἕ·
94 3953 296 4008 intelligis.
323 3954 511 3997 Primum
529 3952 580 3994 ab
595 3960 778 3994 extrema
802 3952 972 4006 Amorgi
995 3960 1111 4007 parte
1126 3951 1243 4008 juxta
1262 3955 1324 3995 in-

2552 137 2646 178 499

1414 243 1437 268 a
1468 228 1613 270 dextra
1650 229 1878 271 Orobidem
1911 232 1928 284 (
1943 245 2017 273 seu
2047 233 2333 286 Erebinthum,
2369 237 2613 293 Lepintlmm
2630 241 2642 296 )

1413 305 1506 338 tene
1523 298 1565 339 in
1580 301 1816 354 Amorgias3
1834 300 1984 342 deinde
1999 304 2214 344 Donusam
2225 312 2266 345 et
2282 305 2445 347 Naxum
2464 315 2504 348 et
2519 309 2646 364 Cyth-

1412 381 1514 408 num
1531 382 1555 408 a
1570 368 1713 410 dextra
1734 369 1852 410 habe.

1468 438 1564 477 282.
1597 437 1666 477 Sin
1700 451 1775 492 per
1802 438 1952 479 insulas
1970 440 2161 493 navigare
2183 441 2302 492 velis,
2328 443 2384 484 ita
2402 445 2610 499 navigabis
2632 459 2641 487 :

1467 506 1503 545 A
1528 505 1588 545 Co
1610 505 1653 544 in
1674 507 1828 546 Lerum
1850 505 1980 547 stadia
2004 507 2084 548 350
2110 506 2191 564 (τν’
2206 510 2238 562 ).

1470 574 1502 613 Α
1528 573 1635 612 Lero
1648 573 1691 612 in
1712 573 1964 615 Lebinthum
1983 574 2112 616 stadia
2128 575 2224 618 250.

1465 641 1498 680 A
1524 639 1728 680 Lebintho
1747 642 1790 681 in
1811 642 2007 682 Cinarum
2029 642 2158 684 stadia
2187 643 2239 686 50
2258 645 2344 699 (ν’).
2368 655 2370 658 ·

1466 710 1502 748 Α
1522 708 1670 749 Cinara
1691 708 1743 749 ad
1769 711 1975 765 Amorgiae
1993 713 2292 755 extremitatem
2313 714 2439 756 stadia
2461 715 2530 757 85-.

1465 777 1821 830 Praeternavigatio
1837 780 2042 833 Amorgiae
2057 781 2135 822 ins.
2154 795 2286 836 usque
2306 782 2359 823 ad
2376 784 2557 824 Minoam
2573 798 2626 827 ἰν

1409 842 1505 882 bem
1527 843 1754 884 stadiorum
1779 844 1845 886 85.

1468 911 1484 964 [
1502 914 1545 951 A
1565 911 1711 952 Minoa
1733 912 1791 952 ad
1809 913 1964 954 Cer-iam
1985 914 2161 956 insulam
2184 916 2326 958 stadia
2346 917 2414 959 85.
2432 918 2447 972 ]

1464 981 1502 1019 A
1520 979 1646 1019 Cerea
1660 1010 1671 1029 ‚
1699 994 1723 1019 a
1755 981 1917 1021 sinistra
1935 983 2109 1024 insulam
2143 984 2313 1035 habens,
2347 985 2555 1039 navigabis
2589 986 2641 1027 ad

1409 1047 1637 1087 Naxiorum
1655 1048 1909 1089 Panormum
1934 1049 2074 1090 stadiis
2099 1053 2165 1093 65.

1466 1115 1502 1154 Α
1523 1115 1730 1156 Panormo
1745 1115 1798 1156 ad
1820 1116 1970 1156 Delum
1985 1117 2115 1158 stadia
2138 1122 2234 1167 420.

1468 1183 1564 1222 283.
1596 1184 1633 1223 Α
1652 1183 1711 1223 Co
1728 1182 1780 1223 ad
1803 1185 1955 1224 Lerum
1977 1184 2107 1225 stadia
2130 1186 2225 1227 320.

1467 1254 1503 1291 A
1531 1253 1638 1291 Lero
1660 1252 1712 1292 ad
1732 1254 1999 1293 Parthenium
2022 1254 2118 1294 Leri
2144 1255 2273 1295 stadia
2294 1260 2360 1298 60.

1467 1321 1501 1358 A
1524 1318 1746 1359 Parthenio
1765 1320 1861 1359 Leri
1876 1320 2023 1360 'insulae
2040 1320 2093 1361 ad
2114 1323 2248 1362 Patmi
2271 1325 2542 1365 Amazonium
2564 1333 2641 1365 sta·

1412 1385 1479 1426 dia
1494 1398 1590 1427 200.

1465 1452 1531 1493 Ab
1554 1454 1780 1493 Amazonio
1807 1453 1859 1494 ad
1875 1455 2058 1495 Corsiam
2082 1456 2212 1497 stadia
2231 1470 2309 1499 100
2329 1458 2345 1510 (
2362 1461 2393 1512 ρ’
2415 1459 2428 1514 )

1410 1522 1446 1560 Α
1469 1521 1614 1562 Corsia
1637 1523 1653 1574 (
1675 1520 1762 1562 Ἀπὸ
1782 1525 1848 1573 τῆς
1867 1523 2028 1581 Κορσίας
2046 1523 2060 1580 )
2090 1524 2142 1565 ad
2163 1525 2312 1566 Delum
2331 1526 2460 1567 stadia
2477 1528 2572 1581 750.

1466 1590 1503 1628 A
1522 1589 1625 1628 Delo
1641 1589 1694 1629 ad
1709 1591 1858 1644 Syrum
1877 1590 2007 1631 stadia
2029 1591 2121 1633 150.

1406 1722 1535 1762 sulam
1551 1722 1827 1775 navigandum
1840 1732 1925 1763 erat
1936 1723 1988 1763 ad
2004 1725 2182 1765 Minoam
2196 1727 2415 1776 civitatem,
2428 1741 2642 1783 quousque

1406 1797 1548 1822 revera
1569 1792 1666 1823 sunt
1693 1784 1822 1824 stadia
1845 1784 1911 1825 85.
1939 1787 2046 1826 Hinc
2068 1787 2100 1826 si
2133 1788 2225 1840 quis
2247 1788 2289 1826 in
2312 1788 2544 1829 Samiorum
2568 1793 2643 1830 Pa-

1406 1858 1600 1884 normum
1623 1853 1820 1895 transeat,
1840 1846 1882 1886 in
1905 1847 2043 1887 medio
2058 1862 2182 1888 cursu
2200 1849 2320 1889 obvia
2339 1849 2385 1888 fit
2403 1850 2535 1891 insula
2552 1866 2642 1906 quae

1384 1904 1391 1911 ”
1406 1921 1517 1947 nunc
1530 1915 1698 1947 vocatur
1711 1907 1809 1947 Keri
1823 1908 1885 1948 vel
1901 1912 2049 1950 Kar-os.
2065 1911 2124 1950 Ea
2135 1919 2195 1950 est
2209 1911 2425 1951 Stadiasmi
2443 1912 2638 1964 KOPCIA,

1405 1969 1519 2022 quod
1542 1978 1783 2024 corruptum
1814 1978 1874 2010 est
1899 1985 1949 2011 ex
1974 1970 2164 2016 ΚΕΡΕΙΑ.
2199 1974 2303 2013 Nam
2337 1973 2480 2028 Κορσία
2511 1976 2642 2017 insula

1406 2030 1514 2070 inter
1543 2031 1710 2071 Samum
1733 2039 1774 2071 et
1801 2032 1975 2071 Icariam
1990 2041 2030 2072 et
2052 2035 2242 2073 Patmum
2256 2035 2388 2089 posita
2410 2036 2462 2075 ad
2483 2051 2559 2077 nos
2577 2039 2640 2078 ni-

1405 2091 1463 2131 hil
1494 2093 1686 2146 pertinet.
1714 2094 1864 2134 Nostra
1900 2094 2032 2134 insula
2061 2097 2180 2135 Ceras
2210 2104 2382 2136 vocatur
2408 2098 2451 2137 in
2487 2100 2638 2154 Geogr.

1405 2155 1506 2193 Rav.
1529 2155 1583 2202 V,
1606 2167 1655 2193 21
1679 2167 1688 2193 ι
1722 2155 1962 2209 Lepinthus,
1982 2158 2156 2197 Carenus
2176 2159 2191 2209 (
2209 2157 2236 2196 l.
2259 2157 2476 2214 cinarus),
2505 2164 2636 2203 Ceras.

1404 2216 1467 2254 De
1483 2216 1690 2254 Panormo
1708 2216 1813 2254 Naxi
1829 2215 1970 2255 insulae
1986 2231 2088 2256 num
2107 2217 2271 2257 aliunde
2290 2228 2463 2270 constet,
2482 2235 2636 2275 quaero.

1410 2276 1425 2329 Η
1451 2300 1507 2306 --
1527 2275 1627 2330 υκ’]
1653 2277 1743 2316 Hoc
1771 2277 1948 2316 nimium
1977 2285 2058 2327 est,
2094 2279 2172 2317 nisi
2205 2280 2431 2333 Myconum
2463 2282 2638 2324 insulam

1403 2337 1724 2378 circumflexeris
1744 2346 1784 2378 et
1799 2352 1822 2378 a
1835 2338 1958 2378 borea
1976 2339 2020 2378 in
2036 2339 2185 2380 Delum
2209 2341 2407 2394 appellasf,
2425 2351 2472 2383 ut
2486 2345 2530 2384 in
2549 2345 2637 2387 dia-

1401 2397 1470 2452 plo
1503 2401 1524 2450 5
1558 2401 1653 2439 280.
1676 2399 1845 2439 Summa
1869 2398 2096 2439 stadiorum
2129 2400 2331 2453 colligitur
2354 2402 2484 2454 13253
2515 2419 2638 2461 supra

1402 2462 1424 2511 §
1444 2462 1525 2501 280
1543 2469 1659 2500 erant
1679 2461 1796 2502 1300.

1458 2525 1479 2574 3
1503 2527 1598 2566 283.
1634 2523 1701 2563 Πα
1715 2524 1877 2577 ρθένιο
1891 2538 1909 2564 ν
1929 2525 1944 2578 ]
1982 2524 2249 2564 Parthenium
2279 2540 2363 2566 non
2391 2528 2543 2579 insula,
2564 2530 2635 2571 sed

1400 2585 1528 2636 locus,
1552 2587 1595 2625 in
1623 2586 1777 2626 boreali
1800 2587 1896 2626 Leri
1919 2587 2060 2627 insulae
2081 2595 2196 2641 parte
2222 2588 2323 2628 situs
2344 2588 2424 2629 dici
2449 2590 2632 2643 videtui-3

1400 2647 1503 2688 adeo
1533 2656 1580 2688 ut
1603 2646 1677 2689 ἀπὸ
1699 2648 1816 2702 Λέρου
1840 2647 1890 2695 εἰς
1915 2648 2124 2703 Παρθένιον
2162 2647 2307 2688 eodem
2334 2650 2461 2691 modo
2488 2652 2635 2693 intelli-

1400 2710 1531 2763 genda
1541 2711 1622 2750 sint
1633 2725 1716 2765 quo
1725 2710 1967 2766 infraghabes
1980 2724 1988 2751 :
2005 2710 2068 2751 ἀπ’
2082 2710 2238 2765 Ἄνδρου
2253 2710 2303 2759 εἰς
2311 2711 2449 2766 λιμένα
2457 2714 2631 2768 Γαυρίου,

1399 2773 1429 2813 i.
1451 2787 1488 2813 e.
1510 2787 1533 2812 a
1547 2781 1661 2827 parte
1686 2772 1820 2814 Andri
1843 2772 2123 2822 meridionali,
2150 2772 2222 2812 ubi
2248 2774 2431 2827 primum
2454 2775 2505 2815 ad
2522 2777 2634 2816 insu·

1398 2835 1479 2875 lam
1494 2843 1619 2875 nauta
1628 2834 1799 2884 accedit,
1821 2849 1951 2888 usque
1972 2834 2024 2874 ad
2039 2842 2208 2888 portum
2223 2835 2379 2876 insulae.
2403 2837 2418 2886 ΙΙ
2437 2860 2493 2868 —
2513 2836 2547 2877 ’A
2561 2854 2635 2894 μα-

1399 2899 1422 2945 ζ
1435 2898 1485 2938 όν
1503 2913 1545 2937 ιο
1558 2912 1576 2937 ν
1600 2897 1754 2946 Patmi,
1776 2896 1872 2936 alibi
1891 2911 1976 2936 non
1996 2904 2286 2947 memoratum,
2311 2898 2439 2951 quaeri
2454 2898 2574 2940 debet
2590 2901 2632 2941 in

1398 2958 1551 2999 boreali
1570 2958 1711 2998 insulae
1729 2966 1867 3012 parte,
1890 2957 1942 2998 ad
1959 2972 2083 3012 quam
2104 2958 2311 3012 pertinent
2329 2959 2458 2999 stadia
2489 2974 2583 3003 200.
2610 2964 2626 3016 Η

1396 3043 1452 3051 —
1473 3021 1600 3076 Κορσ
1615 3021 1655 3060 ία
1668 3035 1686 3060 ν
1705 3020 1719 3074 ]
1743 3021 1807 3060 Sic
1829 3021 2053 3060 maximam
2074 3019 2174 3060 dicit
2193 3021 2419 3060 insularum
2442 3019 2456 3076 (
2471 3024 2630 3064 Foarm·

1403 3083 1472 3123 iles
1485 3085 1518 3137 )‚
1546 3097 1645 3138 quas
1662 3082 1904 3137 plerumque
1921 3082 1937 3134 (
1952 3090 1998 3121 ut
2010 3082 2095 3136 ipse
2110 3082 2232 3121 etiam
2251 3081 2465 3122 Stadiasm.
2486 3085 2626 3140 5284)

1399 3145 1570 3200 Κορσιῶν
1581 3144 1644 3184 vel
1654 3143 1874 3198 Κορασσίων
1892 3143 2060 3182 nomine
2076 3142 2444 3196 comprehendunt.
2461 3145 2628 3187 Utram-

1398 3221 1478 3262 que
1496 3207 1672 3248 formam
1698 3205 1823 3246 habes
1845 3203 1955 3259 apud
1980 3204 2170 3244 Strabon.
2193 3218 2235 3258 p.
2265 3205 2344 3245 636
2361 3205 2566 3261 (Κορσίαι)
2589 3217 2629 3248 et

1396 3285 1439 3325 p.
1461 3272 1541 3319 488
1563 3273 1578 3322 (
1595 3267 1845 3323 Κοράσσιαι),
1867 3275 1907 3306 et
1926 3266 2104 3306 Plinium
2123 3267 2198 3315 IV,
2222 3279 2245 3305 2
2263 3269 2283 3318 §
2301 3270 2351 3319 69
2374 3266 2626 3323 (Cot-assiae)

1397 3341 1437 3373 et
1455 3333 1509 3382 V,
1529 3332 1581 3385 37
1601 3333 1626 3383 5
1650 3330 1724 3370 135
1744 3331 1760 3383 <
1782 3327 1971 3383 Corsiae).
1997 3327 2291 3382 Agathemerus
2310 3329 2344 3378 I,
2371 3332 2392 3377 l.
2415 3342 2424 3369 :
2453 3329 2512 3370 ἐπὶ
2532 3331 2628 3386 Κορ-

1397 3395 1491 3442 σίας,
1519 3392 1747 3447 Stephanus
1782 3404 1791 3431 ς
1818 3390 2001 3444 Κορσεαί,
2038 3392 2151 3441 νῆσος
2180 3391 2247 3440 τῆς
2277 3388 2449 3440 Ἰωνίας,
2473 3390 2626 3448 ἀντικρὺ

1395 3458 1541 3511 Σάμου.
1565 3454 1767 3500 Ἑκαταῖος
1781 3452 1959 3508 Εὐρώπῃ.
1993 3450 2225 3506 Ἡρωδιανὸς
2254 3452 2397 3507 Κορσία
2424 3452 2486 3492 διὰ
2505 3457 2572 3494 τοῦ
2598 3470 2623 3497 ι.

1397 3518 1507 3560 Add.
1535 3519 1686 3569 Geogr.
1715 3517 1817 3556 Rav.
1849 3516 1904 3564 V,
1926 3526 1994 3564 21,
2019 3513 2091 3554 ubi
2121 3522 2313 3568 corrupte
2346 3515 2477 3556 Cui-se,
2514 3517 2626 3558 Cete-

1395 3595 1488 3621 rum
1516 3592 1730 3635 perperam
1749 3576 1896 3618 Strabo
1917 3590 1959 3630 p.
1980 3577 2059 3624 488
2080 3574 2146 3623 τὰς
2178 3576 2393 3630 Κορασσίας
2413 3576 2513 3618 dicit
2535 3578 2625 3632 πρὸς

1396 3639 1498 3680 δύσιν
1535 3639 1708 3694 κειμένας
1739 3640 1788 3693 τῇ
1820 3636 1980 3693 Ἰκαρίᾳ.
2010 3638 2026 3691 ΙΙ
2052 3661 2108 3669 —
2127 3639 2256 3679 σταδ.
2297 3637 2360 3693 υ’]
2386 3639 2461 3692 leg.
2489 3654 2546 3679 στ.
2572 3639 2620 3693 ρ’,

1395 3704 1517 3743 Recte
1536 3701 1830 3755 Agathemerus
1850 3701 1890 3750 Ι,
1915 3703 1940 3748 l,
1959 3700 2011 3740 ab
2037 3701 2176 3741 Acrite
2195 3701 2272 3741 ins.
2299 3702 2314 3753 (
2334 3699 2433 3740 hod.
2458 3700 2567 3740 Arki
2587 3703 2620 3753 ),

1395 3779 1484 3819 quae
1499 3766 1542 3804 in
1562 3763 1704 3804 eadem
1734 3777 1815 3817 qua
1831 3765 1998 3807 Patmus
2012 3762 2228 3803 latitudine
2251 3763 2326 3802 sita
2348 3770 2427 3811 est,
2457 3763 2621 3802 nonnisi

1400 3842 1475 3870 100
1490 3826 1849 3880 stadiacomputat.
1870 3826 1886 3879 ΙΙ
1902 3824 2056 3866 -ἀπὸ
2079 3828 2158 3876 τῆς
2177 3825 2289 3879 δίψης
2311 3823 2503 3883 Ἀμαζον
2518 3824 2619 3879 ίου]

1395 3892 1614 3945 Corrupta.
1636 3887 1720 3930 Ἀπὸ
1741 3890 1808 3939 τῆς
1833 3887 1947 3943 ἄκρας
1967 3891 2019 3930 Α.
2050 3888 2220 3936 Gauius,
2246 3885 2320 3927 ἀπὸ
2351 3889 2417 3938 τῆς
2445 3884 2560 3938 ἀκτῆς
2575 3887 2618 3927 Α.

1397 3951 1505 4007 conj.
1523 3950 1814 3993 Hoffmannus.
1837 3950 1922 3991 Cur
1936 3949 2137 4006 acl-*Patmi
2154 3949 2424 3991 Amazonium
2442 3963 2464 3989 a
2483 3949 2623 3990 Corsia

2409 4024 2463 4055 22.
