2808 4342
497 34 546 86 0

715 119 755 161 ο

168 199 263 251 ⁴2⁰

168 287 213 334 δὲ
233 286 305 334 καὶ
325 284 472 342 νήσους
493 263 668 344 ἐνὶὗτῷ
685 280 876 340 κειμένας
890 277 1047 330 πολλάς
1066 296 1112 324 τε
1130 278 1202 324 καὶ
1221 278 1406 340 μεγάλας

167 358 253 410 τοῖς
276 354 517 417 μεγέθεσιν,
539 354 595 404 ὣς
615 351 746 410 λόγος*
780 341 839 394 ὧν
865 350 892 402 ἡ
915 344 1071 407 μεταξὺ
1105 349 1179 402 τῆς
1198 346 1406 403 θαλάττης

149 423 339 486 ’κειμένη
353 422 426 468 καὶ
446 424 527 467 τῶν
545 419 763 478 στομάτων
778 450 793 472 ,
814 412 924 460 ἐστὶν
940 416 1015 460 οὔκ
1034 412 1216 460 ἐλάττων
1241 412 1315 475 μὲν
1332 418 1407 470 τῆς

167 494 316 543 Ῥόδου
336 493 489 551 νήσου,
520 488 664 542 Πεύκη
694 486 739 532 δὲ
763 483 931 547 λέγεται
956 482 1064 542 αὕτη
1091 484 1159 531 διὰ
1183 484 1232 532 τὸ
1252 487 1407 542 πλῆθος

76 563 83 568 ’
132 577 152 605 ⁶
167 557 224 611 ὧν
257 562 346 626 ἔχει
375 561 556 607 πευκῶν.
625 546 715 602 Εἶθ’
750 553 893 607 οὕτως·
928 555 1036 601 Μετ’
1063 552 1192 611 αὐτὴν
1224 553 1406 616 πελαγία

165 631 335 692 κειμένη
350 634 376 685 ἡ
397 622 672 690 προειρημένη
688 627 761 670 τοῦ
779 621 999 686 Ἀχιλλέως
1015 624 1154 679 νῆσος.

228 717 283 747 ω.
318 697 419 744 Ἀπὸ
438 694 483 740 δὲ
500 697 573 740 τοῦ
592 691 726 755 Ἱεροῦ
744 691 916 752 στομίου
933 695 1006 739 τοῦ
1023 690 1193 755 Ἴστρου
1215 696 1407 753 ποταμοῦ

167 770 223 819 εἰς
244 766 362 812 πόλιν
380 762 544 825 Ἴστρον
566 762 726 808 στάδιοι
744 762 805 825 φ’,
827 761 947 822 μίλια
964 759 1045 819 ξς·’,
1074 760 1115 807 ι’
1128 760 1185 817 ς’.

227 852 285 884 ⁷0·
321 832 439 890 Αὕτη
460 836 490 889 ἡ
513 831 632 884 πόλις
652 829 816 894 Ἴστρος
839 829 923 877 ἀπὸ
948 835 1021 877 τοῦ
1045 834 1235 891 ποταμοῦ
1258 829 1407 876 naen

103 921 144 952 ιο
164 905 211 952 τὸ
234 903 382 963 ὄνομα.
450 901 536 950 Καὶ
558 901 716 958 ταύτην
732 899 810 957 τὴν
827 900 947 947 πόλιν
970 900 1169 956 Μιλήσιοι
1187 900 1407 956 κτίζουσιν,

166 974 288 1031 ἡνίκα
312 974 484 1020 Σκυθῶν
508 973 564 1023 εἰς
585 971 661 1027 τὴν
682 970 822 1017 Ἀσίαν
847 970 1086 1031 στράτευμα
1106 968 1224 1026 διέὸη
1248 969 1408 1032 βαρὸά-

167 1063 265 1106 ρων,
287 1043 335 1088 τὸ
356 1040 611 1103 Κιμμερίους
627 1041 774 1086 ὃιῶκον
798 1042 845 1086 ἐκ
862 1044 934 1085 τοῦ
953 1038 1184 1102 Βοσπόρου.

228 1130 285 1160 71.
322 1111 424 1159 Ἀπὸ
444 1110 489 1157 δὲ
504 1109 670 1174 Ἴστρου
692 1109 852 1162 πόλεως
874 1109 932 1162 εἷς
951 1107 1128 1170 Τομέων
1149 1106 1268 1154 πόλιν
1292 1106 1411 1171 ἔχου·

166 1202 243 1230 σαν
263 1182 443 1245 ὕφορμον
463 1179 623 1227 στάδιοι
644 1178 696 1236 τ’,
720 1178 839 1238 μίλια
863 1178 926 1239 μ’.

101 1267 143 1298 15
227 1268 285 1300 77.
319 1250 458 1311 Τόμοι
477 1249 642 1295 ἄποικοι
657 1248 870 1309 γενομένοι
883 1244 1122 1308 Μιλησίων,
1142 1246 1223 1293 ὑπὸ
1237 1248 1410 1295 Σκυθῶν

165 1324 206 1368 ἐν
231 1319 372 1383 κύκλῳ
395 1316 793 1385 [περι]οικούμενοι.

228 1407 287 1438 73.
325 1389 426 1436 Ἀπὸ
448 1388 492 1434 δὲ
511 1387 686 1448 Τομίων
710 1389 766 1440 εἷς
788 1387 1002 1435 Κάλλατιν
1024 1384 1171 1443 πόλιν,
1186 1387 1227 1431 ἐν
1245 1379 1274 1447 ᾗ
1289 1383 1412 1448 ὅρμος

165 1459 315 1521 ναυσὶ,
345 1458 504 1505 στάδιοι
529 1458 586 1516 τ’,
608 1457 725 1518 μίλια
746 1457 806 1517 μ’.

229 1546 288 1578 76.
318 1528 531 1580 Κάλλατις
564 1526 868 1589 Ἡρακλεωτῶν
893 1523 1065 1571 ἀποικία
1087 1522 1196 1569 κατὰ
1220 1521 1410 1585 χρησμὸν

106 1614 149 1646 20
166 1598 380 1661 γενομένη.
446 1594 652 1643 Ἐκτισαν
677 1594 720 1641 δὲ
748 1594 933 1655 ταύτην,
967 1593 1090 1650 ἡνίκα
1114 1591 1189 1648 τὴν
1214 1591 1411 1639 Μακεδό-

166 1686 246 1713 νων
271 1665 406 1729 ιὶρχὴν
429 1663 633 1725 Ἀμύντας
655 1661 911 1727 παρέλαὸεν.

230 1752 288 1784 75.
325 1734 426 1782 Ἀπὸ
448 1735 491 1780 δὲ
524 1733 786 1785 Καλλάτιδος
808 1734 865 1784 εἰς
892 1733 1045 1793 Καρῶν
1075 1730 1223 1790 λιμένα
1254 1729 1412 1776 στάδιοι

170 1806 257 1867 ρπ’,
275 1805 394 1865 μίλια
406 1803 486 1851 κδ’.
554 1803 640 1850 Καὶ
660 1805 687 1858 ἡ
706 1805 760 1863 γῆ
779 1803 821 1846 ἐν
840 1800 982 1863 κύκλῳ
999 1803 1073 1846 τοῦ
1092 1798 1255 1859 λιμένος
1272 1798 1412 1859 Καρία

169 1875 396 1932 κληίζεται.
463 1876 551 1921 Νῦν
569 1872 612 1918 δὲ
631 1874 674 1917 αἱ
694 1870 849 1932 Καρίαι
863 1869 1055 1931 λέγονται
1081 1867 1245 1930 Καρία.
1314 1866 1415 1914 Ἀπὸ

103 1958 146 1988 25
170 1944 212 1991 δὲ
238 1946 391 2006 Καρῶν
412 1942 579 2003 λιμένος
602 1943 658 1993 εἷς
693 1943 733 1988 Τ
736 1939 947 2002 ετρισιάδα
974 1938 1066 1994 ἤτοι
1088 1937 1259 2000 Τίριζαν
1282 1936 1412 1998 ἄκραν

167 2012 418 2076 λεγομένην,
438 2012 616 2073 ἔχουσαν
634 2010 705 2056 καὶ
725 2009 907 2073 ὕφορμον
932 2013 1015 2060 τοῖς
1030 2009 1101 2070 ἀφ’
1125 2005 1300 2069 ἑσπέρας
1319 2005 1414 2051 ἀνέ-

171 2101 284 2141 μοις,
298 2085 369 2127 νῦν
386 2079 460 2146 [δὲ
476 2080 495 2142 ]
508 2078 735 2141 λεγομένην
745 2075 900 2140 Ἄκραν
910 2114 924 2139 ,
937 2078 1093 2123 στάδιοι
1108 2075 1188 2139 ρκ’,
1208 2078 1325 2136 μίλια
1344 2075 1411 2131 ις’.

171 2151 271 2198 Ἀπὸ
282 2151 324 2198 δὲ
339 2148 604 2213 Τετρισιάδος
618 2148 710 2205 ἤτοι
729 2147 883 2208 Ἄκρας
904 2149 960 2198 εἰς
979 2146 1168 2202 Βιζώνην
1180 2145 1411 2207 πολίχνιον,

170 2224 213 2268 ἐν
231 2216 266 2284 ᾧ
287 2220 412 2271 σάλος
424 2218 615 2275 ,στάδιοι
633 2217 684 2277 ξ’,
709 2216 828 2275 μίλια
846 2214 907 2270 η’.

107 2305 150 2336 3ο
233 2305 291 2336 70.
325 2291 462 2336 Τοῦτο
483 2287 529 2333 τὸ
550 2284 762 2348 πολίχνιόν
784 2302 888 2335 τινες
913 2283 986 2343 μέν
1011 2300 1136 2346 φασιν
1161 2282 1383 2345 βαρὸάρων
1398 2317 1411 2342 ,

170 2357 274 2411 τινὲς
296 2357 330 2404 δ’
355 2357 527 2404 ἄποικον
545 2354 757 2417 γεγονέναι
781 2351 1079 2415 Μεσημὸρίας.

234 2443 292 2475 ⁷7.
331 2426 432 2474 Ἀπὸ
469 2423 512 2471 δὲ
535 2426 714 2477 Βιζῶνος
749 2424 805 2475 εἷς
838 2420 1134 2468 Διονυσόπολιν
1159 2422 1319 2467 στάδιοι
1348 2420 1415 2477 π’,

172 2498 290 2559 μίλια
313 2497 358 2558 ι’,
385 2496 426 2542 ι’
447 2494 506 2548 ς’.

234 2584 292 2615 78.
330 2566 448 2623 Αὕτη
472 2568 500 2621 ἡ
523 2563 814 2615 Διονυσόπολις
835 2563 999 2625 πρῶτον
1018 2560 1254 2621 ὠνομάζετο
1277 2562 1413 2623 Κρου-

109 2651 150 2680 35
173 2637 234 2683 νοὶ
270 2636 337 2682 διὰ
372 2635 446 2687 τὰς
484 2637 563 2680 τῶν
597 2632 717 2695 ἐγγὺς
750 2631 910 2678 ὑδάτων
943 2629 1126 2695 ἐκρύσεις
1140 2648 1151 2659 ·
1191 2628 1335 2676 ἔπειτα
1374 2629 1416 2685 δὲ

176 2704 476 2766 μετωνομάσθη
511 2703 780 2755 Ματιόπολις·
824 2701 991 2764 ὕστερον
1027 2700 1070 2747 δὲ
1084 2735 1098 2757 ,
1145 2696 1416 2747 Διονυσιακοῦ

176 2774 417 2837 ἀγάλματος
438 2773 739 2835 προσπεσόντος
761 2774 808 2818 ἐκ
829 2774 904 2827 τῆς
922 2770 1127 2828 θαλάττης
1148 2772 1233 2822 τοῖς
1253 2769 1416 2826 τόποις,

174 2842 467 2891 Διονυσόπολιν
490 2842 654 2900 λέγουσι
678 2843 879 2897 κληθῆναι
902 2840 1044 2885 πάλιν.
1114 2838 1188 2885 Ἐν
1219 2837 1419 2900 μεθορίοις

175 2911 218 2959 δ)
236 2915 310 2969 τῆς
333 2911 553 2974 Κροὸύζων
576 2911 646 2956 καὶ
671 2912 841 2956 Σκυθῶν
863 2909 1002 2970 χώρας
1020 2908 1216 2968 κειμένη,
1241 2909 1418 2968 μιγάδας

111 2992 156 3025 4⁰
173 2981 386 3038 Ἕλληνας
400 2979 565 3037 οἰκητὰς
588 2979 690 3042 ἔχει.
1030 2972 1035 2978 ’

174 3141 240 3182 καὶ
273 3139 350 3183 ἀπὸ
382 3142 451 3192 τῆς
482 3140 665 3194 χιόνος..
696 3137 735 3180 ἓν
764 3137 806 3179 δὲ
843 3141 900 3192 τῷ
925 3137 1022 3192 θέρει
1056 3135 1258 3189 legeretur
1300 3148 1309 3175 ε
1340 3135 1414 3176 ἀπὸ

175 3204 216 3245 δὲ
238 3206 308 3256 τῆς
325 3203 492 3259 χιόνος..
521 3201 587 3243 καὶ
609 3201 648 3242 ἐν
668 3204 726 3256 τῷ
745 3201 858 3255 θέρει,
881 3198 1138 3254 transpositis
1162 3211 1199 3238 v.
1223 3196 1262 3247 δὲ
1274 3205 1314 3238 et
1333 3198 1413 3238 καὶ.

182 3267 200 3319 ss
235 3287 292 3297 —-
322 3263 415 3317 zeb]
427 3263 533 3319 σιν]
571 3262 706 3311 ἔξεισιν
746 3260 902 3311 codex3
940 3274 1023 3302 em.
1064 3258 1271 3301 Meineke.
1315 3261 1330 3312 ΙΙ
1360 3283 1415 3290 -

175 3340 217 3368 2.
260 3326 455 3379 θαλάσσης
490 3325 637 3367 codex.
669 3326 685 3380 ΙΙ
721 3348 779 3356 -
802 3324 843 3365 5.
873 3321 974 3365 εἶθ’
1015 3321 1192 3378 οὕτως]
1216 3322 1266 3363 In
1296 3321 1360 3363 his
1381 3323 1414 3362 si

176 3397 307 3445 poetae
339 3389 464 3430 verba
485 3388 627 3439 latent,
660 3386 865 3429 medicina
886 3393 1008 3441 egent
1026 3384 1267 3427 violentiore
1286 3385 1303 3438 (
1328 3383 1413 3425 vid.

178 3458 267 3492 not.
294 3450 347 3491 ad
368 3452 536 3506 Scymn.
558 3449 690 3505 790).
707 3451 763 3491 At
776 3456 942 3504 praestat
966 3455 1038 3489 aut
1054 3445 1157 3491 nibil
1175 3453 1335 3488 mutare
1345 3454 1418 3487 aut

177 3513 259 3554 leni
279 3528 404 3555 manu
426 3514 606 3555 scribere
626 3511 700 3555 εἷθ’
725 3507 852 3563 οὗτος,
869 3520 910 3553 et
933 3512 988 3553 ita
1008 3509 1133 3553 verba
1155 3509 1415 3566 interpretari

177 3582 225 3615 ut
242 3572 336 3616 seci.
359 3574 548 3616 Indicare
570 3578 815 3630 Anonymus
837 3573 965 3615 voluit
983 3571 1196 3629 quomodo
1213 3578 1332 3628 poeta
1354 3572 1372 3625 (
1392 3585 1416 3613 a

178 3635 352 3678 meridie
387 3637 554 3678 imi-eam
587 3652 729 3678 versus
755 3637 963 3692 pergens)
995 3635 1048 3677 de
1064 3636 1146 3677 situ
1179 3633 1320 3677 insulae
1337 3641 1416 3675 sta·

178 3698 321 3750 tuerit,
341 3698 518 3754 ideoque
535 3699 620 3740 haec
639 3701 768 3739 instar
779 3698 1019 3754 appendicis
1036 3696 1271 3753 subjunxit,
1283 3709 1414 3751 quum

178 3769 331 3803 nostrae
348 3774 399 3802 ex
424 3760 570 3802 ordine
593 3762 846 3816 periegeseos
867 3775 1036 3817 prorsus
1065 3757 1295 3802 omittenda
1318 3756 1417 3799 suis·

178 3830 284 3865 sent.

236 3887 259 3937 S
282 3889 352 3928 69.
379 3884 431 3934 εἰς
449 3884 563 3927 πόλιν
581 3884 647 3927 καί
662 3883 838 3940 ποταμὸν
861 3885 927 3926 καὶ
948 3885 1098 3941 Ἴστρον
1115 3883 1261 3926 codex.
1279 3882 1418 3926 Arria·

181 3960 259 3987 nus
276 3949 299 4000 ς
315 3947 367 3988 35
390 3946 535 3989 urbem
561 3955 678 3990 vocat
702 3945 883 4003 Ἰστρίαν.
901 3950 1084 3989 -—Mox.
1104 3951 1211 4002 570,
1232 3946 1259 3987 1.
1283 3958 1331 3987 12
1350 3947 1419 3997 τῆς

184 4007 381 4065 Βοσπόρου
396 4008 543 4053 codex.

1292 181 1583 229 Αινοινγωι
1649 235 1653 241 ,

2548 183 2623 247 (ιε,
2637 189 2722 247 ιε.)

1478 299 1646 340 magnas
1665 285 1842 339 ambitu,
1864 295 1912 329 ut
1935 286 2043 332 fama
2066 297 2149 340 σείς
2174 303 2353 345 quarum
2374 303 2454 330 una
2478 289 2586 331 inter
2602 304 2726 332 mare

1470 363 1613 419 jacens
1627 364 1826 422 fluviique
1843 366 1947 408 ostia
1966 379 2054 409 non
2071 368 2212 411 minor
2227 377 2289 411 cet
2303 368 2468 411 Rhodo.
2528 371 2663 411 Peuce
2676 371 2739 412 εἰ

1478 459 1631 488 nomen
1675 454 1848 503 propter
1882 447 2046 503 copiam
2093 461 2220 504 quam
2262 450 2448 491 continet
2484 451 2715 506 picearum.

1479 526 1638 569 Doinde
1652 527 1716 570 sic
1730 526 1874 586 pergit
1889 545 1905 571 .·
1929 530 2027 570 Post
2045 543 2136 571 cam
2159 529 2202 571 in
2229 528 2312 571 alto
2327 528 2436 585 jacet
2459 531 2629 574 Achillis
2653 532 2715 572 in·
2792 575 2808 591 „-

1478 608 1581 659 sula,
1604 607 1655 650 de
1667 622 1751 665 qua
1769 623 1843 651 nos
1853 610 1946 664 jam
1962 609 2149 651 diximus
2168 611 2235 663 (E
2247 609 2406 666 μήτε.
2428 614 2583 666 774-9ι
2600 614 2633 667 ).
2772 601 2778 607 ”

1535 698 1605 748 69.
1638 697 1675 736 Δ
1704 695 1830 736 Sacro
1863 695 1970 736 ostio
1995 695 2090 755 Istri
2121 694 2172 735 ad
2206 694 2413 735 civitatem
2444 696 2598 736 Istrum
2638 703 2719 737 sta-

1479 760 1548 803 dia
1568 762 1664 813 500,
1681 761 1795 803 milia
1824 765 1877 804 66
1895 764 1910 817 ζ
1932 764 2036 817 (Ex
2056 762 2232 805 Atrion.
2259 762 2350 816 535
2370 761 2401 816 ).

1535 849 1606 890 70.
1637 837 1736 878 Haec
1755 835 1856 878 urbs
1870 836 1924 878 ab
1936 838 2046 879 Istro
2059 837 2188 879 fluvio
2201 851 2353 878 nomen
2371 837 2527 891 accepit
2538 852 2549 885 ;
2569 845 2610 877 et
2628 838 2722 878 eam

1480 903 1627 945 urbem
1650 903 1931 946 condiderunt
1948 905 2098 947 Milesii
2113 936 2125 955 ,
2153 920 2283 960 quum
2307 905 2552 961 Scytharum
2576 905 2720 947 barba·
2779 915 2808 961 {j

1480 991 1625 1019 rorum
1649 978 1855 1018 exereitus
1874 978 1916 1018 in
1941 977 2080 1019 Asiam
2100 978 2275 1028 transiit,
2296 978 2545 1020 Cimmerios
2564 979 2729 1034 Bospo-
2806 987 2808 992 '

1481 1059 1603 1086 ranos
1620 1058 1871 1101 persequens
1890 1046 1907 1098 (
1923 1047 1962 1086 E
1974 1044 2130 1102 μήτε.
2149 1048 2308 1100 767·7²
2327 1047 2361 1100 ).

1538 1130 1608 1171 71.
1641 1117 1707 1159 Ab
1721 1118 1829 1158 Istro
1857 1116 1961 1157 urbe
1986 1115 2039 1157 ad
2062 1116 2334 1157 Tomensium
2353 1116 2498 1159 urbem
2511 1148 2523 1169 ,
2554 1119 2721 1160 navium

1481 1173 1959 1269 statione3i5nstructam,
1998 1170 2128 1212 stadia
2157 1172 2254 1223 300,
2290 1170 2404 1213 milia
2435 1174 2491 1222 4ο
2511 1174 2614 1228 (Ex
2639 1178 2725 1215 Ar·
2793 1220 2802 1227 ι

1485 1243 1596 1270 rum.
1753 1260 1763 1269 .
2585 1242 2600 1255 ·

1541 1230 1777 1339 72.§Tou3i,
1798 1283 2055 1325 Milesiorum
2070 1282 2247 1334 colonia,
2269 1297 2293 1325 a

1482 1338 1609 1396 dique
1627 1340 1808 1394 cingitur
1831 1341 1901 1393 (E
1910 1338 2065 1396 per-leg.
2087 1339 2167 1394 765
2191 1353 2252 1394 sq.
2277 1340 2294 1392 )

1540 1396 1610 1450 73.
1642 1397 1680 1438 A
1692 1395 1969 1436 Tomensibus
1984 1394 2038 1436 ad
2052 1394 2226 1436 Callatin
2248 1394 2411 1445 urbem,
2433 1393 2485 1436 ad
2504 1407 2629 1449 quam
2644 1403 2725 1437 sta·

1484 1464 1541 1505 tio
1554 1464 1722 1505 navium
1732 1472 1809 1514 est,
1826 1462 1956 1504 stadia
1972 1463 2068 1514 300,
2086 1463 2198 1504 milia
2210 1465 2264 1512 40
2276 1463 2293 1517 (
2305 1465 2375 1504 Ex
2385 1462 2561 1505 Arrian-
2578 1465 2602 1516 S
2621 1463 2673 1504 35
2689 1465 2724 1517 ).

1540 1536 1610 1588 74.
1642 1528 1822 1583 Callatis,
1849 1532 2187 1574 Heracleotarum
2210 1531 2387 1583 colonia,
2408 1531 2588 1573 deducta
2604 1530 2726 1594 jussu

1483 1602 1655 1644 oraculi.
1715 1601 2005 1644 condiderunt
2036 1615 2127 1642 eam
2158 1600 2326 1656 quando
2350 1600 2629 1643 Macedonum
2660 1615 2727 1643 re·
2794 1590 2808 1656 ,ἶ

1484 1686 1613 1727 gnum
1633 1675 1834 1727 Amyntas
1853 1671 2030 1726 suscepit
2052 1670 2067 1726 (
2088 1672 2126 1711 E
2140 1669 2294 1726 perieg.
2321 1674 2398 1725 761
2421 1685 2512 1727 sqq.
2532 1671 2564 1727 ).
2798 1656 2808 1671 „-

1541 1741 1611 1796 75.
1643 1743 1681 1783 A
1705 1740 1847 1782 Callati
1880 1738 1933 1781 ad
1954 1741 2109 1781 Carum
2136 1748 2304 1795 portum
2337 1738 2469 1781 stadia
2495 1742 2589 1791 180,
2616 1740 2727 1783 milia

1485 1811 1556 1859 24.
1615 1808 1743 1863 Regio
1761 1822 1932 1863 quoque
1951 1822 2044 1863 quae
2062 1808 2170 1848 circa
2189 1815 2358 1863 portum
2377 1816 2455 1859 est,
2476 1809 2596 1850 Caria
2618 1822 2728 1850 nun·

1484 1886 1661 1934 cupatur
1680 1879 1697 1931 (
1713 1880 1784 1919 Ea:
1802 1877 1975 1919 Arrian.
1998 1880 2021 1930 S
2043 1877 2094 1918 35
2111 1879 2145 1931 ).
2168 1878 2290 1918 Nunc
2307 1891 2404 1918 vero
2421 1877 2543 1919 Caria
2559 1885 2728 1919 vocatur

1485 1947 1629 1987 Carea.
1648 1970 1707 1979 —
1726 1948 1764 1988 A
1780 1946 1933 1987 Carum
1953 1953 2078 2001 portu
2094 1945 2148 1986 ad
2165 1944 2437 1987 Tetrisiadem
2452 1960 2526 1987 seu
2544 1946 2725 1988 Tirizam

1484 2028 1638 2065 acram,
1653 2028 1744 2070 quae
1755 2013 1972 2055 stationem
1988 2028 2011 2054 a
2028 2014 2159 2054 ventis
2173 2028 2222 2054 ex
2232 2012 2445 2055 occidente
2460 2013 2654 2056 flantibus
2668 2022 2726 2056 tu·

1487 2091 1570 2124 tam
1595 2082 1733 2133 habet,
1757 2091 1797 2123 et
1827 2095 1940 2123 nunc
1973 2086 2080 2123 Aera
2100 2081 2183 2123 diei
2219 2081 2337 2132 solet,
2357 2081 2488 2123 stadia
2506 2090 2603 2124 sunt
2631 2095 2725 2134 120,

2308 1282 2470 1338 Scythis
2487 1283 2635 1325 accolis
2645 1299 2720 1326 un-

1488 2150 1598 2192 milia
1621 2154 1687 2192 16.
1709 2153 1744 2192 A
1766 2148 1995 2191 Tetrisiade
2016 2150 2101 2190 sive
2130 2152 2238 2191 Aera
2259 2148 2312 2190 ad
2330 2150 2526 2191 Bizonem
2549 2142 2726 2206 oppidu-

1486 2220 1590 2270 lum,
1607 2220 1817 2261 ubisalum
1832 2227 1908 2271 ωε,
1921 2218 2132 2280 stadiafio,
2148 2219 2262 2260 milia
2277 2221 2301 2261 8
2314 2219 2399 2274 (Cf.
2416 2219 2590 2262 Arrt'an.
2610 2220 2637 2262 1.
2659 2221 2724 2275 1.).

1543 2292 1613 2343 76.
1645 2287 1695 2329 Id
1709 2286 1957 2344 'oppidulum
1973 2286 2162 2329 nonnulli
2174 2286 2313 2329 serunt
2330 2301 2417 2328 oese
2435 2286 2724 2341 barbarorum,

1487 2357 1656 2414 quidam
1673 2370 1772 2400 vero
1787 2356 2045 2399 Mesembriae
2062 2350 2266 2399 coloniam
2283 2358 2340 2411 (Ε
2350 2356 2506 2414 perieg.
2524 2356 2606 2413 759
2622 2361 2725 2414 οφ).

1544 2443 1613 2483 77.
1646 2431 1684 2471 Α
1721 2428 1875 2470 Bizone
1914 2426 1966 2468 ad
2003 2425 2307 2483 Dionysopolin
2343 2425 2474 2468 stadia
2506 2428 2576 2479 80,
2617 2426 2728 2470 milia

1494 2512 1543 2540 10
1570 2499 1712 2553 }(Ex
1728 2497 1949 2555 Arriam-5
1969 2497 2070 2552 35).

1545 2568 1614 2620 78.
1646 2568 1746 2608 Haec
1778 2565 1879 2607 urbs
1906 2573 2026 2607 antea
2046 2566 2177 2608 Cruni
2195 2565 2477 2622 appellabatur
2498 2565 2554 2607 ob
2577 2566 2729 2608 vicinas
2794 2599 2798 2611 .

1488 2649 1694 2690 aquarum
1716 2635 2007 2689 scaturigines;
2036 2632 2230 2690 deinceps
2249 2648 2347 2675 vcro
2368 2632 2478 2676 dicta
2497 2641 2559 2676 eet
2578 2635 2728 2677 Matio-
2769 2673 2775 2680 .
2799 2634 2802 2645 '

1488 2703 1608 2759 polis.
1667 2702 1857 2745 Tandem
1881 2716 2006 2753 vero,
2030 2715 2160 2757 quum
2191 2716 2214 2742 e
2236 2702 2340 2743 mari
2361 2701 2531 2758 appulsa
2548 2716 2599 2743 eo
2631 2701 2728 2744 suis·
2795 2735 2799 2743 ,

1489 2779 1551 2813 set
1565 2771 1715 2812 Bacchi
1730 2778 1865 2812 statua
1880 2800 1891 2820 ,
1919 2769 2212 2825 Dionysopolis
2235 2776 2375 2811 vocata
2397 2777 2472 2811 est.
2533 2771 2582 2811 ln
2602 2770 2730 2812 confi·
2790 2766 2797 2781 ”

1490 2841 1569 2882 niis
1588 2854 1686 2881 vero
1701 2838 1988 2894 Crobyzorum
2017 2845 2058 2879 et
2076 2837 2319 2893 Scytharum
2353 2837 2533 2891 regionis
2554 2837 2631 2880 sita
2648 2846 2725 2890 est,

1489 2917 1530 2949 et
1570 2907 1723 2950 incolas
1770 2906 1892 2948 babet
1930 2907 2096 2946 Graecos
2134 2905 2221 2946 aliis
2263 2905 2414 2946 mixtos
2457 2906 2475 2959 (
2495 2907 2533 2948 Ε
2568 2905 2724 2963 peries.

1493 2976 1648 3031 751·57
1666 2978 1697 3030 ).

1544 3139 1566 3187 S
1596 3140 1665 3177 71.
1692 3133 1742 3181 εἰς
1764 3134 1932 3187 'sopiam
1966 3132 2035 3173 sed
2060 3129 2197 3187 paullo
2219 3139 2310 3186 post
2330 3133 2353 3183 S
2373 3131 2425 3185 73
2449 3129 2524 3172 ἀπὸ
2542 3131 2724 3186 Τομέων,

1487 3196 1637 3238 codex.

1543 3260 1652 3311 572.
1678 3258 1708 3297 T
1722 3258 1837 3312 όμοι
1856 3258 1871 3312 ]
1893 3257 2035 3310 Τομέοι
2057 3254 2204 3296 codex.
2230 3256 2419 3296 Fortasse
2435 3262 2571 3296 tamen
2590 3263 2726 3311 poeta,

1487 3334 1536 3362 ex
1559 3334 1643 3375 quo
1659 3319 1745 3360 baec
1766 3319 2102 3373 interponuntur,
2121 3318 2225 3359 sicut
2242 3318 2457 3369 Arrianus,
2474 3317 2618 3374 Τομεῖς
2630 3319 2728 3360 scri·

1487 3382 1583 3438 psit.
1607 3382 1772 3422 —Mox
1793 3381 1994 3436 γινόμενοι
2016 3389 2057 3421 ct
2079 3378 2284 3435 οἰκουμένη
2301 3377 2446 3421 codex.
2754 3372 2757 3374 ⁵

1544 3447 1567 3498 S
1589 3448 1659 3487 73.
1683 3442 1852 3484 Κάλατιν
1869 3442 1998 3485 codex
2023 3443 2191 3498 ubique.

1544 3509 1659 3559 575,
1685 3505 1713 3547 1.
1750 3509 1819 3555 24.
1842 3505 1940 3561 ρκ’]
1982 3504 2040 3560 ρκ’
2076 3504 2229 3554 codex;
2269 3518 2351 3547 em.
2382 3505 2505 3547 Voss.
2532 3504 2552 3559 11
2574 3502 2728 3546 -Κά-

1488 3584 1587 3624 ριαι
1616 3577 1694 3611 etc.
1714 3570 1727 3624 J
1750 3569 1809 3609 sic
1826 3568 1963 3618 edin„
1983 3567 2082 3609 falso
2104 3566 2215 3609 haud
2237 3565 2397 3619 dubie-3
2414 3564 2545 3609 codex
2561 3564 2601 3606 αἱ
2614 3579 2726 3622 καραι
2755 3616 2758 3620 ζ

1491 3632 1594 3688 (sine
1608 3631 1732 3688 acc.).
1754 3630 1867 3685 Quid
1887 3631 2006 3672 lateat
2026 3630 2180 3672 noecio.
2197 3631 2247 3671 In
2273 3642 2366 3685 sqq.
2386 3629 2510 3671 etiam
2530 3626 2729 3670 nonnulla

1487 3698 1733 3750 Anonymus
1752 3693 1874 3735 habet
1889 3725 1899 3743 ,
1924 3707 2015 3749 qua:
2038 3693 2080 3734 in
2101 3691 2280 3735 Arriano
2298 3705 2384 3733 non
2402 3690 2608 3746 leguntur.
2626 3690 2643 3744 ΙΙ
2668 3712 2725 3722 -

1488 3757 1557 3798 25.
1588 3756 1675 3809 ἤτοι
1700 3758 1960 3812 τιριζανακρος
1984 3758 2001 3809 (
2020 3755 2107 3810 sic)
2135 3752 2282 3796 codex.
2321 3754 2338 3808 ΙΙ
2361 3776 2416 3786 --
2438 3756 2507 3794 26.
2533 3749 2595 3808 ἀφ’
2615 3750 2731 3794 bn(-

1487 3833 1556 3873 ραν
1572 3819 1667 3860 cod.

1545 3885 1567 3934 S
1591 3888 1658 3925 77.
1683 3882 1913 3937 Βιζῶνος]
1932 3882 1990 3923 sic
2011 3879 2170 3931 codex;
2188 3877 2302 3935 quod
2328 3891 2411 3919 non
2428 3876 2584 3918 mutavi
2602 3876 2643 3918 in
2660 3875 2741 3936 ⁸⁶⁶ss
2806 3907 2808 3933 4

1488 3946 1625 3997 ζώνης.
1651 3946 1716 3987 Cf.
1750 3954 1838 3986 nol.
1864 3946 1905 3985 in
1932 3944 2097 3986 Arrian.
2728 3934 2745 3943 Ν

1544 4008 1767 4060 578136
1806 4002 2347 4061 Ματιόπολις]Υἰά.ηοι
2377 3998 2727 4058 adScymnqSS.
2806 3978 2808 3994 ¹
