2782 4348
465 0 516 47 0
742 6 752 15 ·
778 44 783 46 .

679 78 727 125 0

182 199 269 240 1-24
498 223 544 266 0

49 300 164 342 Phot.
177 299 261 347 τοῖς
278 291 489 357 ἐκφύσεις,
511 289 618 337 ὥστε
645 296 728 335 πᾶν
749 285 963 333 λείπεσθαι
987 283 1035 331 τὸ
1057 284 1408 346 διαμιλλώμενον,

175 365 249 420 τῆς
266 361 509 416 λευκότητος
522 358 655 421 κρίσιν
680 359 754 403 οὐκ
773 354 965 417 ἐχούσης.

237 446 295 479 2⁴.
329 429 430 478 Ὅτι
460 427 528 480 οὒς
550 427 726 488 ἔσχατον
757 421 895 486 (φησί
912 423 928 484 )
956 422 1130 486 κατέχει
1161 422 1409 487 ἅκλήρημα,

175 498 343 552 τούτους
373 502 400 554 ἡ
425 495 610 558 τυραννὶς
627 495 686 545 εἰς
711 490 786 546 τὴν
811 494 895 537 τῶν
922 491 1223 555 χρυσωρυχίων
1254 493 1408 556 ἀπάγει

137 585 158 614 ο
175 568 428 631 πικροτάτην
452 561 654 619 δουλείαν,
680 558 772 612 τοὺς
796 559 872 620 μὲν
897 559 988 621 ἅμα
1008 559 1169 623 γυναιξὶ
1192 563 1263 608 καὶ
1289 562 1410 623 παισὶ

176 633 606 697 ταλαιπωρουμένους,
630 629 725 683 τοὺς
747 628 791 676 δὲ
809 629 883 676 καὶ
906 629 1034 694 χωρὶς
1057 633 1139 677 τῶν
1161 630 1405 695 εἰρημένων.

176 702 437 766 Ὗπερὸολὴν
464 694 534 747 οὖν
556 698 689 747 οὐδενὶ
705 698 752 745 τὸ
773 697 903 751 πάθος
922 699 1214 763 δυστυχήματι
1233 702 1433 763 καταλιο,

49 850 162 891 Diod.
236 853 294 884 αι.
314 838 367 884 Ol
379 834 459 898 γὰρ
479 835 660 898 βασιλεῖς
676 837 749 890 τῆς
768 831 984 896 Αἰγύπτου
1001 831 1092 886 τοὺς
1105 833 1172 879 ἐπὶ
1185 834 1413 898 κακουργίᾳ

174 905 548 958 καταδικασθέντας
586 903 658 950 καὶ
695 901 788 956 τοὺς
810 901 918 949 κατὰ
946 902 1128 960 πόλεμον
1152 903 1415 965 αἰχμαλωτι-

113 991 151 1021 10
174 974 367 1031 σθέντας,
391 973 453 1021 ἔτι
486 972 529 1020 δὲ
565 971 659 1025 τοὺς
692 971 845 1023 ἀδίκοις
876 970 1090 1023 διαὸολαῗς
1117 969 1415 1033 περιπεσόντας

170 1046 242 1093 καὶ
265 1045 334 1092 διὰ
357 1044 485 1105 θυμὸν
510 1045 566 1096 εἷς
596 1041 784 1106 φυλακὰς
806 1039 1186 1105 παραδεδομένους,
1209 1040 1314 1098 ,ποτὲ
1337 1039 1412 1102 μὲν

172 1115 343 1175 αὐτοὺς,
369 1113 470 1161 ποτὲ
490 1112 533 1160 δὲ
556 1113 628 1159 καὶ
652 1110 759 1172 μετὰ
778 1110 916 1168 πάσης
943 1110 1180 1174 συγγενείας
1199 1109 1413 1174 ἀθροίσαν-

170 1204 235 1239 τες
256 1184 532 1249 παραδιδόασι
549 1182 649 1246 πρὸς
667 1181 742 1238 τὴν
765 1186 837 1228 τοῦ
859 1185 1014 1244 χρυσοῦ
1036 1180 1302 1242 μεταλλείαν,
1322 1178 1413 1240 ἅμα

174 1256 248 1317 μὲν
267 1254 470 1319 τιμωρίαν
486 1250 903 1315 λαμὸάνοντεςπαρὰ
918 1253 1000 1297 τῶν
1020 1249 1410 1311 καταγνωσθέντων,

111 1340 150 1370 ιο
175 1325 264 1387 ἅμα
288 1325 332 1372 δὲ
347 1323 419 1370 Ιδιὰ
438 1326 519 1370 τῶν
541 1320 822 1385 ἐργαζομένων
844 1320 1030 1382 μεγάλας
1052 1321 1277 1383 προσόδους
1302 1321 1414 1380 λαμ·

174 1396 384 1447 ὃᾶνοντες.
434 1396 488 1441 Oi
513 1392 556 1439 δὲ
579 1391 895 1454 παραδοθέντες,
920 1390 1067 1437 πολλοὶ
1087 1388 1162 1449 μὲν
1186 1389 1232 1436 τὸ
1257 1391 1412 1446 πλῆθος

171 1464 308 1523 ὄντες,
323 1463 474 1515 πάντες
493 1462 535 1508 δὲ
558 1461 702 1513 πέδαις
718 1462 940 1521 δεδεμένοι,
960 1463 1312 1523 προσκαρτεροῦσι
1330 1465 1413 1511 τοῖς

171 1535 304 1598 ἔργοις
319 1536 500 1596 συνεχῶς
518 1531 589 1577 καὶ
609 1531 698 1591 μεθ’
718 1530 878 1594 ἡμέραν
895 1529 967 1575 καὶ
981 1531 1032 1575 δι’
1054 1528 1151 1586 ὅλης
1166 1532 1237 1586 τῆς
1253 1528 1411 1589 νυκτὸς,

173 1603 403 1649 ἀνάπαυσιν
447 1599 523 1662 μὲν
569 1599 763 1660 οὐδεμίαν
791 1597 1073 1659 λαμὸοἱνοντες
1089 1634 1101 1655 ,
1143 1599 1329 1661 δρασμοῦ
1369 1595 1412 1643 δὲ

170 1780 249 1821 iter
284 1778 437 1820 distare
478 1776 604 1819 refert
622 1807 634 1828 ,
671 1777 871 1817 nimirum
906 1773 1121 1816 meridiem
1156 1788 1318 1825 versus,
1372 1781 1420 1815 ut

170 1842 301 1898 liquet
320 1856 372 1883 ex
389 1838 598 1883 Macrizio
618 1838 729 1895 apud
752 1836 1024 1892 Quatremere
1042 1836 1095 1878 de
1118 1838 1271 1892 Quinci
1296 1838 1312 1891 (
1331 1839 1418 1878 Μέ-

175 1904 321 1946 moires
337 1917 412 1945 sur
443 1894 647 1959 I'Egjpte,
674 1900 756 1942 vol.
777 1903 833 1952 11,
863 1915 906 1956 p.
944 1901 1038 1949 143.
1065 1899 1141 1941 155
1163 1902 1236 1954 >et
1266 1913 1317 1940 ex
1340 1899 1420 1941 hoc

173 1981 242 2023 ap.
261 1967 424 2008 Heeren
437 1965 454 2018 (
468 1963 606 2013 Ideen,
625 1965 683 2014 11,
701 1977 743 2005 α.
765 1965 876 2019 Opp.
896 1971 999 2004 tom.
1020 1959 1139 2012 XIV,
1154 1976 1197 2017 p.
1219 1962 1300 2011 342
1315 1964 1417 2017 sq.).

175 2030 217 2070 Is
247 2027 360 2069 enim
397 2025 560 2068 fodinas
595 2026 704 2067 inter
740 2024 886 2068 Aidab
926 2032 968 2066 et
994 2024 1162 2065 Suakim
1193 2024 1235 2064 in
1271 2024 1420 2078 Bejctles

176 2093 194 2144 (
213 2090 472 2146 Blemmyum
489 2087 665 2145 >populi
682 2089 851 2143 regione
865 2087 1037 2129 collocat
1052 2085 1104 2128 ad
1121 2086 1266 2127 urbem
1283 2086 1422 2141 Alaky

174 2154 193 2206 (
209 2166 334 2208 quam
352 2165 440 2193 ωε
455 2158 625 2191 censent
639 2148 742 2191 hod.
760 2149 912 2190 Salaka
928 2149 1037 2190 iuter
1056 2150 1130 2191 20⁰
1143 2156 1184 2189 et
1202 2150 1277 2190 21⁰
1295 2147 1366 2189 lat.
1384 2150 1418 2203 ),

173 2229 200 2256 a
227 2213 323 2256 Nilo
358 2212 580 2254 distantem
622 2211 670 2252 15
705 2210 870 2252 dierum
896 2211 1058 2261 itinere,
1082 2224 1107 2251 a
1126 2223 1209 2265 qua
1229 2210 1422 2266 proxima

173 2276 338 2332 Egypti
382 2274 483 2316 urbs
538 2275 591 2315 sit
626 2275 797 2315 Assuan
808 2291 823 2322 ,·
861 2272 1121 2314 metallorum
1158 2286 1279 2314 causa
1313 2271 1422 2314 hanc

174 2339 389 2394 regionem
430 2335 530 2379 olim
565 2335 817 2386 Pharaones,
855 2334 1008 2376 deinde
1049 2337 1217 2378 Graecos
1255 2335 1421 2392 AEgypti

174 2416 292 2458 reges
312 2400 438 2442 armis
458 2399 670 2441 invasisse.
694 2400 770 2440 His
785 2397 892 2440 adde
911 2398 1122 2440 Isztachri
1140 2398 1420 2456 geographum

175 2467 251 2521 (p.
277 2464 329 2505 33
365 2462 564 2504 versionis
592 2477 776 2517 german.
812 2460 1192 2504 Mordtmannianae
1211 2461 1244 2519 )‚
1275 2463 1348 2518 qui
1366 2463 1421 2504 ita

174 2527 325 2568 habet:
350 2546 366 2561 ι
386 2524 646 2567 Aurisodinae
661 2539 685 2566 a
702 2528 813 2565 Suan
833 2523 1073 2581 quindecim
1092 2523 1257 2567 dierum
1275 2525 1422 2568 itinere

175 2589 374 2631 distantes
395 2602 480 2629 non
511 2588 553 2628 in
587 2587 767 2644 AEgypto
798 2585 870 2629 sed
895 2589 937 2629 in
969 2586 1153 2630 Bedscha
1188 2589 1275 2629 sitae
1296 2596 1419 2641 sunt,

172 2652 466 2707 pertinentque
487 2663 619 2705 usque
634 2649 686 2691 ad
707 2649 878 2691 Aidlzab
888 2667 903 2698 ;
922 2650 1031 2691 hanc
1046 2664 1143 2691 vero
1162 2649 1333 2691 Aidhab
1353 2664 1423 2691 ur-

176 2714 273 2755 bem
301 2727 385 2754 non
418 2711 471 2753 ad
502 2710 685 2753 Bedscha
711 2710 783 2752 sed
815 2710 867 2752 ad
901 2711 1091 2753 Habesclt
1127 2712 1306 2766 regionis
1335 2712 1423 2754 loca

177 2776 385 2831 pertinere
408 2774 562 2815 serunt.
583 2777 743 2815 Aurum
768 2774 975 2829 reperitur
994 2774 1035 2814 in
1058 2781 1164 2814 terra
1179 2773 1316 2829 plana,
1334 2789 1423 2816 are-

180 2852 303 2888 nosa,
338 2836 461 2877 nullis
480 2835 715 2877 distinctam
737 2836 964 2877 montibus.
987 2855 1003 2871 ·
1033 2838 1164 2877 Porro
1194 2837 1425 2880 exscribere

178 2901 298 2943 liceat
330 2913 422 2955 quae
450 2897 561 2954 apud
591 2898 801 2939 Edrisium
825 2900 869 2949 1,
904 2912 947 2954 p.
988 2901 1036 2947 41
1063 2898 1287 2953 leguntur:
1323 2920 1340 2935 ·
1367 2902 1425 2943 Le

178 2976 280 3020 pays
312 2960 365 3002 de
394 2958 577 3015 Bodja...
616 2968 677 3001 est
713 2974 795 3001 une
832 2961 1000 3001 contree
1036 2959 1140 3001 dans
1182 2961 1353 3017 laquelle
1398 2964 1425 3005 il

180 3024 351 3067 n’existe
374 3023 416 3064 ni
439 3021 601 3077 villages
624 3023 665 3063 ni
686 3022 794 3063 lieux
816 3022 1001 3074 cultives,
1024 3024 1134 3064 enlin
1159 3038 1215 3064 un
1248 3026 1331 3066 vrai
1356 3025 1426 3067 de-

180 3095 265 3128 sert
282 3086 356 3143 qui
373 3093 456 3127 sert
471 3083 524 3127 de
539 3099 706 3142 passage
720 3098 777 3126 ou
795 3083 848 3126 de
863 3084 946 3127 lieu
974 3084 1026 3127 de
1041 3086 1215 3127 reunion
1240 3101 1348 3142 pour
1369 3088 1425 3130 les

181 3147 431 3192 marchands
449 3147 522 3203 qui
541 3161 584 3188 se
603 3146 781 3189 rendent
812 3145 836 3188 ξι
858 3146 1198 3199 Wadi-’l·Alaki,
1220 3146 1276 3189 οὺ
1295 3164 1337 3190 se
1355 3149 1425 3192 fait

180 3211 220 3254 le
234 3225 468 3254 commen-ce
482 3218 600 3252 entre
617 3209 676 3252 les
693 3209 902 3252 habitants
917 3209 970 3252 de
995 3210 1034 3252 la
1051 3209 1176 3252 haute
1207 3200 1363 3267 Egypte
1385 3221 1426 3254 et

181 3288 283 3317 ceux
300 3273 354 3316 de
372 3272 518 3329 Bodja.
539 3273 657 3316 Cette
672 3271 796 3315 vallee
811 3281 872 3314 est
889 3270 1159 3330 tres-peuplee
1182 3281 1223 3315 et
1242 3272 1426 3316 tres-ser-

181 3338 267 3380 tile.
295 3336 483 3380 El-Alaki
504 3336 609 3378 n’oet
625 3350 677 3379 en
697 3336 757 3377 soi
775 3335 907 3392 qu'un
932 3335 1074 3391 village
1088 3349 1143 3378 ou
1161 3349 1218 3377 un
1237 3335 1424 3391 bourg...

183 3403 263 3442 Les
285 3401 417 3441 mines
431 3398 526 3442 d'or
543 3397 648 3441 dont
664 3412 770 3441 nous
791 3412 919 3441 avons
937 3398 1051 3455 parle
1066 3398 1158 3455 plus
1173 3397 1274 3441 haut
1294 3406 1335 3440 et
1353 3399 1424 3453 qui

182 3471 277 3504 sont
295 3461 489 3512 celebres,
511 3470 607 3504 sont
627 3462 777 3504 situees
796 3476 851 3503 au
874 3461 1015 3504 milieu
1037 3460 1091 3503 de
1112 3476 1159 3504 ce
1180 3475 1296 3518 pays,
1322 3459 1427 3503 dans

185 3539 268 3566 une
282 3524 416 3580 plaine
431 3525 502 3580 qui
517 3524 750 3580 n'estpoint
762 3525 960 3567 entouree
974 3522 1028 3566 de
1044 3532 1288 3579 montagnoe
1299 3531 1341 3566 et
1354 3524 1425 3580 qui

185 3591 250 3624 est
274 3594 466 3626 converte
487 3585 540 3627 de
561 3586 690 3628 sables
724 3595 961 3629 mouvants.
983 3588 1097 3628 Dans
1118 3586 1175 3628 1oe
1204 3583 1427 3642 premieres

187 3651 232 3686 et
255 3642 359 3686 dans
380 3646 436 3686 les
457 3645 666 3689 dernieres
700 3650 809 3690 nuits
841 3649 898 3690 (lu
926 3650 1056 3699 mois,
1093 3648 1150 3691 les
1181 3647 1429 3690 cher-chenus

190 3703 287 3748 d’m·
302 3721 345 3748 se
364 3716 534 3749 mettent
549 3723 599 3749 en
623 3725 847 3765 campagne
866 3710 1017 3752 durant
1038 3710 1072 3751 la
1093 3711 1200 3752 nuit.
1218 3709 1272 3752 Its
1297 3723 1429 3765 regar·

195 3765 299 3808 dent
312 3766 365 3810 de
381 3777 473 3810 tous
492 3769 603 3810 coti-s
624 3785 713 3811 vers
733 3786 778 3812 ce
800 3773 870 3826 qui
887 3772 1004 3813 brille
1033 3772 1154 3814 suria
1171 3781 1303 3822 terre;
1331 3771 1432 3813 lors-

195 3828 317 3886 qu'ils
336 3832 598 3888 apereoivent
623 3831 696 3873 des
720 3834 1003 3875 scintillations
1032 3834 1135 3875 dans
1164 3833 1423 3883 l'obscurite,

193 3891 242 3932 ils
261 3906 312 3933 en
342 3893 560 3935 concinent
582 3893 710 3935 ‹l’unc
744 3895 922 3936 inaniet-e
952 3898 1129 3937 cert-‘tine
1156 3896 1255 3951 qu'il
1284 3911 1308 3952 y
1330 3894 1428 3938 n'de

188 3953 269 3994 l'or
290 3953 394 3996 dans
427 3964 491 3997 eet
515 3954 696 4015 endroit.
718 3957 771 3997 Ils
802 3971 826 4012 y
850 3967 1011 4012 luissent
1035 3958 1070 3999 la
1107 3960 1212 4007 nuit,
1236 3967 1292 4008 et,
1326 3957 1428 3999 lors-

191 4028 273 4070 que
295 4015 330 4057 le
351 4016 451 4071 jour
479 4018 663 4059 survient
682 4049 694 4070 ,
722 4018 881 4060 chacun
906 4034 948 4060 se
972 4027 1050 4059 unct
1076 4018 1096 4059 i·
1131 4019 1301 4061 l'oeuwe
1327 4018 1430 4059 (lans

1141 184 1229 231 Ex.
1262 182 1747 235 Acarnancnmss

1432 1046 1434 1048 ψ
1485 1030 1537 1057 ex
1566 1017 1625 1057 ira
1655 1013 1855 1057 custodiae
1893 1015 2090 1068 traditos,
2119 1016 2330 1060 interdum
2364 1019 2474 1075 ipsos
2492 1017 2748 1068 dumtaxat,

2728 0 2782 182 1

2557 184 2630 246 (ιι,
2643 183 2720 248 ²³.)
2780 193 2782 235 j

1479 293 1535 337 sit
1554 293 1671 351 quod
1697 309 1795 338 cum
1814 309 1865 337 eo
1882 302 2027 345 certet,
2057 307 2188 351 quum
2207 292 2364 335 candor
2386 291 2540 334 nullam
2567 288 2765 348 ιιὼιιίρ-ΞΥ·

1480 368 1540 404 tat
1555 363 1926 419 comparationem.
2630 371 2634 375 ’
2690 348 2770 419 ξιξ,

1535 433 1606 480 αΙ..
1626 432 1712 486 Qui
1742 432 2116 489 profligatissimum
2138 433 2248 474 nacti
2269 439 2369 474 sunt
2389 438 2560 481 sortem,
2583 443 2655 472 eos
2676 431 2688 441 ⁶

1479 497 1810 542 aurifodinarum
1823 502 2064 544 servitutem
2072 500 2575 557 acerbissimam-tyrannis
2589 498 2671 542 abd
2706 519 2722 539 .·
2733 504 2742 507 ⁹

1481 566 1560 618 cit;
1589 581 1819 625 eorumque
1850 569 1919 612 alii
1941 584 2025 612 una
2046 584 2142 613 eum
2172 570 2374 612 uxoribus
2410 578 2451 611 et
2472 570 2626 620 liberis,
2650 568 2702 612 ali

1481 634 1607 678 etiam
1621 634 1776 692 absque
1794 636 1871 679 illis
1888 651 2093 680 aerumnas
2115 637 2307 680 tolerant.
2354 640 2470 692 Quas
2499 646 2675 693 postqua
2688 658 2707 674 a·
2722 667 2746 690 „2

1483 702 1636 759 tragice
1655 713 1896 760 persecutus
1912 713 1975 747 αι
1988 713 2148 757 auctor,
2170 706 2225 747 ita
2244 713 2290 747 ut
2313 704 2365 747 ad
2384 719 2590 747 summam
2613 704 2725 746 caln-⁴

1542 809 1613 893 αἱ·
1644 845 1775 899 Reges
1791 845 1904 886 enim
1918 845 2083 903 AEgypti
2108 845 2326 889 damnatos
2344 847 2399 888 ob
2426 820 2622 887 maleficia
2639 845 2754 887 bel-³

1485 927 1609 984 loque
1637 936 1779 985 captos
1810 936 1851 970 et
1887 928 2049 985 injustis
2077 930 2292 974 calumniis
2322 933 2625 974 circumventos
2653 939 2725 973 aut
2743 918 2756 963 Τ

1485 1100 1696 1143 interdum
1719 1100 2009 1156 cognationem
2030 1099 2154 1142 simul
2185 1114 2369 1153 omnem,
2390 1101 2434 1144 in
2456 1101 2618 1144 fodinas
2640 1102 2725 1143 illas
2747 1119 2762 1162 ‘,‚

1485 1189 1772 1245 compingunt,
1793 1195 1883 1229 tum
1899 1196 1947 1229 ut
1960 1201 2103 1244 poenas
2117 1185 2170 1228 de
2184 1187 2265 1229 reis
2286 1194 2468 1240 sumant,
2484 1196 2574 1230 tum
2591 1198 2638 1231 ut
2653 1188 2726 1230 ho·

1485 1284 1578 1311 rum
1602 1283 1728 1325 opera
1756 1282 1927 1324 magnos
1949 1268 2027 1309 sibi
2064 1275 2244 1324 quaestus
2278 1268 2443 1312 saciant.
2482 1271 2647 1313 Detrusi
2677 1286 2727 1312 eo
2759 1274 2766 1280 ’

1485 1364 1662 1392 munero
1681 1348 1831 1392 infiniti
1848 1380 1860 1400 ,
1888 1362 2115 1405 omnesque
2146 1348 2417 1407 compedibus
2435 1350 2607 1407 alligati,
2628 1365 2745 1393 σου-ω’

1484 1435 1663 1475 tinenter
1691 1433 1735 1475 in
1764 1447 1890 1489 opere
1914 1440 2203 1489 perseverant,
2239 1447 2315 1475 nec
2344 1447 2419 1490 per
2449 1433 2537 1475 dies
2558 1448 2635 1476 nec
2656 1434 2743 1491 per

1485 1523 1625 1556 noctes
1643 1522 1747 1556 totas
1770 1513 1851 1555 ulla
1869 1527 2063 1555 concoesa
2086 1513 2246 1569 quiete,
2274 1514 2471 1570 omnique
2491 1514 2728 1570 aufugiendi
2747 1513 2749 1515 ’

1484 1596 1603 1651 copia
1639 1593 1823 1635 studiose
1850 1592 2084 1634 interclusa.
2116 1592 2394 1635 Barbarorum
2413 1595 2523 1635 enim
2553 1595 2727 1637 militum

1489 1772 1528 1814 la
1546 1772 1714 1828 portion
1733 1769 1786 1812 de
1802 1769 1913 1811 sable
1934 1769 2036 1825 qu'il
2057 1783 2081 1811 a
2097 1783 2321 1820 reconnue,
2343 1769 2477 1825 prend
2497 1784 2544 1811 ee
2557 1770 2668 1813 sable
2690 1779 2732 1813 et

1490 1835 1528 1876 le
1545 1841 1778 1890 transporte
1795 1831 1819 1874 a
1833 1830 2024 1888 Nedjibe,
2042 1830 2190 1888 aupres
2208 1830 2281 1873 dea
2302 1832 2413 1887 puits
2436 1833 2508 1887 qui
2540 1832 2601 1889 s’y
2619 1841 2734 1876 trou-

1490 1903 1601 1939 vent,
1624 1896 1797 1938 Ensuite
1818 1909 1874 1936 on
1898 1892 2076 1951 procede
2098 1908 2152 1935 au
2174 1893 2312 1949 lavage
2333 1892 2437 1935 dans
2466 1893 2540 1935 des
2559 1894 2732 1951 baquets

1489 1958 1543 2001 de
1560 1957 1668 2009 bois,
1687 1954 1789 1998 d’ou
1802 1956 1887 1998 l’on
1910 1956 2034 1998 retire
2049 1956 2085 1998 le
2110 1956 2255 2007 metam
2277 1957 2370 2012 puis
2385 1970 2440 1998 on
2459 1956 2494 1998 le
2516 1957 2620 2000 mele
2633 1972 2733 2003 avec

1489 2020 1550 2063 du
1575 2034 1764 2063 mercure
1792 2028 1833 2061 et
1860 2034 1916 2061 on
1938 2018 1976 2061 le
2005 2018 2078 2061 fait
2101 2017 2262 2061 sondre.
2294 2017 2425 2076 Apris
2457 2027 2564 2061 cette
2585 2023 2731 2077 opera-
2759 2025 2762 2027 ’

1490 2085 1578 2126 tion
1602 2084 1650 2126 ils
1670 2099 1714 2126 se
1736 2082 1917 2136 vendent
1930 2091 1972 2124 et
1993 2080 2218 2125 s'achetent
2243 2082 2301 2124 1oe
2322 2096 2402 2124 uns
2419 2096 2501 2124 aux
2524 2092 2661 2126 autres
2685 2098 2733 2129 ce
2763 2133 2766 2135 ‚

1491 2148 1613 2203 qu'ils
1627 2155 1702 2190 ont
1722 2161 1781 2203 pu
1798 2146 2017 2197 recueillir,
2038 2154 2081 2187 et
2101 2145 2158 2187 les
2176 2144 2424 2187 marchands
2447 2143 2767 2205 translmrtent']

1490 2210 1568 2252 l’or
1589 2209 1694 2252 dans
1723 2209 1782 2251 les
1810 2210 1999 2251 conti-ees
2030 2206 2280 2262 eti-augeres.
2313 2207 2424 2250 C'est
2451 2206 2733 2265 l'occupation
2760 2227 2762 2241 2

1490 2271 1713 2315 habituelle
1747 2270 1800 2313 de
1829 2285 1897 2313 ces
1928 2267 2124 2327 peuploe}
2159 2269 2207 2311 ils
2234 2284 2287 2311 ne
2312 2277 2471 2312 cessent
2501 2283 2575 2327 pas
2596 2270 2649 2314 de
2675 2271 2765 2332 s'yff

1490 2335 1631 2387 livrer,
1652 2343 1694 2378 et
1711 2334 1760 2376 ils
1781 2348 1832 2376 en
1862 2334 2035 2375 retirent
2057 2331 2148 2374 leur
2170 2331 2425 2374 subsistance
2455 2340 2497 2374 et
2514 2332 2604 2375 leur
2621 2332 2736 2376 bien·
2756 2334 2764 2382 ξ

1491 2399 1593 2441 etre.
1614 2400 1678 2441 De
1698 2395 2027 2441 Wadi-’l-Alaki
2043 2394 2068 2437 a
2089 2394 2248 2447 Adzab,
2269 2395 2341 2451 qui
2360 2393 2526 2451 depend
2552 2394 2612 2437 du
2630 2409 2764 2455 payns

1491 2461 1545 2503 de
1562 2460 1708 2517 Bodja,
1730 2475 1786 2503 on
1805 2468 1971 2516 compte
1985 2458 2118 2501 douze
2127 2457 2339 2514 journees.
2361 2477 2378 2494 ι
2403 2456 2471 2501 Ad
2486 2457 2618 2501 Alaki
2637 2461 2749 2502 Ara·-

1491 2524 1594 2567 bum
1615 2525 1701 2566 sive
1720 2523 1774 2566 ad
1799 2522 2052 2565 hodiernum
2078 2521 2231 2563 Salat-a
2257 2519 2487 2563 Danvillius
2514 2528 2556 2563 et
2582 2520 2736 2565 Hoeve-
2767 2543 2772 2581 2

1492 2588 1586 2629 nius
1618 2585 1877 2629 referendam
1902 2599 1989 2627 esse
2017 2591 2188 2626 censent
2224 2582 2448 2624 Berenicen
2482 2582 2771 2639 Πάγχρυσον,

1492 2664 1617 2705 quam
1639 2649 1797 2692 Plinius
1810 2662 1835 2690 a
1848 2650 1873 2690 J
1874 2647 1956 2689 uba
1975 2647 2083 2688 inter
2097 2659 2180 2687 orae
2192 2645 2356 2701 Libycae
2371 2644 2525 2701 oppida
2541 2647 2746 2691 omissam
2768 2688 2771 2699 ¹,

1493 2726 1582 2754 esse
1606 2711 1723 2753 dicit.
1740 2711 1884 2765 Neque
1902 2707 1946 2750 id
1963 2706 2234 2765 improbabile
2259 2714 2345 2758 est,
2365 2705 2494 2749 modo
2509 2722 2562 2749 ne
2581 2708 2754 2754 Plinius

1493 2789 1516 2815 e
1530 2773 1703 2815 diversis
1725 2770 1908 2813 sontibus
1923 2784 1997 2812 sua
2011 2767 2235 2811 corradens
2252 2767 2358 2810 male
2379 2766 2616 2812 distinxerit
2630 2771 2739 2815 inter

1492 2836 1716 2879 Berenicen
1741 2834 1976 2890 Ῑῐάγχρυσον
1998 2840 2040 2874 et
2069 2831 2380 2874 celeberrimam
2396 2832 2622 2876 Berenicen
2644 2846 2739 2890 qun

1493 2907 1582 2941 erat
1612 2897 1664 2940 ad
1687 2898 1826 2939 sinum
1865 2894 2153 2938 Immundum.
2190 2896 2285 2936 Jam
2318 2892 2433 2950 quod
2468 2895 2718 2951 Agatharcbi
2739 2899 2769 2915 ”

1494 2959 1590 3002 dem
1605 2960 1767 3010 attinet,
1784 2957 1900 3000 facile
1925 2965 2037 3014 patet
2062 2956 2222 2998 metalla
2247 2970 2332 2998 non
2362 2957 2400 2998 ei
2415 2955 2508 2999 loco
2534 2957 2607 2999 ubi
2627 2972 2654 3000 n
2698 2981 2703 2995 .
2727 2983 2742 2994 ..

1493 3022 1646 3064 Salaka
1666 3022 1743 3063 sita
1764 3029 1824 3062 est
1856 3019 2072 3061 vindicari.
2093 3019 2197 3060 Nam
2221 3027 2310 3060 tum
2330 3018 2447 3061 Nilus
2470 3020 2574 3061 mari
2599 3034 2678 3077 pro
2707 3020 2719 3033 ⁶
2741 3048 2742 3051 =

1495 3083 1589 3127 inus
1610 3093 1698 3126 tum
1720 3083 1882 3140 AEgypti
1902 3081 2201 3138 AEthiopiaeque
2222 3081 2403 3123 conlinia
2417 3112 2428 3132 ,
2449 3079 2503 3122 de
2520 3082 2673 3137 quibus
2695 3076 2739 3114 '1-

1495 3147 1709 3203 Excerptis
1745 3144 1855 3202 apud
1893 3145 2089 3187 Photium
2124 3142 2441 3198 Diodorumque
2471 3158 2607 3184 sermo
2650 3153 2718 3188 est.

1494 3217 1634 3265 aperte
1670 3208 1879 3261 regionem
1914 3205 2100 3248 indicant
2144 3206 2252 3247 sinui
2291 3203 2517 3247 Immundo
2563 3207 2684 3263 prop'
2710 3205 2712 3213 ¹
2736 3211 2737 3214 ’

1494 3285 1619 3327 quam
1654 3271 1697 3311 in
1718 3270 1850 3324 Olaky
1868 3268 2096 3320 montibus,
2122 3268 2194 3309 ubi
2227 3268 2454 3309 etiamnum
2485 3267 2696 3311 aurisodi

1495 3347 1706 3389 superesse
1747 3331 2007 3374 Wilkinsoni
2030 3331 2267 3372 testimonio
2285 3337 2460 3371 constat.
2485 3330 2608 3372 Mitto
2625 3343 2683 3387 qu
2693 3352 2724 3363 ,-

1496 3395 1653 3451 reliqua
1669 3394 1819 3437 Edu-{sii
1854 3394 2036 3435 narratio
2058 3406 2153 3435 cum
2183 3390 2511 3447 Agatharchidea
2533 3392 2634 3435 nihil

1497 3458 1564 3499 bet
1579 3471 1802 3499 commune
1817 3487 1827 3505 ,
1847 3457 1924 3497 nisi
1952 3454 2065 3512 quod
2085 3456 2175 3497 auri
2208 3454 2433 3510 indagatio,
2450 3468 2575 3510 quam
2606 3457 2641 3498 A
2702 3470 2717 3487 ·‘

1495 3519 1636 3570 refert,
1657 3518 1829 3561 eandem
1855 3517 2032 3559 fabulam
2052 3515 2192 3573 prodit
2214 3530 2340 3572 quam
2364 3515 2417 3558 de
2442 3516 2596 3572 topazis
2626 3516 2685 3558 in
2731 3567 2733 3571 v

1496 3581 1640 3637 gandis
1674 3589 1813 3623 narrat
1847 3578 2171 3635 Agatharchides
2210 3578 2223 3635 (
2242 3581 2266 3633 S
2295 3581 2348 3622 82
2366 3578 2397 3636 ).
2428 3580 2444 3632 ΙΙ
2480 3602 2538 3611 -
2574 3591 2612 3620 1.
2650 3576 2709 3620 αδ

1499 3645 1640 3699 τοῖς]
1678 3643 1826 3691 ἑαυτοῖς
1857 3644 1906 3685 C.
1930 3644 1946 3698 ΙΙ
1970 3667 2027 3675 -
2048 3656 2090 3685 2.
2112 3641 2366 3697 ἐχούσης]
2392 3639 2546 3693 ἑξούσης
2569 3653 2661 3695 vgo.
2710 3659 2718 3665 ·
2767 3651 2782 3699 ²3

1557 3710 1580 3760 S
1611 3712 1661 3750 24
1680 3707 1743 3756 ,1.
1786 3721 1826 3761 7.
1851 3702 2158 3761 ὓπερὸολήν]
2189 3702 2300 3745 Vide
2322 3703 2601 3745 narrationem
2654 3710 2666 3737 ⁸
2702 3715 2729 3761 jz
2766 3709 2782 3756 ,i

1501 3768 1593 3809 (lori
1610 3800 1620 3818 ,
1643 3768 1692 3809 ad
1727 3783 1850 3824 quem
1875 3767 2177 3822 Wesselingius
2195 3765 2249 3807 de
2282 3765 2476 3807 aerumnis
2497 3763 2643 3813 aurii·
2711 3814 2714 3815 ⁷
2781 3780 2782 3783 ¹

1499 3845 1591 3872 rum
1623 3830 1759 3872 laudat
1788 3829 2144 3886 simplic-Medic.
2178 3828 2333 3870 Facult.
2354 3827 2531 3878 lib.1x,
2556 3840 2599 3882 p.
2633 3827 2741 3881 120]
2776 3866 2782 3879 ,

1502 3894 1783 3935 Democritum
1797 3893 1979 3948 inEpist.
1994 3892 2234 3948 Hippocrat.
2253 3889 2304 3931 nd
2322 3891 2535 3942 Damaget.
2551 3901 2596 3944 p.
2616 3899 2632 3929 ι
2676 3895 2694 3919 Γ
2718 3903 2731 3940 ¹·

1503 3957 1740 3997 Lucretium
1775 3958 1857 4006 Vl,
1892 3954 1996 4004 8033
2033 3956 2101 3995 Jo.
2136 3953 2477 4008 Chrysostomum
2512 3949 2553 3991 in
2588 3949 2728 3991 Mau
2748 3985 2776 4011 3,

1504 4026 1606 4059 tom.
1646 4020 1749 4068 Ut,
1789 4032 1830 4073 p.
1853 4019 1958 4070 559,
1982 4015 2093 4059 Add.
2129 4014 2304 4057 Diodor.
2340 4014 2395 4063 V,
2422 4014 2496 4063 38.
2528 4007 2751 4052 Ροοίιίοιι,
2781 4008 2782 4014 ’
