2808 4342
553 10 602 64 Ο
753 37 757 41 ’
792 55 807 61 ,

767 100 811 144 0

213 206 300 248 87²
582 241 626 282 .

209 314 335 358 τομεν
355 295 475 357 μόγις
487 296 558 343 καὶ
581 297 775 358 χαλεπῶς
789 296 841 353 τῇ
865 292 1021 356 εἰρεσίᾳ
1035 327 1049 350 ,
1065 290 1136 338 καὶ
1148 292 1291 353 μέντοι
1309 295 1446 341 πολλὰ

207 364 405 417 παθόντες
421 363 577 424 ἥκομεν
602 366 657 414 εἷς
680 359 753 413 τὰς
777 358 960 414 Ἀθήνας.

269 450 307 481 e.
341 432 465 479 Ἔστι
483 432 561 494 γάρ
585 449 646 476 τοι
667 430 739 475 καὶ
762 430 803 473 ἐν
832 427 981 488 Πόντῳ
1003 430 1063 491 τῷ
1085 427 1268 493 Εὐξείνῳ
1289 430 1443 495 χωρίον

205 500 313 547 οὕτω
330 500 597 561 καλούμενον·
618 497 690 543 καί
707 514 747 541 τι
763 496 835 540 καὶ
857 494 1027 550 Ἀθηνᾶς
1043 496 1152 558 ἱερόν
1171 500 1282 544 ἐστιν
1301 499 1444 547 αὐτόθι

169 586 190 615 ε
207 567 476 623 Ἑλληνικὸν,
505 566 594 611 ὅθεν
628 581 699 622 μοι
733 563 938 610 δοκεῖκαὶ
965 563 1013 610 τὸ
1043 564 1173 626 ὄνομα
1197 559 1301 613 εἶναι
1322 572 1443 617 τοῦτο

202 639 263 701 τῷ
277 638 432 700 χωρίῳ·
455 633 524 679 καὶ
554 630 743 695 φρούριόν
773 633 813 679 τί
843 634 954 680 ἐστιν
973 634 1255 696 ἠμελημίνον.
1323 635 1376 685 Ὁ
1398 638 1440 685 δὲ

201 702 327 768 ὅρμος
346 698 427 754 οἶος
447 701 537 764 ὥρα
557 700 671 754 ἔτους
694 700 890 764 δέχεσθαι
905 704 950 750 οὗ
969 703 1127 758 πολλὰς
1146 708 1245 758 ναῦς
1261 706 1333 752 καὶ
1351 708 1443 754 σκέ-

199 791 281 828 πην
299 770 469 823 ταύταις
487 769 686 833 παρέχειν
708 770 792 816 ἀπὸ
815 771 932 817 νότου
951 771 1106 832 ἀνέμου
1124 773 1196 819 καὶ
1220 776 1345 821 αὐτοῦ
1367 781 1439 823 τοῦ

198 839 330 902 εὔρου·
349 841 519 895 σώζοιτο
541 840 577 885 δ’
598 838 648 885 ἂν
666 838 825 886 καὶτοῦ
843 844 973 904 βορρᾶ
994 841 1047 887 τὰ
1065 843 1269 904 ὁρμοῦντα
1284 845 1410 891 πλοῖα
1425 881 1439 906 ,

135 926 174 957 ιο
197 908 306 956 ἀλλὰ
320 910 366 956 οὗ
380 912 452 955 τοῦ
470 926 518 970 γε
537 907 768 972 ἀπαρκτίου
782 946 795 966 ,
815 910 907 956 οὐδὲ
921 914 994 956 τοῦ
1014 911 1210 974 θρασκίου
1230 911 1307 973 μὲν
1322 914 1364 959 ἐν
1379 916 1439 978 τῷ

195 978 371 1043 Πόντῳ,
393 977 590 1041 σκίρωνος
610 977 652 1023 δὲ
687 980 729 1024 ἐν
752 980 804 1039 τῇ
828 976 1004 1025 Ἑλλάδι
1026 979 1296 1041 καλουμένου.
1365 981 1439 1035 Εἰς

195 1049 237 1093 δὲ
261 1047 335 1104 τὴν
354 1046 484 1094 νύκτα
509 1050 677 1110 βρονταί
700 1066 746 1093 τε
766 1047 945 1110 σκληραὶ
964 1048 1037 1094 καὶ
1061 1050 1273 1113 ἀστραπαὶ
1294 1054 1438 1098 κατεῖ-

191 1135 290 1180 χον,
309 1117 383 1163 καὶ
399 1121 565 1177 πνεῦμα
587 1119 632 1163 οὗ
655 1117 701 1163 τὸ
726 1117 827 1163 αὐτὸ
850 1116 937 1175 ἔτι,
958 1117 1065 1164 ἀλλὰ
1085 1120 1141 1171 εἰς
1164 1118 1278 1166 νότον
1298 1125 1439 1181 μεθει-

194 1186 363 1246 στήκει,
388 1186 460 1232 καὶ
479 1186 531 1232 δι’
556 1186 699 1247 ὀλίγου
723 1186 806 1232 ἀπὸ
829 1191 900 1233 τοῦ
920 1186 1037 1233 νότου
1059 1189 1117 1240 εἰς
1138 1188 1237 1235 λίὸα
1258 1188 1434 1251 ἄνεμον,

130 1274 170 1306 15
192 1256 264 1302 καὶ
285 1262 377 1310 ταῖς
393 1255 536 1303 ναυσὶν
557 1255 692 1302 οὐκέτι
710 1254 899 1320 ἀσφαλὴς
919 1259 941 1303 ὁ
963 1254 1087 1319 ὅρμος
1104 1250 1170 1314 ἦν.
1239 1258 1347 1322 Πρὶν
1367 1252 1436 1305 οὖν

191 1324 459 1372 παντάπασιν
490 1327 743 1388 ἀγριωθῆναι
760 1325 835 1382 τὴν
856 1325 1091 1383 θάλατταν,
1121 1325 1219 1379 ὅσας
1237 1328 1312 1386 μὲν
1337 1329 1436 1374 αὐτὸ

189 1394 238 1441 τὸ
255 1395 406 1458 χωρίον
429 1397 471 1440 αἱ
488 1394 656 1450 Ἀθῆναι
684 1395 876 1448 δέξασθαι
894 1395 1095 1450 ἠδύναντο
1108 1431 1120 1452 ,
1136 1396 1291 1450 ταύτας
1309 1399 1432 1443 αὐτοῦ

190 1463 508 1525 ἐνεωλκήσαμεν
520 1500 532 1521 ,
549 1463 657 1519 πλὴν
678 1467 749 1520 τῆς
764 1464 968 1527 τριήρους·
984 1463 1090 1522 αὕτη
1109 1464 1189 1528 γὰρ
1208 1466 1339 1528 πέτρᾳ
1356 1466 1435 1512 τινὶ

190 1536 433 1597 ὑφορμοῦσα
458 1534 653 1597 ἀσφαλῶς
684 1534 869 1581 ἐσάλευε.
937 1533 1024 1585 Τὰς
1051 1533 1094 1580 δὲ
1125 1534 1281 1587 πολλὰς
1303 1535 1435 1583 ἐδόκει

127 1619 171 1651 20
189 1605 369 1666 πέμπειν
394 1606 449 1656 εἰς
467 1603 559 1655 τοὺς
583 1603 794 1665 αἷγίαλοὺς
826 1603 919 1656 τοὺς
947 1604 1126 1660 πλησίον
1145 1606 1432 1662 νεωλκηθησο·

188 1675 334 1735 μένας.
403 1675 488 1721 Καὶ
508 1673 825 1730 ἐνεωλκήθησαν
849 1673 958 1719 ὥστε
983 1676 1154 1727 ἀπαθεῖς
1175 1674 1432 1736 διαγενέσθαι

187 1744 326 1798 πάσας
348 1744 458 1798 πλὴν
483 1750 604 1803 μιᾶς,
634 1743 779 1799 ἥντινα
803 1745 844 1789 ἐν
880 1746 942 1807 τῷ
976 1744 1216 1806 ὁρμίζεσθαι
1247 1744 1328 1806 πρὸ
1361 1749 1431 1791 τοῦ

187 1817 331 1876 καιροῦ
357 1812 665 1874 ἕπιστρέψασαν
689 1812 869 1871 πλαγίαν
893 1813 1104 1858 ὖπολαὸὸν
1122 1812 1168 1859 τὸ
1191 1817 1305 1872 κῦμα
1329 1812 1432 1869 ἐξή-

187 1900 327 1943 νεγκεν
344 1884 400 1935 εἷς
418 1882 491 1937 τὴν
507 1882 627 1937 ἠϊόνα
647 1881 717 1927 καὶ
738 1882 994 1947 συνέηιψεν.
1063 1881 1275 1939 Ἀπεσώθη
1294 1883 1432 1943 μέντοι

121 1963 164 1992 2⁶
186 1951 347 2011 πάντα,
369 1953 415 1998 οὗ
435 1949 487 1997 τὰ
506 1951 618 1996 ἱστία
643 1950 765 2012 μόνον
786 1952 856 1997 καὶ
876 1953 928 1996 τὰ
950 1949 1076 2008 σκεύη
1095 1950 1148 1997 τὰ
1166 1951 1340 1998 ναυτικὰ
1360 1953 1431 1998 καὶ

185 2023 223 2067 οἱ
251 2021 482 2084 ἅνθρωποι,
506 2019 616 2066 ἀλλὰ
638 2020 710 2067 καὶ
731 2022 768 2067 οἱ
789 2014 903 2078 ἧλοι,
927 2020 1000 2067 καὶ
1020 2024 1041 2066 δ
1063 2021 1187 2084 κηρὸς
1202 2020 1427 2079 ἀπεξύσθη,

185 2092 240 2141 ὥς
263 2089 435 2150 μηδενὸς
474 2089 602 2136 ἄλλου
621 2087 649 2145 ἢ
670 2089 798 2143 ξύλων
835 2091 992 2137 δεῖσθαι
1016 2090 1348 2153 ναυπηγησίμων
1374 2093 1430 2142 εἰς

184 2158 260 2215 τὴν
279 2158 555 2215 κατασκευήν·
573 2150 631 2205 ὧν
644 2160 890 2219 παμπόλλη,
910 2163 965 2211 ὡς
982 2153 1122 2220 οἶσθα,
1143 2159 1316 2223 ἀφθονία
1339 2159 1427 2206 ἐστὶ

182 2229 292 2274 κατὰ
314 2230 382 2276 τὸν
407 2228 581 2274 Πόντον.
647 2220 781 2278 Οὗτος
810 2231 832 2272 ὁ
863 2226 1025 2290 χειμὼν
1063 2228 1131 2274 ἐπὶ
1170 2229 1241 2274 δύο
1270 2226 1430 2291 ἡμέρας

119 2311 162 2342 30
182 2301 366 2360 κατεῖχε,
384 2297 455 2343 καὶ
475 2291 525 2353 ’ἦν
542 2296 701 2358 ἀνάγκη
723 2295 872 2355 μένειν.
941 2296 1102 2359 Ἐχρῆν
1120 2296 1200 2360 γὰρ
1221 2296 1302 2360 ἄρα
1322 2297 1429 2358 μηδὲ

180 2365 255 2419 τὰς
287 2370 328 2413 ἐν
365 2368 425 2429 τῷ
450 2365 598 2429 Πόντῳ
623 2364 791 2421 Ἀθήνας
809 2367 1108 2428 παραπλεῦσαι
1127 2368 1263 2426 ἡμᾶς,
1288 2365 1429 2429 ὥσπερ

179 2436 272 2482 τινὰ
294 2436 419 2498 ὅρμον
443 2435 596 2498 ἔρημον
616 2435 687 2481 καὶ
705 2435 936 2495 ἀνώνυμον.

241 2523 280 2554 7.
320 2505 508 2553 Ἐνθένδε
551 2504 723 2569 ἄραντες
762 2505 840 2551 ὑπὸ
867 2505 940 2565 μὲν
973 2504 1046 2561 τὴν
1076 2506 1131 2552 ἕω
1155 2506 1333 2569 πλαγίου
1356 2511 1425 2553 τοῦ

179 2575 383 2627 κλωωνος
401 2573 685 2637 ἐπειρώμεθα,
705 2574 928 2637 προϊούσης
950 2576 992 2621 δὲ
1019 2579 1091 2631 τῆς
1113 2576 1272 2639 ἡμέρας
1290 2612 1302 2633 ,
1331 2580 1425 2639 βορ-

116 2655 156 2685 ³⁵
184 2652 256 2707 ρᾶς
291 2645 540 2697 ἐπιπνεύσας
576 2643 709 2705 ὀλίγος
745 2644 977 2701 κατέστησε
1003 2645 1078 2701 τὴν
1114 2644 1320 2691 θάλατταν
1354 2646 1424 2691 καὶ

181 2715 455 2775 διατρεμῆσαι
479 2714 662 2768 ἐποίησε.
733 2714 818 2760 Καὶ
839 2714 1017 2773 ἤλθομεν
1040 2714 1120 2776 πρὸ
1143 2717 1215 2770 τῆς
1253 2733 1422 2775 μεσημ-

181 2780 297 2843 6ρίας
319 2783 506 2834 σταδίους
534 2783 723 2835 πλείονας
746 2783 772 2838 ἢ
806 2783 1100 2835 πεντακοσίους
1136 2785 1191 2837 εἰς
1220 2781 1423 2847 Ἄψαρον,

177 2850 325 2914 ἵναπερ
363 2854 406 2895 αἱ
439 2852 561 2896 πέντε
600 2853 765 2913 σπεῖραί
790 2856 890 2898 εἰσιν
924 2852 1157 2916 ἱδρυμέναι.
1231 2853 1315 2900 Καὶ
1349 2852 1422 2909 τὴν

179 2918 433 2985 μισθοφορὰν
458 2924 509 2985 τῇ
534 2927 710 2983 στρατιᾷ
746 2923 878 2966 ἔδωκα
902 2924 973 2967 καὶ
1005 2922 1057 2968 τὰ
1083 2923 1192 2968 ὅπλα
1216 2916 1321 2969 εἶδον
1351 2923 1422 2967 καὶ

115 3004 159 3036 ⁴0
176 2992 224 3038 τὸ
244 2998 380 3055 τεῖχος
398 2993 470 3037 καὶ
503 2990 578 3045 τὴν
601 2991 754 3053 τάφρον
786 2991 857 3035 καὶ
880 2991 971 3041 τοὺς
996 2991 1227 3049 κάμνοντας
1247 2991 1317 3036 καὶ
1351 2996 1421 3036 τοῦ

178 3060 292 3107 σίτου
310 3060 387 3116 τὴν
408 3059 676 3123 παρασκευὴν
695 3059 770 3115 τὴν
794 3061 981 3107 ἐνοῦσαν.
1051 3058 1229 3105 ἽΙντινα
1250 3059 1290 3104 δὲ
1318 3060 1418 3121 ὑπὲρ

231 3260 315 3311 56,
346 3256 376 3299 Ι.
403 3261 443 3298 6.
472 3257 611 3298 τούτου
639 3260 708 3298 τοῦ
727 3256 874 3312 χωρίου
895 3254 1195 3311 ειήμερημίνον
1222 3263 1418 3309 corrupte

174 3314 299 3362 habet
329 3318 584 3375 Anonymus.
604 3321 841 3362 Memorant
870 3333 967 3359 vero
1004 3318 1186 3360 Athenas
1230 3318 1418 3359 Ponticas

173 3381 279 3424 Tab.
294 3382 504 3435 peuting„
520 3383 674 3435 Geogr.
691 3384 812 3431 Rav.,
828 3380 1026 3437 Stephan.
1044 3381 1142 3436 Byr..
1158 3394 1192 3421 s.
1208 3393 1250 3421 ν.
1270 3380 1284 3434 (
1305 3379 1417 3420 Ἐστι

176 3444 217 3485 δὲ
235 3444 301 3486 καὶ
321 3444 360 3487 ἔν
379 3449 437 3501 τῷ
452 3443 617 3500 Εὐξείνῳ
632 3445 764 3500 πόντῳ
778 3443 924 3499 χωρίον
946 3441 1116 3495 Ἇθῆναι,
1132 3442 1184 3491 ὥς
1210 3441 1413 3498 Ἀρριανός·

178 3506 259 3547 ἔστι
279 3506 321 3547 ’δὲ
341 3507 406 3547 καὶ
420 3506 524 3562 ἱερὸν
557 3505 689 3547 αὐτόθι
721 3505 955 3559 Ἑλληνικόν
971 3507 1005 3559 ),
1036 3507 1213 3561 Procop.
1236 3506 1299 3546 De
1321 3503 1415 3546 ben.

175 3570 291 3610 Pers.
314 3570 370 3619 11,
394 3583 447 3622 29
464 3583 508 3624 p.
530 3570 629 3623 289,
652 3582 705 3610 22
723 3571 856 3611 Bonn.
877 3577 918 3611 et
940 3570 1003 3610 De
1021 3566 1114 3609 ben.
1139 3566 1268 3609 Goth.
1294 3568 1370 3617 IV,
1390 3579 1415 3607 2

174 3643 221 3686 p.
241 3630 353 3680 1065,
376 3633 400 3678 l,
424 3643 434 3671 ε
458 3630 568 3672 Μετὰ
597 3630 638 3672 δὲ
657 3631 701 3672 τὸ
735 3630 904 3679 Ῥίζαιον
939 3629 1166 3686 αὐτονόμων
1205 3628 1415 3685 ἀνθρώπων

176 3693 263 3747 ὅροι
295 3690 535 3747 ἐκδέχονται,
569 3694 607 3733 οἳ
630 3692 676 3743 δὴ
704 3692 908 3749 Ῥωμαίων
945 3709 986 3735 τε
1023 3693 1087 3735 καὶ
1117 3694 1251 3741 Λαζῶν
1277 3691 1416 3747 μεταξὺ

175 3755 362 3810 ᾤκηνται.
388 3754 463 3795 Καὶ
476 3756 588 3809 κώμη
605 3770 658 3802 τις
673 3787 683 3805 ,
711 3755 862 3807 Ἀθῆναι
884 3758 1024 3812 ὄνομα,
1048 3756 1211 3798 ἐνταῦθα
1226 3753 1412 3805 οἰκεῖται,

176 3816 253 3872 οὔχ
273 3817 334 3859 ὅτι
366 3815 576 3870 Ἀθηναίων
611 3817 787 3867 ἄποικοι,
827 3820 954 3872 ὥσπερ
988 3818 1084 3866 τινὲς
1116 3816 1291 3868 οἴονται,
1323 3817 1415 3873 τῇδε

175 3879 396 3935 ἱδρύσαντο,
414 3877 520 3919 ἀλλὰ
533 3877 632 3934 γυνή
651 3894 705 3926 τις
733 3877 909 3930 ’Ἀθηναία
925 3881 1049 3935 ὄνομα
1062 3880 1101 3922 ἐν
1121 3882 1203 3928 τοῖς
1226 3879 1307 3920 ἅνω
1322 3878 1416 3934 χρό·

177 3957 256 3992 νοις
268 3942 380 3998 κυρία
406 3941 581 3998 ἐγεγόνει
601 3943 670 3993 τῆς
683 3942 837 3996 χώρας,
860 3938 979 3996 ἧσπερ
996 3942 1016 3983 ὁ
1033 3944 1147 3998 τάφος
1166 3942 1330 3984 ἐνταῦθα
1350 3940 1416 3983 καὶ

176 4004 227 4052 εἰς
250 4002 318 4060 ἐμὲ
338 4004 456 4046 ἔστιν.
479 4002 605 4060 Apud
634 4003 901 4047 Ptolemaeum
937 4006 991 4054 V,
1018 4009 1042 4045 6
1074 4019 1117 4060 p.
1144 4006 1241 4055 333,
1264 4007 1288 4046 8
1309 4004 1415 4044 inter

177 4066 421 4108 Rhizuntem
438 4075 478 4108 et
495 4066 694 4123 Χορὸύὸην
711 4066 773 4109 vel
790 4066 989 4123 Κορδύλην
1006 4066 1228 4110 collocatur
1248 4064 1414 4119 Ἀθηνῶν

1350 180 1614 248 Annum
1683 174 1686 176 ’

2606 158 2808 293 (4-0)ζέ

1514 313 1639 361 atque
1658 319 1765 361 :egre
1782 309 1956 364 remigio
1980 322 2059 354 noe
2074 312 2382 370 expedivimus,
2403 324 2444 358 et
2462 316 2590 359 multa
2608 332 2778 374 quam·.·

1517 374 1577 415 vis
1594 374 1776 430 perpessi
1797 375 1982 418 Athenas
2002 379 2281 433 peu-venimus.

1572 445 1614 482 6.
1643 442 1717 483 Est
1734 441 1845 483 enim
1868 442 1912 483 in
1937 444 2074 487 Ponto
2090 458 2260 503 quoque
2278 449 2447 493 Euxiuo
2475 451 2592 494 locus
2609 453 2668 495 sic
2689 453 2754 496 di·

1514 518 1606 550 ctus
1618 540 1630 560 ,
1653 524 1729 552 nec
1749 525 1833 553 non
1848 512 2047 555 Minerva!
2067 512 2208 557 sanum
2226 515 2285 558 ibi
2302 518 2587 564 Granicum
2600 553 2612 573 ‚
2630 538 2652 564 a
2669 537 2755 579 quo

1513 578 1628 620 locus
1658 578 1723 621 ille
1754 594 1906 622 nomen
1930 581 2096 624 videtur
2126 585 2330 640 accepisse
2340 601 2353 637 ;
2386 587 2510 631 etiam
2541 591 2752 634 castellum

1513 647 1726 704 quoddam
1747 658 1809 692 est
1828 650 1909 692 illic
1926 651 2168 694 dereiictum
2185 669 2195 703 ς
2218 667 2346 710 porro
2370 656 2492 698 statio
2512 657 2625 702 baud
2647 662 2753 704 mui-

1498 724 1648 763 tarum
1671 718 1842 760 navium
1871 733 1999 776 capax
2013 751 2026 772 ,
2047 734 2140 777 qua:
2162 730 2297 763 aestate
2315 722 2550 778 perfugium
2569 726 2628 768 eis
2649 741 2753 784 μη-
2800 748 2808 777 ¹.

1510 784 1608 828 bere
1622 787 1751 844 pouit
1768 802 1793 830 a
1813 789 1926 831 Noto
1938 797 1980 832 et
2000 789 2054 832 ab
2084 791 2173 847 ipso
2192 793 2306 833 Euro
2333 801 2497 845 tutum;
2521 792 2755 854 fuerintque
2804 783 2808 789 ¹

1510 869 1634 897 navoe
1652 870 1703 898 eo
1722 857 1972 914 appellentes
1994 859 2118 905 etiam
2150 875 2175 903 a
2197 863 2328 903 Borea
2354 870 2478 914 tutae,
2514 871 2557 904 at
2587 878 2671 906 uon
2700 865 2755 909 ab

1509 923 1725 979 Aparctia,
1743 938 1879 981 neque
1898 925 1951 967 ab
1965 940 2016 968 eo
2032 936 2154 970 vento
2168 960 2179 978 ,
2201 929 2275 984 qui
2293 930 2334 970 in
2355 931 2490 972 Ponto
2506 931 2724 975 Thu-ascia
2736 964 2751 986 ,

1509 991 1552 1031 in
1588 992 1749 1034 Graecia
1780 993 1925 1035 Sciron
1955 994 2197 1051 appellatur.
2257 996 2344 1039 Sub
2377 1006 2541 1040 noctem
2570 1001 2753 1045 tonitrua

1508 1058 1599 1101 dira
1618 1068 1741 1116 atque
1755 1059 1916 1115 fulgura
1931 1062 2036 1103 mari
2052 1062 2278 1106 incubuere
2291 1095 2303 1116 ,
2325 1079 2402 1107 nec
2418 1075 2562 1109 ventus
2576 1069 2752 1125 amplius

1508 1128 1642 1180 idem,
1669 1129 1742 1172 sed
1764 1130 1807 1172 in
1828 1132 1986 1173 Notum
2006 1146 2053 1173 ac
2072 1132 2269 1188 paulatim
2290 1147 2341 1175 ex
2364 1135 2474 1177 Noto
2493 1136 2535 1177 in
2563 1137 2750 1180 Africum

1507 1213 1731 1241 conversus
1748 1208 1835 1250 oet;
1857 1215 1934 1242 nec
1951 1200 2127 1258 amplius
2147 1202 2321 1243 navibus
2335 1204 2457 1245 statio
2477 1212 2563 1246 tuta
2577 1208 2747 1250 exstitit.

1506 1269 1569 1309 Ita
1598 1270 1840 1325 priusquam
1865 1284 1977 1312 mare
1999 1285 2168 1326 prorsus
2187 1281 2514 1327 exasperaretur,
2539 1287 2749 1329 quaecum·

1506 1351 1588 1392 que
1602 1351 1725 1379 naves
1750 1338 1842 1380 loco
1857 1339 1946 1394 ipso
1960 1370 1971 1389 ,
1994 1339 2188 1390 Athenis,
2209 1340 2342 1396 excipi
2361 1349 2567 1396 poterant,
2593 1335 2678 1384 illas
2698 1357 2751 1386 eo

1505 1406 1548 1448 in
1583 1406 1748 1449 aridum
1778 1409 2003 1460 traximus,
2040 1418 2189 1464 praeter
2225 1410 2436 1451 triremem
2478 1423 2488 1451 ε
2520 1410 2607 1452 haec
2637 1413 2749 1454 enim

1504 1485 1724 1532 postquam
1738 1478 1955 1534 scopulum
1975 1478 2182 1534 quendam
2202 1478 2398 1530 subierat,
2420 1488 2510 1521 tuto
2525 1481 2566 1521 in
2585 1483 2747 1524 ancoris

1505 1544 1745 1588 fluctuabat.
1802 1546 2022 1602 Pietasque
2040 1561 2138 1589 vero
2157 1561 2279 1590 naves
2302 1548 2344 1588 in
2364 1548 2498 1589 vicina
2520 1547 2640 1590 litora
2664 1551 2742 1591 mi·

1502 1613 1633 1654 simus
1656 1614 1698 1654 in
1719 1628 1886 1656 arenam
1908 1614 2149 1665 trahendas,
2171 1628 2263 1670 quae
2277 1614 2446 1670 quidem
2462 1629 2607 1657 omnes
2628 1617 2747 1660 salvae

1502 1690 1837 1737 permanserunt,
1859 1696 1941 1724 una
1962 1690 2132 1738 excepta
2146 1713 2158 1732 ,
2183 1696 2310 1737 quam
2331 1683 2438 1724 inter
2455 1683 2745 1739 appeilendum

1503 1752 1787 1807 intempestive
1807 1751 1912 1793 latus
1933 1751 2184 1807 praebentem
2205 1752 2354 1793 fluctus
2368 1752 2551 1808 abripuit
2570 1753 2612 1794 in
2628 1767 2745 1797 oram

1501 1827 1542 1860 et
1566 1819 1776 1875 perfregit.
1834 1820 1988 1862 Omnia
2020 1827 2158 1861 tamen
2197 1828 2355 1861 servata
2386 1828 2499 1871 sunt,
2536 1834 2621 1862 non
2658 1821 2744 1866 vela
2802 1843 2803 1846 “

1501 1895 1662 1929 tantum
1680 1896 1721 1929 et
1742 1896 1997 1930 armamenta
2018 1889 2183 1929 nautica
2205 1896 2327 1943 atque
2355 1887 2546 1938 hominos
2559 1920 2571 1940 ‚
2598 1903 2743 1933 verum
2786 1913 2788 1915 >

1500 1958 1622 1998 ctiam
1642 1957 1744 1998 clavi
1757 1973 1768 2007 ς
1790 1971 1927 1999 ceram
1949 1971 2118 2013 quoque
2138 1957 2390 2007 abrasimus,
2419 1958 2476 1999 ita
2498 1965 2545 1998 ut
2566 1957 2620 1999 ad
2641 1973 2742 2002 oon·

1500 2026 1770 2067 structionem
1794 2025 1905 2067 nulla
1923 2040 1969 2067 re
1987 2025 2063 2067 aiia
2083 2039 2207 2080 quam
2230 2024 2352 2079 lignis
2370 2024 2423 2066 ad
2458 2039 2580 2067 naves
2612 2026 2742 2070 aedffi-
2784 2042 2785 2045 ¹

1499 2094 1651 2138 caudas
1681 2096 1786 2150 aptis
1818 2108 1923 2151 opus
1955 2095 2024 2145 sit,
2048 2107 2228 2149 quorum
2260 2093 2423 2149 ingens,
2453 2095 2513 2135 uti
2543 2097 2675 2146 nosti,
2698 2096 2741 2138 iu

1498 2164 1634 2204 Ponto
1649 2163 1769 2219 copia
1786 2171 1862 2204 est.
1922 2163 2021 2203 naec
2040 2170 2257 2219 tempestas
2274 2175 2349 2218 per
2365 2160 2542 2203 biduum
2558 2161 2739 2214 duravit,
2796 2192 2797 2195 η

1502 2232 1558 2272 ita
1583 2239 1629 2272 ut
1648 2231 1878 2271 necessario
1897 2229 2018 2271 nobis
2037 2230 2119 2271 iilic
2140 2237 2245 2271 esset
2268 2228 2537 2272 manendum.
2596 2231 2742 2287 Neque

1499 2301 1610 2341 enim
1646 2298 1865 2341 videbatur
1895 2313 1983 2341 oese
2007 2299 2283 2350 conveniens,
2315 2298 2497 2341 Athenas
2524 2299 2569 2341 in
2603 2300 2740 2343 Ponto
2781 2342 2783 2347 ,

1500 2370 1668 2411 Euxino
1708 2370 1806 2411 sitas
1821 2401 1833 2420 ,
1867 2383 1945 2410 ceu
1977 2370 2195 2411 stationem
2228 2366 2436 2424 quandam
2469 2367 2671 2411 desertam
2699 2379 2740 2413 et

1500 2438 1745 2492 ignobilem,
1771 2438 2128 2495 praeternavigare.
2223 2443 2226 2447 '

1558 2529 1599 2569 7.
1628 2512 1890 2568 Inde‘quum
1911 2511 1988 2553 sub
2012 2526 2207 2554 auroram
2230 2512 2512 2563 solvissemus,
2533 2519 2738 2557 transver·
2779 2504 2785 2525 ²

1498 2584 1552 2625 sis
1582 2583 1646 2625 usi
1670 2581 1864 2624 fluctibus
1889 2595 2002 2622 mare
2030 2581 2298 2632 tentavimus;
2322 2578 2573 2637 procedente
2598 2589 2736 2624 autem

1497 2652 1586 2703 die,
1615 2653 1765 2693 Boreas
1784 2650 1931 2692 leniter
1947 2649 2108 2705 spirans
2131 2662 2243 2689 mare
2265 2648 2476 2701 stravitfflt
2492 2646 2676 2700 sedavit3
2695 2657 2738 2692 et
2768 2672 2770 2674 ·

1495 2720 1758 2777 pervenimus
1779 2727 1875 2760 ante
1890 2716 2105 2759 meridiem
2124 2716 2216 2772 pius
2235 2730 2359 2771 quam
2382 2717 2606 2772 quingenta
2627 2716 2642 2772 (
2658 2725 2736 2758 ere-
2770 2719 2773 2721 ’

1495 2787 1670 2840 εεηιαθ)
1685 2783 1814 2826 stadia
1826 2783 1979 2825 emensi
1991 2780 2044 2823 ad
2059 2786 2280 2837 Apsarum,
2295 2781 2366 2823 ubi
2382 2782 2569 2838 quinque
2587 2783 2735 2825 cohor·
2762 2789 2768 2792 '

1496 2863 1555 2895 tes
1563 2853 1778 2895 collocatas
1789 2851 2006 2912 habemus.
2054 2848 2316 2905 Stipendium
2329 2849 2731 2907 militibuspersoivi,
2745 2893 2750 2898 ,
2766 2907 2769 2909 Β

1495 2931 1535 2964 et
1550 2936 1664 2964 arma
1676 2921 1850 2977 inspexi,
1871 2928 1911 2961 et
1925 2916 2298 2975 propugnaculum,
2322 2916 2487 2971 fossam,
2502 2926 2677 2974 egrotos
2693 2926 2735 2962 et
2755 2928 2763 2947 -’

1494 2992 1553 3032 rei
1584 2989 1863 3032 frumentariae
1881 2995 2122 3044 apparatum
2139 2994 2441 3043 suppetentcm.
2503 2987 2566 3028 De
2581 2986 2734 3042 quibu·

1492 3058 1686 3100 omnibus
1715 3071 1807 3113 quae
1827 3070 1916 3097 mea
1930 3056 1981 3097 sit
1995 3055 2195 3096 sententia
2210 3086 2220 3105 ,
2243 3054 2400 3096 Latinis
2418 3052 2546 3095 literis
2563 3054 2740 3110 peracri-q

1491 3254 1606 3308 ἄκρον
1624 3255 1794 3305 (Κηηεν
1804 3253 1993 3292 Boumun
2006 3251 2038 3301 ).
2055 3250 2071 3301 ΙΙ
2085 3271 2140 3278 -
2152 3262 2193 3301 9.
2212 3247 2276 3288 καὶ
2290 3246 2365 3289 ἀπὸ
2377 3250 2445 3288 τοῦ
2457 3246 2576 3302 βορρᾶ
2589 3245 2727 3298 editt..
2766 3250 2769 3251 ⁷

1498 3314 1604 3363 ..scd
1634 3322 1796 3370 praestat
1813 3313 1957 3354 lectior
1976 3319 2198 3359 structura,
2221 3324 2345 3364 quam
2361 3308 2492 3352 codex
2514 3308 2685 3366 praebet,
2723 3338 2729 3343 -

1491 3376 1738 3431 Bernhardy.
1776 3374 1960 3417 Analect.
1989 3388 2031 3429 p.
2059 3387 2127 3414 2ο.
2158 3374 2175 3427 ΙΙ
2198 3396 2254 3403 -
2276 3376 2340 3413 16.
2367 3371 2565 3414 θάλασσαν
2588 3370 2685 3416 cod.
2705 3365 2742 3430 Ι

1487 3463 1544 3472 —
1567 3442 1631 3482 18.
1654 3442 1740 3491 τῆς
1769 3436 2038 3493 τριήρους]
2056 3437 2150 3477 Una
2166 3443 2326 3476 tantum
2347 3435 2389 3475 in
2409 3433 2534 3476 ciasse
2552 3442 2641 3476 erat
2656 3434 2742 3477 trio'

1489 3502 1635 3551 remis,
1653 3515 1733 3556 qua
1751 3501 1835 3555 ipse
1853 3499 2075 3547 Arrianus,
2098 3497 2322 3553 provinciae
2354 3495 2586 3553 pra-sectus,
2608 3495 2731 3540 vehe-

1489 3563 1624 3605 batur.
1647 3566 1734 3618 11-
1750 3565 1818 3604 28.
1840 3560 1938 3603 ὧν..
1973 3559 2218 3616 ἀφθονία]
2237 3560 2293 3600 V.
2315 3558 2566 3615 Xenophon.
2588 3556 2725 3615 Aunhg

1486 3627 1563 3677 VI,
1597 3629 1638 3676 4,
1663 3639 1713 3677 25
1751 3623 1898 3667 Strabo
1925 3637 1968 3680 p.
1998 3624 2100 3674 5463
2136 3621 2371 3665 Phiiostrat.
2399 3621 2564 3664 Heroic.
2583 3634 2626 3678 p.
2644 3631 2756 3664 ²³³·

1486 3689 1554 3731 cd.
1585 3689 1716 3730 Boiss.
2730 3719 2735 3726 .

1543 3756 1565 3805 S
1587 3757 1627 3802 7,
1650 3751 1677 3793 1.
1698 3752 1765 3793 36.
1781 3752 1875 3791 Vox
1888 3751 2106 3809 διατρεμιῖν
2123 3763 2223 3791 num
2236 3747 2331 3790 aiibi
2345 3754 2550 3797 occurrat,
2564 3758 2656 3801 quoe
2700 3788 2707 3802 ,
2726 3766 2729 3770 -
2783 3803 2788 3811 ρ

1492 3817 1508 3869 ΙΙ
1534 3839 1589 3847 -
1607 3817 1674 3870 37.
1695 3813 2041 3862 πεντακοσίους
2063 3811 2384 3868 ]Numerushic
2398 3817 2620 3865 corruptus
2648 3835 2662 3842 ν
2714 3805 2718 3815 “

1486 3876 1629 3927 debet3
1662 3892 1756 3919 nam
1777 3878 1863 3919 fieri
1885 3891 1968 3918 non
1987 3876 2124 3932 potuit
2145 3882 2191 3917 ut
2218 3882 2314 3916 ante
2332 3871 2564 3921 meridiem,
2720 3903 2724 3907 ,
2800 3916 2804 3923 ‚

1487 3941 1588 3980 mari
1614 3948 1653 3981 ct
1683 3949 1805 3981 vento
1842 3953 1925 3980 non
1957 3937 2139 3987 favente,
2164 3937 2366 3980 Arrianus
2398 3934 2616 3990 quingent·
2676 3932 2724 3983 ,ζ’ς,
2798 3936 2808 3975 ’,

1486 4002 1711 4043 stadiorum
1728 4004 1804 4043 iter
1821 4001 2054 4057 perficeret,
2068 3998 2220 4041 deinde
2232 4012 2328 4040 vero
2342 3998 2383 4039 in
2395 4011 2512 4053 seqq.
2528 3994 2581 4038 ab
2594 3996 2665 4038 At
2682 4002 2692 4024 ²
2707 3995 2726 4036 ’,

1486 4066 1549 4107 nis
1570 4080 1698 4122 usquc
1715 4064 1766 4107 ad
1791 4067 1995 4121 Apsarum
2014 4062 2179 4105 nonnisi
2199 4062 2281 4105 280
2295 4058 2425 4103 stadia
2436 4066 2545 4102 recte
2562 4061 2743 4118 suppa&
