2756 4354
916 150 997 195 DE
1031 150 1304 196 SCYLACE
1340 152 1715 200 CARYANDEN
1721 155 1805 202 SE.

85 269 215 304 cents
239 274 335 303 ans.
359 257 424 301 La
450 254 573 300 seule
596 252 731 297 chose
760 252 840 310 qui
874 267 990 296 nous
1010 252 1248 296 avertirait
1269 253 1325 297 de

90 336 134 377 13
156 333 379 393 meprise,
413 343 463 374 ce
490 327 627 372 serait
659 326 702 370 le
737 325 882 385 style,
910 327 971 370 οὺ
993 325 1035 369 le
1060 324 1325 385 philolog-ue

89 409 253 454 exerce
283 403 454 452 saurait
484 402 596 448 bien
629 398 920 447 reconnaitre
950 400 1018 445 les
1042 409 1185 446 traces
1213 401 1323 446 d'un

90 489 171 542 age
200 484 302 544 plus
324 479 494 525 recent.
524 478 716 539 D’apres
750 492 823 522 ces
859 476 1115 537 exemples,
1141 492 1202 521 on
1225 477 1324 522 voit

88 556 204 617 qu'il
231 553 346 600 n'est
369 568 451 616 pas
466 553 673 598 tres—sur
692 551 748 596 de
767 550 970 612 prendre
999 551 1214 612 l’epoque
1242 551 1321 596 des

89 630 192 675 faits
213 627 577 689 geographiques
597 627 662 672 les
685 626 791 687 plus
816 626 993 671 recents
1009 640 1098 686 que
1120 625 1323 671 contient

83 706 129 750 le
143 705 339 766 periple,
357 720 477 765 pour
488 704 600 749 celle
612 703 669 749 de
684 704 730 748 la
743 705 968 748 redae-tion
987 702 1043 747 de
1056 703 1316 761 l’ouvrage3

85 781 143 826 ils
160 790 391 826 montrent
407 780 658 825 seulement
683 779 728 823 13
749 778 897 823 limite
921 777 1155 823 au-dessus
1175 777 1231 822 de
1250 778 1321 822 13-

81 857 235 915 quelle
253 872 313 902 on
329 871 387 901 ne
405 866 514 917 peut
534 855 577 900 la
598 855 752 916 placer
766 872 778 910 3
794 854 909 899 mais
928 854 987 899 ils
1002 853 1191 899 laissent
1208 853 1321 899 dans

84 947 174 977 une
194 932 364 991 grande
388 931 664 976 incertitude
698 946 776 976 sur
798 930 843 974 la
874 931 1020 975 limite
1046 930 1318 987 inferieure3

77 1018 127 1052 et
149 1018 247 1053 tout
270 1023 320 1053 ce
340 1023 429 1068 que
459 1008 554 1051 l’on
584 1017 694 1068 peut
725 1007 940 1052 conclure
973 1006 1035 1051 du
1059 1007 1192 1067 style,
1214 1008 1322 1052 c'est

82 1099 176 1143 que
200 1085 243 1129 la
257 1084 492 1129 redaction
515 1093 583 1128 est
605 1083 842 1144 beaucoup
862 1084 966 1144 plus
988 1084 1211 1128 ancienne
1233 1099 1322 1143 que

78 1158 195 1203 -celle
220 1159 301 1219 qui
338 1159 406 1204 lui
438 1159 548 1203 etait
566 1188 568 1191 »
585 1158 792 1216 assignee
818 1174 902 1220 par
930 1157 1119 1203 Vossius
1148 1159 1190 1202 le
1211 1158 1322 1218 pere

81 1232 196 1277 dans
218 1234 263 1277 la
279 1232 470 1293 periode
489 1232 752 1292 byzantine.
769 1232 894 1276 Pour
911 1233 1022 1287 moi,
1047 1247 1103 1276 en
1128 1247 1321 1292 rappro-

81 1307 218 1353 chant
233 1308 276 1353 le
288 1308 404 1367 style
420 1306 476 1350 de
488 1305 754 1351 l’ensemble
768 1306 846 1350 des
864 1305 966 1350 faits
987 1306 1042 1349 de
1061 1306 1316 1365 l'ouvrage,

77 1381 128 1441 Je
148 1397 219 1427 me
258 1397 361 1427 sens
400 1381 489 1425 sort
518 1380 669 1426 enclin
697 1382 722 1424 a
750 1395 806 1424 en
843 1379 998 1440 placer
1022 1380 1318 1426 laredaction

75 1468 205 1524 entre
227 1458 318 1502 l'an
341 1457 429 1502 356
448 1468 492 1502 et
512 1459 555 1502 la
578 1467 697 1502 mort
724 1456 1044 1504 d’Alexandre.
1068 1457 1195 1502 Cette
1216 1460 1317 1519 opi-

78 1520 188 1577 nion
207 1548 279 1577 me
302 1532 474 1578 semble
496 1533 542 1577 13
563 1533 668 1593 plus
701 1531 927 1593 probable
947 1543 991 1578 et
1012 1534 1057 1578 la
1075 1534 1181 1594 plus
1203 1551 1317 1578 con-

72 1607 288 1653 cordante
310 1624 420 1653 avec
442 1618 589 1657 toutes
607 1609 674 1654 les
697 1608 927 1665 donnees3
951 1609 1048 1654 cela
1072 1625 1129 1654 ne
1153 1612 1314 1655 m'em-

76 1683 217 1743 peche
239 1699 320 1744 pas
337 1684 556 1729 d'avouer
573 1700 662 1744 que
677 1684 726 1744 je
750 1700 807 1728 ne
829 1685 932 1729 vois
955 1700 1037 1745 pas
1058 1687 1210 1744 quelle
1231 1687 1318 1730 rai-

76 1773 159 1803 son
178 1759 322 1804 solide
344 1775 404 1812 on
428 1760 638 1820 pourrait
663 1774 864 1820 opposer
885 1761 1041 1804 acelui
1063 1761 1143 1820 qui
1162 1761 1312 1821 prese-

77 1833 216 1878 rerait
232 1834 446 1894 l'epoque
466 1835 639 1879 admise
654 1850 738 1895 par
754 1834 962 1880 Dodwell
982 1851 1043 1880 ou
1062 1837 1209 1881 meme
1224 1852 1316 1882 une

75 1909 252 1969 e'poque
275 1926 338 1955 un
365 1926 451 1971 peu
472 1911 573 1970 plus
597 1911 777 1956 recente
800 1927 980 1958 encore.
1021 1912 1136 1958 Mais
1161 1929 1211 1958 ce
1232 1916 1313 1973 qui

71 1985 188 2030 n’est
207 1985 340 2045 point
364 1986 617 2042 incertain,
643 2002 694 2032 ce
727 1987 807 2046 qui
842 1987 1010 2032 resulte
1045 1988 1313 2035 clairement·

74 2059 130 2104 de
154 2060 419 2106 l’ensemble
455 2062 512 2107 de
545 2077 617 2107 ces
645 2062 966 2109 observations
982 2098 994 2119 ,
1029 2065 1137 2109 c’est
1158 2080 1247 2124 que
1268 2066 1313 2111 le

73 2136 252 2197 periple
275 2148 343 2183 est
373 2139 641 2184 reellement
671 2155 763 2184 une
802 2140 1119 2201 compilation,
1145 2151 1189 2185 et
1222 2157 1313 2201 que

66 2211 137 2256 les
153 2211 359 2257 diverses
375 2215 546 2273 parties
566 2229 623 2258 en
644 2223 725 2258 ont
740 2214 809 2258 ete
826 2215 962 2260 tirees
985 2215 1040 2259 de
1057 2215 1311 2261 materiaux

71 2288 208 2337 d’une
231 2290 334 2335 date
367 2292 864 2351 approximativement
892 2309 1093 2349 connue,
1115 2295 1224 2338 dont
1242 2295 1308 2339 les

8 2404 11 2406 .
63 2365 175 2424 ⁴plus
202 2365 378 2409 recents
397 2377 500 2409 sont
518 2367 579 2410 du
595 2368 737 2424 regne
763 2367 818 2410 de
847 2366 1064 2426 Philippe
1087 2368 1143 2411 de
1161 2367 1306 2412 Mace-

72 2439 225 2486 doine.
258 2439 320 2484 Ce
342 2440 531 2484 resultat
562 2441 671 2485 etait
688 2441 792 2500 plus
809 2441 1064 2486 necessaire
1094 2445 1119 2485 ἐι
1142 2442 1308 2487 e'tablir

13 2568 26 2583 ς
67 2530 161 2573 ‚que
180 2515 226 2558 la
243 2515 345 2559 date
368 2516 544 2574 precise
561 2515 617 2560 de
639 2515 685 2559 13
704 2515 954 2572 redaction,
977 2516 1079 2561 date
1102 2518 1215 2576 qu'il
1236 2534 1307 2563 me

68 2586 220 2648 parait
243 2589 526 2634 maintenant
548 2589 820 2649 impossible
844 2590 900 2634 de
926 2590 1203 2636 determinet*
1227 2607 1305 2637 au-

72 2672 264 2708 trement
287 2678 376 2723 que
399 2679 483 2724 par
498 2663 578 2708 des
598 2662 912 2723 suppositions
941 2664 1046 2722 plus
1070 2681 1131 2709 ou
1155 2666 1307 2711 moins

70 2737 342 2798 probables,
368 2748 412 2782 et
431 2738 530 2797 qui,
551 2738 928 2797 heureusement,
951 2739 1066 2783 n’est
1085 2739 1307 2785 d’aucune

64 2818 354 2878 importance
367 2833 488 2879 pour
510 2817 734 2862 l’histoire
759 2818 815 2863 de
833 2818 878 2862 13
897 2818 1191 2880 geographie.
1225 2841 1242 2858 »

134 2909 208 2949 70.
233 2892 470 2938 Letronnii
487 2893 753 2937 sententiam
780 2893 1058 2954 approbavit
1077 2894 1164 2940 Od.
1188 2894 1308 2939 11Ιὶ11-

67 2968 137 3012 ler
158 2966 225 3028 (*),
254 2979 298 3018 et
321 2968 560 3014 Fabricius
582 2968 671 3031 (**),
697 2970 788 3014 nisi
814 2969 938 3029 quod
973 2970 1048 3015 hic
1071 2986 1172 3014 cum
1192 2970 1306 3016 Vos-

70 3044 138 3088 sio
155 3054 298 3089 totum
320 3045 553 3106 periplum
578 3046 937 3105 Byzantinorum
971 3045 1153 3090 demum
1180 3055 1304 3090 tem-

69 3119 267 3178 poribus
290 3134 315 3164 e
350 3121 493 3166 variis
518 3120 722 3166 fontibus
763 3120 1008 3166 conflatum
1033 3136 1131 3165 esse
1155 3131 1307 3165 censet

62 3183 256 3254 *propter
271 3195 492 3241 orationis
511 3195 771 3241 barbariem
787 3214 799 3252 ;
820 3197 870 3240 in
889 3212 980 3256 quo
1001 3196 1246 3241 assentitur
1261 3196 1304 3240 ei

65 3266 283 3313 Westerm
289 3284 435 3315 annus
447 3270 516 3333 (in
525 3273 672 3327 Pauly
680 3275 711 3315 's
719 3273 1026 3328 Real-Encycl.
1038 3286 1084 3314 v.
1098 3271 1281 3330 Scylax)
1293 3305 1301 3314 .

74 3341 135 3384 Ac
155 3357 262 3387 sane
277 3359 368 3402 quo
388 3355 520 3405 pacto
542 3345 790 3390 dictionem
810 3346 956 3390 nostri
980 3346 1190 3406 opusculi
1209 3355 1302 3390 tum

2492 196 2608 228 xux

1397 254 1446 298 in
1458 255 1706 300 Alexandri
1716 266 1810 301 tum
1824 258 1871 301 in
1886 257 2071 319 Polybii
2084 274 2253 309 aetatem
2267 270 2424 315 cadere
2434 289 2613 324 conten.

1395 327 1493 384 das,
1516 345 1609 374 non
1624 331 1871 391 perspicio,
1892 332 2048 392 Neque
2067 338 2211 393 magis
2235 340 2319 385 tibi
2340 354 2615 401 persuaseris

1393 403 1626 462 periplum
1645 404 1768 449 hunc
1786 405 1974 465 Polybii
1995 417 2197 468 tempore
2221 415 2418 469 potuisse
2441 437 2617 483 compo.

1394 476 1460 528 ni.
1482 477 1593 521 Nam
1613 478 1928 524 literatissimo
1943 495 2045 525 aevo
2064 481 2318 540 Polybiano
2339 503 2429 532 non
2447 508 2497 536 ea
2518 512 2619 553 quae

1393 549 1658 609 Byzantinis
1675 553 1958 613 temporibus
1976 565 2071 599 erat
2091 555 2310 602 doctrinae
2326 560 2490 618 clades,
2509 569 2618 614 adeo

1393 633 1443 668 ut
1460 626 1668 685 periplus
1687 627 1968 673 scriberetur
1983 629 2063 689 qui
2080 639 2243 674 statum
2266 637 2617 695 geographicum

1392 698 1573 744 duobus
1582 700 1748 745 seculis
1764 702 1964 747 auctoris
1978 713 2104 748 aetate
2117 704 2420 764 antiquiorem
2441 712 2622 759 exhibe·

1394 784 1480 832 ret,
1502 773 1768 834 nullamque
1783 774 1971 820 haberet
2003 777 2225 822 rationem
2250 779 2446 838 ingentis
2468 801 2620 832 rerum

1393 848 1726 909 conversionis,
1747 863 1849 909 quae
1864 860 1968 910 post
1994 851 2304 897 Alexandrum
2324 855 2536 915 Magnum
2558 862 2622 906 fa·

1392 926 1515 971 ciem·
1543 926 1670 971 orbis
1709 936 1937 971 terrarum
1983 928 2191 974 mutavit.
2217 929 2288 973 Ab
2329 932 2467 978 altera
2498 948 2623 994 parte

1390 1001 1506 1045 nihil
1528 1011 1596 1047 est
1622 1017 1705 1046 cur
1725 1017 1783 1046 ex
1815 1002 2023 1047 oratione
2040 1001 2194 1047 Nostri
2215 1003 2413 1051 barbara
2439 1010 2621 1069 colliga-

1390 1091 1491 1121 mus
1518 1075 1782 1136 Byzantinis
1803 1076 1987 1122 demum
2014 1078 2317 1138 temporibus,
2340 1082 2509 1142 quibus
2529 1101 2621 1131 ma·

1389 1165 1478 1208 gna
1494 1151 1632 1195 totius
1649 1151 1789 1196 maris
1811 1151 1982 1196 interni
2004 1152 2101 1212 peri
2109 1153 2288 1212 plorum
2308 1157 2437 1217 copia
2458 1171 2622 1218 praesto

1389 1235 1500 1281 erat,
1530 1235 1737 1270 nostrum
1769 1226 2001 1286 periplum
2030 1242 2055 1272 e
2078 1228 2224 1273 variis
2245 1230 2526 1288 singularum
2550 1251 2622 1280 re-

1389 1302 1576 1359 gionum
1595 1302 1799 1363 paraplis
1822 1317 1920 1347 esse
1947 1304 2287 1349 concinnatum.
2315 1307 2425 1360 Quae
2452 1321 2623 1355 senten-

1388 1377 1453 1420 tia
1482 1377 1672 1422 fortasse
1717 1376 2060 1436 probabilitatis
2099 1381 2297 1439 speciem
2337 1382 2543 1440 haberet,
2583 1388 2622 1431 si

1388 1468 1548 1513 reapse
1582 1454 1789 1514 periplus
1835 1464 1991 1499 noster
2027 1470 2085 1500 ex
2119 1457 2388 1516 incongruis
2434 1476 2621 1519 prorsus

1391 1527 1594 1573 fontibus
1619 1528 1836 1594 collectus
1855 1540 1989 1578 esset.
2017 1529 2070 1574 Id
2099 1546 2210 1575 vero
2235 1547 2368 1577 nemo
2388 1533 2622 1596 hucusque

1388 1602 1704 1649 demonstrare
1720 1605 1890 1662 valuit,
1914 1620 1996 1649 nec
2016 1605 2134 1651 ullos
2151 1622 2234 1652 nos
2262 1608 2474 1655 novimus
2498 1613 2621 1671 peri—

1385 1679 1487 1738 plos
1513 1679 1840 1739 particulares,
1882 1695 1997 1740 quos
2040 1682 2190 1741 aptius
2223 1681 2384 1728 Noster
2412 1684 2617 1746 Philippi

1385 1755 1672 1815 temporibus
1693 1771 1967 1816 componere
1983 1757 2228 1816 potuisset3
2245 1758 2356 1803 adeo
2376 1770 2424 1803 ut
2447 1763 2618 1821 compi-

1385 1829 1544 1876 latoris
1564 1847 1731 1876 nomen
1750 1831 1806 1876 ad
1820 1841 2049 1876 auctorem
2069 1842 2274 1877 nostrum
2298 1835 2483 1880 nonnisi
2506 1847 2618 1881 eate-

1384 1923 1469 1952 nus
1495 1909 1745 1968 pertineat,
1779 1918 2002 1968 quatenus
2042 1909 2192 1954 omnis
2224 1909 2317 1954 fere
2354 1912 2490 1955 maris
2512 1913 2615 1957 uni-

1382 1983 1506 2027 versi
1534 1983 1741 2043 periplus
1765 1998 1789 2027 e
1813 1984 2126 2043 compluribus
2155 1984 2362 2029 fontibus
2392 1986 2614 2031 corrivari

1383 2072 1735 2107 consentaneum
1748 2062 2107 2107 sit.Reducimur
2116 2064 2268 2123 itaque
2278 2063 2333 2108 ad
2345 2065 2612 2108 sententiam

1384 2139 1551 2199 saepius
1567 2138 1662 2199 jam
1682 2139 1999 2197 significatam,
2015 2155 2070 2183 ex
2083 2156 2174 2199 qua
2192 2141 2418 2200 periplum
2441 2151 2611 2200 postre-

1382 2215 1468 2258 mis
1495 2214 1629 2258 annis
1660 2214 1889 2273 Philippi
1907 2223 2065 2257 auctor
2098 2213 2243 2258 edidit
2271 2214 2351 2272 qui
2374 2214 2431 2258 ab
2452 2230 2612 2259 occasu

1380 2289 1533 2334 isthmi
1574 2289 1831 2346 Corinthii,
1857 2288 2072 2346 Athenis,
2109 2298 2159 2331 ut
2188 2288 2388 2342 videtur,
2425 2289 2608 2346 degens,

1379 2366 1603 2410 Graeciam
1652 2376 1695 2409 et
1735 2365 2047 2408 Macedoniam
2094 2365 2428 2424 Thraciamque
2468 2377 2611 2412 marte

1379 2441 1589 2500 proprio,
1617 2449 1786 2483 ceteras
1814 2454 1918 2482 oras
1941 2454 1997 2483 ex
2012 2440 2214 2499 paraplis
2233 2456 2350 2499 quos
2375 2451 2481 2485 tunc
2505 2458 2611 2487 nan-

1378 2516 1489 2569 cisci
1511 2525 1690 2574 poterat
1703 2514 1970 2559 novissimis
1989 2513 2247 2575 descripsit.
2264 2515 2362 2560 Hoc
2379 2532 2493 2575 opus
2506 2533 2608 2562 sero

1376 2590 1557 2635 demum
1573 2623 1585 2644 ,
1627 2592 1759 2633 tertio
1796 2589 1869 2632 vel
1905 2598 2067 2647 quarto
2081 2623 2093 2644 ,
2143 2599 2195 2633 ut
2238 2590 2463 2650 suspicor,
2508 2603 2610 2651 post

1376 2664 1607 2709 Christum
1639 2663 1818 2718 saeculo,
1837 2664 1885 2706 in
1917 2663 2206 2708 macilentum
2236 2665 2516 2723 negligenter
2537 2682 2607 2711 re-

1376 2741 1557 2785 dactum
1576 2750 1644 2785 est
1676 2741 1995 2801 compendium
2014 2758 2025 2796 ;
2057 2741 2180 2800 quod
2203 2757 2344 2800 quum
2367 2741 2416 2785 in
2441 2742 2608 2788 scholis

1376 2826 1697 2878 usurparetur,
1709 2816 2095 2877 exemplariaejus
2114 2816 2419 2874 ludimagistri
2435 2817 2609 2862 adscri-

1374 2893 1470 2951 ptis
1494 2892 1666 2953 passim
1700 2892 1872 2937 notulis
1899 2891 2249 2951 subjunctisque
2279 2891 2608 2950 appendicibus

1375 2984 1462 3028 pro
1490 2982 1618 3013 more
1642 2978 1880 3013 auxerunt.
1907 2967 2152 3012 Praefixum
2179 2966 2335 3012 libello
2355 2977 2438 3023 est,
2458 2969 2608 3012 nescio

1376 3058 1512 3102 quam
1537 3042 1707 3087 recenti
1726 3042 1965 3087 mendacio
1982 3076 1995 3096 ,
2017 3052 2229 3101 tanquam
2254 3040 2454 3101 τηλαυγὲς
2475 3042 2608 3101 πρόσ-

1375 3137 1507 3175 ωπον,
1557 3134 1724 3163 nomen
1775 3118 1953 3163 celebre
1998 3117 2200 3178 Scylacis
2248 3117 2606 3176 Caryandensis,

1374 3193 1674 3239 vetustissimi
1693 3193 1963 3253 logographi
1977 3225 1989 3247 ,
2005 3208 2030 3236 a
2049 3208 2140 3252 quo
2156 3191 2388 3236 diversum
2409 3192 2607 3250 aliquem

1376 3269 1687 3330 geographum
1712 3269 2027 3329 cognominem
2055 3277 2227 3313 veteres
2247 3268 2428 3311 novisse
2447 3266 2609 3327 proba-

1377 3345 1418 3388 ri
1440 3344 1612 3403 nequit.

118 3499 166 3546 (*)
193 3498 260 3536 Die
274 3501 451 3540 Etrusker
473 3505 511 3549 1,
531 3514 569 3552 p.
599 3508 665 3543 159
685 3519 694 3542 :
717 3518 736 3536 «
758 3504 896 3551 Scylax
918 3504 1099 3552 Periplus,
1120 3515 1161 3542 er
1179 3503 1231 3542 sei
1252 3513 1338 3540 zum
1350 3503 1492 3541 Behufe
1512 3513 1586 3540 von
1611 3502 1799 3541 Schifsern
1825 3501 1916 3539 oder
1934 3501 2117 3540 Schiilern
2132 3501 2320 3549 gemacht,
2345 3500 2392 3538 ist
2412 3498 2608 3537 sicherlich

63 3553 152 3591 'eine
172 3554 435 3603 compilation,
448 3557 508 3595 bei
532 3558 598 3596 der
621 3558 847 3597 Materiaiien
867 3569 941 3597 von
968 3559 1259 3598 verschiedenen
1286 3561 1502 3598 versassern
1525 3559 1603 3597 und
1629 3559 1756 3598 Zeiten
1784 3559 1940 3596 benutzt
1961 3559 2115 3597 werden
2138 3561 2352 3597 mussten...
2370 3558 2435 3596 Ich
2460 3558 2610 3595 stimme

70 3609 108 3645 in
127 3609 248 3646 dieser
273 3610 427 3649 Ansicht
444 3614 630 3652 Letronne
648 3614 732 3662 bey.
751 3613 809 3652 Cf.
835 3614 933 3652 idem
950 3615 988 3652 in
1011 3615 1340 3663 GoetcinqerGel.
1360 3617 1459 3652 Anz.
1482 3618 1574 3653 ¹828
1596 3617 1643 3653 N.
1678 3620 1724 3653 66
1745 3614 1758 3661 (
1778 3614 1841 3652 ubi
1857 3623 2056 3652 censuram
2077 3614 2240 3652 instituit
2258 3613 2565 3661 Geographorum
2586 3622 2608 3649 3

71 3663 192 3702 Gaiiio
205 3663 421 3713 editorum)
441 3669 478 3704 et
489 3667 577 3706 hinc
594 3669 633 3706 in
655 3670 789 3707 Klein.
810 3669 1018 3717 Schriften
1043 3672 1136 3708 tom.
1163 3674 1194 3718 Ι,
1214 3681 1250 3718 p.
1277 3674 1348 3709 259
1366 3684 1375 3708 :
1398 3685 1417 3703 «
1438 3672 1513 3708 Der
1534 3669 1841 3707 Unterzeichnete
1866 3669 2035 3707 schiiesst
2056 3668 2135 3706 sich
2156 3668 2272 3707 daher
2286 3669 2353 3707 der
2375 3667 2529 3706 Ansicht
2544 3677 2606 3712 an,

69 3720 213 3758 welche
234 3722 416 3759 Letronne
439 3722 476 3759 in
496 3724 597 3761 einer
617 3724 865 3773 Abiiandiung
883 3726 977 3764 iiber
991 3727 1064 3764 den
1088 3726 1255 3775 Peripius
1277 3726 1343 3765 des
1366 3727 1501 3774 Scylax
1520 3725 1720 3774 (Journal
1736 3723 1803 3763 des
1820 3728 1988 3770 Savans,
2005 3723 2115 3763 Febr.
2130 3730 2216 3773 Apr.
2240 3725 2278 3762 et
2296 3723 2369 3762 Mai
2394 3722 2528 3769 1825),
2548 3721 2607 3758 die

23 3798 26 3802 ›
68 3775 152 3812 eine
175 3776 300 3814 Kritik
326 3777 392 3815 der
413 3778 623 3816 Gaiiisciien
640 3781 883 3819 Dissertation
901 3783 914 3830 (
933 3782 1178 3820 Dissertation
1202 3792 1267 3819 sur
1283 3782 1317 3820 le
1336 3782 1478 3830 periple
1495 3782 1542 3819 de
1563 3780 1701 3828 Scylax·
1718 3782 1756 3818 et
1780 3791 1845 3818 sur
1864 3780 2035 3828 l'epoque
2058 3778 2255 3828 presumee
2277 3779 2324 3816 de
2341 3789 2381 3815 sa
2402 3777 2602 3814 redaction.

64 3831 171 3868 Paris
194 3836 284 3870 1825
298 3861 308 3879 ‚
339 3837 373 3871 8.
394 3834 406 3880 )
428 3833 566 3880 bildet,
592 3836 978 3884 auseinandergesetzt
1014 3839 1101 3886 hat,
1120 3838 1215 3876 nach
1235 3838 1400 3876 welciier
1421 3837 1488 3874 das
1511 3836 1630 3876 Werk
1646 3836 1728 3873 eine
1749 3834 2007 3883 composition
2024 3845 2099 3872 von
2117 3833 2345 3872 Materialien
2361 3832 2422 3876 ist,
2445 3831 2504 3868 die
2530 3839 2604 3867 von

69 3887 358 3926 verschiedenen
378 3889 595 3926 Vei-sassern
623 3890 701 3927 und
726 3901 793 3928 aus
815 3893 1099 3932 verschiedener
1127 3894 1207 3931 Zeit
1234 3894 1475 3942 herriihrten,
1496 3893 1585 3931 aher
1613 3891 1747 3940 gerade
1765 3890 1907 3929 damais
1929 3890 1942 3939 (
1963 3891 1999 3928 in
2036 3890 2227 3937 Phiiippus
2248 3888 2326 3926 Zeit
2342 3889 2355 3935 )
2374 3886 2433 3924 die
2447 3885 2605 3924 neusten

71 3950 211 3989 waren,
228 3942 342 3980 deren
360 3954 447 3980 man
467 3943 622 3981 iiabiiast
636 3943 791 3982 werden
805 3945 957 3985 konnte.
986 3963 1004 3981 υ

97 3993 166 4043 (**)
190 4000 229 4034 111
253 3998 589 4047 Zeicscleriscfiir
610 3999 967 4040 Alterelmmswiss.
989 4006 1080 4041 1844
1097 4033 1106 4050 ,
1121 4006 1164 4043 N.
1201 4008 1284 4043 137.

235 4066 366 4101 cencii.
384 4082 395 4105 ι

2409 4062 2436 4097 d
