<?xml version="1.0" encoding="UTF-8"?>
<!DOCTYPE html PUBLIC "-//W3C//DTD XHTML 1.0 Transitional//EN"
    "http://www.w3.org/TR/xhtml1/DTD/xhtml1-transitional.dtd">
<html xmlns="http://www.w3.org/1999/xhtml" xml:lang="en" lang="en">
 <head>
  <title>
</title>
<meta http-equiv="Content-Type" content="text/html;charset=utf-8" />
  <meta name='ocr-system' content='tesseract 3.04.00' />
  <meta name='ocr-capabilities' content='ocr_page ocr_carea ocr_par ocr_line ocrx_word'/>
</head>
<body>
  <div class='ocr_page' id='page_1' title='image "./geographigraeci00mueluoft_0468.png"; bbox 0 0 2808 4342; ppageno 0'>
   <div class='ocr_carea' id='block_1_1' title="bbox 228 201 600 283">
    <p class='ocr_par' dir='ltr' id='par_1_1' title="bbox 228 201 600 283">
     <span class='ocr_line' id='line_1_1' title="bbox 228 201 600 283; baseline 0.003 -42"><span class='ocrx_word' id='word_1_1' title='bbox 228 201 317 242; x_wconf 77' lang='lat'>310</span> <span class='ocrx_word' id='word_1_2' title='bbox 558 241 600 283; x_wconf 57' lang='grc' dir='ltr'><strong><em>ο</em></strong></span> 
     </span>
    </p>
   </div>
   <div class='ocr_carea' id='block_1_2' title="bbox 222 290 1454 420">
    <p class='ocr_par' dir='ltr' id='par_1_2' title="bbox 222 290 1454 420">
     <span class='ocr_line' id='line_1_2' title="bbox 223 290 1452 360; baseline -0.002 -17"><span class='ocrx_word' id='word_1_3' title='bbox 223 295 267 343; x_wconf 72' lang='grc' dir='ltr'>δὲ</span> <span class='ocrx_word' id='word_1_4' title='bbox 286 295 371 343; x_wconf 64' lang='lat' dir='ltr'>dub</span> <span class='ocrx_word' id='word_1_5' title='bbox 389 296 538 360; x_wconf 75' lang='grc' dir='ltr'>ἄρκτου</span> <span class='ocrx_word' id='word_1_6' title='bbox 559 314 660 359; x_wconf 86' lang='grc' dir='ltr'>προς</span> <span class='ocrx_word' id='word_1_7' title='bbox 681 292 966 356; x_wconf 77' lang='grc' dir='ltr'>μεσημὸρίην,</span> <span class='ocrx_word' id='word_1_8' title='bbox 988 310 1107 339; x_wconf 88' lang='grc' dir='ltr'>τουτο</span> <span class='ocrx_word' id='word_1_9' title='bbox 1125 290 1168 338; x_wconf 71' lang='grc' dir='ltr'>δὲ</span> <span class='ocrx_word' id='word_1_10' title='bbox 1185 293 1296 337; x_wconf 60' lang='lat' dir='ltr'>ab*</span> <span class='ocrx_word' id='word_1_11' title='bbox 1321 296 1452 354; x_wconf 81' lang='grc' dir='ltr'>μ’ἧκος</span> 
     </span>
     <span class='ocr_line' id='line_1_3' title="bbox 222 353 1454 420; baseline -0.002 -15"><span class='ocrx_word' id='word_1_12' title='bbox 222 358 428 419; x_wconf 86' lang='grc' dir='ltr'>γίγνεται,</span> <span class='ocrx_word' id='word_1_13' title='bbox 464 359 535 405; x_wconf 80' lang='grc' dir='ltr'>καὶ</span> <span class='ocrx_word' id='word_1_14' title='bbox 560 358 706 420; x_wconf 78' lang='grc' dir='ltr'>ἀπέχει</span> <span class='ocrx_word' id='word_1_15' title='bbox 745 353 999 418; x_wconf 71' lang='grc' dir='ltr'>τριηκοσίους</span> <span class='ocrx_word' id='word_1_16' title='bbox 1028 354 1101 400; x_wconf 75' lang='grc' dir='ltr'>καὶ</span> <span class='ocrx_word' id='word_1_17' title='bbox 1133 354 1275 417; x_wconf 82' lang='grc' dir='ltr'>δισχιλ</span> <span class='ocrx_word' id='word_1_18' title='bbox 1290 373 1359 409; x_wconf 86' lang='grc' dir='ltr'>ους</span> <span class='ocrx_word' id='word_1_19' title='bbox 1382 357 1454 403; x_wconf 83' lang='grc' dir='ltr'>καὶ</span> 
     </span>
    </p>
   </div>
   <div class='ocr_carea' id='block_1_3' title="bbox 146 422 1455 1864">
    <p class='ocr_par' dir='ltr' id='par_1_3' title="bbox 146 422 1455 1864">
     <span class='ocr_line' id='line_1_4' title="bbox 223 422 1453 490; baseline -0.002 -17"><span class='ocrx_word' id='word_1_20' title='bbox 223 427 481 490; x_wconf 75' lang='grc' dir='ltr'>δισμυρίους,</span> <span class='ocrx_word' id='word_1_21' title='bbox 506 426 655 487; x_wconf 75' lang='grc' dir='ltr'>ἵναπερ</span> <span class='ocrx_word' id='word_1_22' title='bbox 678 425 724 470; x_wconf 84' lang='grc' dir='ltr'>τὸ</span> <span class='ocrx_word' id='word_1_23' title='bbox 744 422 1001 469; x_wconf 72' lang='grc' dir='ltr'>στεινότατον</span> <span class='ocrx_word' id='word_1_24' title='bbox 1024 424 1168 469; x_wconf 79' lang='grc' dir='ltr'>αὐτου.</span> <span class='ocrx_word' id='word_1_25' title='bbox 1239 425 1290 484; x_wconf 78' lang='grc' dir='ltr'>(ο)</span> <span class='ocrx_word' id='word_1_26' title='bbox 1311 426 1453 472; x_wconf 86' lang='grc' dir='ltr'>Ποτα-</span> 
     </span>
     <span class='ocr_line' id='line_1_5' title="bbox 224 490 1454 558; baseline -0.001 -16"><span class='ocrx_word' id='word_1_27' title='bbox 224 495 295 556; x_wconf 71' lang='grc' dir='ltr'>μοὶ</span> <span class='ocrx_word' id='word_1_28' title='bbox 322 495 364 542; x_wconf 70' lang='grc' dir='ltr'>δὲ</span> <span class='ocrx_word' id='word_1_29' title='bbox 397 496 553 542; x_wconf 84' lang='grc' dir='ltr'>τοσοίδε</span> <span class='ocrx_word' id='word_1_30' title='bbox 572 493 674 539; x_wconf 65' lang='grc' dir='ltr'>εἰσιν</span> <span class='ocrx_word' id='word_1_31' title='bbox 691 494 734 538; x_wconf 74' lang='grc' dir='ltr'>ἐν</span> <span class='ocrx_word' id='word_1_32' title='bbox 765 495 818 555; x_wconf 83' lang='grc' dir='ltr'>τῇ</span> <span class='ocrx_word' id='word_1_33' title='bbox 842 490 982 539; x_wconf 80' lang='grc' dir='ltr'>Ἰνδῶν</span> <span class='ocrx_word' id='word_1_34' title='bbox 1003 494 1081 555; x_wconf 84' lang='grc' dir='ltr'>γῇ,</span> <span class='ocrx_word' id='word_1_35' title='bbox 1104 491 1193 539; x_wconf 76' lang='grc' dir='ltr'>ὅσοι</span> <span class='ocrx_word' id='word_1_36' title='bbox 1210 494 1304 540; x_wconf 69' lang='grc' dir='ltr'>οὐδὲ</span> <span class='ocrx_word' id='word_1_37' title='bbox 1337 496 1380 541; x_wconf 69' lang='grc' dir='ltr'>ἓν</span> <span class='ocrx_word' id='word_1_38' title='bbox 1401 498 1454 558; x_wconf 80' lang='grc' dir='ltr'>τῇ</span> 
     </span>
     <span class='ocr_line' id='line_1_6' title="bbox 180 558 1454 628; baseline -0.001 -17"><span class='ocrx_word' id='word_1_39' title='bbox 180 580 201 611; x_wconf 76' lang='lat' dir='ltr'>s</span> <span class='ocrx_word' id='word_1_40' title='bbox 220 564 335 628; x_wconf 77' lang='grc' dir='ltr'>πάσῃ</span> <span class='ocrx_word' id='word_1_41' title='bbox 360 564 488 626; x_wconf 56' lang='grc' dir='ltr'>Ἀσίη</span> <span class='ocrx_word' id='word_1_42' title='bbox 527 562 712 622; x_wconf 87' lang='grc' dir='ltr'>μέγιστοι</span> <span class='ocrx_word' id='word_1_43' title='bbox 735 558 809 620; x_wconf 74' lang='grc' dir='ltr'>μὲν</span> <span class='ocrx_word' id='word_1_44' title='bbox 843 563 866 607; x_wconf 80' lang='grc' dir='ltr'><strong>ὁ</strong></span> <span class='ocrx_word' id='word_1_45' title='bbox 888 560 1055 623; x_wconf 76' lang='grc' dir='ltr'>Γάγγης</span> <span class='ocrx_word' id='word_1_46' title='bbox 1080 579 1126 608; x_wconf 84' lang='grc' dir='ltr'>τε</span> <span class='ocrx_word' id='word_1_47' title='bbox 1151 562 1224 609; x_wconf 82' lang='grc' dir='ltr'>καὶ</span> <span class='ocrx_word' id='word_1_48' title='bbox 1259 566 1282 611; x_wconf 78' lang='grc' dir='ltr'>ὁ</span> <span class='ocrx_word' id='word_1_49' title='bbox 1304 562 1454 622; x_wconf 82' lang='grc' dir='ltr'>Ἰνδὸς,</span> 
     </span>
     <span class='ocr_line' id='line_1_7' title="bbox 220 627 1453 694; baseline 0.001 -14"><span class='ocrx_word' id='word_1_50' title='bbox 220 631 314 680; x_wconf 77' lang='grc' dir='ltr'>ὅτου</span> <span class='ocrx_word' id='word_1_51' title='bbox 328 633 399 679; x_wconf 72' lang='grc' dir='ltr'>καὶ</span> <span class='ocrx_word' id='word_1_52' title='bbox 416 635 442 686; x_wconf 87' lang='grc' dir='ltr'>ἡ</span> <span class='ocrx_word' id='word_1_53' title='bbox 468 634 521 691; x_wconf 82' lang='grc' dir='ltr'><strong>γῆ</strong></span> <span class='ocrx_word' id='word_1_54' title='bbox 537 628 762 690; x_wconf 78' lang='grc' dir='ltr'>ἐπώνυμος·</span> <span class='ocrx_word' id='word_1_55' title='bbox 783 627 911 694; x_wconf 76' lang='grc' dir='ltr'>ἄμφω</span> <span class='ocrx_word' id='word_1_56' title='bbox 926 634 1000 676; x_wconf 75' lang='grc' dir='ltr'>τοῦ</span> <span class='ocrx_word' id='word_1_57' title='bbox 1025 647 1071 677; x_wconf 80' lang='grc' dir='ltr'>τε</span> <span class='ocrx_word' id='word_1_58' title='bbox 1088 630 1243 679; x_wconf 83' lang='grc' dir='ltr'>Νείλου</span> <span class='ocrx_word' id='word_1_59' title='bbox 1271 636 1342 679; x_wconf 76' lang='grc' dir='ltr'>τοῦ</span> <span class='ocrx_word' id='word_1_60' title='bbox 1362 635 1453 681; x_wconf 77' lang='grc' dir='ltr'>Αί-</span> 
     </span>
     <span class='ocr_line' id='line_1_8' title="bbox 218 696 1455 761; baseline 0.005 -18"><span class='ocrx_word' id='word_1_61' title='bbox 218 700 388 761; x_wconf 81' lang='grc' dir='ltr'>γυπτίου</span> <span class='ocrx_word' id='word_1_62' title='bbox 403 698 475 743; x_wconf 73' lang='grc' dir='ltr'>καὶ</span> <span class='ocrx_word' id='word_1_63' title='bbox 497 701 570 743; x_wconf 80' lang='grc' dir='ltr'>τοῦ</span> <span class='ocrx_word' id='word_1_64' title='bbox 590 696 759 760; x_wconf 82' lang='grc' dir='ltr'>Ἴστρου</span> <span class='ocrx_word' id='word_1_65' title='bbox 778 701 849 744; x_wconf 79' lang='grc' dir='ltr'>τοῦ</span> <span class='ocrx_word' id='word_1_66' title='bbox 869 700 1100 761; x_wconf 79' lang='grc' dir='ltr'>Σκυθικου,</span> <span class='ocrx_word' id='word_1_67' title='bbox 1122 698 1195 746; x_wconf 64' lang='grc' dir='ltr'>καὶ</span> <span class='ocrx_word' id='word_1_68' title='bbox 1213 701 1250 746; x_wconf 78' lang='grc' dir='ltr'>εί</span> <span class='ocrx_word' id='word_1_69' title='bbox 1269 702 1309 754; x_wconf 72' lang='grc' dir='ltr'>ἐς</span> <span class='ocrx_word' id='word_1_70' title='bbox 1328 701 1455 749; x_wconf 77' lang='grc' dir='ltr'>ταύτὸ</span> 
     </span>
     <span class='ocr_line' id='line_1_9' title="bbox 216 765 1453 834; baseline 0.004 -22"><span class='ocrx_word' id='word_1_71' title='bbox 216 767 397 813; x_wconf 80' lang='grc' dir='ltr'>συνέλθοι</span> <span class='ocrx_word' id='word_1_72' title='bbox 420 768 579 812; x_wconf 85' lang='grc' dir='ltr'>αὗτοῑσι</span> <span class='ocrx_word' id='word_1_73' title='bbox 601 766 650 813; x_wconf 82' lang='grc' dir='ltr'>τὸ</span> <span class='ocrx_word' id='word_1_74' title='bbox 674 765 805 830; x_wconf 77' lang='grc' dir='ltr'>ὕδωρ,</span> <span class='ocrx_word' id='word_1_75' title='bbox 826 768 1004 829; x_wconf 80' lang='grc' dir='ltr'>μέζονες·</span> <span class='ocrx_word' id='word_1_76' title='bbox 1025 769 1093 834; x_wconf 90' lang='grc' dir='ltr'>(ιο)</span> <span class='ocrx_word' id='word_1_77' title='bbox 1112 768 1267 817; x_wconf 78' lang='grc' dir='ltr'>δοκέειν</span> <span class='ocrx_word' id='word_1_78' title='bbox 1282 770 1361 815; x_wconf 68' lang='grc' dir='ltr'>δ”</span> <span class='ocrx_word' id='word_1_79' title='bbox 1338 789 1453 831; x_wconf 79' lang='grc' dir='ltr'>εμοι·</span> 
     </span>
     <span class='ocr_line' id='line_1_10' title="bbox 214 834 1452 901; baseline 0.004 -20"><span class='ocrx_word' id='word_1_80' title='bbox 214 854 285 895; x_wconf 87' lang='grc' dir='ltr'>γε,</span> <span class='ocrx_word' id='word_1_81' title='bbox 306 835 377 882; x_wconf 72' lang='grc' dir='ltr'>καὶ</span> <span class='ocrx_word' id='word_1_82' title='bbox 397 838 419 881; x_wconf 80' lang='grc' dir='ltr'><strong>ὁ</strong></span> <span class='ocrx_word' id='word_1_83' title='bbox 441 834 650 893; x_wconf 73' lang='grc' dir='ltr'>Ἀκεσίνης</span> <span class='ocrx_word' id='word_1_84' title='bbox 675 835 808 898; x_wconf 80' lang='grc' dir='ltr'>μέζων</span> <span class='ocrx_word' id='word_1_85' title='bbox 830 837 919 883; x_wconf 70' lang='grc' dir='ltr'>ἐστὶ</span> <span class='ocrx_word' id='word_1_86' title='bbox 940 841 1012 884; x_wconf 80' lang='grc' dir='ltr'>τοῦ</span> <span class='ocrx_word' id='word_1_87' title='bbox 1035 856 1080 884; x_wconf 88' lang='grc' dir='ltr'>τε</span> <span class='ocrx_word' id='word_1_88' title='bbox 1100 836 1267 901; x_wconf 83' lang='grc' dir='ltr'>Ἴστρου</span> <span class='ocrx_word' id='word_1_89' title='bbox 1289 838 1360 885; x_wconf 75' lang='grc' dir='ltr'>καὶ</span> <span class='ocrx_word' id='word_1_90' title='bbox 1378 858 1452 886; x_wconf 88' lang='grc' dir='ltr'>του</span> 
     </span>
     <span class='ocr_line' id='line_1_11' title="bbox 157 903 1452 970; baseline 0.002 -19"><span class='ocrx_word' id='word_1_91' title='bbox 157 920 196 951; x_wconf 83' lang='grc' dir='ltr'>ιυ</span> <span class='ocrx_word' id='word_1_92' title='bbox 217 904 391 962; x_wconf 79' lang='grc' dir='ltr'>Νείλου,</span> <span class='ocrx_word' id='word_1_93' title='bbox 419 903 568 970; x_wconf 77' lang='grc' dir='ltr'>ἵναπερ</span> <span class='ocrx_word' id='word_1_94' title='bbox 591 904 847 970; x_wconf 77' lang='grc' dir='ltr'>παραλαὸὼν</span> <span class='ocrx_word' id='word_1_95' title='bbox 872 905 962 968; x_wconf 82' lang='grc' dir='ltr'>ἅμα</span> <span class='ocrx_word' id='word_1_96' title='bbox 978 906 1047 954; x_wconf 92' lang='grc' dir='ltr'>τόν</span> <span class='ocrx_word' id='word_1_97' title='bbox 1069 925 1115 953; x_wconf 89' lang='grc' dir='ltr'>τε</span> <span class='ocrx_word' id='word_1_98' title='bbox 1137 906 1357 954; x_wconf 79' lang='grc' dir='ltr'>Ὑδάσπεα</span> <span class='ocrx_word' id='word_1_99' title='bbox 1379 907 1452 953; x_wconf 80' lang='grc' dir='ltr'>καὶ</span> 
     </span>
     <span class='ocr_line' id='line_1_12' title="bbox 214 973 1450 1059; baseline -0.001 -38"><span class='ocrx_word' id='word_1_100' title='bbox 214 974 284 1021; x_wconf 80' lang='grc' dir='ltr'>τὸν</span> <span class='ocrx_word' id='word_1_101' title='bbox 305 973 553 1039; x_wconf 66' lang='grc' dir='ltr'>’Υδραώτεα</span> <span class='ocrx_word' id='word_1_102' title='bbox 570 973 642 1021; x_wconf 82' lang='grc' dir='ltr'>καὶ</span> <span class='ocrx_word' id='word_1_103' title='bbox 658 974 727 1021; x_wconf 84' lang='grc' dir='ltr'>τὸν</span> <span class='ocrx_word' id='word_1_104' title='bbox 744 974 929 1038; x_wconf 66' lang='grc' dir='ltr'>ε’Υφαιιιν</span> <span class='ocrx_word' id='word_1_105' title='bbox 946 975 1146 1059; x_wconf 77' lang='grc' dir='ltr'>έμὸάλλει</span> <span class='ocrx_word' id='word_1_106' title='bbox 1163 977 1202 1028; x_wconf 86' lang='grc' dir='ltr'>ές</span> <span class='ocrx_word' id='word_1_107' title='bbox 1218 993 1288 1022; x_wconf 90' lang='grc' dir='ltr'>τον</span> <span class='ocrx_word' id='word_1_108' title='bbox 1305 975 1450 1034; x_wconf 84' lang='grc' dir='ltr'>Ἰνδὸν,</span> 
     </span>
     <span class='ocr_line' id='line_1_13' title="bbox 213 1037 1449 1107; baseline 0.001 -18"><span class='ocrx_word' id='word_1_109' title='bbox 213 1045 268 1096; x_wconf 81' lang='grc' dir='ltr'>ὥς</span> <span class='ocrx_word' id='word_1_110' title='bbox 285 1042 357 1090; x_wconf 78' lang='grc' dir='ltr'>καὶ</span> <span class='ocrx_word' id='word_1_111' title='bbox 386 1042 607 1106; x_wconf 81' lang='grc' dir='ltr'>τριήκοντα</span> <span class='ocrx_word' id='word_1_112' title='bbox 633 1045 747 1107; x_wconf 78' lang='grc' dir='ltr'>αὐτῷ</span> <span class='ocrx_word' id='word_1_113' title='bbox 770 1045 918 1090; x_wconf 83' lang='grc' dir='ltr'>στάδια</span> <span class='ocrx_word' id='word_1_114' title='bbox 936 1043 984 1091; x_wconf 82' lang='grc' dir='ltr'>τὸ</span> <span class='ocrx_word' id='word_1_115' title='bbox 1005 1043 1159 1097; x_wconf 79' lang='grc' dir='ltr'>πλάτος</span> <span class='ocrx_word' id='word_1_116' title='bbox 1177 1044 1308 1107; x_wconf 82' lang='grc' dir='ltr'>ταύτῃ</span> <span class='ocrx_word' id='word_1_117' title='bbox 1331 1037 1449 1091; x_wconf 71' lang='grc' dir='ltr'>εἶναι·</span> 
     </span>
     <span class='ocr_line' id='line_1_14' title="bbox 212 1112 1452 1176; baseline 0.001 -17"><span class='ocrx_word' id='word_1_118' title='bbox 212 1112 284 1159; x_wconf 79' lang='grc' dir='ltr'>καὶ</span> <span class='ocrx_word' id='word_1_119' title='bbox 305 1112 431 1175; x_wconf 78' lang='grc' dir='ltr'>τυχὸν</span> <span class='ocrx_word' id='word_1_120' title='bbox 453 1112 524 1159; x_wconf 84' lang='grc' dir='ltr'>καὶ</span> <span class='ocrx_word' id='word_1_121' title='bbox 543 1113 662 1159; x_wconf 85' lang='grc' dir='ltr'>ἄλλοι</span> <span class='ocrx_word' id='word_1_122' title='bbox 683 1113 829 1160; x_wconf 78' lang='grc' dir='ltr'>πολλοὶ</span> <span class='ocrx_word' id='word_1_123' title='bbox 849 1113 1013 1174; x_wconf 79' lang='grc' dir='ltr'>μέζονες</span> <span class='ocrx_word' id='word_1_124' title='bbox 1031 1113 1214 1174; x_wconf 76' lang='grc' dir='ltr'>ποταμοὶ</span> <span class='ocrx_word' id='word_1_125' title='bbox 1230 1115 1272 1160; x_wconf 75' lang='grc' dir='ltr'>ἐν</span> <span class='ocrx_word' id='word_1_126' title='bbox 1290 1117 1342 1176; x_wconf 82' lang='grc' dir='ltr'>τῇ</span> <span class='ocrx_word' id='word_1_127' title='bbox 1368 1113 1452 1162; x_wconf 85' lang='grc' dir='ltr'>Ἰν-</span> 
     </span>
     <span class='ocr_line' id='line_1_15' title="bbox 213 1181 569 1246; baseline 0.003 -18"><span class='ocrx_word' id='word_1_128' title='bbox 213 1183 292 1228; x_wconf 77' lang='grc' dir='ltr'>δῶν</span> <span class='ocrx_word' id='word_1_129' title='bbox 314 1185 370 1246; x_wconf 83' lang='grc' dir='ltr'>γῇ</span> <span class='ocrx_word' id='word_1_130' title='bbox 394 1181 569 1245; x_wconf 80' lang='grc' dir='ltr'>ῥέουσιν.</span> 
     </span>
     <span class='ocr_line' id='line_1_16' title="bbox 151 1252 1449 1318; baseline 0.003 -22"><span class='ocrx_word' id='word_1_131' title='bbox 151 1266 189 1297; x_wconf 75' lang='grc' dir='ltr'>ιι»</span> <span class='ocrx_word' id='word_1_132' title='bbox 274 1254 356 1302; x_wconf 82' lang='lat' dir='ltr'>IV.</span> <span class='ocrx_word' id='word_1_133' title='bbox 380 1252 505 1301; x_wconf 78' lang='grc' dir='ltr'>Ἀλλὰ</span> <span class='ocrx_word' id='word_1_134' title='bbox 526 1252 574 1299; x_wconf 83' lang='grc' dir='ltr'>οὗ</span> <span class='ocrx_word' id='word_1_135' title='bbox 597 1272 667 1314; x_wconf 88' lang='grc' dir='ltr'>μοι</span> <span class='ocrx_word' id='word_1_136' title='bbox 691 1252 858 1316; x_wconf 81' lang='grc' dir='ltr'>ἀτρεκὲς</span> <span class='ocrx_word' id='word_1_137' title='bbox 883 1252 986 1317; x_wconf 73' lang='grc' dir='ltr'>ὑπὲρ</span> <span class='ocrx_word' id='word_1_138' title='bbox 1007 1256 1088 1300; x_wconf 80' lang='grc' dir='ltr'>τῶν</span> <span class='ocrx_word' id='word_1_139' title='bbox 1104 1253 1292 1300; x_wconf 75' lang='grc' dir='ltr'>ἐπέκεινα</span> <span class='ocrx_word' id='word_1_140' title='bbox 1315 1253 1449 1318; x_wconf 79' lang='grc' dir='ltr'>Ὑφά-</span> 
     </span>
     <span class='ocr_line' id='line_1_17' title="bbox 211 1319 1447 1386; baseline 0.002 -19"><span class='ocrx_word' id='word_1_141' title='bbox 211 1339 295 1375; x_wconf 87' lang='grc' dir='ltr'>σιος</span> <span class='ocrx_word' id='word_1_142' title='bbox 325 1325 515 1383; x_wconf 79' lang='grc' dir='ltr'>ποταμοῦ</span> <span class='ocrx_word' id='word_1_143' title='bbox 538 1322 857 1385; x_wconf 80' lang='grc' dir='ltr'>ἰσχυρίσασθαι,</span> <span class='ocrx_word' id='word_1_144' title='bbox 881 1319 943 1367; x_wconf 80' lang='grc' dir='ltr'>ὅτι</span> <span class='ocrx_word' id='word_1_145' title='bbox 970 1323 1016 1368; x_wconf 79' lang='grc' dir='ltr'>οὗ</span> <span class='ocrx_word' id='word_1_146' title='bbox 1039 1322 1182 1385; x_wconf 86' lang='grc' dir='ltr'>πρόσω</span> <span class='ocrx_word' id='word_1_147' title='bbox 1201 1340 1273 1369; x_wconf 89' lang='grc' dir='ltr'>του</span> <span class='ocrx_word' id='word_1_148' title='bbox 1307 1322 1447 1386; x_wconf 80' lang='grc' dir='ltr'>Ὑφά-</span> 
     </span>
     <span class='ocr_line' id='line_1_18' title="bbox 212 1383 1445 1454; baseline 0.002 -19"><span class='ocrx_word' id='word_1_149' title='bbox 212 1407 297 1442; x_wconf 86' lang='grc' dir='ltr'>σιος</span> <span class='ocrx_word' id='word_1_150' title='bbox 317 1383 440 1447; x_wconf 73' lang='grc' dir='ltr'>ἦλθεν</span> <span class='ocrx_word' id='word_1_151' title='bbox 458 1389 735 1454; x_wconf 80' lang='grc' dir='ltr'>Ἀλέξανδρος.</span> <span class='ocrx_word' id='word_1_152' title='bbox 808 1390 859 1453; x_wconf 74' lang='grc' dir='ltr'>(ει)</span> <span class='ocrx_word' id='word_1_153' title='bbox 887 1392 1039 1438; x_wconf 82' lang='grc' dir='ltr'>Αὖτοῖν</span> <span class='ocrx_word' id='word_1_154' title='bbox 1064 1390 1107 1437; x_wconf 80' lang='grc' dir='ltr'>δὲ</span> <span class='ocrx_word' id='word_1_155' title='bbox 1129 1398 1213 1439; x_wconf 84' lang='grc' dir='ltr'>τοῖν</span> <span class='ocrx_word' id='word_1_156' title='bbox 1239 1393 1445 1452; x_wconf 83' lang='grc' dir='ltr'>μεγίστοιν</span> 
     </span>
     <span class='ocr_line' id='line_1_19' title="bbox 209 1459 1446 1523; baseline 0.002 -19"><span class='ocrx_word' id='word_1_157' title='bbox 209 1476 415 1519; x_wconf 78' lang='grc' dir='ltr'>ποταμοιν</span> <span class='ocrx_word' id='word_1_158' title='bbox 440 1464 511 1506; x_wconf 76' lang='grc' dir='ltr'>τοῦ</span> <span class='ocrx_word' id='word_1_159' title='bbox 540 1478 582 1506; x_wconf 90' lang='grc' dir='ltr'>τε</span> <span class='ocrx_word' id='word_1_160' title='bbox 613 1460 789 1521; x_wconf 81' lang='grc' dir='ltr'>Γάγγεω</span> <span class='ocrx_word' id='word_1_161' title='bbox 820 1459 893 1505; x_wconf 85' lang='grc' dir='ltr'>καὶ</span> <span class='ocrx_word' id='word_1_162' title='bbox 924 1479 994 1506; x_wconf 90' lang='grc' dir='ltr'>του</span> <span class='ocrx_word' id='word_1_163' title='bbox 1018 1460 1146 1508; x_wconf 80' lang='grc' dir='ltr'>Ἰνδοῦ</span> <span class='ocrx_word' id='word_1_164' title='bbox 1177 1478 1247 1506; x_wconf 80' lang='grc' dir='ltr'>τον</span> <span class='ocrx_word' id='word_1_165' title='bbox 1280 1461 1446 1523; x_wconf 80' lang='grc' dir='ltr'>Γάγγεα</span> 
     </span>
     <span class='ocr_line' id='line_1_20' title="bbox 211 1526 1446 1592; baseline 0.001 -18"><span class='ocrx_word' id='word_1_166' title='bbox 211 1527 374 1588; x_wconf 78' lang='grc' dir='ltr'>μεγέθει</span> <span class='ocrx_word' id='word_1_167' title='bbox 396 1526 500 1574; x_wconf 86' lang='grc' dir='ltr'>πολυ</span> <span class='ocrx_word' id='word_1_168' title='bbox 522 1546 562 1573; x_wconf 89' lang='grc' dir='ltr'>τι</span> <span class='ocrx_word' id='word_1_169' title='bbox 585 1529 823 1592; x_wconf 77' lang='grc' dir='ltr'>ὖπερφέρειν</span> <span class='ocrx_word' id='word_1_170' title='bbox 845 1528 1113 1590; x_wconf 85' lang='grc' dir='ltr'>Μεγασθένης</span> <span class='ocrx_word' id='word_1_171' title='bbox 1131 1528 1359 1592; x_wconf 78' lang='grc' dir='ltr'>ἀνέγραψε,</span> <span class='ocrx_word' id='word_1_172' title='bbox 1375 1529 1446 1575; x_wconf 72' lang='grc' dir='ltr'>καὶ</span> 
     </span>
     <span class='ocr_line' id='line_1_21' title="bbox 146 1595 1445 1660; baseline 0.002 -19"><span class='ocrx_word' id='word_1_173' title='bbox 146 1610 189 1641; x_wconf 83' lang='lat'>20</span> <span class='ocrx_word' id='word_1_174' title='bbox 210 1595 298 1643; x_wconf 75' lang='grc' dir='ltr'>ὅσοι</span> <span class='ocrx_word' id='word_1_175' title='bbox 318 1597 437 1643; x_wconf 79' lang='grc' dir='ltr'>ἄλλοι</span> <span class='ocrx_word' id='word_1_176' title='bbox 466 1597 635 1658; x_wconf 80' lang='grc' dir='ltr'>μνήμην</span> <span class='ocrx_word' id='word_1_177' title='bbox 661 1601 734 1643; x_wconf 77' lang='grc' dir='ltr'>τοῦ</span> <span class='ocrx_word' id='word_1_178' title='bbox 759 1596 933 1659; x_wconf 78' lang='grc' dir='ltr'>Γάγγεω</span> <span class='ocrx_word' id='word_1_179' title='bbox 966 1597 1143 1660; x_wconf 80' lang='grc' dir='ltr'>ἔχουσιν·</span> <span class='ocrx_word' id='word_1_180' title='bbox 1169 1598 1222 1660; x_wconf 76' lang='lat' dir='ltr'>(a)</span> <span class='ocrx_word' id='word_1_181' title='bbox 1247 1596 1367 1644; x_wconf 76' lang='grc' dir='ltr'>αὐτόν</span> <span class='ocrx_word' id='word_1_182' title='bbox 1401 1617 1445 1645; x_wconf 90' lang='grc' dir='ltr'>τε</span> 
     </span>
     <span class='ocr_line' id='line_1_22' title="bbox 208 1664 1444 1731; baseline 0.002 -20"><span class='ocrx_word' id='word_1_183' title='bbox 208 1664 288 1731; x_wconf 78' lang='grc' dir='ltr'>γὰρ</span> <span class='ocrx_word' id='word_1_184' title='bbox 305 1666 434 1728; x_wconf 86' lang='grc' dir='ltr'>μέγαν</span> <span class='ocrx_word' id='word_1_185' title='bbox 452 1665 635 1728; x_wconf 81' lang='grc' dir='ltr'>ἀνίσχειν</span> <span class='ocrx_word' id='word_1_186' title='bbox 654 1668 701 1712; x_wconf 81' lang='grc' dir='ltr'>ἐκ</span> <span class='ocrx_word' id='word_1_187' title='bbox 722 1669 803 1712; x_wconf 85' lang='grc' dir='ltr'>τῶν</span> <span class='ocrx_word' id='word_1_188' title='bbox 823 1666 989 1727; x_wconf 88' lang='grc' dir='ltr'>πηγέων</span> <span class='ocrx_word' id='word_1_189' title='bbox 1004 1704 1018 1726; x_wconf 82' lang='grc'><strong>,</strong></span> <span class='ocrx_word' id='word_1_190' title='bbox 1039 1666 1229 1713; x_wconf 81' lang='grc' dir='ltr'>δέκεσθαί</span> <span class='ocrx_word' id='word_1_191' title='bbox 1246 1686 1290 1713; x_wconf 89' lang='grc' dir='ltr'>τε</span> <span class='ocrx_word' id='word_1_192' title='bbox 1311 1669 1351 1720; x_wconf 83' lang='grc' dir='ltr'>ἐς</span> <span class='ocrx_word' id='word_1_193' title='bbox 1369 1670 1444 1712; x_wconf 83' lang='grc' dir='ltr'>αὖ·</span> 
     </span>
     <span class='ocr_line' id='line_1_23' title="bbox 207 1735 1444 1799; baseline 0.001 -18"><span class='ocrx_word' id='word_1_194' title='bbox 207 1735 277 1782; x_wconf 79' lang='grc' dir='ltr'>τὸν</span> <span class='ocrx_word' id='word_1_195' title='bbox 299 1735 368 1782; x_wconf 87' lang='grc' dir='ltr'>τόν</span> <span class='ocrx_word' id='word_1_196' title='bbox 390 1755 436 1782; x_wconf 91' lang='grc' dir='ltr'>τε</span> <span class='ocrx_word' id='word_1_197' title='bbox 464 1736 623 1784; x_wconf 82' lang='grc' dir='ltr'>Καϊνὰν</span> <span class='ocrx_word' id='word_1_198' title='bbox 653 1735 842 1796; x_wconf 78' lang='grc' dir='ltr'>ποταμὸν</span> <span class='ocrx_word' id='word_1_199' title='bbox 872 1736 943 1782; x_wconf 75' lang='grc' dir='ltr'>καὶ</span> <span class='ocrx_word' id='word_1_200' title='bbox 972 1735 1040 1782; x_wconf 85' lang='grc' dir='ltr'>τὸν</span> <span class='ocrx_word' id='word_1_201' title='bbox 1064 1735 1343 1799; x_wconf 78' lang='grc' dir='ltr'>Ἐραννοὸόαν</span> <span class='ocrx_word' id='word_1_202' title='bbox 1372 1736 1444 1782; x_wconf 80' lang='grc' dir='ltr'>καὶ</span> 
     </span>
     <span class='ocr_line' id='line_1_24' title="bbox 207 1804 1442 1864; baseline 0.001 -13"><span class='ocrx_word' id='word_1_203' title='bbox 207 1804 276 1851; x_wconf 79' lang='grc' dir='ltr'>τὸν</span> <span class='ocrx_word' id='word_1_204' title='bbox 306 1805 566 1864; x_wconf 83' lang='grc' dir='ltr'>Κοσσόανον,</span> <span class='ocrx_word' id='word_1_205' title='bbox 585 1805 743 1858; x_wconf 80' lang='grc' dir='ltr'>πάντας</span> <span class='ocrx_word' id='word_1_206' title='bbox 758 1805 958 1857; x_wconf 84' lang='grc' dir='ltr'>πλωτούς·</span> <span class='ocrx_word' id='word_1_207' title='bbox 983 1804 1043 1851; x_wconf 85' lang='grc' dir='ltr'>ἔτι</span> <span class='ocrx_word' id='word_1_208' title='bbox 1066 1805 1110 1851; x_wconf 78' lang='grc' dir='ltr'>δὲ</span> <span class='ocrx_word' id='word_1_209' title='bbox 1133 1804 1273 1852; x_wconf 78' lang='grc' dir='ltr'>Σῶνόν</span> <span class='ocrx_word' id='word_1_210' title='bbox 1292 1823 1337 1851; x_wconf 91' lang='grc' dir='ltr'>τε</span> <span class='ocrx_word' id='word_1_211' title='bbox 1354 1823 1442 1852; x_wconf 85' lang='grc' dir='ltr'>πο-</span> 
     </span>
    </p>
   </div>
   <div class='ocr_carea' id='block_1_4' title="bbox 202 1966 1453 4080">
    <p class='ocr_par' dir='ltr' id='par_1_4' title="bbox 206 1966 1449 2334">
     <span class='ocr_line' id='line_1_25' title="bbox 208 1966 1447 2023; baseline 0 -15"><span class='ocrx_word' id='word_1_212' title='bbox 208 1966 293 2009; x_wconf 72' lang='lat' dir='ltr'>sem</span> <span class='ocrx_word' id='word_1_213' title='bbox 313 1966 597 2023; x_wconf 78' lang='lat' dir='ltr'><strong>antiquitatem</strong></span> <span class='ocrx_word' id='word_1_214' title='bbox 628 1966 825 2008; x_wconf 82' lang='lat' dir='ltr'><strong>obtinuit.</strong></span> <span class='ocrx_word' id='word_1_215' title='bbox 856 1968 919 2008; x_wconf 94' lang='lat' dir='ltr'>De</span> <span class='ocrx_word' id='word_1_216' title='bbox 940 1966 1197 2022; x_wconf 85' lang='lat' dir='ltr'>longitudine</span> <span class='ocrx_word' id='word_1_217' title='bbox 1225 1966 1280 2009; x_wconf 82' lang='lat' dir='ltr'>cf.</span> <span class='ocrx_word' id='word_1_218' title='bbox 1309 1968 1447 2021; x_wconf 83' lang='lat' dir='ltr'>Mega-</span> 
     </span>
     <span class='ocr_line' id='line_1_26' title="bbox 207 2028 1446 2086; baseline 0.001 -16"><span class='ocrx_word' id='word_1_219' title='bbox 207 2028 364 2072; x_wconf 88' lang='lat' dir='ltr'>sthenis</span> <span class='ocrx_word' id='word_1_220' title='bbox 380 2028 433 2071; x_wconf 78' lang='lat' dir='ltr'>fr:</span> <span class='ocrx_word' id='word_1_221' title='bbox 455 2032 498 2081; x_wconf 88' lang='lat'>6,</span> <span class='ocrx_word' id='word_1_222' title='bbox 514 2043 558 2086; x_wconf 91' lang='lat' dir='ltr'><strong>p.</strong></span> <span class='ocrx_word' id='word_1_223' title='bbox 578 2032 659 2084; x_wconf 77' lang='grc'><strong>409</strong></span> <span class='ocrx_word' id='word_1_224' title='bbox 679 2028 820 2085; x_wconf 79' lang='lat' dir='ltr'>ibique</span> <span class='ocrx_word' id='word_1_225' title='bbox 840 2038 996 2071; x_wconf 86' lang='lat' dir='ltr'>notata.</span> <span class='ocrx_word' id='word_1_226' title='bbox 1023 2031 1040 2085; x_wconf 85' lang='grc' dir='ltr'>ΙΙ</span> <span class='ocrx_word' id='word_1_227' title='bbox 1062 2053 1118 2062; x_wconf 90' lang='grc'>-</span> <span class='ocrx_word' id='word_1_228' title='bbox 1145 2044 1182 2071; x_wconf 89' lang='lat'><strong>1.</strong></span> <span class='ocrx_word' id='word_1_229' title='bbox 1200 2029 1242 2071; x_wconf 79' lang='grc' dir='ltr'>δὲ</span> <span class='ocrx_word' id='word_1_230' title='bbox 1255 2039 1351 2071; x_wconf 89' lang='lat' dir='ltr'>ante</span> <span class='ocrx_word' id='word_1_231' title='bbox 1372 2029 1446 2071; x_wconf 76' lang='grc' dir='ltr'>ἀπὸ</span> 
     </span>
     <span class='ocr_line' id='line_1_27' title="bbox 207 2091 1449 2147; baseline 0 -14"><span class='ocrx_word' id='word_1_232' title='bbox 207 2105 294 2133; x_wconf 87' lang='grc' dir='ltr'>οιιι.</span> <span class='ocrx_word' id='word_1_233' title='bbox 308 2092 357 2133; x_wconf 90' lang='grc' dir='ltr'>Β.</span> <span class='ocrx_word' id='word_1_234' title='bbox 380 2092 521 2146; x_wconf 73' lang='lat'><strong>11—2.</strong></span> <span class='ocrx_word' id='word_1_235' title='bbox 534 2091 751 2147; x_wconf 86' lang='grc' dir='ltr'>γίνεταιῙ).</span> <span class='ocrx_word' id='word_1_236' title='bbox 772 2092 789 2147; x_wconf 81' lang='grc' dir='ltr'>ΙΙ</span> <span class='ocrx_word' id='word_1_237' title='bbox 809 2092 918 2133; x_wconf 82' lang='grc'>-3,</span> <span class='ocrx_word' id='word_1_238' title='bbox 936 2092 1164 2133; x_wconf 82' lang='grc' dir='ltr'>στενότατον</span> <span class='ocrx_word' id='word_1_239' title='bbox 1182 2094 1244 2143; x_wconf 98' lang='lat' dir='ltr'>A,</span> <span class='ocrx_word' id='word_1_240' title='bbox 1234 2108 1243 2117; x_wconf 93' lang='lat'><strong>·</strong></span> <span class='ocrx_word' id='word_1_241' title='bbox 1262 2093 1449 2134; x_wconf 82' lang='grc' dir='ltr'>στενώτα·</span> 
     </span>
     <span class='ocr_line' id='line_1_28' title="bbox 206 2154 1446 2210; baseline 0.001 -14"><span class='ocrx_word' id='word_1_242' title='bbox 206 2169 275 2196; x_wconf 93' lang='grc' dir='ltr'>τον</span> <span class='ocrx_word' id='word_1_243' title='bbox 297 2162 412 2204; x_wconf 62' lang='lat' dir='ltr'>cett„</span> <span class='ocrx_word' id='word_1_244' title='bbox 435 2168 517 2196; x_wconf 90' lang='lat' dir='ltr'>em.</span> <span class='ocrx_word' id='word_1_245' title='bbox 543 2154 688 2196; x_wconf 86' lang='lat' dir='ltr'>Dubn.</span> <span class='ocrx_word' id='word_1_246' title='bbox 726 2154 744 2208; x_wconf 87' lang='grc' dir='ltr'>ΙΙ</span> <span class='ocrx_word' id='word_1_247' title='bbox 770 2178 826 2185; x_wconf 88' lang='grc'><strong>-</strong></span> <span class='ocrx_word' id='word_1_248' title='bbox 848 2156 890 2196; x_wconf 91' lang='grc'>8.</span> <span class='ocrx_word' id='word_1_249' title='bbox 909 2154 1033 2195; x_wconf 84' lang='grc' dir='ltr'>δοκέει</span> <span class='ocrx_word' id='word_1_250' title='bbox 1051 2156 1102 2196; x_wconf 84' lang='lat' dir='ltr'>A</span> <span class='ocrx_word' id='word_1_251' title='bbox 1128 2155 1145 2208; x_wconf 80' lang='grc' dir='ltr'>ΙΙ</span> <span class='ocrx_word' id='word_1_252' title='bbox 1168 2179 1224 2186; x_wconf 90' lang='grc'>-</span> <span class='ocrx_word' id='word_1_253' title='bbox 1242 2155 1446 2210; x_wconf 82' lang='grc' dir='ltr'>μείζονες..</span> 
     </span>
     <span class='ocr_line' id='line_1_29' title="bbox 209 2216 1449 2274; baseline 0.002 -17"><span class='ocrx_word' id='word_1_254' title='bbox 209 2217 333 2273; x_wconf 79' lang='grc' dir='ltr'>μέζων</span> <span class='ocrx_word' id='word_1_255' title='bbox 348 2217 430 2259; x_wconf 88' lang='lat' dir='ltr'><strong>BC.</strong></span> <span class='ocrx_word' id='word_1_256' title='bbox 452 2218 468 2271; x_wconf 84' lang='grc' dir='ltr'>ΙΙ</span> <span class='ocrx_word' id='word_1_257' title='bbox 492 2232 534 2271; x_wconf 87' lang='grc'>9.</span> <span class='ocrx_word' id='word_1_258' title='bbox 557 2219 626 2258; x_wconf 79' lang='grc' dir='ltr'>τοῦ</span> <span class='ocrx_word' id='word_1_259' title='bbox 646 2231 687 2258; x_wconf 89' lang='grc' dir='ltr'>τε</span> <span class='ocrx_word' id='word_1_260' title='bbox 707 2219 777 2258; x_wconf 78' lang='grc' dir='ltr'>τοῦ</span> <span class='ocrx_word' id='word_1_261' title='bbox 791 2216 943 2272; x_wconf 83' lang='grc' dir='ltr'>Ἴστρου</span> <span class='ocrx_word' id='word_1_262' title='bbox 962 2217 1016 2257; x_wconf 89' lang='lat' dir='ltr'>D.</span> <span class='ocrx_word' id='word_1_263' title='bbox 1040 2217 1056 2271; x_wconf 84' lang='grc' dir='ltr'>ΙΙ</span> <span class='ocrx_word' id='word_1_264' title='bbox 1080 2240 1138 2248; x_wconf 89' lang='lat'>-—</span> <span class='ocrx_word' id='word_1_265' title='bbox 1160 2230 1226 2259; x_wconf 78' lang='lat'>12.</span> <span class='ocrx_word' id='word_1_266' title='bbox 1243 2218 1449 2274; x_wconf 79' lang='grc' dir='ltr'>τριάκοντα</span> 
     </span>
     <span class='ocr_line' id='line_1_30' title="bbox 209 2278 551 2334; baseline 0.003 -15"><span class='ocrx_word' id='word_1_267' title='bbox 209 2292 309 2334; x_wconf 81' lang='lat' dir='ltr'>vgo;</span> <span class='ocrx_word' id='word_1_268' title='bbox 333 2292 415 2321; x_wconf 90' lang='lat' dir='ltr'>em.</span> <span class='ocrx_word' id='word_1_269' title='bbox 438 2278 551 2322; x_wconf 92' lang='lat' dir='ltr'>Dbn.</span> 
     </span>
    </p>

    <p class='ocr_par' dir='ltr' id='par_1_5' title="bbox 202 2340 1453 3892">
     <span class='ocr_line' id='line_1_31' title="bbox 263 2340 1452 2398; baseline 0.003 -16"><span class='ocrx_word' id='word_1_270' title='bbox 263 2341 341 2392; x_wconf 84' lang='lat' dir='ltr'>IV,</span> <span class='ocrx_word' id='word_1_271' title='bbox 368 2354 435 2396; x_wconf 89' lang='lat'><strong>19.</strong></span> <span class='ocrx_word' id='word_1_272' title='bbox 461 2342 661 2398; x_wconf 83' lang='grc' dir='ltr'>μεγέθει</span> <span class='ocrx_word' id='word_1_273' title='bbox 691 2340 886 2398; x_wconf 88' lang='lat' dir='ltr'>]habent</span> <span class='ocrx_word' id='word_1_274' title='bbox 923 2343 1028 2393; x_wconf 87' lang='lat' dir='ltr'>AD;</span> <span class='ocrx_word' id='word_1_275' title='bbox 1062 2354 1148 2383; x_wconf 90' lang='lat' dir='ltr'>om.</span> <span class='ocrx_word' id='word_1_276' title='bbox 1194 2343 1313 2386; x_wconf 84' lang='lat' dir='ltr'><strong>LBC.</strong></span> <span class='ocrx_word' id='word_1_277' title='bbox 1344 2344 1360 2397; x_wconf 92' lang='grc' dir='ltr'>ΙΙ</span> <span class='ocrx_word' id='word_1_278' title='bbox 1393 2367 1452 2377; x_wconf 90' lang='lat'>—-</span> 
     </span>
     <span class='ocr_line' id='line_1_32' title="bbox 206 2402 1447 2460; baseline 0.003 -16"><span class='ocrx_word' id='word_1_279' title='bbox 206 2416 274 2444; x_wconf 92' lang='lat'>21.</span> <span class='ocrx_word' id='word_1_280' title='bbox 308 2402 357 2444; x_wconf 77' lang='grc' dir='ltr'>ἐκ</span> <span class='ocrx_word' id='word_1_281' title='bbox 381 2406 474 2445; x_wconf 83' lang='grc' dir='ltr'>τῶν</span> <span class='ocrx_word' id='word_1_282' title='bbox 499 2404 728 2460; x_wconf 81' lang='grc' dir='ltr'>πηγέων]</span> <span class='ocrx_word' id='word_1_283' title='bbox 766 2402 888 2445; x_wconf 84' lang='lat' dir='ltr'><strong>Cous.</strong></span> <span class='ocrx_word' id='word_1_284' title='bbox 926 2402 1085 2446; x_wconf 84' lang='lat' dir='ltr'>Plinius</span> <span class='ocrx_word' id='word_1_285' title='bbox 1109 2404 1187 2456; x_wconf 87' lang='lat' dir='ltr'>VI,</span> <span class='ocrx_word' id='word_1_286' title='bbox 1210 2417 1280 2456; x_wconf 86' lang='lat'>22,</span> <span class='ocrx_word' id='word_1_287' title='bbox 1304 2407 1327 2459; x_wconf 78' lang='lat' dir='ltr'>S</span> <span class='ocrx_word' id='word_1_288' title='bbox 1355 2405 1407 2447; x_wconf 88' lang='lat'>65</span> <span class='ocrx_word' id='word_1_289' title='bbox 1435 2419 1447 2448; x_wconf 90' lang='lat'>:</span> 
     </span>
     <span class='ocr_line' id='line_1_33' title="bbox 205 2465 1451 2526; baseline 0.002 -19"><span class='ocrx_word' id='word_1_290' title='bbox 205 2468 328 2507; x_wconf 78' lang='lat' dir='ltr'>Hunc</span> <span class='ocrx_word' id='word_1_291' title='bbox 341 2465 421 2507; x_wconf 78' lang='lat' dir='ltr'>alii</span> <span class='ocrx_word' id='word_1_292' title='bbox 441 2465 608 2508; x_wconf 80' lang='lat' dir='ltr'>incertis</span> <span class='ocrx_word' id='word_1_293' title='bbox 628 2465 843 2521; x_wconf 81' lang='lat' dir='ltr'>sontibus,</span> <span class='ocrx_word' id='word_1_294' title='bbox 868 2474 914 2508; x_wconf 77' lang='lat' dir='ltr'>ue</span> <span class='ocrx_word' id='word_1_295' title='bbox 937 2466 1156 2517; x_wconf 83' lang='lat' dir='ltr'>Nilum,...</span> <span class='ocrx_word' id='word_1_296' title='bbox 1188 2466 1268 2508; x_wconf 80' lang='lat' dir='ltr'>alii</span> <span class='ocrx_word' id='word_1_297' title='bbox 1295 2467 1338 2509; x_wconf 86' lang='lat' dir='ltr'>in</span> <span class='ocrx_word' id='word_1_298' title='bbox 1355 2472 1451 2526; x_wconf 75' lang='lat' dir='ltr'>Scy-</span> 
     </span>
     <span class='ocr_line' id='line_1_34' title="bbox 207 2526 1452 2584; baseline 0.003 -17"><span class='ocrx_word' id='word_1_299' title='bbox 207 2526 331 2569; x_wconf 79' lang='lat' dir='ltr'>thicis</span> <span class='ocrx_word' id='word_1_300' title='bbox 353 2527 561 2569; x_wconf 79' lang='lat' dir='ltr'>montibus</span> <span class='ocrx_word' id='word_1_301' title='bbox 582 2528 700 2570; x_wconf 82' lang='lat' dir='ltr'>nasci</span> <span class='ocrx_word' id='word_1_302' title='bbox 720 2527 952 2570; x_wconf 71' lang='lat' dir='ltr'>dixerunt..</span> <span class='ocrx_word' id='word_1_303' title='bbox 970 2529 1067 2571; x_wconf 78' lang='lat' dir='ltr'>Alii</span> <span class='ocrx_word' id='word_1_304' title='bbox 1087 2543 1179 2571; x_wconf 87' lang='lat' dir='ltr'>cum</span> <span class='ocrx_word' id='word_1_305' title='bbox 1201 2544 1348 2582; x_wconf 77' lang='lat' dir='ltr'>magno</span> <span class='ocrx_word' id='word_1_306' title='bbox 1351 2529 1452 2584; x_wconf 81' lang='lat' dir='ltr'>fra</span> 
     </span>
     <span class='ocr_line' id='line_1_35' title="bbox 202 2588 1453 2650; baseline 0.004 -20"><span class='ocrx_word' id='word_1_307' title='bbox 202 2603 297 2641; x_wconf 79' lang='lat' dir='ltr'>got-e</span> <span class='ocrx_word' id='word_1_308' title='bbox 343 2589 478 2646; x_wconf 83' lang='lat' dir='ltr'>ipsius</span> <span class='ocrx_word' id='word_1_309' title='bbox 518 2588 666 2632; x_wconf 81' lang='lat' dir='ltr'>statim</span> <span class='ocrx_word' id='word_1_310' title='bbox 702 2590 846 2645; x_wconf 83' lang='lat' dir='ltr'>sontis</span> <span class='ocrx_word' id='word_1_311' title='bbox 896 2605 1116 2648; x_wconf 85' lang='lat' dir='ltr'><strong><em>erumpere,</em></strong></span> <span class='ocrx_word' id='word_1_312' title='bbox 1174 2590 1453 2650; x_wconf 81' lang='lat' dir='ltr'>dejectumque</span> 
     </span>
     <span class='ocr_line' id='line_1_36' title="bbox 202 2652 1452 2711; baseline 0.002 -17"><span class='ocrx_word' id='word_1_313' title='bbox 202 2666 279 2708; x_wconf 80' lang='lat' dir='ltr'>per</span> <span class='ocrx_word' id='word_1_314' title='bbox 298 2652 514 2710; x_wconf 76' lang='lat' dir='ltr'>scopulosa</span> <span class='ocrx_word' id='word_1_315' title='bbox 534 2661 573 2695; x_wconf 81' lang='lat' dir='ltr'>ee</span> <span class='ocrx_word' id='word_1_316' title='bbox 587 2653 786 2711; x_wconf 73' lang='lat' dir='ltr'>abrupta,</span> <span class='ocrx_word' id='word_1_317' title='bbox 810 2653 883 2695; x_wconf 78' lang='lat' dir='ltr'>ubi</span> <span class='ocrx_word' id='word_1_318' title='bbox 901 2653 1085 2710; x_wconf 82' lang='lat' dir='ltr'>primum</span> <span class='ocrx_word' id='word_1_319' title='bbox 1100 2653 1236 2695; x_wconf 85' lang='lat' dir='ltr'>mollis</span> <span class='ocrx_word' id='word_1_320' title='bbox 1247 2654 1452 2711; x_wconf 79' lang='lat' dir='ltr'><em>planities</em></span> 
     </span>
     <span class='ocr_line' id='line_1_37' title="bbox 206 2714 1448 2774; baseline 0.002 -19"><span class='ocrx_word' id='word_1_321' title='bbox 206 2715 433 2768; x_wconf 78' lang='lat' dir='ltr'>contingat,</span> <span class='ocrx_word' id='word_1_322' title='bbox 451 2716 493 2757; x_wconf 82' lang='lat' dir='ltr'>in</span> <span class='ocrx_word' id='word_1_323' title='bbox 512 2716 687 2772; x_wconf 82' lang='lat' dir='ltr'>quodam</span> <span class='ocrx_word' id='word_1_324' title='bbox 707 2717 801 2758; x_wconf 84' lang='lat' dir='ltr'>lacu</span> <span class='ocrx_word' id='word_1_325' title='bbox 813 2716 1045 2774; x_wconf 66' lang='lat' dir='ltr'>hospitari,</span> <span class='ocrx_word' id='word_1_326' title='bbox 1071 2714 1163 2758; x_wconf 83' lang='lat' dir='ltr'>inde</span> <span class='ocrx_word' id='word_1_327' title='bbox 1177 2716 1448 2772; x_wconf 81' lang='lat' dir='ltr'>Ienemfluere.</span> 
     </span>
     <span class='ocr_line' id='line_1_38' title="bbox 208 2776 1452 2835; baseline 0.003 -17"><span class='ocrx_word' id='word_1_328' title='bbox 208 2776 272 2818; x_wconf 78' lang='lat' dir='ltr'>Cf.</span> <span class='ocrx_word' id='word_1_329' title='bbox 294 2779 462 2819; x_wconf 81' lang='lat' dir='ltr'>Curtius</span> <span class='ocrx_word' id='word_1_330' title='bbox 489 2780 608 2829; x_wconf 84' lang='lat' dir='ltr'>VIII,</span> <span class='ocrx_word' id='word_1_331' title='bbox 631 2795 672 2833; x_wconf 88' lang='lat'>9,</span> <span class='ocrx_word' id='word_1_332' title='bbox 705 2779 745 2820; x_wconf 98' lang='lat'><strong>5.</strong></span> <span class='ocrx_word' id='word_1_333' title='bbox 779 2779 1063 2834; x_wconf 79' lang='lat' dir='ltr'>Megasthenes</span> <span class='ocrx_word' id='word_1_334' title='bbox 1083 2794 1135 2821; x_wconf 86' lang='lat' dir='ltr'>ex</span> <span class='ocrx_word' id='word_1_335' title='bbox 1165 2778 1281 2821; x_wconf 89' lang='lat' dir='ltr'>Indis</span> <span class='ocrx_word' id='word_1_336' title='bbox 1307 2781 1378 2835; x_wconf 91' lang='lat' dir='ltr'>qui</span> <span class='ocrx_word' id='word_1_337' title='bbox 1397 2780 1452 2823; x_wconf 87' lang='lat' dir='ltr'>ad</span> 
     </span>
     <span class='ocr_line' id='line_1_39' title="bbox 209 2838 1449 2897; baseline 0.003 -17"><span class='ocrx_word' id='word_1_338' title='bbox 209 2838 344 2880; x_wconf 91' lang='lat' dir='ltr'>locum</span> <span class='ocrx_word' id='word_1_339' title='bbox 367 2853 527 2881; x_wconf 88' lang='lat' dir='ltr'>sacrum</span> <span class='ocrx_word' id='word_1_340' title='bbox 557 2840 762 2893; x_wconf 77' lang='lat' dir='ltr'>Gangotri</span> <span class='ocrx_word' id='word_1_341' title='bbox 783 2840 942 2882; x_wconf 90' lang='lat' dir='ltr'>dictum</span> <span class='ocrx_word' id='word_1_342' title='bbox 965 2842 1218 2897; x_wconf 86' lang='lat' dir='ltr'>peregrinari</span> <span class='ocrx_word' id='word_1_343' title='bbox 1240 2842 1449 2895; x_wconf 83' lang='lat' dir='ltr'>solebant,</span> 
     </span>
     <span class='ocr_line' id='line_1_40' title="bbox 208 2899 1450 2960; baseline 0.005 -19"><span class='ocrx_word' id='word_1_344' title='bbox 208 2899 262 2942; x_wconf 89' lang='lat' dir='ltr'>de</span> <span class='ocrx_word' id='word_1_345' title='bbox 289 2909 409 2942; x_wconf 86' lang='lat' dir='ltr'>antro</span> <span class='ocrx_word' id='word_1_346' title='bbox 436 2903 626 2954; x_wconf 82' lang='lat' dir='ltr'>Gomau(</span> <span class='ocrx_word' id='word_1_347' title='bbox 651 2902 861 2942; x_wconf 70' lang='lat' dir='ltr'>Kalamon!</span> <span class='ocrx_word' id='word_1_348' title='bbox 876 2902 908 2958; x_wconf 92' lang='lat'>),</span> <span class='ocrx_word' id='word_1_349' title='bbox 933 2917 983 2943; x_wconf 81' lang='lat' dir='ltr'>ex</span> <span class='ocrx_word' id='word_1_350' title='bbox 1006 2918 1091 2958; x_wconf 89' lang='lat' dir='ltr'>quo</span> <span class='ocrx_word' id='word_1_351' title='bbox 1107 2918 1181 2958; x_wconf 88' lang='lat' dir='ltr'>per</span> <span class='ocrx_word' id='word_1_352' title='bbox 1200 2918 1323 2960; x_wconf 64' lang='lat' dir='ltr'>rupoe</span> <span class='ocrx_word' id='word_1_353' title='bbox 1335 2906 1450 2948; x_wconf 85' lang='lat' dir='ltr'>Gan-</span> 
     </span>
     <span class='ocr_line' id='line_1_41' title="bbox 208 2962 1448 3019; baseline 0.004 -16"><span class='ocrx_word' id='word_1_354' title='bbox 208 2976 278 3018; x_wconf 86' lang='lat' dir='ltr'>ges</span> <span class='ocrx_word' id='word_1_355' title='bbox 306 2975 524 3019; x_wconf 77' lang='lat' dir='ltr'>erumpere</span> <span class='ocrx_word' id='word_1_356' title='bbox 560 2962 783 3012; x_wconf 83' lang='lat' dir='ltr'>serebatur,</span> <span class='ocrx_word' id='word_1_357' title='bbox 818 2964 1021 3019; x_wconf 83' lang='lat' dir='ltr'>accepisse</span> <span class='ocrx_word' id='word_1_358' title='bbox 1056 2963 1246 3018; x_wconf 85' lang='lat' dir='ltr'>quaedam</span> <span class='ocrx_word' id='word_1_359' title='bbox 1269 2966 1448 3008; x_wconf 81' lang='lat' dir='ltr'>videtur.</span> 
     </span>
     <span class='ocr_line' id='line_1_42' title="bbox 215 3023 1452 3082; baseline 0.002 -16"><span class='ocrx_word' id='word_1_360' title='bbox 215 3026 280 3066; x_wconf 91' lang='lat' dir='ltr'>De</span> <span class='ocrx_word' id='word_1_361' title='bbox 304 3025 411 3067; x_wconf 82' lang='lat' dir='ltr'>veris</span> <span class='ocrx_word' id='word_1_362' title='bbox 433 3024 549 3066; x_wconf 79' lang='lat' dir='ltr'>fluvii</span> <span class='ocrx_word' id='word_1_363' title='bbox 578 3023 778 3076; x_wconf 79' lang='lat' dir='ltr'>fontibus,</span> <span class='ocrx_word' id='word_1_364' title='bbox 799 3038 905 3080; x_wconf 88' lang='lat' dir='ltr'>quos</span> <span class='ocrx_word' id='word_1_365' title='bbox 925 3039 994 3066; x_wconf 86' lang='lat' dir='ltr'>an.</span> <span class='ocrx_word' id='word_1_366' title='bbox 1020 3027 1124 3068; x_wconf 88' lang='lat'>1808</span> <span class='ocrx_word' id='word_1_367' title='bbox 1148 3026 1268 3081; x_wconf 84' lang='lat' dir='ltr'>Angli</span> <span class='ocrx_word' id='word_1_368' title='bbox 1285 3027 1452 3082; x_wconf 81' lang='lat' dir='ltr'>indaga·</span> 
     </span>
     <span class='ocr_line' id='line_1_43' title="bbox 211 3085 1451 3144; baseline 0.004 -17"><span class='ocrx_word' id='word_1_369' title='bbox 211 3093 327 3138; x_wconf 91' lang='lat' dir='ltr'>runt,</span> <span class='ocrx_word' id='word_1_370' title='bbox 347 3099 389 3129; x_wconf 74' lang='grc' dir='ltr'>ν.</span> <span class='ocrx_word' id='word_1_371' title='bbox 415 3085 598 3128; x_wconf 85' lang='lat' dir='ltr'>Ritterus</span> <span class='ocrx_word' id='word_1_372' title='bbox 627 3087 707 3139; x_wconf 87' lang='lat' dir='ltr'>m,</span> <span class='ocrx_word' id='word_1_373' title='bbox 731 3101 774 3143; x_wconf 90' lang='lat' dir='ltr'><strong>p.</strong></span> <span class='ocrx_word' id='word_1_374' title='bbox 802 3087 883 3142; x_wconf 76' lang='grc'><strong>493</strong></span> <span class='ocrx_word' id='word_1_375' title='bbox 906 3100 997 3143; x_wconf 81' lang='lat' dir='ltr'>sqq.</span> <span class='ocrx_word' id='word_1_376' title='bbox 1030 3088 1047 3140; x_wconf 85' lang='grc' dir='ltr'>ΙΙ</span> <span class='ocrx_word' id='word_1_377' title='bbox 1070 3111 1126 3119; x_wconf 90' lang='grc'><strong>-</strong></span> <span class='ocrx_word' id='word_1_378' title='bbox 1158 3100 1227 3129; x_wconf 89' lang='lat'>21.</span> <span class='ocrx_word' id='word_1_379' title='bbox 1271 3090 1451 3144; x_wconf 79' lang='grc' dir='ltr'>δέχεσθαι</span> 
     </span>
     <span class='ocr_line' id='line_1_44' title="bbox 209 3146 1448 3206; baseline 0.004 -16"><span class='ocrx_word' id='word_1_380' title='bbox 209 3146 352 3199; x_wconf 89' lang='lat' dir='ltr'>codd.;</span> <span class='ocrx_word' id='word_1_381' title='bbox 368 3162 451 3191; x_wconf 57' lang='lat' dir='ltr'><strong>n.</strong></span> <span class='ocrx_word' id='word_1_382' title='bbox 473 3148 664 3191; x_wconf 77' lang='lat' dir='ltr'>Dt‘ibner.</span> <span class='ocrx_word' id='word_1_383' title='bbox 682 3150 701 3206; x_wconf 80' lang='grc' dir='ltr'>ΙΙ</span> <span class='ocrx_word' id='word_1_384' title='bbox 716 3173 772 3182; x_wconf 91' lang='grc'>-</span> <span class='ocrx_word' id='word_1_385' title='bbox 786 3162 855 3192; x_wconf 89' lang='lat'>22.</span> <span class='ocrx_word' id='word_1_386' title='bbox 876 3148 1098 3206; x_wconf 76' lang='grc' dir='ltr'>Καϊνὰν]</span> <span class='ocrx_word' id='word_1_387' title='bbox 1121 3149 1263 3191; x_wconf 80' lang='grc' dir='ltr'>Καινᾶν</span> <span class='ocrx_word' id='word_1_388' title='bbox 1283 3151 1377 3192; x_wconf 82' lang='lat' dir='ltr'>ood.</span> <span class='ocrx_word' id='word_1_389' title='bbox 1395 3156 1448 3204; x_wconf 92' lang='lat' dir='ltr'>A,</span> 
     </span>
     <span class='ocr_line' id='line_1_45' title="bbox 211 3209 1448 3268; baseline 0.004 -18"><span class='ocrx_word' id='word_1_390' title='bbox 211 3209 384 3252; x_wconf 79' lang='grc' dir='ltr'>Καλινᾶν</span> <span class='ocrx_word' id='word_1_391' title='bbox 399 3211 455 3252; x_wconf 89' lang='lat' dir='ltr'>D.</span> <span class='ocrx_word' id='word_1_392' title='bbox 484 3210 634 3253; x_wconf 80' lang='lat' dir='ltr'>Cainas</span> <span class='ocrx_word' id='word_1_393' title='bbox 650 3225 695 3268; x_wconf 87' lang='lat' dir='ltr'>p.</span> <span class='ocrx_word' id='word_1_394' title='bbox 713 3211 894 3255; x_wconf 83' lang='lat' dir='ltr'>Plinium</span> <span class='ocrx_word' id='word_1_395' title='bbox 920 3210 950 3253; x_wconf 93' lang='lat' dir='ltr'>l.</span> <span class='ocrx_word' id='word_1_396' title='bbox 967 3211 997 3254; x_wconf 94' lang='lat' dir='ltr'>l.</span> <span class='ocrx_word' id='word_1_397' title='bbox 1023 3211 1154 3253; x_wconf 77' lang='lat' dir='ltr'>audit.</span> <span class='ocrx_word' id='word_1_398' title='bbox 1180 3213 1448 3266; x_wconf 81' lang='lat' dir='ltr'>Mannertus,</span> 
     </span>
     <span class='ocr_line' id='line_1_46' title="bbox 212 3272 1450 3331; baseline 0.002 -17"><span class='ocrx_word' id='word_1_399' title='bbox 212 3274 432 3325; x_wconf 86' lang='lat' dir='ltr'>Lassenus,</span> <span class='ocrx_word' id='word_1_400' title='bbox 453 3272 521 3315; x_wconf 89' lang='lat' dir='ltr'>alii</span> <span class='ocrx_word' id='word_1_401' title='bbox 536 3274 689 3329; x_wconf 87' lang='lat' dir='ltr'>signari</span> <span class='ocrx_word' id='word_1_402' title='bbox 708 3282 857 3331; x_wconf 82' lang='lat' dir='ltr'>putant</span> <span class='ocrx_word' id='word_1_403' title='bbox 869 3272 1121 3317; x_wconf 89' lang='lat' dir='ltr'>hodiernum</span> <span class='ocrx_word' id='word_1_404' title='bbox 1146 3277 1249 3317; x_wconf 78' lang='lat' dir='ltr'>Cane</span> <span class='ocrx_word' id='word_1_405' title='bbox 1271 3289 1344 3317; x_wconf 85' lang='lat' dir='ltr'>seu</span> <span class='ocrx_word' id='word_1_406' title='bbox 1368 3280 1450 3318; x_wconf 82' lang='lat' dir='ltr'>Can</span> 
     </span>
     <span class='ocr_line' id='line_1_47' title="bbox 210 3335 1448 3394; baseline 0.002 -18"><span class='ocrx_word' id='word_1_407' title='bbox 210 3335 403 3387; x_wconf 86' lang='lat' dir='ltr'>fluvium,</span> <span class='ocrx_word' id='word_1_408' title='bbox 428 3350 679 3394; x_wconf 88' lang='lat' dir='ltr'>quamquam</span> <span class='ocrx_word' id='word_1_409' title='bbox 696 3338 731 3379; x_wconf 90' lang='lat' dir='ltr'>is</span> <span class='ocrx_word' id='word_1_410' title='bbox 741 3352 792 3379; x_wconf 84' lang='lat' dir='ltr'>ex</span> <span class='ocrx_word' id='word_1_411' title='bbox 813 3337 1043 3379; x_wconf 85' lang='lat' dir='ltr'>minoribus</span> <span class='ocrx_word' id='word_1_412' title='bbox 1062 3337 1199 3380; x_wconf 76' lang='lat' dir='ltr'>fluviis</span> <span class='ocrx_word' id='word_1_413' title='bbox 1220 3338 1287 3389; x_wconf 85' lang='lat' dir='ltr'>sit,</span> <span class='ocrx_word' id='word_1_414' title='bbox 1307 3339 1379 3393; x_wconf 82' lang='lat' dir='ltr'>qui</span> <span class='ocrx_word' id='word_1_415' title='bbox 1406 3340 1448 3380; x_wconf 85' lang='lat' dir='ltr'>in</span> 
     </span>
     <span class='ocr_line' id='line_1_48' title="bbox 210 3399 1450 3456; baseline 0.003 -18"><span class='ocrx_word' id='word_1_416' title='bbox 210 3400 462 3453; x_wconf 77' lang='lat' dir='ltr'>Djummam,</span> <span class='ocrx_word' id='word_1_417' title='bbox 488 3413 574 3441; x_wconf 91' lang='lat' dir='ltr'>non</span> <span class='ocrx_word' id='word_1_418' title='bbox 595 3414 694 3442; x_wconf 82' lang='lat' dir='ltr'>vero</span> <span class='ocrx_word' id='word_1_419' title='bbox 722 3401 765 3442; x_wconf 92' lang='lat' dir='ltr'>in</span> <span class='ocrx_word' id='word_1_420' title='bbox 783 3401 917 3456; x_wconf 84' lang='lat' dir='ltr'>ipsum</span> <span class='ocrx_word' id='word_1_421' title='bbox 937 3401 1125 3456; x_wconf 79' lang='lat' dir='ltr'>Gangem</span> <span class='ocrx_word' id='word_1_422' title='bbox 1143 3399 1342 3443; x_wconf 83' lang='lat' dir='ltr'>influunt.</span> <span class='ocrx_word' id='word_1_423' title='bbox 1367 3404 1450 3442; x_wconf 80' lang='lat' dir='ltr'>Can</span> 
     </span>
     <span class='ocr_line' id='line_1_49' title="bbox 211 3461 1447 3519; baseline 0.004 -20"><span class='ocrx_word' id='word_1_424' title='bbox 211 3462 411 3502; x_wconf 83' lang='lat' dir='ltr'>sanserite</span> <span class='ocrx_word' id='word_1_425' title='bbox 422 3470 481 3503; x_wconf 86' lang='lat' dir='ltr'>est</span> <span class='ocrx_word' id='word_1_426' title='bbox 500 3463 619 3517; x_wconf 70' lang='grc' dir='ltr'>ζέηα,</span> <span class='ocrx_word' id='word_1_427' title='bbox 636 3462 753 3519; x_wconf 91' lang='lat' dir='ltr'>quod</span> <span class='ocrx_word' id='word_1_428' title='bbox 765 3477 895 3518; x_wconf 78' lang='lat' dir='ltr'>graece</span> <span class='ocrx_word' id='word_1_429' title='bbox 913 3461 1173 3505; x_wconf 89' lang='lat' dir='ltr'>reddendum</span> <span class='ocrx_word' id='word_1_430' title='bbox 1193 3471 1282 3505; x_wconf 84' lang='lat' dir='ltr'>erat</span> <span class='ocrx_word' id='word_1_431' title='bbox 1301 3461 1447 3516; x_wconf 75' lang='grc' dir='ltr'>Κηνὰν,</span> 
     </span>
     <span class='ocr_line' id='line_1_50' title="bbox 211 3522 1447 3581; baseline 0.006 -20"><span class='ocrx_word' id='word_1_432' title='bbox 211 3534 296 3562; x_wconf 91' lang='lat' dir='ltr'>non</span> <span class='ocrx_word' id='word_1_433' title='bbox 322 3522 485 3574; x_wconf 76' lang='grc' dir='ltr'>Καϊνὰν,</span> <span class='ocrx_word' id='word_1_434' title='bbox 529 3533 725 3567; x_wconf 90' lang='lat' dir='ltr'>monente</span> <span class='ocrx_word' id='word_1_435' title='bbox 757 3525 1080 3568; x_wconf 76' lang='lat' dir='ltr'>Schwanbeckio</span> <span class='ocrx_word' id='word_1_436' title='bbox 1103 3523 1157 3569; x_wconf 82' lang='lat' dir='ltr'>ad</span> <span class='ocrx_word' id='word_1_437' title='bbox 1193 3525 1447 3581; x_wconf 61' lang='lat' dir='ltr'>Meg-siben.</span> 
     </span>
     <span class='ocr_line' id='line_1_51' title="bbox 215 3581 1449 3642; baseline 0.006 -19"><span class='ocrx_word' id='word_1_438' title='bbox 215 3581 317 3639; x_wconf 79' lang='lat' dir='ltr'>(Fr.</span> <span class='ocrx_word' id='word_1_439' title='bbox 342 3585 449 3626; x_wconf 85' lang='lat' dir='ltr'>Hist.</span> <span class='ocrx_word' id='word_1_440' title='bbox 475 3587 531 3637; x_wconf 91' lang='lat'>11,</span> <span class='ocrx_word' id='word_1_441' title='bbox 550 3601 594 3642; x_wconf 89' lang='lat' dir='ltr'>p.</span> <span class='ocrx_word' id='word_1_442' title='bbox 613 3590 744 3642; x_wconf 72' lang='lat'><strong>414).</strong></span> <span class='ocrx_word' id='word_1_443' title='bbox 771 3589 927 3630; x_wconf 83' lang='lat' dir='ltr'>Mirum</span> <span class='ocrx_word' id='word_1_444' title='bbox 946 3597 1007 3631; x_wconf 85' lang='lat' dir='ltr'>est</span> <span class='ocrx_word' id='word_1_445' title='bbox 1028 3589 1070 3630; x_wconf 91' lang='lat' dir='ltr'>in</span> <span class='ocrx_word' id='word_1_446' title='bbox 1082 3587 1165 3631; x_wconf 85' lang='lat' dir='ltr'>boe</span> <span class='ocrx_word' id='word_1_447' title='bbox 1187 3586 1449 3631; x_wconf 81' lang='lat' dir='ltr'>affluentium</span> 
     </span>
     <span class='ocr_line' id='line_1_52' title="bbox 211 3648 1448 3707; baseline 0.006 -21"><span class='ocrx_word' id='word_1_448' title='bbox 211 3657 383 3686; x_wconf 78' lang='lat' dir='ltr'>recensu</span> <span class='ocrx_word' id='word_1_449' title='bbox 402 3660 485 3686; x_wconf 91' lang='lat' dir='ltr'>non</span> <span class='ocrx_word' id='word_1_450' title='bbox 502 3650 722 3691; x_wconf 84' lang='lat' dir='ltr'>memorari</span> <span class='ocrx_word' id='word_1_451' title='bbox 738 3648 990 3692; x_wconf 86' lang='lat' dir='ltr'>hodiernum</span> <span class='ocrx_word' id='word_1_452' title='bbox 1004 3652 1260 3707; x_wconf 82' lang='lat' dir='ltr'>Djummam,</span> <span class='ocrx_word' id='word_1_453' title='bbox 1275 3650 1448 3692; x_wconf 77' lang='lat' dir='ltr'>nuvium</span> 
     </span>
     <span class='ocr_line' id='line_1_53' title="bbox 212 3705 1450 3771; baseline 0.006 -22"><span class='ocrx_word' id='word_1_454' title='bbox 212 3705 502 3763; x_wconf 74' lang='lat' dir='ltr'>pergrandem,</span> <span class='ocrx_word' id='word_1_455' title='bbox 527 3712 597 3765; x_wconf 86' lang='lat' dir='ltr'>qui</span> <span class='ocrx_word' id='word_1_456' title='bbox 621 3713 817 3754; x_wconf 80' lang='lat' dir='ltr'>sanserite</span> <span class='ocrx_word' id='word_1_457' title='bbox 840 3722 1012 3755; x_wconf 85' lang='lat' dir='ltr'>vocatur</span> <span class='ocrx_word' id='word_1_458' title='bbox 1032 3717 1228 3763; x_wconf 80' lang='lat' dir='ltr'>Jamuna,</span> <span class='ocrx_word' id='word_1_459' title='bbox 1257 3726 1326 3771; x_wconf 86' lang='lat' dir='ltr'>ap.</span> <span class='ocrx_word' id='word_1_460' title='bbox 1353 3715 1450 3756; x_wconf 90' lang='lat' dir='ltr'>Pto·</span> 
     </span>
     <span class='ocr_line' id='line_1_54' title="bbox 213 3768 1448 3832; baseline 0.006 -21"><span class='ocrx_word' id='word_1_461' title='bbox 213 3768 401 3812; x_wconf 75' lang='lat' dir='ltr'>lemaeum</span> <span class='ocrx_word' id='word_1_462' title='bbox 421 3772 634 3826; x_wconf 81' lang='lat' dir='ltr'>vn,1‚§</span> <span class='ocrx_word' id='word_1_463' title='bbox 662 3787 716 3828; x_wconf 84' lang='grc'>29</span> <span class='ocrx_word' id='word_1_464' title='bbox 735 3775 881 3830; x_wconf 58' lang='lat' dir='ltr'>Azaga-&#39;0</span> <span class='ocrx_word' id='word_1_465' title='bbox 864 3790 974 3826; x_wconf 84' lang='grc' dir='ltr'>νας,</span> <span class='ocrx_word' id='word_1_466' title='bbox 994 3790 1062 3832; x_wconf 88' lang='lat' dir='ltr'>ap.</span> <span class='ocrx_word' id='word_1_467' title='bbox 1088 3775 1360 3828; x_wconf 84' lang='lat' dir='ltr'>PliniumVI,</span> <span class='ocrx_word' id='word_1_468' title='bbox 1379 3788 1448 3827; x_wconf 85' lang='lat'>21,</span> 
     </span>
     <span class='ocr_line' id='line_1_55' title="bbox 216 3831 1449 3892; baseline 0.005 -20"><span class='ocrx_word' id='word_1_469' title='bbox 216 3831 310 3885; x_wconf 76' lang='lat'>§63</span> <span class='ocrx_word' id='word_1_470' title='bbox 340 3833 544 3883; x_wconf 68' lang='lat' dir='ltr'>Jomanes,</span> <span class='ocrx_word' id='word_1_471' title='bbox 569 3834 714 3890; x_wconf 87' lang='lat' dir='ltr'>apud</span> <span class='ocrx_word' id='word_1_472' title='bbox 704 3849 838 3891; x_wconf 75' lang='lat' dir='ltr'>ipsum</span> <span class='ocrx_word' id='word_1_473' title='bbox 862 3835 1040 3892; x_wconf 84' lang='lat' dir='ltr'>denique</span> <span class='ocrx_word' id='word_1_474' title='bbox 1063 3838 1285 3880; x_wconf 82' lang='lat' dir='ltr'>Arrianum</span> <span class='ocrx_word' id='word_1_475' title='bbox 1307 3851 1346 3879; x_wconf 89' lang='lat' dir='ltr'>c.</span> <span class='ocrx_word' id='word_1_476' title='bbox 1364 3838 1406 3888; x_wconf 97' lang='lat'>8,</span> <span class='ocrx_word' id='word_1_477' title='bbox 1427 3838 1449 3878; x_wconf 88' lang='lat'><strong>5</strong></span> 
     </span>
    </p>

    <p class='ocr_par' dir='ltr' id='par_1_6' title="bbox 215 3892 1450 4080">
     <span class='ocr_line' id='line_1_56' title="bbox 220 3892 1448 3949; baseline 0.006 -15.088"><span class='ocrx_word' id='word_1_478' title='bbox 220 3892 422 3949; x_wconf 77' lang='grc' dir='ltr'>’.Ῑωὸάρης</span> <span class='ocrx_word' id='word_1_479' title='bbox 457 3897 555 3949; x_wconf 90' lang='lat' dir='ltr'>Quo</span> <span class='ocrx_word' id='word_1_480' title='bbox 570 3895 715 3939; x_wconf 86' lang='lat' dir='ltr'>addito</span> <span class='ocrx_word' id='word_1_481' title='bbox 743 3899 944 3940; x_wconf 84' lang='lat' dir='ltr'>Arrianus</span> <span class='ocrx_word' id='word_1_482' title='bbox 972 3908 1174 3942; x_wconf 85' lang='lat' dir='ltr'>memorat</span> <span class='ocrx_word' id='word_1_483' title='bbox 1199 3899 1346 3941; x_wconf 81' lang='lat' dir='ltr'>fluvios</span> <span class='ocrx_word' id='word_1_484' title='bbox 1376 3901 1448 3949; x_wconf 73' lang='lat'>185</span> 
     </span>
     <span class='ocr_line' id='line_1_57' title="bbox 215 3955 1450 4016; baseline 0.004 -19"><span class='ocrx_word' id='word_1_485' title='bbox 215 3955 372 3998; x_wconf 81' lang='lat' dir='ltr'>Plinius</span> <span class='ocrx_word' id='word_1_486' title='bbox 407 3958 485 4008; x_wconf 86' lang='lat' dir='ltr'>VI,</span> <span class='ocrx_word' id='word_1_487' title='bbox 509 3971 562 3999; x_wconf 89' lang='lat'>22</span> <span class='ocrx_word' id='word_1_488' title='bbox 582 3961 605 4013; x_wconf 78' lang='lat' dir='ltr'>S</span> <span class='ocrx_word' id='word_1_489' title='bbox 627 3959 679 4002; x_wconf 87' lang='lat'>65</span> <span class='ocrx_word' id='word_1_490' title='bbox 713 3959 998 4002; x_wconf 84' lang='lat' dir='ltr'>novemdecim</span> <span class='ocrx_word' id='word_1_491' title='bbox 1030 3976 1173 4004; x_wconf 87' lang='lat' dir='ltr'>amnes</span> <span class='ocrx_word' id='word_1_492' title='bbox 1201 3963 1244 4003; x_wconf 89' lang='lat' dir='ltr'>in</span> <span class='ocrx_word' id='word_1_493' title='bbox 1266 3962 1450 4016; x_wconf 80' lang='lat' dir='ltr'>Gangem</span> 
     </span>
     <span class='ocr_line' id='line_1_58' title="bbox 216 4017 1448 4080; baseline 0.006 -22"><span class='ocrx_word' id='word_1_494' title='bbox 216 4017 388 4060; x_wconf 87' lang='lat' dir='ltr'>influere</span> <span class='ocrx_word' id='word_1_495' title='bbox 398 4019 536 4062; x_wconf 78' lang='lat' dir='ltr'>tradit.</span> <span class='ocrx_word' id='word_1_496' title='bbox 557 4022 573 4076; x_wconf 77' lang='grc' dir='ltr'>ΙΙ</span> <span class='ocrx_word' id='word_1_497' title='bbox 591 4034 729 4063; x_wconf 91' lang='lat'>—22.</span> <span class='ocrx_word' id='word_1_498' title='bbox 753 4020 766 4039; x_wconf 91' lang='lat'>‘</span> <span class='ocrx_word' id='word_1_499' title='bbox 778 4021 809 4062; x_wconf 80' lang='lat' dir='ltr'>E</span> <span class='ocrx_word' id='word_1_500' title='bbox 821 4037 841 4078; x_wconf 91' lang='grc' dir='ltr'>ρ</span> <span class='ocrx_word' id='word_1_501' title='bbox 854 4037 967 4064; x_wconf 84' lang='grc' dir='ltr'>αννο</span> <span class='ocrx_word' id='word_1_502' title='bbox 980 4024 1033 4065; x_wconf 83' lang='grc'>66</span> <span class='ocrx_word' id='word_1_503' title='bbox 1045 4025 1125 4080; x_wconf 82' lang='grc' dir='ltr'>αν]</span> <span class='ocrx_word' id='word_1_504' title='bbox 1146 4022 1382 4079; x_wconf 75' lang='grc' dir='ltr'>Ἐρανοδόαν</span> <span class='ocrx_word' id='word_1_505' title='bbox 1395 4025 1448 4075; x_wconf 86' lang='lat' dir='ltr'>A,</span> 
     </span>
    </p>
   </div>
   <div class='ocr_carea' id='block_1_5' title="bbox 1403 192 1667 241">
    <p class='ocr_par' dir='ltr' id='par_1_7' title="bbox 1403 192 1667 241">
     <span class='ocr_line' id='line_1_59' title="bbox 1403 192 1667 241; baseline 0.008 -2"><span class='ocrx_word' id='word_1_506' title='bbox 1403 192 1667 241; x_wconf 69' lang='lat' dir='ltr'>Annum</span> 
     </span>
    </p>
   </div>
   <div class='ocr_carea' id='block_1_6' title="bbox 1518 295 2808 1479">
    <p class='ocr_par' dir='ltr' id='par_1_8' title="bbox 1519 295 2808 1321">
     <span class='ocr_line' id='line_1_60' title="bbox 1526 295 2765 365; baseline 0.008 -21"><span class='ocrx_word' id='word_1_507' title='bbox 1526 317 1668 346; x_wconf 80' lang='lat' dir='ltr'>versus</span> <span class='ocrx_word' id='word_1_508' title='bbox 1685 302 1904 347; x_wconf 86' lang='lat' dir='ltr'>meridiem</span> <span class='ocrx_word' id='word_1_509' title='bbox 1922 306 2116 361; x_wconf 81' lang='lat' dir='ltr'>pertinet,</span> <span class='ocrx_word' id='word_1_510' title='bbox 2134 307 2191 351; x_wconf 90' lang='lat' dir='ltr'>illi</span> <span class='ocrx_word' id='word_1_511' title='bbox 2212 308 2428 365; x_wconf 84' lang='lat' dir='ltr'>longitudo</span> <span class='ocrx_word' id='word_1_512' title='bbox 2453 318 2529 362; x_wconf 83' lang='lat' dir='ltr'>est,</span> <span class='ocrx_word' id='word_1_513' title='bbox 2556 295 2599 353; x_wconf 86' lang='lat' dir='ltr'>et</span> <span class='ocrx_word' id='word_1_514' title='bbox 2620 318 2765 356; x_wconf 81' lang='lat' dir='ltr'>exten·</span> 
     </span>
     <span class='ocr_line' id='line_1_61' title="bbox 1524 381 2798 446; baseline 0.009 -23"><span class='ocrx_word' id='word_1_515' title='bbox 1524 381 1639 424; x_wconf 85' lang='lat' dir='ltr'>ditur</span> <span class='ocrx_word' id='word_1_516' title='bbox 1658 381 1713 424; x_wconf 80' lang='lat' dir='ltr'>ad</span> <span class='ocrx_word' id='word_1_517' title='bbox 1732 397 1826 424; x_wconf 85' lang='lat' dir='ltr'>xxu</span> <span class='ocrx_word' id='word_1_518' title='bbox 1846 398 1882 425; x_wconf 83' lang='grc' dir='ltr'>ιι</span> <span class='ocrx_word' id='word_1_519' title='bbox 1899 391 1941 425; x_wconf 87' lang='lat' dir='ltr'>et</span> <span class='ocrx_word' id='word_1_520' title='bbox 1957 398 2036 426; x_wconf 83' lang='lat' dir='ltr'>ece</span> <span class='ocrx_word' id='word_1_521' title='bbox 2053 385 2206 441; x_wconf 82' lang='lat' dir='ltr'>stadia,</span> <span class='ocrx_word' id='word_1_522' title='bbox 2231 389 2303 432; x_wconf 88' lang='lat' dir='ltr'>ubi</span> <span class='ocrx_word' id='word_1_523' title='bbox 2327 391 2661 446; x_wconf 78' lang='lat' dir='ltr'>angustissimum</span> <span class='ocrx_word' id='word_1_524' title='bbox 2682 398 2763 437; x_wconf 80' lang='lat' dir='ltr'>est.</span> <span class='ocrx_word' id='word_1_525' title='bbox 2780 409 2798 428; x_wconf 70' lang='grc' dir='ltr'>ι</span> 
     </span>
     <span class='ocr_line' id='line_1_62' title="bbox 1526 462 2808 528; baseline 0.01 -24"><span class='ocrx_word' id='word_1_526' title='bbox 1526 462 1589 518; x_wconf 87' lang='grc'>(9)</span> <span class='ocrx_word' id='word_1_527' title='bbox 1609 462 1851 505; x_wconf 84' lang='lat' dir='ltr'>Fluviorum</span> <span class='ocrx_word' id='word_1_528' title='bbox 1873 472 2011 507; x_wconf 85' lang='lat' dir='ltr'>autem</span> <span class='ocrx_word' id='word_1_529' title='bbox 2028 465 2205 510; x_wconf 83' lang='lat' dir='ltr'>inludia</span> <span class='ocrx_word' id='word_1_530' title='bbox 2229 476 2343 512; x_wconf 81' lang='lat' dir='ltr'>tanta</span> <span class='ocrx_word' id='word_1_531' title='bbox 2356 479 2418 514; x_wconf 82' lang='lat' dir='ltr'>est</span> <span class='ocrx_word' id='word_1_532' title='bbox 2439 473 2581 528; x_wconf 84' lang='lat' dir='ltr'>eopia,</span> <span class='ocrx_word' id='word_1_533' title='bbox 2609 464 2808 528; x_wconf 55' lang='lat' dir='ltr'>quanta-⁹⁴⁵</span> 
     </span>
     <span class='ocr_line' id='line_1_63' title="bbox 1523 511 2808 626; baseline 0.011 -43"><span class='ocrx_word' id='word_1_534' title='bbox 1523 557 1576 584; x_wconf 88' lang='lat' dir='ltr'>ne</span> <span class='ocrx_word' id='word_1_535' title='bbox 1591 543 1635 584; x_wconf 92' lang='lat' dir='ltr'>in</span> <span class='ocrx_word' id='word_1_536' title='bbox 1654 544 1846 586; x_wconf 84' lang='lat' dir='ltr'>universa</span> <span class='ocrx_word' id='word_1_537' title='bbox 1860 544 2030 601; x_wconf 87' lang='lat' dir='ltr'>quidem</span> <span class='ocrx_word' id='word_1_538' title='bbox 2052 547 2150 589; x_wconf 80' lang='lat' dir='ltr'>Asia</span> <span class='ocrx_word' id='word_1_539' title='bbox 2164 555 2324 600; x_wconf 78' lang='lat' dir='ltr'>cetera,</span> <span class='ocrx_word' id='word_1_540' title='bbox 2346 552 2516 594; x_wconf 80' lang='lat' dir='ltr'>maximi</span> <span class='ocrx_word' id='word_1_541' title='bbox 2533 561 2631 595; x_wconf 88' lang='lat' dir='ltr'>sunt</span> <span class='ocrx_word' id='word_1_542' title='bbox 2645 554 2763 595; x_wconf 71' lang='lat' dir='ltr'>Gan-</span> <span class='ocrx_word' id='word_1_543' title='bbox 2774 511 2808 626; x_wconf 51' lang='grc' dir='ltr'><em>ἑ</em></span> 
     </span>
     <span class='ocr_line' id='line_1_64' title="bbox 1522 621 2808 687; baseline 0.007 -23"><span class='ocrx_word' id='word_1_544' title='bbox 1522 635 1593 676; x_wconf 67' lang='lat' dir='ltr'>ges</span> <span class='ocrx_word' id='word_1_545' title='bbox 1613 630 1655 665; x_wconf 89' lang='lat' dir='ltr'>et</span> <span class='ocrx_word' id='word_1_546' title='bbox 1670 621 1815 675; x_wconf 86' lang='lat' dir='ltr'>Indus,</span> <span class='ocrx_word' id='word_1_547' title='bbox 1840 638 1864 666; x_wconf 85' lang='lat' dir='ltr'>a</span> <span class='ocrx_word' id='word_1_548' title='bbox 1884 638 1969 680; x_wconf 90' lang='lat' dir='ltr'>quo</span> <span class='ocrx_word' id='word_1_549' title='bbox 1986 626 2110 667; x_wconf 86' lang='lat' dir='ltr'>etiam</span> <span class='ocrx_word' id='word_1_550' title='bbox 2132 626 2245 681; x_wconf 88' lang='lat' dir='ltr'>regio</span> <span class='ocrx_word' id='word_1_551' title='bbox 2264 640 2417 670; x_wconf 83' lang='lat' dir='ltr'>nomen</span> <span class='ocrx_word' id='word_1_552' title='bbox 2437 630 2620 687; x_wconf 51' lang='lat' dir='ltr'>accepim</span> <span class='ocrx_word' id='word_1_553' title='bbox 2644 637 2758 672; x_wconf 86' lang='lat' dir='ltr'>uter·</span> <span class='ocrx_word' id='word_1_554' title='bbox 2789 621 2808 626; x_wconf 43' lang='lat'>‘⁴</span> 
     </span>
     <span class='ocr_line' id='line_1_65' title="bbox 1520 703 2762 762; baseline 0.006 -18"><span class='ocrx_word' id='word_1_555' title='bbox 1520 716 1603 758; x_wconf 88' lang='lat' dir='ltr'>que</span> <span class='ocrx_word' id='word_1_556' title='bbox 1620 711 1662 745; x_wconf 92' lang='lat' dir='ltr'>et</span> <span class='ocrx_word' id='word_1_557' title='bbox 1672 703 1770 746; x_wconf 84' lang='lat' dir='ltr'>Nilo</span> <span class='ocrx_word' id='word_1_558' title='bbox 1781 704 1972 761; x_wconf 79' lang='lat' dir='ltr'>AEgyptio</span> <span class='ocrx_word' id='word_1_559' title='bbox 1986 713 2027 747; x_wconf 88' lang='lat' dir='ltr'>et</span> <span class='ocrx_word' id='word_1_560' title='bbox 2043 707 2150 748; x_wconf 87' lang='lat' dir='ltr'>Istro</span> <span class='ocrx_word' id='word_1_561' title='bbox 2164 707 2240 762; x_wconf 69' lang='lat' dir='ltr'>Sc&gt;</span> <span class='ocrx_word' id='word_1_562' title='bbox 2243 706 2381 758; x_wconf 82' lang='lat' dir='ltr'>tineo</span> <span class='ocrx_word' id='word_1_563' title='bbox 2397 708 2582 750; x_wconf 70' lang='lat' dir='ltr'>etiamsi·</span> <span class='ocrx_word' id='word_1_564' title='bbox 2571 723 2615 751; x_wconf 88' lang='grc' dir='ltr'>ιιι</span> <span class='ocrx_word' id='word_1_565' title='bbox 2628 723 2762 752; x_wconf 85' lang='grc' dir='ltr'>ιιιιιιιιι</span> 
     </span>
     <span class='ocr_line' id='line_1_66' title="bbox 1521 782 2761 845; baseline 0.006 -21"><span class='ocrx_word' id='word_1_566' title='bbox 1521 782 1684 825; x_wconf 84' lang='lat' dir='ltr'>alveum</span> <span class='ocrx_word' id='word_1_567' title='bbox 1713 784 1997 837; x_wconf 75' lang='lat' dir='ltr'>confluerent,</span> <span class='ocrx_word' id='word_1_568' title='bbox 2023 785 2155 841; x_wconf 78' lang='lat' dir='ltr'>major</span> <span class='ocrx_word' id='word_1_569' title='bbox 2181 795 2267 834; x_wconf 60' lang='lat' dir='ltr'>esu</span> <span class='ocrx_word' id='word_1_570' title='bbox 2290 789 2382 842; x_wconf 88' lang='lat'>(10)</span> <span class='ocrx_word' id='word_1_571' title='bbox 2411 802 2459 829; x_wconf 87' lang='lat' dir='ltr'>ac</span> <span class='ocrx_word' id='word_1_572' title='bbox 2481 802 2572 830; x_wconf 80' lang='lat' dir='ltr'>mea</span> <span class='ocrx_word' id='word_1_573' title='bbox 2593 789 2761 845; x_wconf 81' lang='lat' dir='ltr'>quidem</span> 
     </span>
     <span class='ocr_line' id='line_1_67' title="bbox 1525 863 2808 924; baseline 0.006 -20"><span class='ocrx_word' id='word_1_574' title='bbox 1525 864 1728 905; x_wconf 86' lang='lat' dir='ltr'>sententia</span> <span class='ocrx_word' id='word_1_575' title='bbox 1758 863 1821 906; x_wconf 89' lang='lat' dir='ltr'>vel</span> <span class='ocrx_word' id='word_1_576' title='bbox 1844 866 2037 907; x_wconf 66' lang='lat' dir='ltr'>Acesines</span> <span class='ocrx_word' id='word_1_577' title='bbox 2067 866 2208 908; x_wconf 86' lang='lat' dir='ltr'>Nilum</span> <span class='ocrx_word' id='word_1_578' title='bbox 2238 876 2277 908; x_wconf 89' lang='lat' dir='ltr'>et</span> <span class='ocrx_word' id='word_1_579' title='bbox 2297 870 2335 908; x_wconf 86' lang='lat' dir='ltr'>Is</span> <span class='ocrx_word' id='word_1_580' title='bbox 2338 876 2449 910; x_wconf 89' lang='lat' dir='ltr'>trum</span> <span class='ocrx_word' id='word_1_581' title='bbox 2482 867 2808 924; x_wconf 52' lang='lat' dir='ltr'>magnitudine}</span> 
     </span>
     <span class='ocr_line' id='line_1_68' title="bbox 1520 927 2808 1013; baseline 0.007 -30"><span class='ocrx_word' id='word_1_582' title='bbox 1520 950 1703 998; x_wconf 85' lang='lat' dir='ltr'>superat,</span> <span class='ocrx_word' id='word_1_583' title='bbox 1724 941 1797 984; x_wconf 89' lang='lat' dir='ltr'>ubi</span> <span class='ocrx_word' id='word_1_584' title='bbox 1814 942 2029 1000; x_wconf 79' lang='lat' dir='ltr'>Hydaspe,</span> <span class='ocrx_word' id='word_1_585' title='bbox 2060 946 2271 1001; x_wconf 81' lang='lat' dir='ltr'>Hydraote</span> <span class='ocrx_word' id='word_1_586' title='bbox 2296 957 2337 990; x_wconf 90' lang='lat' dir='ltr'>et</span> <span class='ocrx_word' id='word_1_587' title='bbox 2358 949 2577 1005; x_wconf 77' lang='lat' dir='ltr'>Hyphasi</span> <span class='ocrx_word' id='word_1_588' title='bbox 2567 964 2609 991; x_wconf 89' lang='grc' dir='ltr'>ιιι</span> <span class='ocrx_word' id='word_1_589' title='bbox 2631 962 2755 991; x_wconf 87' lang='lat' dir='ltr'>suum</span> <span class='ocrx_word' id='word_1_590' title='bbox 2784 927 2808 1013; x_wconf 53' lang='grc' dir='ltr'><strong>ξ</strong></span> 
     </span>
     <span class='ocr_line' id='line_1_69' title="bbox 1519 1021 2764 1084; baseline 0.007 -22"><span class='ocrx_word' id='word_1_591' title='bbox 1519 1021 1685 1063; x_wconf 85' lang='lat' dir='ltr'>alveum</span> <span class='ocrx_word' id='word_1_592' title='bbox 1707 1023 1881 1079; x_wconf 79' lang='lat' dir='ltr'>receptis</span> <span class='ocrx_word' id='word_1_593' title='bbox 1899 1024 1942 1064; x_wconf 88' lang='lat' dir='ltr'>in</span> <span class='ocrx_word' id='word_1_594' title='bbox 1970 1022 2123 1066; x_wconf 88' lang='lat' dir='ltr'>Indum</span> <span class='ocrx_word' id='word_1_595' title='bbox 2153 1025 2284 1069; x_wconf 76' lang='lat' dir='ltr'>fertur</span> <span class='ocrx_word' id='word_1_596' title='bbox 2303 1035 2465 1080; x_wconf 80' lang='lat' dir='ltr'>tantus,</span> <span class='ocrx_word' id='word_1_597' title='bbox 2488 1038 2534 1071; x_wconf 83' lang='lat' dir='ltr'>ut</span> <span class='ocrx_word' id='word_1_598' title='bbox 2564 1027 2652 1084; x_wconf 87' lang='lat' dir='ltr'>ejus</span> <span class='ocrx_word' id='word_1_599' title='bbox 2674 1029 2764 1071; x_wconf 88' lang='lat' dir='ltr'>lati·</span> 
     </span>
     <span class='ocr_line' id='line_1_70' title="bbox 1520 1082 2808 1155; baseline 0.008 -16"><span class='ocrx_word' id='word_1_600' title='bbox 1520 1096 1625 1141; x_wconf 83' lang='lat' dir='ltr'>tudo</span> <span class='ocrx_word' id='word_1_601' title='bbox 1636 1098 1695 1141; x_wconf 86' lang='lat' dir='ltr'>ibi</span> <span class='ocrx_word' id='word_1_602' title='bbox 1708 1098 1875 1155; x_wconf 86' lang='lat' dir='ltr'>triginta</span> <span class='ocrx_word' id='word_1_603' title='bbox 1887 1098 2018 1142; x_wconf 86' lang='lat' dir='ltr'>stadia</span> <span class='ocrx_word' id='word_1_604' title='bbox 2027 1099 2176 1144; x_wconf 78' lang='lat' dir='ltr'>efficiat</span> <span class='ocrx_word' id='word_1_605' title='bbox 2190 1117 2202 1154; x_wconf 67' lang='grc' dir='ltr'><strong><em>ς</em></strong></span> <span class='ocrx_word' id='word_1_606' title='bbox 2217 1101 2397 1147; x_wconf 75' lang='lat' dir='ltr'>fortassis</span> <span class='ocrx_word' id='word_1_607' title='bbox 2405 1104 2531 1150; x_wconf 85' lang='lat' dir='ltr'>etiam</span> <span class='ocrx_word' id='word_1_608' title='bbox 2544 1104 2622 1149; x_wconf 84' lang='lat' dir='ltr'>alia</span> <span class='ocrx_word' id='word_1_609' title='bbox 2637 1104 2765 1149; x_wconf 84' lang='lat' dir='ltr'>multa</span> <span class='ocrx_word' id='word_1_610' title='bbox 2801 1082 2808 1122; x_wconf 41' lang='lat' dir='ltr'>s</span> 
     </span>
     <span class='ocr_line' id='line_1_71' title="bbox 1519 1175 2808 1246; baseline 0.006 -27"><span class='ocrx_word' id='word_1_611' title='bbox 1519 1176 1677 1233; x_wconf 85' lang='lat' dir='ltr'>majora</span> <span class='ocrx_word' id='word_1_612' title='bbox 1695 1179 1894 1222; x_wconf 85' lang='lat' dir='ltr'>flumina</span> <span class='ocrx_word' id='word_1_613' title='bbox 1885 1195 1927 1222; x_wconf 87' lang='grc' dir='ltr'>ιιι</span> <span class='ocrx_word' id='word_1_614' title='bbox 1946 1180 2067 1223; x_wconf 84' lang='lat' dir='ltr'>India</span> <span class='ocrx_word' id='word_1_615' title='bbox 2081 1181 2294 1225; x_wconf 88' lang='lat' dir='ltr'>labuntur.</span> <span class='ocrx_word' id='word_1_616' title='bbox 2332 1239 2338 1246; x_wconf 92' lang='lat'><strong>.</strong></span> <span class='ocrx_word' id='word_1_617' title='bbox 2804 1175 2808 1177; x_wconf 33' lang='lat'>⁸</span> 
     </span>
     <span class='ocr_line' id='line_1_72' title="bbox 1572 1259 2764 1321; baseline 0.005 -19"><span class='ocrx_word' id='word_1_618' title='bbox 1572 1261 1652 1302; x_wconf 86' lang='lat' dir='ltr'>IV.</span> <span class='ocrx_word' id='word_1_619' title='bbox 1681 1259 1761 1303; x_wconf 90' lang='lat' dir='ltr'>Sed</span> <span class='ocrx_word' id='word_1_620' title='bbox 1781 1260 1886 1303; x_wconf 89' lang='lat' dir='ltr'>ultra</span> <span class='ocrx_word' id='word_1_621' title='bbox 1911 1262 2124 1318; x_wconf 82' lang='lat' dir='ltr'>Hyphasin</span> <span class='ocrx_word' id='word_1_622' title='bbox 2152 1277 2316 1305; x_wconf 86' lang='lat' dir='ltr'>amnem</span> <span class='ocrx_word' id='word_1_623' title='bbox 2340 1263 2442 1305; x_wconf 88' lang='lat' dir='ltr'>nihil</span> <span class='ocrx_word' id='word_1_624' title='bbox 2464 1264 2664 1321; x_wconf 86' lang='lat' dir='ltr'>explorati</span> <span class='ocrx_word' id='word_1_625' title='bbox 2690 1264 2764 1308; x_wconf 78' lang='lat' dir='ltr'>ha·</span> 
     </span>
    </p>

    <p class='ocr_par' dir='ltr' id='par_1_9' title="bbox 1518 1308 2808 1479">
     <span class='ocr_line' id='line_1_73' title="bbox 1519 1308 2808 1412; baseline 0.004 -29"><span class='ocrx_word' id='word_1_626' title='bbox 1519 1339 1622 1393; x_wconf 80' lang='lat' dir='ltr'>beo,</span> <span class='ocrx_word' id='word_1_627' title='bbox 1638 1341 1753 1398; x_wconf 88' lang='lat' dir='ltr'>quod</span> <span class='ocrx_word' id='word_1_628' title='bbox 1767 1342 1973 1384; x_wconf 85' lang='lat' dir='ltr'>affirmare</span> <span class='ocrx_word' id='word_1_629' title='bbox 1993 1344 2174 1399; x_wconf 78' lang='lat' dir='ltr'>possim3</span> <span class='ocrx_word' id='word_1_630' title='bbox 2192 1345 2289 1400; x_wconf 84' lang='lat' dir='ltr'>quia</span> <span class='ocrx_word' id='word_1_631' title='bbox 2310 1344 2416 1386; x_wconf 90' lang='lat' dir='ltr'>ultra</span> <span class='ocrx_word' id='word_1_632' title='bbox 2436 1345 2650 1402; x_wconf 84' lang='lat' dir='ltr'>Hyphasin</span> <span class='ocrx_word' id='word_1_633' title='bbox 2671 1358 2767 1402; x_wconf 85' lang='lat' dir='ltr'>pro-</span> <span class='ocrx_word' id='word_1_634' title='bbox 2788 1308 2808 1412; x_wconf 66' lang='lat' dir='ltr'>i</span> 
     </span>
     <span class='ocr_line' id='line_1_74' title="bbox 1518 1413 2808 1479; baseline 0.002 -16"><span class='ocrx_word' id='word_1_635' title='bbox 1518 1435 1681 1475; x_wconf 67' lang='lat' dir='ltr'>gressus</span> <span class='ocrx_word' id='word_1_636' title='bbox 1706 1436 1793 1463; x_wconf 83' lang='grc' dir='ltr'>ιιοιι</span> <span class='ocrx_word' id='word_1_637' title='bbox 1818 1431 1878 1464; x_wconf 62' lang='lat' dir='ltr'>est</span> <span class='ocrx_word' id='word_1_638' title='bbox 1908 1422 2157 1465; x_wconf 82' lang='lat' dir='ltr'>Alexander.</span> <span class='ocrx_word' id='word_1_639' title='bbox 2218 1426 2282 1479; x_wconf 90' lang='lat'>(2)</span> <span class='ocrx_word' id='word_1_640' title='bbox 2312 1423 2373 1466; x_wconf 84' lang='lat' dir='ltr'>Ex</span> <span class='ocrx_word' id='word_1_641' title='bbox 2395 1424 2460 1466; x_wconf 87' lang='lat' dir='ltr'>his</span> <span class='ocrx_word' id='word_1_642' title='bbox 2487 1439 2585 1467; x_wconf 90' lang='lat' dir='ltr'>vero</span> <span class='ocrx_word' id='word_1_643' title='bbox 2602 1413 2808 1466; x_wconf 79' lang='lat' dir='ltr'>duobus²</span> <span class='ocrx_word' id='word_1_644' title='bbox 2807 1469 2808 1472; x_wconf 50' lang='lat'>,</span> 
     </span>
    </p>
   </div>
   <div class='ocr_carea' id='block_1_7' title="bbox 1513 1502 2808 1863">
    <p class='ocr_par' dir='ltr' id='par_1_10' title="bbox 1513 1502 2808 1863">
     <span class='ocr_line' id='line_1_75' title="bbox 1518 1502 2766 1559; baseline 0.002 -15"><span class='ocrx_word' id='word_1_645' title='bbox 1518 1502 1713 1544; x_wconf 81' lang='lat' dir='ltr'>maximis</span> <span class='ocrx_word' id='word_1_646' title='bbox 1732 1502 1868 1545; x_wconf 88' lang='lat' dir='ltr'>fluviis</span> <span class='ocrx_word' id='word_1_647' title='bbox 1883 1504 2026 1558; x_wconf 81' lang='lat' dir='ltr'>Gange</span> <span class='ocrx_word' id='word_1_648' title='bbox 2045 1511 2169 1559; x_wconf 84' lang='lat' dir='ltr'>atque</span> <span class='ocrx_word' id='word_1_649' title='bbox 2190 1503 2324 1555; x_wconf 89' lang='lat' dir='ltr'>Indo,</span> <span class='ocrx_word' id='word_1_650' title='bbox 2350 1505 2637 1559; x_wconf 73' lang='lat' dir='ltr'>Megasthenes</span> <span class='ocrx_word' id='word_1_651' title='bbox 2654 1506 2766 1547; x_wconf 87' lang='lat' dir='ltr'>Gan·</span> 
     </span>
     <span class='ocr_line' id='line_1_76' title="bbox 1519 1578 2808 1637; baseline 0.005 -18"><span class='ocrx_word' id='word_1_652' title='bbox 1519 1593 1614 1633; x_wconf 81' lang='lat' dir='ltr'>gem</span> <span class='ocrx_word' id='word_1_653' title='bbox 1636 1578 1745 1620; x_wconf 92' lang='lat' dir='ltr'>Indo</span> <span class='ocrx_word' id='word_1_654' title='bbox 1767 1578 1887 1634; x_wconf 84' lang='lat' dir='ltr'>longe</span> <span class='ocrx_word' id='word_1_655' title='bbox 1902 1579 2100 1635; x_wconf 85' lang='lat' dir='ltr'>majorem</span> <span class='ocrx_word' id='word_1_656' title='bbox 2118 1594 2204 1621; x_wconf 83' lang='lat' dir='ltr'>esse</span> <span class='ocrx_word' id='word_1_657' title='bbox 2218 1580 2377 1631; x_wconf 83' lang='lat' dir='ltr'>scribit,</span> <span class='ocrx_word' id='word_1_658' title='bbox 2394 1588 2436 1622; x_wconf 91' lang='lat' dir='ltr'>et</span> <span class='ocrx_word' id='word_1_659' title='bbox 2446 1580 2513 1622; x_wconf 89' lang='lat' dir='ltr'>alii</span> <span class='ocrx_word' id='word_1_660' title='bbox 2533 1582 2760 1637; x_wconf 88' lang='lat' dir='ltr'>omnesqui</span> <span class='ocrx_word' id='word_1_661' title='bbox 2803 1591 2808 1626; x_wconf 76' lang='lat' dir='ltr'>j</span> 
     </span>
     <span class='ocr_line' id='line_1_77' title="bbox 1514 1654 2757 1712; baseline 0.003 -17"><span class='ocrx_word' id='word_1_662' title='bbox 1514 1654 1676 1709; x_wconf 78' lang='lat' dir='ltr'>Gangis</span> <span class='ocrx_word' id='word_1_663' title='bbox 1695 1655 1949 1696; x_wconf 86' lang='lat' dir='ltr'>mentionem</span> <span class='ocrx_word' id='word_1_664' title='bbox 1969 1654 2140 1697; x_wconf 78' lang='lat' dir='ltr'>faciunt.</span> <span class='ocrx_word' id='word_1_665' title='bbox 2204 1656 2264 1712; x_wconf 87' lang='grc'>(3)</span> <span class='ocrx_word' id='word_1_666' title='bbox 2281 1656 2386 1697; x_wconf 87' lang='lat' dir='ltr'>Nam</span> <span class='ocrx_word' id='word_1_667' title='bbox 2401 1666 2443 1698; x_wconf 90' lang='lat' dir='ltr'>et</span> <span class='ocrx_word' id='word_1_668' title='bbox 2463 1656 2659 1711; x_wconf 80' lang='lat' dir='ltr'>grandem</span> <span class='ocrx_word' id='word_1_669' title='bbox 2670 1655 2757 1712; x_wconf 63' lang='lat' dir='ltr'>,iam</span> 
     </span>
     <span class='ocr_line' id='line_1_78' title="bbox 1517 1729 2762 1789; baseline 0.004 -19"><span class='ocrx_word' id='word_1_670' title='bbox 1517 1729 1675 1771; x_wconf 89' lang='lat' dir='ltr'>indeab</span> <span class='ocrx_word' id='word_1_671' title='bbox 1687 1731 1785 1787; x_wconf 81' lang='lat' dir='ltr'>ipsis</span> <span class='ocrx_word' id='word_1_672' title='bbox 1802 1730 1986 1773; x_wconf 83' lang='lat' dir='ltr'>sontibus</span> <span class='ocrx_word' id='word_1_673' title='bbox 2004 1731 2120 1782; x_wconf 82' lang='lat' dir='ltr'>oriri,</span> <span class='ocrx_word' id='word_1_674' title='bbox 2142 1739 2265 1787; x_wconf 88' lang='lat' dir='ltr'>atque</span> <span class='ocrx_word' id='word_1_675' title='bbox 2277 1732 2319 1773; x_wconf 91' lang='lat' dir='ltr'>in</span> <span class='ocrx_word' id='word_1_676' title='bbox 2331 1733 2565 1789; x_wconf 87' lang='lat' dir='ltr'>serecipere</span> <span class='ocrx_word' id='word_1_677' title='bbox 2575 1733 2762 1786; x_wconf 86' lang='lat' dir='ltr'>Cainam,</span> 
     </span>
     <span class='ocr_line' id='line_1_79' title="bbox 1513 1806 2765 1863; baseline 0.003 -15"><span class='ocrx_word' id='word_1_678' title='bbox 1513 1806 1810 1854; x_wconf 79' lang='lat' dir='ltr'>Erannoboam</span> <span class='ocrx_word' id='word_1_679' title='bbox 1830 1838 1842 1859; x_wconf 96' lang='lat'>,</span> <span class='ocrx_word' id='word_1_680' title='bbox 1864 1809 2118 1850; x_wconf 77' lang='lat' dir='ltr'>Cossoanum</span> <span class='ocrx_word' id='word_1_681' title='bbox 2130 1839 2141 1859; x_wconf 95' lang='lat'>,</span> <span class='ocrx_word' id='word_1_682' title='bbox 2165 1822 2310 1850; x_wconf 87' lang='lat' dir='ltr'>omnes</span> <span class='ocrx_word' id='word_1_683' title='bbox 2328 1807 2597 1863; x_wconf 82' lang='lat' dir='ltr'>navigabiles,</span> <span class='ocrx_word' id='word_1_684' title='bbox 2614 1807 2765 1853; x_wconf 86' lang='lat' dir='ltr'>deinde</span> 
     </span>
    </p>
   </div>
   <div class='ocr_carea' id='block_1_8' title="bbox 2788 1626 2808 1976">
    <p class='ocr_par' dir='ltr' id='par_1_11' title="bbox 2788 1626 2808 1976">
     <span class='ocr_line' id='line_1_80' title="bbox 2788 1626 2808 1976; baseline 0 2366"><span class='ocrx_word' id='word_1_685' title='bbox 2788 1626 2808 1976; x_wconf 95' lang='lat' dir='ltr'> </span> 
     </span>
    </p>
   </div>
   <div class='ocr_carea' id='block_1_9' title="bbox 1512 1966 2808 4080">
    <p class='ocr_par' dir='ltr' id='par_1_12' title="bbox 1512 1966 2808 3831">
     <span class='ocr_line' id='line_1_81' title="bbox 1523 1966 2808 2023; baseline -0.001 -15"><span class='ocrx_word' id='word_1_686' title='bbox 1523 1966 1786 2023; x_wconf 79' lang='grc' dir='ltr'>Ἐρρανοὸόαν</span> <span class='ocrx_word' id='word_1_687' title='bbox 1810 1969 1864 2009; x_wconf 88' lang='lat' dir='ltr'>D.</span> <span class='ocrx_word' id='word_1_688' title='bbox 1883 1967 1947 2009; x_wconf 79' lang='lat' dir='ltr'><strong>cf.</strong></span> <span class='ocrx_word' id='word_1_689' title='bbox 1973 1967 2129 2009; x_wconf 84' lang='lat' dir='ltr'>Plinius</span> <span class='ocrx_word' id='word_1_690' title='bbox 2148 1968 2175 2009; x_wconf 86' lang='lat' dir='ltr'>l.</span> <span class='ocrx_word' id='word_1_691' title='bbox 2202 1967 2243 2009; x_wconf 94' lang='lat' dir='ltr'>l:</span> <span class='ocrx_word' id='word_1_692' title='bbox 2271 1969 2444 2023; x_wconf 78' lang='lat' dir='ltr'>Influere</span> <span class='ocrx_word' id='word_1_693' title='bbox 2467 1968 2511 2010; x_wconf 80' lang='lat' dir='ltr'>in</span> <span class='ocrx_word' id='word_1_694' title='bbox 2539 1982 2629 2010; x_wconf 85' lang='lat' dir='ltr'>eum</span> <span class='ocrx_word' id='word_1_695' title='bbox 2652 1971 2764 2012; x_wconf 76' lang='lat' dir='ltr'>XIX</span> <span class='ocrx_word' id='word_1_696' title='bbox 2806 1982 2808 2007; x_wconf 76' lang='grc' dir='ltr'>ι</span> 
     </span>
     <span class='ocr_line' id='line_1_82' title="bbox 1518 2028 2765 2087; baseline 0.002 -17"><span class='ocrx_word' id='word_1_697' title='bbox 1518 2029 1672 2079; x_wconf 70' lang='lat' dir='ltr'>temnis,</span> <span class='ocrx_word' id='word_1_698' title='bbox 1694 2044 1746 2071; x_wconf 76' lang='lat' dir='ltr'>ex</span> <span class='ocrx_word' id='word_1_699' title='bbox 1760 2028 1818 2071; x_wconf 78' lang='lat' dir='ltr'>iis</span> <span class='ocrx_word' id='word_1_700' title='bbox 1838 2029 2094 2083; x_wconf 77' lang='lat' dir='ltr'>navigabilis</span> <span class='ocrx_word' id='word_1_701' title='bbox 2113 2032 2365 2087; x_wconf 71' lang='lat' dir='ltr'>pra-tersum</span> <span class='ocrx_word' id='word_1_702' title='bbox 2382 2029 2518 2071; x_wconf 72' lang='lat' dir='ltr'>dictos</span> <span class='ocrx_word' id='word_1_703' title='bbox 2535 2029 2765 2073; x_wconf 73' lang='lat' dir='ltr'>Condoclea·</span> 
     </span>
     <span class='ocr_line' id='line_1_83' title="bbox 1519 2090 2761 2148; baseline 0.002 -16"><span class='ocrx_word' id='word_1_704' title='bbox 1519 2099 1600 2132; x_wconf 73' lang='lat' dir='ltr'>tem</span> <span class='ocrx_word' id='word_1_705' title='bbox 1632 2092 1726 2145; x_wconf 87' lang='lat' dir='ltr'>(sie</span> <span class='ocrx_word' id='word_1_706' title='bbox 1762 2090 1978 2143; x_wconf 78' lang='lat' dir='ltr'>Harduin3</span> <span class='ocrx_word' id='word_1_707' title='bbox 2023 2094 2278 2141; x_wconf 70' lang='lat' dir='ltr'>Crenaccam,</span> <span class='ocrx_word' id='word_1_708' title='bbox 2312 2091 2542 2134; x_wconf 75' lang='lat' dir='ltr'>Canachum</span> <span class='ocrx_word' id='word_1_709' title='bbox 2570 2091 2696 2134; x_wconf 90' lang='lat' dir='ltr'>codd.</span> <span class='ocrx_word' id='word_1_710' title='bbox 2727 2095 2761 2148; x_wconf 89' lang='lat'>),</span> 
     </span>
     <span class='ocr_line' id='line_1_84' title="bbox 1520 2154 2763 2208; baseline 0.002 -13"><span class='ocrx_word' id='word_1_711' title='bbox 1520 2154 1810 2195; x_wconf 75' lang='lat' dir='ltr'>Erannoboam</span> <span class='ocrx_word' id='word_1_712' title='bbox 1842 2156 1859 2208; x_wconf 98' lang='lat'>(</span> <span class='ocrx_word' id='word_1_713' title='bbox 1895 2155 1955 2196; x_wconf 87' lang='lat' dir='ltr'>sic</span> <span class='ocrx_word' id='word_1_714' title='bbox 1991 2154 2216 2205; x_wconf 79' lang='lat' dir='ltr'>Harduin.;</span> <span class='ocrx_word' id='word_1_715' title='bbox 2255 2154 2497 2206; x_wconf 77' lang='lat' dir='ltr'>Runubova,</span> <span class='ocrx_word' id='word_1_716' title='bbox 2530 2154 2763 2198; x_wconf 79' lang='lat' dir='ltr'>Rhamnum</span> 
     </span>
     <span class='ocr_line' id='line_1_85' title="bbox 1519 2214 2765 2274; baseline 0.002 -18"><span class='ocrx_word' id='word_1_717' title='bbox 1519 2215 1684 2265; x_wconf 80' lang='lat' dir='ltr'>bovam,</span> <span class='ocrx_word' id='word_1_718' title='bbox 1706 2215 1974 2257; x_wconf 75' lang='lat' dir='ltr'>Ermnoboan</span> <span class='ocrx_word' id='word_1_719' title='bbox 2002 2214 2127 2258; x_wconf 84' lang='lat' dir='ltr'>codd.</span> <span class='ocrx_word' id='word_1_720' title='bbox 2149 2215 2213 2257; x_wconf 78' lang='lat' dir='ltr'><strong>Cf.</strong></span> <span class='ocrx_word' id='word_1_721' title='bbox 2240 2214 2335 2258; x_wconf 91' lang='lat' dir='ltr'>cod.</span> <span class='ocrx_word' id='word_1_722' title='bbox 2361 2217 2527 2259; x_wconf 79' lang='lat' dir='ltr'>Arrian.</span> <span class='ocrx_word' id='word_1_723' title='bbox 2551 2218 2605 2259; x_wconf 90' lang='lat' dir='ltr'>D.</span> <span class='ocrx_word' id='word_1_724' title='bbox 2634 2216 2667 2274; x_wconf 89' lang='lat'>),</span> <span class='ocrx_word' id='word_1_725' title='bbox 2695 2220 2765 2259; x_wconf 87' lang='lat' dir='ltr'>Co-</span> 
     </span>
     <span class='ocr_line' id='line_1_86' title="bbox 1517 2278 2763 2337; baseline 0.003 -18"><span class='ocrx_word' id='word_1_726' title='bbox 1517 2292 1688 2331; x_wconf 80' lang='lat' dir='ltr'>soagum</span> <span class='ocrx_word' id='word_1_727' title='bbox 1725 2280 1742 2332; x_wconf 95' lang='lat'>(</span> <span class='ocrx_word' id='word_1_728' title='bbox 1774 2281 2016 2331; x_wconf 77' lang='lat' dir='ltr'>Casuagum,</span> <span class='ocrx_word' id='word_1_729' title='bbox 2067 2282 2295 2332; x_wconf 77' lang='lat' dir='ltr'>Casuagam</span> <span class='ocrx_word' id='word_1_730' title='bbox 2330 2292 2419 2321; x_wconf 81' lang='lat' dir='ltr'>var.</span> <span class='ocrx_word' id='word_1_731' title='bbox 2462 2278 2492 2321; x_wconf 86' lang='lat' dir='ltr'>l.</span> <span class='ocrx_word' id='word_1_732' title='bbox 2517 2278 2551 2337; x_wconf 95' lang='lat'>),</span> <span class='ocrx_word' id='word_1_733' title='bbox 2599 2283 2763 2323; x_wconf 74' lang='lat' dir='ltr'>Sanum.</span> 
     </span>
     <span class='ocr_line' id='line_1_87' title="bbox 1521 2340 2802 2398; baseline 0.001 -14"><span class='ocrx_word' id='word_1_734' title='bbox 1521 2342 1684 2384; x_wconf 84' lang='lat' dir='ltr'>Nomen</span> <span class='ocrx_word' id='word_1_735' title='bbox 1720 2342 1965 2383; x_wconf 86' lang='lat' dir='ltr'>sanseritum</span> <span class='ocrx_word' id='word_1_736' title='bbox 1992 2350 2052 2383; x_wconf 86' lang='lat' dir='ltr'>est</span> <span class='ocrx_word' id='word_1_737' title='bbox 2081 2341 2203 2383; x_wconf 77' lang='lat' dir='ltr'>hiran</span> <span class='ocrx_word' id='word_1_738' title='bbox 2226 2342 2408 2398; x_wconf 74' lang='lat' dir='ltr'>javdlm,</span> <span class='ocrx_word' id='word_1_739' title='bbox 2432 2354 2557 2384; x_wconf 77' lang='lat' dir='ltr'>aurea</span> <span class='ocrx_word' id='word_1_740' title='bbox 2572 2340 2766 2386; x_wconf 79' lang='lat' dir='ltr'>bracchia</span> <span class='ocrx_word' id='word_1_741' title='bbox 2792 2348 2802 2362; x_wconf 65' lang='lat'>‘⁵</span> 
     </span>
     <span class='ocr_line' id='line_1_88' title="bbox 1522 2375 2808 2461; baseline -0.001 -15"><span class='ocrx_word' id='word_1_742' title='bbox 1522 2403 1676 2446; x_wconf 83' lang='lat' dir='ltr'>habens</span> <span class='ocrx_word' id='word_1_743' title='bbox 1696 2404 1715 2459; x_wconf 86' lang='lat'><strong>(</strong></span> <span class='ocrx_word' id='word_1_744' title='bbox 1732 2403 1796 2446; x_wconf 82' lang='lat' dir='ltr'>vel</span> <span class='ocrx_word' id='word_1_745' title='bbox 1818 2403 1942 2444; x_wconf 88' lang='lat' dir='ltr'>etiam</span> <span class='ocrx_word' id='word_1_746' title='bbox 1960 2402 2274 2459; x_wconf 78' lang='lat' dir='ltr'>hiran-javdha.</span> <span class='ocrx_word' id='word_1_747' title='bbox 2294 2404 2323 2444; x_wconf 91' lang='lat' dir='ltr'>i.</span> <span class='ocrx_word' id='word_1_748' title='bbox 2345 2418 2384 2445; x_wconf 87' lang='lat' dir='ltr'>e.</span> <span class='ocrx_word' id='word_1_749' title='bbox 2415 2401 2615 2461; x_wconf 75' lang='lat' dir='ltr'>aurifer),</span> <span class='ocrx_word' id='word_1_750' title='bbox 2650 2401 2766 2460; x_wconf 81' lang='lat' dir='ltr'>quod</span> <span class='ocrx_word' id='word_1_751' title='bbox 2784 2375 2808 2428; x_wconf 53' lang='grc' dir='ltr'>ἐ</span> 
     </span>
     <span class='ocr_line' id='line_1_89' title="bbox 1522 2465 2780 2522; baseline 0 -13"><span class='ocrx_word' id='word_1_752' title='bbox 1522 2466 1753 2509; x_wconf 88' lang='lat' dir='ltr'>secundum</span> <span class='ocrx_word' id='word_1_753' title='bbox 1781 2465 2120 2522; x_wconf 83' lang='lat' dir='ltr'>lexicographum</span> <span class='ocrx_word' id='word_1_754' title='bbox 2151 2469 2311 2507; x_wconf 80' lang='lat' dir='ltr'>Amara</span> <span class='ocrx_word' id='word_1_755' title='bbox 2335 2465 2485 2507; x_wconf 71' lang='lat' dir='ltr'>Sinhas</span> <span class='ocrx_word' id='word_1_756' title='bbox 2520 2473 2582 2507; x_wconf 84' lang='lat' dir='ltr'>est</span> <span class='ocrx_word' id='word_1_757' title='bbox 2611 2478 2780 2509; x_wconf 50' lang='lat' dir='ltr'>nomen*</span> 
     </span>
     <span class='ocr_line' id='line_1_90' title="bbox 1522 2526 2765 2586; baseline -0.001 -14"><span class='ocrx_word' id='word_1_758' title='bbox 1522 2530 1731 2586; x_wconf 89' lang='lat' dir='ltr'>poeticum</span> <span class='ocrx_word' id='word_1_759' title='bbox 1756 2530 1855 2572; x_wconf 88' lang='lat' dir='ltr'>Soui</span> <span class='ocrx_word' id='word_1_760' title='bbox 1875 2528 2013 2579; x_wconf 85' lang='lat' dir='ltr'>fluvii,</span> <span class='ocrx_word' id='word_1_761' title='bbox 2033 2527 2137 2569; x_wconf 84' lang='lat' dir='ltr'>adeo</span> <span class='ocrx_word' id='word_1_762' title='bbox 2160 2536 2207 2569; x_wconf 90' lang='lat' dir='ltr'>ut</span> <span class='ocrx_word' id='word_1_763' title='bbox 2239 2527 2324 2569; x_wconf 90' lang='lat' dir='ltr'>duo</span> <span class='ocrx_word' id='word_1_764' title='bbox 2342 2526 2528 2583; x_wconf 84' lang='lat' dir='ltr'>ejusdem</span> <span class='ocrx_word' id='word_1_765' title='bbox 2553 2526 2670 2570; x_wconf 77' lang='lat' dir='ltr'>fluvii</span> <span class='ocrx_word' id='word_1_766' title='bbox 2687 2541 2765 2571; x_wconf 88' lang='lat' dir='ltr'>no·</span> 
     </span>
     <span class='ocr_line' id='line_1_91' title="bbox 1523 2588 2779 2661; baseline -0.001 -27"><span class='ocrx_word' id='word_1_767' title='bbox 1523 2593 1635 2635; x_wconf 90' lang='lat' dir='ltr'>mina</span> <span class='ocrx_word' id='word_1_768' title='bbox 1652 2606 1730 2649; x_wconf 89' lang='lat' dir='ltr'>pro</span> <span class='ocrx_word' id='word_1_769' title='bbox 1762 2591 1927 2634; x_wconf 85' lang='lat' dir='ltr'>duobus</span> <span class='ocrx_word' id='word_1_770' title='bbox 1956 2591 2091 2633; x_wconf 77' lang='lat' dir='ltr'>ssuviis</span> <span class='ocrx_word' id='word_1_771' title='bbox 2107 2590 2390 2661; x_wconf 63' lang='lat' dir='ltr'>Megasthenes</span> <span class='ocrx_word' id='word_1_772' title='bbox 2413 2589 2611 2632; x_wconf 84' lang='lat' dir='ltr'>attulerit.</span> <span class='ocrx_word' id='word_1_773' title='bbox 2631 2588 2779 2646; x_wconf 74' lang='lat' dir='ltr'>quue</span> 
     </span>
     <span class='ocr_line' id='line_1_92' title="bbox 1522 2648 2808 2724; baseline -0.002 -29"><span class='ocrx_word' id='word_1_774' title='bbox 1522 2669 1572 2695; x_wconf 87' lang='lat' dir='ltr'>ex</span> <span class='ocrx_word' id='word_1_775' title='bbox 1595 2656 1685 2711; x_wconf 81' lang='lat' dir='ltr'>ipso</span> <span class='ocrx_word' id='word_1_776' title='bbox 1706 2656 1831 2697; x_wconf 90' lang='lat' dir='ltr'>etiam</span> <span class='ocrx_word' id='word_1_777' title='bbox 1847 2655 2026 2697; x_wconf 88' lang='lat' dir='ltr'>Arriano</span> <span class='ocrx_word' id='word_1_778' title='bbox 2047 2652 2100 2695; x_wconf 89' lang='lat' dir='ltr'>ad</span> <span class='ocrx_word' id='word_1_779' title='bbox 2118 2653 2316 2724; x_wconf 76' lang='lat' dir='ltr'>majorem</span> <span class='ocrx_word' id='word_1_780' title='bbox 2338 2648 2669 2709; x_wconf 81' lang='lat' dir='ltr'>probabilitatem</span> <span class='ocrx_word' id='word_1_781' title='bbox 2690 2650 2788 2693; x_wconf 85' lang='lat' dir='ltr'>ad·-</span> <span class='ocrx_word' id='word_1_782' title='bbox 2781 2686 2808 2706; x_wconf 29' lang='lat'>,2</span> 
     </span>
     <span class='ocr_line' id='line_1_93' title="bbox 1522 2711 2808 2773; baseline -0.003 -15"><span class='ocrx_word' id='word_1_783' title='bbox 1522 2715 1618 2758; x_wconf 91' lang='lat' dir='ltr'>duci</span> <span class='ocrx_word' id='word_1_784' title='bbox 1640 2718 1859 2773; x_wconf 66' lang='lat' dir='ltr'>potoet.1n</span> <span class='ocrx_word' id='word_1_785' title='bbox 1878 2715 2143 2771; x_wconf 83' lang='lat' dir='ltr'>sequentibus</span> <span class='ocrx_word' id='word_1_786' title='bbox 2165 2715 2275 2755; x_wconf 90' lang='lat' dir='ltr'>enim</span> <span class='ocrx_word' id='word_1_787' title='bbox 2296 2715 2313 2766; x_wconf 92' lang='lat'>(</span> <span class='ocrx_word' id='word_1_788' title='bbox 2332 2727 2371 2755; x_wconf 88' lang='lat' dir='ltr'>c.</span> <span class='ocrx_word' id='word_1_789' title='bbox 2400 2725 2465 2764; x_wconf 90' lang='grc' dir='ltr'>ιο,</span> <span class='ocrx_word' id='word_1_790' title='bbox 2484 2714 2507 2754; x_wconf 87' lang='grc'><strong>5</strong></span> <span class='ocrx_word' id='word_1_791' title='bbox 2524 2712 2539 2769; x_wconf 92' lang='grc'>)</span> <span class='ocrx_word' id='word_1_792' title='bbox 2558 2711 2763 2755; x_wconf 88' lang='lat' dir='ltr'>Palimbo-</span> <span class='ocrx_word' id='word_1_793' title='bbox 2807 2764 2808 2770; x_wconf 17' lang='lat'>¹</span> 
     </span>
     <span class='ocr_line' id='line_1_94' title="bbox 1521 2773 2808 2835; baseline -0.005 -15"><span class='ocrx_word' id='word_1_794' title='bbox 1521 2778 1614 2821; x_wconf 90' lang='lat' dir='ltr'>thra</span> <span class='ocrx_word' id='word_1_795' title='bbox 1638 2779 1653 2835; x_wconf 95' lang='lat'>(</span> <span class='ocrx_word' id='word_1_796' title='bbox 1672 2778 1944 2835; x_wconf 78' lang='lat' dir='ltr'>Pdtalipuem</span> <span class='ocrx_word' id='word_1_797' title='bbox 1964 2778 1977 2833; x_wconf 96' lang='lat'>)</span> <span class='ocrx_word' id='word_1_798' title='bbox 1998 2776 2098 2818; x_wconf 84' lang='lat' dir='ltr'>urbs</span> <span class='ocrx_word' id='word_1_799' title='bbox 2114 2777 2190 2817; x_wconf 84' lang='lat' dir='ltr'>sita</span> <span class='ocrx_word' id='word_1_800' title='bbox 2208 2790 2294 2816; x_wconf 86' lang='lat' dir='ltr'>esse</span> <span class='ocrx_word' id='word_1_801' title='bbox 2310 2782 2501 2816; x_wconf 84' lang='lat' dir='ltr'>narratur</span> <span class='ocrx_word' id='word_1_802' title='bbox 2519 2773 2587 2815; x_wconf 82' lang='grc' dir='ltr'>ἵνα</span> <span class='ocrx_word' id='word_1_803' title='bbox 2605 2773 2645 2815; x_wconf 76' lang='grc' dir='ltr'>αἱ</span> <span class='ocrx_word' id='word_1_804' title='bbox 2664 2790 2762 2831; x_wconf 72' lang='lat' dir='ltr'>cup.-</span> <span class='ocrx_word' id='word_1_805' title='bbox 2804 2773 2808 2799; x_wconf 71' lang='lat'>¹</span> 
     </span>
     <span class='ocr_line' id='line_1_95' title="bbox 1522 2801 2808 2893; baseline 0 -12"><span class='ocrx_word' id='word_1_806' title='bbox 1522 2840 1638 2882; x_wconf 79' lang='grc' dir='ltr'>ὅολαί</span> <span class='ocrx_word' id='word_1_807' title='bbox 1668 2839 1741 2881; x_wconf 82' lang='grc' dir='ltr'>εἶσι</span> <span class='ocrx_word' id='word_1_808' title='bbox 1766 2842 1835 2880; x_wconf 79' lang='grc' dir='ltr'>τοῦ</span> <span class='ocrx_word' id='word_1_809' title='bbox 1864 2854 1905 2880; x_wconf 85' lang='grc' dir='ltr'>τε</span> <span class='ocrx_word' id='word_1_810' title='bbox 1926 2837 2165 2893; x_wconf 79' lang='grc' dir='ltr'>Ἐραννοδόα</span> <span class='ocrx_word' id='word_1_811' title='bbox 2194 2838 2371 2892; x_wconf 78' lang='grc' dir='ltr'>ποταμοῦ</span> <span class='ocrx_word' id='word_1_812' title='bbox 2393 2836 2459 2878; x_wconf 69' lang='grc' dir='ltr'>καὶ</span> <span class='ocrx_word' id='word_1_813' title='bbox 2478 2839 2548 2878; x_wconf 80' lang='grc' dir='ltr'>τοῦ</span> <span class='ocrx_word' id='word_1_814' title='bbox 2579 2836 2758 2893; x_wconf 82' lang='grc' dir='ltr'>Γάγγεω.</span> <span class='ocrx_word' id='word_1_815' title='bbox 2802 2801 2808 2872; x_wconf 66' lang='grc' dir='ltr'>Ι</span> 
     </span>
     <span class='ocr_line' id='line_1_96' title="bbox 1521 2879 2808 2957; baseline -0.001 -12"><span class='ocrx_word' id='word_1_816' title='bbox 1521 2905 1613 2946; x_wconf 85' lang='lat' dir='ltr'>Jam</span> <span class='ocrx_word' id='word_1_817' title='bbox 1636 2917 1736 2945; x_wconf 80' lang='lat' dir='ltr'>vero</span> <span class='ocrx_word' id='word_1_818' title='bbox 1761 2903 1803 2944; x_wconf 91' lang='lat' dir='ltr'>in</span> <span class='ocrx_word' id='word_1_819' title='bbox 1826 2900 2031 2944; x_wconf 85' lang='lat' dir='ltr'>comoedia</span> <span class='ocrx_word' id='word_1_820' title='bbox 2056 2900 2234 2957; x_wconf 86' lang='lat' dir='ltr'>quadam</span> <span class='ocrx_word' id='word_1_821' title='bbox 2264 2899 2408 2941; x_wconf 84' lang='lat' dir='ltr'>Indica</span> <span class='ocrx_word' id='word_1_822' title='bbox 2432 2898 2682 2955; x_wconf 79' lang='lat' dir='ltr'>Pataliputra</span> <span class='ocrx_word' id='word_1_823' title='bbox 2703 2902 2759 2944; x_wconf 83' lang='lat' dir='ltr'>ita</span> <span class='ocrx_word' id='word_1_824' title='bbox 2803 2879 2808 2914; x_wconf 61' lang='lat'>⁵</span> 
     </span>
     <span class='ocr_line' id='line_1_97' title="bbox 1521 2960 2759 3020; baseline 0.001 -15"><span class='ocrx_word' id='word_1_825' title='bbox 1521 2964 1783 3016; x_wconf 81' lang='lat' dir='ltr'>describitur,</span> <span class='ocrx_word' id='word_1_826' title='bbox 1808 2972 1856 3006; x_wconf 93' lang='lat' dir='ltr'>ut</span> <span class='ocrx_word' id='word_1_827' title='bbox 1873 2965 2035 3018; x_wconf 67' lang='lat' dir='ltr'>Ganges</span> <span class='ocrx_word' id='word_1_828' title='bbox 2058 2972 2207 3020; x_wconf 74' lang='lat' dir='ltr'>praeter</span> <span class='ocrx_word' id='word_1_829' title='bbox 2222 2963 2358 3019; x_wconf 86' lang='lat' dir='ltr'>ipsum</span> <span class='ocrx_word' id='word_1_830' title='bbox 2383 2960 2578 3018; x_wconf 78' lang='lat' dir='ltr'>palatium</span> <span class='ocrx_word' id='word_1_831' title='bbox 2600 2964 2759 3018; x_wconf 79' lang='lat' dir='ltr'>regium</span> 
     </span>
     <span class='ocr_line' id='line_1_98' title="bbox 1521 3023 2760 3081; baseline 0 -13"><span class='ocrx_word' id='word_1_832' title='bbox 1521 3027 1697 3079; x_wconf 87' lang='lat' dir='ltr'>labatur,</span> <span class='ocrx_word' id='word_1_833' title='bbox 1719 3042 1803 3069; x_wconf 90' lang='lat' dir='ltr'>non</span> <span class='ocrx_word' id='word_1_834' title='bbox 1827 3027 1946 3081; x_wconf 89' lang='lat' dir='ltr'>longe</span> <span class='ocrx_word' id='word_1_835' title='bbox 1965 3040 2062 3068; x_wconf 88' lang='lat' dir='ltr'>vero</span> <span class='ocrx_word' id='word_1_836' title='bbox 2090 3026 2196 3068; x_wconf 84' lang='lat' dir='ltr'>absit</span> <span class='ocrx_word' id='word_1_837' title='bbox 2214 3029 2343 3067; x_wconf 78' lang='lat' dir='ltr'>Sonus</span> <span class='ocrx_word' id='word_1_838' title='bbox 2371 3025 2522 3066; x_wconf 74' lang='lat' dir='ltr'>fluvius</span> <span class='ocrx_word' id='word_1_839' title='bbox 2536 3054 2548 3076; x_wconf 92' lang='lat'>,</span> <span class='ocrx_word' id='word_1_840' title='bbox 2567 3023 2685 3080; x_wconf 74' lang='lat' dir='ltr'>quus</span> <span class='ocrx_word' id='word_1_841' title='bbox 2716 3027 2760 3068; x_wconf 87' lang='lat' dir='ltr'>iu</span> 
     </span>
     <span class='ocr_line' id='line_1_99' title="bbox 1521 3086 2758 3147; baseline -0.001 -15"><span class='ocrx_word' id='word_1_842' title='bbox 1521 3092 1752 3147; x_wconf 87' lang='lat' dir='ltr'>oppositam</span> <span class='ocrx_word' id='word_1_843' title='bbox 1791 3090 1925 3145; x_wconf 84' lang='lat' dir='ltr'>ripam</span> <span class='ocrx_word' id='word_1_844' title='bbox 1962 3103 2034 3130; x_wconf 85' lang='lat' dir='ltr'>rex</span> <span class='ocrx_word' id='word_1_845' title='bbox 2076 3087 2214 3130; x_wconf 85' lang='lat' dir='ltr'>sedem</span> <span class='ocrx_word' id='word_1_846' title='bbox 2252 3086 2522 3130; x_wconf 73' lang='lat' dir='ltr'>translaturus</span> <span class='ocrx_word' id='word_1_847' title='bbox 2563 3086 2758 3131; x_wconf 84' lang='lat' dir='ltr'>nuntium</span> 
     </span>
     <span class='ocr_line' id='line_1_100' title="bbox 1524 3148 2759 3207; baseline 0.001 -15"><span class='ocrx_word' id='word_1_848' title='bbox 1524 3152 1649 3194; x_wconf 82' lang='lat' dir='ltr'>mittit</span> <span class='ocrx_word' id='word_1_849' title='bbox 1669 3151 1719 3193; x_wconf 87' lang='lat' dir='ltr'>ad</span> <span class='ocrx_word' id='word_1_850' title='bbox 1740 3152 1932 3202; x_wconf 84' lang='lat' dir='ltr'>scribam,</span> <span class='ocrx_word' id='word_1_851' title='bbox 1962 3151 2034 3206; x_wconf 84' lang='lat' dir='ltr'>qui</span> <span class='ocrx_word' id='word_1_852' title='bbox 2055 3151 2110 3191; x_wconf 82' lang='lat' dir='ltr'>ibi</span> <span class='ocrx_word' id='word_1_853' title='bbox 2128 3150 2367 3192; x_wconf 85' lang='lat' dir='ltr'>habitabat:</span> <span class='ocrx_word' id='word_1_854' title='bbox 2391 3148 2497 3192; x_wconf 80' lang='lat' dir='ltr'>adeo</span> <span class='ocrx_word' id='word_1_855' title='bbox 2518 3158 2567 3192; x_wconf 88' lang='lat' dir='ltr'>ut</span> <span class='ocrx_word' id='word_1_856' title='bbox 2583 3149 2647 3193; x_wconf 75' lang='lat' dir='ltr'>vel</span> <span class='ocrx_word' id='word_1_857' title='bbox 2663 3164 2759 3207; x_wconf 75' lang='lat' dir='ltr'>pars</span> 
     </span>
     <span class='ocr_line' id='line_1_101' title="bbox 1520 3203 2798 3269; baseline 0 -15"><span class='ocrx_word' id='word_1_858' title='bbox 1520 3213 1635 3254; x_wconf 87' lang='lat' dir='ltr'>urbis</span> <span class='ocrx_word' id='word_1_859' title='bbox 1656 3213 1716 3254; x_wconf 80' lang='lat' dir='ltr'>vel</span> <span class='ocrx_word' id='word_1_860' title='bbox 1731 3213 1976 3254; x_wconf 86' lang='lat' dir='ltr'>suburbium</span> <span class='ocrx_word' id='word_1_861' title='bbox 1996 3212 2283 3268; x_wconf 78' lang='lat' dir='ltr'>Pataliputrae‘</span> <span class='ocrx_word' id='word_1_862' title='bbox 2272 3227 2315 3253; x_wconf 90' lang='grc' dir='ltr'>ιιι</span> <span class='ocrx_word' id='word_1_863' title='bbox 2341 3210 2535 3254; x_wconf 83' lang='lat' dir='ltr'>ulteriore</span> <span class='ocrx_word' id='word_1_864' title='bbox 2552 3212 2651 3255; x_wconf 89' lang='lat' dir='ltr'>Soni</span> <span class='ocrx_word' id='word_1_865' title='bbox 2669 3212 2760 3269; x_wconf 73' lang='lat' dir='ltr'>ripn</span> <span class='ocrx_word' id='word_1_866' title='bbox 2783 3203 2798 3223; x_wconf 69' lang='grc'>”’</span> 
     </span>
     <span class='ocr_line' id='line_1_102' title="bbox 1521 3273 2795 3330; baseline 0.001 -14"><span class='ocrx_word' id='word_1_867' title='bbox 1521 3275 1643 3317; x_wconf 77' lang='lat' dir='ltr'>fuisse</span> <span class='ocrx_word' id='word_1_868' title='bbox 1662 3275 1887 3330; x_wconf 87' lang='lat' dir='ltr'>colligatur.</span> <span class='ocrx_word' id='word_1_869' title='bbox 1916 3274 2036 3317; x_wconf 78' lang='lat' dir='ltr'>Haud</span> <span class='ocrx_word' id='word_1_870' title='bbox 2072 3275 2198 3330; x_wconf 83' lang='lat' dir='ltr'>igitur</span> <span class='ocrx_word' id='word_1_871' title='bbox 2219 3291 2243 3317; x_wconf 83' lang='lat' dir='ltr'>a</span> <span class='ocrx_word' id='word_1_872' title='bbox 2272 3276 2383 3317; x_wconf 88' lang='lat' dir='ltr'>Sono</span> <span class='ocrx_word' id='word_1_873' title='bbox 2415 3273 2603 3317; x_wconf 79' lang='lat' dir='ltr'>diversus</span> <span class='ocrx_word' id='word_1_874' title='bbox 2642 3282 2650 3291; x_wconf 82' lang='lat'><em>&#39;</em></span> <span class='ocrx_word' id='word_1_875' title='bbox 2721 3297 2726 3309; x_wconf 82' lang='lat'><strong>·</strong></span> <span class='ocrx_word' id='word_1_876' title='bbox 2785 3297 2795 3302; x_wconf 47' lang='lat'>⁴·</span> 
     </span>
     <span class='ocr_line' id='line_1_103' title="bbox 1521 3322 2793 3397; baseline 0.002 -18"><span class='ocrx_word' id='word_1_877' title='bbox 1521 3337 1690 3380; x_wconf 88' lang='lat' dir='ltr'>noboas.</span> <span class='ocrx_word' id='word_1_878' title='bbox 1720 3339 1883 3380; x_wconf 83' lang='lat' dir='ltr'>Primus</span> <span class='ocrx_word' id='word_1_879' title='bbox 1918 3338 2005 3380; x_wconf 69' lang='lat' dir='ltr'>hare</span> <span class='ocrx_word' id='word_1_880' title='bbox 2034 3337 2170 3379; x_wconf 89' lang='lat' dir='ltr'>attulit</span> <span class='ocrx_word' id='word_1_881' title='bbox 2201 3335 2711 3394; x_wconf 70' lang='lat' dir='ltr'>schlegelius(1nd.8&#39;</span> <span class='ocrx_word' id='word_1_882' title='bbox 2736 3322 2793 3397; x_wconf 56' lang='lat'>{⁸³</span> 
     </span>
     <span class='ocr_line' id='line_1_104' title="bbox 1520 3398 2767 3457; baseline 0.001 -17"><span class='ocrx_word' id='word_1_883' title='bbox 1520 3401 1575 3451; x_wconf 86' lang='lat'>11,</span> <span class='ocrx_word' id='word_1_884' title='bbox 1590 3414 1632 3456; x_wconf 90' lang='lat' dir='ltr'>p.</span> <span class='ocrx_word' id='word_1_885' title='bbox 1649 3400 1727 3455; x_wconf 86' lang='grc'><strong>395</strong></span> <span class='ocrx_word' id='word_1_886' title='bbox 1752 3399 1889 3457; x_wconf 80' lang='lat' dir='ltr'>sqq.);</span> <span class='ocrx_word' id='word_1_887' title='bbox 1903 3414 1978 3455; x_wconf 81' lang='lat' dir='ltr'>ego</span> <span class='ocrx_word' id='word_1_888' title='bbox 1994 3401 2132 3441; x_wconf 74' lang='lat' dir='ltr'>notavi</span> <span class='ocrx_word' id='word_1_889' title='bbox 2145 3414 2193 3441; x_wconf 82' lang='lat' dir='ltr'>ex</span> <span class='ocrx_word' id='word_1_890' title='bbox 2209 3400 2434 3450; x_wconf 83' lang='lat' dir='ltr'>RitteroV,</span> <span class='ocrx_word' id='word_1_891' title='bbox 2457 3413 2501 3455; x_wconf 87' lang='lat' dir='ltr'><strong>p.</strong></span> <span class='ocrx_word' id='word_1_892' title='bbox 2520 3398 2615 3442; x_wconf 88' lang='lat'><strong>505.</strong></span> <span class='ocrx_word' id='word_1_893' title='bbox 2648 3420 2666 3435; x_wconf 61' lang='grc' dir='ltr'>ιι</span> <span class='ocrx_word' id='word_1_894' title='bbox 2719 3403 2767 3451; x_wconf 56' lang='lat' dir='ltr'>‘f</span> 
     </span>
     <span class='ocr_line' id='line_1_105' title="bbox 1519 3455 2741 3535; baseline -0.001 -31"><span class='ocrx_word' id='word_1_895' title='bbox 1519 3471 1685 3514; x_wconf 83' lang='lat' dir='ltr'>nertus,</span> <span class='ocrx_word' id='word_1_896' title='bbox 1710 3478 1762 3504; x_wconf 91' lang='lat' dir='ltr'>ne</span> <span class='ocrx_word' id='word_1_897' title='bbox 1783 3461 1942 3504; x_wconf 81' lang='lat' dir='ltr'>diversa</span> <span class='ocrx_word' id='word_1_898' title='bbox 1978 3461 2261 3535; x_wconf 76' lang='lat' dir='ltr'>Megasthenes</span> <span class='ocrx_word' id='word_1_899' title='bbox 2290 3459 2526 3504; x_wconf 73' lang='lat' dir='ltr'>confudisse</span> <span class='ocrx_word' id='word_1_900' title='bbox 2557 3459 2625 3503; x_wconf 86' lang='lat' dir='ltr'>di</span> <span class='ocrx_word' id='word_1_901' title='bbox 2662 3482 2709 3496; x_wconf 60' lang='grc' dir='ltr'>υ·</span> <span class='ocrx_word' id='word_1_902' title='bbox 2735 3455 2741 3467; x_wconf 75' lang='lat'><em>‘</em></span> 
     </span>
     <span class='ocr_line' id='line_1_106' title="bbox 1518 3524 2678 3580; baseline 0.001 -16"><span class='ocrx_word' id='word_1_903' title='bbox 1518 3524 1593 3574; x_wconf 91' lang='lat' dir='ltr'>sit,</span> <span class='ocrx_word' id='word_1_904' title='bbox 1623 3524 1748 3567; x_wconf 80' lang='lat' dir='ltr'>alium</span> <span class='ocrx_word' id='word_1_905' title='bbox 1780 3524 1986 3580; x_wconf 85' lang='lat' dir='ltr'>quendam</span> <span class='ocrx_word' id='word_1_906' title='bbox 2019 3525 2222 3566; x_wconf 86' lang='lat' dir='ltr'>minorem</span> <span class='ocrx_word' id='word_1_907' title='bbox 2254 3525 2427 3566; x_wconf 82' lang='lat' dir='ltr'>nuvium</span> <span class='ocrx_word' id='word_1_908' title='bbox 2466 3525 2596 3566; x_wconf 84' lang='lat' dir='ltr'>Eran·</span> <span class='ocrx_word' id='word_1_909' title='bbox 2617 3543 2678 3559; x_wconf 68' lang='lat' dir='ltr'>m·</span> 
     </span>
     <span class='ocr_line' id='line_1_107' title="bbox 1521 3574 2799 3692; baseline 0.002 -66"><span class='ocrx_word' id='word_1_910' title='bbox 1521 3587 1656 3627; x_wconf 79' lang='lat' dir='ltr'>vocari</span> <span class='ocrx_word' id='word_1_911' title='bbox 1676 3595 1827 3628; x_wconf 81' lang='lat' dir='ltr'>censet.</span> <span class='ocrx_word' id='word_1_912' title='bbox 1852 3585 1984 3642; x_wconf 86' lang='lat' dir='ltr'>quue</span> <span class='ocrx_word' id='word_1_913' title='bbox 2013 3601 2063 3628; x_wconf 91' lang='lat' dir='ltr'>eo</span> <span class='ocrx_word' id='word_1_914' title='bbox 2091 3585 2259 3628; x_wconf 77' lang='lat' dir='ltr'>defendi</span> <span class='ocrx_word' id='word_1_915' title='bbox 2292 3593 2427 3642; x_wconf 84' lang='lat' dir='ltr'>potest</span> <span class='ocrx_word' id='word_1_916' title='bbox 2447 3583 2562 3642; x_wconf 89' lang='lat' dir='ltr'>quod</span> <span class='ocrx_word' id='word_1_917' title='bbox 2580 3574 2799 3692; x_wconf 44' lang='lat' dir='ltr'><em>ng</em></span> 
     </span>
     <span class='ocr_line' id='line_1_108' title="bbox 1521 3647 2659 3705; baseline 0.002 -16"><span class='ocrx_word' id='word_1_918' title='bbox 1521 3647 1669 3691; x_wconf 81' lang='lat' dir='ltr'>fluvius</span> <span class='ocrx_word' id='word_1_919' title='bbox 1693 3651 1722 3703; x_wconf 90' lang='grc'>(</span> <span class='ocrx_word' id='word_1_920' title='bbox 1726 3647 1918 3691; x_wconf 62' lang='lat' dir='ltr'>eandam</span> <span class='ocrx_word' id='word_1_921' title='bbox 1937 3663 2091 3691; x_wconf 86' lang='lat' dir='ltr'>sanscr.</span> <span class='ocrx_word' id='word_1_922' title='bbox 2116 3651 2133 3705; x_wconf 92' lang='lat'>)</span> <span class='ocrx_word' id='word_1_923' title='bbox 2155 3664 2178 3691; x_wconf 87' lang='lat' dir='ltr'>a</span> <span class='ocrx_word' id='word_1_924' title='bbox 2197 3647 2439 3691; x_wconf 87' lang='lat' dir='ltr'>Buddhistis</span> <span class='ocrx_word' id='word_1_925' title='bbox 2459 3648 2582 3690; x_wconf 87' lang='lat' dir='ltr'>etiam</span> <span class='ocrx_word' id='word_1_926' title='bbox 2597 3647 2659 3691; x_wconf 74' lang='grc' dir='ltr'>Πι</span> 
     </span>
     <span class='ocr_line' id='line_1_109' title="bbox 1512 3706 2776 3785; baseline -0.001 -33"><span class='ocrx_word' id='word_1_927' title='bbox 1512 3713 1658 3767; x_wconf 75' lang='lat' dir='ltr'>juvati</span> <span class='ocrx_word' id='word_1_928' title='bbox 1674 3711 1895 3785; x_wconf 42' lang='lat' dir='ltr'>·(aureus)</span> <span class='ocrx_word' id='word_1_929' title='bbox 1923 3712 2060 3754; x_wconf 85' lang='lat' dir='ltr'>vocari</span> <span class='ocrx_word' id='word_1_930' title='bbox 2077 3710 2205 3753; x_wconf 83' lang='lat' dir='ltr'>tradit</span> <span class='ocrx_word' id='word_1_931' title='bbox 2230 3709 2559 3762; x_wconf 80' lang='lat' dir='ltr'>Lassen.l.l.1,</span> <span class='ocrx_word' id='word_1_932' title='bbox 2582 3722 2626 3766; x_wconf 85' lang='lat' dir='ltr'><strong>p.</strong></span> <span class='ocrx_word' id='word_1_933' title='bbox 2652 3706 2776 3765; x_wconf 64' lang='lat'>137&gt;</span> 
     </span>
     <span class='ocr_line' id='line_1_110' title="bbox 1519 3771 2620 3831; baseline -0.001 -16"><span class='ocrx_word' id='word_1_934' title='bbox 1519 3782 1560 3815; x_wconf 85' lang='lat' dir='ltr'>at</span> <span class='ocrx_word' id='word_1_935' title='bbox 1584 3775 1752 3816; x_wconf 85' lang='lat' dir='ltr'>minime</span> <span class='ocrx_word' id='word_1_936' title='bbox 1787 3775 1829 3816; x_wconf 90' lang='lat' dir='ltr'>in</span> <span class='ocrx_word' id='word_1_937' title='bbox 1858 3774 2037 3817; x_wconf 82' lang='lat' dir='ltr'>Gunduk</span> <span class='ocrx_word' id='word_1_938' title='bbox 2060 3773 2267 3831; x_wconf 86' lang='lat' dir='ltr'>quadrant</span> <span class='ocrx_word' id='word_1_939' title='bbox 2294 3772 2409 3830; x_wconf 91' lang='lat' dir='ltr'>quod</span> <span class='ocrx_word' id='word_1_940' title='bbox 2433 3771 2487 3815; x_wconf 90' lang='lat' dir='ltr'>de</span> <span class='ocrx_word' id='word_1_941' title='bbox 2510 3773 2620 3815; x_wconf 84' lang='lat' dir='ltr'>Eran</span> 
     </span>
    </p>

    <p class='ocr_par' dir='ltr' id='par_1_13' title="bbox 1520 3829 2654 3955">
     <span class='ocr_line' id='line_1_111' title="bbox 1520 3829 2654 3894; baseline -0.001 -17"><span class='ocrx_word' id='word_1_942' title='bbox 1520 3835 1619 3878; x_wconf 89' lang='lat' dir='ltr'>dicit</span> <span class='ocrx_word' id='word_1_943' title='bbox 1647 3837 1848 3879; x_wconf 84' lang='lat' dir='ltr'>Arrianus</span> <span class='ocrx_word' id='word_1_944' title='bbox 1875 3853 1913 3879; x_wconf 90' lang='lat' dir='ltr'>c.</span> <span class='ocrx_word' id='word_1_945' title='bbox 1941 3851 2005 3889; x_wconf 90' lang='grc' dir='ltr'>ιο,</span> <span class='ocrx_word' id='word_1_946' title='bbox 2040 3838 2095 3879; x_wconf 88' lang='lat'><strong>5.</strong></span> <span class='ocrx_word' id='word_1_947' title='bbox 2118 3837 2243 3894; x_wconf 82' lang='grc' dir='ltr'>τρίτος</span> <span class='ocrx_word' id='word_1_948' title='bbox 2262 3836 2329 3893; x_wconf 63' lang='grc' dir='ltr'>μὲν</span> <span class='ocrx_word' id='word_1_949' title='bbox 2352 3837 2400 3877; x_wconf 77' lang='grc' dir='ltr'>ἂν</span> <span class='ocrx_word' id='word_1_950' title='bbox 2431 3834 2491 3888; x_wconf 81' lang='grc' dir='ltr'>εἴη</span> <span class='ocrx_word' id='word_1_951' title='bbox 2513 3838 2590 3877; x_wconf 78' lang='grc' dir='ltr'>τῶν</span> <span class='ocrx_word' id='word_1_952' title='bbox 2623 3829 2654 3875; x_wconf 74' lang='lat'>‘1</span> 
     </span>
     <span class='ocr_line' id='line_1_112' title="bbox 1521 3895 2647 3958; baseline -0.001 -19"><span class='ocrx_word' id='word_1_953' title='bbox 1521 3904 1720 3955; x_wconf 73' lang='grc' dir='ltr'>ποταμῶν,</span> <span class='ocrx_word' id='word_1_954' title='bbox 1745 3901 1868 3955; x_wconf 83' lang='grc' dir='ltr'>μέζων</span> <span class='ocrx_word' id='word_1_955' title='bbox 1888 3899 1929 3942; x_wconf 72' lang='grc' dir='ltr'>δὲ</span> <span class='ocrx_word' id='word_1_956' title='bbox 1951 3905 2027 3942; x_wconf 83' lang='grc' dir='ltr'>τῶν</span> <span class='ocrx_word' id='word_1_957' title='bbox 2059 3899 2164 3958; x_wconf 73' lang='grc' dir='ltr'>ἄλλῃ</span> <span class='ocrx_word' id='word_1_958' title='bbox 2188 3899 2253 3941; x_wconf 69' lang='grc' dir='ltr'>καὶ</span> <span class='ocrx_word' id='word_1_959' title='bbox 2270 3895 2400 3949; x_wconf 70' lang='grc' dir='ltr'>οὗτος,</span> <span class='ocrx_word' id='word_1_960' title='bbox 2424 3895 2528 3939; x_wconf 76' lang='grc' dir='ltr'>ἀλλὰ</span> <span class='ocrx_word' id='word_1_961' title='bbox 2549 3895 2647 3953; x_wconf 58' lang='lat' dir='ltr'>Eun</span> 
     </span>
    </p>

    <p class='ocr_par' dir='ltr' id='par_1_14' title="bbox 1521 3952 2746 4080">
     <span class='ocr_line' id='line_1_113' title="bbox 1522 3952 2746 4019; baseline -0.002 -18"><span class='ocrx_word' id='word_1_962' title='bbox 1522 3960 1566 4001; x_wconf 81' lang='grc' dir='ltr'>αὗ</span> <span class='ocrx_word' id='word_1_963' title='bbox 1682 3962 1886 4019; x_wconf 79' lang='grc' dir='ltr'>ῶΓάγγῃ.</span> <span class='ocrx_word' id='word_1_964' title='bbox 1926 3962 1991 4003; x_wconf 76' lang='lat' dir='ltr'>Cf.</span> <span class='ocrx_word' id='word_1_965' title='bbox 2020 3963 2143 4004; x_wconf 88' lang='lat' dir='ltr'>etiam</span> <span class='ocrx_word' id='word_1_966' title='bbox 2174 3952 2746 4006; x_wconf 57' lang='grc' dir='ltr'>[Λεκιι.1ηᾰ.ΑΙκ1Μ.Ῑ,</span> 
     </span>
     <span class='ocr_line' id='line_1_114' title="bbox 1521 4015 2745 4080; baseline -0.003 -14"><span class='ocrx_word' id='word_1_967' title='bbox 1521 4025 1836 4079; x_wconf 76' lang='grc' dir='ltr'>ρ.82.11-23.</span> <span class='ocrx_word' id='word_1_968' title='bbox 1855 4023 2433 4080; x_wconf 73' lang='grc' dir='ltr'>Κοσσόανον]ΚοοόανονΑ;</span> <span class='ocrx_word' id='word_1_969' title='bbox 2453 4015 2745 4068; x_wconf 68' lang='lat' dir='ltr'>Kacetmvnz</span> 
     </span>
    </p>
   </div>
   <div class='ocr_carea' id='block_1_10' title="bbox 2602 3224 2797 3533">
    <p class='ocr_par' dir='ltr' id='par_1_15' title="bbox 2602 3224 2797 3533">
     <span class='ocr_line' id='line_1_115' title="bbox 2627 3224 2797 3306; baseline 0 -8"><span class='ocrx_word' id='word_1_970' title='bbox 2627 3224 2797 3306; x_wconf 95' lang='lat' dir='ltr'>  </span> 
     </span>
     <span class='ocr_line' id='line_1_116' title="bbox 2769 3306 2797 3423; baseline 0 -65"><span class='ocrx_word' id='word_1_971' title='bbox 2769 3306 2797 3423; x_wconf 95' lang='lat' dir='ltr'>   </span> 
     </span>
     <span class='ocr_line' id='line_1_117' title="bbox 2602 3423 2789 3533; baseline 0 -47"><span class='ocrx_word' id='word_1_972' title='bbox 2602 3423 2789 3533; x_wconf 95' lang='lat' dir='ltr'>  </span> 
     </span>
    </p>
   </div>
  </div>
 </body>
</html>
