2782 4348
109 201 178 261 (ἤια,
193 201 264 261 aa.)

0 305 92 345 ’lwt-
104 303 250 359 λήλαις
266 303 535 352 συνάπτοντες
553 292 639 345 εἶτα
652 302 834 361 χρῶνται
850 297 1116 356 σκηνώμασι.
1183 301 1224 344 Τ
1225 297 1274 354 ἢν
1292 299 1333 343 δὲ

103 373 300 429 τοιαύτην
321 372 460 418 ἐλαίαν
483 367 800 431 καρπὸν·φέρειν
823 365 924 429 φησὶ
955 368 1223 429 κασταναϊκῷ
1257 385 1332 412 κα·

106 442 189 506 ρύῳ
210 441 493 504 προσεμφερῆ.

166 526 224 557 ⁴4.
259 508 320 556 Τὸ
337 507 379 552 δὲ
391 505 584 568 τέταρτον
600 507 681 550 τῶν
701 502 979 567 Ἰχθυοφάγων
994 502 1105 564 γένος
1123 503 1197 560 τὴν
1218 503 1335 560 οἴκη-

63 596 84 625 5
107 598 169 626 σιν
196 578 292 639 ἔχει
324 574 534 631 τοιαύτην.
603 573 737 621 Μνίου
783 572 929 635 φόρτος
963 571 1137 625 ἄπλετος
1182 575 1228 618 ἐκ
1262 591 1333 618 του

102 645 253 696 παντὸς
287 646 453 703 αἰῶνος,
488 642 573 704 ὄρει
606 641 920 705 παραπλήσιος,
954 640 1230 709 σεσώρευται,
1265 642 1334 687 καὶ

102 721 184 765 πᾶς
205 705 320 764 οἶτος
337 712 417 757 ὑπὸ
438 716 509 757 τοῦ
533 711 864 774 προσὸάλλοντος
898 709 963 755 ἀεὶ
993 709 1176 770 κύματος
1201 712 1334 766 σκλη-

104 785 182 844 ρῶς
199 781 475 841 πεπιλημένος
488 815 500 837 ,
515 799 623 826 ωστε
642 779 898 841 ὃμογενοῦς”
874 798 996 839 ογκου
1017 798 1087 825 και
1100 779 1199 840 μίαν
1215 779 1334 843 φύσιν

103 850 264 913 ἔχοντος
286 849 353 895 διὰ
371 849 445 905 τὴν
471 848 578 909 μίξιν
600 849 670 895 καὶ
691 847 935 908 συμπλοκὴν
959 867 1029 903 της
1046 848 1187 908 ἄμμου
1209 848 1336 908 μηδὲν

41 935 80 965 10
105 920 424 981 παραλλάσσειν.
493 922 601 969 Εἶτα
638 917 865 977 ὑπονόμους
895 921 1031 970 αὑτοῖς
1068 918 1338 980 ἀνδρομήκεις

100 989 338 1050 ὀρύττουσι,
362 988 431 1034 τὸν
463 987 536 1047 μὲν
560 988 669 1033 κατὰ
692 987 873 1051 κορυφὴν
903 986 1023 1048 ὄγκον
1051 988 1195 1038 ἐῶντες
1221 988 1337 1047 ὠχυ-

103 1062 263 1119 ρῶσθαι,
276 1058 347 1104 καὶ
371 1059 527 1119 στέγειν
552 1058 619 1103 διὰ
636 1061 710 1113 τῆς
730 1056 948 1119 εἰρημένης
971 1056 1205 1112 συνδέσεως,
1230 1058 1275 1101 ἐκ
1295 1054 1336 1101 δὲ

100 1132 172 1173 τοῦ
195 1127 375 1173 κάτωθεν
395 1127 566 1189 ἐδάφους
582 1125 847 1188 παραμήκεις
865 1127 1050 1177 αὐλῶνας
1069 1143 1336 1171 κατασκευα-

102 1196 286 1256 ζόμενοι,
315 1195 417 1258 πρὸς
439 1195 643 1251 ἀλλήλους
675 1195 872 1240 πάντοθεν
899 1193 1279 1256 συντετρημένους,
1296 1195 1337 1238 ἐν

42 1281 81 1311 15
104 1270 161 1318 οῖς
193 1265 293 1317 τέως
334 1264 407 1325 μέν
440 1283 548 1317 τινος
582 1265 635 1310 τὰ
664 1264 765 1327 πρὸς
801 1263 868 1308 τὸν
907 1264 1055 1323 ἄνεμον
1090 1263 1339 1326 φωτίσαντες

103 1335 269 1395 ἄγουσιν
288 1334 489 1396 ἡσυχίαν,
508 1333 611 1378 ἐπὰν
635 1334 676 1379 δὲ
700 1332 944 1394 πλημμυρὶς
967 1332 1141 1393 ἐπέλθῃ,
1165 1331 1216 1376 τὰ
1239 1332 1338 1394 πρὸς

101 1404 174 1460 τὴν
195 1404 324 1465 ἄγραν
347 1404 361 1464 (
379 1406 434 1455 ὡς
455 1403 525 1448 καὶ
544 1402 814 1465 προείρηται)
839 1400 1239 1465 παρασκευάζονται.

164 1490 223 1520 45.
258 1471 366 1524 Τοὺς
403 1471 540 1532 μέντοι
576 1491 623 1533 γε
663 1473 941 1533 τελευτῶντας
975 1473 1109 1516 αὐτῶν
1147 1472 1338 1532 οὐδεμιᾶς

81 1542 258 1594 ’ἀξιοῦσι
293 1541 503 1604 προνοίας,
535 1543 674 1596 ἀπαθῆ
700 1540 800 1602 πρὸς
821 1540 889 1586 τὸν
924 1542 970 1585 ἐκ
994 1539 1110 1596 δόξης
1133 1539 1243 1585 ἔλεον
1273 1559 1336 1585 κε-

10 1624 80 1655 ·20
101 1609 296 1670 κτημένοι
331 1609 403 1664 τὴν
441 1609 627 1670 γνώμην·
669 1609 731 1654 διὸ
764 1609 835 1655 καὶ
872 1610 1032 1655 κεῖσθαι
1071 1609 1336 1672 ἐρριμμένους

102 1683 244 1737 ἐῶσιν,
269 1678 343 1731 ἕως
375 1678 425 1724 ἂν
450 1678 639 1739 ἄμπωτις
677 1678 943 1739 ἐπιγενομένη
977 1678 1131 1741 τροφὴν
1165 1680 1219 1731 εἷς
1260 1679 1334 1734 τὴν

103 1751 314 1796 θάλασσαν
337 1747 490 1809 κομίσῃ
518 1746 682 1800 τούτους
701 1755 784 1800 τοῖς
807 1748 986 1809 ἰχθύσιν.

256 1815 356 1864 υΟτι
392 1817 515 1879 φησὶν
541 1817 658 1870 ἐνίοις
690 1820 771 1862 τῶν
807 1816 889 1862 ἀπὸ
921 1820 993 1871 τῆς
1026 1815 1230 1872 θαλάττης
1270 1835 1332 1861 σι·

102 1887 307 1948 τουμένων
328 1885 433 1946 μετὰ
457 1889 537 1932 τῶν
561 1885 698 1931 ἄλλων
716 1886 793 1931 καὶ
822 1904 941 1932 τουτο
966 1886 1074 1948 ἔχειν
1095 1886 1333 1948 παραδοξό-

0 2020 192 2073 Ὰοᾱ.τοὺς
214 2020 360 2072 τόπους
382 2024 524 2077 καῦμα
541 2022 592 2080 τῇ
617 2019 780 2079 συνεχεῖ
801 2023 870 2063 τοῦ
888 2017 1070 2078 κύματος
1088 2016 1339 2079 προσκλύσει

105 2090 393 2153 διορθούμενοι,
421 2093 510 2140 ταῖς
534 2088 576 2134 δὲ
599 2095 839 2151 περιπνοαῖς
857 2091 938 2133 τῶν
959 2088 1158 2150 εὐκαίρων
1178 2087 1338 2146 ἀνέμων

103 2163 158 2213 εἰς
183 2159 393 2223 ῥᾳστώνην
419 2160 584 2217 ἄγοντες
607 2157 659 2203 τὰ
678 2157 873 2216 σώματα.

165 2246 220 2275 44.
242 2228 413 2284 Ῥητέον
454 2229 488 2272 δ’
511 2228 612 2285 ἡμῖν
647 2226 718 2272 καὶ
738 2226 924 2286 περὶτοῦ
963 2225 1159 2286 τετάρτου
1195 2224 1340 2287 μέρους

103 2301 176 2354 τ’ῆς
202 2296 458 2354 σκηνώσεως.
524 2295 605 2341 Ἐκ
637 2293 716 2356 γὰρ
749 2298 820 2338 τοῦ
850 2294 1001 2345 παντὸς
1027 2296 1171 2345 αἰῶνος
1205 2292 1339 2344 σεσώ-

39 2384 86 2414 30
109 2385 248 2429 ρευται
275 2370 346 2411 τοῦ
376 2365 492 2425 μνίου
517 2363 660 2427 φόρτος
692 2363 895 2420 ἄπλατος,
931 2363 1014 2426 ὄρει
1049 2361 1339 2424 παρεμφερής·

109 2440 222 2487 ουτος
245 2438 324 2480 υπο
346 2453 418 2488 της
445 2439 638 2494 συνεχοῦς
660 2450 738 2476 του
752 2433 936 2491 κύματος
964 2434 1127 2492 πληγης
1157 2432 1340 2487 πεπιλη-

109 2504 227 2564 μένος
244 2503 318 2559 τὴν
343 2502 461 2566 φύσιν
487 2521 504 2546 ε
508 2520 597 2573 χει
605 2499 839 2562 στερέμνιον
861 2500 932 2545 καὶ
966 2499 1339 2560 συμπεπλεγμενην

109 2573 250 2635 ἄμμῳ·
282 2573 322 2616 ἐν
361 2570 514 2622 τούτοις
551 2574 619 2614 οὖν
656 2576 742 2620 τοῖς
786 2569 1074 2628 ἀναστήμασιν
1114 2568 1340 2628 ὑπονόμους

108 2641 377 2704 ἀνδρομήκεις
406 2639 659 2700 ὀρύττοντες,
678 2638 745 2683 τὸν
779 2637 852 2698 μὲν
883 2637 991 2683 κατὰ
1015 2657 1192 2701 κορυφην
1216 2637 1339 2683 τόπον

41 2723 86 2752 35
107 2713 204 2756 ἐῶσι
228 2711 394 2768 στέγην,
416 2709 597 2754 κάτωθεν
618 2708 651 2753 δ’
668 2709 856 2760 αὐλῶνας
873 2707 1134 2770 παραμήκεις
1152 2707 1224 2753 καὶ
1242 2706 1342 2769 πρὸς

109 2780 310 2835 ἀλλήλους
350 2777 695 2841 συντετρημένους
725 2778 1116 2831 κατασκευάζουσιν.
1186 2776 1260 2823 Ἐν
1299 2776 1341 2821 δὲ

108 2848 262 2901 τούτοις
285 2850 562 2910 ἀναψύχοντες
582 2845 750 2899 ἑαυτοὺς
769 2844 949 2899 ἀλύπους
971 2846 1339 2901 κατασκευάζουσι,

108 2918 180 2964 καὶ
208 2917 316 2963 κατὰ
358 2917 430 2968 τὰς
468 2915 699 2966 ἐπικλύσεις
736 2918 817 2960 τῶν
854 2914 1050 2974 κυμάτων
1086 2917 1341 2970 ἐκπηδῶντες

110 2987 205 3050 περὶ
229 2987 303 3043 τὴν
328 2986 455 3048 θήραν
479 2989 560 3030 τῶν
581 2984 734 3047 ἰχθύων
755 2987 1041 3046 ἀσχολοῦνται·
1072 2983 1169 3029 ὅταν
1194 2983 1236 3028 δὲ
1260 2983 1339 3042 ἄμ-

51 3067 93 3099 ιιο
110 3075 235 3109 πωτις
268 3055 461 3117 γένηται,
499 3054 890 3117 κατευωχησόμενοι
925 3052 976 3098 τὰ
1000 3051 1206 3115 ληφθέντα
1233 3070 1341 3112 συμ-

111 3126 301 3240 φεύ4γουσι
319 3125 443 3170 πάλιν
472 3126 528 3176 εἷς
552 3124 644 3177 τους
666 3122 984 3187 προειρημένους
1009 3124 1207 3174 αὐλῶνας.

219 3193 374 3245 ,Τους
398 3193 440 3239 δὲ
469 3192 795 3248 τελευτήσαντας
817 3191 1017 3236 θάπτουσι
1039 3191 1146 3236 κατὰ
1172 3189 1245 3250 μὲν
1275 3188 1351 3241 τὸν,

115 3266 187 3318 τ’ῆς
211 3263 438 3322 ἀμπώτεως
460 3281 601 3325 καιρον
637 3264 779 3314 ἐῶντες
809 3260 1098 3324 ἐρριμμένους,
1135 3279 1230 3304 οταν
1255 3261 1290 3304 δ’
1316 3263 1343 3314 ἡ

115 3332 354 3395 πλημμυρὶς
390 3331 564 3392 ἐπέλθῃ,
608 3331 816 3394 ῥίπτουσιν
851 3333 906 3383 εἷς
935 3329 1008 3384 τὴν
1047 3330 1255 3374 θάλατταν
1293 3328 1344 3373 τὰ

52 3406 96 3436 45
117 3400 307 3459 σώματα.
379 3401 450 3447 Διὸ
468 3401 540 3446 καὶ
557 3400 630 3456 τὴν
651 3401 756 3446 ἰδίαν
774 3419 907 3463 ταφην
927 3398 1079 3462 τροφὴν
1097 3402 1175 3443 τῶν
1195 3419 1206 3443 ι
1192 3397 1343 3460 χθυων

117 3471 348 3528 ποιούμενοι
385 3469 658 3529 κυκλούμενον
695 3470 934 3531 ἰδιοτρόπως
973 3468 1041 3513 τὸν
1083 3470 1168 3529 βίον
1204 3467 1343 3536 ἔχουσι

118 3539 214 3599 παρ’
239 3536 329 3582 ὅλον
354 3556 419 3582 τον
444 3541 584 3582 αἰῶνα.

182 3622 238 3652 46.
275 3605 352 3651 ἻΞν
372 3606 412 3650 δὲ
432 3606 542 3665 γένος
558 3610 636 3651 τῶν
656 3606 938 3668 Ἰχθυοφάγων
958 3606 1148 3659 τοιαύτας
1168 3607 1256 3670 ἔχει
1274 3606 1363 3658 τὰς·

1036 191 1117 243 vDE
1152 199 1308 245 MARI
1343 201 1707 248 ERYTHRAEO.

2544 226 2623 263 137

1402 307 1578 362 degunt3
1617 309 1685 350 alii
1716 310 1888 350 vertices
1910 310 2110 351 olivarum
2129 312 2237 353 inter
2258 329 2299 355 se
2328 331 2532 361 connexos
2554 338 2630 377 pro

1401 377 1621 418 domiciliis
1651 387 1868 433 usurpant.
1927 377 1978 419 Id
1999 387 2138 420 autem
2167 395 2294 434 genus
2316 384 2430 426 olivae
2453 387 2630 433 fructum

1401 443 1488 502 edit
1506 445 1603 485 nuci
1624 453 1821 486 castaneae
1840 445 2106 500 persimilem.
2148 461 2152 465 ·

1458 516 1526 562 44.
1561 517 1719 566 Quarta
1751 529 1849 568 gens
1884 515 2244 571 Ichthyophagum
2272 519 2392 559 talem
2422 521 2631 566 habitandi

1402 582 1744 623 consuetudinem
1775 583 1914 624 habet.
1973 586 2205 625 Immensus
2227 589 2355 627 musci
2392 591 2537 631 marini
2563 608 2632 633 cu-

1402 650 1538 690 mulus
1560 665 1611 690 ex
1633 651 1748 691 omni
1775 666 1861 692 aevo
1890 660 2107 706 congestus
2131 661 2207 704 est,
2234 654 2361 696 instar
2384 658 2551 709 montis,
2580 661 2632 700 is-

1402 732 1483 773 que
1505 725 1615 758 totus
1633 732 1657 758 a
1674 718 1804 758 fluctu
1818 727 2019 774 perpetuo
2041 719 2216 762 alluente
2235 723 2522 776 condensatur,
2543 735 2589 767 ut
2611 743 2635 768 a

1402 788 1511 828 mole
1538 787 1673 842 aliqua
1700 788 1860 842 generis
1889 796 1930 828 et
1957 797 2114 830 naturae
2142 792 2279 843 unius,
2306 803 2475 849 propter
2501 811 2634 838 arenae

1403 855 1703 897 admixtionem
1724 863 1766 896 et
1789 856 2098 897 concretionem
2113 888 2125 908 ‚
2157 859 2260 900 nihil
2288 860 2465 905 differat.
2525 866 2634 907 Hinc

1402 924 1602 966 cuniculis
1612 924 1664 965 ad
1676 923 1936 966 altitudinem
1951 925 2030 965 viri
2042 926 2140 966 actis
2154 957 2165 977 ,
2180 941 2270 981 quae
2284 930 2328 969 in
2345 930 2503 986 fastigio
2521 943 2630 985 sunt,

1384 992 1667 1034 -indurescere
1699 1001 1741 1034 et
1772 993 1869 1033 tecti
1898 1006 2021 1033 usum
2056 994 2239 1048 praebere
2271 997 2426 1049 sinunt,
2465 1010 2635 1056 propter

1404 1075 1529 1115 quam
1553 1059 1640 1101 dixi
1661 1061 1989 1110 connexionem
2010 1060 2083 1101 sed
2102 1062 2144 1102 in
2160 1072 2275 1117 parte
2293 1065 2475 1107 inferiori
2491 1068 2634 1109 oblon-

1403 1145 1474 1183 gos
1503 1129 1663 1171 ducunt
1707 1138 1865 1171 meatus
1900 1129 2087 1185 undique
2119 1131 2227 1172 inter
2271 1148 2355 1175 sese
2390 1136 2630 1189 perforatos.

1402 1200 1451 1239 In
1474 1198 1554 1249 his,
1575 1199 1831 1253 aliquatenus
1864 1197 1916 1238 ad
1945 1199 2166 1253 penetralia
2195 1210 2317 1241 vento
2343 1204 2525 1257 exposita
2546 1205 2634 1246 luce

1404 1265 1602 1317 admissa,
1620 1267 1802 1320 quietem
1821 1265 2014 1320 capiunt;
2036 1265 2202 1320 quando
2218 1276 2355 1308 autem
2370 1271 2493 1310 maris
2515 1272 2635 1312 inun-

1403 1333 1516 1374 datio
1539 1334 1688 1384 oritur,
1722 1333 1934 1374 venationi
1962 1333 2154 1388 piscium,
2186 1348 2270 1389 quo
2292 1334 2470 1377 diximus
2492 1338 2633 1389 modo,

1403 1403 1666 1445 incumbunt.

1461 1474 1530 1523 45.
1561 1474 1786 1514 Morientcs
1814 1473 1927 1514 nulla
1956 1488 2055 1514 cura
2090 1473 2327 1527 dignantur,
2362 1489 2491 1529 quum
2523 1490 2637 1517 mens

1406 1543 1571 1583 illorum
1591 1542 1875 1583 misericordia
1898 1543 2055 1597 (quam
2079 1543 2221 1597 opinio
2241 1543 2400 1600 gignit)
2432 1559 2516 1584 non
2550 1545 2637 1585 affi-

1407 1611 1554 1652 ciatur.
1613 1610 1715 1651 Ideo
1743 1608 1948 1665 projectos
1970 1610 2107 1665 jacere
2128 1611 2283 1661 sinunt,
2305 1611 2438 1652 donee
2459 1613 2636 1667 recipro-

1407 1680 1513 1720 catio
1531 1687 1650 1720 aestus
1669 1679 1815 1720 oborta
1830 1680 1875 1719 in
1898 1693 2012 1720 mare
2039 1678 2152 1730 illos,
2166 1693 2310 1722 ,escam
2332 1679 2526 1738 piscibus,
2549 1680 2638 1722 abs·

1407 1749 1560 1790 tulerit.

1464 1821 1533 1866 46.
1564 1818 1762 1858 Nonnulli
1781 1818 1853 1872 qui
1875 1831 1927 1857 ex
1949 1817 2053 1857 mari
2079 1817 2279 1866 victitant,
2301 1830 2395 1856 cum
2414 1816 2501 1857 aliis
2515 1817 2637 1857 etiam

1399 1887 1480 1927 hoc
1501 1887 1744 1928 insolentius
1762 1888 1931 1939 habent,
1952 1897 1992 1929 et
2010 1887 2124 1944 quod
2148 1889 2191 1928 in
2221 1889 2390 1929 rationis
2409 1887 2532 1929 fidem
2551 1903 2635 1929 non

1409 2025 1490 2065 lem
1514 2024 1592 2065 loci
1612 2034 1755 2065 aestum
1778 2027 1975 2067 continua
2002 2027 2151 2067 fluctus
2177 2028 2325 2068 marini
2342 2027 2542 2068 affusione
2560 2028 2640 2077 mi7

1411 2093 1555 2146 figant,
1577 2094 1904 2148 opportunisque
1926 2102 2146 2134 ventorum
2168 2096 2278 2135 auris
2297 2109 2471 2150 corpora
2488 2109 2558 2135 sua
2577 2109 2638 2134 re·

1409 2171 1565 2203 creant.

1466 2232 1535 2278 44.
1567 2232 1630 2270 De
1651 2238 1798 2284 quarto
1816 2231 1940 2271 etiam
1962 2231 2322 2273 tabernaculorum
2353 2231 2480 2272 modo
2501 2239 2559 2272 est
2577 2230 2637 2272 dj-

1409 2302 1604 2344 cendum.
1662 2305 1726 2343 Ex
1748 2304 1862 2343 omni
1878 2318 1964 2343 aevo
1983 2304 2125 2357 ingens
2143 2305 2224 2345 illic
2247 2306 2378 2345 musci
2396 2305 2545 2345 marini
2560 2305 2634 2354 vis,

1409 2376 1538 2415 instar
1569 2377 1745 2424 montis,
1771 2376 2025 2416 accumulata
2055 2385 2130 2417 est.
2189 2378 2312 2417 Hunc
2339 2385 2535 2431 perpetua
2560 2377 2636 2416 ssu-

1409 2455 1552 2487 ctuum
1570 2447 1763 2502 impulsio
1783 2447 1840 2487 ita
1858 2447 2138 2502 conspissavit,
2163 2456 2210 2487 ut
2231 2456 2420 2488 naturam
2439 2447 2636 2501 rigidissi-

1410 2535 1520 2561 mam
1542 2529 1583 2561 ct
1604 2535 1700 2561 cum
1722 2535 1845 2561 arena
1870 2535 2099 2561 connexam
2117 2520 2314 2562 induerit.
2372 2524 2422 2561 In
2450 2522 2514 2562 his
2540 2537 2636 2576 ergo

1409 2594 1578 2635 tumulis
1596 2593 1649 2634 ad
1667 2594 1744 2634 viri
1759 2593 2017 2634 altitudinem
2032 2593 2242 2634 cuniculos
2260 2602 2437 2648 agentes,
2458 2609 2549 2649 quae
2569 2610 2635 2636 su·

1409 2681 1485 2721 pra
1509 2667 1702 2706 verticem
1730 2674 1850 2716 sunt,
1870 2680 1947 2720 pro
1965 2673 2074 2706 tecto
2095 2665 2335 2720 relinquunt
2349 2696 2360 2716 ‚
2382 2665 2453 2706 sed
2482 2665 2639 2707 inferne

1411 2752 1554 2793 specus
1570 2737 1767 2791 oblongos
1786 2745 1826 2777 et
1840 2736 2067 2791 perforatos
2086 2737 2264 2777 invicem
2283 2735 2502 2777 effodiunt.
2561 2739 2639 2778 Hic

1412 2830 1498 2856 sese
1516 2815 1567 2855 ab
1586 2822 1687 2855 aestu
1700 2822 1928 2854 recreantes
1943 2813 2096 2868 absque
2111 2813 2296 2853 molestia
2314 2821 2637 2864 commorantur,

1410 2899 1452 2931 et
1473 2891 1549 2931 sub
1572 2891 1696 2930 maris
1717 2889 1918 2930 asssuxum
1949 2888 2204 2944 prosilientes
2230 2889 2436 2929 venationi
2466 2889 2639 2943 piscium

1412 2966 1687 3016 incumbunt;
1716 2966 1998 3020 reciprocante
2019 2973 2158 3005 autem
2189 2964 2345 3014 fluctu,
2370 2972 2416 3004 ut
2438 2963 2489 3004 de
2522 2973 2638 3019 capta

1410 3043 1550 3098 praeda
1575 3043 1752 3083 suaviter
1785 3042 2070 3092 conviventur,
2101 3042 2145 3082 in
2171 3040 2381 3096 speluncas
2411 3040 2495 3080 illas
2530 3040 2638 3080 resu-

1413 3120 1546 3174 giunt-

1469 3196 1539 3245 45.
1578 3195 1804 3236 Defunctos
1837 3195 1892 3234 ita
1913 3194 2138 3248 sepeliunt,
2163 3201 2210 3234 ut
2241 3194 2421 3234 refluxus
2455 3200 2639 3245 tempore

1414 3264 1611 3306 cadavera
1633 3264 1845 3303 inhumata
1868 3261 2085 3317 projiciant
2099 3292 2110 3311 ‚
2135 3260 2332 3301 redeunte
2357 3268 2492 3300 autem
2516 3259 2638 3298 maris

1415 3341 1516 3374 aestu
1548 3331 1740 3373 fluctibus
1761 3328 1983 3370 auferenda
2014 3327 2191 3369 tradant.
2250 3331 2393 3382 Itaque
2414 3340 2542 3381 quum
2564 3326 2639 3380 ipsi

1415 3416 1488 3441 sua
1504 3400 1683 3456 piscibus
1702 3398 1910 3453 sepultura
1930 3410 2062 3436 escam
2082 3395 2282 3446 offerant,
2308 3396 2388 3435 vita
2406 3406 2551 3435 eorum'
2571 3408 2640 3448 pe·

1415 3470 1555 3510 culiari
1577 3468 1701 3508 modo
1718 3481 1792 3522 per
1813 3480 1936 3506 omne
1950 3464 2139 3506 aevum'in
2160 3464 2303 3505 orbem
2329 3464 2444 3518 quasi
2467 3463 2641 3502 circum-

1415 3538 1563 3591 agitur.

1472 3609 1540 3654 46.
1570 3603 1582 3659 (
1602 3607 1698 3659 Cap.
1725 3604 1821 3656 19).
1846 3603 2036 3642 Ceterum
2054 3614 2136 3640 una
2157 3597 2511 3655 Ichthyophagum
2532 3597 2642 3636 natio

120 3781 345 3835 νῆσοςέλαί
331 3797 353 3820 α
365 3782 572 3835 κατάφυτος
585 3781 886 3839 ἐπικλυζομένη(
902 3783 1218 3842 1.ἐπικλυζομε’νῃ
1235 3785 1268 3843 ).
1283 3785 1346 3827 Cs.

118 3846 244 3885 etiam
263 3843 570 3884 Androsthenes
591 3858 657 3897 ap.
677 3844 874 3898 Theophr
876 3853 950 3885 ast.
976 3847 1039 3885 De
1053 3846 1180 3900 plant.
1198 3850 1256 3897 Π,
1279 3848 1319 3888 5.

176 3909 279 3958 544,
301 3905 327 3945 l.
351 3905 389 3944 5.
411 3904 575 3959 μνίου]
598 3905 663 3944 Sic
678 3904 885 3945 Diodorus
899 3922 910 3956 ;
926 3905 1055 3961 ἄμμου
1067 3908 1227 3949 codices
1242 3909 1350 3950 Pho-

125 3968 170 4007 tii
189 3975 229 4008 et
248 3966 382 4017 editt.;
403 3966 538 4022 φύκους
566 3965 879 4021 ἀποὸεὸλημένου
895 3968 1042 4009 πολλοῦ
1061 3970 1348 4011 Artemidorus

122 4045 191 4086 ap.
217 4029 349 4070 Strab.
368 4043 410 4083 p.
431 4029 526 4083 773.
548 4030 638 4081 1¹,—
662 4043 702 4083 7.
727 4030 811 4077 πᾶς
844 4026 1010 4086 οὗτος]
1034 4033 1104 4079 παῖς
1120 4047 1195 4086 vgo
1214 4031 1342 4074 deest.

1437 3786 1527 3835 11-
1555 3782 1747 3836 κύματος]
1782 3779 1974 3835 καύματος
2009 3776 2132 3818 codd.
2171 3775 2359 3817 Diodori.
2381 3777 2470 3827 Η-
2499 3775 2536 3813 8.
2576 3786 2640 3811 5:3-

1420 3844 1698 3899 mimus'wgc
1721 3845 1812 3895 11-
1836 3855 1900 3882 12.
1927 3840 2145 3896 στέγειν]
2177 3839 2314 3893 στέγην
2336 3838 2382 3876 C.
2408 3835 2581 3876 Possito-

1419 3922 1500 3962 γειν
1521 3907 1642 3946 etIam
1675 3919 1742 3960 ap.
1774 3903 2007 3944 Diodorum
2041 3917 2117 3957 pro
2145 3901 2221 3941 στέ
2218 3915 2282 3953 (ην
2313 3897 2427 3953 poni,
2451 3862 2642 3934 monente

1419 3968 1711 4020 Wesselingio.
1733 3968 1903 4019 11—15.
1916 3981 1956 4006 τ
1949 3965 2063 4018 ινος]
2083 3964 2238 4010 τινεςΒ.
2260 3963 2431 4013 11-17.
2458 3956 2503 3996 ἅ
2502 3956 2640 4011 [ραν]

1418 4029 1561 4087 ἀγοραν
1583 4031 1652 4071 ΑΒ
1672 4037 1712 4069 et
1730 4042 1824 4082 mgo
1853 4029 1900 4068 C.

2144 4078 2158 4093 Ο
