2808 4342
1076 154 1363 200 HISTORIA
1395 155 1625 202 INDICA.

79 267 175 331 πέρι
197 263 344 316 πολλὸς
362 261 479 322 λόγος
501 257 692 319 κατέχει,
714 258 768 307 ὡς
787 254 857 300 και
873 254 1016 301 τούτου
1034 253 1309 318 στρατεύσαν-

81 355 148 390 τος
165 337 204 388 ἐς
216 330 380 387 Ἰνδους,
401 328 471 374 καὶ
490 324 883 387 καταστρεψαμένου
901 323 1063 375 Ἰνδούς·
1077 322 1135 370 Η
1141 322 1309 385 ρακλεος

81 404 124 450 δὲ
146 402 239 465 πέρι
258 402 303 445 οὗ
322 395 487 447 πολλός.
555 393 605 454 (9)
631 391 826 440 Διονύσου
849 391 921 453 μέν
937 410 982 453 γε
1002 391 1072 438 καὶ
1092 394 1213 439 Νῦσα
1233 391 1309 436 πό-

79 474 142 524 λις
162 487 302 532 μνημα
321 469 364 512 οὓ
386 468 537 528 φαῦλον
555 483 628 519 της
647 460 949 524 στρατηλασίης
969 460 1039 505 καὶ
1055 462 1076 504 ὁ
1099 459 1242 520 Μηρὸς
1263 460 1309 505 τὸ

9 559 39 588 ες
80 539 106 586 ὅ
105 557 195 602 ρος,
215 538 286 582 καὶ
306 538 326 580 ὃ
349 532 487 585 κισσὸς
519 531 626 577 ὄπ’
608 550 648 576 εν
682 533 740 592 τῷ
769 530 854 593 ὄρει
887 529 1017 591 τούτῳ
1051 527 1208 590 φύεται·
1240 528 1310 573 καὶ

81 605 196 653 αὐτοὶ
226 607 263 650 οἱ
283 602 444 650 Ἰνδοιε
430 600 507 647 υπὸ
526 599 749 660 τυμπάνων
770 617 816 643 τε
836 597 906 643 καὶ
937 596 1164 655 κυμὸάλων
1189 599 1309 641 στελ-

81 675 286 735 λόμενοι’
269 692 307 724 ες
331 671 403 724 τὰς
426 670 577 732 μάχας·
604 667 675 714 καὶ
700 666 816 722 ἐσθὴς
850 669 1010 712 αὐτοῖσι
1042 665 1312 717 κατάστικτος

81 746 220 800 ἐουσα,
235 741 498 805 κατάπερτοῦ
515 735 1072 799 Διονύσουτοῖσιβάκχοισιν·
1091 735 1160 797 (10)
1180 734 1310 797 Ἥρα·

80 814 197 866 κλέος
230 811 272 858 δὲ
302 813 346 857 οὗ
372 808 544 856 πολλὰ
530 807 823 868 υπομνήματα.
892 806 1018 852 Ἀλλὰ
1039 805 1114 861 τὴν
1147 803 1312 868 Ἄορνον

10 901 50 930 ω
82 883 161 946 γὰρ
192 881 365 943 πέτρην,
387 879 530 936 ἥντινα
562 876 823 939 Ἀλέξανδρος
861 874 930 937 βίῃ
955 874 1228 938 ἐχειρώσατο,
1253 873 1315 919 ὅτι

82 949 315 1015 Ἡρακλέης
341 951 385 995 οὗ
423 946 591 999 δυνατος
629 945 786 1008 ἐγένετο
819 945 993 1005 ἐξελεῖν,
1031 943 1314 991 Μακεδονικον

82 1019 210 1067 δοκέει
235 1038 305 1080 μοι
331 1019 378 1063 τὸ
401 1017 661 1078 κόμπασμα,
687 1014 877 1076 κατάπερ
898 1017 955 1060 ὠν
978 1014 1048 1060 καὶ
1068 1013 1134 1059 τὸν
1162 1015 1314 1075 Παρα-

82 1091 261 1151 πάμισον
280 1089 505 1136 Καύκασον
526 1087 692 1133 ἐκάλεον
716 1089 839 1132 Μακε
823 1086 973 1142 εδόνες,
997 1083 1110 1130 οὐδέν
1130 1103 1169 1130 τι
1187 1103 1313 1146 προσ-

83 1160 234 1216 ήκοντα
264 1163 403 1204 τοῦτον
441 1160 499 1220 τῷ
522 1155 748 1218 Καυκάσῳ.
818 1154 888 1217 (11)
913 1153 1000 1201 Καί
1023 1173 1061 1199 τι
1081 1153 1150 1199 καὶ
1172 1153 1315 1212 ἄντρον

20 1243 60 1272 15
85 1227 397 1301 ἐπιφρασθέντες
431 1227 469 1270 ἐν
513 1223 928 1287 Παραπαμισάδῃσι,
966 1240 1084 1268 τουτο
1099 1222 1314 1309 Ηέφρασαν

85 1301 213 1344 ἐκεῖνο
238 1303 342 1342 εἶναι
365 1316 435 1342 του
464 1294 705 1357 Προμηθέος
734 1311 802 1338 του
825 1296 863 1340 Γ
869 1309 1000 1348 ιτηνος
1020 1291 1066 1337 τὸ
1091 1291 1255 1353 ἄντρον,
1278 1310 1317 1337 εν

85 1365 165 1428 ὅτῳ
192 1365 395 1428 ἐκρέματο
427 1363 494 1408 ἐπὶ
517 1367 568 1424 τῇ
593 1364 726 1424 κλοπῇ
756 1379 825 1407 του
847 1361 991 1424 πυρός.
1062 1361 1134 1422 (¹2)
1157 1359 1242 1406 Καὶ
1269 1359 1316 1415 δὴ

84 1435 155 1481 καὶ
176 1453 217 1478 εν
247 1433 462 1491 Σίόαισιν,
495 1432 659 1492 Ἰνδικῳ
680 1430 811 1514 γένεϊ,
846 1429 907 1475 ὅτι
933 1428 1092 1492 δορὰς’
1070 1429 1318 1491 αμπεχομέ-

84 1520 175 1554 νους
204 1494 307 1546 εἰδον
337 1499 428 1551 τους
451 1499 648 1555 Σίὸας,’
627 1498 708 1544 απὸ
731 1518 803 1554 της
833 1497 1059 1570 Ἡρακλέος
1082 1501 1319 1560 στρατηλα-

21 1592 63 1621 εο
85 1570 217 1626 σίης”
197 1588 373 1633 εφασκον
397 1568 489 1621 τους
512 1566 826 1629 ὑπολειφθέντας
852 1571 955 1610 εἰναι
977 1586 1068 1618 τους
1085 1567 1228 1619 Σίδας·
1248 1567 1318 1614 καὶ

23 1694 27 1698 λ
84 1640 163 1702 γὰρ
178 1640 249 1685 καὶ
269 1638 476 1694 σκυτάλην
501 1635 690 1700 φορέουσί
709 1653 752 1680 τε
773 1638 809 1680 οἳ
833 1634 983 1691 Σίὸαι,
1003 1634 1073 1680 καὶ
1096 1636 1201 1681 τοῖσι
1224 1639 1317 1697 βου-

86 1728 148 1755 σιν
170 1712 302 1754 αυτ-ῶν
325 1708 545 1771 ῥόπαλον’
528 1706 810 1752 επικέκαυται·
841 1724 911 1750 και
934 1723 1053 1750 τουτο
1083 1707 1121 1757 ἒς
1153 1707 1319 1768 μνήμην

87 1778 279 1841 ἀνέφερον
303 1795 372 1822 του
412 1776 592 1839 ῥοπάλου
616 1794 685 1820 του
710 1773 952 1836 Ἡρακλέος.
1021 1776 1094 1837 (13)
1119 1777 1171 1822 Εἰ
1202 1776 1244 1821 δέ
1263 1795 1321 1839 τῳ

85 1846 211 1891 πιστὰ
224 1865 380 1905 ταυτα,
403 1843 563 1896 ἄλλος
543 1863 591 1889 αν
613 1848 724 1896 οὗτος
743 1841 976 1905 Ἡρακλέης
995 1842 1079 1900 ειη,
1099 1862 1144 1889 ου
1147 1863 1176 1906 Α
1191 1847 1212 1889 ὃ
1229 1846 1319 1901 Θη

20 1935 62 1964 25
87 1914 259 1972 δαῖος,
238 1935 264 1971 η
283 1881 464 1977 ὃΤύριος
485 1918 599 1966 ουτος
615 1949 628 1973 ,
647 1913 675 1969 ἢ
699 1917 719 1958 ὃ
733 1910 982 1973 Αἰγύπτιος,
1004 1913 1032 1969 ἤ
1049 1933 1107 1965 τις
1125 1913 1195 1958 καὶ
1214 1914 1321 1958 κατὰ

86 1985 159 2040 τὴν
186 1984 269 2030 ἄνω
293 1984 434 2047 χώρην
470 1986 515 2029 οὗ
550 1982 689 2046 πόρρω
719 1986 791 2038 τῆς
825 1982 964 2029 Ἰνδῶν
998 1986 1071 2044 γῆς
1099 1983 1322 2045 ᾠκισμένος

88 2054 214 2115 μέγας
244 2051 451 2116 βασιλεύς.

150 2126 231 2171 VI.
261 2126 299 2170 Τ
305 2127 408 2167 αὔτα
444 2122 517 2181 μέν
543 2140 611 2182 μοι
641 2120 792 2176 ἐκὸολὴ
818 2120 923 2166 ἔστω
947 2124 1014 2165 τοῦ
1042 2119 1163 2180 λόγου
1197 2123 1253 2171 εἷς
1276 2121 1322 2166 τὸ

90 2193 147 2253 μὴ
171 2211 299 2238 πιστα
324 2191 577 2253 <petivissem
555 2209 632 2235 οσα
657 2189 759 2251 ὑπὲρ
782 2192 860 2234 τῶν
882 2189 1069 2233 ἐπέκεινα
1093 2193 1163 2234 τοῦ
1184 2187 1318 2251 “Υφά-

26 2279 68 2309 30
92 2280 174 2314 σιος
197 2279 383 2320 ποταμου
408 2259 548 2306 Ινδῶν
577 2257 827 2318 μετεξέτεροι
848 2257 1097 2319 ἀνέγραψαν·
1121 2256 1214 2301 ἔστε
1239 2255 1318 2319 γὰρ

91 2330 159 2375 ἐπὶ
177 2330 244 2374 τὸν
265 2329 448 2390 ε’Υφασιν
478 2330 514 2372 οἱ
543 2346 616 2381 της
636 2325 897 2387 Ἀλεξάνδρου
921 2324 1223 2386 στρατηλασίης
1247 2343 1323 2383 μευ

90 2398 309 2460 τασχόντες
326 2416 369 2442 ου
393 2396 528 2452 πάντη
552 2394 718 2439 ἄπιστοί
741 2396 859 2441 εἰσιν.
932 2395 982 2454 (2)
1006 2392 1128 2439 Ἐπεὶ
1146 2393 1214 2438 καὶ
1232 2394 1320 2438 τόδε

90 2468 200 2529 λέγει
233 2465 500 2527 Μεγασθένης
531 2463 632 2526 υπὲρ
657 2467 846 2522 ποταμοῦ
871 2463 1062 2516 Ἰνδικου,
1089 2462 1218 2517 Σίλην
1248 2461 1322 2522 μὲν

92 2531 194 2582 εἶναί
214 2539 249 2582 οἱ
267 2535 442 2595 οὔνομα,
464 2534 567 2619 ρέειν
583 2533 625 2579 δὲ
651 2532 731 2577 ἀπὸ
751 2532 900 2594 κρήνης
924 2530 1139 2589 ἐπωνύμου
1162 2533 1219 2592 τῷ
1238 2550 1323 2576 πο-

29 2622 68 2650 85
92 2608 211 2668 ταμῶ
235 2605 301 2649 διὰ
320 2608 392 2659 τῆς
419 2603 558 2665 χώρης
582 2621 653 2657 της
677 2601 856 2657 Σιλέων,
883 2601 953 2645 καὶ
976 2600 1129 2646 τούτων
1163 2599 1322 2645 ἐπωνύ-

93 2694 179 2735 μων
215 2678 286 2718 ‘tob'
316 2677 505 2732 ποταμοῦ
539 2690 583 2716 τε
607 2670 676 2715 καὶ
699 2674 771 2725 τ’ἧς
803 2669 968 2731 κρήνης·
999 2670 1046 2730 (3)
1074 2668 1183 2713 τὸδὲ
1214 2668 1321 2731 υδωρ

1363 394 1557 444 ‘Hercule
1574 403 1778 444 infirmior
1799 404 1907 445 fama
1922 412 1998 446 est.

2512 178 2596 218 315

1380 265 1452 318 qui
1475 273 1568 306 ante
1588 264 1870 307 Alexandrum
1891 266 1998 307 sama
2023 276 2134 310 tenet
2155 271 2353 314 Liberum
2375 284 2515 317 contra
2535 282 2603 321 In-

1381 331 1456 373 dos
1491 334 1794 389 expeditionem
1822 337 2066 391 suscepisse,
2098 353 2249 394 eosque
2280 342 2481 397 subegisse
2509 361 2517 387 ε
2556 350 2606 391 de

2059 406 2121 460 (9)
2145 409 2200 448 At
2222 423 2317 450 vero
2340 413 2607 466 expeditionis

1380 485 1404 510 a
1424 471 1574 512 Libero
1594 471 1708 513 factae
1727 486 1812 513 non
1833 473 1920 514 leve
1939 473 2235 517 documentum
2256 487 2316 519 est
2329 480 2551 534 Nysaurbs
2570 494 2609 527 et

1379 539 1520 578 Merus
1538 553 1673 590 mons,
1687 540 1883 597 quodque
1897 540 2048 582 hedera
2062 542 2105 582 in
2119 543 2198 585 hoc
2215 555 2356 587 monte
2374 550 2553 591 nascitur
2571 561 2610 593 et

1383 605 1495 659 quod
1515 615 1709 660 praeterea
1722 607 1817 647 Indi
1838 608 1915 663 ipsi
1935 617 2126 665 tympana
2144 626 2190 653 ac
2205 614 2388 668 cymbala
2405 617 2611 671 pulsantes

1382 687 1540 728 pugnas
1569 673 1737 725 adeunt,
1774 676 1956 730 itemque
1978 686 2087 718 veste
2108 679 2298 724 distincta
2327 685 2509 736 maculis,
2546 689 2612 728 Li-

1381 741 1484 782 bero
1502 742 1608 796 patri
1625 741 1916 784 bacchantium
1934 759 2049 786 more
2062 778 2074 794 ,
2101 756 2289 791 utuntur.
2351 754 2440 806 (10)
2459 754 2613 795 Hercu·

1383 809 1432 850 lis
1454 818 1592 850 autem
1612 825 1699 851 non
1720 811 1848 852 multa
1869 813 2123 855 monimenta
2143 825 2295 859 extant.
2354 821 2479 872 Quod
2502 824 2611 863 enim

1385 885 1577 923 Aornum
1598 891 1758 938 petram
1771 915 1783 934 ,
1809 896 1933 938 quam
1956 885 2187 927 Alexander
2208 890 2247 929 vi
2267 891 2397 945 cepit,
2419 895 2613 936 Hercules

1384 970 1618 1011 expugnare
1632 971 1717 997 non
1732 957 1927 1013 potuerit,
1944 958 2217 1003 Macedonica:
2227 960 2430 1016 jactantiae
2445 965 2614 1019 figmen-

1384 1036 1474 1068 tum
1497 1028 1602 1069 mihi
1634 1027 1798 1070 videtur
1823 1043 1832 1070 :
1868 1031 2219 1085 quemadmodum
2242 1043 2281 1075 et
2307 1037 2614 1092 Parapamisum

1385 1109 1570 1141 montem
1614 1102 1837 1142 Causasum
1879 1112 2079 1144 vocarunt
2112 1104 2376 1158 Macedones,
2422 1110 2522 1151 nihil
2563 1111 2613 1152 ad

1386 1171 1616 1212 Caucasum
1657 1172 1945 1227 pertinentem.
2022 1175 2112 1229 (11)
2149 1178 2326 1218 Antrum
2358 1194 2523 1235 quoque
2548 1183 2618 1223 ali·

1387 1244 1500 1299 quod
1520 1259 1649 1299 quum
1664 1245 1776 1300 apud
1792 1247 2124 1301 Parapamisadas
2140 1263 2226 1290 esse
2239 1253 2501 1306 accepissent,
2519 1258 2618 1297 Pro-

1387 1317 1538 1358 methei
1560 1318 1718 1358 Titanis
1751 1333 1836 1358 esse
1865 1318 2084 1370 dixerunt,
2123 1321 2166 1360 in
2205 1335 2288 1376 quo
2309 1323 2375 1364 ille
2407 1324 2461 1364 ob
2483 1327 2615 1379 ignem

2375 1396 2463 1452 (12)
2495 1401 2615 1454 Apud

1387 1464 1502 1504 Sibas
1536 1479 1722 1519 quoque,
1758 1464 1946 1506 Indicam
1980 1476 2164 1520 gentem,
2208 1469 2321 1524 quod
2349 1485 2417 1512 eos
2447 1473 2619 1527 pellibus

1387 1536 1558 1577 amictos
1580 1546 1889 1591 conspexerant,
1911 1538 1962 1578 ab
1981 1539 2167 1580 Herculis
2184 1542 2444 1597 expeditione
2459 1546 2620 1588 relictos

1389 1623 1476 1648 esse
1495 1608 1609 1649 Sibas
1643 1609 1911 1650 disserebant.
1970 1610 2183 1665 Siquidem
2212 1621 2253 1654 et
2284 1614 2436 1656 clavam
2466 1627 2621 1670 gestant

1393 1681 1519 1731 Sibae,
1548 1690 1588 1721 et
1616 1681 1753 1722 bubus
1782 1682 1901 1723 clavae
1923 1692 2064 1724 notam
2086 1685 2260 1727 inurunt
2283 1699 2292 1727 ε
2315 1689 2428 1742 quod
2451 1691 2548 1731 item
2568 1692 2621 1731 ad

1393 1753 1638 1793 memoriam
1667 1754 1788 1794 clavae
1816 1755 2004 1794 Herculis
2036 1757 2282 1799 retulerunt.
2346 1759 2432 1815 (13)
2477 1763 2518 1802 Si
2554 1764 2619 1803 cui

1393 1840 1490 1865 vero
1513 1826 1599 1866 haec
1617 1826 1828 1867 credibilia
1850 1827 2057 1878 videntur,
2079 1829 2181 1869 alius
2209 1840 2319 1872 certe
2339 1832 2407 1873 hic
2428 1835 2622 1876 Hercules

1393 1898 1532 1948 fuerit,
1553 1913 1639 1939 non
1657 1899 1878 1939 Thebanus
1892 1931 1903 1949 ‚
1925 1900 1997 1940 sed
2025 1909 2095 1941 aut
2118 1903 2267 1957 Tyrius
2291 1912 2363 1944 aut
2385 1905 2618 1961 AEgyptiuS‚

1392 1978 1464 2010 aut
1489 1970 1634 2025 aliquis
1653 1971 1776 2011 etiam
1799 1986 1848 2011 ex
1878 1972 2087 2026 superiore
2110 1974 2276 2027 regione
2299 1989 2383 2016 non
2406 1978 2621 2032 proculab

1391 2040 1512 2082 India
1530 2042 1629 2083 olim
1650 2042 1838 2083 habitans
1857 2057 1930 2083 rex
1951 2058 2138 2098 magnus.

1387 1391 1500 1432 furto
1533 1392 1739 1432 sublatum
1764 1393 1808 1432 in
1830 1407 1996 1434 crucem
2023 1402 2138 1434 actus
2173 1394 2312 1437 fuerit.

1447 2124 1524 2178 VI.
1556 2125 1691 2177 Atque
1710 2123 1796 2163 haec
1810 2123 1979 2177 quidem
1995 2139 2069 2179 per
2090 2125 2382 2179 digressionem
2398 2129 2504 2170 dicta
2526 2132 2620 2182 sint,

1392 2205 1445 2231 ne
1467 2190 1548 2231 fide
1564 2190 1687 2244 digna
1701 2191 1934 2242 videantur,
1959 2207 2051 2246 quae
2079 2193 2130 2234 de
2148 2195 2196 2234 iis
2222 2197 2294 2249 qui
2324 2197 2429 2239 ultra
2458 2201 2623 2254 Hypha-

1394 2261 1457 2299 sin
1484 2259 1640 2313 degunt
1666 2260 1780 2299 Indis
1810 2261 1998 2301 nonnulli
2034 2263 2366 2318 conscripserunt
2391 2280 2400 2306 :
2441 2282 2536 2307 nam
2569 2268 2623 2309 ad

1394 2327 1608 2381 Hyphasin
1623 2341 1787 2366 amnem
1806 2342 1936 2381 usque
1951 2343 2035 2368 non
2052 2338 2149 2369 sunt
2166 2344 2333 2384 prorsus
2348 2333 2504 2387 indigni
2523 2335 2619 2387 fide,

1394 2396 1466 2449 qui
1481 2394 1731 2450 expeditioni
1747 2396 1967 2439 Alexandri
1983 2398 2271 2440 interfuerunt.
2334 2402 2394 2457 (2)
2413 2403 2623 2457 Siquidem

1393 2463 1515 2502 etiam
1547 2462 1626 2502 hoc
1667 2462 1944 2515 Megasthenes
1977 2462 2028 2503 de
2059 2464 2230 2506 flumine
2262 2466 2442 2520 quodam
2477 2470 2622 2511 Indico

1393 2538 1691 2570 commemorat
1717 2543 1726 2569 ε
1751 2530 1871 2570 Silam
1906 2530 1941 2570 ei
1966 2545 2117 2572 nomen
2139 2547 2246 2578 esse.
2282 2534 2410 2575 fluere
2439 2551 2488 2576 ex
2511 2537 2623 2578 sonte

1393 2598 1578 2653 ejusdem
1595 2613 1692 2639 cum
1709 2599 1880 2638 flumine
1894 2600 2073 2640 nominis
2086 2615 2160 2655 per
2177 2602 2386 2654 regionem
2404 2605 2620 2657 Sileorum,

1394 2669 1466 2722 qui
1492 2669 1613 2708 etiam
1639 2667 1810 2708 eandem
1825 2698 1837 2718 ‚
1864 2682 1989 2722 quam
2010 2668 2101 2709 fons
2129 2678 2170 2710 et
2193 2671 2343 2711 fluvius
2357 2703 2368 2722 ,
2390 2674 2622 2728 appellatio·

91 2869 147 2918 V,
175 2883 212 2918 1,
239 2871 279 2909 6.
305 2880 346 2917 2,
368 2865 406 2906 5.
426 2867 504 2915 VI,
528 2866 568 2905 3.
588 2864 745 2905 Plinius
759 2865 837 2913 VI,
860 2864 929 2904 23.
945 2864 1062 2912 XVI,
1092 2864 1160 2912 34.
1182 2863 1328 2903 Strabo
1394 2861 1456 2902 λιν
1481 2864 1539 2912 Α;
1577 2863 1727 2917 φέρουσι
1749 2864 1798 2903 L.
1829 2863 1845 2916 Η
1878 2886 1934 2893 —-
1952 2865 2021 2911 24.
2054 2863 2172 2911 οὕτως
2203 2879 2280 2920 pro
2318 2862 2428 2914 οὗτος
2460 2870 2512 2908 Α.
2538 2867 2553 2919 Η
2572 2892 2627 2899 -.

92 2929 120 2970 l.
138 2929 165 2970 l.
183 2930 322 2983 11—9.
342 2927 447 2982 ὀίοριν
465 2928 582 2980 (sie)
607 2928 659 2967 A.
686 2925 748 2967 Cf.
764 2924 942 2965 Diodor.
960 2925 1099 2974 XVII,
1130 2923 1205 2974 853
1224 2925 1328 2964 Cur·
1396 2925 1464 2965 25.
1483 2924 1561 2964 καὶ
1586 2924 1734 2979 κατὰ]
1756 2924 1877 2965 ἇκατὰ
1889 2926 1956 2966 BC
1970 2941 1980 2976 3
1994 2926 2038 2966 ἂν
2054 2926 2255 2981 κατόίηιςο
2267 2928 2314 2969 C.
2335 2928 2501 2981 11—26,
2519 2930 2627 2984 ᾠκι-

93 2992 174 3032 tius
188 2994 306 3042 VIII,
328 3005 344 3031 Ι
357 3004 393 3040 1,
406 2989 489 3030 alii.
513 2990 528 3044 ΙΙ
544 3013 601 3020 --
620 3001 685 3028 12.
709 2987 761 3028 τὶ)
790 3003 813 3027 κ
826 2987 845 3027 ὀ
858 3002 984 3041 μπασ
996 3002 1023 3042 μ
1035 2987 1088 3041 α]
1112 2987 1169 3026 sic
1184 2985 1327 3036 codd.;

93 3068 131 3094 τι
152 3069 269 3108 κομπ.
303 3053 491 3094 Dfibner.
520 3052 575 3093 ib.
599 3066 686 3092 κατ
700 3051 757 3091 άπ
772 3065 817 3104 ερ
843 3046 938 3105 ὧν]
964 3050 1022 3090 sic
1036 3050 1141 3099 AC„
1163 3050 1331 3103 κατάπερ

99 3114 170 3155 ἐὼν
193 3118 246 3165 Β;
280 3117 447 3170 καθάπερ
470 3115 541 3155 ἐὼν
558 3116 612 3154 D.
643 3114 659 3167 ll
679 3138 734 3143 —
760 3112 825 3153 15.
851 3111 1326 3167 Παραπαμισάδῃσι]

165 3178 294 3216 σάδεσι
312 3177 436 3217 codd.
453 3179 515 3217 De
526 3176 695 3216 nomine
711 3174 764 3215 cf.
782 3175 840 3215 St.
854 3174 978 3215 Thes.
993 3189 1027 3213 s.
1051 3188 1088 3213 v.
1107 3173 1332 3228 Παροπαμι-

101 3237 178 3283 σός.
214 3240 275 3278 De
302 3239 458 3292 origine
483 3239 662 3278 nominis
691 3236 943 3292 Parapamisi
975 3250 1014 3276 v.
1051 3234 1331 3289 conjecturam

101 3299 280 3338 Lassenii
302 3300 344 3338 in
360 3299 454 3339 Ind.
474 3300 566 3340 Alc.
586 3301 622 3349 Ι,
648 3313 691 3354 p.
713 3312 780 3338 22.
811 3299 827 3352 ΙΙ
853 3322 909 3329 -
930 3302 996 3339 16.
1024 3300 1203 3339 Antrum
1219 3297 1332 3353 quod

101 3360 344 3400 Prometheo
366 3375 442 3401 suo
465 3362 597 3401 Graeci
620 3360 897 3410 vindicabant,
921 3360 1190 3414 quaerendum
1211 3361 1332 3400 estin

103 3422 334 3462 vastissimis
355 3424 480 3463 antris
500 3437 592 3477 quae
613 3431 709 3462 sunt
724 3421 777 3462 ad
795 3422 994 3476 Bamyian
1010 3424 1025 3476 (
1042 3423 1333 3464 Alexandriam

104 3483 182 3523 sub
201 3484 380 3524 Caucaso
397 3486 429 3537 ).
445 3487 501 3525 V.
523 3485 669 3524 Ritter.
690 3486 788 3534 VH,
808 3498 851 3539 p.
874 3498 954 3539 277
965 3499 1055 3539 sqq.
1083 3486 1099 3539 [l
1119 3510 1176 3517 —
1199 3491 1263 3527 16.
1285 3486 1331 3527 ἐν

106 3546 201 3600 ὅτῳ
240 3546 254 3599 ]
297 3544 334 3585 ἓν
374 3542 407 3601 ᾧ
448 3548 499 3587 A.
545 3547 561 3599 ss
593 3570 649 3577 —
685 3548 749 3587 18.
792 3546 987 3586 Σίὸαισι
1020 3548 1036 3602 ]
1083 3547 1146 3589 Cf.
1188 3549 1334 3590 Strabo

104 3621 144 3661 p.
192 3607 287 3646 688.
319 3620 421 3660 701;
452 3607 627 3647 Diodor.
662 3608 800 3657 XVII,
843 3611 895 3661 96
931 3609 947 3661 (
979 3608 1090 3649 Σίὸοι
1109 3608 1146 3666 );
1168 3612 1334 3653 Curtius

106 3669 182 3719 IX,
211 3670 251 3717 4,
270 3680 295 3707 2
323 3667 466 3720 (Sobii
488 3668 521 3724 ).
547 3670 681 3709 Ferox
695 3677 755 3709 est
787 3683 883 3722 gens
902 3679 1116 3723 montana,
1149 3674 1266 3728 Kafir
1291 3675 1335 3715 in

100 3730 212 3784 jugis
231 3729 507 3781 HincIu-Klzu,
525 3745 616 3785 quae
630 3732 752 3771 etiam
771 3746 883 3772 nunc
909 3747 975 3788 ap.
1000 3734 1215 3776 orientales
1239 3738 1336 3777 scri-

106 3801 244 3846 ptores
281 3791 428 3848 Sc'apul
461 3793 544 3833 sive
575 3792 752 3848 Siapuclz
785 3795 921 3834 vocari
958 3795 1073 3837 solet.
1112 3797 1251 3839 Clavas
1280 3799 1336 3840 illi

106 3853 311 3908 hodieque
331 3863 488 3908 gestant
523 3854 705 3909 albisque
726 3855 904 3909 nigrisve
926 3872 1141 3913 caprarum
1165 3860 1335 3915 pellibus

105 3916 244 3956 amicti
261 3916 472 3957 incedunt.
486 3917 600 3960 Vider
609 3918 728 3973 plura
743 3932 809 3972 ap.
828 3919 972 3960 Ritter.
990 3922 1088 3972 VII,
1106 3936 1147 3976 p.
1167 3935 1263 3977 279.
1276 3925 1331 3975 V,

107 3993 149 4034 p.
170 3982 265 4034 467.
287 3979 440 4020 Bohlen
458 3979 554 4021 Iud.
571 3982 606 4031 I,
629 3994 671 4035 p.
691 3982 786 4022 208.
806 3982 915 4022 Num
932 3997 955 4023 a
969 3983 1067 4024 Siva
1089 3984 1168 4025 deo
1182 4001 1332 4027 nomen

1398 3002 1421 3026 σ
1433 2988 1513 3041 μέν
1526 2988 1603 3042 ος]
1630 2987 1808 3036 ABCD.;
1829 2987 2044 3042 ᾠκισμένην
2065 2989 2182 3030 editt.
2207 2991 2269 3030 De
2283 2989 2453 3031 diversis
2470 2993 2628 3032 Hercu-

1396 3049 1503 3090 libus
1522 3065 1562 3090 v.
1583 3052 1680 3091 Arr.
1702 3051 1809 3104 Exp.
1827 3051 1883 3100 H,
1907 3054 1970 3090 16.

1453 3113 1531 3163 VI,
1570 3113 1638 3153 33.
1671 3110 1761 3166 ὑπὲρ
1790 3114 1858 3152 τοῦ
1877 3114 2051 3167 ποταμοῦ
2080 3114 2127 3152 Β.
2174 3113 2188 3166 ΙΙ
2222 3136 2278 3143 --
2301 3113 2481 3168 Σίλην]
2506 3114 2624 3155 Σίλαν

1398 3172 1540 3224 codd.;
1554 3174 1673 3226 Σίλην
1686 3175 1729 3214 in
1746 3173 1889 3214 ionicis
1903 3174 1986 3213 suis
1998 3172 2150 3214 Indicis
2162 3173 2266 3214 dixit
2281 3174 2432 3215 Ctesias
2445 3174 2522 3226 (fr.
2536 3177 2622 3229 82),

1398 3238 1459 3277 uti
1474 3237 1602 3292 liquet
1619 3252 1641 3277 e
1659 3236 1792 3278 Plinio
1806 3237 1964 3285 XXXI,
1989 3249 2025 3286 1,
2058 3236 2137 3276 nisi
2158 3235 2271 3290 quod
2286 3237 2319 3276 is
2351 3238 2395 3276 in
2427 3237 2624 3292 mendoso

1398 3299 1504 3341 libro
1518 3315 1594 3355 pro
1608 3299 1727 3351 Σίλην
1747 3299 1843 3352 legit
1862 3298 1978 3350 Σίδην
1999 3311 2009 3339 :
2038 3298 2191 3339 Ctesias
2211 3298 2344 3340 tradit
2366 3299 2486 3340 Siden
2504 3315 2625 3342 voca÷

1400 3362 1440 3403 ri
1472 3372 1664 3415 stagnum
1699 3361 1741 3401 in
1777 3359 1911 3409 Indis,
1957 3360 1998 3400 in
2040 3375 2118 3415 quo
2143 3360 2252 3401 nihil
2281 3361 2458 3410 innatat,
2490 3363 2628 3403 onmia

1400 3433 1647 3476 mergantur.
1663 3423 1811 3478 Κρήνην
1828 3422 1944 3462 Σίλαν
1958 3421 2058 3462 dicit
2071 3422 2302 3476 Antigonus
2312 3423 2462 3464 Mirab.
2477 3438 2514 3464 c.
2530 3428 2624 3474 161;

1400 3487 1544 3528 Σίλλαν
1581 3485 1754 3540 ποταμὸν
1787 3484 1962 3525 Diodor.
1993 3486 2049 3535 ΙΙ,
2083 3485 2161 3538 37;
2186 3484 2319 3526 Σιλίαν
2353 3501 2441 3527 ποτ.
2483 3485 2627 3527 Strabo

1400 3565 1443 3606 p.
1469 3551 1563 3604 703.
1593 3569 1609 3584 «
1644 3550 1744 3589 Rem
1767 3548 1896 3602 ipsam
1927 3545 2014 3601 jam
2036 3546 2334 3589 addubitarunt
2369 3549 2628 3589 Democritus

1401 3621 1441 3653 et
1456 3610 1705 3660 Aristoteles,
1726 3617 1826 3650 teste
1858 3609 2057 3650 Strabone
2084 3609 2113 3650 l.
2137 3609 2186 3660 l.;
2218 3609 2343 3651 fidem
2374 3625 2471 3651 vero
2492 3612 2628 3663 Mega-

1401 3675 1554 3715 sthenis
1575 3681 1741 3713 tuentur
1762 3686 1853 3726 quae
1878 3686 1928 3712 ex
1952 3672 2105 3713 Indicis
2129 3672 2245 3713 libris
2263 3673 2397 3714 attulit
2416 3674 2628 3714 Lassenius

1402 3739 1445 3778 in
1473 3734 1719 3789 Zeitsclzrift
1735 3734 1780 3788 f.
1799 3734 1942 3776 Kande
1958 3735 2028 3776 des
2047 3737 2248 3788 Morgenl.
2274 3738 2330 3786 ΙΙ,
2347 3750 2388 3790 Ρ.
2413 3736 2477 3776 63.
2504 3734 2629 3773 Nimi-

1401 3814 1495 3841 rum
1513 3798 1726 3839 tladitur‘
1716 3812 1758 3837 1n
1781 3797 1935 3838 boreali
1962 3797 2092 3839 Indiae
2119 3807 2235 3854 parte
2264 3799 2433 3838 fluvium
2458 3810 2541 3836 esse
2560 3796 2627 3836 Ci-

1401 3863 1479 3903 lam
1496 3860 1653 3900 dictum
1677 3860 1693 3913 (
1708 3875 1731 3900 a
1747 3859 1830 3900 eila
1845 3860 1928 3900 sive
1946 3860 2080 3915 lapide
2096 3862 2127 3913 )‚
2147 3858 2262 3914 cujus
2281 3873 2385 3913 aqua
2403 3872 2491 3897 eam
2507 3857 2629 3897 habet

1403 3925 1487 3965 vim
1510 3931 1555 3963 ut
1578 3921 1723 3976 injecta
1738 3937 1910 3977 quaeque
1928 3923 1971 3962 in
1991 3923 2167 3977 lapidem
2190 3928 2416 3970 vertantul,
2444 3919 2629 3973 adeoque

1405 3993 1655 4040 mergantur.
1679 3985 1694 4039 Η
1713 4009 1768 4015 —
1788 3986 1854 4034 34.
1884 3989 1947 4040 τῷ
1977 3987 2176 4039 ποταμῷ
2194 3985 2209 4038 ]
2230 3984 2287 4023 sic
2302 3984 2394 4033 LB;
2426 3997 2493 4022 του
2508 3996 2626 4023 ποτα-
