2808 4342
1124 162 1412 216 HISTORIA
1443 171 1668 222 INDICA.

118 265 169 307 γε
190 249 378 308 πελάγιοι
408 249 682 309 κομιζόμενοι.
751 253 799 312 (4)
834 254 956 302 Ἀλλὰ
979 260 1015 304 οἱ
1041 263 1112 305 ἀπ’
1138 265 1351 325 Αἰγύπτου

119 314 203 377 γὰρ
227 318 266 367 ἐς
292 318 432 362 Σοῦσα
446 351 449 354 ⁴
465 319 740 372 ἀποσωθέντες
760 325 832 378 τῆς
857 331 1053 386 στρατιῆς
1071 333 1144 389 τῆς
1163 334 1350 392 Καμὸύ-

119 401 198 428 σεω
220 383 290 428 καὶ
313 385 348 428 οἱ
371 383 484 445 παρὰ
513 387 776 447 Πτολεμαίου
797 396 868 437 τοῦ
890 395 1033 454 Λάγου
1052 399 1166 461 παρὰ
1190 402 1347 449 Σέλευ-

117 469 186 496 κον
220 451 286 495 τὸν
324 452 537 514 Νικάτορα
572 458 787 510 σταλέντες
824 462 863 512 ἐς
900 464 1132 512 Βαὸυλῶνα
1169 470 1235 514 διὰ
1274 477 1347 527 τῆς

30 518 82 555 ⁶-5
115 518 303 580 Ἀραὸίης
326 519 466 582 χώρης
491 524 540 584 (5)
567 526 712 585 ἰσθμόν
731 546 822 573 τινα
841 531 1172 594 διαπορευθέντες
1187 541 1227 584 ἐν
1243 542 1344 601 ἡμέ-

114 604 230 647 ρῃσιν
255 587 363 632 ὀκτὼ
393 593 486 652 τῇσι
510 591 692 655 πάσῃσιν
725 595 892 659 ἄνυδρον
921 601 990 645 καὶ
1014 604 1171 664 ἐρήμην
1203 608 1344 670 χώρην

110 655 284 710 ἐπῆλθον
316 657 386 702 ἐπὶ
419 655 618 718 καμήλων
656 667 815 727 σπουδῇ
858 668 1114 728 ἐλαύνοντες,
1153 673 1262 738 ὕδωρ
1299 679 1344 723 τέ

108 740 244 785 σφισιν
268 724 334 771 ἐπὶ
367 729 446 771 τῶν
466 729 668 788 καμήλων
692 733 877 795 φέροντες
902 737 973 782 καὶ
994 743 1339 806 νυκτοπορέοντες·

106 790 178 843 τὰς
198 792 277 855 γὰρ
293 793 450 857 ἡμέρας
471 799 677 860 ὑπαίθριοι
697 803 913 864 ἀνέχεσθαι
938 807 1002 852 διὰ
1022 814 1163 870 καῦμα
1188 814 1338 860 ἀδύνα-

39 872 82 902 10
105 877 165 904 τοι
193 855 315 916 ἦσαν.
386 864 433 925 (ο)
454 866 660 913 Τοσούτου
686 870 766 915 δέει
799 873 851 917 τά
883 893 929 935 γε
961 877 1148 924 ἐπέκεινα
1186 883 1337 939 ταύτης

102 932 173 984 τῆς
191 929 354 992 χώρης,
375 931 518 989 ἥντινα
543 938 686 996 ἰσθμὸν
709 941 988 1003 ἀποφαίνομεν
1015 949 1061 992 ἐκ
1085 953 1156 994 τοῦ
1179 950 1335 999 κόλπου

45 1010 49 1013 ·
100 996 170 1036 τοῦ
206 993 398 1054 Ἀραδίου
428 997 664 1052 κατήκοντα
685 1003 723 1052 ἐς
757 1003 831 1058 τὴν
854 1005 1054 1070 Ἐρυθρὴν
1091 1011 1355 1073 θάλασσαν,·

92 1061 313 1121 οἰκεόμενα
343 1069 472 1122 εἰναι,
495 1069 610 1114 ὁκότε
639 1069 690 1114 τὰ
717 1072 818 1132 πρὸς
841 1074 988 1136 ἄρκτον
1009 1081 1164 1137 μᾶλλον
1201 1086 1333 1130 αὐτῶν

99 1129 294 1191 ἀνέχοντα
333 1133 470 1197 ἔρημά
504 1137 547 1181 τέ
579 1140 664 1183 ἐστι
700 1140 770 1185 καὶ
804 1143 1056 1205 ψαμμώδεα.
1131 1149 1181 1212 (7)
1209 1150 1332 1198 Ἀλλὰ

31 1212 72 1240 Διει
96 1197 174 1259 γὰρ
195 1200 278 1245 ἀπὸ
301 1207 370 1247 τοῦ
389 1203 579 1265 Ἀραὸίου
598 1208 752 1256 κόλπου
767 1215 836 1256 τοῦ
856 1215 947 1258 κατ’
971 1214 1178 1276 Αἴγυπτον
1202 1223 1329 1283 ὁρμη-

97 1264 230 1318 θέντες
253 1268 483 1332 ἅνθρωποι,
511 1276 891 1337 ἐκπεριπλώσαντες
921 1280 992 1337 τὴν
1011 1286 1169 1341 πολλὴν
1200 1288 1328 1350 Ἀρα-

96 1333 189 1390 Cim
210 1338 338 1383 ἐλθεῖν
355 1342 394 1391 ἐς
417 1341 492 1396 τὴν
515 1343 621 1388 κατὰ
654 1347 796 1392 Σοῦσά
819 1368 859 1394 τε
880 1352 949 1395 καὶ
982 1353 1145 1415 Πέρσας
1168 1358 1326 1411 θάλασ-

95 1421 195 1462 σαν,
231 1408 271 1458 ἐς
305 1408 467 1454 τοσόνδε
511 1412 589 1473 ἄρα
619 1419 971 1477 παραπλώσαντες
1009 1427 1080 1477 τῆς
1114 1425 1324 1486 Ἀραὸίης,

92 1475 132 1523 ἐς
153 1472 246 1519 ὅσον
274 1476 387 1537 σφίσι
417 1479 462 1522 τὸ
497 1479 603 1542 ὕδωρ
628 1483 830 1548 ἐπήρκεσε
861 1489 905 1533 τὸ
939 1491 1143 1550 ἐμὸληθὲν
1181 1497 1219 1546 ἐς
1254 1497 1326 1549 τὰς

22 1557 70 1588 20
91 1539 207 1599 νέας,
229 1541 370 1590 ἔπειτα
389 1546 521 1592 ὀπίσω
541 1551 840 1606 ἀπενόστησαν.
910 1559 960 1617 (8)
983 1560 1058 1604 Ἐκ
1079 1563 1325 1617 Βαέυλῶνός

90 1627 133 1654 τε
171 1610 356 1666 οὕστινας
392 1615 568 1662 ἔστειλεν
604 1619 887 1684 Ἀλέξανδρος,
922 1630 975 1677 ὡς
1016 1629 1081 1673 ἐπὶ
1121 1632 1319 1686 μήκιστον

91 1678 306 1733 πλώοντας
325 1685 365 1727 ἐν
389 1683 497 1744 δεξιῇ
519 1689 589 1741 τῆς
610 1687 807 1751 Ἐρυθρῆς
832 1693 1040 1751 θαλάσσης
1059 1701 1209 1756 γνῶναι
1231 1702 1323 1753 τοὺς

87 1749 216 1809 ταύτῃ
237 1750 418 1812 χώρους,
452 1747 561 1799 οὗτοι
589 1755 735 1811 νήσους
759 1758 835 1818 μέν
862 1779 974 1813 τινας
1008 1767 1318 1829 κατεσκέψαντο

85 1817 126 1862 ἐν
158 1821 216 1880 τῷ
249 1821 460 1884 παράπλῳ
488 1824 704 1886 κειμένας,
731 1827 802 1873 καί
837 1848 915 1875 που
953 1831 1021 1876 καὶ
1051 1837 1122 1888 τῆς
1149 1838 1318 1898 ἠπείρου

16 1902 61 1932 25
83 1889 156 1941 τῆς
194 1888 385 1950 Ἀραὸίης
427 1892 672 1955 προσέσχον·
716 1896 766 1957 (9)
806 1898 878 1952 τὴν
916 1899 958 1944 δὲ
988 1901 1138 1964 ἄκρην,
1174 1905 1316 1960 ἥντινα

82 1957 329 2020 καταντικρὺ
363 1962 436 2015 τῆς
464 1963 712 2022 Καρμανίης
735 1966 961 2028 ἀνέχουσαν
985 1969 1095 2031 λέγει
1134 1978 1311 2033 φανῆναι

76 2025 194 2087 σφίσι
215 2027 431 2090 Νέαρχος,
459 2031 532 2075 οὔκ
556 2031 664 2076 ἔστιν
689 2032 797 2085 ὅστις
815 2038 1058 2099 ὑπερὸαλὼν
1083 2042 1315 2106 ἐπικάμψαι

75 2093 121 2144 ἐς
141 2092 188 2139 τὸ
209 2095 275 2140 ἐπὶ
297 2098 446 2159 θάτερα
479 2100 647 2154 δυνατὸς
671 2102 847 2162 ἐγένετο.
922 2108 990 2170 (ιο)
1023 2111 1163 2155 Δοκέω
1189 2113 1229 2156 δὲ
1260 2118 1313 2165 ὡς

79 2159 192 2225 εἴπερ
229 2165 374 2210 πλωτά
406 2186 448 2212 τε
473 2162 522 2222 ἦν
557 2169 627 2213 καὶ
649 2172 826 2230 βαδιστὰ
848 2173 1001 2237 ταύτῃ,
1030 2178 1098 2221 ὑπ’
1122 2179 1312 2232 Ἀλεξάν-

14 2229 174 2292 30’δρου
213 2232 261 2277 ἂν
303 2238 375 2289 τῆς
421 2238 823 2300 πολυπραγμοσύνης
860 2242 1123 2304 ἐξελήλεγκτο
1169 2250 1312 2294 πλωτά

77 2318 119 2344 τε
160 2301 230 2346 καὶ
268 2304 444 2363 βαδιστὰ
480 2305 614 2354 ἐόντα.
685 2309 755 2371 (ιι)
792 2307 942 2356 Ἄννων
978 2313 1019 2358 δὲ
1050 2318 1069 2358 ὁ
1105 2316 1233 2367 Λίὸυς
1267 2322 1311 2362 ἐκ

77 2370 347 2431 Καρχηδόνος
382 2375 571 2434 ὁρμηθεὶς
612 2376 711 2438 ὑπὲρ
758 2378 830 2437 μὲν
870 2380 1117 2441 “Ηρακλείας
1159 2385 1311 2440 στήλας

76 2435 304 2488 ἐξέπλωσεν
339 2440 414 2493 ἔξω
448 2445 486 2494 ἐς
516 2443 581 2488 τὸν
615 2445 788 2506 πόντον,
815 2449 855 2492 ἐν
894 2453 1087 2514 ἀριστερῇ
1125 2452 1198 2508 τήν
1234 2459 1307 2501 Λι-

70 2505 178 2561 »ὅύην
218 2513 293 2568 γῆν
328 2509 449 2572 ἔχωψ
474 2513 543 2557 καὶ
568 2513 657 2559 ἔστε
696 2515 769 2574 μὲν
806 2518 906 2580 πρὸς
938 2519 1158 2582 ἀνίσχοντα
1192 2523 1307 2578 ἥλιον

8 2587 50 2616 35
74 2577 94 2618 ὃ
113 2576 234 2628 πλόος
265 2580 376 2640 αὐτῷ
402 2581 559 2640 ἐγένετο
580 2584 653 2635 τὰς
680 2584 816 2637 πάσας
838 2587 958 2632 πέντε
993 2589 1063 2634 καὶ
1089 2592 1305 2653 τριήκοντα

70 2644 239 2705 ἡμέρας·
267 2646 335 2709 (12)
358 2650 410 2700 ὡς
435 2649 476 2694 δὲ
499 2650 546 2705 δὴ
569 2654 609 2703 ἐς
630 2654 891 2717 μεσημὸρίην
917 2656 1183 2719 ἐξετράπετο,
1202 2664 1304 2707 πολ-

71 2713 188 2773 λῇσιν
237 2717 516 2779 ἀμηχανίῃσιν
563 2721 826 2784 ἐνετύγχανεν
865 2724 1009 2777 ὕδατός
1056 2746 1100 2772 τε
1151 2731 1300 2792 ἀπορίῃ

66 2782 138 2827 καὶ
161 2783 345 2844 καύματι
368 2787 628 2850 ἐπιφλέγοντι
652 2792 722 2836 καὶ
745 2792 860 2854 ῥύαξι
896 2795 1019 2857 πυρὸς
1042 2798 1080 2848 ἐς
1106 2798 1173 2842 τὸν
1204 2801 1301 2844 πόν-

67 2869 133 2895 τον
158 2853 454 2910 ἐμὸάλλουσιν.
526 2859 597 2918 (13)
636 2859 744 2921 Ἀλλ’
766 2865 791 2917 ἡ
827 2863 996 2924 Κυρήνη
1027 2865 1105 2928 γὰρ
1134 2871 1205 2922 τῆς
1230 2871 1300 2914 Λι.

3 2929 46 2959 40
69 2919 167 2975 δύης
203 2924 242 2966 ἐν
279 2924 382 2969 τοῖσι
409 2927 692 2990 ἐρημοτέροισι
726 2932 1008 2992 πεπολισμένη
1043 2935 1219 2992 ποιώδης
1257 2938 1302 2983 τέ

65 2990 151 3034 ἐστι
173 2991 242 3035 καὶ
261 2991 453 3051 μαλθακὴ
472 2995 542 3041 καὶ
562 2996 749 3061 εὔυδρος,
770 3000 840 3045 ’καὶ
861 3001 992 3047 ἄλσεα
1012 3004 1082 3048 καὶ
1104 3006 1300 3065 λειμῶνες

63 3057 132 3100 καὶ
151 3063 319 3119 καρπῶν
340 3063 544 3108 παντοίων
568 3066 638 3109 καὶ
672 3067 852 3122 κτηνέων
875 3069 1090 3133 πάμφορος
1119 3071 1209 3117 ἔστε
1230 3075 1297 3120 ἐπὶ

62 3130 132 3170 τοῦ
167 3128 327 3190 σιλφίου
350 3131 422 3182 τὰς
456 3131 664 3194 ἐκφύσιας·
691 3134 791 3198 ὑπὲρ
827 3137 868 3182 δὲ
889 3138 934 3182 τὸ
958 3139 1114 3202 σίλφιον
1138 3142 1188 3186 τὰ
1211 3143 1294 3187 ἄνω

65 3195 189 3250 αὖτ’ἧς
207 3196 340 3257 ἔρημα
361 3201 430 3244 καὶ
450 3203 702 3263 ψαμμώδεα.
775 3205 844 3268 (14)
871 3201 1002 3260 Οῧτός
1032 3228 1101 3268 μοι
1135 3213 1155 3254 ὃ
1178 3211 1294 3272 λόγος

0 3275 40 3304 45
65 3263 377 3328 ἀναγεγράφθω,
415 3270 546 3330 φέρων
580 3272 651 3316 καὶ
692 3275 811 3326 αὐτὸς
849 3278 887 3327 ἐς
922 3276 1181 3341 Ἀλέξανδρον
1224 3281 1292 3326 τὸν

63 3331 300 3389 Φιλίππου,
328 3335 394 3392 τὸν
420 3339 656 3387 Μακεδόνα.

2559 214 2647 255 369

1419 279 1547 322 altum
1569 282 1706 326 delati.
1771 286 1832 344 (4)
1864 291 1969 332 Nam
1992 295 2063 347 qui
2096 295 2148 335 de
2171 300 2350 340 exercitu
2369 304 2576 361 Cambysis
2606 328 2654 354 ex

1418 347 1594 405 AEgypto
1610 352 1653 392 in
1678 354 1779 394 Susa
1799 356 1899 397 salvi
1914 371 2207 414 pervenerunt,
2229 367 2381 421 quique
2401 386 2423 410 a
2438 374 2653 421 Ptolemaeo

1419 418 1518 472 Lagi
1548 419 1632 462 filio
1667 422 1721 463 ad
1743 413 1958 467 Seleucum
1986 430 2219 472 Nicatorem
2248 435 2511 490 Babyloniam
2541 446 2652 487 missi

1416 481 1583 527 suerunt
1615 502 1690 542 per
1711 491 1931 544 Arabiam,
1970 496 2033 549 (5)
2058 497 2254 540 isthmum
2284 505 2489 556 quendam
2523 519 2652 555 trans·

1413 541 1538 603 gressi
1560 567 1634 609 per
1648 565 1743 598 octo
1762 558 1940 614 integros
1962 561 2048 603 dies
2070 580 2144 620 per
2161 569 2371 621 regionem
2390 572 2589 619 desertam
2612 591 2653 622 et

1412 632 1612 672 aquarum
1632 622 1799 678 inopem
1815 626 1893 668 iter
1911 628 2096 672 fecerunt
2110 664 2121 682 ,
2145 633 2269 689 idque
2289 640 2451 682 camelis
2470 643 2653 688 celeriter

1407 839 1491 866 non
1521 836 1727 882 poterant.
1790 834 1853 888 (6)
1886 837 2067 879 Tantum
2091 840 2202 882 abest
2228 852 2271 884 ut
2300 847 2412 900 regio
2444 850 2520 891 sita
2540 851 2645 893 ultra

1406 893 1604 938 isthmum
1630 899 1768 952 illum,
1800 917 1923 958 quem
1959 906 2164 959 diximus,
2191 926 2239 952 ex
2272 915 2365 955 sinu
2387 918 2566 965 Arabico
2600 923 2641 962 in

1405 975 1517 1004 mare
1550 964 1807 1020 Erythraeum
1837 974 2044 1026 pertinens
2073 976 2302 1021 habitabilis
2328 983 2394 1033 sit,
2430 999 2559 1039 quum
2594 1003 2642 1030 ea

1402 1048 1493 1089 quae
1516 1040 1643 1093 magis
1663 1041 1715 1082 ad
1743 1047 2062 1098 septentrionem
2093 1053 2236 1105 vergit,
2255 1054 2415 1098 deserta
2438 1059 2490 1099 sit
2517 1068 2640 1116 atque

1401 1123 1585 1154 arenosa.
1648 1116 1710 1172 (7)
1745 1120 1829 1171 Qui
1859 1135 1909 1162 ex
1942 1123 2119 1165 Arabico
2151 1128 2243 1168 sinu
2268 1128 2386 1183 juxta
2418 1133 2638 1190 AEgyptum

1398 1194 1562 1238 patente
1584 1191 1757 1244 profecti
1793 1204 1910 1247 sunt,
1935 1206 1982 1238 ut
2017 1214 2206 1254 magnam
2242 1205 2437 1247 Arabiam
2459 1209 2636 1252 eircum-

1398 1260 1633 1313 navigantes
1666 1264 1719 1305 ad
1738 1250 1861 1308 'mare
1894 1270 2006 1324 quod
2039 1272 2091 1312 ad
2124 1275 2226 1316 Susa
2259 1285 2299 1316 et
2332 1280 2513 1321 Pel-siam
2542 1297 2635 1337 per-

1397 1331 1499 1372 tinet
1517 1339 1797 1390 pervenirent,
1816 1349 1899 1382 tam
1915 1343 1988 1384 diu
2003 1354 2150 1399 praeter
2165 1349 2359 1391 Arabiam
2376 1355 2632 1409 navigarunt,

1395 1415 1518 1455 quam
1541 1421 1646 1461 aqua
1668 1412 1841 1452 navibus
1879 1415 2070 1470 imposita
2102 1433 2170 1459 eos
2195 1435 2279 1461 non
2303 1422 2518 1478 deficeret3
2545 1436 2633 1471 tum

1394 1483 1503 1515 retro
1537 1483 1723 1521 conversi
1751 1493 1861 1525 sunt.
1928 1486 1988 1541 (8)
2006 1490 2040 1528 Ii
2062 1504 2179 1541 vere,
2206 1506 2310 1555 quos
2328 1495 2562 1540 Alexander
2582 1516 2634 1542 ex

1391 1546 1597 1601 Babylone
1617 1553 1742 1603 misit,
1766 1563 1811 1594 ut
1827 1571 1951 1611 quam
1971 1559 2204 1613 longissime
2225 1564 2277 1605 ad
2297 1565 2485 1610 dextram
2507 1574 2631 1614 maris

1390 1619 1593 1672 Erythraei
1611 1632 1770 1676 partem
1800 1629 2036 1682 navigantes
2053 1631 2143 1673 loca
2164 1634 2268 1676 illius
2292 1639 2471 1691 regionis
2493 1644 2630 1698 explo-

1389 1700 1547 1742 rarent3
1574 1695 1723 1736 insulas
1745 1700 1912 1752 quidem
1939 1704 2156 1745 nonnullas
2179 1706 2386 1760 viderunt,
2412 1712 2455 1753 in
2478 1715 2627 1768 quibus

1389 1765 1633 1817 navigarunt
1661 1769 1758 1810 locis
1782 1773 1902 1830 sitas‘,
1938 1784 1978 1815 et
2004 1777 2211 1819 interdum
2248 1781 2301 1821 ad
2336 1785 2498 1828 Arabiae
2531 1804 2628 1831 con-

1388 1834 1585 1877 tinentem
1623 1841 1895 1894 appulerunt,
1952 1847 2015 1899 (9)
2054 1857 2096 1888 at
2131 1856 2465 1903 promontorium
2498 1859 2623 1912 illud,

1386 1905 1500 1959 quod
1530 1923 1579 1948 ex
1614 1909 1786 1953 adverso
1821 1915 2048 1958 Carmaniae
2071 1922 2473 1977 oppositumyisum
2493 1930 2544 1971 ab
2582 1947 2625 1973 se

1387 1977 1508 2019 fuisse
1525 1981 1739 2023 Nearchus
1759 1986 1916 2037 scribit,
1945 2004 2066 2031 nemo
2096 2006 2279 2047 unquam
2303 1999 2558 2052 navigatione
2581 2005 2623 2045 in

1383 2051 1553 2093 alteram
1583 2055 1669 2108 ejus
1702 2067 1861 2111 partem
1891 2076 2085 2116 superare
2114 2067 2264 2119 potuit.
2327 2070 2415 2126 (10)
2451 2075 2503 2115 Et
2531 2091 2622 2119 mea

1382 2124 1550 2176 quidem
1570 2130 1794 2179 sententia,
1820 2132 1852 2171 si
1877 2135 2115 2187 navigabilis
2138 2138 2171 2176 is
2202 2147 2355 2181 tractus
2389 2155 2508 2197 esset,
2547 2160 2617 2191 aut

1380 2195 1485 2236 adiri
1520 2198 1598 2238 ulla
1620 2202 1779 2241 ratione
1808 2214 1964 2257 posset,
2004 2207 2228 2250 Alexandri
2266 2222 2375 2255 certe
2405 2220 2619 2263 curiositas

1380 2269 1687 2322 comprobasset
1717 2281 1959 2329 utrumque.
2031 2280 2121 2332 (11)
2160 2282 2309 2324 Hanno
2344 2294 2481 2328 autem
2517 2291 2618 2334 Afer

1378 2341 1622 2394 Carthagine
1659 2344 1867 2397 profectus
1904 2356 2015 2389 trans
2052 2353 2272 2395 Herculeas
2318 2358 2528 2401 columnas
2571 2365 2612 2405 in

1378 2412 1588 2452 Oceanum
1612 2416 1853 2469 enavigavit,
1875 2418 2047 2473 Libyam
2065 2421 2117 2461 ad
2133 2422 2274 2465 laevam
2292 2427 2547 2484 relinquens,
2573 2445 2614 2477 et

1376 2474 1579 2539 navigavit
1597 2487 1765 2542 quidem
1778 2521 1791 2540 ,
1816 2485 1940 2545 quam
1959 2492 2033 2534 diu
2050 2495 2320 2550 navigationis
2335 2515 2419 2543 suae
2437 2519 2607 2549 cursum

1375 2558 1576 2598 orientem
1608 2574 1749 2601 versus
1768 2560 1915 2614 tenuit,
1935 2563 1978 2604 in
2001 2567 2242 2610 universum
2258 2585 2332 2626 per
2353 2589 2469 2616 xxxv
2494 2576 2606 2628 dies;

1371 2628 1465 2682 (12)
1495 2638 1714 2685 postquam
1747 2647 1844 2675 vero
1877 2634 1930 2675 ad
1956 2637 2172 2680 meridiem
2200 2655 2420 2686 conversus
2454 2656 2539 2699 est,
2566 2651 2609 2691 in

1374 2700 1520 2740 multas
1544 2701 1802 2744 difficultates
1826 2706 1985 2758 incidit,
2008 2723 2103 2750 cum
2122 2711 2164 2751 in
2183 2726 2385 2756 summam
2407 2731 2607 2773 aquarum

1376 2770 1557 2826 inopiam
1579 2788 1867 2831 summamque
1882 2788 2002 2819 aestus
2018 2781 2272 2834 flagrantiam
2286 2817 2297 2836 ,
2323 2795 2412 2828 tum
2438 2789 2482 2829 in
2497 2791 2606 2832 rivos

1372 2843 1511 2897 igneos
1534 2846 1577 2886 in
1594 2861 1706 2888 mare
1727 2848 1957 2892 effluentes.
2018 2853 2109 2907 (13)
2129 2855 2287 2910 Cyrene
2306 2868 2439 2901 autem
2467 2862 2605 2918 Libyae

1372 2914 1415 2954 in
1441 2915 1663 2959 desertiore
1687 2926 1820 2960 tractu
1851 2921 1927 2962 sita
1949 2921 2124 2966 herbosa
2144 2924 2368 2983 fertilisque
2393 2939 2433 2971 et
2455 2932 2604 2986 irrigua

1369 2995 1444 3039 est,
1470 2989 1593 3030 saltus
1614 2991 1736 3031 etiam
1759 2991 2068 3050 frequentiaque
2090 3006 2207 3051 prata
2227 2999 2363 3050 habet,
2386 3004 2602 3057 omnisque

1368 3062 1527 3113 generis
1542 3062 1699 3103 fructus
1722 3071 1762 3104 et
1774 3062 2071 3117 jumenta-fert,
2098 3067 2150 3108 ad
2166 3083 2213 3109 ea
2232 3069 2320 3110 loca
2337 3085 2486 3126 usque,
2509 3077 2600 3128 qui-

1367 3132 1444 3174 bus
1463 3134 1657 3190 silphium
1679 3137 1883 3190 gignitur;
1905 3139 2100 3179 ulteriora
2122 3155 2218 3180 vero
2249 3141 2406 3183 deserta
2428 3145 2597 3200 altisque

1364 3208 1497 3247 arenis
1529 3208 1676 3248 obruta
1697 3217 1807 3249 sunt.
1868 3210 1958 3262 (14)
1983 3212 2118 3264 Atque
2148 3212 2215 3251 hie
2251 3213 2420 3266 quidem
2443 3216 2545 3256 liber
2573 3234 2596 3260 a

1364 3294 1430 3320 me
1453 3283 1708 3336 conscriptus
1742 3282 1814 3331 sit,
1840 3283 1961 3323 etiam
1984 3284 2070 3338 ipse
2095 3286 2304 3339 pertinens
2338 3287 2389 3327 ad
2419 3289 2595 3332 Alexan·

1363 3351 1486 3392 drum
1504 3354 1681 3407 Philippi
1703 3353 1833 3393 filium
1846 3384 1857 3404 ,
1878 3354 2162 3397 Macedonem.

67 3424 2570 3460 RQ

59 3485 115 3491 —
131 3462 199 3502 30.
223 3478 281 3503 πα
294 3479 313 3518 ρ
327 3464 350 3504 ὰ
368 3466 526 3515 Πτολε
541 3484 599 3523 μα
612 3469 686 3510 ίου
702 3502 710 3511 .
731 3503 739 3512 .
759 3504 768 3513 .
792 3475 915 3514 σταλ
932 3477 1009 3517 έντ
1022 3481 1093 3534 ες]
1116 3481 1295 3533 Quando
1367 3497 1481 3523 oram
1493 3490 1618 3523 totam
1631 3482 1735 3522 bene
1750 3491 1914 3533 norant,
1937 3484 2156 3536 ignorasse.
2176 3486 2308 3540 11-8.
2328 3489 2451 3542 σφίσιν
2470 3492 2589 3542 ABC,

59 3531 99 3562 et
118 3537 198 3577 qua
216 3527 427 3568 occasione
441 3529 520 3569 hoc
539 3530 691 3571 sactum
704 3533 770 3583 sit,
782 3549 866 3575 non
882 3546 1054 3579 constat.
1073 3538 1292 3594 Conjectu-

56 3599 147 3625 ram
173 3586 266 3628 vide
284 3589 393 3643 apud
422 3593 696 3647 Droysenium
720 3597 958 3639 Hellemsm.
987 3603 1022 3650 Ι,
1040 3616 1082 3656 p.
1110 3603 1189 3657 399
1207 3619 1286 3659 sq.,

59 3647 130 3699 qui
144 3661 231 3688 rem
246 3649 370 3691 refert
385 3651 437 3692 ad
448 3667 516 3694 an.
535 3654 557 3694 3
567 3668 583 3694 1
594 3668 611 3694 1
631 3670 656 3707 a*
666 3656 783 3707 Chr„
806 3673 889 3712 quo
903 3661 1143 3704 Ptolemaeus
1159 3665 1209 3705 ad
1223 3667 1288 3707 Se-

56 3707 219 3750 leucum
238 3712 435 3765 Antigoni
454 3716 576 3755 armis
595 3718 770 3771 petitum
796 3721 946 3762 auxilia
966 3724 1120 3766 misisse
1146 3726 1283 3769 videa-

57 3777 137 3809 tur.
154 3772 345 3813 Ceterum
356 3774 468 3815 facile
477 3785 586 3830 patet
604 3779 827 3829 Arrianum
842 3796 891 3822 ex
910 3782 1141 3839 antiquiore
1149 3788 1285 3843 aliquo

56 3829 182 3882 fonte,
205 3834 496 3878 Eratosthenea
512 3847 626 3879 aetate
652 3841 719 3880 vix
732 3839 912 3895 juniore,
934 3846 1128 3900 pendere,
1157 3859 1196 3890 et
1222 3852 1286 3891 iti-

47 3906 152 3933 nera
166 3906 454 3951 mercatorum,
466 3901 538 3955 qui
549 3902 712 3943 Arriani
727 3902 769 3944 et‘
778 3905 983 3948 Ptolemaei
1000 3917 1115 3950 aetate
1129 3912 1285 3954 Arabiae

1364 3560 1448 3599 σφιν
1469 3546 1506 3584 D
1536 3553 1575 3584 et
1592 3544 1726 3597 vulgo.
1750 3545 1766 3598 ss
1794 3568 1850 3578 —·-
1875 3558 1940 3586 10.
1964 3546 2100 3601 δέει]
2123 3548 2260 3599 δεῖῙ),
2293 3547 2338 3599 δὴ
2355 3551 2443 3600 BC,
2469 3552 2591 3593 δεῖται

1361 3622 1406 3661 γε
1427 3606 1486 3647 ἐπ.
1515 3609 1565 3647 Α.
1598 3607 1612 3659 Η
1631 3630 1686 3636 -
1701 3620 1764 3646 11.
1784 3606 1918 3657 ἥντινα
1935 3608 2230 3662 ABCDssodl„
2257 3611 2388 3652 ὅντινα
2408 3614 2456 3653 L.
2489 3614 2505 3666 Η
2535 3638 2589 3689 ἶ

1364 3671 1428 3710 18.
1454 3667 1680 3723 παραπλώσ.
1712 3670 1799 3718 LA,
1827 3669 1979 3724 περιπλ.
2002 3672 2083 3712 BC.
2119 3672 2135 3726 {l
2158 3696 2214 3703 —
2237 3673 2303 3713 31.
2326 3674 2390 3714 καὶ
2420 3673 2521 3716 ἀνὼν
2549 3689 2588 3715 οε

1358 3732 1393 3771 Α
1435 3730 1449 3782 (Ι
1472 3753 1528 3759 -
1547 3730 1613 3768 36.
1641 3726 1692 3779 δὴ
1717 3730 1731 3783 ]
1763 3728 1815 3784 μὴ
1837 3731 1883 3771 C.
1908 3732 1924 3785 Ι]
1950 3755 2007 3763 ——
2025 3732 2245 3788 ἐξετράπετο
2269 3736 2335 3775 BC
2354 3744 2393 3775 et
2413 3734 2464 3775 de
2486 3750 2563 3776 eon
2580 3770 2595 3776 -

1351 3784 1448 3845 ject.
1468 3790 1663 3840 Diibner;
1686 3790 1898 3845 ἐξετρέπετο
1917 3795 2008 3834 DA.
2041 3795 2056 3848 ΙΙ
2079 3819 2135 3826 -
2155 3799 2223 3844 40.
2251 3794 2529 3850 ἐρημικοτέροις
2549 3817 2588 3842 τε

1355 3852 1492 3893 πεπολ.
1518 3853 1569 3902 C3
1591 3852 1785 3906 ἔρημικοῖς
1805 3855 1934 3902 τόποις
1951 3856 2089 3897 πεπολ.
2117 3860 2166 3897 A.
2193 3858 2208 3909 Η
2229 3881 2283 3887 -
2306 3858 2500 3916 [23.quae
2527 3876 2592 3902 se-

1356 3922 1540 3968 quuntur
1558 3922 1649 3968 post
1667 3914 1756 3981 {usp
1772 3915 1812 3957 δὲ
1827 3915 1973 3971 desunt
1992 3919 2033 3958 in
2054 3921 2104 3959 A.

991 4009 1578 4036 f——QW-

261 4055 392 4084 cssocn.
418 4052 444 4081 Ι-

2329 4071 2368 4102 24
