2808 4342
710 114 752 155 Ο

213 175 305 236 sio

206 291 348 344 παιδί.
415 292 467 355 (ε)
504 257 630 339 Ἀἵλὰ
655 288 736 350 γὰρ
769 291 804 334 εἰ
834 289 966 333 ταῦτα
997 283 1100 345 ὑπὲρ
1123 286 1195 339 τῆς
1225 281 1333 346 ὥρης
1361 279 1443 331 τῶν

211 358 343 415 ταῦτη
375 359 535 405 παίδων
558 356 734 420 ἀτρεκέα
764 352 897 408 ἐστὶν,
920 354 960 404 ές
978 350 1127 397 ταῦτὸν
1149 351 1284 414 φέρειν
1314 352 1446 399 δοκέει

210 410 351 488 ἔμοιγε
377 430 417 480 ές
434 425 495 473 ὅτι
529 444 605 487 περ
625 424 696 471 καὶ
734 421 835 484 ὑπὲρ
861 423 943 467 τῶν
972 421 1131 483 ἀνδρῶν
1160 424 1234 476 τῆς
1255 421 1445 479 ἡλικίης,

210 495 274 542 ὅτι
303 491 718 558 τεσσαρακοντούτεες
753 487 1080 545 ἀποθνήσκωσιν
1102 490 1140 536 οἱ
1164 489 1445 552 πρεσὸὗτατοι

149 587 172 616 5
212 567 363 614 αὐτῶν,
433 565 483 626 (ε)
507 555 584 612 Οἷς
614 560 696 623 γὰρ
731 558 779 605 τό
810 577 855 604 τε
878 561 1007 622 γῆρας
1029 559 1184 622 τοσῷδε
1217 559 1443 623 ταχύτερον

209 633 429 696 ἐπέρχεται
450 629 520 676 καὶ
539 631 561 674 ὁ
588 628 763 681 Θάνατος
789 630 891 687 ὁμοῦ
914 630 975 692 τῷ
997 627 1149 691 γήραΐ,
1173 628 1339 683 πάντως
1363 647 1443 675 που

211 702 283 748 καὶ
302 704 328 755 ἡ
349 697 462 758 ἀκμὴ
485 696 587 761 πρὸς
618 696 738 758 λόγον
758 700 829 742 τοῦ
851 695 986 750 τέλεος
1009 698 1219 763 ταχυτέρη
1242 701 1446 746 ἐπανθέει·

211 771 260 828 (7)
283 767 389 813 ὥστε
418 765 749 829 τριακοντούτεες
778 764 855 827 μὲν
877 766 1154 831 ὠμογέροντες
1183 767 1232 814 ἄν
1261 786 1340 815 που
1363 760 1444 815 εἶεν

206 837 387 882 αὐτοῖσιν
420 837 458 881 οἱ
488 833 652 898 ἄνδρες,
693 833 823 882 εἴκοσι
857 834 900 881 δὲ
935 834 1031 882 ἔτεα
1066 836 1276 899 γεγονότες
1299 839 1337 883 ol
1365 835 1445 891 ἔξω

142 924 178 954 ιο
205 904 311 960 ἥὸης
328 903 547 961 νεηνίσκοι·
565 909 594 962 ἡ
618 904 660 950 δὲ
684 903 893 967 ἀκροτάτη
911 903 998 962 ἥὸη
1017 905 1125 970 ἀμφὶ
1153 904 1205 951 τὰ
1224 906 1443 953 πεντεκαί-

205 975 305 1020 δεκα
320 973 428 1020 ἔτεα·
448 973 520 1020 καὶ
542 977 638 1034 τῇσι
670 973 851 1034 γυναιξὶν
872 972 960 1037 ὥρη
979 979 1053 1021 τοῦ
1071 974 1210 1037 γάμου
1232 974 1342 1021 κατὰ
1371 976 1443 1022 λό·

204 1062 275 1104 γον
295 1042 344 1089 ἂν
363 1042 471 1089 οὕτω
491 1045 530 1097 ἐς
551 1042 604 1088 τὰ
624 1042 729 1089 ἑπτὰ
753 1043 846 1090 ἔτεα
871 1043 1110 1105 συμὸαίνοι.
1178 1044 1229 1108 (a)
1254 1045 1340 1093 Καὶ
1362 1043 1444 1107 γὰρ

203 1112 295 1166 τοὺς
316 1111 500 1176 καρποὺς
519 1113 560 1159 ἐν
579 1111 709 1176 ταύτῃ
731 1116 783 1174 τῇ
801 1112 921 1177 χώρῃ
948 1114 1222 1162 πεπαίνεσθαί
1243 1132 1288 1160 τε
1307 1114 1442 1176 ταχύ-

202 1201 317 1244 τερον
337 1182 411 1242 μὲν
438 1186 510 1239 τῆς
541 1181 693 1240 ἄλλης,
733 1183 852 1236 αὐτὸς
889 1176 1005 1237 οὗτος
1043 1183 1316 1245 Μεγασθένης
1350 1184 1443 1231 dvi-

145 1271 180 1300 ιε
203 1255 360 1316 γραψε,
382 1252 453 1299 καὶ
473 1252 624 1316 φθίνειν
643 1252 883 1316 ταχύτερον.
951 1254 1004 1318 (a)
1026 1254 1125 1302 Ἀπὸ
1142 1254 1216 1316 μὲν
1237 1254 1287 1311 δὴ
1306 1254 1445 1302 Διονύ·

206 1341 280 1370 σου
307 1323 504 1386 βασιλέας
531 1324 727 1387 ἠρίθμεον
761 1324 885 1372 Ἰνδοὶ
920 1326 959 1378 ἐς
990 1326 1304 1389 Σανδράκοττον
1337 1332 1443 1388 τρεῖς

203 1392 275 1439 καὶ
293 1393 547 1450 πεντήκοντα
570 1394 641 1439 καὶ
658 1393 826 1451 ἑκατὸν,
849 1394 942 1440 ἔτεα
962 1394 1024 1452 δὲ,
1050 1395 1122 1442 δύο
1140 1395 1211 1442 καὶ
1233 1395 1442 1458 τεσσαρά-

203 1479 330 1508 κοντα
348 1463 420 1509 καὶ
452 1461 724 1525 ἑξακισχίλια·
755 1466 797 1510 ἐν
828 1463 871 1509 δὲ
893 1463 1072 1511 τούτοισι
1093 1465 1179 1526 τρὶς
1201 1464 1248 1511 τὸ
1273 1472 1354 1511 πᾶν
1388 1466 1444 1517 εἷς

203 1531 434 1595 ἐλευθερίην
446 1532 494 1556 ⁴*
514 1532 588 1588 τὴν
605 1532 647 1578 δὲ
665 1531 737 1578 καὶ
756 1533 796 1585 ἐς
816 1533 1033 1595 τριηκόσια
1048 1571 1060 1595 ‚
1081 1534 1156 1589 τὴν
1186 1534 1228 1580 δὲ
1249 1533 1379 1580 εἴκοσί
1397 1553 1442 1580 τε

151 1600 326 1647 ἳθὲτέων
350 1600 422 1647 καὶ
445 1601 605 1647 ἑκατόν·
639 1600 709 1663 (ιο)
730 1601 1005 1665 πρεσὸύτερόν
1029 1622 1073 1649 τε
1096 1604 1290 1650 Διόνυσον
1310 1604 1443 1667 Ἦρα-

201 1670 318 1723 κλέος
337 1669 438 1717 δέκα
460 1670 532 1716 καὶ
555 1670 676 1717 πέντε
692 1676 878 1735 γενεῇσιν
895 1672 1020 1720 Ἰνδοὶ
1039 1674 1237 1735 λέγουσιν·
1259 1674 1382 1720 ἄλλον
1399 1675 1443 1720 δὲ

201 1739 344 1786 οὐδένα
375 1740 572 1801 ἐμὸαλείν
595 1743 635 1792 ἐς
663 1745 740 1803 γῆν
770 1743 844 1798 τὴν
867 1742 1008 1790 Ἰνδῶν
1041 1744 1109 1790 ἐπὶ
1130 1743 1322 1807 πολέμῳ,
1351 1743 1442 1790 οὐδὲ

202 1908 249 1941 tu
281 1900 483 1952 floruisse,
535 1900 705 1957 reliquis
745 1902 787 1942 in
828 1901 1101 1945 democratias
1144 1905 1386 1947 immutatis.
1423 1925 1440 1941 ι

202 1962 472 2005 Scnxmu.
511 1963 528 2017 ΙΙ
554 1986 612 1994 —-
636 1976 673 2004 x.
708 1962 871 2006 ἐνταῦθα
901 1979 979 2021 pro
1002 1964 1036 2007 εἰ
1055 1968 1175 2007 ταῦτα
1197 1967 1317 2008 ABC.
1348 1968 1365 2022 ΙΙ
1390 1991 1447 2000 -

205 2040 272 2069 10.
290 2026 484 2079 νεηνίσκοι
498 2027 664 2077 ABCD3
685 2042 790 2068 νεαν.
811 2041 904 2082 vgo.
934 2029 950 2083 11
973 2052 1030 2060 —-
1055 2033 1121 2070 16.
1156 2027 1192 2078 ἐς
1210 2027 1444 2086 ἀνδράκοτον

202 2090 364 2132 ABCD.
393 2090 410 2144 11
428 2113 486 2121 -
506 2102 573 2143 19.
600 2091 766 2131 lacuna
797 2104 940 2131 omnes
968 2090 1158 2133 laborant
1176 2091 1354 2134 codices
1389 2118 1446 2125 -

202 2152 265 2193 De
282 2166 328 2193 re
358 2151 412 2193 cf.
437 2151 595 2193 Plinius
613 2153 689 2203 VI,
712 2166 761 2193 21
789 2165 799 2192 :
828 2152 1083 2205 Colligemmr
1102 2168 1130 2195 a
1157 2154 1303 2196 Libero
1322 2164 1446 2211 paene

197 2213 260 2255 ad
294 2212 581 2256 Alexandrum
625 2216 825 2266 Magnum
856 2228 965 2266 reges
996 2229 1131 2256 eorum
1168 2219 1314 2257 CLII!
1346 2216 1362 2273 (
1386 2218 1446 2259 sic

200 2274 326 2318 codd.
350 2276 519 2330 Silligii;
547 2276 679 2317 CLIV
709 2275 831 2330 vulgo
859 2275 891 2333 ),
913 2276 1036 2318 annis
1058 2280 1128 2319 VI
1149 2277 1237 2320 mil.
1263 2282 1448 2322 CCCCLI

201 2337 216 2394 (
238 2339 298 2380 sic
318 2337 412 2380 cod.
435 2340 525 2380 Ret
549 2352 649 2392 vgo;
665 2338 845 2381 CCCCII
862 2337 957 2380 cod.
974 2340 1030 2381 D.
1051 2339 1157 2381 Rob.
1180 2339 1213 2395 ),
1235 2340 1444 2396 adjiciunt

198 2409 239 2441 et
268 2414 420 2441 menses
450 2409 546 2442 tres.
571 2400 736 2441 Solinus
764 2400 910 2457 Polyh.
943 2415 982 2443 c.
1009 2401 1059 2443 55
1086 2400 1296 2460 :Jndiam
1323 2402 1448 2445 Libet·

191 2472 319 2519 pater
339 2462 506 2519 primus
526 2462 730 2515 ingressus
753 2472 829 2514 est,
856 2473 997 2521 utpote
1022 2464 1096 2521 qui
1117 2464 1240 2507 Indis
1257 2465 1445 2508 subactis

190 2523 359 2580 primus
376 2524 555 2565 omnium
584 2524 879 2582 triumphavit.
898 2526 968 2568 Ab
983 2526 1057 2568 leoc
1075 2525 1135 2567 ad
1154 2527 1443 2570 Alexandrum

199 2588 399 2639 Magnum
415 2596 684 2628 numerantur
696 2603 894 2630 annorum
912 2602 986 2630 sex
1001 2588 1136 2631 millia
1150 2589 1443 2646 quadringenti

198 2649 500 2706 quinquaginta
512 2666 631 2700 unus,
650 2650 813 2693 additis
824 2653 1056 2709 etamplius
1068 2652 1204 2695 tribus
1218 2654 1439 2706 mensibus,

198 2711 344 2753 habita
360 2728 435 2769 per
444 2727 550 2763 reges
562 2715 955 2771 compuattione,qui
975 2725 1135 2758 centum
1165 2716 1440 2774 quinquagin-

144 2822 147 2825 Α
200 2781 246 2814 ta
266 2782 346 2814 eres
373 2783 548 2816 tenuas-se
576 2775 752 2817 medium
788 2792 919 2818 oevum
950 2776 1317 2834 deprehenduntur.
1343 2780 1443 2820 Haec

199 2835 356 2877 Plinius
375 2850 399 2877 e
416 2837 577 2878 Seneca:
607 2837 761 2878 Indicis
773 2869 784 2887 ,
812 2840 964 2880 Seneca
980 2855 1030 2880 ex
1055 2841 1317 2895 Megasthene
1334 2842 1440 2897 peti-

198 2898 277 2940 isse
310 2897 486 2954 putandi
519 2908 631 2939 sunt.
661 2899 942 2942 Sandrocottae
970 2903 1274 2945 substituerunt
1300 2905 1438 2945 notius

195 2973 353 3002 nomen
372 2959 596 3002 Alexandri
618 2962 774 3014 Magni.
794 2964 1011 3004 Annorum
1034 2977 1232 3005 numerus
1251 2964 1312 3005 vel
1327 2965 1437 3020 apud

196 3019 379 3065 Plinium
399 3019 461 3062 vel
483 3019 594 3077 apud
620 3022 844 3064 Arrianum
867 3032 1088 3079 corruptus
1112 3024 1250 3065 suerit.
1276 3025 1435 3077 Quodsi

198 3084 243 3125 in
263 3082 400 3127 Plinio
434 3083 716 3139 praeferendus
744 3094 805 3127 est
827 3099 1026 3127 numerus
1054 3090 1162 3136 6402
1190 3099 1200 3127 ε
1224 3087 1266 3127 in
1297 3090 1437 3140 gra-cis

198 3144 501 3203 exemplaribus
535 3156 769 3203 permutata
793 3147 947 3190 dixeris
975 3147 1073 3203 sigla
1109 3161 1152 3206 ἐ.-
1170 3165 1191 3189 υ
1227 3147 1263 3204 β’
1286 3152 1430 3207 (6402)

201 3215 243 3249 et
259 3217 303 3265 ,ς’
323 3223 352 3264 μ
377 3205 418 3264 β’
438 3208 602 3264 (6042).
623 3212 679 3252 At
694 3209 783 3251 haec
797 3207 1015 3266 dijudicari
1028 3209 1114 3267 jam
1138 3226 1222 3253 non
1240 3222 1432 3267 possunt;

197 3283 294 3311 nam
312 3269 433 3326 longe
453 3271 605 3314 Nostra
618 3271 818 3314 recedunt
829 3272 882 3315 ab
903 3273 1099 3316 omnibus
1116 3288 1208 3330 quae
1221 3273 1275 3316 de
1293 3289 1433 3329 regum

198 3330 566 3389 dynastiammque
580 3334 860 3390 chronologiis
874 3349 923 3377 ex
939 3324 1142 3378 indorum
1157 3335 1273 3378 libris
1287 3336 1436 3379 hucus-

201 3408 283 3449 que
307 3395 601 3448 innotuerunt,
625 3394 730 3438 adeo
758 3404 805 3438 ut
827 3397 983 3439 nescias
1012 3396 1213 3454 quidnam
1235 3396 1434 3441 traditum

196 3458 480 3511 Megasthenes
500 3460 724 3515 acceperit,
745 3458 946 3515 quidnam
964 3459 1018 3503 de
1031 3474 1107 3503 suo
1121 3474 1171 3503 ex
1192 3460 1434 3504 Graecorum

194 3520 465 3574 computandi
487 3522 647 3563 ratione
664 3530 706 3564 et
725 3536 803 3578 pro
823 3537 940 3566 more
958 3522 1305 3580 chronologorum
1320 3525 1434 3566 Gra·-

198 3594 343 3622 eorum
364 3582 562 3625 intulerit.
585 3586 635 3626 In
661 3586 901 3628 universum
922 3594 1034 3643 patet
1054 3600 1274 3629 numerum
1302 3600 1430 3629 anno·

184 3637 293 3684 'rum
311 3643 423 3699 apud
442 3646 663 3688 Arrianum
681 3648 735 3689 ita
751 3650 1024 3692 constitutum
1045 3664 1147 3702 esse,
1167 3658 1215 3692 ut
1231 3664 1256 3692 a
1277 3649 1431 3705 vulgari

199 3705 443 3748 Graecorum
458 3717 655 3763 computo
667 3740 678 3759 ,
696 3724 781 3765 quo
798 3719 879 3753 troe
894 3714 1175 3767 generationes
1190 3713 1234 3755 in
1247 3711 1430 3755 seculum

195 3776 486 3821 numerantur,
510 3784 594 3811 non
623 3771 799 3814 multum
827 3774 1005 3818 recedat.
1033 3777 1138 3818 Nam
1171 3775 1247 3818 153
1274 3786 1317 3827 χ
1343 3776 1430 3826 335

198 3828 296 3871 anni
318 3838 416 3872 sunt
435 3829 565 3883 5100,
590 3831 696 3875 adeo
722 3843 768 3875 ut
786 3836 917 3877 tribus
936 3837 1179 3893 interregnis
1196 3835 1431 3893 relinquan-

198 3899 269 3933 tur
288 3894 385 3934 anni
416 3895 521 3948 942,
544 3902 668 3951 atque
695 3897 831 3952 primo
857 3898 1114 3955 interregno,
1140 3898 1258 3956 cujus
1275 3900 1432 3942 notatio

196 3952 242 3994 in
258 3954 470 3996 codicibus
498 3957 648 3998 nostris
672 3957 851 4011 excidit,
875 3960 1083 4003 tribuendi
1103 3963 1187 4004 sint
1208 3962 1306 4012 anni
1327 3961 1429 4013 5223

198 4027 322 4069 quem
362 4031 581 4061 numerum
613 4019 667 4062 ab
694 4034 745 4062 eo
783 4035 905 4078 quem
928 4023 1212 4079 Megasthenes
1229 4024 1432 4067 notaverit

1352 183 1612 241 samam
1702 191 1709 198 '

1513 295 1601 338 hac
1617 294 1672 339 de
1688 298 1919 355 puellarum
1938 300 2055 344 istius
2073 301 2150 345 loci
2174 312 2409 347 maturitate
2429 320 2522 349 vera
2539 318 2659 363 sunt,
2679 326 2751 364 eo-
2776 330 2790 350 r

1512 362 1609 407 dem
1627 365 1731 408 mihi
1748 375 1931 423 spectare
1946 367 2157 422 videntur,
2173 386 2259 428 quo
2276 374 2398 415 etiam
2415 384 2570 430 spectat
2581 376 2681 430 illud
2694 371 2765 434 ᾧ·

1513 433 1702 477 virorum
1715 443 1854 488 aetate,
1870 437 1987 494 quod
2005 440 2218 497 quiquam
2236 442 2471 498 longissime
2491 448 2630 490 vivant
2720 444 2723 446 ’

1512 499 1788 556 dragesimum
1806 518 1963 548 annum
1985 521 2069 549 non
2088 510 2301 552 excedant.
2364 513 2426 569 (6)
2450 515 2614 567 Quibus
2635 518 2702 560 en*

1513 577 1702 611 senectus
1722 578 1838 613 tanto
1855 571 2026 615 celerius
2040 573 2205 617 advenit
2227 585 2351 633 atque
2365 579 2487 622 simul
2503 595 2599 623 cum
2613 596 2750 627 senec·
2780 615 2782 618 s

1514 644 1600 678 tute
1614 651 1727 679 mors
1737 670 1749 690 ,
1766 638 1816 680 iis
1833 640 2007 683 omnino
2019 649 2060 684 et
2074 643 2190 698 vigor
2203 646 2331 686 :mnus
2342 677 2353 695 ,
2368 650 2637 703 proportione
2649 666 2750 708 qua·
2786 643 2808 707 s,

1513 708 1608 752 dam
1627 710 1680 753 ad
1702 711 1827 755 finem
1850 714 1943 756 vitae
1960 714 2120 767 habita,
2145 717 2265 758 citius
2293 718 2459 761 accedat
2479 735 2643 767 neeesse
2660 734 2744 778 est,

1516 782 1579 839 (7)
1601 784 1655 825 ita
1673 793 1719 826 ut
1733 786 1810 828 viri
1835 786 2002 841 triginta
2014 802 2144 831 annos
2164 791 2247 831 nati
2265 790 2350 846 jam
2374 792 2426 833 nd
2446 795 2621 851 primam
2636 797 2745 843 illam

1514 856 1689 900 viridem
1702 867 1907 903 senectam
1922 862 2154 918 pervenisse
2177 862 2341 908 dicendi
2362 867 2443 909 sint
2467 882 2476 910 :
2501 879 2541 911 et
2560 872 2634 927 qui
2647 873 2745 926 XX,
2782 850 2808 1070 ³

1507 928 1680 984 juvenes
1697 931 1867 987 quidem
1885 934 1967 975 sint
1978 964 1991 985 ,
2007 934 2080 977 sed
2101 938 2173 991 qui
2192 938 2417 993 pubertatis
2436 950 2592 985 aetatem
2609 958 2748 988 exces-
2768 931 2769 936 ¹
2789 977 2792 983 ·

1513 1005 1641 1047 serint
1658 1018 1669 1048 :
1693 1006 1767 1062 qui
1792 1007 1955 1049 circiter
1972 1022 2045 1059 κν,
2062 1011 2236 1051 summis
2250 1012 2477 1067 pubertatis
2496 1017 2654 1060 viribus
2674 1019 2749 1061 sso-
2789 1044 2795 1048 -

1512 1090 1650 1132 ream,
1668 1089 1709 1123 et
1732 1081 1911 1124 l'oeminis
1931 1082 2074 1126 eadem
2097 1085 2255 1127 ratione
2277 1090 2489 1132 maturitas
2512 1091 2566 1134 ad
2584 1094 2749 1151 nuptias
2802 1075 2808 1104 ἶ

1512 1155 1689 1211 septimo
1709 1169 1820 1196 anno
1849 1157 2088 1211 contingat:
2114 1157 2176 1215 (8)
2208 1159 2363 1216 quippe
2391 1170 2433 1203 et
2452 1162 2611 1208 fructus
2635 1168 2679 1210 in
2701 1183 2748 1212 ea

1513 1230 1682 1284 regione
1699 1229 1821 1272 citius
1839 1244 1965 1285 quam
1984 1231 2027 1272 in
2042 1230 2120 1273 alia
2135 1230 2217 1273 ulla
2232 1242 2526 1288 maturescere,
2545 1238 2749 1297 citiusque

1513 1305 1683 1346 interire
1701 1303 1811 1346 idem
1825 1305 2109 1359 Megasthenes
2124 1306 2281 1348 scribit.
2345 1309 2406 1363 (9)
2427 1313 2458 1351 A
2477 1311 2638 1355 Baccho
2656 1315 2750 1371 qui-
2776 1240 2808 1465 1

1512 1375 1608 1418 dem
1637 1375 1690 1419 ad
1724 1376 2041 1419 Sandracottum
2062 1377 2157 1420 Indi
2190 1393 2305 1433 reges
2327 1382 2599 1426 numerabant
2631 1400 2747 1439 αυτ,

1513 1464 1644 1492 annos
1657 1465 1755 1492 vero
1775 1465 1822 1492 vr
1838 1466 1873 1492 m
1888 1466 1991 1494 nn.
2050 1453 2099 1494 In
2112 1452 2176 1494 his
2192 1467 2289 1495 vero
2310 1462 2371 1495 ter
2385 1470 2589 1500 summam
2609 1472 2748 1502 rerum
2792 1458 2808 1494 ⁴-

1514 1525 1557 1565 in
1580 1523 1808 1567 libertatem
1841 1539 1925 1567 csse
1946 1524 2226 1575 vindicatam,
2253 1527 2437 1583 primum
2461 1544 2541 1586 per
2559 1546 2688 1574 annos
2709 1535 2749 1552 “

1513 1595 1888 1652 deindeperannos
1901 1610 1993 1645 ccc,
2008 1596 2189 1652 denique
2200 1612 2521 1653 perannoscxx.
2555 1601 2749 1658 (10)Bac—
2798 1605 2808 1643 ἦ

1513 1669 1640 1710 chum
1657 1667 1753 1709 Indi
1774 1667 1953 1709 Hercule
1973 1668 2252 1723 antiquiorem
2274 1684 2362 1711 esse
2375 1670 2523 1714 dicunt
2545 1687 2601 1714 xv
2621 1676 2749 1717 aetati-
2791 1710 2794 1712 ,

1514 1742 1592 1784 bus
1610 1754 1621 1783 ε
1642 1740 1888 1797 nullumque
1908 1740 2034 1783 alium
2054 1740 2146 1783 belli
2174 1742 2374 1784 inserendi
2397 1758 2519 1786 causa
2536 1744 2639 1788 fines
2652 1760 2750 1790 suos

1513 1919 1597 1946 non
1616 1902 1738 1959 longe
1758 1902 1898 1945 abesse
1913 1905 2142 1960 putaveris,
2163 1919 2293 1961 quum
2315 1906 2498 1948 secundo
2514 1907 2750 1965 interregno
2805 1921 2808 1935 ²

1513 1966 1779 2009 vindicentur
1795 1966 1893 2007 anni
1921 1966 2016 2016 300,
2051 1968 2212 2008 numeri
2236 1975 2372 2009 autem
2393 1983 2443 2010 eo
2467 1968 2640 2025 majores
2663 1986 2750 2015 esse

1513 2030 1554 2070 in
1582 2028 1627 2071 id
1650 2043 1779 2085 genus
1804 2030 2031 2085 systematis
2064 2029 2365 2084 chronologicis
2389 2045 2475 2073 esse
2495 2031 2643 2086 solent,
2664 2048 2750 2090 quo

1507 2091 1711 2147 majorem
1743 2099 2035 2148 representant
2068 2092 2369 2147 antiquitatem.
2405 2117 2463 2126 --
2497 2095 2749 2139 Brahmanes

1511 2167 1609 2195 vero
1622 2152 1826 2195 Indorum
1841 2154 1899 2195 ita
1912 2161 2114 2205 statuunt,
2129 2162 2176 2195 ut
2191 2168 2337 2209 magna
2351 2154 2547 2211 periodus
2569 2158 2587 2212 (
2605 2158 2749 2201 malta·

1502 2216 1610 2270 juga
1625 2217 1658 2269 ),
1695 2228 1788 2271 quae
1810 2228 1924 2255 nunc
1954 2214 2129 2266 obtinet,
2163 2214 2362 2271 cujusque
2378 2216 2510 2272 major
2540 2232 2635 2275 pars
2660 2218 2748 2275 jam

1510 2277 1645 2333 elapsa
1662 2285 1746 2328 est,
1784 2275 2110 2333 comprehendat
2137 2291 2268 2318 annos
2302 2277 2477 2321 deorum
2513 2293 2647 2326 12000
2664 2283 2749 2325 sive

1511 2353 1641 2380 annos
1659 2338 1880 2380 hominum
1903 2339 2134 2389 l,‚32o,0oo
2156 2340 2174 2392 (
2197 2352 2331 2382 12000
2357 2352 2397 2391 χ
2423 2342 2528 2393 36ος
2555 2357 2652 2386 nam
2674 2358 2749 2387 an·

1510 2416 1589 2443 nus
1611 2401 1854 2444 mortalibus
1875 2409 1937 2443 est
1952 2402 2023 2456 qui
2042 2400 2131 2443 dies
2149 2409 2211 2442 est
2225 2402 2336 2458 apud
2350 2403 2530 2446 coeloetoe
2545 2407 2579 2460 ).
2599 2406 2750 2462 Magna

1515 2466 1589 2507 ista
1617 2465 1813 2521 periodus
1839 2465 1881 2506 in
1902 2465 2084 2507 minores
2105 2473 2301 2521 quattuor
2315 2465 2561 2524 dispescitur
2581 2460 2747 2512 huncin

1510 2527 1682 2569 modum
1705 2541 1715 2569 z

2192 2624 2274 2648 ann.
2298 2614 2398 2649 deor.
2540 2624 2625 2652 ann.
2649 2616 2745 2653 hom.

1509 2668 1627 2721 Saeja
1647 2665 1852 2719 (veritatis
1870 2666 1989 2720 per.)
2242 2666 2352 2712 4800
2540 2667 2748 2720 17,28ooo

1517 2730 1639 2770 Tre‘ta
1661 2727 1980 2780 (sacrificiorum
2003 2727 2120 2781 per.)
2242 2726 2350 2766 3600
2537 2731 2747 2781 ¹2196000

1511 2793 1715 2846 Dvapara
1738 2788 2031 2842 (dubitationis
2056 2789 2172 2842 per.)
2243 2789 2350 2835 2400
2581 2790 2747 2839 864000

1510 2852 1610 2893 Kalt'
1630 2854 1917 2907 (peccatorum
1937 2851 2056 2905 per.)
2249 2862 2352 2889 1200
2577 2851 2746 2900 [032000

2222 2939 2354 2967 ηοω
2536 2910 2746 2976 W

1507 3025 1669 3066 Priores
1691 3021 1852 3080 periodi
1881 3031 1963 3065 tres
1987 3021 2075 3077 jam
2104 3022 2411 3079 praeteriet-imm
2447 3037 2560 3066 nune
2582 3023 2743 3069 obtinet

1510 3087 1598 3128 cali
1614 3085 1832 3143 periodus,
1853 3085 1971 3141 cujus
1987 3086 2149 3127 initium
2167 3084 2287 3139 vulgo
2309 3093 2470 3140 ponunt
2484 3085 2527 3127 in
2545 3100 2615 3128 an.
2633 3087 2742 3132 3102

1505 3165 1543 3191 a.
1569 3149 1666 3200 Ch.,
1683 3162 1932 3204 quamquam
1954 3162 2095 3202 regum
2115 3146 2314 3197 laterculi,
2335 3148 2404 3202 qui
2430 3145 2526 3190 inde
2546 3147 2599 3191 ab
2618 3149 2742 3206 hujus

1505 3211 1674 3253 demum
1707 3210 1865 3267 periodi
1900 3211 2018 3251 initio
2040 3211 2236 3251 continua
2264 3210 2367 3251 serie
2394 3209 2657 3263 exhibentur,
2697 3212 2741 3256 in

1505 3275 1734 3315 recentiora
1747 3282 1932 3329 tempora
1941 3271 2150 3314 deducunt
2160 3305 2168 3313 .
2185 3273 2348 3314 Etenim
2359 3273 2520 3328 primus
2529 3273 2743 3329 Magadhoe
2798 3287 2808 3312 ες

1504 3350 1576 3378 rex
1596 3336 1638 3376 in
1663 3335 1762 3377 Kali
1780 3334 1953 3391 periodo
1971 3343 2031 3376 est
2049 3335 2267 3377 Sahadeva-
2284 3334 2389 3375 lilius
2405 3334 2588 3391 Somapi,
2605 3335 2702 3380 inde
2716 3351 2741 3381 a

1504 3412 1590 3454 quo
1606 3412 1737 3453 usque
1751 3396 1802 3439 ad
1822 3397 2163 3454 Kandraguptam
2180 3399 2265 3439 sive
2275 3395 2592 3440 §andi-aeonum
2603 3397 2740 3456 (cujtzs
2787 3423 2789 3427 ·

1503 3461 1618 3515 regni
1635 3461 1798 3501 initium
1815 3460 1957 3502 incidit
1974 3461 2016 3502 in
2042 3475 2111 3502 an.
2147 3462 2329 3516 317-312
2344 3474 2383 3502 a.
2401 3462 2485 3516 C.)
2510 3461 2739 3506 secundum

1503 3523 1667 3564 Purana
1683 3531 1948 3565 recensentur
1971 3537 2086 3577 reges
2106 3526 2158 3573 44
2181 3523 2241 3565 vel
2259 3523 2310 3573 45
2326 3554 2337 3574 ,
2361 3523 2459 3565 anni
2479 3537 2578 3566 vero
2608 3525 2736 3581 :5983

1502 3584 1832 3627 adeoutinitium
1842 3585 2000 3642 periodi
2011 3585 2267 3642 pertineatad
2277 3601 2375 3628 ann.
2391 3585 2672 3641 1915-1910a.
2686 3585 2735 3630 C.
2792 3600 2796 3645 j

1503 3649 1566 3689 Ex
1587 3648 1667 3690 alio
1685 3657 1882 3705 computo
1897 3663 1974 3706 pro
1999 3650 2103 3704 1598
2118 3650 2237 3690 annis
2259 3649 2423 3691 nonnisi
2447 3661 2553 3691 1100
2574 3648 2738 3691 circiter

1501 3712 1599 3753 anni
1632 3721 1905 3755 numerantur
1926 3713 2013 3767 (V.
2051 3714 2217 3754 Lasscn.
2243 3710 2339 3754 lud.
2367 3710 2461 3753 Ale.
2477 3713 2513 3763 1,
2537 3724 2579 3768 p.
2602 3710 2678 3754 601
2694 3717 2738 3754 et

1502 3774 1710 3830 Zeitsclest
1734 3775 1781 3830 f.
1817 3778 1868 3817 Κ.
1893 3774 1936 3817 d.
1963 3777 2026 3817 M.
2057 3775 2113 3826 V,
2148 3787 2191 3831 p.
2226 3775 2308 3816 232
2344 3788 2407 3830 sq.
2433 3775 2466 3829 ).
2494 3773 2736 3816 Aecuratius

1502 3836 1590 3879 lta-c
1619 3839 1808 3894 persequi
1831 3837 1882 3880 ad
1903 3852 1978 3879 nos
1999 3851 2145 3894 parum
2164 3838 2356 3893 pertinet,
2382 3849 2511 3893 quum
2531 3836 2638 3879 ratio
2653 3845 2803 3892 W„

1501 3900 1784 3955 Megasthenes
1799 3901 1959 3956 singula
1971 3900 2234 3943 adornaverit
2246 3900 2381 3942 lateat.
2400 3900 2594 3942 Ceterum
2602 3904 2732 3941 anno·

1500 3963 1775 4018 Megasthenis
1803 3967 1911 4014 6042
1931 3978 2014 4005 non
2033 3962 2086 4005 ad
2109 3976 2234 4005 unam
2250 3962 2368 4004 istam
2393 3960 2483 4004 Cala·
2496 3955 2728 4017 periodum,

1502 4024 1572 4066 sed
1603 4026 1654 4068 ad
1682 4035 1877 4083 quattuor
1915 4025 2143 4081 Mahaijugae
2169 4033 2304 4082 partes
2335 4022 2572 4067 referendos
2597 4031 2682 4063 esse
2705 4031 2732 4060 e-
