2808 4342
489 22 539 78 Ο
755 77 760 82 ,
799 72 809 75 .,

706 106 749 153 0

191 226 282 270 296
523 250 571 297 Ο

182 321 298 383 γέρα
316 319 388 367 καὶ
405 317 624 373 Βυζάντιον
644 313 769 379 [καὶ]
788 310 983 374 Τοπσρὸν
1002 310 1073 357 καὶ
1088 309 1421 374 Τυραννοσὸόις.

188 383 297 439 Εἶτα
321 386 616 450 Σησεκρείεναι
647 383 866 445 λεγόμεναι
895 383 1013 436 νῆσοι
1042 378 1115 425 καὶ
1133 382 1161 436 ἡ
1183 381 1264 426 τῦν
1298 382 1423 443 Αἰγι-

191 458 289 504 δίων
308 456 379 503 καὶ
398 459 427 511 ἡ
451 458 533 501 τῶν
561 453 790 501 Καινειτῶν
817 446 927 495 κατὰ
959 446 1036 504 τὴν
1055 446 1284 508 λιγομίνην
1313 450 1425 512 Χιρο

189 526 381 583 σόνησον,
418 523 510 570 καθ’
541 521 611 572 οὓς
647 520 795 569 τόπους
829 517 910 564 εἰσὶ
945 518 1175 580 πειραταὶ,
1206 517 1280 563 καὶ
1316 519 1423 579 μετὰ

147 614 168 645 ι
189 595 344 651 ταύτην
379 589 517 645 Λευκὴ
548 593 682 644 νῆσος.
750 579 857 634 Εἶτα
889 584 1059 650 Νάουρα
1088 585 1160 632 καὶ
1187 585 1339 651 Τύνδις
1370 585 1424 634 τὰ

189 667 335 726 πρῶτα
375 660 554 720 ἐμπόρια
603 660 678 713 τῆς
718 658 978 718 Διμυρικῆς,
1022 654 1095 702 καὶ
1130 654 1238 715 μετὰ
1272 654 1426 711 ταύτας

189 729 383 791 Μουζιρὶς
406 727 476 772 καὶ
505 725 747 785 Νέλκυνδα,
775 727 819 771 αἱ
842 729 911 772 νῦν
929 724 1212 788 πράσσουσαι.

250 816 305 845 ω.
341 795 563 849 Βασιλείας
588 796 627 842 δ’
653 795 763 841 ἐστὶν
780 798 808 852 ἡ
828 794 904 856 μὲν
925 794 1075 849 Τῦνδις
1096 795 1422 860 Κηπροὸότρου,

189 934 367 977 Plinium
385 933 463 982 VI,
495 935 565 983 26,
600 945 679 974 100
700 944 710 972 ε
742 934 895 972 Postea
925 946 954 973 a
973 934 1126 986 Syagro
1146 928 1320 972 Arabioe
1336 945 1432 987 pro-

188 995 388 1039 montorio
422 995 598 1037 Patalen
630 994 816 1037 Favonio
851 1008 968 1051 quem
1002 993 1238 1050 Hippalum
1277 992 1338 1035 ibi
1359 1007 1430 1035 vo·

187 1072 299 1114 cant,
318 1062 412 1121 peti
438 1061 714 1104 certissimum
731 1059 958 1103 videbatur
974 1066 1134 1105 XIIII.
1159 1063 1335 1110 XXXV,
1366 1063 1430 1103 M.

181 1141 302 1183 pass.
320 1126 620 1168 oestumatione.
641 1129 787 1168 Secuta
804 1134 908 1166 oetas
916 1126 1174 1184 propriorem
1189 1138 1353 1166 cursum
1369 1133 1434 1165 tu-

190 1190 411 1245 tioremque
426 1187 650 1236 indicavit,
674 1187 714 1228 si
734 1187 789 1228 ab
806 1187 939 1230 eodem
947 1187 1231 1246 promontorio
1252 1186 1434 1240 Sigerum

182 1261 353 1308 portum
372 1250 508 1293 Indioe
516 1259 688 1308 peteret.
711 1249 798 1291 Diu
819 1249 959 1307 itaque
969 1251 1215 1305 navigatum
1230 1258 1291 1291 est
1311 1248 1435 1290 donec

188 1313 429 1371 compendia
453 1313 614 1355 invenit
648 1321 863 1361 mercator,
897 1313 1086 1371 lucroque
1116 1312 1245 1356 India
1264 1310 1435 1353 admota

189 1386 266 1418 est.
293 1376 457 1433 Quippe
486 1375 675 1417 omnibus
707 1374 831 1416 annis
862 1375 1092 1429 navigatur
1118 1374 1434 1429 sagittariorum

189 1438 425 1480 cohortibus
449 1436 683 1495 impositis,-
711 1436 858 1478 etenim
871 1437 1029 1495 piratoe
1059 1438 1239 1480 maxime
1262 1435 1434 1489 infesta·

190 1500 308 1543 bant.
338 1502 355 1556 ss
391 1524 450 1533 —
474 1514 514 1542 1.
539 1500 861 1555 Βυζάντιον]
889 1500 1107 1548 Βυζαντίων
1142 1498 1256 1549 cod.;
1287 1497 1435 1546 Βυζάν-

189 1578 293 1606 τιιον
325 1562 433 1605 Ptol.
463 1561 529 1604 Cf.
560 1562 702 1618 Stepb.
731 1563 861 1617 Byz.:
891 1562 1135 1621 Butdyuov..
1163 1560 1245 1603 ἔστι
1276 1559 1342 1601 καὶ
1362 1559 1434 1600 Βυ-

191 1626 348 1674 ζάντιον
383 1624 423 1666 ἐν
447 1627 499 1681 τῇ
536 1623 695 1681 Ἰνδικῇ.
726 1623 983 1666 Referendus
1005 1625 1121 1667 locus
1142 1622 1193 1666 ad
1226 1622 1342 1665 illum
1363 1622 1435 1678 qui

191 1689 235 1729 in
253 1689 440 1744 sequenti
459 1695 595 1728 tractu
616 1701 714 1728 mox
730 1687 913 1728 occurrit
931 1700 941 1728 τ
975 1690 1021 1730 V
1020 1686 1232 1739 izin-dmg
1250 1687 1336 1727 sive
1353 1688 1431 1727 Ge-

192 1750 300 1792 rial».
322 1751 431 1792 Hinc
457 1751 592 1792 Graeci
615 1763 738 1791 suum
757 1748 1034 1792 efformarunt
1054 1750 1240 1806 Byzantii
1265 1762 1435 1790 nomen.

190 1814 316 1855 Mitto
330 1827 423 1869 quae
452 1813 648 1868 opinatur
663 1814 908 1853 Mannertus
922 1813 980 1863 V,
1003 1827 1040 1863 ι,
1065 1827 1111 1868 p.
1137 1811 1231 1866 ¹95·
1254 1812 1271 1865 ΙΙ
1290 1810 1439 1851 -καὶ

192 1875 333 1917 ‘rom
341 1890 361 1930 ρ
374 1875 456 1931 δν]
482 1874 547 1915 καὶ
566 1873 728 1915 addidit
748 1874 978 1926 Fabricius,
1002 1874 1196 1916 Dubitari
1211 1881 1348 1914 tamen
1369 1886 1439 1928 po-

193 1945 272 1979 toet
288 1951 342 1979 an
363 1938 537 1979 omnino
560 1936 639 1978 loci
656 1950 810 1978 nomen
841 1936 995 1987 subsit3
1027 1936 1125 1978 sort.
1142 1943 1231 1977 erat
1250 1934 1295 1976 τὸ
1318 1935 1437 1989 πάρος

193 1998 330 2050 καὶΤ,
352 1998 482 2053 (olim
508 1997 634 2039 etiam
659 2001 753 2053 Tyr.
777 2001 812 2052 ).
833 1999 905 2040 Sin
929 1998 1044 2040 urbis
1065 2012 1219 2039 nomen
1248 1995 1436 2047 affertur,

193 2070 241 2103 ut
254 2069 373 2118 puto,
389 2062 526 2102 noecio
558 2074 611 2102 an
631 2059 755 2102 fuerit
786 2061 980 2117 Τογαρὸν,
1007 2062 1036 2103 i.
1059 2076 1098 2103 e.
1123 2058 1225 2101 hod.
1247 2062 1435 2110 Dewgur,

193 2123 308 2180 quod
327 2124 518 2181 proxime
533 2124 720 2178 sequitur
736 2131 830 2178 post
845 2125 886 2163 V
888 2121 1111 2175 ixia-drag.
1135 2123 1152 2176 ΙΙ
1170 2145 1228 2153 -
1245 2121 1305 2161 Τυ
1322 2136 1342 2176 ρ
1355 2135 1407 2161 αν
1420 2142 1439 2152 -

198 2184 576 2238 νοςὸόαςῙΙοοιιε
601 2184 769 2226 aliunde
791 2199 876 2226 non
904 2193 1043 2227 notus.
1070 2182 1346 2226 Collooendus
1366 2182 1439 2223 ubi

197 2261 310 2289 nunc
328 2249 618 2302 Bagmuntjur,
655 2260 752 2288 nam
782 2261 835 2288 ne
863 2246 973 2288 ultra
1003 2243 1283 2302 progrediaris
1308 2244 1440 2300 impe-

197 2307 321 2351 diunt
334 2323 427 2365 quae
436 2308 523 2364 jam
542 2317 775 2364 sequuntur
790 2308 949 2350 insulae.
974 2309 991 2363 ΙΙ
1011 2332 1068 2339 -
1086 2320 1128 2349 a.
1153 2306 1216 2359 Ση
1229 2321 1254 2347 o
1266 2321 1282 2348 ε
1295 2322 1318 2347 κ
1330 2321 1376 2361 ρε
1387 2306 1442 2347 (ε-

196 2387 328 2412 vat..
357 2370 383 2424 ἢ
407 2375 493 2412 τῶν
535 2370 783 2427 Αἰγιδίων
825 2387 863 2413 κ.
907 2370 932 2422 ἥ
978 2374 1074 2411 τῶν
1115 2369 1437 2410 Καινειτῶν..

195 2433 352 2486 Λευκή
365 2435 380 2488 ]
401 2436 656 2476 Postremam
691 2433 840 2475 eodem
872 2433 1044 2475 nomine
1076 2439 1281 2473 memorat
1309 2430 1444 2473 Ptole-

197 2510 324 2538 maeus
338 2497 437 2547 VII,
464 2510 503 2547 ι,
525 2494 596 2550 95,
614 2495 686 2537 ubi
703 2496 766 2537 hae
784 2502 1054 2537 recensentur
1073 2507 1083 2535 ε

467 2582 704 2636 Ἐπτανησία
774 2585 873 2634 1¹3⁰
901 2584 1013 2637 long.
1042 2582 1112 2623 13⁰
1131 2581 1200 2622 lat.

466 2647 675 2702 Τρικάδιδα
771 2661 786 2687 1
800 2660 814 2687 1
824 2647 868 2688 3ο
924 2670 982 2677 -
1043 2658 1059 2685 t
1071 2654 1112 2685 1⁰
1140 2667 1193 2675 —

468 2710 656 2765 Πεπερὶνη
771 2723 786 2750 1
800 2710 868 2750 ι5ο
925 2732 983 2739 -
1044 2716 1113 2747 12⁰
1139 2705 1191 2746 25

468 2772 652 2826 Τρινησία
770 2784 784 2810 1
799 2775 867 2811 16⁰
924 2794 981 2801 —
1042 2778 1112 2808 12⁰
1137 2791 1194 2799 —

471 2835 499 2873 Α
505 2834 595 2885 ευκή

197 2915 363 2957 Priores
385 2922 582 2968 quattuor
595 2928 646 2954 ex
677 2922 793 2969 parte
808 2913 951 2953 saltem
975 2913 1073 2953 item
1103 2910 1155 2952 ad
1187 2910 1338 2951 insulas
1360 2924 1443 2951 orae

197 2974 446 3031 adjacentes,
467 2990 552 3018 non
569 2990 667 3017 vero
678 2974 730 3016 ad
745 2974 1022 3017 Lacca-diam:
1039 2973 1205 3022 insulas,
1217 2972 1443 3013 reserenda:

197 3051 286 3080 esse
304 3037 515 3089 videntur,
535 3052 666 3094 quum
691 3038 733 3078 in
752 3038 834 3077 situ
853 3035 1080 3077 insularum
1103 3033 1328 3074 indicando
1348 3037 1440 3074 Pto·

199 3099 366 3142 lemarus
399 3100 768 3155 negligentissimus
799 3112 886 3140 esse
914 3097 1056 3138 soleat.
1081 3094 1239 3137 Eodem
1266 3097 1443 3151 pertinet

199 3161 314 3219 quod
344 3161 590 3205 Ptolemaeus
608 3164 686 3213 IV,
711 3176 753 3217 7,
776 3174 820 3202 ιι
844 3175 895 3203 ex
920 3159 1027 3210 alio,
1061 3166 1106 3200 ut
1130 3157 1308 3207 videtur,
1332 3158 1444 3198 sonte

199 3226 309 3267 inter
329 3225 482 3268 insulas
503 3240 596 3282 quae
616 3222 835 3282 πρόκεινται
859 3226 928 3276 τῆς
949 3221 1201 3277 Ταπροὸάνης
1224 3219 1348 3261 habet
1370 3221 1443 3260 Κά-

200 3288 343 3344 ναθραν
371 3297 414 3330 et
434 3287 635 3344 Αἰγιὸίων,
657 3302 749 3343 quae
766 3302 791 3329 a
809 3286 961 3328 nostris
982 3284 1173 3326 Καινετῶν
1192 3291 1234 3324 et
1256 3282 1441 3338 Αἰγιδίων

199 3350 270 3392 vix
290 3350 463 3393 diversae
485 3360 598 3393 sunt.
621 3352 762 3393 Prima
780 3363 864 3391 ora·
883 3347 1016 3390 insula
1035 3361 1147 3390 nunc
1164 3354 1336 3387 vocatur
1352 3346 1442 3387 Sin·

198 3413 245 3466 gi
262 3412 378 3466 drog,
401 3427 527 3469 quam
546 3413 760 3469 excipiunt
781 3414 914 3453 Burnt
937 3407 1112 3458 islands,
1133 3421 1185 3449 ex
1203 3406 1334 3462 iisque
1352 3421 1443 3463 sep-

202 3483 286 3517 tem
309 3474 452 3516 insulae
481 3490 566 3531 prae
585 3475 731 3517 ceteris
760 3474 1003 3529 conspicua>
1018 3470 1033 3528 (
1048 3470 1230 3512 vincent
1244 3482 1287 3524 p.
1312 3470 1438 3523 434).

202 3538 278 3579 11ae
305 3538 429 3591 igitur
444 3537 599 3579 luerint
615 3537 883 3593 Σησεκρείεναι
896 3533 1073 3591 Peripli,
1097 3531 1334 3584 Ἔπτανησία
1348 3533 1443 3578 Pto-

203 3598 350 3641 lema-i.
375 3600 601 3654 Sequensifl
633 3605 708 3641 τῶν
733 3599 916 3655 Λίγιδὶων
950 3597 1160 3654 aptissime
1176 3595 1359 3638 ,refertur
1389 3594 1440 3635 ad

203 3658 306 3703 hod.
332 3663 420 3702 Gca
452 3662 495 3702 in
514 3664 608 3703 sinu
630 3667 719 3704 Goa
745 3663 894 3712 nrbis.;
928 3660 952 3713 ἢ
976 3665 1053 3702 τῶν
1084 3659 1292 3707 Καινετῶν,
1312 3670 1442 3712 quum

168 3728 171 3733 '
205 3722 464 3766 Chersoneso
486 3723 671 3779 adjacere
693 3724 871 3774 dicatur,
898 3724 1020 3765 suerit
1053 3722 1106 3764 lle
1127 3720 1177 3762 de
1197 3724 1239 3762 S.
1268 3722 1440 3772 Georgo,

206 3784 275 3826 eui
297 3785 340 3825 in
355 3783 615 3826 Chersoneso
643 3784 799 3839 adjacet
819 3787 1065 3837 Murmagar
1082 3782 1182 3824 urbs
1203 3780 1446 3837 (Ἇρμάγαρα

206 3844 413 3888 Ptolemaei
430 3847 470 3900 );
507 3848 634 3887 Leuce
671 3846 849 3901 denique
891 3846 941 3888 ad
973 3854 1211 3902 sequentem
1243 3842 1415 3886 insulam
1431 3875 1442 3894 ,

207 3922 300 3963 quae
325 3922 438 3950 nunc
469 3916 639 3950 vocatur
666 3908 931 3960 Amlgwclim,
954 3909 1160 3963 pertinere
1181 3906 1320 3949 debet.
1348 3907 1366 3962 ΙΙ
1390 3930 1447 3939 -

211 3970 252 4013 5.
287 3970 520 4027 Νάουρα]
554 3970 690 4012 Hodie
730 3979 792 4012 est
828 3973 1025 4012 nonam
1057 3972 1163 4023 (14⁰
1207 3968 1272 4011 16'
1308 3968 1382 4012 iat.
1400 3972 1443 4024 ),

207 4034 394 4075 sanserit.
417 4035 649 4075 naum-am
664 4034 681 4088 (
696 4033 849 4089 Bensey
865 4033 890 4075 l.
910 4033 937 4075 Ι.
959 4046 1003 4089 p.
1021 4046 1074 4087 92
1089 4035 1122 4087 ).
1146 4031 1388 4074 Ptolemaeus
1403 4031 1444 4073 id

770 2836 867 2875 118⁰
924 2856 981 2864 —
1043 2840 1195 2871 12⁰—

955 209 1247 260 ANONYMI
1282 208 1591 271 (annunt,
1621 209 1708 260 m·
1737 211 2006 274 FERTUR)

2632 200 2737 278 (⁸0³
2782 275 2783 279 ,

1491 317 1752 374 Byzantium,
1776 317 2008 375 Toparum,
2029 318 2360 375 Tyrannosboas.
2405 318 2609 374 Deinceps
2636 325 2751 363 sum¹
2768 311 2780 318 ”

1492 397 1738 441 Scau-ient
1754 395 1876 440 dieta
1896 398 2066 451 insule,
2085 398 2163 442 alia
2183 398 2467 454 AEgidiorum,
2491 407 2581 441 tum
2603 398 2737 443 Caeni-
2766 390 2768 392 ’

1493 483 1633 519 tarum
1662 477 1921 520 Chersoneso
1955 475 2117 534 objecta
2150 477 2335 535 (quibus
2374 480 2418 521 in
2454 478 2554 521 locis
2591 460 2780 535 pit-atmi-

1493 557 1640 611 sunt),
1673 564 1714 598 et
1745 564 1839 613 post
1866 556 1977 600 hanc
2006 557 2146 599 Iaeuoe
2176 556 2324 599 insula.
2383 558 2495 599 Tum
2531 559 2669 600 Naura
2694 533 2768 600 ets

1493 635 1668 692 Tyndis,
1688 637 1825 694 prima
1842 638 2060 695 Limyrieoe
2076 638 2277 695 emporia,
2295 651 2397 693 quas
2413 638 2626 695 excipiunt
2639 639 2735 680 Mu·

1494 714 1591 756 ziris
1612 722 1654 756 et
1675 714 1913 773 Nelcynda,
1934 729 2061 772 penes
2078 730 2182 772 quas
2206 731 2319 758 nunc
2340 730 2405 757 res
2429 724 2542 758 sunt.

1554 797 1623 847 54.
1652 796 1827 854 Tyndis,
1848 798 2017 853 insignis
2041 798 2154 840 vicus
2173 798 2403 839 maritimus
2417 829 2428 847 ,
2453 811 2581 851 regno
2602 796 2739 853 subje-
2754 778 2770 834 ’ὲ

1497 945 1651 972 nomen
1666 945 1752 972 non
1773 930 1955 986 praebet;
1979 938 2072 986 post
2095 933 2318 985 Armagara
2347 931 2493 973 urbem
2515 938 2628 972 notat
2658 931 2739 972 Na·
2767 922 2786 971 j'

1498 1006 1704 1047 nagunam
1721 992 1895 1033 fluvium
1912 999 1954 1033 et
1966 990 2161 1047 deinceps
2172 992 2316 1047 Νίτραν
2332 992 2531 1048 ἐμπόριον,
2549 992 2740 1034 Meriana
2767 990 2776 1042 s

1499 1069 1566 1110 ap.
1590 1054 1787 1096 Plinium.
1821 1051 1984 1106 Quodsi
2018 1052 2147 1095 Nitm
2176 1052 2321 1095 eadem
2355 1062 2418 1096 est
2445 1068 2541 1096 cum
2581 1055 2735 1105 Naura,
2771 1083 2779 1094 .

1500 1117 1743 1159 Ptolemaeus
1767 1124 1809 1157 et
1835 1115 1992 1157 Plinius
2020 1128 2136 1156 oram
2162 1114 2389 1170 piratarum
2418 1115 2556 1171 {mullo
2578 1115 2739 1170 longius
2770 1109 2774 1123 ‘

1500 1194 1625 1235 quam
1634 1187 1774 1221 noster
1787 1176 2018 1220 extendunt
2032 1193 2043 1228 ;
2057 1177 2120 1218 sin
2135 1175 2189 1217 de
2200 1177 2418 1232 Limyrieoe
2435 1177 2555 1219 initio
2566 1192 2740 1220 consen·

1501 1244 1626 1293 fiunt,
1649 1242 1768 1284 Nitra
1785 1237 1891 1282 soret
1907 1237 2180 1296 quaerendum
2199 1238 2241 1278 in
2263 1236 2366 1279 hod.
2391 1236 2581 1293 Mirdjan
2595 1270 2606 1287 ,
2626 1241 2740 1295 quod
2776 1247 2782 1258 ²

1500 1319 1524 1346 a
1543 1307 1740 1346 Honaver
1760 1318 1847 1345 non
1882 1302 2005 1358 longe
2030 1300 2155 1343 distat
2174 1300 2344 1342 boream
2371 1313 2527 1341 versus.
2550 1299 2659 1342 Illud
2683 1310 2743 1344 ta-
2767 1328 2778 1335 ⁷-

1501 1382 1597 1409 men
1615 1366 1887 1423 probabilius.
1904 1365 2026 1408 Plinii
2037 1363 2174 1406 locum
2189 1394 2201 1415 ,
2220 1378 2272 1405 ex
2286 1362 2446 1420 periplo
2459 1361 2598 1418 aliquo
2613 1364 2743 1405 nostri
2761 1378 2771 1413 ζ

1501 1429 1652 1480 simili,
1672 1429 1845 1470 minime
1862 1436 2001 1470 tamen
2029 1441 2081 1468 ex
2102 1426 2192 1482 ipso
2221 1433 2365 1466 nostro
2396 1425 2475 1479 (ut
2491 1423 2661 1480 quidam
2682 1432 2742 1467 te·
2761 1458 2771 1472 .

1501 1506 1615 1533 mere
1631 1490 1968 1545 contenderunt)
2000 1489 2175 1546 petitum
2190 1519 2202 1539 ,
2222 1487 2454 1529 exscribere
2483 1494 2617 1528 totum
2641 1486 2683 1528 h.
2711 1486 2740 1529 l.

1502 1568 1587 1596 non
1610 1554 1755 1596 inutile
1783 1555 1852 1595 sit.
1882 1555 1945 1595 Ita
1962 1552 2086 1594 habet
2103 1552 2180 1601 VI,
2209 1554 2263 1592 26
2285 1552 2309 1604 S
2331 1553 2407 1599 ιο4
2428 1562 2438 1590 :
2465 1547 2592 1590 Indos
2606 1558 2742 1591 autem

1494 1617 1734 1674 petentibus
1762 1614 2031 1657 utilissimum
2045 1622 2107 1654 est
2124 1613 2178 1653 ab
2197 1611 2308 1654 Oceli
2324 1611 2473 1665 egredi.
2498 1610 2601 1653 Inde
2622 1621 2744 1654 vento
2775 1640 2777 1642 -

1504 1678 1694 1736 Hippalo
1726 1677 1932 1729 navigant
1953 1675 2098 1717 diebus
2129 1677 2204 1716 XL
2225 1673 2285 1715 ad
2303 1674 2490 1732 primum
2520 1674 2744 1730 emporium

1503 1741 1638 1783 Indioe
1666 1739 1867 1783 Muzirim
1889 1753 1968 1780 non
1999 1736 2265 1795 expetendum
2287 1745 2463 1794 propter
2485 1734 2648 1777 vicinos
2672 1736 2744 1794 pi·

1503 1812 1620 1845 ratas
1640 1803 1714 1859 qui
1743 1801 1930 1859 optinent
1959 1800 2090 1842 locum
2120 1799 2279 1840 nomine
2308 1797 2493 1847 Nitrias,
2529 1811 2654 1854 neque
2683 1805 2747 1840 est

1502 1865 1720 1908 abundum
1744 1863 1959 1906 mercibus.
1982 1865 2185 1903 Proeterea
2215 1861 2328 1913 longe
2351 1874 2378 1900 a
2396 1868 2506 1901 terra
2534 1859 2651 1901 abest
2669 1873 2745 1902 na·

1502 1929 1620 1971 vium
1635 1927 1782 1976 statio,
1813 1925 2087 1982 lintribusque
2114 1923 2363 1978 adseruntur
2386 1936 2507 1963 onera
2523 1931 2563 1963 et
2580 1936 2746 1974 egerun-
2780 1936 2793 1974 '.

1507 2000 1591 2032 tur.
1613 1989 1825 2043 Regnabat
1849 1987 1923 2038 ibi,
1952 2002 2076 2044 quum
2086 1985 2298 2044 proderem
2321 1984 2420 2035 hoec,
2456 1983 2743 2028 azloboehms.
2782 2010 2787 2030 e

1504 2053 1631 2095 Alius
1661 2051 1808 2094 utilior
1829 2059 1980 2108 portus
1997 2049 2133 2102 gentis
2161 2046 2434 2103 Neacyndon,
2465 2046 2540 2103 qui
2567 2056 2744 2090 vocatur

1504 2119 1654 2158 Becare
1674 2115 1766 2169 (sic
1783 2111 1927 2163 codd.;
1949 2115 2104 2154 Barace
2126 2108 2374 2155 Harduimet
2392 2108 2505 2163 Sillig
2521 2110 2554 2163 ).
2586 2108 2658 2150 Ibi
2687 2122 2748 2151 re—

1503 2177 1663 2230 gnabat
1703 2174 1910 2226 Pandion,
1944 2173 2057 2226 longe
2088 2172 2143 2214 ab
2174 2171 2354 2229 emporio
2383 2171 2426 2213 in
2456 2169 2749 2215 mediterraneo

1506 2238 1692 2280 distante
1705 2235 1860 2294 oppido
1869 2234 1980 2292 quod
1992 2242 2168 2275 vocatur
2176 2232 2383 2286 Modura(
2397 2230 2499 2274 hod.
2516 2231 2701 2275 Modum
2712 2234 2746 2287 ).
2783 2256 2801 2284 ,-

1507 2299 1632 2354 Regio
1652 2308 1790 2341 autem
1811 2313 1863 2340 ex
1881 2311 1965 2354 qua
1973 2296 2101 2354 piper
2117 2294 2344 2350 monoxylis
2362 2293 2559 2336 lintribus
2576 2297 2751 2337 Becaren
2778 2323 2780 2326 >

1506 2363 1749 2411 convehunt,
1771 2364 2010 2403 Cottonara.
2031 2361 2131 2411 Qua:
2147 2357 2328 2399 omnium
2339 2355 2522 2410 gentium
2533 2365 2751 2414 pore-auno-
2786 2367 2787 2370 ’

1508 2440 1558 2466 ve
1587 2434 1663 2466 aut
1687 2423 1933 2482 oppidorum
1955 2420 2122 2463 nomina
2143 2418 2261 2477 apud
2278 2418 2475 2461 neminem
2486 2418 2670 2476 priorem
2687 2433 2750 2461 m-
2796 2414 2805 2438 '³

1501 2487 1738 2545 periuntur,
1776 2501 1856 2543 quo
1883 2484 2060 2542 adparet
2090 2482 2247 2524 mutari
2277 2482 2453 2523 locorum
2479 2490 2635 2524 status.
2658 2483 2752 2538 ΙΙ-ὲ
2799 2476 2805 2528 ἐ

1508 2550 1714 2606 Τῦνδις]
1747 2547 1906 2591 Tundis
1934 2548 1977 2588 in
1997 2546 2102 2588 Tab.
2139 2545 2329 2598 Peuting.
2353 2542 2575 2585 Ptolemaeo
2592 2538 2751 2600 primm
2803 2567 2805 2600 2

1510 2613 1737 2669 Limyrices
1758 2611 1888 2652 locus.
1917 2610 2081 2651 Nomen
2125 2605 2371 2649 Tundi-eera
2394 2604 2510 2661 quod
2542 2606 2585 2647 in
2621 2605 2752 2649 Brah·
2803 2609 2805 2663 J

1510 2673 1795 2717 manda-Pura
1810 2673 1975 2727 legitur,
2007 2669 2060 2712 ad
2082 2670 2195 2711 hunc
2216 2668 2353 2710 locum
2383 2668 2591 2723 pertinere
2613 2675 2754 2712 censet
2803 2708 2806 2726 ‚

1510 2737 1714 2793 Benl'eyus
1735 2735 1764 2777 l.
1796 2735 1825 2777 l.
1856 2735 2064 2775 Vincento
2093 2729 2218 2773 hodie
2250 2738 2310 2771 αἱ
2332 2729 2555 2771 Barcelore.
2586 2730 2767 2775 Mallem
2799 2745 2801 2769 ς

1511 2799 1735 2854 intelligere
1762 2811 1854 2853 quae
1889 2811 1914 2838 a
1947 2794 2162 2837 Barcelore
2183 2793 2374 2848 proxima
2405 2801 2468 2834 αἱ
2502 2791 2757 2851 Kandapur,'

1516 2862 1595 2916 ΙΙ-
1609 2865 1650 2902 6.
1675 2862 1706 2902 Λ
1720 2858 1970 2915 ιμυρικῆς]
1985 2853 2367 2912 SqrtlaeiaDymirice
2381 2854 2424 2895 in
2436 2854 2542 2896 Tab.
2559 2855 2752 2911 Peuung.

1510 2921 1747 2966 Secundum
1773 2919 2052 2963 Wilsordium
2076 2932 2229 2959 nomen
2259 2925 2397 2958 ortum
2417 2924 2478 2958 aet
2503 2931 2555 2958 ex
2584 2917 2752 2960 Al-mu·
2802 2927 2806 2950 ³

1511 2986 1599 3034 ria,
1638 2987 1681 3026 in
1711 2998 1797 3040 quo
1818 2983 1879 3025 Al
1904 2984 1957 3023 sit
1986 2979 2182 3023 articulus
2217 2978 2442 3030 Arabicus,
2470 2979 2630 3021 nitarica
2654 2993 2759 3035 vem

1511 3048 1669 3090 derivet
1688 3047 1741 3089 ab
1769 3045 1909 3088 indico
1929 3058 2046 3085 mura
2068 3045 2207 3097 (terra
2229 3040 2440 3096 mortua),
2466 3054 2552 3095 quo
2582 3042 2716 3083 nomi·
2739 3072 2744 3075 -

1511 3110 1578 3151 hic
1593 3118 1747 3151 tractus
1769 3108 2003 3162 designatus
2031 3107 2099 3146 sit.
2124 3103 2304 3158 Benseyo
2326 3116 2411 3144 non
2432 3102 2650 3144 verisimile
2664 3116 2752 3145 esse

1512 3171 1676 3212 videtur
1694 3172 1877 3219 Gra-cos,
1895 3169 2048 3224 quippe
2067 3166 2138 3221 qui
2163 3166 2238 3220 ipsi
2259 3164 2332 3205 has
2350 3163 2537 3217 regiona
2552 3162 2748 3216 adierint,

1511 3246 1663 3273 nomen
1679 3230 1917 3271 assumsisse
1945 3226 2145 3283 particula
2167 3225 2329 3266 arabioa
2353 3223 2628 3267 adulteratum
2645 3241 2657 3276 ς
2677 3225 2761 3270 etti

1511 3292 1679 3349 quidem
1699 3291 1958 3333 refutationis
1973 3297 2218 3343 argumento
2231 3302 2313 3327 non
2327 3286 2504 3328 multum
2515 3287 2731 3333 tribuerim
2746 3327 2756 3340 ν

1510 3357 1603 3411 Ipse
1625 3354 1654 3396 Ι.
1675 3354 1702 3395 Ι.
1721 3368 1764 3409 p.
1783 3366 1837 3407 92
1859 3351 1979 3393 aliam
1994 3351 2318 3392 artificiosiorem
2334 3350 2532 3405 proponit
2552 3358 2692 3406 etymo
2715 3372 2721 3384 ·

1512 3418 1620 3471 giam
1634 3448 1645 3468 ,
1666 3415 1719 3457 de
1737 3429 1817 3470 qua
1841 3413 2003 3455 videant
2030 3414 2199 3454 istarum
2218 3412 2431 3453 literarum
2445 3413 2583 3468 periti.
2615 3413 2681 3458 Li
2700 3458 2735 3470 Ι,

1514 3481 1596 3521 rice
1610 3510 1622 3530 ,
1646 3479 1718 3528 ait,
1740 3478 1839 3531 ling.
1865 3491 2020 3517 sanscr.
2046 3483 2107 3516 cst
2129 3473 2549 3524 Cri-merd-Kak‘klea,
2572 3475 2600 3516 i.
2621 3489 2662 3517 e.

1512 3556 1624 3583 cram
1657 3543 1773 3583 Mem
1802 3540 1917 3581 litus.
1942 3541 1989 3580 In
2018 3538 2081 3579 his
2111 3537 2187 3585 cri,
2219 3551 2398 3586 sacrum,
2429 3537 2585 3592 vulgari
2615 3537 2641 3579 li
2672 3562 2688 3585 ι,
2722 3538 2724 3543 ’

1513 3604 1772 3660 pronuntiari
1795 3602 1904 3651 ssili,
1931 3611 2013 3643 tam
2045 3601 2157 3642 tenui
2188 3601 2332 3655 primae
2354 3599 2481 3641 literae
2509 3600 2672 3655 spiritu,
2716 3624 2718 3629 ·
2742 3600 2746 3601 ⁷
2794 3599 2802 3638 'f

1514 3682 1535 3706 s
1560 3667 1673 3708 stucile
1695 3673 1923 3715 evanescat,
1955 3663 2141 3719 adeoque
2158 3677 2208 3704 ex
2237 3662 2291 3718 (ς)
2323 3661 2372 3703 ili
2401 3661 2566 3703 nieruka
2593 3661 2652 3716 (k’
2732 3675 2741 3718 ᾗ
2792 3655 2797 3662 ’

1517 3731 1625 3771 nasci
1643 3729 1821 3785 potuerit
1840 3726 2041 3783 Λιμυρική.
2061 3728 2255 3767 Ceterum
2274 3723 2604 3767 Moru-Kak'klea
2618 3724 2661 3766 in
2725 3738 2743 3775 ‘-

1518 3792 1683 3845 regione
1702 3790 1822 3846 juxta
1842 3789 2014 3842 Malaga
2035 3787 2272 3844 (Malabar)
2304 3794 2345 3827 et
2367 3785 2591 3828 Maelio-clm
2612 3788 2630 3840 (
2656 3813 2658 3820 ·
2682 3794 2712 3821 ω’
2748 3799 2756 3810 ’

1517 3853 1637 3894 >ca-132
1668 3854 1844 3895 Ptolem.
1868 3855 1885 3906 )
1909 3851 2128 3893 memorari
2150 3850 2191 3891 in
2220 3848 2542 3891 Naraliasanbita
2561 3849 2650 3902 (V.
2670 3849 2690 3901 ἦ
2728 3843 2746 3882 ν’
2772 3867 2779 3882 ÷
2800 3851 2808 3889 ζ

1519 3917 1609 3955 nes.
1644 3917 1760 3956 vm.
1794 3929 1836 3970 p.
1879 3914 2007 3967 545).
2037 3935 2094 3944 -
2120 3910 2363 3953 Ptolemaeus
2395 3911 2503 3953 inter
2520 3907 2688 4007 ‘I'Kudh

1517 3971 1707 4011 Muzirim
1748 3969 1834 4011 duo
1877 3969 1998 4011 babet
2038 3968 2125 4010 loca
2140 3998 2152 4018 ,
2194 3966 2430 4023 Βραμάγαρα
2474 3974 2515 4008 et
2588 3963 2789 4009 am

1518 4032 1597 4087 ρῖας
