2756 4354
97 182 168 241 (ω,
187 182 257 242 ιι.)

96 284 137 330 δὲ
167 289 297 329 ταῦτα
335 282 452 334 πόλις
483 279 613 343 Φαρὰ
645 279 717 325 καὶ
748 277 856 324 κατὰ
883 281 1014 323 ταῦτα
1053 277 1176 348 νῇσός
1212 281 1321 324 ἐστιν

95 354 240 409 Ἰθάκη
253 390 266 414 ‚
287 353 356 399 καὶ
372 350 488 401 πόλις
508 348 578 394 καὶ
600 344 750 408 λιμήν·
771 346 876 407 μετὰ
896 351 1028 392 ταῦτα
1046 349 1166 402 νῆσος
1186 349 1323 409 Κεφα-

94 424 229 479 ληνία.
296 419 516 478 Ἐπάνειμι
550 417 591 462 δὲ
626 418 750 462 πάλιν
785 417 854 462 ἐπὶ
892 415 967 471 τὴν
1005 415 1196 480 ἤπειρον,
1233 418 1322 462 ὅθεν

98 493 312 538 ἀπέλιπον.
379 487 501 535 Μετὰ
516 491 647 533 ταῦτα
668 487 784 538 π’όλις
800 485 980 542 Ἀλυζία,
1004 486 1074 530 καὶ
1098 487 1207 544 κατὰ
1225 486 1324 531 ταύ-

95 581 171 617 την
192 564 311 615 νῆσος
333 557 506 619 Κάρνος,
534 556 606 612 καὶ
639 556 755 607 πόλις
777 554 973 606 Ἀστακὸς
992 555 1062 600 καὶ
1097 555 1223 615 λιμὴν
1252 555 1324 600 καὶ

99 626 284 686 ποταμὸς
306 626 504 687 Ἀχελῷος
527 624 597 670 καὶ
622 624 815 671 Οἰνιάδαι
835 622 973 674 πόλις·
993 622 1064 668 καὶ
1088 625 1142 675 εἷς
1175 624 1327 687 ταύτας

99 699 112 756 (
131 696 201 748 τὰς
215 695 376 756 πόλεις)
397 694 600 745 ἀνάπλους
619 693 705 738 ἐστὶ
724 692 830 738 κατὰ
848 691 932 737 τὸν
965 692 1184 754 Ἀχελῷον.
1232 694 1327 739 Εἰσὶ

96 765 139 811 ’δὲ
160 765 230 810 καὶ
267 764 390 809 ἄλλαι
418 764 557 815 πόλεις
589 763 846 824 Ἀκαρνάνων
872 764 912 807 ἐν
948 762 1162 824 μεσογείᾳ.
1227 765 1325 808 Πα-

103 834 280 897 ράπλους
309 832 351 878 δὲ
383 832 648 895 Ἀκαρνανίας
672 831 781 877 ἐστὶν
810 834 975 894 ἡμερῶν
1001 830 1125 879 δύο*.
1195 830 1249 877 ‘H
1285 831 1326 876 δὲ

95 902 341 966 Ἀκαρνανία
362 902 448 947 ἐστὶ
473 910 590 946 πᾶσα
620 901 847 961 εὐλίμενος·
871 900 941 946 καὶ
964 900 1072 945 κατὰ
1102 905 1232 946 ταῦτα
1255 905 1329 956 νῆ-

94 967 162 1018 ’σοι
187 972 461 1035 παράκεινται
483 971 660 1027 πολλαὶ,
688 970 734 1022 ἃς
760 974 780 1015 ὃ
804 971 1004 1031 Ἀχελῷος
1023 970 1326 1032 προσχωννύων

65 1068 69 1073 «
96 1042 265 1104 ἤπειρον
282 1047 406 1089 ποιεῖ.
479 1043 715 1087 Καλοῧνται
734 1040 950 1102 Ἐχινάδες
971 1042 1013 1084 αἱ
1033 1044 1169 1095 ν’ῆσοι·
1188 1040 1267 1086 εἶσὶ
1288 1039 1329 1085 δὲ

98 1111 260 1174 ἔρημοι.
994 1172 998 1177 ι

161 1192 219 1228 35.
247 1183 474 1228 ΑΙΤΩΛΙΑ.
503 1180 621 1228 Μετὰ
647 1179 688 1225 δὲ
721 1178 991 1242 Ἀκαρνανίαν
1016 1178 1330 1233 Αἰτωλία-ἐστὶν

105 1252 228 1311 ἔθνος,
248 1251 318 1296 καὶ
337 1251 475 1302 πόλεις
495 1252 535 1295 ἐν
569 1253 671 1312 αὐτῇ
683 1249 792 1295 ,εἰσὶν
828 1249 938 1295 αἵδε·
970 1248 1191 1306 Καλυδὼν,
1220 1248 1333 1296 Ἁλί-

96 1341 255 1384 καρνα,
297 1319 556 1383 Μολύκρεια·
591 1319 662 1364 καὶ
702 1323 722 1364 ὃ
765 1319 963 1381 Δελφικὸς
1000 1319 1169 1370 κόλπος·
1194 1318 1329 1378 στόμα

104 1392 146 1436 δὲ
183 1395 252 1435 τοῦ
291 1389 442 1434 κόλπου
481 1388 566 1433 ἐστὶ
606 1389 753 1433 στάδια
790 1388 831 1444 ι’,
855 1388 926 1433 καὶ
959 1388 1022 1433 ἐπ’
1054 1390 1176 1433 αὐτοῦ
1205 1388 1334 1449 ἱερόν·

101 1459 172 1522 καὶ
191 1459 441 1509 Ναύπακτος
462 1457 591 1509 πόλις·
614 1458 684 1503 καὶ
707 1458 769 1502 ἐπ’
796 1459 900 1520 αὐτῇ
924 1459 1060 1510 πόλεις
1082 1457 1181 1502 εἰσὶν
1213 1458 1336 1502 ἄλλαι

104 1636 292 1691 Ἐχιάδην
318 1636 367 1693 (?)
393 1635 523 1687 τάξας,
541 1638 681 1685 παῖδας
703 1635 819 1677 αὐτοῦ
840 1637 986 1684 νόθους.
1011 1661 1067 1667 -
1086 1638 1187 1677 Mox
1206 1637 1338 1679 codex

101 1697 476 1753 ἀποτεταφρουμὲνη.
515 1701 578 1740 De
619 1714 664 1740 re
698 1713 738 1739 v.
768 1698 914 1739 Strabo
944 1698 973 1739 l.
1002 1698 1049 1749 l.;
1071 1699 1228 1740 Plinius
1257 1701 1334 1751 IV,

102 1774 156 1811 23
182 1762 323 1803 Livius
341 1762 552 1812 XXXIII,
584 1775 660 1816 17;
685 1761 881 1816 Polybius
905 1763 961 1812 V,
988 1762 1008 1802 5
1026 1794 1036 1811 ,
1063 1775 1138 1812 123
1160 1764 1334 1817 Dionys.

101 1826 153 1864 A.
178 1826 229 1864 R.
249 1826 284 1874 I,
317 1823 394 1875 503
418 1824 684 1879 Thucydides
713 1826 790 1875 III,
818 1826 886 1865 81.
911 1826 988 1875 IV,
1016 1826 1056 1865 8.
1082 1826 1193 1865 Usus
1213 1825 1337 1880 hujus

101 1885 217 1926 sossae
238 1887 484 1942 perexiguus
507 1886 601 1937 fuit,
634 1901 765 1942 quum
784 1885 895 1941 justa
913 1886 1200 1942 profunditate
1224 1903 1335 1928 care-

100 1957 163 1989 ret
185 1950 400 2004 arenisque
423 1964 527 2004 saepe
560 1949 861 1990 obstrueretur.
898 1952 1038 2002 Quare
1059 1951 1216 1990 Leucas
1238 1965 1336 2005 pro-

98 2012 255 2052 miscue
299 2011 426 2053 modo
479 2012 612 2053 insula
648 2011 776 2053 modo
823 2013 1040 2067 peninsula
1071 2012 1239 2068 dicitur.
1278 2015 1333 2053 V.

99 2075 291 2115 Mannert
322 2075 427 2115 VIII
441 2106 452 2125 ,
476 2089 519 2129 p.
547 2087 598 2129 72
612 2107 623 2124 ,
645 2083 686 2115 et
712 2075 755 2114 in
774 2075 1015 2114 universum
1033 2073 1227 2114 Kendrik
1258 2075 1339 2115 Tlce

98 2135 251 2176 Ionian
289 2136 356 2178 isl.
395 2151 438 2191 p.
466 2140 517 2186 64
541 2151 658 2192 sqq.‚
694 2136 952 2178 Grandisson
974 2140 1110 2190 Essay
1142 2152 1250 2192 upon
1275 2137 1339 2177 the

97 2196 260 2238 islands
292 2198 347 2251 of
372 2198 507 2252 Corsa,
547 2194 763 2239 Leucadia
785 2207 863 2239 etc.
886 2213 930 2253 p.
969 2200 1019 2239 85
1056 2213 1167 2254 sqq.‚
1205 2198 1338 2242 Leake

101 2262 158 2300 N.
185 2263 258 2301 Gr.
283 2263 370 2310 III,
391 2275 434 2315 p.
466 2274 512 2300 11
538 2275 646 2314 sqq.‚
670 2262 807 2301 Kruse
829 2261 973 2302 Hellas
994 2263 1050 2311 H,
1071 2275 1100 2317 p
1124 2264 1205 2303 360
1227 2276 1336 2316 sqq.‚

102 2322 256 2364 Boeckh
291 2324 340 2365 C.
362 2325 493 2364 Inscr.
529 2324 585 2373 Π,
609 2324 662 2363 Ν.
706 2337 826 2377 1919.
855 2324 868 2375 {l
892 2348 949 2354 ——
970 2324 1134 2379 Φαρά]
1167 2326 1338 2364 Vossius

99 2394 144 2425 et
177 2387 332 2427 Gailius
367 2387 618 2440 scripserunt
650 2386 794 2440 Φεραί,
833 2387 987 2440 absque
1024 2402 1144 2428 causa
1172 2387 1335 2428 idonea.

101 2450 239 2488 Locus
260 2448 425 2499 aliunde
447 2463 532 2488 non
558 2456 695 2488 notus.
719 2449 872 2489 Ruinas
893 2449 981 2504 ejus
1014 2465 1098 2490 esse
1119 2459 1267 2505 putant
1285 2450 1338 2491 ad

96 2525 219 2550 oram
239 2510 549 2552 meridionalem
569 2511 612 2552 in
634 2525 780 2566 eampo
798 2514 842 2552 V
838 2512 1020 2561 asiliclzi,
1039 2527 1169 2567 prope
1188 2514 1339 2553 ostium

99 2573 303 2613 Granada
332 2574 469 2624 fluvii,
498 2589 520 2614 e
543 2575 710 2627 regione
744 2574 893 2615 Ithacae
924 2575 1083 2617 insulae.
1111 2577 1125 2628 [l
1148 2599 1205 2606 —
1229 2575 1339 2616 Μετὰ

104 2638 250 2687 ταῦτα]
276 2635 386 2676 Μετὰ
413 2635 453 2676 δὲ
475 2639 594 2677 ταῦτα
614 2637 748 2678 scriba
769 2637 994 2692 apographi
1015 2638 1220 2678 Vaticani.
1244 2639 1260 2692 ll
1284 2662 1341 2669 —

109 2696 254 2745 Ἀλυζ
269 2698 340 2751 ta]
367 2698 559 2739 Σαλυττία
577 2698 691 2750 cod.;
718 2698 869 2747 Ἀλυζία
882 2699 1074 2755 Thucyd.
1091 2702 1189 2750 VII,
1209 2701 1277 2750 31,
1296 2714 1336 2751 2,

104 2761 310 2816 Xenopho
329 2761 490 2802 Hellen.
507 2763 563 2812 V,
586 2765 627 2812 4,
652 2761 702 2802 65
727 2761 829 2818 (ubi
854 2761 980 2802 codd.¹
1002 2761 1207 2818 Αἰλυζία),
1230 2763 1338 2804 Stra-

104 2824 158 2864 bo
177 2824 231 2875 X,
260 2839 302 2880 p.
335 2824 414 2878 459
432 2857 442 2874 ‚
466 2825 610 2866 Cicero
634 2827 713 2881 Ep.
739 2825 792 2866 ad
815 2827 931 2867 Fam.
952 2827 1071 2867 XVI.
1093 2839 1144 2876 2;
1171 2824 1341 2874 Ἀλύζεια

98 2901 170 2941 ap.
205 2887 345 2942 Steph.
372 2890 469 2943 Byz.
503 2903 536 2929 s.
573 2904 639 2939 v.;
675 2889 831 2943 Alyzea
864 2904 930 2944 ap.
954 2889 1061 2930 Plin.
1086 2890 1162 2940 IV,
1187 2902 1233 2939 2;
1267 2890 1340 2930 Λύ-

106 2951 187 2995 ζεια
206 2948 219 3005 (
235 2949 358 2990 codd.
384 2949 544 3007 Αύξεια)
567 2952 779 2992 Hecataeus
794 2965 860 3006 ap.
876 2951 1016 3006 Steph.
1037 2952 1086 2992 B.
1112 2966 1145 2992 S.
1178 2966 1219 2992 ν.
1250 2951 1264 3008 (
1283 2952 1337 2993 cs.

103 3011 279 3053 Diodor.
304 3014 464 3063 XVIII,
491 3027 555 3064 11,
582 3028 619 3064 1,
652 3014 724 3054 ubi
747 3013 873 3054 codd.
891 3014 1067 3063 Λυζαῖοι,
1096 3013 1193 3054 edd.
1236 3013 1341 3054 Ἄλυ-

107 3075 210 3119 ζαῖοι
221 3073 252 3130 );
268 3084 461 3130 corrupte
476 3076 679 3130 Halymus
695 3077 738 3116 in
752 3076 856 3117 Tab.
875 3077 1084 3130 Peuting.;
1108 3075 1259 3123 Ἄζυλία
1273 3092 1339 3132 ap.

107 3136 278 3177 Ptolem.
293 3138 438 3178 Ruinae
449 3138 563 3179 urbis
578 3153 706 3194 prope
718 3138 819 3180 hod.
841 3138 1016 3180 Candili.
1037 3141 1054 3194 n
1071 3139 1227 3194 ὼ-Κάρ
1241 3155 1259 3180 ν
1271 3155 1291 3179 0
1304 3144 1341 3193 ς]

108 3199 171 3237 Ex
196 3199 459 3241 Artemidoro
480 3202 652 3242 insulam
669 3210 872 3242 memorat
894 3202 1088 3257 Stephan.
1109 3218 1142 3243 S.
1163 3217 1204 3243 v.
1222 3204 1344 3244 Nunc

105 3260 287 3301 wlffino.
307 3264 322 3315 ῃ
333 3286 389 3293 —
400 3263 431 3303 Ο
446 3262 458 3302 ἰ
471 3278 488 3304 ν
506 3265 552 3303 ιά
563 3265 617 3304 δα
629 3267 656 3317 ι]
671 3264 831 3305 Οἰνιάδα
847 3264 993 3315 codex,
1014 3264 1127 3319 quod
1140 3266 1245 3305 tueri
1261 3274 1343 3306 stu-

111 3320 181 3359 det
202 3321 450 3372 Clausenius‚
485 3325 602 3366 allata
619 3326 744 3367 altera
766 3327 979 3380 singularis
1011 3329 1174 3367 numeri
1195 3327 1341 3379 forma,

113 3380 256 3430 Οἰνιάς,
277 3397 326 3422 ex
350 3385 477 3426 schol.
501 3387 635 3428 Thuc.
659 3391 723 3438 ΙΙ,
753 3402 844 3430 102.
870 3388 949 3429 Sed
966 3388 1170 3429 refutatur
1185 3398 1345 3430 senten-

114 3443 170 3482 tia
192 3457 281 3496 sqq.
307 3445 404 3486 κατὰ
423 3447 560 3496 ταύτας
574 3480 584 3499 ,
606 3464 697 3504 quae
719 3450 844 3491 verba
868 3450 919 3490 ad
942 3451 1045 3491 solas
1077 3450 1255 3498 Οἰνιάδας
1281 3466 1345 3491 re-

109 3504 296 3555 serenda,
318 3520 401 3547 non
417 3509 539 3550 simul
560 3510 612 3551 ad
627 3514 838 3562 Astacum,
863 3521 910 3552 ut
928 3527 1023 3553 cum
1039 3513 1174 3556 Gailio
1185 3513 1347 3554 Clause-

109 3567 208 3606 nius
241 3567 459 3610 credidisse
494 3571 682 3623 videtur;
714 3589 811 3615 nam
846 3577 1018 3616 Astacus
1047 3590 1131 3615 non
1157 3574 1266 3629 jacet
1294 3575 1346 3616 ad

114 3627 343 3669 Acheloum
377 3630 564 3674 fluvium.
613 3635 858 3690 Plerumque
894 3637 1087 3678 scribitur
1123 3638 1342 3689 Οἰνειάδαι;

110 3688 290 3729 «Οἰνιάδαι
311 3691 353 3730 in
387 3695 523 3734 numis
541 3698 722 3737 occurrit
738 3729 749 3747 ‚
773 3707 814 3738 et
845 3713 911 3753 ap.
933 3700 1124 3753 Sophocl.
1147 3701 1344 3742 Trachin.

119 3752 212 3805 509,
236 3753 430 3807 Stephan.
453 3770 492 3795 v.
523 3755 706 3812 Ἔρυσίχη
737 3768 778 3799 et
795 3761 985 3801 Strabon.
1004 3762 1058 3811 X,
1080 3776 1123 3817 p.
1146 3763 1226 3817 459
1247 3763 1343 3819 (ap.

109 3813 243 3853 eund.
279 3828 322 3868 p.
348 3816 428 3864 434
460 3816 583 3858 codd.
622 3818 815 3859 Οἰνειάδαι
835 3821 866 3876 ).
902 3824 918 3876 Η
940 3846 997 3853 —
1025 3823 1151 3864 κατὰ
1175 3826 1347 3872 ταύτας

117 3874 193 3921 τὰς
215 3875 367 3928 πόλεις]
390 3877 530 3918 Verba
552 3878 618 3926 τὰς
643 3880 773 3928 πόλεις
795 3882 960 3933 inclusi,
979 3897 1108 3937 quum
1127 3900 1151 3926 a
1178 3886 1346 3927 librario

116 3937 300 3990 profecta
319 3938 535 3980 videantur
552 3956 562 3990 ;
584 3942 661 3981 nisi
677 3943 720 3982 in
735 3943 1069 3986 antecedentibus
1083 3956 1201 4001 putes
1224 3947 1347 3988 fuisse

112 3998 295 4048 Οἰνιάδας
328 4001 470 4049 πόλεις.
502 4003 517 4054 ss
543 4027 599 4034 —
628 4002 828 4060 ἡμερῶν
863 4006 976 4059 δύο]
1007 4009 1228 4063 Dionysius
1262 4014 1343 4051 An.

1178 188 1180 190 ·
1211 179 1520 228 PERIPLUS.

2561 208 2616 245 37

1391 293 1546 334 isthmo
1564 301 1638 334 est.
1655 292 1790 334 Gloss.
1801 288 1839 351 Ἦ.
1854 293 2057 348 Deinceps
2072 303 2132 334 est
2146 297 2245 336 urbs
2257 299 2387 340 Phara
2402 317 2412 350 ;
2426 303 2489 343 his
2498 319 2622 360 oppo-

1393 361 1471 401 sita
1487 361 1627 402 Ithaca
1648 360 1794 412 insula,
1817 361 1860 401 in
1879 375 1960 415 qua
1983 360 2084 401 urbs
2102 375 2197 402 cum
2219 373 2368 417 portu3
2396 378 2535 421 postea
2565 374 2625 412 in-

1394 428 1482 470 sula
1511 429 1772 484 Cephalenia.
1833 428 1912 471 Sed
1934 443 2077 470 rursus
2100 429 2153 470 ad
2175 433 2454 475 continentem
2483 439 2621 489 redeo,

1395 496 1507 536 unde
1526 497 1721 537 abieram.
1782 498 1976 552 Sequitur
1998 496 2094 537 inde
2112 497 2211 537 urbs
2237 499 2389 553 Alyzia,
2415 504 2480 543 cui
2501 519 2627 559 oppo-

1397 564 1472 603 sita
1487 565 1644 603 Carnus
1663 565 1792 605 insula
1809 580 1820 615 ;
1837 573 1927 605 tum
1942 567 2114 606 Astacus
2130 565 2228 605 urbs
2244 580 2337 606 cum
2353 577 2480 622 portu
2501 580 2540 611 et
2557 573 2631 612 ssu-

1398 632 1488 671 vius
1519 632 1725 672 Achelous
1747 641 1787 673 et
1814 634 1914 673 urbs
1930 632 2130 674 OEniadae
2148 649 2158 682 ;
2178 634 2229 674 ad
2249 637 2455 678 OEniadas
2470 641 2631 694 naviga-

1397 702 1456 741 tio
1475 709 1535 741 est
1554 715 1716 741 sursum
1731 715 1806 756 per
1824 702 2068 743 Acheloum.
2129 704 2233 743 Sunt
2255 706 2375 746 etiam
2398 707 2484 748 aliae
2506 710 2631 749 Acar-

1398 783 1555 810 nanum
1567 770 1748 810 civitates
1761 770 1803 809 in
1817 769 2140 811 mediterraneis.
2200 773 2482 816 Praetervectio
2495 785 2631 818 autem

1399 838 1640 879 Acarnaniae
1661 845 1722 878 est
1739 836 1901 877 dierum
1918 836 2099 878 duorum
2122 839 2136 890 [
2152 848 2191 878 et
2209 841 2387 882 noctium
2407 843 2580 884 duarum
2599 848 2629 897 ].

1400 908 1547 948 Omnis
1577 922 1674 948 vero
1705 908 1937 948 Acarnania
1962 907 2204 948 commodos
2235 909 2356 950 habet
2392 921 2562 966 portus;
2595 923 2635 955 et

1400 977 1538 1018 multae
1551 977 1607 1018 ibi
1623 977 1764 1018 insulae
1778 977 1826 1018 ad
1826 976 1980 1032 jacent,
1998 992 2098 1032 quas
2114 977 2332 1029 Achelous,
2351 980 2449 1021 dum
2458 982 2633 1023 humum

1401 1048 1569 1101 aggerit,
1604 1048 1886 1088 continentem
1921 1046 2074 1088 reddit.
2147 1049 2360 1089 Vocantur
2395 1051 2456 1091 hae
2492 1052 2634 1093 insulae

1401 1115 1633 1156 Echinades
1647 1131 1659 1166 3
1683 1115 1853 1156 desertae
1868 1123 1979 1156 sunt.

1458 1183 1527 1224 35.
1551 1184 1742 1225 AErouA.
1765 1186 1863 1225 Post
1892 1184 2167 1225 Acarnaniam
2199 1185 2345 1226 AEtolia
2367 1195 2425 1227 est
2446 1189 2572 1242 regio,
2596 1197 2636 1230 et

1403 1252 1447 1292 in
1471 1266 1518 1292 ea
1539 1251 1662 1292 urbes
1695 1251 1757 1292 hae
1777 1265 1786 1292 ε
1820 1251 2020 1307 Calydon,
2050 1252 2282 1301 Halicarna‚
2305 1255 2525 1309 Molycria3
2548 1265 2637 1297 tum

1406 1321 1520 1360 sinus
1542 1319 1791 1375 Delphicus3
1813 1335 1858 1360 os
1874 1319 1997 1374 hujus
2013 1321 2125 1361 sinus
2148 1329 2208 1361 est
2230 1321 2455 1363 stadiorum
2481 1323 2636 1375 decem;

1406 1388 1564 1443 adjacet
1584 1389 1621 1428 ei
1644 1388 1810 1439 sanum;
1837 1397 1926 1429 tum
1952 1390 2187 1444 Naupactus
2205 1390 2326 1441 urbs,
2352 1399 2392 1431 et
2409 1406 2517 1446 pone
2535 1392 2640 1433 hanc

1406 1456 1546 1497 multae
1567 1456 1654 1497 aliae
1676 1456 1909 1497 AEtolorum
1934 1458 2116 1498 civitates
2135 1466 2232 1498 sunt
2255 1459 2299 1498 in
2317 1458 2637 1501 mediterraneis.

1408 1637 1514 1678 Hell.
1540 1637 1590 1678 56
1611 1650 1620 1678 ε
1654 1636 1806 1692 ἡμερῶν
1842 1637 1882 1677 δὲ
1912 1638 1977 1677 καὶ
2007 1642 2149 1678 νυκτῶν
2176 1638 2241 1677 δύο
2277 1637 2356 1678 ἔσθ’
2386 1638 2407 1679 ὁ
2427 1640 2643 1695 παράπλους

1409 1699 1536 1752 αὐτῆς.
1565 1701 1660 1741 Orae
1681 1699 1898 1754 longitudo
1927 1699 2155 1741 stadiorum
2177 1714 2282 1742 1200
2301 1702 2363 1741 vel
2387 1703 2519 1753 13003
2551 1706 2641 1757 qui-

1408 1761 1486 1802 bus
1516 1761 1806 1817 percurrendis
1844 1762 1966 1815 vulgo
2002 1761 2088 1802 dies
2129 1762 2215 1803 duo
2245 1763 2474 1813 sufficiunt3
2509 1772 2550 1803 at
2571 1778 2642 1804 ora

1409 1825 1654 1865 Acarnaniae
1671 1832 1755 1864 tam
1777 1824 2046 1865 multifariam
2078 1833 2198 1875 torta,
2221 1833 2267 1865 ut
2283 1826 2643 1879 circumnavigatio

1408 1902 1457 1928 eo
1484 1889 1574 1943 ipso
1604 1886 1841 1928 duceretur.
1868 1890 2008 1940 Quare
2030 1889 2215 1928 noctium
2249 1889 2502 1928 mentionem
2538 1890 2642 1929 exci-

1408 1948 1515 1989 disse
1536 1958 1655 2005 puto.
1684 1952 1699 2004 ll
1725 1974 1783 1980 ——
1806 1948 1943 2003 Ἐχιν
1958 1950 2066 1997 άδες
2084 1952 2097 2002 ]
2118 1950 2319 2004 Αἷχινάόες
2338 1949 2482 1990 codex.

1464 2014 1486 2063 §
1507 2012 1575 2052 35.
1603 2010 1740 2055 Ἃλίκ
1754 2027 1839 2067 αρν
1851 2027 1874 2051 α
1889 2015 1902 2064 ]
1920 2012 2105 2067 Μύκαρνα
2121 2013 2267 2053 codex.
2293 2011 2488 2067 Ἁλίκυρνα
2500 2013 2643 2053 Strabo

1409 2087 1489 2114 sec.
1511 2075 1765 2129 Stephanum
1784 2074 2025 2127 (Strabonis
2042 2074 2168 2116 codd.
2197 2077 2239 2116 X
2255 2090 2298 2130 p.
2321 2075 2401 2128 459
2423 2074 2584 2129 Λικύρνα
2606 2083 2645 2114 et

1407 2134 1564 2191 Λικίρνα
1582 2136 1615 2193 ),
1647 2136 1761 2191 quod
1781 2138 1916 2191 ipsum
1935 2138 2080 2191 reponi
2101 2137 2231 2177 voluit
2260 2137 2492 2178 Salmasius.
2520 2137 2644 2191 Apud

1407 2198 1589 2239 Plinium
1604 2200 1680 2249 IV,
1701 2200 1723 2239 3
1750 2198 1911 2239 codices
1933 2199 2034 2239 bibl.
2058 2199 2292 2240 Barberinae
2312 2199 2496 2254 praebent
2513 2200 2642 2252 Haly-

1408 2274 1548 2309 carna,
1572 2262 1696 2301 ceteri
1728 2260 1973 2309 Halisarna,
2003 2261 2254 2314 Halysarna,
2277 2260 2524 2313 Halysorna,
2547 2260 2643 2299 Ali-

1407 2335 1544 2362 sorna.
1570 2322 1761 2362 Editores
1796 2321 1893 2361 inde
1915 2322 1966 2361 ab
1988 2321 2206 2362 Harduino
2232 2321 2452 2361 ediderunt
2484 2335 2534 2360 ex
2557 2323 2643 2361 Ste-

1407 2384 1547 2438 phano
1566 2384 1809 2438 Halicyrna,
1852 2398 1982 2437 quum
2012 2384 2135 2424 scrib.
2158 2392 2262 2423 esset
2284 2383 2532 2424 Halieuma.
2561 2383 2643 2424 Pli-

1409 2446 1503 2486 nius
1518 2447 1655 2487 locum
1674 2447 1716 2486 in
1733 2445 2042 2486 mediterraneis
2059 2453 2264 2495 recenset;
2282 2459 2364 2485 sec.
2382 2444 2641 2495 Strabonem,

1410 2509 1481 2562 qui
1498 2510 1581 2550 ait:
1606 2506 1679 2549 εἷθ’
1697 2507 1721 2559 ἣ
1737 2508 1939 2563 Πλευρὼν,
1968 2506 2026 2547 εἶθ
2057 2506 2080 2558 ἣ
2106 2506 2301 2561 Ἁλίκυρνα
2325 2508 2454 2562 κώμη,
2480 2501 2524 2558 ἧς
2541 2506 2647 2563 ὑπέρ-

1410 2588 1531 2612 κειται
1546 2572 1750 2622 Καλυῧών,
1769 2586 1854 2612 non
1876 2573 1933 2612 ita
1955 2571 2145 2625 longe'ab
2166 2585 2239 2611 ora
2253 2579 2411 2611 remota
2426 2585 2511 2611 esse
2533 2581 2647 2626 pote—

1409 2644 1487 2685 rat,
1506 2644 1553 2675 ut
1571 2650 1621 2676 ex
1638 2636 1728 2690 ipso
1744 2636 1866 2676 etiam
1881 2635 2049 2674 nomine
2067 2634 2244 2687 colligas,
2264 2635 2457 2674 Ceterum
2484 2634 2647 2675 Grono-

1410 2699 1500 2738 vius
1527 2713 1604 2753 pro
1619 2699 1805 2753 Μύκαρνα
1821 2697 1944 2737 scribi
1971 2696 2099 2736 voluit
2116 2695 2313 2745 Μακυνία,
2336 2695 2492 2736 Gailius
2511 2705 2644 2737 autem

1410 2760 1632 2815 Μακρύνεια
1650 2761 1664 2817 (
1679 2775 1806 2816 prava
1818 2760 1937 2800 lectio
1950 2759 2244 2799 nonnullorum
2261 2756 2384 2798 codd.
2396 2758 2536 2813 Steph.
2548 2761 2646 2814 Byz,

1410 2838 1495 2879 pro⁴
1507 2823 1739 2879 Μακὺνεια).
1760 2823 1942 2876 Longius
1957 2822 2038 2861 hoc
2056 2821 2107 2861 ab
2123 2821 2298 2875 acceptis
2316 2819 2539 2862 recederet.
2556 2845 2613 2853 -—·
2628 2824 2642 2874 ΙΙ

1410 2887 1452 2927 Μ
1466 2903 1486 2926 0
1498 2886 1524 2926 λ
1536 2886 1556 2926 ὖ
1570 2902 1591 2926 κ
1602 2901 1621 2942 ρ
1634 2902 1650 2926 ε
1662 2902 1672 2925 ι
1684 2901 1708 2925 α
1723 2888 1736 2938 ]
1756 2886 1911 2927 Plinius
1923 2898 2088 2939 quoque
2103 2892 2143 2924 et
2153 2884 2260 2924 Mela
2273 2885 2350 2933 III,
2369 2896 2394 2923 2
2408 2883 2647 2938 Molyeriam

1411 2958 1452 2990 et
1472 2951 1733 3004 Naupactum
1763 2948 1921 2990 AEtoli‘ae
1953 2955 2182 2988 accensent.
2220 2946 2464 2986 Terminum
2491 2947 2648 2988 AEtoliae

1412 3011 1555 3066 Scylax
1585 3011 1773 3051 statuerit
1811 3009 1824 3065 (
1856 3009 2129 3064 Hylaethum?
2150 3008 2163 3064 )
2201 3009 2389 3056 fluvium,
2418 3009 2487 3062 qui
2513 3009 2648 3063 paullo

1411 3082 1506 3128 post
1519 3075 1779 3129 Naupactum
1789 3073 1831 3112 in
1845 3086 1956 3112 mare
1973 3073 2071 3112 exit.
2091 3074 2106 3125 Η
2120 3070 2395 3124 -Δελφικὸ
2407 3086 2422 3116 ς
2437 3086 2458 3110 κ
2472 3071 2492 3109 0'
2505 3070 2648 3123 λπος]

1414 3139 1512 3178 Haec
1539 3138 1653 3176 sinus
1679 3136 1961 3176 denominatio
1980 3135 2091 3184 alias,
2117 3142 2318 3188 quantum
2348 3133 2447 3182 scio,
2477 3147 2561 3172 non
2581 3148 2649 3173 oc-

1414 3200 1558 3240 currit.
1589 3199 1605 3251 Η
1633 3224 1690 3230 —
1719 3198 1928 3238 σταδίων
1958 3197 2025 3249 ι’],
2057 3205 2211 3251 septem
2230 3194 2333 3235 stad.
2355 3209 2433 3234 sec.
2455 3195 2644 3249 Thucyd.

1413 3266 1469 3314 II,
1489 3265 1540 3304 86
1554 3271 1594 3302 et
1618 3262 1878 3315 Agathemer.
1904 3262 1940 3309 Ι,
1976 3260 2024 3309 5,
2055 3258 2165 3299 idem
2189 3258 2318 3298 voluit
2346 3257 2500 3297 Plinius
2519 3259 2594 3307 IV,
2624 3259 2645 3298 3

1415 3325 1549 3366 verbis
1569 3339 1578 3365 z
1602 3324 1736 3364 minus
1753 3323 1862 3363 mille
1870 3336 2073 3378 passuum
2090 3320 2325 3361 latitudine.
2344 3319 2516 3373 Scylacis
2534 3334 2646 3359 men-

1415 3402 1510 3427 sura
1521 3387 1625 3426 bene
1636 3385 1774 3426 habet.
1793 3386 1958 3425 Graecos
1982 3382 2094 3423 sretis
2112 3382 2291 3434 angustis
2304 3381 2546 3436 heptastadii
2566 3381 2650 3422 lati-

1415 3449 1603 3489 tudinem
1619 3447 1764 3501 saepius
1781 3446 2003 3486 attribuere
2021 3458 2144 3498 supra
2164 3443 2306 3483 monui
2327 3442 2341 3499 (
2359 3451 2446 3482 not.
2473 3446 2494 3495 ς
2516 3442 2609 3499 13).
2630 3448 2643 3493 {t

1414 3536 1471 3542 -—
1488 3510 1593 3565 ἱερὸ
1607 3525 1626 3550 ν
1651 3513 1664 3561 ]
1686 3509 1867 3563 Neptuni
1890 3522 1966 3557 sc.;
1992 3507 2218 3548 Palmerius
2238 3506 2314 3560 legi
2339 3506 2466 3545 voluit
2488 3505 2605 3545 Ῥίον.
2630 3508 2644 3559 Η

1415 3599 1472 3605 --
1490 3573 1625 3613 Ναύπ
1638 3587 1752 3612 ακτο
1765 3588 1781 3618 ς
1811 3573 1825 3623 ]
1859 3570 2038 3611 Plinium
2071 3583 2236 3624 quoque
2261 3577 2301 3608 et
2321 3568 2470 3608 Melam
2489 3562 2646 3608 vurbem

1416 3635 1573 3676 AEtoliae
1589 3633 1798 3674 vindicare
1822 3632 1948 3672 modo
1969 3632 2054 3672 dixi
2071 3648 2081 3681 ;
2103 3632 2167 3671 his
2187 3631 2294 3671 adde
2309 3631 2522 3685 Ephorum
2539 3629 2646 3684 apud

1416 3700 1640 3752 Scymnum
1661 3698 1757 3750 478.
1778 3695 2003 3737 Attendere
2025 3694 2077 3735 ad
2090 3695 2170 3734 hoc
2185 3693 2389 3734 debebant
2405 3694 2474 3746 qui
2492 3701 2648 3731 {etatem

1416 3760 1566 3814 Peripli
1592 3759 1739 3800 nostri
1774 3757 1945 3798 definire
1992 3758 2142 3798 certius
2181 3757 2458 3796 instituerunt.
2488 3755 2649 3793 Etenim

1416 3823 1574 3864 AEtoliae
1591 3823 1828 3877 Naupactus
1851 3820 1944 3860 data
1966 3828 2026 3860 est
2054 3835 2078 3860 a
2101 3819 2305 3872 Philippo,
2335 3825 2432 3856 teste
2452 3815 2650 3855 Strabone

1416 3886 1492 3934 IX,
1510 3898 1553 3938 p.
1572 3886 1651 3932 426
1668 3897 1677 3924 :
1697 3882 1777 3923 ἔστι
1793 3882 1832 3923 δὲ
1849 3881 2121 3930 νῦνΑἶτωλῶν,
2136 3880 2331 3920 Φιλίππου
2341 3877 2646 3931 προσκρίναντος,

1418 3950 1542 3988 Anno
1563 3947 1638 3994 341
1663 3945 1849 3986 nondum
1878 3944 2045 3985 dederat
2065 3942 2205 3983 AEtolis
2225 3941 2435 3994 Philippus
2452 3970 2462 3989 ,
2481 3937 2552 3978 sed
2562 3937 2650 3992 jam

1417 4010 1661 4065 promiserat
1681 4008 1760 4066 (cs.
1778 3998 1951 4048 Diodor.
1978 4008 2094 4055 XVI,
2122 4008 2171 4057 (59
2190 4004 2221 4060 ),
2241 4004 2298 4043 uti
2314 4003 2439 4056 liquet
2457 4015 2478 4041 e
2497 4002 2651 4041 Demo-
