2808 4342
19 293 37 325 ·,-
74 289 152 320 323.
189 272 290 319 Ἀπὸ
306 271 435 319 Ἁλῶν
455 272 511 322 εἷς
526 268 733 316 Μάταλαν
753 270 908 317 στάδιοι
929 271 981 317 τ’·
1005 272 1122 324 πόλις
1141 272 1241 331 ἐστὶ,

102 341 252 402 λιμένα
276 340 379 404 ἔχει.

74 426 153 457 321.
190 408 294 455 Ἀπὸ
323 407 529 465 Ματάλης
559 410 613 461 εἷς
630 408 807 456 Σουλίαν
831 409 988 456 στάδιοι
1010 409 1081 463 ξε’·
1112 412 1244 475 ἀκρω-

70 478 152 542 ριόν
196 480 304 524 ἐστιν
342 477 485 540 ἀνέχον
520 478 620 539 πρὸς
653 477 935 539 μεσημὸρίαν·
978 477 1104 538 λιμήν
1143 481 1244 525 ἐστι·

7 547 138 595 ’λὸν
159 545 267 608 ὕδωρ
292 545 398 608 ἔχει.

2 617 28 658 T.
75 631 157 661 32⁶.
190 613 291 660 Ἀπὸ
323 613 536 669 Σουλήνας
555 617 610 666 εἷς
631 613 788 675 Ψυχέα
810 614 968 660 στάδιοι
1005 614 1074 676 ιβ’·
1103 615 1184 661 ἀπὸ
1205 616 1246 661 δὲ

2 706 10 727 ἢ,
60 683 181 739 ύδνης
204 683 273 728 ἐπὶ
294 683 361 728 τὸν
383 682 541 744 Ψυχέα
571 682 727 727 στάδιοι
746 681 817 727 τν’·
838 683 965 743 λιμὴν
992 683 1157 746 θερινός·
1178 684 1248 730 καὶ

99 770 121 814 ρ
145 752 247 814 ἔχει.

27 875 29 879 ,
73 838 149 870 326.
186 821 284 868 Ἀπὸ
305 821 491 883 Ψυχέως
511 820 577 865 ἐπὶ
599 820 667 866 τὸν
691 821 878 880 Δάμωνα
900 822 1057 868 στάδιοι
1084 823 1157 885 ρν’·
1184 825 1247 869 λι-

1 891 94 954 ἦν
115 892 214 936 ἐστι·
238 891 308 936 καὶ
327 891 446 935 πόλιν
471 889 558 952 ἔχει
581 890 652 935 καὶ
677 890 802 952 ὕδωρ.
1065 948 1068 950 v

25 959 38 979 ⁵
74 959 153 1006 ξδ’-27.
189 957 287 1004 Ἀπὸ
311 958 512 1018 Δάμωνος
533 959 599 1004 ἐπὶ
623 959 930 1005 Ἀπολλωνιάδα
953 960 1108 1006 στάδιοι
1128 960 1181 1006 λ’.

73 1044 152 1075 328.
189 1026 290 1073 Ἀπὸ
326 1027 602 1080 Ἀπολλωνίας
629 1030 683 1080 εἷς
716 1029 895 1074 Φοίνικα
919 1028 1072 1075 στάδιοι
1100 1029 1149 1092 ρ’·
1172 1030 1247 1075 πό·

4 1260 42 1313 i
67 1268 89 1318 S
117 1271 213 1308 323.
232 1267 466 1311 Μάταλαν
482 1267 496 1322 ]
514 1267 698 1307 Ματαλία
722 1268 980 1319 Ptolemaeus,
1005 1268 1115 1323 apud
1131 1283 1254 1323 quem

4 1319 49 1382 53ςί
78 1328 222 1383 ilberg.
244 1329 299 1370 de
325 1329 561 1384 conjectura
590 1331 752 1385 scripsit
769 1330 953 1371 Μάταλα.
983 1332 1034 1370 In
1054 1331 1254 1371 Strabone

6 1394 32 1447 ᾗ
95 1394 192 1446 478.
230 1395 312 1446 479
348 1392 510 1433 codices
560 1393 767 1434 Μέταλλον
798 1402 837 1434 et
879 1392 1109 1448 Μάρταλον,
1141 1394 1254 1435 unde

8 1447 200 1511 [ζάταλον
229 1456 386 1509 recepit
414 1456 598 1496 Cramer.
624 1457 758 1496 Etiam
790 1470 904 1496 nune
930 1456 1111 1497 Matala.
1151 1456 1251 1497 Vid.

17 1514 180 1558 Jkoke
200 1518 256 1566 II,
294 1530 339 1571 p.
363 1517 460 1565 346.
499 1519 645 1558 Nescio
675 1533 726 1558 an
751 1518 834 1558 huc
862 1519 1065 1573 pertineat
1082 1518 1254 1559 Malium

8 1570 166 1649 ’ξοωη
186 1577 238 1617 de
253 1591 339 1632 quo
358 1578 582 1620 scholiastae
608 1589 776 1621 monent
793 1580 846 1620 ad
868 1579 1016 1635 Odyss.
1044 1580 1070 1620 l.
1093 1580 1121 1621 l.
1139 1581 1254 1621 Scili-

13 1647 78 1686 αῖ
104 1654 182 1695 pro
218 1640 352 1696 μικρὸς
371 1640 411 1681 δὲ
439 1641 546 1689 λίθος
564 1642 773 1695 legebatur
798 1643 922 1682 etiam
947 1641 1102 1682 Μαλίου
1131 1641 1172 1682 δὲ
1193 1641 1253 1681 λί-

14 1695 22 1701 ”’
61 1717 78 1751 ς
99 1715 109 1742 :
135 1703 290 1743 Μάλιον
318 1705 334 1756 (
357 1703 532 1744 Μάλειον
557 1705 643 1744 sch.
666 1703 843 1759 Ambr.)
869 1702 944 1758 γὰρ
959 1703 1190 1758 ὀνομάζεται
1209 1704 1253 1743 τὸ

6 1776 8 1779 ·
61 1763 84 1804 ὸ
123 1768 192 1805 τοῦ
222 1766 421 1810 Φαιστίων
449 1765 603 1820 λιμένος
634 1765 885 1820 ἀκρωτήριον.
919 1763 983 1806 Cf.
1018 1764 1178 1805 Suidas.
1211 1779 1251 1806 v.

81 1826 169 1874 λεος
188 1858 200 1877 ,
235 1828 309 1867 uhi
327 1826 382 1867 de
403 1828 528 1867 Hom.
569 1840 691 1867 versu
717 1835 916 1867 notantur
946 1827 1033 1867 haec
1059 1840 1069 1867 ε
1098 1827 1254 1875 Μάλεος

67 1904 87 1944 ρ
108 1904 163 1937 τις
177 1888 332 1937 τελέσας
353 1889 540 1943 (magica
559 1902 645 1930 arte
661 1891 934 1943 consecrans)
951 1889 1017 1930 τὸν
1041 1889 1151 1930 λίθον
1166 1892 1254 1943 τοῦ·

14 1947 81 2010 *νυν
101 1950 281 2007 ἀνιέρωσε
303 1956 359 2008 τῷ
378 1951 616 2002 Ποσειδῶνι,
645 1952 736 2007 πρὸς
757 1952 802 1992 τὸ
828 1949 878 2008 μὴ
905 1951 951 1992 τὰ
967 1954 1117 2007 κύματα
1137 1968 1254 2007 προσ-

12 2006 19 2013 ’
61 2012 192 2061 λάζειν
211 2017 259 2070 τῇ
278 2014 457 2067 Φαισιτῷ.
478 2014 542 2055 Cf.
571 2015 828 2069 Stephanus:
846 2014 1046 2066 Λιθήσιος,
1069 2014 1090 2054 ὁ
1123 2013 1256 2056 Ἀπόλ-

0 2068 15 2134 i
75 2090 94 2117 ν
121 2075 159 2117 ἐν
187 2080 242 2132 τῷ
264 2075 405 2132 Μαλέᾳ
430 2076 599 2132 (Μαλέα
627 2078 755 2117 Mein.
779 2079 795 2130 )
833 2077 932 2133 λίθῳ
962 2077 1257 2133 προσιδρομένος

41 2184 50 2194 ,⁷
61 2138 110 2180 εἴ.
126 2162 185 2170 -
196 2140 246 2179 In
262 2137 493 2180 Stadiasmo
508 2140 715 2179 Numerus
732 2142 765 2179 τ’
787 2142 829 2182 in
852 2142 890 2180 π’
907 2138 1078 2179 mutand
1086 2154 1155 2179 um
1170 2153 1256 2180 esse

13 2191 120 2378 ξε
138 2206 282 2242 monet
299 2200 580 2243 Hossmannus
595 2215 638 2257 p.
661 2203 758 2253 298.

15 2290 17 2293 .
39 2267 41 2271 ⁴
70 2264 93 2315 S
108 2267 205 2305 324.
227 2263 258 2303 Σ
269 2279 318 2303 ου
330 2263 411 2303 λία
423 2262 472 2318 ν]
486 2265 585 2304 Mox
602 2262 677 2305 ἀπὸ
692 2261 905 2314 Σουλήνας,
916 2261 1030 2315 Quid
1042 2263 1177 2303 verius
1186 2264 1252 2313 sit,

0 2344 1 2355 π
47 2328 49 2330 ’
87 2324 209 2366 citur.
221 2324 508 2380 Hodieportus
518 2326 680 2374 Galene,
696 2325 748 2366 ad
764 2324 878 2379 quod
893 2324 1072 2376 Σουλήνα
1083 2327 1255 2380 propius

16 2379 138 2447 §lam
154 2387 298 2427 Σουλία
309 2387 481 2428 accedit.
498 2388 666 2442 Pashley
680 2387 707 2427 l.
723 2387 752 2427 l.
770 2389 805 2437 I,
824 2402 865 2442 p.
886 2388 965 2436 304
986 2400 995 2427 :
1017 2407 1033 2422 u
1048 2388 1138 2428 The
1149 2387 1260 2428 chief

26 2444 50 2498 ‘s
72 2458 110 2490 rt
132 2449 182 2490 of
207 2451 348 2491 Amari
376 2451 409 2490 is
428 2449 783 2501 Haghio·Gale'ne,
817 2449 954 2490 which
976 2452 1010 2489 is
1033 2449 1258 2490 somewhat

16 2460 144 2570 εἴη
160 2512 358 2553 eastward
379 2512 428 2553 of
440 2511 664 2567 Apodhulo
678 2543 689 2561 ‚
711 2511 793 2552 and
812 2513 844 2552 is
869 2511 1068 2567 probably
1093 2511 1163 2552 the
1184 2513 1258 2552 site

18 2566 144 2629 {Rhe
169 2576 334 2615 ancient
348 2575 459 2616 Sulia
471 2589 521 2615 or
537 2574 707 2625 Sulena,
729 2574 931 2615 recorded
949 2575 1004 2630 by
1023 2574 1094 2615 the
1109 2574 1258 2615 author

6 2631 68 2695 ᾷ
77 2635 146 2676 the
169 2636 435 2686 Stadiasmus‚
459 2652 503 2678 as
534 2651 557 2677 a
579 2646 867 2692 promontory,
889 2637 1028 2678 where
1045 2636 1161 2677 there
1175 2650 1258 2677 was

6 2697 240 2742 'aharbour
255 2699 338 2740 and
354 2699 463 2753 good
487 2707 628 2740 water.
666 2716 683 2737 »
711 2699 849 2740 Stadia
870 2699 920 2740 65
942 2700 1008 2740 via
1033 2700 1144 2740 recta
1163 2710 1259 2740 sunt

20 2758 295 2818 {amputanda
308 2779 320 2813 ;
342 2763 405 2803 vel
427 2764 487 2803 sic
508 2772 645 2803 tamen
665 2777 863 2803 numerus
881 2761 994 2817 justo
1020 2763 1172 2806 minor.

25 2819 97 2876 S
134 2829 230 2867 325.
263 2825 473 2879 Ψυχέα]
501 2824 551 2873 εἷς
577 2825 775 2879 Ψυχὲαν..
803 2824 864 2865 ἐπὶ
892 2825 958 2865 τὸν
987 2825 1161 2879 Ψυχέα..
1184 2824 1258 2873 ᾇπὸ

22 2877 211 2942 ξυχέας..
234 2889 315 2939 et§
346 2888 427 2941 327
453 2887 527 2928 ἀπὸ
550 2888 722 2942 Ψυχέων
744 2887 889 2928 codex·
927 2886 1046 2942 Apud
1068 2888 1174 2928 Ptol.
1199 2899 1259 2928 est

23 2943 193 3002 ffhxmv,
216 2949 397 3003 itemque
420 2949 530 3004 apud
546 2950 798 3005 Stephanum
819 2963 828 2990 ε
847 2949 1022 3004 Ψύχιον,
1042 2950 1157 2997 τόπος
1171 2949 1261 3006 (πο-

23 2998 139 3076 {plag
151 3009 245 3054 cod.
263 3010 440 3065 Rhedig.
457 3011 554 3052 sort.
571 3020 680 3052 recte
695 3011 728 3068 ),
747 3011 785 3052 ἐν
802 3009 835 3068 ᾧ
850 3012 959 3059 πόλις
971 3008 1017 3063 ἧν
1038 3011 1255 3068 ὁμώνυμος.

89 3070 235 3113 ἑθνικὸν
259 3072 449 3127 Ψυχιεύς.
488 3067 539 3114 In
575 3073 803 3114 Stadiasmo
840 3074 952 3114 locus
980 3073 1115 3115 dictus
1136 3073 1260 3115 fuerit

29 3183 43 3189 ῃ
67 3135 199 3188 ιιιχεύς,
239 3134 533 3189 Refrigerator‚
570 3135 784 3189 Refrigerii
815 3144 959 3190 portus
994 3133 1009 3192 (
1023 3135 1205 3190 Ψυχεῖον
1224 3135 1256 3191 ),

25 3193 139 3257 sicuti
157 3197 331 3253 Ψυγμοῦ
356 3197 477 3253 λιμήν
503 3199 544 3237 in
568 3198 785 3253 AEthiopiae
810 3213 883 3239 ora
911 3197 1036 3238 habes
1057 3197 1167 3253 apud
1183 3201 1259 3239 Ar-

18 3258 272 3310 ‚oemidorum
296 3261 339 3300 in
374 3261 574 3301 Strabone
599 3275 641 3315 p.
677 3264 772 3315 774.
809 3262 917 3301 Situs
934 3269 1079 3316 portus
1098 3260 1260 3301 videtur

26 3316 76 3377 ᾧ
92 3322 282 3371 fluvium,
302 3336 325 3362 a
339 3321 455 3376 cujus
467 3323 579 3370 ostio
593 3324 700 3363 cirea
719 3324 765 3363 15
784 3323 914 3364 stadia
930 3323 1084 3364 distans
1108 3324 1149 3363 in
1174 3339 1259 3364 me-

25 3378 262 3439 &terraneis
279 3398 392 3424 nunc
415 3393 474 3425 est
501 3384 667 3432 Kasai,
696 3384 761 3427 Cf.
794 3385 979 3439 Pashley.
1011 3387 1047 3433 I,
1075 3399 1118 3439 p.
1142 3386 1219 3435 304
1247 3400 1256 3426 :

30 3443 52 3485 ὅ
74 3445 327 3499 Psychion...
354 3445 390 3486 is
399 3445 552 3502 placed
569 3446 620 3500 by
639 3446 703 3486 the
724 3446 986 3486 Stadiasmus
1016 3447 1156 3486 twelve
1170 3457 1259 3488 sla-

35 3510 92 3558 'Js
111 3516 152 3548 to
168 3508 233 3549 the
248 3518 343 3549 west
362 3508 417 3562 ⁰f
430 3508 560 3558 Salia,
592 3524 619 3548 a
640 3508 828 3549 distance
850 3507 978 3548 which
1006 3523 1142 3559 agrees
1165 3524 1262 3564 very·

24 3569 114 3611 ,well
129 3569 227 3610 with
244 3570 309 3610 tlte
336 3570 541 3611 situation
573 3569 628 3623 of
646 3569 806 3611 Kastri.
824 3594 882 3601 --
910 3572 1014 3622 Quae
1032 3579 1261 3624 sequuntur

24 3627 99 3672 ’ἀπὸ
118 3630 158 3673 δὲ
172 3632 322 3684 Πύδνης
347 3667 374 3675 ..
397 3633 462 3673 καὶ
480 3632 580 3688 ὕδωρ
610 3632 693 3687 ἔχει
722 3633 762 3672 in
780 3631 922 3672 codice
946 3632 1052 3671 inter
1074 3632 1193 3684 §326
1221 3642 1260 3674 et

29 3692 105 3748 327
127 3703 221 3749 post
245 3695 369 3736 verba
395 3695 460 3735 καὶ
484 3695 597 3736 πόλιν
620 3695 703 3750 ἔχει
728 3694 792 3735 καὶ
810 3694 910 3747 ὕδωρ
935 3692 1141 3747 leguntur.
1165 3697 1260 3747 Quo

27 3756 264 3806 commisso,
301 3757 435 3797 scriba
468 3760 490 3810 S
521 3758 600 3812 327
635 3757 750 3797 dedit
777 3755 851 3797 ἀπὸ
887 3755 1056 3809 Ψυχέων
1080 3769 1157 3810 pro
1186 3756 1259 3798 ἀπὸ

28 3814 224 3875 ᾼάμωνος.
248 3819 399 3859 Nostro
420 3819 511 3859 loco
540 3819 614 3860 ἀπὸ
640 3818 680 3858 δὲ
705 3818 854 3870 Πύδνης
874 3817 1087 3857 breviatim
1109 3817 1261 3859 dicitur

39 3875 48 3933 ‘b
76 3891 101 3918 o
117 3877 191 3920 ἀπὸ
212 3879 254 3920 δὲ
281 3878 398 3936 Ἱερᾶς
412 3882 568 3933 πύδνης,
587 3881 706 3921 sicuti
735 3881 776 3920 in
795 3879 899 3920 Tab.
920 3879 1108 3932 Peuting.
1134 3880 1258 3922 habes

44 3984 49 3989 f
73 3938 156 3980 iera
172 3955 250 3996 pro
268 3943 544 3999 Hierapytna.
568 3945 583 3997 ll
610 3967 666 3974 ——
687 3958 709 3983 τ
722 3941 757 3982 ν’
774 3943 788 3996 ]
810 3955 1007 3982 numerus
1022 3950 1254 3997 corruptus.

27 4049 31 4055 ὁ
99 4001 257 4044 undum
288 4003 442 4045 codicis
464 4019 659 4045 numeros
695 4004 936 4059 depravatos
954 4018 978 4043 a
1007 4003 1259 4059 Hierapytna

848 169 1226 220 STADIASMUS
1260 172 1452 220 MARIS
1485 134 1705 222 MAGNI.

2457 187 2547 226 507
2592 207 2595 209 >

1376 282 1473 324 323.
1505 282 1573 324 Ab
1613 283 1727 324 Halis
1764 282 1985 338 (Lasoeis)
2018 283 2071 325 ad
2103 285 2296 326 Matalam
2331 286 2462 328 stadia
2495 290 2549 331 80

1317 350 1335 404 (
1347 349 1385 391 π’
1399 349 1431 406 ).
1491 350 1603 403 Urbs
1621 359 1682 391 est
1697 365 1794 391 cum
1814 359 1956 407 portu.

1375 418 1470 468 324.
1503 421 1538 460 A
1551 419 1700 461 Matala
1709 418 1762 461 ad
1772 420 1924 461 Suliam
1939 420 2069 462 stadia
2084 420 2151 463 65.
2212 423 2549 466 Promontorium

1317 493 1378 526 est
1392 488 1632 541 prominens
1648 487 1701 528 ad
1715 487 1930 529 meridiem
1945 505 1956 547 3
1980 497 2125 544 portus
2143 498 2204 530 est
2221 504 2371 545 aquam
2393 492 2548 534 habens

1318 554 1547 608 pulchram.

1378 623 1473 665 325.
1506 626 1542 664 A
1559 624 1707 665 Sulena
1730 626 1745 678 (
1759 625 1933 679 Saliae)
1953 625 2005 666 ad
2027 626 2257 682 Psycheum
2281 628 2410 669 stadia
2434 635 2505 680 123
2529 643 2554 671 a

1320 690 1580 747 Hierapytna
1615 700 1752 741 autem
1774 691 1828 733 ad
1861 693 2090 747 Psycheum
2127 693 2258 735 stadia
2296 694 2376 737 550
2405 697 2550 751 (φν’).

1319 761 1468 800 Portus
1488 767 1549 799 est
1570 760 1748 810 aestivus,
1770 774 1917 814 aquam
1936 760 2105 802 habens.

1378 827 1473 867 326.
1503 829 1539 867 A
1561 827 1744 882 Psychco
1763 826 1815 867 ad
1838 829 2063 868 Lamonem
2090 828 2219 869 stadia
2250 829 2341 872 150.
2403 833 2553 873 Portus

1320 901 1395 942 est,
1417 902 1458 934 et
1481 893 1625 934 urbem
1649 908 1744 934 cum
1764 909 1870 949 aqua
1891 894 2027 935 habet.

1379 963 1475 1016 327.
1511 964 1547 1003 A
1571 964 1755 1003 Lamone
1779 961 1832 1003 ad
1860 963 2172 1019 Apolloniadem
2194 965 2325 1007 stadia
2346 967 2414 1008 30.

1377 1034 1473 1072 328.
1504 1031 1569 1072 Ab
1594 1032 1812 1087 Apollonia
1836 1031 1886 1072 ad
1907 1032 2144 1073 Phoenicem
2166 1034 2295 1075 stadia
2321 1049 2412 1077 100.
2443 1036 2553 1076 Urbs

1322 1268 1374 1309 ad
1390 1269 1610 1324 Psychium
1630 1270 1877 1323 colliguntur
1896 1271 2026 1312 stadia
2048 1273 2125 1326 537
2139 1303 2150 1322 ,
2172 1287 2222 1313 ex
2244 1283 2383 1316 nostra
2402 1275 2555 1318 distan-

1323 1332 1474 1371 tiarum
1497 1333 1803 1386 computatione
1815 1332 1944 1372 stadia
1964 1334 2060 1387 637.

1378 1396 1401 1446 S
1417 1398 1513 1436 326.
1538 1393 1698 1447 Ψυχέας
1716 1392 1810 1434 cod.
1831 1418 1887 1424 —
1902 1395 2129 1435 Lamonem
2144 1404 2312 1450 portum
2331 1397 2558 1453 urbemque

1323 1470 1407 1495 non
1428 1456 1634 1496 novimus.
1650 1456 1843 1495 Ceterum
1855 1469 1982 1510 quum
1997 1471 2020 1497 a
2037 1457 2221 1512 Psycheo
2233 1472 2363 1513 usque
2372 1459 2424 1500 ad
2440 1460 2559 1502 Phoe-

1321 1518 1455 1558 nicem
1471 1518 1514 1558 in
1534 1516 1763 1558 Stadiasmo
1778 1526 1976 1572 putentur
1994 1518 2124 1559 stadia
2142 1522 2244 1570 280,
2263 1535 2392 1575 eaque
2403 1521 2557 1564 distan-
2614 1545 2617 1547 ·

1321 1579 1378 1619 tia
1395 1587 1506 1619 recte
1519 1579 1687 1628 habeat,
1718 1579 1897 1635 ideoque
1914 1589 2056 1622 nostro
2074 1581 2166 1622 loco
2182 1583 2447 1637 incorruptus
2472 1599 2558 1626 esse

1322 1639 1510 1681 videatur
1527 1655 1725 1681 numerus
1745 1641 1973 1683 stadiorum
2001 1642 2078 1685 150
2099 1657 2108 1684 :
2130 1646 2315 1698 sequitur
2331 1646 2558 1688 Lamonem

1321 1713 1489 1759 portum
1512 1704 1782 1759 quaerendum
1802 1718 1887 1746 esse
1899 1706 1971 1746 ubi
1990 1707 2032 1746 in
2048 1707 2233 1762 Pashleyi
2248 1700 2397 1762 mappa
2415 1717 2558 1750 notan-

1323 1774 1393 1806 tur
1430 1766 1662 1807 Phoenicius
1696 1774 1737 1806 et
1763 1763 1884 1806 Selia.
1922 1768 2097 1809 Lamum
2133 1768 2278 1808 urbem
2309 1776 2350 1808 et
2379 1769 2559 1813 ,fluvium

1324 1828 1496 1878 Ciliciae,
1519 1830 1776 1882 Lamumque
1799 1828 1987 1869 Herculis
2006 1838 2047 1869 et
2065 1829 2277 1884 Omphalae
2291 1829 2423 1870 filium
2445 1834 2561 1872 novi-

1323 1905 1432 1932 mus.
1453 1891 1570 1931 Utin
1587 1891 1650 1930 his
1670 1890 1883 1931 Phoenices
1906 1890 2140 1932 conditores
2160 1906 2337 1946 agnosco
2352 1922 2364 1942 ,
2389 1894 2447 1933 sie
2463 1895 2560 1935 Cre-

1322 1954 1428 1993 ticus
1448 1967 1615 2008 quoque
1636 1954 1795 1993 Lamon
1821 1961 1965 2007 portus
1998 1953 2096 1994 olim
2125 1953 2178 1994 ad
2200 1954 2415 1994 Phoenices
2437 1957 2562 2009 perti-

1322 2016 1476 2055 nuerit.
1514 2014 1758 2055 Ptolemaeus
1791 2014 1899 2054 inter
1933 2014 2141 2055 Mataliam
2175 2022 2216 2055 et
2247 2014 2562 2057 Phoenicuntem

1322 2086 1492 2132 portum
1511 2077 1614 2118 nihil
1639 2077 1718 2117 nisi
1742 2076 1953 2117 Μασσαλία
1981 2079 2156 2132 ποταμοῦ
2180 2077 2195 2129 (
2214 2076 2258 2117 h.
2281 2078 2563 2134 Megalopota-

1324 2139 1439 2195 mos)
1463 2138 1623 2186 ἐκὸολάς
1639 2147 1853 2180 memorat.
1873 2138 2064 2179 Eundem
2082 2139 2252 2179 sortasse
2274 2139 2447 2186 fluvium
2466 2142 2563 2196 Scy-

1323 2201 1388 2241 lax
1410 2215 1452 2255 p.
1487 2201 1540 2250 43
1573 2200 1674 2240 dicit
1690 2201 1940 2254 Messapium
1974 2201 2017 2239 in
2043 2202 2233 2254 Lampaea
2261 2201 2441 2253 regione.
2469 2202 2485 2256 Η
2507 2227 2563 2233 -

1326 2262 1436 2317 ἔχει
1468 2262 1547 2303 καὶ
1572 2263 1586 2317 ]
1618 2263 1676 2303 sic
1692 2261 1844 2312 codex;
1869 2260 1951 2316 ἔχει
1966 2261 2007 2302 δὲ
2031 2263 2167 2303 Iriart.

1380 2328 1403 2378 §
1433 2330 1529 2368 327.
1559 2325 1583 2364 ἀ
1596 2324 1652 2366 πὸ
1672 2325 1735 2364 Λά
1747 2339 1876 2379 μωνο
1890 2324 1933 2379 ς]
1955 2323 2029 2365 ἀπὸ
2045 2324 2218 2379 Ψυχέων
2231 2326 2375 2368 codeX.
2391 2325 2455 2366 Cf.
2470 2335 2560 2369 not.

1324 2387 1376 2428 ad
1399 2391 1421 2441 S
1449 2388 1542 2428 325.
1584 2390 1741 2429 Auctor
1767 2401 1868 2427 num
1896 2385 2184 2427 Ἀπολλωνιάδα
2212 2402 2265 2428 an
2300 2387 2561 2430 Ἀπολλωνίαν

1324 2452 1547 2506 scripserit,
1566 2451 1787 2490 nescimus.
1809 2449 1988 2491 Aliunde
2003 2450 2102 2491 urbs
2118 2464 2202 2491 non
2217 2460 2336 2502 nota,
2355 2452 2431 2491 nisi
2451 2451 2562 2506 apud

1324 2514 1579 2568 Stephanum
1595 2511 1857 2566 intelligenda
1875 2520 1951 2561 est,
1970 2512 2042 2552 ubi
2057 2521 2206 2567 praeter
2218 2513 2478 2568 Apolloniam
2491 2512 2560 2565 τὴν

1324 2575 1417 2632 πρὸς
1434 2577 1484 2632 τῇ
1520 2575 1704 2630 Κνωσσῷ,
1734 2574 1859 2615 altera
1900 2575 2106 2615 Cretensis
2128 2574 2422 2626 memoratur-52
2443 2576 2564 2616 πάλαι

1330 2638 1586 2694 Ἐλεύθερνα,
1612 2637 1750 2687 Λίνου,
1780 2635 1794 2693 (
1815 2635 2023 2692 Ἐλεύθεροι
2044 2635 2176 2677 ἀλίνου
2194 2651 2234 2678 v.
2266 2636 2325 2693 l.)
2350 2638 2494 2693 πατρίς·
2522 2638 2564 2679 ἐκ

1325 2701 1463 2754 ταύτης
1494 2701 1514 2741 ὁ
1542 2700 1699 2757 φυσικὸς
1725 2699 1920 2756 Διογένης.
1946 2699 2262 2753 .Distinguenda
2304 2699 2427 2753 igitur
2459 2699 2565 2740 soret

1324 2765 1458 2818 prisca
1485 2764 1573 2804 haec
1608 2761 1860 2804 Eleutherna
1892 2761 1943 2802 ab
1978 2762 2103 2802 altera
2134 2761 2223 2816 ejus
2258 2763 2438 2802 nominis
2461 2762 2564 2803 urbe

1326 2827 1537 2866 notissima
1561 2826 1576 2878 (
1600 2826 1723 2865 etiam
1760 2837 1873 2866 nunc
1901 2823 2198 2877 Eleutherna),
2230 2824 2274 2864 in
2299 2838 2380 2878 qua
2408 2824 2564 2879 Apolli-

1325 2887 1389 2927 nis
1412 2885 1568 2927 cultum
1587 2887 1763 2940 viguisse
1783 2899 2009 2926 numorum
2032 2886 2274 2927 auctoritate
2291 2892 2450 2926 constat
2478 2885 2490 2940 (
2507 2888 2562 2928 V.

1324 2948 1474 2988 Miiller
1489 2951 1590 2990 Dor.
1621 2949 1658 2996 1,
1686 2961 1729 3002 p.
1756 2948 1836 2988 208
1856 2948 1887 3000 ).
1910 2944 2106 3000 Ejusdem
2133 2945 2197 2986 dei
2222 2946 2363 3000 religio
2379 2947 2421 2986 in
2441 2947 2564 2987 altera

1325 3009 1429 3050 urbe
1448 3024 1570 3050 eausa
1587 3009 1734 3049 mutati
1753 3008 1933 3049 nominis
1956 3006 2079 3048 fuisse
2097 3006 2279 3062 putanda
2300 3015 2377 3047 est.

1382 3073 1404 3124 S
1428 3075 1524 3114 328.
1558 3071 1775 3111 Φοίνικα
1796 3070 1811 3124 ]
1843 3067 1907 3109 Cf.
1940 3068 2086 3109 Strabo
2108 3082 2151 3123 p.
2181 3067 2259 3122 475
2284 3080 2294 3108 z
2319 3068 2371 3106 Τὸ
2395 3066 2434 3107 δὲ
2455 3067 2561 3108 ἔνθεν

1327 3133 1460 3189 ἰσθμός
1476 3134 1576 3175 ἐστιν
1597 3134 1647 3180 ὡς
1672 3132 1805 3173 ἑκατὸν
1821 3131 2001 3181 σταδίων,
2022 3130 2125 3185 ἔχων
2153 3131 2349 3172 κατοικίαν
2378 3130 2470 3185 πρὸς
2494 3131 2560 3186 μὲν

1326 3199 1374 3253 τῇ
1396 3197 1534 3252 βορείῳ
1558 3196 1727 3251 θαλάττῃ
1767 3192 2050 3248 Ἂμφίμαλλαν,
2076 3192 2167 3247 πρὸς
2185 3192 2225 3233 δὲ
2254 3195 2303 3248 τῇ
2324 3190 2440 3249 νοτίῳ
2463 3193 2561 3233 Φοί-

1327 3275 1412 3300 νικα
1431 3260 1497 3300 τὸν
1518 3259 1722 3313 Λαμπὲων.
1753 3255 1878 3308 Quod
1903 3269 2050 3310 parum
2072 3262 2259 3295 accurate
2286 3254 2444 3295 dictum
2473 3264 2559 3306 est,

1327 3337 1454 3377 quum
1473 3319 1747 3375 Amphimalla
1765 3327 1805 3358 et
1827 3317 2002 3359 Phoenix
2025 3331 2109 3357 non
2139 3318 2182 3357 in
2205 3316 2350 3357 eodem
2369 3318 2450 3357 sint
2472 3317 2560 3357 lon·

1326 3383 1523 3437 gitudinis
1555 3381 1699 3435 gradu.
1728 3379 1970 3421 Ptolemaeus
1991 3378 2114 3419 habet
2137 3378 2393 3419 Φοινικοῦντα
2423 3378 2560 3433 λιμένα

1326 3454 1366 3486 et
1398 3446 1564 3486 Φοίνικα
1599 3443 1728 3485 πόλιν.
1769 3440 1895 3496 Apud
1932 3440 2183 3495 Stephanum
2217 3448 2304 3481 est:
2331 3441 2557 3492 Φοινικοῦς,

1325 3508 1435 3556 πόλις
1454 3507 1615 3562 Κρήτης.
1642 3507 1690 3545 In
1707 3503 1894 3545 Hierocle
1912 3517 1955 3558 p.
1975 3502 2051 3557 751
2074 3516 2084 3543 ε
2104 3502 2260 3551 Λίσσος,
2282 3503 2458 3555 Φοινήκη
2476 3502 2562 3554 ἤτοι

1331 3568 1507 3624 Ἄραδένα
1520 3601 1530 3619 ,
1564 3570 1676 3620 νῆσος
1706 3566 1890 3613 Κλαῦδος.
1913 3564 2213 3618 Wesselingius
2234 3563 2287 3604 ad
2321 3565 2444 3606 verba
2463 3565 2561 3605 Φοι-

1326 3632 1422 3683 νήκη
1447 3630 1532 3682 ἤτοι
1566 3629 1771 3683 ’Λραδέναε
1803 3644 1819 3665 «
1846 3629 1923 3677 Ita,
1951 3627 2102 3681 inquit,
2120 3640 2236 3676 mss„
2258 3634 2305 3667 ut
2326 3626 2561 3667 Holstenius

1327 3692 1558 3733 admonuit.
1596 3693 1643 3731 In
1673 3690 1848 3737 Notitia‚
1892 3703 2017 3743 quam
2050 3690 2137 3729 Jac.
2177 3689 2290 3729 Goar
2320 3687 2557 3743 publicavit,

1326 3755 1347 3795 ὁ
1374 3754 1569 3806 Φοινήκης
1606 3752 1692 3804 ἤτοι
1734 3750 1925 3806 Ἀριάδνης
1955 3750 2105 3806 praesul
2134 3751 2278 3790 ceteris
2303 3750 2560 3790 Cretensium

1325 3825 1580 3865 accensetur-3
1618 3815 1689 3869 qui
1718 3828 1849 3868 quum
1886 3814 1986 3854 vitio
2019 3814 2072 3853 sit
2111 3811 2377 3861 deformatus,
2413 3825 2559 3866 parum

1323 3879 1490 3934 juverit.
1524 3878 1664 3918 Fuisse
1682 3884 1783 3931 puto
1802 3876 1966 3927 Φοινίκη
1984 3874 2071 3926 ἤτοι
2094 3871 2263 3928 Ἀραδὴν,
2288 3886 2412 3927 quam
2430 3880 2562 3928 poste-

1330 3943 1479 3982 riorem
1513 3939 1740 3994 Stephanus
1778 3938 1961 3992 agnoscit
1989 3950 1999 3977 2
2044 3932 2217 3990 Ἀραδὴν,
2256 3935 2405 3989 inquit,
2451 3934 2562 3982 πόλις

1331 4004 1479 4059 ,Κρήτης
1499 4002 1523 4054 ἢ
1549 4001 1613 4042 καὶ
1640 4000 1845 4048 Ἂνώπολις
1862 3999 2016 4055 λέγεται
2031 3997 2095 4038 διὰ
2118 3996 2162 4038 τὸ
2187 3995 2288 4038 εἶναι
2307 3996 2400 4038 ἄνω.
2427 3994 2472 4037 Ὅ
2488 4012 2560 4038 πο-
