2756 4354
16 267 17 271 ’
62 264 139 327 ’σῳ
154 263 279 323 λίμνη
301 262 590 317 θαλασσώδης,
614 263 661 305 ἐν·
675 259 718 304 δὲ
739 258 868 319 ταύτῃ
892 261 1013 313 νῆσος
1035 256 1174 319 ἑτέρα,
1198 260 1254 309 εἷς

23 330 76 396 ἐν
106 334 334 386 ἀποὸάντες
361 331 518 394 ἡμέρας
554 327 628 389 μὲν
663 326 777 373 οὐδὲν
815 329 1066 390 ἀφεωρῶμεν
1099 324 1161 370 ὅτι
1194 325 1253 385 μὴ

23 393 145 463 4ὕλην,
164 401 306 453 νυκτὸς
332 399 375 445 δὲ
397 397 509 460 πυρά
534 415 579 457 τε
605 394 740 440 πολλὰ
773 394 992 455 καιόμενα,
1026 393 1097 439 καὶ
1115 392 1252 455 φωνὴν

25 562 172 604 diebus
189 568 407 613 antequam
425 557 469 596 in
486 556 624 596 sinum
645 555 892 610 Hesperium
913 553 1049 594 classis
1069 553 1227 592 veniret
1239 582 1250 599 ,

26 619 373 666 circumflectendi
391 618 537 660 erant?
560 618 646 658 Nos
664 618 790 671 igitur
807 631 893 656 non
924 616 1097 656 miscere
1115 615 1259 654 incon-

27 700 144 742 grua,
164 683 237 725 sed
254 691 365 724 recte
377 681 572 722 distinere
587 681 632 720 in
653 693 768 734 seqq.
790 677 1065 719 studebimus.
1087 677 1259 717 Constat

27 746 202 803 Hesperi
227 759 341 786 ceras
379 758 446 799 ap.
483 742 750 786 Ptolemaeum
765 772 777 792 ,
798 740 978 782 Plinium
992 770 1004 790 ,
1038 738 1260 780 Philostra-

22 816 116 853 ,t-um
142 807 222 864 (V.
257 809 338 862 Ap.
363 807 440 855 IV,
475 805 567 846 init.
587 804 600 861 )
631 818 718 845 non
750 804 888 844 sinum
910 816 1020 853 esse,
1061 801 1134 842 sed
1161 816 1261 857 pro-

22 870 285 915 montorium.
307 869 434 923 Atqui
466 882 516 909 eo
534 867 626 908 loco
640 899 651 917 ‚
673 881 757 922 quo
780 867 931 907 Hanno
953 866 1091 906 sinum
1123 863 1259 905 Ἑσπέ-

25 927 93 992 ἶ’μου
133 934 241 988 κέρας
276 932 395 987 ponit
408 940 438 982 ,'
460 931 795 986 promontorium
830 928 1098 969 memorabile
1130 935 1262 968 exstat

0 1022 1 1031 κ
24 995 210 1045 nullum3
234 994 388 1050 optime
406 1002 544 1034 autem
563 992 739 1047 quadrat
760 1006 914 1032 nomen
937 992 980 1031 in
1011 990 1262 1031 hodiernum

27 1071 105 1114 cap
127 1060 171 1098 V
168 1066 252 1106 ert,
275 1057 428 1111 quippe
445 1055 559 1110 quod
581 1069 722 1110 reapse
742 1056 931 1095 omnium
950 1054 1128 1093 maxime
1147 1066 1264 1093 occa-

26 1134 119 1162 sum
129 1135 194 1161 vei
203 1134 271 1160 sus
281 1120 505 1175 procurrit.
519 1117 681 1159 Iudicat
689 1117 732 1158 id
747 1117 1082 1173 promontorium
1093 1116 1259 1165 Hanno,

27 1184 101 1225 sed
125 1198 258 1238 neque
278 1197 432 1223 nomen
455 1181 542 1236 ejus
558 1181 692 1232 affert,
717 1195 853 1235 neque
874 1179 926 1220 dc
945 1179 1076 1232 figura
1108 1177 1230 1218 docet
1247 1207 1260 1227 ,

28 1247 131 1288 adeo
147 1255 194 1287 ut
212 1246 455 1287 Ptolemaeus
467 1245 674 1298 ceterique
691 1242 858 1284 aliunde
872 1242 1127 1282 accuratiora
1143 1239 1195 1280 de
1214 1253 1264 1280 eo

27 1310 229 1363 accepisse
266 1307 456 1348 debeant.
492 1307 601 1346 Huic
631 1306 757 1359 igitur
791 1303 1079 1359 promontorio
1108 1316 1263 1343 nomen

35 1369 219 1424 Ἑσπέρου
250 1370 357 1424 κέρας
375 1367 629 1408 indiderunt.
663 1367 714 1422 Id
746 1367 989 1407 translatum
1015 1379 1066 1406 eo
1098 1379 1185 1405 esse
1210 1364 1263 1405 ab

29 1433 274 1486 cognomine
300 1432 394 1470 sinu
415 1430 646 1480 Hannonis,
669 1443 755 1470 non
773 1427 1061 1484 improbabile,
1083 1428 1158 1468 etsi
1177 1441 1264 1467 non

29 1496 180 1536 certior
197 1508 262 1534 res
281 1494 347 1543 sit,
364 1506 490 1546 quam
509 1492 542 1531 si
563 1492 654 1546 quis
670 1490 799 1531 Νότου
822 1491 944 1545 κέρας,
965 1491 1010 1529 in
1028 1503 1102 1529 ora
1120 1488 1264 1543 Libyae

29 1557 216 1599 orientali
247 1555 604 1610 promontorium,
629 1553 680 1593 ab
711 1553 958 1607 cognomine
994 1553 1089 1592 sinu
1113 1551 1264 1606 Peripli

27 1621 158 1661 nostri
177 1618 489 1659 denominatum
509 1631 594 1657 esse
606 1615 729 1657 dicat.
746 1614 979 1656 Transferri
998 1623 1135 1656 tamen
1150 1622 1264 1654 tanto

28 1681 185 1724 facilius
203 1681 354 1736 potuit,
371 1694 501 1735 quum
518 1694 568 1720 ex
587 1680 829 1720 Graecorum
847 1676 1045 1732 loquendi
1061 1691 1141 1717 usu
1158 1677 1267 1733 κέρας

27 1758 111 1785 vox
132 1744 184 1785 de
211 1743 499 1799 promontorio
513 1742 651 1797 potius
673 1755 799 1796 quam
823 1740 876 1781 de
897 1741 992 1780 sinu
1013 1739 1183 1794 intelligi
1202 1754 1266 1780 so-

27 1806 143 1848 leret.
180 1806 422 1848 Ptolemaeus
457 1813 606 1860 praeter
636 1804 972 1860 promontorium
1010 1801 1122 1844 Ἑσπ.
1158 1803 1267 1857 κέρας

29 1870 151 1910 etiam
176 1869 321 1910 κόλπον
359 1866 557 1923 Ἑσπέριον
581 1874 810 1916 memorat,
845 1874 886 1906 at
907 1880 994 1905 non
1020 1880 1045 1906 a
1066 1864 1263 1915 meridie,

31 1931 104 1973 sed
125 1946 149 1972 a
176 1932 303 1972 borea
325 1931 424 1971 dicti
453 1930 729 1986 promontorii
757 1930 882 1969 situm
899 1959 911 1979 ‚
943 1927 996 1968 de
1027 1942 1112 1982 quo
1143 1941 1267 1982 supra

26 1992 112 2049 jam
130 1995 289 2034 monui.
315 1996 352 2035 A
370 1993 543 2034 meridie
560 2008 697 2049 prom.
715 1991 875 2033 Viridis
901 1991 1144 2032 Ptolemaeus
1164 1990 1267 2031 nihil

30 2058 110 2111 nisi
133 2057 399 2098 Masitholum
432 2056 446 2113 (
463 2056 667 2112 Gambia)
700 2056 801 2096 fluv.
827 2063 867 2095 et
884 2054 1102 2109 AEthiopiae
1124 2055 1269 2109 Hypo-

33 2119 227 2161 dromum
246 2129 288 2161 et
305 2121 348 2160 in
363 2119 673 2160 mediterraneis
696 2118 798 2173 (sub
820 2117 965 2158 eadem
977 2117 1061 2157 fere
1080 2131 1160 2171 qua
1181 2119 1270 2158 Ma-

33 2182 228 2223 sitholum
246 2182 420 2222 fluvium
446 2181 662 2221 latitudine
679 2179 693 2235 )
711 2179 858 2220 Theon
884 2179 1057 2219 ochema
1084 2187 1269 2218 montem

35 2244 218 2284 collocat.
250 2245 324 2284 His
346 2245 471 2297 igitur
492 2243 595 2282 nihil
626 2242 711 2282 fere
743 2255 838 2281 cum
862 2241 1078 2280 Hannonis
1106 2240 1270 2294 Periplo

36 2319 257 2345 commune
265 2319 351 2345 esse
359 2305 454 2344 satis
462 2305 604 2358 liquet.
617 2303 811 2357 Polybius
826 2317 921 2342 vero
930 2302 1040 2357 apud
1048 2302 1192 2342 Plin.V
1202 2334 1214 2352 ,
1230 2317 1247 2342 1
1259 2334 1267 2342 .

36 2367 162 2407 refert
180 2382 204 2407 a
221 2366 371 2407 Theon
394 2367 606 2406 ochemate
629 2379 760 2419 usque
779 2364 831 2404 ad
848 2364 1170 2419 promontorium
1189 2365 1271 2404 He-

36 2431 220 2484 sperium
235 2430 536 2482 navigationem
548 2442 634 2468 esse
646 2427 789 2467 decem
804 2426 967 2466 dierum
979 2427 1268 2480 noctiumque3

35 2492 79 2533 in
95 2492 234 2533 medio
245 2506 294 2532 eo
313 2492 444 2546 spatio
455 2505 541 2531 esse
554 2490 777 2531 Atlantem.
797 2491 847 2529 In
860 2489 923 2528 his
938 2503 1105 2543 quoque
1118 2490 1272 2543 Hespe-

35 2556 145 2596 rium
163 2555 497 2610 promontorium
512 2552 735 2607 respondet
757 2551 858 2592 hod.
880 2565 959 2606 cap
981 2554 1024 2591 V
1021 2560 1083 2590 ert
1096 2583 1107 2599 ,
1134 2551 1232 2592 inde
1249 2567 1272 2593 a

37 2618 153 2672 cujus
170 2626 285 2673 parte
306 2617 566 2658 meridionali
588 2630 719 2670 usque
741 2615 794 2655 ad
811 2614 959 2654 Theon
984 2615 1156 2654 ochema
1188 2629 1269 2656 sec.

36 2683 283 2723 Hannonem
299 2689 359 2721 est
377 2680 521 2721 decem
540 2679 702 2719 dierum
722 2678 927 2731 navigatio
942 2686 983 2718 et
1000 2677 1113 2732 quod
1129 2692 1274 2718 excur-

38 2745 112 2794 rit;
133 2744 327 2798 Polybius
356 2743 530 2783 totidem
552 2741 639 2782 dies
669 2749 894 2794 noctesque
915 2748 1133 2789 numerat;
1159 2740 1274 2794 quod

39 2819 124 2846 non
146 2805 307 2846 calculis
325 2804 398 2845 sed
413 2805 545 2846 errori
569 2812 609 2844 et
630 2802 860 2844 confusioni
884 2802 1035 2857 passim
1055 2802 1186 2842 obviae
1204 2802 1275 2843 de·

39 2867 127 2908 beri
146 2867 322 2908 videtur.
342 2870 391 2908 In
410 2867 550 2907 medio
570 2866 654 2907 fere
672 2866 752 2906 hoc
771 2866 903 2920 spatio
918 2866 1069 2906 Hanno
1098 2865 1273 2907 insulam

40 2931 153 2971 sinus
171 2931 378 2985 Hesperii,
398 2930 592 2985 Polybius
616 2929 825 2971 Atlantem
854 2929 1039 2971 collocat.
1061 2933 1086 2971 J
1088 2945 1154 2971 am
1184 2924 1280 2985 quae’

42 2993 93 3033 de
119 2993 250 3033 insula
269 2993 335 3034 illa
356 3002 497 3034 narrat
521 2994 672 3034 Hanno
687 3024 698 3043 ,
720 2993 866 3033 eadem
885 2992 938 3033 de
966 2993 1131 3034 Atlante
1148 2993 1276 3035 refert

42 3055 197 3096 Plinius
223 3054 236 3110 (
253 3070 292 3096 v.
316 3064 405 3097 not.
429 3070 514 3110 seq.
534 3055 566 3111 ).
585 3056 794 3097 Nimirum
813 3055 1040 3110 mythologi
1060 3057 1275 3097 Hannonis

43 3118 273 3158 narratione
303 3120 392 3169 usi,
431 3119 638 3160 Atlantem
668 3127 710 3159 et
741 3118 997 3172 adjacentem
1029 3119 1066 3159 ei
1101 3119 1275 3160 Atlanti-

44 3178 136 3220 dem
154 3181 326 3220 insulam
344 3182 426 3222 huc
442 3181 752 3222 collocaverant.
771 3180 899 3234 Quod
914 3189 960 3221 ut
979 3183 1108 3235 magis
1121 3191 1273 3236 pateat,

45 3242 145 3282 alter
163 3242 258 3282 facit
278 3244 398 3284 Plinii
419 3244 548 3293 locus,
569 3246 625 3294 V,
648 3245 716 3294 36,
736 3244 810 3284 ubi
828 3244 880 3284 ab
899 3244 1062 3284 Atlante
1080 3253 1121 3284 et
1136 3245 1275 3285 Atlan-

45 3303 130 3343 tide
157 3305 288 3345 insula
315 3306 415 3346 dicit
445 3307 627 3361 quinque
656 3306 819 3347 dierum
853 3307 1157 3359 navigationem
1190 3322 1276 3348 esse

49 3379 176 3419 usquc
191 3365 243 3406 ad
256 3367 463 3423 AEthiopes
477 3370 696 3423 Hesperios
715 3378 755 3410 et
771 3368 1105 3424 promontorium
1121 3371 1273 3425 Hespe-

46 3428 139 3467 rion
177 3441 287 3467 ceras
302 3459 312 3477 ‚
345 3430 456 3470 unde
487 3432 670 3485 primum
702 3446 744 3471 se
783 3432 1033 3485 circumagat
1069 3440 1274 3473 terrarum

49 3488 161 3528 frons
183 3490 226 3528 in
246 3504 432 3530 occasum
461 3500 501 3532 et
529 3507 641 3533 mare
670 3494 937 3534 Atlanticum.
968 3495 1164 3549 Quinque
1186 3495 1275 3535 illos

49 3549 135 3588 dies
170 3549 278 3589 vides
310 3551 475 3592 eosdem
509 3568 593 3594 esse
615 3570 719 3609 quos
740 3558 890 3597 Hanno
919 3557 970 3597 ab
999 3557 1134 3597 insula
1161 3558 1274 3598 sinus

50 3612 237 3665 Hesperii
270 3621 457 3653 numerat
486 3629 616 3669 usque
645 3617 699 3658 ad
731 3620 854 3659 maris
888 3619 1047 3659 hiatum
1080 3620 1162 3674 qui
1183 3628 1276 3675 post

52 3681 211 3712 montes
229 3673 397 3713 silvosos
414 3679 686 3728 promontorii
709 3679 874 3720 Viridis
893 3682 1092 3735 sequitur.
1115 3682 1275 3734 Quodsi

51 3733 131 3776 alio
152 3734 243 3774 loco
261 3735 451 3791 Plinius'(
466 3738 521 3786 V,
547 3738 596 3777 35
615 3737 629 3794 )
656 3739 780 3780 refert
798 3750 992 3794 quattuor
1010 3743 1096 3783 dies
1119 3758 1206 3784 esse
1225 3745 1276 3784 ab

52 3796 196 3837 Theon
219 3797 429 3838 ochemate
458 3812 586 3852 usque
606 3800 658 3840 ad
688 3805 1018 3855 promontorium
1047 3807 1275 3860 Hesperion

55 3873 187 3909 ceras,
208 3859 380 3900 eandem
408 3859 644 3902 distantiam
666 3864 816 3904 Hanno
835 3875 1002 3920 exputat
1023 3882 1047 3908 a
1076 3869 1170 3909 sinu
1193 3871 1277 3910 He-

56 3923 188 3975 sperio
210 3922 263 3962 ad
283 3922 430 3963 Theon
461 3923 652 3974 ochema,
678 3925 834 3966 Plinius
861 3942 979 3978 vero,
1004 3938 1049 3969 ut
1073 3940 1278 3973 constaret

55 3983 148 4034 sibi,
169 3984 304 4026 dicere
323 3985 512 4038 debebat,
534 3995 729 4041 quattuor
754 3989 852 4030 istos
873 3990 959 4031 dics
981 4006 1067 4032 esse
1089 4007 1111 4034 a
1132 3994 1277 4036 TheOn

54 164 76 227 ·)
843 155 846 158 “
1137 154 1450 204 PERIPLUS.

2493 182 2543 218 11

1324 279 1408 319 quo
1427 266 1561 306 insula
1571 266 1662 307 alia.
1722 268 1773 307 In
1792 267 1898 307 hanc
1913 269 2062 320 egressi
2077 269 2258 311 interdiu
2272 273 2374 313 nihil
2395 280 2554 331 conspi-

1325 331 1532 373 ciebamus
1549 335 1626 374 nisi
1652 335 1770 376 silvas
1782 366 1794 386 ,
1818 344 1947 376 noctu
1961 344 2099 376 autem
2116 338 2265 378 multos
2284 341 2396 393 ignes
2412 345 2555 386 arden·

1325 408 1400 450 tes,
1418 409 1459 441 et
1477 416 1600 443 sonos
1613 404 1807 445 tibiarum
1823 404 2090 445 audiebamus
2103 414 2144 446 et
2154 407 2434 461 cymbalorum
2451 421 2555 467 tym-

29 494 2556 518 —ffl———ffiss———Q

1335 552 1550 593 ochemate
1566 567 1698 607 usque
1714 554 1767 594 ad
1785 555 2060 596 Atlantiadem
2082 556 2271 598 insulam.
2292 559 2420 600 Vides
2439 562 2561 614 igitur

1326 614 1545 668 Polybium
1567 623 1608 655 ct
1629 615 1750 656 Plinii
1777 615 1860 671 (V,
1883 618 1934 657 36
1952 617 1966 673 )
1992 626 2203 658 auctorem
2220 650 2231 668 ‚
2257 623 2442 674 quamvis
2461 626 2562 665 Hes-

1323 677 1487 731 perium
1507 691 1619 717 ceras
1633 676 1884 718 hodiernum
1903 693 1982 735 cap
2001 682 2045 719 V
2041 690 2103 720 ert
2121 681 2366 736 intelligant,
2389 686 2561 728 minime

1325 746 1463 780 tamen
1495 754 1543 780 ea
1573 754 1665 794 quae
1687 741 1838 781 Hanno
1864 740 1916 781 de
1949 755 2024 781 suo
2057 743 2229 798 Hesperi
2264 759 2396 787 cornu
2424 760 2562 792 narrat

1327 801 1380 842 ad
1411 803 1748 857 promontorium
1770 802 1873 843 illud
1898 803 2076 854 referre,
2108 805 2181 845 sed
2208 806 2352 848 eodem
2379 809 2468 851 loco
2490 826 2563 866 po-

1326 879 1424 905 nere
1450 880 1535 920 quo
1549 867 1689 921 posuit
1710 866 1862 907 Hanno
1874 897 1885 916 ,
1908 865 2087 921 ideoque
2105 867 2217 908 haud
2235 873 2437 913 censuisse
2452 875 2563 928 apud

1326 929 1576 970 Hannonem
1592 931 1760 971 nomine
1782 929 1965 985 Ἑσπέρου
1986 931 2094 984 κέρας
2111 931 2330 984 significari
2349 949 2427 990 cap
2445 939 2488 976 V
2485 947 2560 977 ert.

1326 993 1389 1032 Eo
1411 1000 1573 1034 tantum
1602 994 1654 1034 ab
1680 994 1898 1034 Hannonis
1933 994 2169 1034 narratione
2200 995 2420 1048 recedunt,
2453 1001 2562 1054 quod

1327 1054 1535 1118 Atlantem
1556 1055 1610 1097 ad
1628 1057 1766 1097 sinum
1788 1056 1905 1096 illum
1937 1064 2102 1111 ponunt
2115 1087 2127 1106 ,
2152 1056 2409 1113 insulamque
2431 1063 2566 1116 appel·

1327 1117 1414 1158 lant
1440 1118 1744 1170 Atlantiadem,
1779 1119 2116 1174 mythologorum
2151 1121 2280 1160 secuti
2311 1134 2564 1175 commenta,

1328 1179 1381 1220 de
1415 1181 1567 1235 quibus
1595 1181 1725 1222 fusius
1757 1183 1930 1236 exponit
1961 1181 2173 1222 Diodorus
2202 1184 2288 1234 III,
2318 1184 2383 1225 53.
2420 1188 2568 1229 Narrat

1328 1243 1441 1283 enim
1462 1257 1548 1284 esse
1569 1245 1615 1284 in
1635 1244 1700 1284 his
1728 1244 1968 1298 regionibus
1990 1244 2198 1285 Atlantem
2213 1276 2224 1295 ,
2258 1254 2298 1286 et
2320 1261 2448 1302 prope
2473 1265 2567 1292 eum

1328 1304 1373 1344 in
1393 1305 1611 1346 Tritonide
1644 1305 1795 1361 palude
1832 1305 1952 1362 (quae
1982 1321 2080 1347 cum
2114 1308 2210 1347 sinu
2238 1306 2421 1364 Ἑσπέρου
2444 1313 2570 1366 κέρατι

1329 1368 1545 1409 Hannonis
1557 1368 1847 1424 componenda
1860 1368 1944 1426 cst)
1963 1368 2088 1410 fuisse
2103 1371 2362 1412 Amazonum
2378 1373 2568 1426 insulam,

1337 1428 1481 1472 Ἕσπέ
1490 1447 1509 1486 ρ
1523 1446 1579 1484 αν,
1597 1431 1775 1483 dictam,
1804 1446 1936 1487 quum
1959 1447 2100 1473 versus
2126 1447 2317 1474 occasum
2342 1436 2417 1476 sita
2451 1446 2567 1478 esset.

1328 1492 1446 1533 Idem
1473 1495 1518 1534 in
1550 1494 1628 1534 hac
1651 1494 1930 1535 Atlantiorum
1952 1502 2061 1535 terra
2085 1495 2142 1535 ait
2171 1495 2475 1551 μυθυλογεῖσθαι
2501 1498 2570 1551 τὴν

1330 1560 1406 1596 τῶν
1428 1557 1523 1597 θεῶν
1542 1558 1707 1613 γένεσιν,
1732 1557 1859 1612 idque
1885 1572 1922 1598 c.
1958 1559 2010 1598 68
2040 1557 2230 1612 pluribus
2252 1558 2388 1600 docet.
2416 1562 2572 1617 Nempe

1330 1619 1570 1671 Saturnum,
1591 1619 1757 1672 πλησίον
1776 1625 1853 1661 τῶν
1878 1620 2096 1675 Κεραυνίων
2119 1619 2369 1675 καλουμένων
2392 1621 2490 1677 ὀρῶν
2510 1639 2572 1664 rc-

1302 1712 1314 1734 „
1331 1690 1526 1734 gnantem
1540 1713 1551 1732 ‚
1588 1697 1639 1723 ex
1673 1683 1888 1724 Amalthea
1929 1683 2138 1723 Bacchum
2173 1686 2414 1739 suscepisse,
2450 1695 2571 1741 atque

1330 1745 1451 1784 uxori
1472 1743 1632 1786 dedisse
1651 1747 1871 1800 imperium
1888 1748 1957 1786 τοῦ
1990 1745 2175 1801 σύνεγγυς
2192 1746 2311 1787 τόπου
2330 1748 2483 1799 παντὸς,
2507 1750 2571 1790 ὄν-

1330 1822 1395 1854 τος
1412 1811 1468 1862 τῷ
1498 1807 1672 1863 σχήματι
1705 1808 1973 1863 παραπλησίου
1996 1809 2125 1863 κέρατι
2160 1808 2262 1863 βοὸς,
2290 1808 2352 1865 ἀφ’
2380 1805 2424 1861 ἧς
2450 1811 2573 1861 αἰτίας

1339 1867 1563 1925 Ἑσπέρου
1579 1872 1714 1926 κέρας
1729 1871 2108 1926 προσαγορευθῆναι;
2126 1871 2239 1926 quod
2255 1887 2409 1913 nomen
2424 1873 2573 1916 deinde

1332 1940 1540 1974 mutatum
1562 1934 1614 1974 sit
1635 1934 1679 1974 in
1707 1933 1932 1989 Ἀμαλθείας
1963 1934 2085 1988 κέρας.
2111 1933 2324 1975 Diodorus
2346 1936 2472 1989 igitur
2499 1953 2574 1978 no-

1334 2009 1429 2034 men
1456 2010 1480 2035 a
1498 1997 1594 2035 sinu
1622 1997 1855 2037 Hannoneo
1870 1995 1923 2036 ad
1949 1995 2204 2050 adjacentem
2223 2004 2374 2037 terram
2397 2006 2574 2040 transtu-

1334 2055 1406 2105 lit;
1432 2065 1541 2097 certe
1561 2058 1665 2098 nihil
1689 2058 1917 2112 quidquam
1935 2057 2057 2098 video
2083 2072 2158 2098 cur
2179 2057 2231 2098 ad
2249 2060 2459 2112 regionem
2474 2074 2572 2115 pro-

1334 2120 1531 2158 montorii
1546 2120 1706 2159 Viridis
1720 2121 1856 2174 potius
1868 2119 2130 2160 referendum
2142 2121 2208 2170 sit,
2223 2134 2352 2174 quum
2365 2121 2574 2165 Atlantem

1336 2189 1376 2221 et
1390 2182 1630 2236 Hesperiam
1648 2183 1823 2223 insulam
1841 2190 2023 2237 spectare
2038 2182 2091 2222 ad
2103 2183 2240 2223 sinum
2260 2183 2374 2224 illum
2394 2199 2416 2224 e
2435 2186 2571 2228 Plinio

1335 2251 1376 2283 et
1397 2244 1568 2298 Polybio
1594 2253 1766 2285 constet.
1794 2247 1810 2298 ΙΙ
1832 2269 1889 2275 -
1906 2245 2032 2298 πυρά
2060 2259 2111 2284 τε
2139 2244 2311 2285 πολλὰ
2340 2247 2445 2286 κτλ.
2466 2251 2480 2300 ]
2504 2249 2567 2290 Cf.

1336 2305 1573 2345 AriStoteles
1594 2306 1693 2345 Mir.
1720 2320 1757 2345 c.
1784 2306 1836 2358 37
1864 2304 1930 2345 ed.
1963 2306 2194 2346 Westerm.
2219 2319 2228 2346 :
2253 2307 2413 2360 Λέγεται
2435 2308 2475 2348 δὲ
2509 2311 2572 2349 καὶ

1336 2366 1384 2405 τὰ
1407 2366 1477 2414 ἔξω
1503 2367 1654 2419 στηλῶν
1685 2366 1924 2422 εΗρακλείων
1948 2367 2136 2417 καίεσθαι,
2161 2367 2209 2408 τὰ
2231 2367 2297 2422 μὲν
2318 2368 2380 2408 διὰ
2403 2371 2567 2420 παντὸς,

1336 2429 1384 2469 τὰ
1405 2430 1445 2470 δὲ
1481 2430 1626 2484 νύκτωρ
1653 2431 1788 2485 μόνον,
1814 2430 1864 2477 ὡς
1897 2430 1918 2470 ὁ
1939 2429 2126 2476 Ἄννωνος
2160 2429 2371 2484 Περίπλους
2407 2432 2566 2487 ἱστορεῖ.

1337 2492 1494 2535 Eadem
1509 2494 1681 2548 poeticis
1696 2493 1900 2547 figmentis
1916 2500 2035 2533 aucta
2048 2491 2204 2532 Plinius
2221 2493 2276 2542 V,
2299 2506 2316 2532 1
2337 2493 2389 2533 de
2408 2495 2570 2536 Atlante

1338 2566 1479 2597 monte
1499 2566 1639 2597 narrat
1663 2555 1679 2613 (
1696 2561 1818 2611 quem
1837 2556 1920 2596 huc
1941 2563 2169 2610 posuerunt
2192 2556 2396 2606 nonnulli,
2415 2557 2570 2599 Plinius

1338 2633 1436 2659 vero
1462 2634 1558 2659 cum
1589 2619 1848 2664 Mauritaniae
1872 2626 2013 2658 monte
2048 2617 2296 2674 confundit)
2324 2632 2332 2659 :
2354 2622 2393 2660 E
2426 2620 2571 2662 mediis

1338 2683 1444 2723 hunc
1479 2682 1616 2723 arenis
1640 2681 1684 2722 in
1716 2681 1857 2722 caelum
1879 2680 2018 2721 attolli
2042 2680 2331 2736 prodiderunt,
2357 2696 2568 2737 asperum,

1338 2745 1611 2800 squalentem,
1634 2759 1717 2799 qua
1737 2753 1882 2796 vergat
1906 2743 1965 2783 ad
1985 2742 2109 2783 litora
2141 2743 2318 2792 Oceani,
2344 2744 2412 2784 cui
2433 2760 2572 2787 nomen

1343 2807 1590 2863 imposuit...
1612 2806 1848 2847 Incolarum
1870 2804 2065 2845 neminem
2090 2805 2269 2845 interdiu
2302 2805 2413 2846 cerni
2422 2824 2437 2855 ;
2456 2807 2574 2848 silere

1341 2869 1478 2910 omnia
1492 2902 1502 2918 ‚
1538 2869 1653 2909 haud
1680 2868 1764 2908 alio
1783 2883 1906 2924 quam
1927 2867 2198 2908 solitudinum
2220 2868 2380 2908 horrore
2391 2886 2407 2916 ;
2438 2870 2574 2911 subire

1343 2931 1516 2972 tacitam
1535 2930 1767 2983 religionem
1789 2929 1948 2970 animos
1960 2929 2139 2984 propius
2157 2929 2446 2979 accedentium,
2462 2947 2573 2987 prce-

1343 3003 1477 3048 terque
1497 2993 1698 3033 horrorem
1727 2991 1828 3032 elati
1858 3006 1981 3046 super
2000 2990 2144 3031 nubila
2166 3001 2288 3046 atque
2311 2992 2353 3032 in
2375 2992 2574 3032 viciniam

1344 3056 1502 3097 lunaris
1520 3056 1682 3097 circuli.
1708 3054 1894 3096 Eundem
1912 3054 2100 3095 noctibus
2128 3054 2277 3095 micare
2298 3055 2450 3095 crebris
2470 3055 2574 3105 igni-

1343 3121 1432 3168 bus,
1458 3119 1712 3174 AEgipanum
1727 3121 2037 3172 Satyrorumque
2057 3117 2234 3158 lascivia
2254 3117 2427 3172 impleri,
2450 3117 2574 3165 tibia-

1344 3197 1434 3222 rum
1454 3196 1504 3221 ac
1514 3180 1675 3235 fistulae
1697 3188 1838 3227 cantu,
1867 3188 2225 3234 tympanorumque
2246 3188 2285 3218 et
2302 3178 2572 3232 cymbalorum

1341 3245 1482 3286 sonitu
1513 3252 1702 3299 strepere.
1742 3243 1852 3281 Hoec
1892 3240 2084 3280 celebrati
2122 3250 2307 3281 auctores
2355 3239 2573 3295 prodidere

1343 3316 1492 3357 prseter
1520 3305 1690 3346 Herculi
1713 3313 1752 3343 et
1776 3306 1920 3343 Perseo
1944 3302 2132 3342 laborata
2167 3302 2239 3342 ibi.
2264 3302 2370 3342 Mela
2398 3304 2484 3351 III,
2515 3317 2538 3355 9
2560 3316 2569 3342 :

1335 3361 1473 3411 ⁴Ultra
1514 3376 1684 3408 montem
1721 3365 1804 3422 (sc.
1843 3365 1948 3405 Θεῶν
1979 3364 2143 3420 ὄχημα)
2173 3364 2280 3405 viret
2314 3364 2430 3404 collis
2459 3364 2574 3415 longo

1346 3440 1485 3472 tractu
1509 3429 1639 3481 longis
1664 3428 1856 3469 litoribus
1889 3427 2088 3468 obductas
2103 3460 2112 3475 ‚
2151 3426 2254 3467 unde
2278 3426 2474 3467 visuntur
2494 3441 2574 3482 pa·

1347 3503 1473 3534 tentes
1494 3491 1626 3544 magis
1644 3490 1781 3546 campi
1802 3505 1923 3545 qaam
1946 3499 1992 3530 ut
2006 3489 2193 3546 perspici
2208 3489 2389 3544 possint,
2414 3491 2575 3528 Panum

1346 3561 1670 3611 Satyrorumque.
1702 3553 1814 3594 Hinc
1844 3552 1984 3608 opinio
2015 3567 2150 3593 caasae
2162 3552 2289 3606 fidem
2311 3551 2419 3607 cepit
2436 3583 2446 3599 ‚
2470 3550 2578 3606 quod

1348 3634 1472 3674 quum
1493 3618 1534 3658 in
1553 3617 1619 3657 his
1642 3615 1752 3656 nihil
1777 3615 1880 3656 culti
1901 3615 1974 3663 sit,
1997 3614 2119 3654 nullae
2141 3612 2419 3653 habitantium
2446 3612 2571 3659 sedes,

1346 3682 1461 3721 nulla
1489 3679 1691 3731 vestigia,
1717 3677 1897 3719 solitudo
1931 3677 1973 3717 in
2005 3676 2111 3716 diem
2143 3685 2267 3716 vasta
2295 3684 2341 3714 .et
2368 3674 2575 3715 silentiam

1346 3743 1536 3789 vastius,
1567 3751 1681 3782 nocte
1702 3740 1833 3781 crebri
1862 3740 1971 3791 ignes
2004 3739 2185 3786 micant,
2209 3750 2249 3777 et
2277 3736 2407 3777 velati
2436 3744 2574 3775 castra

1349 3807 1430 3846 late
1454 3804 1642 3860 jacentia
1676 3803 1957 3851 ostenduntur,
1995 3810 2162 3857 crepant
2191 3799 2375 3853 cymbala
2404 3807 2442 3837 et
2476 3806 2573 3849 (γυι-

1343 3884 1482 3924 pana,
1511 3866 1814 3922 ataliuuturque
1841 3864 1955 3905 tibiae
1984 3872 2174 3904 sonantes
2203 3862 2336 3915 majus
2367 3858 2569 3899 humanis.

1348 3931 1412 3972 Cs.
1434 3931 1560 3972 Solin.
1585 3945 1624 3970 c.
1651 3942 1703 3983 27
1722 3937 1763 3969 et
1780 3927 1953 3968 Diodor.
1975 3929 2052 3976 III,
2080 3926 2146 3974 53,
2164 3925 2233 3978 qui
2254 3924 2473 3975 Hesperum
2493 3920 2569 3959 ins.

1348 3993 1462 4049 πυρὸς
1474 3992 1719 4049 ἐκφυσήματα
1733 3990 1885 4046 μεγάλα
1898 3989 2048 4030 habere
2060 3995 2209 4046 narrat.
2226 3982 2447 4037 Quomodo
2461 3983 2573 4035 ignes
