<?xml version="1.0" encoding="UTF-8"?>
<!DOCTYPE html PUBLIC "-//W3C//DTD XHTML 1.0 Transitional//EN"
    "http://www.w3.org/TR/xhtml1/DTD/xhtml1-transitional.dtd">
<html xmlns="http://www.w3.org/1999/xhtml" xml:lang="en" lang="en">
 <head>
  <title>
</title>
<meta http-equiv="Content-Type" content="text/html;charset=utf-8" />
  <meta name='ocr-system' content='tesseract 3.04.00' />
  <meta name='ocr-capabilities' content='ocr_page ocr_carea ocr_par ocr_line ocrx_word'/>
</head>
<body>
  <div class='ocr_page' id='page_1' title='image "./geographigraeci00mueluoft_0051.png"; bbox 0 0 2756 4354; ppageno 0'>
   <div class='ocr_carea' id='block_1_1' title="bbox 868 145 1756 196">
    <p class='ocr_par' dir='ltr' id='par_1_1' title="bbox 868 145 1756 196">
     <span class='ocr_line' id='line_1_1' title="bbox 868 145 1756 196; baseline 0.007 -7"><span class='ocrx_word' id='word_1_1' title='bbox 868 145 969 190; x_wconf 75' lang='lat' dir='ltr'><strong>&#39;DE</strong></span> <span class='ocrx_word' id='word_1_2' title='bbox 1003 145 1271 191; x_wconf 87' lang='lat' dir='ltr'><strong>SCYLACE</strong></span> <span class='ocrx_word' id='word_1_3' title='bbox 1306 146 1756 196; x_wconf 73' lang='lat' dir='ltr'><strong>CARYANDENSE.</strong></span> 
     </span>
    </p>
   </div>
   <div class='ocr_carea' id='block_1_2' title="bbox 0 269 1291 2291">
    <p class='ocr_par' dir='ltr' id='par_1_2' title="bbox 0 269 1291 1000">
     <span class='ocr_line' id='line_1_2' title="bbox 54 269 1282 330; baseline -0.009 -5"><span class='ocrx_word' id='word_1_4' title='bbox 54 278 316 324; x_wconf 86' lang='lat' dir='ltr'><strong>&#39;Secundum</strong></span> <span class='ocrx_word' id='word_1_5' title='bbox 335 272 677 321; x_wconf 82' lang='lat' dir='ltr'><strong>Eratosthenem</strong></span> <span class='ocrx_word' id='word_1_6' title='bbox 703 280 747 314; x_wconf 90' lang='lat' dir='ltr'><strong>et</strong></span> <span class='ocrx_word' id='word_1_7' title='bbox 768 269 1013 329; x_wconf 86' lang='lat' dir='ltr'>Polybium</span> <span class='ocrx_word' id='word_1_8' title='bbox 1037 270 1140 330; x_wconf 90' lang='lat' dir='ltr'><strong>(ap.</strong></span> <span class='ocrx_word' id='word_1_9' title='bbox 1159 269 1282 315; x_wconf 91' lang='lat' dir='ltr'><strong>Plin.</strong></span> 
     </span>
     <span class='ocr_line' id='line_1_3' title="bbox 55 343 1289 412; baseline -0.009 -15"><span class='ocrx_word' id='word_1_10' title='bbox 55 353 110 411; x_wconf 84' lang='lat' dir='ltr'><strong>V,</strong></span> <span class='ocrx_word' id='word_1_11' title='bbox 134 363 156 410; x_wconf 88' lang='lat'><strong>7</strong></span> <span class='ocrx_word' id='word_1_12' title='bbox 189 353 302 412; x_wconf 83' lang='grc'><strong>540)</strong></span> <span class='ocrx_word' id='word_1_13' title='bbox 324 349 380 394; x_wconf 86' lang='lat' dir='ltr'><strong>ab</strong></span> <span class='ocrx_word' id='word_1_14' title='bbox 404 348 583 392; x_wconf 89' lang='lat' dir='ltr'><strong>Oceano</strong></span> <span class='ocrx_word' id='word_1_15' title='bbox 595 344 912 402; x_wconf 83' lang='lat' dir='ltr'>Carthaginem</span> <span class='ocrx_word' id='word_1_16' title='bbox 928 354 1034 388; x_wconf 90' lang='lat' dir='ltr'><strong>sunt</strong></span> <span class='ocrx_word' id='word_1_17' title='bbox 1059 360 1077 387; x_wconf 91' lang='lat'>1</span> <span class='ocrx_word' id='word_1_18' title='bbox 1091 359 1176 387; x_wconf 93' lang='lat' dir='ltr'><strong>1oo</strong></span> <span class='ocrx_word' id='word_1_19' title='bbox 1193 343 1289 387; x_wconf 89' lang='lat' dir='ltr'><strong>mi-</strong></span> 
     </span>
     <span class='ocr_line' id='line_1_4' title="bbox 59 418 1288 488; baseline -0.01 -16"><span class='ocrx_word' id='word_1_20' title='bbox 59 429 120 472; x_wconf 85' lang='lat' dir='ltr'><strong>lia</strong></span> <span class='ocrx_word' id='word_1_21' title='bbox 148 442 268 488; x_wconf 88' lang='lat' dir='ltr'><strong>pass.</strong></span> <span class='ocrx_word' id='word_1_22' title='bbox 293 424 428 483; x_wconf 84' lang='lat'>(8800</span> <span class='ocrx_word' id='word_1_23' title='bbox 449 419 601 478; x_wconf 80' lang='lat' dir='ltr'><strong>stad.),</strong></span> <span class='ocrx_word' id='word_1_24' title='bbox 622 419 732 466; x_wconf 87' lang='lat' dir='ltr'><strong>hinc</strong></span> <span class='ocrx_word' id='word_1_25' title='bbox 744 418 800 463; x_wconf 91' lang='lat' dir='ltr'><strong>ad</strong></span> <span class='ocrx_word' id='word_1_26' title='bbox 824 418 989 463; x_wconf 92' lang='lat' dir='ltr'><strong>ostium</strong></span> <span class='ocrx_word' id='word_1_27' title='bbox 1007 418 1288 477; x_wconf 82' lang='lat' dir='ltr'>Canopicum</span> 
     </span>
     <span class='ocr_line' id='line_1_5' title="bbox 65 492 1285 558; baseline -0.009 -10"><span class='ocrx_word' id='word_1_28' title='bbox 65 505 272 548; x_wconf 81' lang='lat' dir='ltr'><strong>1628·m.</strong></span> <span class='ocrx_word' id='word_1_29' title='bbox 307 500 474 558; x_wconf 81' lang='grc'>(13024</span> <span class='ocrx_word' id='word_1_30' title='bbox 508 495 671 555; x_wconf 85' lang='lat' dir='ltr'><strong>stad.);</strong></span> <span class='ocrx_word' id='word_1_31' title='bbox 715 494 965 555; x_wconf 82' lang='lat' dir='ltr'><strong>secundum</strong></span> <span class='ocrx_word' id='word_1_32' title='bbox 1002 492 1285 538; x_wconf 87' lang='lat' dir='ltr'><strong>Artemidor.</strong></span> 
     </span>
     <span class='ocr_line' id='line_1_6' title="bbox 58 567 1290 634; baseline -0.007 -13"><span class='ocrx_word' id='word_1_33' title='bbox 58 594 84 622; x_wconf 87' lang='lat' dir='ltr'><strong>a</strong></span> <span class='ocrx_word' id='word_1_34' title='bbox 107 573 242 634; x_wconf 89' lang='lat' dir='ltr'><strong>Tingi</strong></span> <span class='ocrx_word' id='word_1_35' title='bbox 283 573 339 617; x_wconf 88' lang='lat' dir='ltr'><strong>ad</strong></span> <span class='ocrx_word' id='word_1_36' title='bbox 362 572 596 632; x_wconf 86' lang='lat' dir='ltr'>Canopum</span> <span class='ocrx_word' id='word_1_37' title='bbox 635 585 695 614; x_wconf 89' lang='lat' dir='ltr'><strong>m.</strong></span> <span class='ocrx_word' id='word_1_38' title='bbox 722 568 843 627; x_wconf 81' lang='lat'>3559</span> <span class='ocrx_word' id='word_1_39' title='bbox 880 569 951 627; x_wconf 88' lang='lat' dir='ltr'><strong>(st.</strong></span> <span class='ocrx_word' id='word_1_40' title='bbox 982 567 1180 627; x_wconf 82' lang='grc'>28492);</span> <span class='ocrx_word' id='word_1_41' title='bbox 1210 567 1290 612; x_wconf 90' lang='lat' dir='ltr'><strong>sed</strong></span> 
     </span>
     <span class='ocr_line' id='line_1_7' title="bbox 56 637 1290 706; baseline -0.008 -11"><span class='ocrx_word' id='word_1_42' title='bbox 56 665 217 696; x_wconf 87' lang='lat' dir='ltr'><strong>vereor</strong></span> <span class='ocrx_word' id='word_1_43' title='bbox 237 663 294 692; x_wconf 93' lang='lat' dir='ltr'><strong>ne</strong></span> <span class='ocrx_word' id='word_1_44' title='bbox 311 646 552 706; x_wconf 89' lang='lat' dir='ltr'><strong>legendum</strong></span> <span class='ocrx_word' id='word_1_45' title='bbox 570 645 654 689; x_wconf 88' lang='lat' dir='ltr'><strong>sit:</strong></span> <span class='ocrx_word' id='word_1_46' title='bbox 675 647 769 689; x_wconf 85' lang='lat' dir='ltr'><strong>mil.</strong></span> <span class='ocrx_word' id='word_1_47' title='bbox 788 643 927 702; x_wconf 84' lang='lat'><strong>3659,</strong></span> <span class='ocrx_word' id='word_1_48' title='bbox 944 637 1160 688; x_wconf 78' lang='lat' dir='ltr'><strong>suadente</strong></span> <span class='ocrx_word' id='word_1_49' title='bbox 1173 642 1290 700; x_wconf 82' lang='lat' dir='ltr'><strong>Aga-</strong></span> 
     </span>
     <span class='ocr_line' id='line_1_8' title="bbox 0 718 1291 784; baseline -0.008 -12"><span class='ocrx_word' id='word_1_50' title='bbox 0 739 2 742; x_wconf 88' lang='grc'><strong><em>·</em></strong></span> <span class='ocrx_word' id='word_1_51' title='bbox 30 727 288 780; x_wconf 83' lang='lat' dir='ltr'><strong>·themero,</strong></span> <span class='ocrx_word' id='word_1_52' title='bbox 323 724 403 784; x_wconf 89' lang='lat' dir='ltr'><strong>qui</strong></span> <span class='ocrx_word' id='word_1_53' title='bbox 438 722 603 767; x_wconf 87' lang='lat' dir='ltr'><strong>Africae</strong></span> <span class='ocrx_word' id='word_1_54' title='bbox 651 719 987 779; x_wconf 82' lang='lat' dir='ltr'><strong>longitudinem</strong></span> <span class='ocrx_word' id='word_1_55' title='bbox 1029 733 1127 763; x_wconf 90' lang='lat' dir='ltr'><strong>esse</strong></span> <span class='ocrx_word' id='word_1_56' title='bbox 1179 718 1291 763; x_wconf 90' lang='lat' dir='ltr'><strong>dicit</strong></span> 
     </span>
     <span class='ocr_line' id='line_1_9' title="bbox 57 794 1288 862; baseline -0.007 -15.398"><span class='ocrx_word' id='word_1_57' title='bbox 57 802 208 862; x_wconf 84' lang='grc'>29252</span> <span class='ocrx_word' id='word_1_58' title='bbox 229 800 480 846; x_wconf 89' lang='lat' dir='ltr'><strong>stadiorum</strong></span> <span class='ocrx_word' id='word_1_59' title='bbox 503 799 568 859; x_wconf 88' lang='lat'><strong>(=</strong></span> <span class='ocrx_word' id='word_1_60' title='bbox 599 798 776 848; x_wconf 69' lang='lat'><strong>36567,</strong></span> <span class='ocrx_word' id='word_1_61' title='bbox 802 795 896 840; x_wconf 90' lang='lat' dir='ltr'><strong>mil.</strong></span> <span class='ocrx_word' id='word_1_62' title='bbox 918 796 952 855; x_wconf 91' lang='lat'><strong>).</strong></span> <span class='ocrx_word' id='word_1_63' title='bbox 976 794 1184 840; x_wconf 87' lang='lat' dir='ltr'>Isidorus</span> <span class='ocrx_word' id='word_1_64' title='bbox 1204 794 1288 839; x_wconf 81' lang='lat' dir='ltr'><strong>Ar-</strong></span> 
     </span>
     <span class='ocr_line' id='line_1_10' title="bbox 11 870 1291 927; baseline -0.007 -3"><span class='ocrx_word' id='word_1_65' title='bbox 11 923 14 926; x_wconf 75' lang='grc'><strong><em>,</em></strong></span> <span class='ocrx_word' id='word_1_66' title='bbox 56 876 270 923; x_wconf 88' lang='lat' dir='ltr'><strong>temidori</strong></span> <span class='ocrx_word' id='word_1_67' title='bbox 291 889 550 919; x_wconf 90' lang='lat' dir='ltr'><strong>mensuram</strong></span> <span class='ocrx_word' id='word_1_68' title='bbox 572 874 699 918; x_wconf 86' lang='lat' dir='ltr'><strong>auxit</strong></span> <span class='ocrx_word' id='word_1_69' title='bbox 721 871 908 916; x_wconf 88' lang='lat' dir='ltr'><strong>milibus</strong></span> <span class='ocrx_word' id='word_1_70' title='bbox 927 878 1010 927; x_wconf 76' lang='lat'><strong>403</strong></span> <span class='ocrx_word' id='word_1_71' title='bbox 1033 870 1291 916; x_wconf 87' lang='lat' dir='ltr'><strong>Marcianus</strong></span> 
     </span>
     <span class='ocr_line' id='line_1_11' title="bbox 4 938 740 1000; baseline -0.004 -1"><span class='ocrx_word' id='word_1_72' title='bbox 4 938 6 941; x_wconf 16' lang='lat' dir='ltr'>V</span> <span class='ocrx_word' id='word_1_73' title='bbox 54 955 88 999; x_wconf 92' lang='lat' dir='ltr'><strong>l.</strong></span> <span class='ocrx_word' id='word_1_74' title='bbox 113 955 146 1000; x_wconf 96' lang='lat' dir='ltr'><strong>l.</strong></span> <span class='ocrx_word' id='word_1_75' title='bbox 171 963 380 998; x_wconf 90' lang='lat' dir='ltr'><strong>numerat</strong></span> <span class='ocrx_word' id='word_1_76' title='bbox 399 952 543 997; x_wconf 86' lang='lat' dir='ltr'><strong>stadia</strong></span> <span class='ocrx_word' id='word_1_77' title='bbox 573 952 740 996; x_wconf 82' lang='lat'><strong>30280.</strong></span> 
     </span>
    </p>

    <p class='ocr_par' dir='ltr' id='par_1_3' title="bbox 17 1026 1291 2291">
     <span class='ocr_line' id='line_1_12' title="bbox 119 1026 1291 1086; baseline -0.003 -13"><span class='ocrx_word' id='word_1_78' title='bbox 119 1029 193 1086; x_wconf 85' lang='lat'><strong>57.</strong></span> <span class='ocrx_word' id='word_1_79' title='bbox 216 1029 445 1073; x_wconf 84' lang='lat' dir='ltr'>Hactenus</span> <span class='ocrx_word' id='word_1_80' title='bbox 461 1027 517 1073; x_wconf 89' lang='lat' dir='ltr'><strong>de</strong></span> <span class='ocrx_word' id='word_1_81' title='bbox 540 1027 859 1072; x_wconf 78' lang='lat' dir='ltr'><strong>distantiarum</strong></span> <span class='ocrx_word' id='word_1_82' title='bbox 874 1026 1113 1082; x_wconf 83' lang='lat' dir='ltr'>mensuris,</span> <span class='ocrx_word' id='word_1_83' title='bbox 1127 1026 1176 1071; x_wconf 92' lang='lat' dir='ltr'><strong>in</strong></span> <span class='ocrx_word' id='word_1_84' title='bbox 1189 1026 1291 1086; x_wconf 86' lang='lat' dir='ltr'><strong>qui-</strong></span> 
     </span>
     <span class='ocr_line' id='line_1_13' title="bbox 54 1098 1291 1162; baseline -0.002 -12"><span class='ocrx_word' id='word_1_85' title='bbox 54 1098 141 1150; x_wconf 81' lang='lat' dir='ltr'><strong>bus</strong></span> <span class='ocrx_word' id='word_1_86' title='bbox 187 1115 282 1149; x_wconf 92' lang='lat' dir='ltr'><strong>tum</strong></span> <span class='ocrx_word' id='word_1_87' title='bbox 320 1105 522 1149; x_wconf 89' lang='lat' dir='ltr'><strong>auctoris</strong></span> <span class='ocrx_word' id='word_1_88' title='bbox 562 1103 869 1148; x_wconf 87' lang='lat' dir='ltr'><strong>inconstantia</strong></span> <span class='ocrx_word' id='word_1_89' title='bbox 907 1118 932 1148; x_wconf 89' lang='lat' dir='ltr'><strong>e</strong></span> <span class='ocrx_word' id='word_1_90' title='bbox 965 1103 1140 1158; x_wconf 79' lang='lat' dir='ltr'><strong>variis,</strong></span> <span class='ocrx_word' id='word_1_91' title='bbox 1176 1117 1291 1162; x_wconf 87' lang='lat' dir='ltr'><strong>quos</strong></span> 
     </span>
     <span class='ocr_line' id='line_1_14' title="bbox 57 1178 1290 1237; baseline -0.003 -11"><span class='ocrx_word' id='word_1_92' title='bbox 57 1180 285 1236; x_wconf 84' lang='lat' dir='ltr'><strong>adhibuit,</strong></span> <span class='ocrx_word' id='word_1_93' title='bbox 325 1179 528 1225; x_wconf 88' lang='lat' dir='ltr'><strong>fontibus</strong></span> <span class='ocrx_word' id='word_1_94' title='bbox 561 1179 829 1237; x_wconf 85' lang='lat' dir='ltr'><strong>derivanda,</strong></span> <span class='ocrx_word' id='word_1_95' title='bbox 856 1188 948 1224; x_wconf 90' lang='lat' dir='ltr'><strong>tum</strong></span> <span class='ocrx_word' id='word_1_96' title='bbox 990 1178 1290 1224; x_wconf 83' lang='lat' dir='ltr'><strong>librariorum</strong></span> 
     </span>
     <span class='ocr_line' id='line_1_15' title="bbox 56 1253 1291 1316; baseline -0.002 -16"><span class='ocrx_word' id='word_1_97' title='bbox 56 1256 268 1301; x_wconf 85' lang='lat' dir='ltr'><strong>socordia</strong></span> <span class='ocrx_word' id='word_1_98' title='bbox 307 1265 542 1316; x_wconf 83' lang='lat' dir='ltr'><strong>apparent.</strong></span> <span class='ocrx_word' id='word_1_99' title='bbox 576 1254 756 1298; x_wconf 90' lang='lat' dir='ltr'><strong>Similia</strong></span> <span class='ocrx_word' id='word_1_100' title='bbox 793 1253 1119 1314; x_wconf 86' lang='lat' dir='ltr'><strong>deprehendis,</strong></span> <span class='ocrx_word' id='word_1_101' title='bbox 1162 1253 1202 1298; x_wconf 91' lang='lat' dir='ltr'><strong>si</strong></span> <span class='ocrx_word' id='word_1_102' title='bbox 1234 1254 1291 1298; x_wconf 91' lang='lat' dir='ltr'><strong>ad</strong></span> 
     </span>
     <span class='ocr_line' id='line_1_16' title="bbox 57 1329 1288 1385; baseline 0.001 -12"><span class='ocrx_word' id='word_1_103' title='bbox 57 1335 241 1384; x_wconf 82' lang='lat' dir='ltr'><strong>locorum</strong></span> <span class='ocrx_word' id='word_1_104' title='bbox 263 1332 620 1374; x_wconf 77' lang='lat' dir='ltr'><strong>recensendorum</strong></span> <span class='ocrx_word' id='word_1_105' title='bbox 638 1331 852 1375; x_wconf 77' lang='lat' dir='ltr'><strong>delectum</strong></span> <span class='ocrx_word' id='word_1_106' title='bbox 887 1329 1157 1385; x_wconf 80' lang='lat' dir='ltr'><strong>attenderis3</strong></span> <span class='ocrx_word' id='word_1_107' title='bbox 1187 1346 1288 1374; x_wconf 91' lang='lat' dir='ltr'><strong>nam</strong></span> 
     </span>
     <span class='ocr_line' id='line_1_17' title="bbox 53 1395 1290 1466; baseline 0.002 -18"><span class='ocrx_word' id='word_1_108' title='bbox 53 1403 133 1450; x_wconf 80' lang='lat' dir='ltr'><strong>hic</strong></span> <span class='ocrx_word' id='word_1_109' title='bbox 155 1415 261 1449; x_wconf 88' lang='lat' dir='ltr'><strong>nota</strong></span> <span class='ocrx_word' id='word_1_110' title='bbox 277 1405 444 1466; x_wconf 85' lang='lat' dir='ltr'><strong>oppida</strong></span> <span class='ocrx_word' id='word_1_111' title='bbox 463 1395 888 1465; x_wconf 85' lang='lat' dir='ltr'><strong>praetermittuntur,</strong></span> <span class='ocrx_word' id='word_1_112' title='bbox 910 1404 1007 1449; x_wconf 92' lang='lat' dir='ltr'><strong>illic</strong></span> <span class='ocrx_word' id='word_1_113' title='bbox 1028 1420 1290 1451; x_wconf 85' lang='lat' dir='ltr'><strong>memoran-</strong></span> 
     </span>
     <span class='ocr_line' id='line_1_18' title="bbox 54 1479 1289 1539; baseline 0.002 -15"><span class='ocrx_word' id='word_1_114' title='bbox 54 1487 131 1524; x_wconf 77' lang='lat' dir='ltr'><strong>fur</strong></span> <span class='ocrx_word' id='word_1_115' title='bbox 155 1479 354 1524; x_wconf 91' lang='lat' dir='ltr'><strong>obscura</strong></span> <span class='ocrx_word' id='word_1_116' title='bbox 389 1495 472 1524; x_wconf 90' lang='lat' dir='ltr'><strong>nec</strong></span> <span class='ocrx_word' id='word_1_117' title='bbox 516 1480 701 1524; x_wconf 86' lang='lat' dir='ltr'><strong>aliunde</strong></span> <span class='ocrx_word' id='word_1_118' title='bbox 738 1483 940 1539; x_wconf 82' lang='lat' dir='ltr'><strong>cognita3</strong></span> <span class='ocrx_word' id='word_1_119' title='bbox 977 1481 1115 1524; x_wconf 88' lang='lat' dir='ltr'><strong>modo</strong></span> <span class='ocrx_word' id='word_1_120' title='bbox 1146 1482 1289 1526; x_wconf 88' lang='lat' dir='ltr'><strong>medi-</strong></span> 
     </span>
     <span class='ocr_line' id='line_1_19' title="bbox 54 1554 1290 1616; baseline 0.002 -17"><span class='ocrx_word' id='word_1_121' title='bbox 54 1564 282 1600; x_wconf 88' lang='lat' dir='ltr'><strong>terraneas</strong></span> <span class='ocrx_word' id='word_1_122' title='bbox 316 1554 452 1600; x_wconf 88' lang='lat' dir='ltr'><strong>urbes</strong></span> <span class='ocrx_word' id='word_1_123' title='bbox 484 1556 598 1599; x_wconf 91' lang='lat' dir='ltr'><strong>mari</strong></span> <span class='ocrx_word' id='word_1_124' title='bbox 633 1556 919 1616; x_wconf 87' lang='lat' dir='ltr'><strong>propinquas</strong></span> <span class='ocrx_word' id='word_1_125' title='bbox 941 1565 1100 1600; x_wconf 86' lang='lat' dir='ltr'><strong>auctor</strong></span> <span class='ocrx_word' id='word_1_126' title='bbox 1122 1557 1290 1616; x_wconf 90' lang='lat' dir='ltr'><strong>premit</strong></span> 
     </span>
     <span class='ocr_line' id='line_1_20' title="bbox 17 1629 1288 1698; baseline 0 -23"><span class='ocrx_word' id='word_1_127' title='bbox 17 1673 19 1676; x_wconf 82' lang='grc'>,</span> <span class='ocrx_word' id='word_1_128' title='bbox 56 1630 263 1686; x_wconf 89' lang='lat' dir='ltr'><strong>silentio,</strong></span> <span class='ocrx_word' id='word_1_129' title='bbox 290 1630 426 1675; x_wconf 91' lang='lat' dir='ltr'><strong>modo</strong></span> <span class='ocrx_word' id='word_1_130' title='bbox 456 1631 592 1688; x_wconf 91' lang='lat' dir='ltr'><strong>longe</strong></span> <span class='ocrx_word' id='word_1_131' title='bbox 615 1629 672 1674; x_wconf 91' lang='lat' dir='ltr'><strong>ab</strong></span> <span class='ocrx_word' id='word_1_132' title='bbox 693 1646 775 1681; x_wconf 89' lang='lat' dir='ltr'><strong>ora</strong></span> <span class='ocrx_word' id='word_1_133' title='bbox 797 1641 992 1675; x_wconf 89' lang='lat' dir='ltr'><strong>remotas</strong></span> <span class='ocrx_word' id='word_1_134' title='bbox 1015 1631 1288 1698; x_wconf 51' lang='lat' dir='ltr'><strong>in,medium</strong></span> 
     </span>
     <span class='ocr_line' id='line_1_21' title="bbox 54 1701 1289 1764; baseline 0.002 -16"><span class='ocrx_word' id='word_1_135' title='bbox 54 1705 242 1764; x_wconf 84' lang='lat' dir='ltr'><strong>profert.</strong></span> <span class='ocrx_word' id='word_1_136' title='bbox 282 1704 355 1749; x_wconf 90' lang='lat' dir='ltr'><strong>Sic</strong></span> <span class='ocrx_word' id='word_1_137' title='bbox 383 1704 711 1749; x_wconf 87' lang='lat' dir='ltr'><strong>brevissimum</strong></span> <span class='ocrx_word' id='word_1_138' title='bbox 754 1701 958 1750; x_wconf 64' lang='lat' dir='ltr'><strong>ssrcadiae</strong></span> <span class='ocrx_word' id='word_1_139' title='bbox 997 1706 1105 1750; x_wconf 91' lang='lat' dir='ltr'><strong>litus</strong></span> <span class='ocrx_word' id='word_1_140' title='bbox 1134 1706 1289 1764; x_wconf 88' lang='lat' dir='ltr'><strong>legens</strong></span> 
     </span>
     <span class='ocr_line' id='line_1_22' title="bbox 56 1765 1284 1838; baseline 0.003 -16"><span class='ocrx_word' id='word_1_141' title='bbox 56 1765 278 1824; x_wconf 83' lang='lat' dir='ltr'><strong>memorat</strong></span> <span class='ocrx_word' id='word_1_142' title='bbox 306 1780 499 1838; x_wconf 84' lang='lat' dir='ltr'><strong>Tegeam</strong></span> <span class='ocrx_word' id='word_1_143' title='bbox 518 1813 530 1835; x_wconf 90' lang='lat'><strong>,</strong></span> <span class='ocrx_word' id='word_1_144' title='bbox 574 1780 853 1825; x_wconf 88' lang='lat' dir='ltr'><strong>Mantineam</strong></span> <span class='ocrx_word' id='word_1_145' title='bbox 868 1816 879 1836; x_wconf 94' lang='lat'><strong>,</strong></span> <span class='ocrx_word' id='word_1_146' title='bbox 921 1780 1256 1826; x_wconf 88' lang='lat' dir='ltr'><strong>Orchomenum</strong></span> <span class='ocrx_word' id='word_1_147' title='bbox 1272 1816 1284 1837; x_wconf 92' lang='lat'><strong>,</strong></span> 
     </span>
     <span class='ocr_line' id='line_1_23' title="bbox 53 1853 1284 1915; baseline 0.002 -17"><span class='ocrx_word' id='word_1_148' title='bbox 53 1853 395 1915; x_wconf 85' lang='lat' dir='ltr'><strong>Stymphalum‚</strong></span> <span class='ocrx_word' id='word_1_149' title='bbox 419 1865 463 1898; x_wconf 93' lang='lat' dir='ltr'><strong>et</strong></span> <span class='ocrx_word' id='word_1_150' title='bbox 485 1855 535 1899; x_wconf 92' lang='lat' dir='ltr'><strong>in</strong></span> <span class='ocrx_word' id='word_1_151' title='bbox 548 1854 787 1899; x_wconf 89' lang='lat' dir='ltr'><strong>Thessalia</strong></span> <span class='ocrx_word' id='word_1_152' title='bbox 808 1855 1091 1901; x_wconf 84' lang='lat' dir='ltr'><strong>Pelinnaeum</strong></span> <span class='ocrx_word' id='word_1_153' title='bbox 1114 1857 1284 1913; x_wconf 88' lang='lat' dir='ltr'><strong>fanum,</strong></span> 
     </span>
     <span class='ocr_line' id='line_1_24' title="bbox 53 1929 1287 1988; baseline 0.002 -14"><span class='ocrx_word' id='word_1_154' title='bbox 53 1929 345 1986; x_wconf 81' lang='lat' dir='ltr'><strong>Pharsalum,</strong></span> <span class='ocrx_word' id='word_1_155' title='bbox 374 1931 658 1987; x_wconf 88' lang='lat' dir='ltr'><strong>Scotussam,</strong></span> <span class='ocrx_word' id='word_1_156' title='bbox 695 1931 894 1976; x_wconf 88' lang='lat' dir='ltr'><strong>Cierium</strong></span> <span class='ocrx_word' id='word_1_157' title='bbox 912 1966 923 1987; x_wconf 94' lang='lat'><strong>,</strong></span> <span class='ocrx_word' id='word_1_158' title='bbox 952 1931 1143 1988; x_wconf 87' lang='lat' dir='ltr'><strong>Pheras,</strong></span> <span class='ocrx_word' id='word_1_159' title='bbox 1179 1934 1287 1981; x_wconf 87' lang='lat' dir='ltr'><strong>dum</strong></span> 
     </span>
     <span class='ocr_line' id='line_1_25' title="bbox 53 2006 1284 2068; baseline 0.002 -18"><span class='ocrx_word' id='word_1_160' title='bbox 53 2007 102 2050; x_wconf 93' lang='lat' dir='ltr'><strong>in</strong></span> <span class='ocrx_word' id='word_1_161' title='bbox 126 2006 256 2052; x_wconf 90' lang='lat' dir='ltr'><strong>Elide</strong></span> <span class='ocrx_word' id='word_1_162' title='bbox 274 2023 421 2067; x_wconf 89' lang='lat' dir='ltr'><strong>neque</strong></span> <span class='ocrx_word' id='word_1_163' title='bbox 449 2008 566 2052; x_wconf 90' lang='lat' dir='ltr'><strong>Pisae</strong></span> <span class='ocrx_word' id='word_1_164' title='bbox 589 2024 736 2067; x_wconf 88' lang='lat' dir='ltr'><strong>neque</strong></span> <span class='ocrx_word' id='word_1_165' title='bbox 759 2009 988 2068; x_wconf 84' lang='lat' dir='ltr'><strong>Olympiae</strong></span> <span class='ocrx_word' id='word_1_166' title='bbox 1015 2009 1184 2052; x_wconf 90' lang='lat' dir='ltr'><strong>mentio</strong></span> <span class='ocrx_word' id='word_1_167' title='bbox 1212 2009 1284 2064; x_wconf 90' lang='lat' dir='ltr'><strong>fit,</strong></span> 
     </span>
     <span class='ocr_line' id='line_1_26' title="bbox 51 2081 1284 2142; baseline 0.002 -17"><span class='ocrx_word' id='word_1_168' title='bbox 51 2081 159 2126; x_wconf 88' lang='lat' dir='ltr'><strong>dum</strong></span> <span class='ocrx_word' id='word_1_169' title='bbox 180 2082 228 2126; x_wconf 90' lang='lat' dir='ltr'><strong>in</strong></span> <span class='ocrx_word' id='word_1_170' title='bbox 250 2098 330 2126; x_wconf 92' lang='lat' dir='ltr'><strong>ora</strong></span> <span class='ocrx_word' id='word_1_171' title='bbox 352 2082 576 2127; x_wconf 86' lang='lat' dir='ltr'><strong>Laconica</strong></span> <span class='ocrx_word' id='word_1_172' title='bbox 589 2083 820 2128; x_wconf 83' lang='lat' dir='ltr'><strong>desideras</strong></span> <span class='ocrx_word' id='word_1_173' title='bbox 838 2083 1049 2127; x_wconf 84' lang='lat' dir='ltr'><strong>Coronen</strong></span> <span class='ocrx_word' id='word_1_174' title='bbox 1064 2120 1075 2142; x_wconf 81' lang='grc'>,</span> <span class='ocrx_word' id='word_1_175' title='bbox 1098 2083 1284 2138; x_wconf 82' lang='lat' dir='ltr'><strong>Pheras,</strong></span> 
     </span>
     <span class='ocr_line' id='line_1_27' title="bbox 52 2157 1287 2220; baseline 0.002 -18"><span class='ocrx_word' id='word_1_176' title='bbox 52 2157 210 2218; x_wconf 82' lang='lat' dir='ltr'><strong>Abias,</strong></span> <span class='ocrx_word' id='word_1_177' title='bbox 231 2158 435 2218; x_wconf 85' lang='lat' dir='ltr'><strong>(Etylum</strong></span> <span class='ocrx_word' id='word_1_178' title='bbox 450 2195 462 2215; x_wconf 92' lang='lat'>‚</span> <span class='ocrx_word' id='word_1_179' title='bbox 489 2159 527 2202; x_wconf 89' lang='lat' dir='ltr'>T</span> <span class='ocrx_word' id='word_1_180' title='bbox 531 2159 784 2203; x_wconf 90' lang='lat' dir='ltr'><strong>euthronen</strong></span> <span class='ocrx_word' id='word_1_181' title='bbox 800 2194 811 2214; x_wconf 93' lang='lat'><strong>,</strong></span> <span class='ocrx_word' id='word_1_182' title='bbox 839 2160 994 2204; x_wconf 78' lang='lat' dir='ltr'><strong>Acrias</strong></span> <span class='ocrx_word' id='word_1_183' title='bbox 1008 2192 1021 2214; x_wconf 89' lang='lat'>‚</span> <span class='ocrx_word' id='word_1_184' title='bbox 1058 2160 1260 2220; x_wconf 87' lang='lat' dir='ltr'><strong>Asopum</strong></span> <span class='ocrx_word' id='word_1_185' title='bbox 1275 2194 1287 2215; x_wconf 91' lang='lat'>‚</span> 
     </span>
     <span class='ocr_line' id='line_1_28' title="bbox 54 2231 1288 2291; baseline 0.001 -15"><span class='ocrx_word' id='word_1_186' title='bbox 54 2231 103 2276; x_wconf 90' lang='lat' dir='ltr'><strong>in</strong></span> <span class='ocrx_word' id='word_1_187' title='bbox 122 2231 317 2277; x_wconf 90' lang='lat' dir='ltr'><strong>Thracia</strong></span> <span class='ocrx_word' id='word_1_188' title='bbox 350 2234 640 2291; x_wconf 84' lang='lat' dir='ltr'><strong>Byzantium,</strong></span> <span class='ocrx_word' id='word_1_189' title='bbox 674 2232 723 2277; x_wconf 89' lang='lat' dir='ltr'><strong>in</strong></span> <span class='ocrx_word' id='word_1_190' title='bbox 749 2233 902 2277; x_wconf 85' lang='lat' dir='ltr'><strong>Iberia</strong></span> <span class='ocrx_word' id='word_1_191' title='bbox 930 2234 1288 2280; x_wconf 82' lang='lat' dir='ltr'><strong>Massiliensium</strong></span> 
     </span>
    </p>
   </div>
   <div class='ocr_carea' id='block_1_3' title="bbox 54 2301 1296 2368">
    <p class='ocr_par' dir='ltr' id='par_1_4' title="bbox 54 2301 1296 2368">
     <span class='ocr_line' id='line_1_29' title="bbox 54 2301 1296 2368; baseline 0.002 -17"><span class='ocrx_word' id='word_1_192' title='bbox 54 2309 256 2353; x_wconf 90' lang='lat' dir='ltr'><strong>colonias</strong></span> <span class='ocrx_word' id='word_1_193' title='bbox 279 2319 323 2353; x_wconf 89' lang='lat' dir='ltr'><strong>et</strong></span> <span class='ocrx_word' id='word_1_194' title='bbox 345 2309 552 2353; x_wconf 86' lang='lat' dir='ltr'><strong>Baleares</strong></span> <span class='ocrx_word' id='word_1_195' title='bbox 576 2310 770 2363; x_wconf 89' lang='lat' dir='ltr'><strong>insulas,</strong></span> <span class='ocrx_word' id='word_1_196' title='bbox 802 2320 845 2352; x_wconf 89' lang='lat' dir='ltr'><strong>et</strong></span> <span class='ocrx_word' id='word_1_197' title='bbox 865 2310 930 2353; x_wconf 91' lang='lat' dir='ltr'><strong>sic</strong></span> <span class='ocrx_word' id='word_1_198' title='bbox 961 2326 1119 2368; x_wconf 87' lang='lat' dir='ltr'><strong>porro.</strong></span> <span class='ocrx_word' id='word_1_199' title='bbox 1147 2301 1296 2368; x_wconf 64' lang='lat' dir='ltr'><strong>Cujus⁴</strong></span> 
     </span>
    </p>
   </div>
   <div class='ocr_carea' id='block_1_4' title="bbox 46 2384 1291 4036">
    <p class='ocr_par' dir='ltr' id='par_1_5' title="bbox 46 2384 1291 3200">
     <span class='ocr_line' id='line_1_30' title="bbox 55 2384 1287 2444; baseline 0.001 -17"><span class='ocrx_word' id='word_1_200' title='bbox 55 2385 199 2443; x_wconf 75' lang='lat' dir='ltr'><strong>culpae</strong></span> <span class='ocrx_word' id='word_1_201' title='bbox 226 2384 264 2428; x_wconf 93' lang='lat' dir='ltr'><strong>si</strong></span> <span class='ocrx_word' id='word_1_202' title='bbox 287 2400 376 2443; x_wconf 88' lang='lat' dir='ltr'><strong>qua</strong></span> <span class='ocrx_word' id='word_1_203' title='bbox 399 2399 503 2443; x_wconf 89' lang='lat' dir='ltr'><strong>pars</strong></span> <span class='ocrx_word' id='word_1_204' title='bbox 533 2399 670 2444; x_wconf 88' lang='lat' dir='ltr'><strong>penes</strong></span> <span class='ocrx_word' id='word_1_205' title='bbox 702 2386 852 2444; x_wconf 90' lang='lat' dir='ltr'><strong>ipsum</strong></span> <span class='ocrx_word' id='word_1_206' title='bbox 871 2385 1040 2444; x_wconf 87' lang='lat' dir='ltr'><strong>peripli</strong></span> <span class='ocrx_word' id='word_1_207' title='bbox 1060 2395 1287 2428; x_wconf 87' lang='lat' dir='ltr'><strong>auctorem</strong></span> 
     </span>
     <span class='ocr_line' id='line_1_31' title="bbox 55 2459 1288 2518; baseline 0.002 -16"><span class='ocrx_word' id='word_1_208' title='bbox 55 2470 146 2516; x_wconf 83' lang='lat' dir='ltr'><strong>est,</strong></span> <span class='ocrx_word' id='word_1_209' title='bbox 169 2459 316 2518; x_wconf 88' lang='lat' dir='ltr'><strong>major</strong></span> <span class='ocrx_word' id='word_1_210' title='bbox 343 2470 492 2503; x_wconf 87' lang='lat' dir='ltr'><strong>tamen</strong></span> <span class='ocrx_word' id='word_1_211' title='bbox 514 2459 860 2503; x_wconf 80' lang='lat' dir='ltr'><strong>breviatoribus</strong></span> <span class='ocrx_word' id='word_1_212' title='bbox 891 2460 964 2503; x_wconf 87' lang='lat' dir='ltr'><strong>vel</strong></span> <span class='ocrx_word' id='word_1_213' title='bbox 985 2461 1123 2517; x_wconf 89' lang='lat' dir='ltr'><strong>vulgo</strong></span> <span class='ocrx_word' id='word_1_214' title='bbox 1151 2461 1288 2504; x_wconf 85' lang='lat' dir='ltr'><strong>libra-</strong></span> 
     </span>
     <span class='ocr_line' id='line_1_32' title="bbox 54 2535 1290 2595; baseline 0 -15"><span class='ocrx_word' id='word_1_215' title='bbox 54 2536 231 2580; x_wconf 85' lang='lat' dir='ltr'><strong>riorum</strong></span> <span class='ocrx_word' id='word_1_216' title='bbox 256 2535 532 2579; x_wconf 86' lang='lat' dir='ltr'><strong>vindicanda</strong></span> <span class='ocrx_word' id='word_1_217' title='bbox 558 2535 717 2591; x_wconf 84' lang='lat' dir='ltr'><strong>fuerit3</strong></span> <span class='ocrx_word' id='word_1_218' title='bbox 751 2535 833 2580; x_wconf 93' lang='lat' dir='ltr'><strong>hos</strong></span> <span class='ocrx_word' id='word_1_219' title='bbox 855 2536 975 2580; x_wconf 90' lang='lat' dir='ltr'><strong>enim</strong></span> <span class='ocrx_word' id='word_1_220' title='bbox 996 2536 1118 2580; x_wconf 89' lang='lat' dir='ltr'><strong>haud</strong></span> <span class='ocrx_word' id='word_1_221' title='bbox 1147 2552 1290 2595; x_wconf 89' lang='lat' dir='ltr'><strong>pauca</strong></span> 
     </span>
     <span class='ocr_line' id='line_1_33' title="bbox 53 2610 1286 2672; baseline 0.002 -18"><span class='ocrx_word' id='word_1_222' title='bbox 53 2626 282 2671; x_wconf 86' lang='lat' dir='ltr'><strong>peccasse,</strong></span> <span class='ocrx_word' id='word_1_223' title='bbox 313 2611 552 2655; x_wconf 86' lang='lat' dir='ltr'><strong>manifesta</strong></span> <span class='ocrx_word' id='word_1_224' title='bbox 584 2610 787 2670; x_wconf 89' lang='lat' dir='ltr'><strong>produnt</strong></span> <span class='ocrx_word' id='word_1_225' title='bbox 807 2611 1068 2656; x_wconf 88' lang='lat' dir='ltr'><strong>lacunarum</strong></span> <span class='ocrx_word' id='word_1_226' title='bbox 1098 2612 1286 2672; x_wconf 85' lang='lat' dir='ltr'><strong>indicia,</strong></span> 
     </span>
     <span class='ocr_line' id='line_1_34' title="bbox 54 2683 1291 2745; baseline 0.001 -16"><span class='ocrx_word' id='word_1_227' title='bbox 54 2696 104 2729; x_wconf 93' lang='lat' dir='ltr'><strong>ut</strong></span> <span class='ocrx_word' id='word_1_228' title='bbox 127 2686 152 2744; x_wconf 79' lang='grc'>5</span> <span class='ocrx_word' id='word_1_229' title='bbox 171 2693 194 2738; x_wconf 87' lang='grc'>4</span> <span class='ocrx_word' id='word_1_230' title='bbox 218 2702 264 2745; x_wconf 89' lang='lat' dir='ltr'><strong>p.</strong></span> <span class='ocrx_word' id='word_1_231' title='bbox 293 2686 373 2740; x_wconf 88' lang='lat'><strong>18,</strong></span> <span class='ocrx_word' id='word_1_232' title='bbox 392 2683 473 2729; x_wconf 89' lang='lat' dir='ltr'><strong>ubi</strong></span> <span class='ocrx_word' id='word_1_233' title='bbox 494 2687 682 2729; x_wconf 90' lang='lat' dir='ltr'><strong>nomina</strong></span> <span class='ocrx_word' id='word_1_234' title='bbox 694 2685 1047 2730; x_wconf 84' lang='lat' dir='ltr'><strong>Massiliensium</strong></span> <span class='ocrx_word' id='word_1_235' title='bbox 1073 2686 1122 2729; x_wconf 90' lang='lat' dir='ltr'><strong>in</strong></span> <span class='ocrx_word' id='word_1_236' title='bbox 1142 2686 1291 2745; x_wconf 91' lang='lat' dir='ltr'><strong>Ligu-</strong></span> 
     </span>
     <span class='ocr_line' id='line_1_35' title="bbox 52 2745 1290 2823; baseline 0.002 -17"><span class='ocrx_word' id='word_1_237' title='bbox 52 2745 122 2806; x_wconf 72' lang='lat' dir='ltr'><strong>ria</strong></span> <span class='ocrx_word' id='word_1_238' title='bbox 150 2763 428 2807; x_wconf 68' lang='lat' dir='ltr'><strong>coloniarum</strong></span> <span class='ocrx_word' id='word_1_239' title='bbox 448 2762 672 2807; x_wconf 83' lang='lat' dir='ltr'><strong>excidisse</strong></span> <span class='ocrx_word' id='word_1_240' title='bbox 687 2773 825 2822; x_wconf 89' lang='lat' dir='ltr'><strong>patet,</strong></span> <span class='ocrx_word' id='word_1_241' title='bbox 845 2773 888 2807; x_wconf 89' lang='lat' dir='ltr'><strong>et</strong></span> <span class='ocrx_word' id='word_1_242' title='bbox 912 2765 936 2822; x_wconf 79' lang='lat'>§</span> <span class='ocrx_word' id='word_1_243' title='bbox 956 2769 1010 2819; x_wconf 84' lang='grc'><strong>74</strong></span> <span class='ocrx_word' id='word_1_244' title='bbox 1029 2779 1077 2823; x_wconf 88' lang='lat' dir='ltr'><strong>p.</strong></span> <span class='ocrx_word' id='word_1_245' title='bbox 1105 2765 1182 2819; x_wconf 87' lang='lat'><strong>60,</strong></span> <span class='ocrx_word' id='word_1_246' title='bbox 1208 2763 1290 2808; x_wconf 91' lang='lat' dir='ltr'><strong>ubi</strong></span> 
     </span>
     <span class='ocr_line' id='line_1_36' title="bbox 53 2837 1291 2897; baseline 0.002 -17"><span class='ocrx_word' id='word_1_247' title='bbox 53 2837 94 2880; x_wconf 89' lang='grc' dir='ltr'><strong>Τ</strong></span> <span class='ocrx_word' id='word_1_248' title='bbox 97 2849 258 2892; x_wconf 88' lang='lat' dir='ltr'><strong>oretas,</strong></span> <span class='ocrx_word' id='word_1_249' title='bbox 283 2840 367 2897; x_wconf 76' lang='lat' dir='ltr'><strong>et§</strong></span> <span class='ocrx_word' id='word_1_250' title='bbox 389 2855 441 2895; x_wconf 92' lang='lat'><strong>77</strong></span> <span class='ocrx_word' id='word_1_251' title='bbox 468 2855 510 2897; x_wconf 91' lang='lat' dir='ltr'><strong>p.</strong></span> <span class='ocrx_word' id='word_1_252' title='bbox 535 2840 612 2894; x_wconf 91' lang='lat'><strong>61,</strong></span> <span class='ocrx_word' id='word_1_253' title='bbox 635 2837 716 2882; x_wconf 90' lang='lat' dir='ltr'><strong>ubi</strong></span> <span class='ocrx_word' id='word_1_254' title='bbox 738 2838 941 2883; x_wconf 91' lang='lat' dir='ltr'><strong>Coraxos</strong></span> <span class='ocrx_word' id='word_1_255' title='bbox 958 2840 1119 2883; x_wconf 89' lang='lat' dir='ltr'><strong>lacuna</strong></span> <span class='ocrx_word' id='word_1_256' title='bbox 1136 2838 1291 2883; x_wconf 91' lang='lat' dir='ltr'><strong>absor-</strong></span> 
     </span>
     <span class='ocr_line' id='line_1_37' title="bbox 55 2912 1289 2973; baseline 0 -16"><span class='ocrx_word' id='word_1_257' title='bbox 55 2913 161 2972; x_wconf 84' lang='lat' dir='ltr'><strong>psit.</strong></span> <span class='ocrx_word' id='word_1_258' title='bbox 188 2913 410 2957; x_wconf 85' lang='lat' dir='ltr'><strong>Similiter</strong></span> <span class='ocrx_word' id='word_1_259' title='bbox 435 2914 461 2972; x_wconf 87' lang='grc'>5</span> <span class='ocrx_word' id='word_1_260' title='bbox 485 2915 543 2971; x_wconf 88' lang='lat'><strong>96</strong></span> <span class='ocrx_word' id='word_1_261' title='bbox 569 2930 615 2973; x_wconf 92' lang='lat' dir='ltr'><strong>p.</strong></span> <span class='ocrx_word' id='word_1_262' title='bbox 640 2915 698 2971; x_wconf 88' lang='lat'><strong>69</strong></span> <span class='ocrx_word' id='word_1_263' title='bbox 736 2913 928 2958; x_wconf 86' lang='lat' dir='ltr'><strong>AEolidis</strong></span> <span class='ocrx_word' id='word_1_264' title='bbox 959 2912 1120 2967; x_wconf 90' lang='lat' dir='ltr'><strong>urbes,</strong></span> <span class='ocrx_word' id='word_1_265' title='bbox 1152 2915 1178 2972; x_wconf 97' lang='grc'>5</span> <span class='ocrx_word' id='word_1_266' title='bbox 1205 2931 1289 2957; x_wconf 93' lang='grc'><strong>110</strong></span> 
     </span>
     <span class='ocr_line' id='line_1_38' title="bbox 55 2986 1290 3049; baseline 0.002 -19"><span class='ocrx_word' id='word_1_267' title='bbox 55 3003 101 3047; x_wconf 84' lang='lat' dir='ltr'><strong>p.</strong></span> <span class='ocrx_word' id='word_1_268' title='bbox 130 2988 185 3043; x_wconf 88' lang='lat'><strong>87</strong></span> <span class='ocrx_word' id='word_1_269' title='bbox 226 2986 451 3048; x_wconf 91' lang='lat' dir='ltr'><strong>Neapolin</strong></span> <span class='ocrx_word' id='word_1_270' title='bbox 477 2987 654 3048; x_wconf 81' lang='lat' dir='ltr'><strong>Libyae,</strong></span> <span class='ocrx_word' id='word_1_271' title='bbox 685 3005 731 3048; x_wconf 89' lang='lat' dir='ltr'><strong>p.</strong></span> <span class='ocrx_word' id='word_1_272' title='bbox 761 2989 818 3032; x_wconf 87' lang='grc'><strong>88</strong></span> <span class='ocrx_word' id='word_1_273' title='bbox 847 2988 1010 3049; x_wconf 87' lang='lat' dir='ltr'><strong>Leptin</strong></span> <span class='ocrx_word' id='word_1_274' title='bbox 1032 3005 1220 3049; x_wconf 88' lang='lat' dir='ltr'><strong>parvam</strong></span> <span class='ocrx_word' id='word_1_275' title='bbox 1248 3001 1290 3034; x_wconf 89' lang='lat' dir='ltr'><strong>et</strong></span> 
     </span>
     <span class='ocr_line' id='line_1_39' title="bbox 56 3056 1289 3121; baseline 0.003 -15"><span class='ocrx_word' id='word_1_276' title='bbox 56 3061 352 3107; x_wconf 84' lang='lat' dir='ltr'><strong>Adrumetum</strong></span> <span class='ocrx_word' id='word_1_277' title='bbox 390 3063 439 3107; x_wconf 92' lang='lat' dir='ltr'><strong>in</strong></span> <span class='ocrx_word' id='word_1_278' title='bbox 464 3056 712 3121; x_wconf 86' lang='lat' dir='ltr'><strong>integriore</strong></span> <span class='ocrx_word' id='word_1_279' title='bbox 742 3063 864 3108; x_wconf 89' lang='lat' dir='ltr'><strong>libro</strong></span> <span class='ocrx_word' id='word_1_280' title='bbox 895 3075 1165 3109; x_wconf 90' lang='lat' dir='ltr'><strong>memoratas</strong></span> <span class='ocrx_word' id='word_1_281' title='bbox 1193 3081 1289 3110; x_wconf 88' lang='lat' dir='ltr'><strong>esse</strong></span> 
     </span>
     <span class='ocr_line' id='line_1_40' title="bbox 46 3139 952 3200; baseline 0.002 -18"><span class='ocrx_word' id='word_1_282' title='bbox 46 3151 112 3182; x_wconf 74' lang='lat' dir='ltr'><strong>’ex</strong></span> <span class='ocrx_word' id='word_1_283' title='bbox 136 3139 456 3199; x_wconf 87' lang='lat' dir='ltr'><strong>superstitibus</strong></span> <span class='ocrx_word' id='word_1_284' title='bbox 476 3139 632 3184; x_wconf 85' lang='lat' dir='ltr'><strong>verbis</strong></span> <span class='ocrx_word' id='word_1_285' title='bbox 661 3140 952 3200; x_wconf 86' lang='lat' dir='ltr'><strong>intelligitur.</strong></span> 
     </span>
    </p>

    <p class='ocr_par' dir='ltr' id='par_1_6' title="bbox 55 3215 1290 4036">
     <span class='ocr_line' id='line_1_41' title="bbox 122 3215 1288 3279; baseline 0.004 -21"><span class='ocrx_word' id='word_1_286' title='bbox 122 3215 191 3258; x_wconf 84' lang='lat'><strong>58.</strong></span> <span class='ocrx_word' id='word_1_287' title='bbox 210 3215 379 3260; x_wconf 86' lang='lat' dir='ltr'><strong>Contra</strong></span> <span class='ocrx_word' id='word_1_288' title='bbox 399 3232 508 3261; x_wconf 87' lang='lat' dir='ltr'><strong>vero</strong></span> <span class='ocrx_word' id='word_1_289' title='bbox 532 3227 599 3261; x_wconf 91' lang='lat' dir='ltr'><strong>sat</strong></span> <span class='ocrx_word' id='word_1_290' title='bbox 622 3218 764 3262; x_wconf 89' lang='lat' dir='ltr'><strong>multa</strong></span> <span class='ocrx_word' id='word_1_291' title='bbox 793 3234 914 3263; x_wconf 92' lang='lat' dir='ltr'><strong>nunc</strong></span> <span class='ocrx_word' id='word_1_292' title='bbox 938 3218 1157 3277; x_wconf 89' lang='lat' dir='ltr'><strong>legimus,</strong></span> <span class='ocrx_word' id='word_1_293' title='bbox 1187 3235 1288 3279; x_wconf 88' lang='lat' dir='ltr'><strong>quae</strong></span> 
     </span>
     <span class='ocr_line' id='line_1_42' title="bbox 61 3292 1286 3353; baseline 0.003 -19"><span class='ocrx_word' id='word_1_294' title='bbox 61 3301 215 3335; x_wconf 88' lang='lat' dir='ltr'><strong>auctor</strong></span> <span class='ocrx_word' id='word_1_295' title='bbox 256 3292 425 3353; x_wconf 88' lang='lat' dir='ltr'><strong>peripli</strong></span> <span class='ocrx_word' id='word_1_296' title='bbox 449 3308 541 3337; x_wconf 91' lang='lat' dir='ltr'><strong>non</strong></span> <span class='ocrx_word' id='word_1_297' title='bbox 581 3293 791 3353; x_wconf 85' lang='lat' dir='ltr'><strong>scripsit,</strong></span> <span class='ocrx_word' id='word_1_298' title='bbox 827 3293 906 3338; x_wconf 90' lang='lat' dir='ltr'><strong>sed</strong></span> <span class='ocrx_word' id='word_1_299' title='bbox 940 3309 964 3338; x_wconf 90' lang='lat' dir='ltr'><strong>a</strong></span> <span class='ocrx_word' id='word_1_300' title='bbox 987 3293 1194 3339; x_wconf 87' lang='lat' dir='ltr'><strong>librariis</strong></span> <span class='ocrx_word' id='word_1_301' title='bbox 1213 3295 1286 3338; x_wconf 88' lang='lat' dir='ltr'><strong>vel</strong></span> 
     </span>
     <span class='ocr_line' id='line_1_43' title="bbox 59 3365 1288 3429; baseline 0.005 -21"><span class='ocrx_word' id='word_1_302' title='bbox 59 3365 386 3424; x_wconf 87' lang='lat' dir='ltr'><strong>ludimagistris</strong></span> <span class='ocrx_word' id='word_1_303' title='bbox 418 3368 474 3411; x_wconf 88' lang='lat' dir='ltr'><strong>ad</strong></span> <span class='ocrx_word' id='word_1_304' title='bbox 517 3369 768 3427; x_wconf 83' lang='lat' dir='ltr'><strong>marginem</strong></span> <span class='ocrx_word' id='word_1_305' title='bbox 815 3379 967 3413; x_wconf 83' lang='lat' dir='ltr'><strong>notata</strong></span> <span class='ocrx_word' id='word_1_306' title='bbox 1012 3371 1288 3429; x_wconf 89' lang='lat' dir='ltr'><strong>posteriores</strong></span> 
     </span>
     <span class='ocr_line' id='line_1_44' title="bbox 55 3437 1290 3505; baseline 0.003 -21"><span class='ocrx_word' id='word_1_307' title='bbox 55 3439 220 3484; x_wconf 84' lang='lat' dir='ltr'><strong>scribae</strong></span> <span class='ocrx_word' id='word_1_308' title='bbox 241 3441 290 3485; x_wconf 91' lang='lat' dir='ltr'><strong>in</strong></span> <span class='ocrx_word' id='word_1_309' title='bbox 313 3437 519 3488; x_wconf 85' lang='lat' dir='ltr'><strong>ordinem</strong></span> <span class='ocrx_word' id='word_1_310' title='bbox 540 3442 788 3488; x_wconf 87' lang='lat' dir='ltr'><strong>verborum</strong></span> <span class='ocrx_word' id='word_1_311' title='bbox 809 3455 1093 3505; x_wconf 88' lang='lat' dir='ltr'><strong>receperunt.</strong></span> <span class='ocrx_word' id='word_1_312' title='bbox 1114 3444 1290 3488; x_wconf 89' lang='lat' dir='ltr'><strong>Indicia</strong></span> 
     </span>
     <span class='ocr_line' id='line_1_45' title="bbox 58 3515 1288 3580; baseline 0.007 -21"><span class='ocrx_word' id='word_1_313' title='bbox 58 3517 126 3560; x_wconf 81' lang='lat' dir='ltr'><strong>rei</strong></span> <span class='ocrx_word' id='word_1_314' title='bbox 153 3515 355 3576; x_wconf 86' lang='lat' dir='ltr'><strong>praebent</strong></span> <span class='ocrx_word' id='word_1_315' title='bbox 369 3518 551 3563; x_wconf 87' lang='lat' dir='ltr'><strong>turbata</strong></span> <span class='ocrx_word' id='word_1_316' title='bbox 564 3519 811 3565; x_wconf 86' lang='lat' dir='ltr'><strong>verborum</strong></span> <span class='ocrx_word' id='word_1_317' title='bbox 836 3522 953 3565; x_wconf 88' lang='lat' dir='ltr'><strong>ratio</strong></span> <span class='ocrx_word' id='word_1_318' title='bbox 982 3522 1288 3580; x_wconf 87' lang='lat' dir='ltr'><strong>grammatica,</strong></span> 
     </span>
     <span class='ocr_line' id='line_1_46' title="bbox 57 3593 1287 3657; baseline 0.007 -22"><span class='ocrx_word' id='word_1_319' title='bbox 57 3593 334 3637; x_wconf 87' lang='lat' dir='ltr'><strong>narrationis</strong></span> <span class='ocrx_word' id='word_1_320' title='bbox 376 3595 514 3639; x_wconf 83' lang='lat' dir='ltr'><strong>series</strong></span> <span class='ocrx_word' id='word_1_321' title='bbox 550 3595 806 3657; x_wconf 89' lang='lat' dir='ltr'><strong>interrupta</strong></span> <span class='ocrx_word' id='word_1_322' title='bbox 822 3632 834 3653; x_wconf 93' lang='lat'><strong>,</strong></span> <span class='ocrx_word' id='word_1_323' title='bbox 882 3598 1114 3656; x_wconf 87' lang='lat' dir='ltr'><strong>neglectus</strong></span> <span class='ocrx_word' id='word_1_324' title='bbox 1171 3598 1287 3642; x_wconf 85' lang='lat' dir='ltr'><strong>ordo</strong></span> 
     </span>
     <span class='ocr_line' id='line_1_47' title="bbox 55 3667 1287 3733; baseline 0.006 -22"><span class='ocrx_word' id='word_1_325' title='bbox 55 3667 402 3728; x_wconf 77' lang='lat' dir='ltr'><strong>geographicas.</strong></span> <span class='ocrx_word' id='word_1_326' title='bbox 427 3673 583 3730; x_wconf 88' lang='lat' dir='ltr'><strong>Itaque</strong></span> <span class='ocrx_word' id='word_1_327' title='bbox 605 3673 643 3717; x_wconf 91' lang='lat' dir='ltr'><strong>si</strong></span> <span class='ocrx_word' id='word_1_328' title='bbox 665 3674 690 3731; x_wconf 88' lang='grc'>5</span> <span class='ocrx_word' id='word_1_329' title='bbox 725 3691 749 3716; x_wconf 94' lang='grc'>2</span> <span class='ocrx_word' id='word_1_330' title='bbox 775 3689 819 3733; x_wconf 87' lang='lat' dir='ltr'><strong>p.</strong></span> <span class='ocrx_word' id='word_1_331' title='bbox 846 3674 899 3717; x_wconf 90' lang='lat'><strong>16</strong></span> <span class='ocrx_word' id='word_1_332' title='bbox 924 3674 973 3718; x_wconf 91' lang='lat' dir='ltr'><strong>in</strong></span> <span class='ocrx_word' id='word_1_333' title='bbox 999 3675 1155 3719; x_wconf 89' lang='lat' dir='ltr'><strong>codice</strong></span> <span class='ocrx_word' id='word_1_334' title='bbox 1175 3675 1287 3732; x_wconf 89' lang='lat' dir='ltr'><strong>legi-</strong></span> 
     </span>
     <span class='ocr_line' id='line_1_48' title="bbox 63 3735 1288 3812; baseline 0.007 -26"><span class='ocrx_word' id='word_1_335' title='bbox 63 3750 131 3787; x_wconf 83' lang='lat' dir='ltr'><strong>lur</strong></span> <span class='ocrx_word' id='word_1_336' title='bbox 160 3760 170 3788; x_wconf 73' lang='grc' dir='ltr'><strong><em>ε</em></strong></span> <span class='ocrx_word' id='word_1_337' title='bbox 196 3735 304 3800; x_wconf 62' lang='grc' dir='ltr'>εἶτα,</span> <span class='ocrx_word' id='word_1_338' title='bbox 327 3759 389 3789; x_wconf 89' lang='lat' dir='ltr'><strong>sc.</strong></span> <span class='ocrx_word' id='word_1_339' title='bbox 430 3745 557 3802; x_wconf 80' lang='grc' dir='ltr'>ἐστὶν,</span> <span class='ocrx_word' id='word_1_340' title='bbox 586 3747 834 3810; x_wconf 81' lang='grc' dir='ltr'>Ἐμπόριον·</span> <span class='ocrx_word' id='word_1_341' title='bbox 870 3749 1017 3812; x_wconf 90' lang='grc' dir='ltr'>(πόλιν</span> <span class='ocrx_word' id='word_1_342' title='bbox 1049 3748 1288 3806; x_wconf 86' lang='grc' dir='ltr'>Ἑλληνίδα,</span> 
     </span>
     <span class='ocr_line' id='line_1_49' title="bbox 57 3811 1284 3887; baseline 0.008 -27"><span class='ocrx_word' id='word_1_343' title='bbox 57 3817 219 3878; x_wconf 87' lang='lat' dir='ltr'><strong>supple</strong></span> <span class='ocrx_word' id='word_1_344' title='bbox 232 3817 370 3880; x_wconf 81' lang='grc' dir='ltr'>φησίν,</span> <span class='ocrx_word' id='word_1_345' title='bbox 386 3811 413 3879; x_wconf 68' lang='grc' dir='ltr'>ἧ</span> <span class='ocrx_word' id='word_1_346' title='bbox 427 3817 554 3877; x_wconf 81' lang='grc' dir='ltr'>ὄνομα</span> <span class='ocrx_word' id='word_1_347' title='bbox 566 3820 826 3887; x_wconf 78' lang='grc' dir='ltr'>Ἐμπόριον);</span> <span class='ocrx_word' id='word_1_348' title='bbox 841 3839 975 3869; x_wconf 91' lang='lat' dir='ltr'><strong>nemo</strong></span> <span class='ocrx_word' id='word_1_349' title='bbox 989 3840 1080 3869; x_wconf 92' lang='lat' dir='ltr'><strong>non</strong></span> <span class='ocrx_word' id='word_1_350' title='bbox 1092 3826 1284 3884; x_wconf 88' lang='lat' dir='ltr'><strong>glossam</strong></span> 
     </span>
     <span class='ocr_line' id='line_1_50' title="bbox 55 3893 1288 3959; baseline 0.007 -23"><span class='ocrx_word' id='word_1_351' title='bbox 55 3893 282 3950; x_wconf 80' lang='lat' dir='ltr'><strong>agnoscit,</strong></span> <span class='ocrx_word' id='word_1_352' title='bbox 309 3909 400 3953; x_wconf 90' lang='lat' dir='ltr'><strong>qua</strong></span> <span class='ocrx_word' id='word_1_353' title='bbox 421 3905 656 3939; x_wconf 84' lang='lat' dir='ltr'><strong>caveretur</strong></span> <span class='ocrx_word' id='word_1_354' title='bbox 680 3912 735 3940; x_wconf 90' lang='lat' dir='ltr'><strong>ne</strong></span> <span class='ocrx_word' id='word_1_355' title='bbox 758 3898 860 3956; x_wconf 89' lang='lat' dir='ltr'><strong>quis</strong></span> <span class='ocrx_word' id='word_1_356' title='bbox 890 3900 1130 3959; x_wconf 85' lang='lat' dir='ltr'><strong>proprium</strong></span> <span class='ocrx_word' id='word_1_357' title='bbox 1158 3901 1288 3945; x_wconf 88' lang='lat' dir='ltr'><strong>urbis</strong></span> 
     </span>
     <span class='ocr_line' id='line_1_51' title="bbox 57 3972 1287 4036; baseline 0.008 -24"><span class='ocrx_word' id='word_1_358' title='bbox 57 3983 222 4014; x_wconf 66' lang='lat' dir='ltr'><strong>&#39;nomen</strong></span> <span class='ocrx_word' id='word_1_359' title='bbox 258 3986 343 4030; x_wconf 91' lang='lat' dir='ltr'><strong>pro</strong></span> <span class='ocrx_word' id='word_1_360' title='bbox 371 3972 648 4031; x_wconf 72' lang='lat' dir='ltr'><strong>appellativo</strong></span> <span class='ocrx_word' id='word_1_361' title='bbox 690 3972 874 4018; x_wconf 88' lang='lat' dir='ltr'><strong>haberet</strong></span> <span class='ocrx_word' id='word_1_362' title='bbox 921 3975 1141 4021; x_wconf 87' lang='lat' dir='ltr'><strong>Similiter</strong></span> <span class='ocrx_word' id='word_1_363' title='bbox 1172 3980 1196 4036; x_wconf 78' lang='lat'>§</span> <span class='ocrx_word' id='word_1_364' title='bbox 1232 3981 1287 4030; x_wconf 75' lang='grc'>34</span> 
     </span>
    </p>
   </div>
   <div class='ocr_carea' id='block_1_5' title="bbox 2495 191 2572 222">
    <p class='ocr_par' dir='ltr' id='par_1_7' title="bbox 2495 191 2572 222">
     <span class='ocr_line' id='line_1_52' title="bbox 2495 191 2572 222; baseline 0.026 -2"><span class='ocrx_word' id='word_1_365' title='bbox 2495 191 2572 222; x_wconf 73' lang='lat' dir='ltr'><strong>xm</strong></span> 
     </span>
    </p>
   </div>
   <div class='ocr_carea' id='block_1_6' title="bbox 1355 273 2589 1067">
    <p class='ocr_par' dir='ltr' id='par_1_8' title="bbox 1355 273 2589 1067">
     <span class='ocr_line' id='line_1_53' title="bbox 1355 273 2577 345; baseline 0.017 -30"><span class='ocrx_word' id='word_1_366' title='bbox 1355 287 1400 330; x_wconf 91' lang='lat' dir='ltr'><strong>p.</strong></span> <span class='ocrx_word' id='word_1_367' title='bbox 1429 273 1484 318; x_wconf 88' lang='grc'><strong>36</strong></span> <span class='ocrx_word' id='word_1_368' title='bbox 1508 273 1666 319; x_wconf 88' lang='lat' dir='ltr'><strong>verbis</strong></span> <span class='ocrx_word' id='word_1_369' title='bbox 1689 291 1699 318; x_wconf 73' lang='grc' dir='ltr'>ε</span> <span class='ocrx_word' id='word_1_370' title='bbox 1722 274 1863 334; x_wconf 82' lang='grc' dir='ltr'>Αὕτη,</span> <span class='ocrx_word' id='word_1_371' title='bbox 1886 277 2056 324; x_wconf 85' lang='lat' dir='ltr'><strong>Leucas</strong></span> <span class='ocrx_word' id='word_1_372' title='bbox 2075 296 2153 337; x_wconf 91' lang='lat' dir='ltr'><strong>sc.,</strong></span> <span class='ocrx_word' id='word_1_373' title='bbox 2181 285 2266 329; x_wconf 80' lang='grc' dir='ltr'><strong>ἐστὶ</strong></span> <span class='ocrx_word' id='word_1_374' title='bbox 2285 291 2352 331; x_wconf 77' lang='grc' dir='ltr'><strong>νῦν</strong></span> <span class='ocrx_word' id='word_1_375' title='bbox 2370 294 2486 345; x_wconf 72' lang='grc' dir='ltr'>νῆσος</span> <span class='ocrx_word' id='word_1_376' title='bbox 2512 298 2577 342; x_wconf 71' lang='grc' dir='ltr'>τὸν</span> 
     </span>
     <span class='ocr_line' id='line_1_54' title="bbox 1355 345 2576 422; baseline 0.02 -33"><span class='ocrx_word' id='word_1_377' title='bbox 1355 345 1497 402; x_wconf 79' lang='grc' dir='ltr'>ἰσθμὸν</span> <span class='ocrx_word' id='word_1_378' title='bbox 1514 348 1900 410; x_wconf 78' lang='grc' dir='ltr'>ἀποτεταφρευμένη</span> <span class='ocrx_word' id='word_1_379' title='bbox 1923 351 2166 411; x_wconf 91' lang='lat' dir='ltr'><strong>subjicitur</strong></span> <span class='ocrx_word' id='word_1_380' title='bbox 2179 369 2283 402; x_wconf 89' lang='lat' dir='ltr'><strong>nota</strong></span> <span class='ocrx_word' id='word_1_381' title='bbox 2298 367 2576 422; x_wconf 86' lang='lat' dir='ltr'><strong>marginalis:</strong></span> 
     </span>
     <span class='ocr_line' id='line_1_55' title="bbox 1358 419 2575 500; baseline 0.012 -34"><span class='ocrx_word' id='word_1_382' title='bbox 1358 419 1535 483; x_wconf 85' lang='grc' dir='ltr'>Εὔριπος</span> <span class='ocrx_word' id='word_1_383' title='bbox 1568 423 1785 486; x_wconf 86' lang='grc' dir='ltr'>Διόρυκτος</span> <span class='ocrx_word' id='word_1_384' title='bbox 1807 428 1847 471; x_wconf 82' lang='grc' dir='ltr'><strong>ἐν</strong></span> <span class='ocrx_word' id='word_1_385' title='bbox 1866 429 1924 487; x_wconf 84' lang='grc' dir='ltr'><strong>τῷ</strong></span> <span class='ocrx_word' id='word_1_386' title='bbox 1948 428 2098 489; x_wconf 79' lang='grc' dir='ltr'>ἰσθμῷ.</span> <span class='ocrx_word' id='word_1_387' title='bbox 2117 430 2263 476; x_wconf 89' lang='lat' dir='ltr'><strong>Porro</strong></span> <span class='ocrx_word' id='word_1_388' title='bbox 2286 436 2311 492; x_wconf 89' lang='grc'>5</span> <span class='ocrx_word' id='word_1_389' title='bbox 2345 454 2424 494; x_wconf 92' lang='lat'><strong>107</strong></span> <span class='ocrx_word' id='word_1_390' title='bbox 2449 458 2495 500; x_wconf 77' lang='lat' dir='ltr'><strong>p,</strong></span> <span class='ocrx_word' id='word_1_391' title='bbox 2523 447 2575 489; x_wconf 80' lang='lat'><strong>81</strong></span> 
     </span>
     <span class='ocr_line' id='line_1_56' title="bbox 1357 498 2582 569; baseline 0.016 -31"><span class='ocrx_word' id='word_1_392' title='bbox 1357 511 1497 554; x_wconf 88' lang='lat' dir='ltr'><strong>quum</strong></span> <span class='ocrx_word' id='word_1_393' title='bbox 1519 498 1664 543; x_wconf 86' lang='lat' dir='ltr'><strong>codex</strong></span> <span class='ocrx_word' id='word_1_394' title='bbox 1688 500 1751 544; x_wconf 91' lang='lat' dir='ltr'><strong>ita</strong></span> <span class='ocrx_word' id='word_1_395' title='bbox 1788 499 1948 545; x_wconf 90' lang='lat' dir='ltr'><strong>habeat</strong></span> <span class='ocrx_word' id='word_1_396' title='bbox 1975 519 1985 545; x_wconf 80' lang='lat' dir='ltr'><strong><em>z</em></strong></span> <span class='ocrx_word' id='word_1_397' title='bbox 2010 501 2086 548; x_wconf 86' lang='grc' dir='ltr'><strong>Ἐκ</strong></span> <span class='ocrx_word' id='word_1_398' title='bbox 2106 503 2287 557; x_wconf 75' lang='grc' dir='ltr'>Θώνιδος</span> <span class='ocrx_word' id='word_1_399' title='bbox 2309 507 2351 552; x_wconf 83' lang='grc' dir='ltr'><strong>δὲ</strong></span> <span class='ocrx_word' id='word_1_400' title='bbox 2381 514 2502 565; x_wconf 70' lang='grc' dir='ltr'>πλοῦς</span> <span class='ocrx_word' id='word_1_401' title='bbox 2529 520 2582 569; x_wconf 79' lang='grc' dir='ltr'><strong>εἰς</strong></span> 
     </span>
     <span class='ocr_line' id='line_1_57' title="bbox 1356 569 2583 644; baseline 0.011 -32"><span class='ocrx_word' id='word_1_402' title='bbox 1356 569 1499 630; x_wconf 83' lang='grc' dir='ltr'>Φάρον</span> <span class='ocrx_word' id='word_1_403' title='bbox 1521 574 1643 625; x_wconf 76' lang='grc' dir='ltr'>νῆσον</span> <span class='ocrx_word' id='word_1_404' title='bbox 1674 572 1824 634; x_wconf 88' lang='grc' dir='ltr'>ἔρημον</span> <span class='ocrx_word' id='word_1_405' title='bbox 1854 575 2089 637; x_wconf 81' lang='grc' dir='ltr'>(εὐλίμενος</span> <span class='ocrx_word' id='word_1_406' title='bbox 2111 578 2152 621; x_wconf 85' lang='grc' dir='ltr'><strong>δὲ</strong></span> <span class='ocrx_word' id='word_1_407' title='bbox 2173 579 2242 623; x_wconf 82' lang='grc' dir='ltr'>καὶ</span> <span class='ocrx_word' id='word_1_408' title='bbox 2274 579 2464 644; x_wconf 80' lang='grc' dir='ltr'>ἄνυδρος)</span> <span class='ocrx_word' id='word_1_409' title='bbox 2488 590 2583 633; x_wconf 73' lang='grc' dir='ltr'><strong>στά-</strong></span> 
     </span>
     <span class='ocr_line' id='line_1_58' title="bbox 1358 643 2586 715; baseline 0.012 -28"><span class='ocrx_word' id='word_1_410' title='bbox 1358 643 1423 688; x_wconf 88' lang='grc' dir='ltr'>δια</span> <span class='ocrx_word' id='word_1_411' title='bbox 1443 643 1516 705; x_wconf 82' lang='grc' dir='ltr'>ρν’.</span> <span class='ocrx_word' id='word_1_412' title='bbox 1540 643 1614 690; x_wconf 84' lang='grc' dir='ltr'><strong>Ἐν</strong></span> <span class='ocrx_word' id='word_1_413' title='bbox 1636 645 1678 689; x_wconf 76' lang='grc' dir='ltr'><strong>δὲ</strong></span> <span class='ocrx_word' id='word_1_414' title='bbox 1704 647 1841 707; x_wconf 80' lang='grc' dir='ltr'>Φάρῳ</span> <span class='ocrx_word' id='word_1_415' title='bbox 1872 647 2031 706; x_wconf 81' lang='grc' dir='ltr'>λιμένες</span> <span class='ocrx_word' id='word_1_416' title='bbox 2059 650 2219 706; x_wconf 83' lang='grc' dir='ltr'>πολλοὶ,</span> <span class='ocrx_word' id='word_1_417' title='bbox 2244 650 2351 714; x_wconf 82' lang='grc' dir='ltr'>ὕδωρ</span> <span class='ocrx_word' id='word_1_418' title='bbox 2382 654 2423 698; x_wconf 81' lang='grc' dir='ltr'><strong>δὲ</strong></span> <span class='ocrx_word' id='word_1_419' title='bbox 2447 659 2490 701; x_wconf 79' lang='grc' dir='ltr'><strong>ἐκ</strong></span> <span class='ocrx_word' id='word_1_420' title='bbox 2514 663 2586 715; x_wconf 75' lang='grc' dir='ltr'>τῆς</span> 
     </span>
     <span class='ocr_line' id='line_1_59' title="bbox 1357 717 2587 788; baseline 0.011 -24"><span class='ocrx_word' id='word_1_421' title='bbox 1357 717 1548 779; x_wconf 87' lang='grc' dir='ltr'>Μαρείας</span> <span class='ocrx_word' id='word_1_422' title='bbox 1577 720 1723 779; x_wconf 87' lang='grc' dir='ltr'>λίμνης</span> <span class='ocrx_word' id='word_1_423' title='bbox 1752 720 1988 782; x_wconf 78' lang='grc' dir='ltr'>ὑδρεύονται</span> <span class='ocrx_word' id='word_1_424' title='bbox 2015 738 2026 768; x_wconf 87' lang='lat'>:</span> <span class='ocrx_word' id='word_1_425' title='bbox 2059 725 2235 769; x_wconf 88' lang='lat' dir='ltr'><strong>inclusa</strong></span> <span class='ocrx_word' id='word_1_426' title='bbox 2259 727 2540 788; x_wconf 81' lang='lat' dir='ltr'><strong>irrepserunt</strong></span> <span class='ocrx_word' id='word_1_427' title='bbox 2562 750 2587 779; x_wconf 88' lang='lat' dir='ltr'><strong>e</strong></span> 
     </span>
     <span class='ocr_line' id='line_1_60' title="bbox 1358 795 2586 858; baseline 0.012 -20"><span class='ocrx_word' id='word_1_428' title='bbox 1358 795 1590 854; x_wconf 85' lang='lat' dir='ltr'><strong>margine,</strong></span> <span class='ocrx_word' id='word_1_429' title='bbox 1616 795 1699 841; x_wconf 90' lang='lat' dir='ltr'><strong>ubi</strong></span> <span class='ocrx_word' id='word_1_430' title='bbox 1728 806 1944 858; x_wconf 89' lang='lat' dir='ltr'><strong>tanquam</strong></span> <span class='ocrx_word' id='word_1_431' title='bbox 1969 801 2223 857; x_wconf 86' lang='lat' dir='ltr'><strong>argumenti</strong></span> <span class='ocrx_word' id='word_1_432' title='bbox 2254 801 2480 851; x_wconf 87' lang='lat' dir='ltr'><strong>indiculus</strong></span> <span class='ocrx_word' id='word_1_433' title='bbox 2504 810 2586 853; x_wconf 87' lang='lat' dir='ltr'><strong>ad-</strong></span> 
     </span>
     <span class='ocr_line' id='line_1_61' title="bbox 1358 870 2585 941; baseline 0.01 -26"><span class='ocrx_word' id='word_1_434' title='bbox 1358 870 1579 931; x_wconf 85' lang='lat' dir='ltr'><strong>scriptum</strong></span> <span class='ocrx_word' id='word_1_435' title='bbox 1603 881 1701 916; x_wconf 81' lang='lat' dir='ltr'><strong>erat</strong></span> <span class='ocrx_word' id='word_1_436' title='bbox 1729 888 1738 916; x_wconf 92' lang='lat'>:</span> <span class='ocrx_word' id='word_1_437' title='bbox 1781 872 1924 933; x_wconf 79' lang='grc' dir='ltr'>Φάρος</span> <span class='ocrx_word' id='word_1_438' title='bbox 1954 876 2073 928; x_wconf 76' lang='grc' dir='ltr'>νῆσος</span> <span class='ocrx_word' id='word_1_439' title='bbox 2089 873 2256 935; x_wconf 78' lang='grc' dir='ltr'>ἔρημος,</span> <span class='ocrx_word' id='word_1_440' title='bbox 2286 878 2488 936; x_wconf 77' lang='grc' dir='ltr'>εὐλίμενος</span> <span class='ocrx_word' id='word_1_441' title='bbox 2519 883 2585 941; x_wconf 81' lang='grc' dir='ltr'><strong>δὲ,</strong></span> 
     </span>
     <span class='ocr_line' id='line_1_62' title="bbox 1357 944 2589 1013; baseline 0.011 -24"><span class='ocrx_word' id='word_1_442' title='bbox 1357 944 1427 990; x_wconf 82' lang='grc' dir='ltr'>καὶ</span> <span class='ocrx_word' id='word_1_443' title='bbox 1448 944 1631 1008; x_wconf 83' lang='grc' dir='ltr'>ἄνυδρος.</span> <span class='ocrx_word' id='word_1_444' title='bbox 1650 946 1733 991; x_wconf 87' lang='grc' dir='ltr'><strong>Η15</strong></span> <span class='ocrx_word' id='word_1_445' title='bbox 1750 946 1864 992; x_wconf 89' lang='lat' dir='ltr'><strong>adde</strong></span> <span class='ocrx_word' id='word_1_446' title='bbox 1882 949 1907 1007; x_wconf 82' lang='lat'>§</span> <span class='ocrx_word' id='word_1_447' title='bbox 1931 949 1989 992; x_wconf 91' lang='grc'><strong>26</strong></span> <span class='ocrx_word' id='word_1_448' title='bbox 2009 965 2056 1008; x_wconf 93' lang='lat' dir='ltr'><strong>p.</strong></span> <span class='ocrx_word' id='word_1_449' title='bbox 2079 949 2155 1004; x_wconf 85' lang='grc'><strong>32,</strong></span> <span class='ocrx_word' id='word_1_450' title='bbox 2174 949 2254 993; x_wconf 92' lang='lat' dir='ltr'><strong>ubi</strong></span> <span class='ocrx_word' id='word_1_451' title='bbox 2275 951 2330 995; x_wconf 89' lang='lat' dir='ltr'><strong>de</strong></span> <span class='ocrx_word' id='word_1_452' title='bbox 2347 954 2589 1013; x_wconf 87' lang='lat' dir='ltr'><strong>Apollonia</strong></span> 
     </span>
     <span class='ocr_line' id='line_1_63' title="bbox 1357 1020 1583 1067; baseline 0.009 -2"><span class='ocrx_word' id='word_1_453' title='bbox 1357 1021 1422 1066; x_wconf 91' lang='lat' dir='ltr'><strong>ita</strong></span> <span class='ocrx_word' id='word_1_454' title='bbox 1443 1020 1583 1067; x_wconf 90' lang='lat' dir='ltr'><strong>habes</strong></span> 
     </span>
    </p>
   </div>
   <div class='ocr_carea' id='block_1_7' title="bbox 1359 1096 2587 1158">
    <p class='ocr_par' dir='ltr' id='par_1_9' title="bbox 1359 1096 2587 1158">
     <span class='ocr_line' id='line_1_64' title="bbox 1359 1096 2587 1158; baseline 0.006 -15"><span class='ocrx_word' id='word_1_455' title='bbox 1359 1096 1457 1143; x_wconf 80' lang='grc' dir='ltr'>Ἀπὸ</span> <span class='ocrx_word' id='word_1_456' title='bbox 1477 1096 1519 1142; x_wconf 82' lang='grc' dir='ltr'><strong>δὲ</strong></span> <span class='ocrx_word' id='word_1_457' title='bbox 1551 1097 1827 1150; x_wconf 82' lang='grc' dir='ltr'>Ἀπολλωνίας</span> <span class='ocrx_word' id='word_1_458' title='bbox 1863 1100 1917 1150; x_wconf 87' lang='grc' dir='ltr'>εἷς</span> <span class='ocrx_word' id='word_1_459' title='bbox 1947 1099 2168 1158; x_wconf 88' lang='grc' dir='ltr'>Ἀμαντίαν</span> <span class='ocrx_word' id='word_1_460' title='bbox 2206 1101 2291 1145; x_wconf 76' lang='grc' dir='ltr'>ἐστὶ</span> <span class='ocrx_word' id='word_1_461' title='bbox 2333 1103 2478 1148; x_wconf 80' lang='grc' dir='ltr'>στάδια</span> <span class='ocrx_word' id='word_1_462' title='bbox 2509 1108 2587 1154; x_wconf 86' lang='grc' dir='ltr'><strong>τκ’,</strong></span> 
     </span>
    </p>
   </div>
   <div class='ocr_carea' id='block_1_8' title="bbox 1619 1020 2585 1086">
    <p class='ocr_par' dir='ltr' id='par_1_10' title="bbox 1619 1020 2585 1086">
     <span class='ocr_line' id='line_1_65' title="bbox 1619 1020 2585 1086; baseline 0.013 -21"><span class='ocrx_word' id='word_1_463' title='bbox 1619 1038 1629 1065; x_wconf 91' lang='lat'><strong>:</strong></span> <span class='ocrx_word' id='word_1_464' title='bbox 1659 1020 1729 1066; x_wconf 84' lang='grc' dir='ltr'>καὶ</span> <span class='ocrx_word' id='word_1_465' title='bbox 1770 1021 1954 1083; x_wconf 78' lang='grc' dir='ltr'>ποταμὸς</span> <span class='ocrx_word' id='word_1_466' title='bbox 1985 1021 2090 1074; x_wconf 85' lang='grc' dir='ltr'>Αἴας</span> <span class='ocrx_word' id='word_1_467' title='bbox 2117 1026 2322 1086; x_wconf 84' lang='grc' dir='ltr'>παραρρεῖ</span> <span class='ocrx_word' id='word_1_468' title='bbox 2341 1026 2412 1081; x_wconf 81' lang='grc' dir='ltr'><strong>τὴν</strong></span> <span class='ocrx_word' id='word_1_469' title='bbox 2452 1031 2585 1078; x_wconf 81' lang='grc' dir='ltr'>πόλιν.</span> 
     </span>
    </p>
   </div>
   <div class='ocr_carea' id='block_1_9' title="bbox 1354 1170 2624 4035">
    <p class='ocr_par' dir='ltr' id='par_1_11' title="bbox 1354 1170 2624 4035">
     <span class='ocr_line' id='line_1_66' title="bbox 1360 1170 2589 1239; baseline 0.005 -22"><span class='ocrx_word' id='word_1_470' title='bbox 1360 1170 1373 1234; x_wconf 88' lang='grc'>(</span> <span class='ocrx_word' id='word_1_471' title='bbox 1395 1171 1480 1217; x_wconf 81' lang='grc' dir='ltr'>Καὶ</span> <span class='ocrx_word' id='word_1_472' title='bbox 1500 1174 1521 1217; x_wconf 85' lang='grc' dir='ltr'>ὁ</span> <span class='ocrx_word' id='word_1_473' title='bbox 1540 1171 1645 1222; x_wconf 86' lang='grc' dir='ltr'>Αἴας</span> <span class='ocrx_word' id='word_1_474' title='bbox 1668 1171 1853 1231; x_wconf 84' lang='grc' dir='ltr'>ποταμὸς</span> <span class='ocrx_word' id='word_1_475' title='bbox 1878 1172 2044 1218; x_wconf 78' lang='grc' dir='ltr'>ἀπὸτοῦ</span> <span class='ocrx_word' id='word_1_476' title='bbox 2067 1172 2217 1219; x_wconf 79' lang='grc' dir='ltr'>Πίνδου</span> <span class='ocrx_word' id='word_1_477' title='bbox 2238 1174 2350 1236; x_wconf 83' lang='grc' dir='ltr'>ὅρους</span> <span class='ocrx_word' id='word_1_478' title='bbox 2374 1178 2488 1239; x_wconf 86' lang='grc' dir='ltr'>παρὰ</span> <span class='ocrx_word' id='word_1_479' title='bbox 2516 1180 2589 1236; x_wconf 78' lang='grc' dir='ltr'><strong>τὴν</strong></span> 
     </span>
     <span class='ocr_line' id='line_1_67' title="bbox 1357 1246 2586 1311; baseline 0.007 -18"><span class='ocrx_word' id='word_1_480' title='bbox 1357 1246 1634 1293; x_wconf 86' lang='grc' dir='ltr'>Ἀπολλωνίαν</span> <span class='ocrx_word' id='word_1_481' title='bbox 1658 1248 1900 1311; x_wconf 86' lang='grc' dir='ltr'>παραρρεῖ),</span> <span class='ocrx_word' id='word_1_482' title='bbox 1923 1249 1973 1293; x_wconf 84' lang='grc'><strong>111</strong></span> <span class='ocrx_word' id='word_1_483' title='bbox 1990 1248 2158 1309; x_wconf 91' lang='lat' dir='ltr'><strong>quibus</strong></span> <span class='ocrx_word' id='word_1_484' title='bbox 2182 1250 2370 1296; x_wconf 85' lang='lat' dir='ltr'><strong>dubium</strong></span> <span class='ocrx_word' id='word_1_485' title='bbox 2400 1266 2465 1298; x_wconf 91' lang='lat' dir='ltr'><strong>est</strong></span> <span class='ocrx_word' id='word_1_486' title='bbox 2481 1272 2586 1301; x_wconf 90' lang='lat' dir='ltr'><strong>num</strong></span> 
     </span>
     <span class='ocr_line' id='line_1_68' title="bbox 1357 1324 2589 1384; baseline 0.008 -16"><span class='ocrx_word' id='word_1_487' title='bbox 1357 1324 1535 1369; x_wconf 91' lang='lat' dir='ltr'><strong>inclusa</strong></span> <span class='ocrx_word' id='word_1_488' title='bbox 1565 1327 1735 1370; x_wconf 79' lang='lat' dir='ltr'><strong>varIam</strong></span> <span class='ocrx_word' id='word_1_489' title='bbox 1771 1325 2010 1370; x_wconf 90' lang='lat' dir='ltr'><strong>lectionem</strong></span> <span class='ocrx_word' id='word_1_490' title='bbox 2045 1326 2313 1384; x_wconf 83' lang='lat' dir='ltr'><strong>exhibeant,</strong></span> <span class='ocrx_word' id='word_1_491' title='bbox 2355 1344 2413 1373; x_wconf 89' lang='lat' dir='ltr'><strong>an</strong></span> <span class='ocrx_word' id='word_1_492' title='bbox 2436 1346 2492 1375; x_wconf 87' lang='lat' dir='ltr'><strong>ex</strong></span> <span class='ocrx_word' id='word_1_493' title='bbox 2536 1348 2589 1378; x_wconf 91' lang='lat' dir='ltr'><strong>eo</strong></span> 
     </span>
     <span class='ocr_line' id='line_1_69' title="bbox 1358 1400 2590 1464; baseline 0.006 -20"><span class='ocrx_word' id='word_1_494' title='bbox 1358 1410 1458 1444; x_wconf 88' lang='lat' dir='ltr'><strong>orta</strong></span> <span class='ocrx_word' id='word_1_495' title='bbox 1487 1400 1580 1444; x_wconf 89' lang='lat' dir='ltr'><strong>sint</strong></span> <span class='ocrx_word' id='word_1_496' title='bbox 1598 1400 1721 1460; x_wconf 91' lang='lat' dir='ltr'><strong>quod</strong></span> <span class='ocrx_word' id='word_1_497' title='bbox 1741 1400 1796 1445; x_wconf 93' lang='lat' dir='ltr'><strong>de</strong></span> <span class='ocrx_word' id='word_1_498' title='bbox 1823 1416 1959 1445; x_wconf 91' lang='lat' dir='ltr'><strong>cursu</strong></span> <span class='ocrx_word' id='word_1_499' title='bbox 1974 1400 2146 1446; x_wconf 87' lang='lat' dir='ltr'><strong>AEantis</strong></span> <span class='ocrx_word' id='word_1_500' title='bbox 2170 1402 2298 1447; x_wconf 87' lang='lat' dir='ltr'><strong>fluvii</strong></span> <span class='ocrx_word' id='word_1_501' title='bbox 2324 1405 2489 1464; x_wconf 84' lang='lat' dir='ltr'><strong>aliquis</strong></span> <span class='ocrx_word' id='word_1_502' title='bbox 2510 1423 2590 1452; x_wconf 87' lang='lat' dir='ltr'><strong>no-</strong></span> 
     </span>
     <span class='ocr_line' id='line_1_70' title="bbox 1358 1476 2590 1540; baseline 0.006 -20"><span class='ocrx_word' id='word_1_503' title='bbox 1358 1477 1498 1520; x_wconf 91' lang='lat' dir='ltr'><strong>tulam</strong></span> <span class='ocrx_word' id='word_1_504' title='bbox 1521 1476 1834 1536; x_wconf 88' lang='lat' dir='ltr'><strong>adscripserit.</strong></span> <span class='ocrx_word' id='word_1_505' title='bbox 1857 1476 2082 1521; x_wconf 70' lang='lat' dir='ltr'><strong>Praeterea</strong></span> <span class='ocrx_word' id='word_1_506' title='bbox 2104 1478 2128 1535; x_wconf 87' lang='grc'>5</span> <span class='ocrx_word' id='word_1_507' title='bbox 2153 1494 2197 1534; x_wconf 89' lang='grc'><strong>2,</strong></span> <span class='ocrx_word' id='word_1_508' title='bbox 2220 1495 2263 1538; x_wconf 91' lang='lat' dir='ltr'><strong>p.</strong></span> <span class='ocrx_word' id='word_1_509' title='bbox 2296 1481 2348 1524; x_wconf 88' lang='lat'><strong>16</strong></span> <span class='ocrx_word' id='word_1_510' title='bbox 2367 1492 2467 1540; x_wconf 92' lang='lat' dir='ltr'><strong>post</strong></span> <span class='ocrx_word' id='word_1_511' title='bbox 2495 1482 2590 1528; x_wconf 88' lang='lat' dir='ltr'><strong>lbe-</strong></span> 
     </span>
     <span class='ocr_line' id='line_1_71' title="bbox 1357 1550 2589 1612; baseline 0.006 -17"><span class='ocrx_word' id='word_1_512' title='bbox 1357 1552 1422 1595; x_wconf 91' lang='lat' dir='ltr'><strong>ris</strong></span> <span class='ocrx_word' id='word_1_513' title='bbox 1457 1550 1590 1596; x_wconf 89' lang='lat' dir='ltr'><strong>fluvii</strong></span> <span class='ocrx_word' id='word_1_514' title='bbox 1617 1552 1892 1599; x_wconf 85' lang='lat' dir='ltr'><strong>mentionem</strong></span> <span class='ocrx_word' id='word_1_515' title='bbox 1927 1562 2180 1611; x_wconf 88' lang='lat' dir='ltr'><strong>sequuntur</strong></span> <span class='ocrx_word' id='word_1_516' title='bbox 2212 1553 2306 1598; x_wconf 89' lang='lat' dir='ltr'><strong>haec</strong></span> <span class='ocrx_word' id='word_1_517' title='bbox 2332 1570 2342 1599; x_wconf 91' lang='lat'><strong>:</strong></span> <span class='ocrx_word' id='word_1_518' title='bbox 2368 1555 2451 1601; x_wconf 81' lang='grc' dir='ltr'>Καὶ</span> <span class='ocrx_word' id='word_1_519' title='bbox 2476 1560 2589 1612; x_wconf 73' lang='grc' dir='ltr'>νῆσοι</span> 
     </span>
     <span class='ocr_line' id='line_1_72' title="bbox 1358 1621 2588 1696; baseline 0.007 -25"><span class='ocrx_word' id='word_1_520' title='bbox 1358 1629 1531 1673; x_wconf 76' lang='grc' dir='ltr'>ἐνταῦθα</span> <span class='ocrx_word' id='word_1_521' title='bbox 1550 1626 1680 1673; x_wconf 85' lang='grc' dir='ltr'>ἔπεισι</span> <span class='ocrx_word' id='word_1_522' title='bbox 1709 1628 1791 1684; x_wconf 82' lang='grc' dir='ltr'>δύο,</span> <span class='ocrx_word' id='word_1_523' title='bbox 1806 1621 1868 1680; x_wconf 69' lang='grc' dir='ltr'><strong>αἷς</strong></span> <span class='ocrx_word' id='word_1_524' title='bbox 1889 1628 2017 1687; x_wconf 84' lang='grc' dir='ltr'>ὄνομα</span> <span class='ocrx_word' id='word_1_525' title='bbox 2042 1629 2241 1691; x_wconf 73' lang='grc' dir='ltr'>Γάδειρα·</span> <span class='ocrx_word' id='word_1_526' title='bbox 2260 1629 2409 1676; x_wconf 83' lang='grc' dir='ltr'>τούτων</span> <span class='ocrx_word' id='word_1_527' title='bbox 2427 1637 2450 1688; x_wconf 80' lang='grc' dir='ltr'>ἦ</span> <span class='ocrx_word' id='word_1_528' title='bbox 2473 1635 2588 1696; x_wconf 81' lang='grc' dir='ltr'>ἑτέρα</span> 
     </span>
     <span class='ocr_line' id='line_1_73' title="bbox 1355 1704 2587 1769; baseline 0.005 -21"><span class='ocrx_word' id='word_1_529' title='bbox 1355 1704 1473 1749; x_wconf 87' lang='grc' dir='ltr'>πόλιν</span> <span class='ocrx_word' id='word_1_530' title='bbox 1495 1705 1581 1766; x_wconf 84' lang='grc' dir='ltr'>ἔχει</span> <span class='ocrx_word' id='word_1_531' title='bbox 1617 1705 1852 1767; x_wconf 80' lang='grc' dir='ltr'>ἀπέχουσαν</span> <span class='ocrx_word' id='word_1_532' title='bbox 1890 1705 2043 1767; x_wconf 79' lang='grc' dir='ltr'>ἡμέρας</span> <span class='ocrx_word' id='word_1_533' title='bbox 2067 1708 2192 1750; x_wconf 75' lang='grc' dir='ltr'>πλοῦν</span> <span class='ocrx_word' id='word_1_534' title='bbox 2222 1705 2302 1750; x_wconf 73' lang='grc' dir='ltr'>ἀπὸ</span> <span class='ocrx_word' id='word_1_535' title='bbox 2333 1705 2587 1769; x_wconf 76' lang='grc' dir='ltr'><strong>&lt;Ηρακλείων</strong></span> 
     </span>
     <span class='ocr_line' id='line_1_74' title="bbox 1356 1780 2624 1835; baseline 0.003 -11"><span class='ocrx_word' id='word_1_536' title='bbox 1356 1782 1535 1835; x_wconf 84' lang='grc' dir='ltr'>στηλῶν.</span> <span class='ocrx_word' id='word_1_537' title='bbox 1564 1780 1726 1825; x_wconf 84' lang='lat' dir='ltr'><strong>Eadem</strong></span> <span class='ocrx_word' id='word_1_538' title='bbox 1751 1797 1861 1825; x_wconf 88' lang='lat' dir='ltr'><strong>vero</strong></span> <span class='ocrx_word' id='word_1_539' title='bbox 1876 1781 2037 1825; x_wconf 91' lang='lat' dir='ltr'><strong>iisdem</strong></span> <span class='ocrx_word' id='word_1_540' title='bbox 2059 1781 2150 1825; x_wconf 87' lang='lat' dir='ltr'><strong>fere</strong></span> <span class='ocrx_word' id='word_1_541' title='bbox 2170 1781 2324 1826; x_wconf 87' lang='lat' dir='ltr'><strong>verbis</strong></span> <span class='ocrx_word' id='word_1_542' title='bbox 2342 1782 2490 1827; x_wconf 89' lang='lat' dir='ltr'><strong>denuo</strong></span> <span class='ocrx_word' id='word_1_543' title='bbox 2511 1784 2587 1828; x_wconf 91' lang='lat' dir='ltr'><strong>le-</strong></span> <span class='ocrx_word' id='word_1_544' title='bbox 2613 1789 2624 1796; x_wconf 85' lang='lat'>&#39;</span> 
     </span>
     <span class='ocr_line' id='line_1_75' title="bbox 1356 1856 2586 1917; baseline 0.003 -17"><span class='ocrx_word' id='word_1_545' title='bbox 1356 1867 1525 1914; x_wconf 90' lang='lat' dir='ltr'><strong>guntur</strong></span> <span class='ocrx_word' id='word_1_546' title='bbox 1546 1857 1572 1916; x_wconf 83' lang='grc'>5</span> <span class='ocrx_word' id='word_1_547' title='bbox 1597 1874 1676 1901; x_wconf 89' lang='grc'><strong>111</strong></span> <span class='ocrx_word' id='word_1_548' title='bbox 1707 1874 1753 1917; x_wconf 91' lang='lat' dir='ltr'><strong>p.</strong></span> <span class='ocrx_word' id='word_1_549' title='bbox 1788 1874 1846 1915; x_wconf 90' lang='lat'><strong>90</strong></span> <span class='ocrx_word' id='word_1_550' title='bbox 1871 1858 1920 1901; x_wconf 93' lang='lat' dir='ltr'><strong>in</strong></span> <span class='ocrx_word' id='word_1_551' title='bbox 1947 1856 2103 1917; x_wconf 88' lang='lat' dir='ltr'><strong>Libyae</strong></span> <span class='ocrx_word' id='word_1_552' title='bbox 2123 1858 2338 1917; x_wconf 87' lang='lat' dir='ltr'><strong>paraplo,</strong></span> <span class='ocrx_word' id='word_1_553' title='bbox 2367 1858 2446 1903; x_wconf 92' lang='lat' dir='ltr'><strong>ubi</strong></span> <span class='ocrx_word' id='word_1_554' title='bbox 2481 1861 2586 1904; x_wconf 89' lang='lat' dir='ltr'><strong>item</strong></span> 
     </span>
     <span class='ocr_line' id='line_1_76' title="bbox 1356 1932 2587 1993; baseline 0.003 -17"><span class='ocrx_word' id='word_1_555' title='bbox 1356 1949 1381 1976; x_wconf 89' lang='lat' dir='ltr'><strong>a</strong></span> <span class='ocrx_word' id='word_1_556' title='bbox 1398 1933 1571 1978; x_wconf 89' lang='lat' dir='ltr'><strong>seriore</strong></span> <span class='ocrx_word' id='word_1_557' title='bbox 1580 1933 1765 1977; x_wconf 89' lang='lat' dir='ltr'><strong>homine</strong></span> <span class='ocrx_word' id='word_1_558' title='bbox 1782 1932 1935 1976; x_wconf 90' lang='lat' dir='ltr'><strong>addita</strong></span> <span class='ocrx_word' id='word_1_559' title='bbox 1951 1943 2071 1977; x_wconf 92' lang='lat' dir='ltr'><strong>sunt.</strong></span> <span class='ocrx_word' id='word_1_560' title='bbox 2088 1934 2217 1977; x_wconf 90' lang='lat' dir='ltr'><strong>Alius</strong></span> <span class='ocrx_word' id='word_1_561' title='bbox 2227 1935 2410 1993; x_wconf 89' lang='lat' dir='ltr'><strong>quidam</strong></span> <span class='ocrx_word' id='word_1_562' title='bbox 2427 1935 2587 1980; x_wconf 90' lang='lat' dir='ltr'><strong>videns</strong></span> 
     </span>
     <span class='ocr_line' id='line_1_77' title="bbox 1356 2009 2587 2070; baseline 0.002 -17"><span class='ocrx_word' id='word_1_563' title='bbox 1356 2010 1451 2054; x_wconf 88' lang='lat' dir='ltr'><strong>haec</strong></span> <span class='ocrx_word' id='word_1_564' title='bbox 1466 2012 1514 2054; x_wconf 91' lang='lat' dir='ltr'><strong>in</strong></span> <span class='ocrx_word' id='word_1_565' title='bbox 1537 2009 1732 2070; x_wconf 79' lang='lat' dir='ltr'><strong>Europae</strong></span> <span class='ocrx_word' id='word_1_566' title='bbox 1763 2010 2074 2069; x_wconf 86' lang='lat' dir='ltr'><strong>descriptione</strong></span> <span class='ocrx_word' id='word_1_567' title='bbox 2114 2010 2323 2069; x_wconf 82' lang='lat' dir='ltr'><strong>ponenda</strong></span> <span class='ocrx_word' id='word_1_568' title='bbox 2350 2011 2511 2067; x_wconf 87' lang='lat' dir='ltr'><strong>fuisse,</strong></span> <span class='ocrx_word' id='word_1_569' title='bbox 2538 2012 2587 2055; x_wconf 92' lang='lat' dir='ltr'><strong>in</strong></span> 
     </span>
     <span class='ocr_line' id='line_1_78' title="bbox 1356 2086 2582 2146; baseline 0.002 -17"><span class='ocrx_word' id='word_1_570' title='bbox 1356 2087 1491 2130; x_wconf 91' lang='lat' dir='ltr'><strong>initio</strong></span> <span class='ocrx_word' id='word_1_571' title='bbox 1515 2086 1682 2146; x_wconf 90' lang='lat' dir='ltr'><strong>peripli</strong></span> <span class='ocrx_word' id='word_1_572' title='bbox 1703 2087 1898 2144; x_wconf 88' lang='lat' dir='ltr'><strong>margini</strong></span> <span class='ocrx_word' id='word_1_573' title='bbox 1929 2086 2196 2146; x_wconf 85' lang='lat' dir='ltr'><strong>adscripsit,</strong></span> <span class='ocrx_word' id='word_1_574' title='bbox 2220 2102 2312 2130; x_wconf 93' lang='lat' dir='ltr'><strong>non</strong></span> <span class='ocrx_word' id='word_1_575' title='bbox 2332 2087 2393 2130; x_wconf 88' lang='lat' dir='ltr'><strong>ita</strong></span> <span class='ocrx_word' id='word_1_576' title='bbox 2417 2097 2582 2142; x_wconf 89' lang='lat' dir='ltr'><strong>tamen,</strong></span> 
     </span>
     <span class='ocr_line' id='line_1_79' title="bbox 1354 2162 2582 2223; baseline 0.001 -17"><span class='ocrx_word' id='word_1_577' title='bbox 1354 2172 1404 2206; x_wconf 89' lang='lat' dir='ltr'><strong>ut</strong></span> <span class='ocrx_word' id='word_1_578' title='bbox 1441 2178 1639 2221; x_wconf 89' lang='lat' dir='ltr'><strong>quonam</strong></span> <span class='ocrx_word' id='word_1_579' title='bbox 1679 2162 1964 2222; x_wconf 91' lang='lat' dir='ltr'><strong>potissimum</strong></span> <span class='ocrx_word' id='word_1_580' title='bbox 1995 2162 2096 2207; x_wconf 92' lang='lat' dir='ltr'><strong>loco</strong></span> <span class='ocrx_word' id='word_1_581' title='bbox 2136 2162 2377 2206; x_wconf 91' lang='lat' dir='ltr'><strong>inserenda</strong></span> <span class='ocrx_word' id='word_1_582' title='bbox 2414 2163 2582 2223; x_wconf 86' lang='lat' dir='ltr'><strong>forent,</strong></span> 
     </span>
     <span class='ocr_line' id='line_1_80' title="bbox 1355 2236 2583 2297; baseline 0.002 -17"><span class='ocrx_word' id='word_1_583' title='bbox 1355 2237 1542 2281; x_wconf 90' lang='lat' dir='ltr'><strong>indocto</strong></span> <span class='ocrx_word' id='word_1_584' title='bbox 1565 2247 1738 2297; x_wconf 88' lang='lat' dir='ltr'><strong>pateret</strong></span> <span class='ocrx_word' id='word_1_585' title='bbox 1762 2236 1972 2292; x_wconf 92' lang='lat' dir='ltr'><strong>librario,</strong></span> <span class='ocrx_word' id='word_1_586' title='bbox 1993 2238 2073 2296; x_wconf 89' lang='lat' dir='ltr'><strong>qui</strong></span> <span class='ocrx_word' id='word_1_587' title='bbox 2092 2237 2288 2282; x_wconf 89' lang='lat' dir='ltr'><strong>Gadium</strong></span> <span class='ocrx_word' id='word_1_588' title='bbox 2310 2239 2583 2283; x_wconf 87' lang='lat' dir='ltr'><strong>mentionem</strong></span> 
     </span>
     <span class='ocr_line' id='line_1_81' title="bbox 1356 2311 2583 2371; baseline 0.002 -17"><span class='ocrx_word' id='word_1_589' title='bbox 1356 2328 1459 2355; x_wconf 91' lang='lat' dir='ltr'><strong>cum</strong></span> <span class='ocrx_word' id='word_1_590' title='bbox 1483 2311 1617 2355; x_wconf 90' lang='lat' dir='ltr'><strong>lbere</strong></span> <span class='ocrx_word' id='word_1_591' title='bbox 1642 2311 1784 2354; x_wconf 84' lang='lat' dir='ltr'><strong>fluvio</strong></span> <span class='ocrx_word' id='word_1_592' title='bbox 1817 2311 2096 2369; x_wconf 87' lang='lat' dir='ltr'><strong>composuit,</strong></span> <span class='ocrx_word' id='word_1_593' title='bbox 2130 2327 2275 2369; x_wconf 87' lang='lat' dir='ltr'><strong>eoque</strong></span> <span class='ocrx_word' id='word_1_594' title='bbox 2311 2327 2469 2356; x_wconf 90' lang='lat' dir='ltr'><strong>errore</strong></span> <span class='ocrx_word' id='word_1_595' title='bbox 2493 2312 2583 2371; x_wconf 84' lang='lat' dir='ltr'><strong>eje-</strong></span> 
     </span>
     <span class='ocr_line' id='line_1_82' title="bbox 1357 2383 2584 2441; baseline 0.002 -14"><span class='ocrx_word' id='word_1_596' title='bbox 1357 2386 1471 2428; x_wconf 87' lang='lat' dir='ltr'><strong>cisse</strong></span> <span class='ocrx_word' id='word_1_597' title='bbox 1489 2384 1672 2427; x_wconf 89' lang='lat' dir='ltr'><strong>videtur</strong></span> <span class='ocrx_word' id='word_1_598' title='bbox 1695 2384 1901 2426; x_wconf 86' lang='lat' dir='ltr'><strong>Baleares</strong></span> <span class='ocrx_word' id='word_1_599' title='bbox 1917 2384 2102 2437; x_wconf 88' lang='lat' dir='ltr'><strong>insulas,</strong></span> <span class='ocrx_word' id='word_1_600' title='bbox 2129 2399 2228 2441; x_wconf 88' lang='lat' dir='ltr'><strong>quae</strong></span> <span class='ocrx_word' id='word_1_601' title='bbox 2258 2384 2344 2427; x_wconf 93' lang='lat' dir='ltr'><strong>hoc</strong></span> <span class='ocrx_word' id='word_1_602' title='bbox 2371 2383 2472 2428; x_wconf 88' lang='lat' dir='ltr'><strong>loco</strong></span> <span class='ocrx_word' id='word_1_603' title='bbox 2493 2400 2584 2429; x_wconf 90' lang='lat' dir='ltr'><strong>me-</strong></span> 
     </span>
     <span class='ocr_line' id='line_1_83' title="bbox 1356 2457 2583 2518; baseline 0.002 -16"><span class='ocrx_word' id='word_1_604' title='bbox 1356 2459 1585 2503; x_wconf 87' lang='lat' dir='ltr'><strong>morandae</strong></span> <span class='ocrx_word' id='word_1_605' title='bbox 1609 2468 1749 2502; x_wconf 88' lang='lat' dir='ltr'><strong>erant.</strong></span> <span class='ocrx_word' id='word_1_606' title='bbox 1776 2457 1942 2502; x_wconf 87' lang='lat' dir='ltr'><strong>Eadem</strong></span> <span class='ocrx_word' id='word_1_607' title='bbox 1968 2458 2082 2501; x_wconf 89' lang='lat' dir='ltr'><strong>ratio</strong></span> <span class='ocrx_word' id='word_1_608' title='bbox 2111 2468 2177 2501; x_wconf 91' lang='lat' dir='ltr'><strong>est</strong></span> <span class='ocrx_word' id='word_1_609' title='bbox 2199 2460 2225 2516; x_wconf 89' lang='grc'>5</span> <span class='ocrx_word' id='word_1_610' title='bbox 2250 2459 2301 2502; x_wconf 92' lang='grc'>13</span> <span class='ocrx_word' id='word_1_611' title='bbox 2327 2475 2374 2518; x_wconf 91' lang='lat' dir='ltr'><strong>p.</strong></span> <span class='ocrx_word' id='word_1_612' title='bbox 2403 2476 2479 2515; x_wconf 89' lang='grc'>22,</span> <span class='ocrx_word' id='word_1_613' title='bbox 2501 2461 2583 2513; x_wconf 87' lang='lat' dir='ltr'><strong>ubi</strong></span> 
     </span>
     <span class='ocr_line' id='line_1_84' title="bbox 1356 2531 2583 2593; baseline 0 -15"><span class='ocrx_word' id='word_1_614' title='bbox 1356 2535 1403 2578; x_wconf 93' lang='lat' dir='ltr'><strong>in</strong></span> <span class='ocrx_word' id='word_1_615' title='bbox 1428 2534 1624 2578; x_wconf 89' lang='lat' dir='ltr'><strong>medium</strong></span> <span class='ocrx_word' id='word_1_616' title='bbox 1644 2533 1902 2577; x_wconf 88' lang='lat' dir='ltr'><strong>Siculorum</strong></span> <span class='ocrx_word' id='word_1_617' title='bbox 1920 2531 2194 2593; x_wconf 88' lang='lat' dir='ltr'><strong>oppidorum</strong></span> <span class='ocrx_word' id='word_1_618' title='bbox 2224 2532 2490 2579; x_wconf 90' lang='lat' dir='ltr'><strong>laterculum</strong></span> <span class='ocrx_word' id='word_1_619' title='bbox 2513 2535 2583 2579; x_wconf 86' lang='lat' dir='ltr'><strong>in-</strong></span> 
     </span>
     <span class='ocr_line' id='line_1_85' title="bbox 1357 2603 2583 2669; baseline 0.002 -17"><span class='ocrx_word' id='word_1_620' title='bbox 1357 2608 1605 2652; x_wconf 89' lang='lat' dir='ltr'><strong>truduntur</strong></span> <span class='ocrx_word' id='word_1_621' title='bbox 1625 2606 1767 2652; x_wconf 89' lang='lat' dir='ltr'><strong>verba</strong></span> <span class='ocrx_word' id='word_1_622' title='bbox 1796 2624 1805 2651; x_wconf 82' lang='lat' dir='ltr'><strong><em>z</em></strong></span> <span class='ocrx_word' id='word_1_623' title='bbox 1831 2603 2015 2652; x_wconf 83' lang='grc' dir='ltr'>Ἔστιδὲ</span> <span class='ocrx_word' id='word_1_624' title='bbox 2048 2611 2073 2660; x_wconf 77' lang='grc' dir='ltr'>ἦ</span> <span class='ocrx_word' id='word_1_625' title='bbox 2095 2605 2265 2652; x_wconf 85' lang='grc' dir='ltr'>Σικελία</span> <span class='ocrx_word' id='word_1_626' title='bbox 2295 2606 2504 2669; x_wconf 83' lang='grc' dir='ltr'>τρίγωνος·</span> <span class='ocrx_word' id='word_1_627' title='bbox 2538 2608 2583 2654; x_wconf 84' lang='grc' dir='ltr'><strong>τὸ</strong></span> 
     </span>
     <span class='ocr_line' id='line_1_86' title="bbox 1357 2680 2584 2743; baseline 0.001 -16"><span class='ocrx_word' id='word_1_628' title='bbox 1357 2682 1398 2727; x_wconf 83' lang='grc' dir='ltr'><strong>δὲ</strong></span> <span class='ocrx_word' id='word_1_629' title='bbox 1421 2683 1549 2727; x_wconf 82' lang='grc' dir='ltr'>κῶλον</span> <span class='ocrx_word' id='word_1_630' title='bbox 1571 2680 1742 2726; x_wconf 75' lang='grc' dir='ltr'>ἕκαστον</span> <span class='ocrx_word' id='word_1_631' title='bbox 1767 2683 1891 2736; x_wconf 76' lang='grc' dir='ltr'>αὐτῆς</span> <span class='ocrx_word' id='word_1_632' title='bbox 1910 2680 1997 2726; x_wconf 80' lang='grc' dir='ltr'>ἐστὶ</span> <span class='ocrx_word' id='word_1_633' title='bbox 2012 2680 2200 2739; x_wconf 82' lang='grc' dir='ltr'>μάλιστα</span> <span class='ocrx_word' id='word_1_634' title='bbox 2220 2680 2394 2726; x_wconf 87' lang='grc' dir='ltr'>σταδίων</span> <span class='ocrx_word' id='word_1_635' title='bbox 2417 2683 2513 2743; x_wconf 49' lang='grc' dir='ltr'>,αφᾍ</span> <span class='ocrx_word' id='word_1_636' title='bbox 2536 2684 2584 2728; x_wconf 83' lang='grc'><strong>111</strong></span> 
     </span>
     <span class='ocr_line' id='line_1_87' title="bbox 1358 2756 2582 2818; baseline -0.002 -16"><span class='ocrx_word' id='word_1_637' title='bbox 1358 2757 1526 2818; x_wconf 88' lang='lat' dir='ltr'><strong>quibus</strong></span> <span class='ocrx_word' id='word_1_638' title='bbox 1560 2757 1783 2802; x_wconf 91' lang='lat' dir='ltr'><strong>novitium</strong></span> <span class='ocrx_word' id='word_1_639' title='bbox 1817 2756 2183 2801; x_wconf 87' lang='lat' dir='ltr'><strong>addidamentum</strong></span> <span class='ocrx_word' id='word_1_640' title='bbox 2225 2757 2294 2800; x_wconf 87' lang='lat' dir='ltr'><strong>vel</strong></span> <span class='ocrx_word' id='word_1_641' title='bbox 2335 2757 2582 2802; x_wconf 90' lang='lat' dir='ltr'><strong>stadiorum</strong></span> 
     </span>
     <span class='ocr_line' id='line_1_88' title="bbox 1359 2832 2584 2893; baseline -0.003 -14"><span class='ocrx_word' id='word_1_642' title='bbox 1359 2851 1465 2879; x_wconf 83' lang='lat' dir='ltr'><strong>usus</strong></span> <span class='ocrx_word' id='word_1_643' title='bbox 1489 2834 1710 2892; x_wconf 89' lang='lat' dir='ltr'><strong>coarguit,</strong></span> <span class='ocrx_word' id='word_1_644' title='bbox 1738 2849 1875 2893; x_wconf 90' lang='lat' dir='ltr'><strong>quum</strong></span> <span class='ocrx_word' id='word_1_645' title='bbox 1898 2834 1947 2877; x_wconf 93' lang='lat' dir='ltr'><strong>in</strong></span> <span class='ocrx_word' id='word_1_646' title='bbox 1967 2833 2145 2892; x_wconf 90' lang='lat' dir='ltr'><strong>reliquo</strong></span> <span class='ocrx_word' id='word_1_647' title='bbox 2166 2832 2325 2876; x_wconf 87' lang='lat' dir='ltr'><strong>harum</strong></span> <span class='ocrx_word' id='word_1_648' title='bbox 2348 2833 2584 2890; x_wconf 87' lang='lat' dir='ltr'><strong>regionum</strong></span> 
     </span>
     <span class='ocr_line' id='line_1_89' title="bbox 1357 2909 2584 2972; baseline -0.003 -16"><span class='ocrx_word' id='word_1_649' title='bbox 1357 2912 1546 2972; x_wconf 89' lang='lat' dir='ltr'><strong>paraplo</strong></span> <span class='ocrx_word' id='word_1_650' title='bbox 1587 2912 1837 2955; x_wconf 89' lang='lat' dir='ltr'><strong>secundum</strong></span> <span class='ocrx_word' id='word_1_651' title='bbox 1863 2909 1960 2954; x_wconf 84' lang='lat' dir='ltr'><strong>dies</strong></span> <span class='ocrx_word' id='word_1_652' title='bbox 1994 2919 2239 2968; x_wconf 91' lang='lat' dir='ltr'><strong>noctesque</strong></span> <span class='ocrx_word' id='word_1_653' title='bbox 2279 2909 2584 2967; x_wconf 81' lang='lat' dir='ltr'><strong>navigationis</strong></span> 
     </span>
     <span class='ocr_line' id='line_1_90' title="bbox 1358 2984 2585 3049; baseline -0.004 -16"><span class='ocrx_word' id='word_1_654' title='bbox 1358 2997 1659 3049; x_wconf 89' lang='lat' dir='ltr'><strong>computetur.</strong></span> <span class='ocrx_word' id='word_1_655' title='bbox 1696 2986 1824 3031; x_wconf 90' lang='lat' dir='ltr'><strong>Haud</strong></span> <span class='ocrx_word' id='word_1_656' title='bbox 1854 2986 2004 3030; x_wconf 92' lang='lat' dir='ltr'><strong>minus</strong></span> <span class='ocrx_word' id='word_1_657' title='bbox 2035 2986 2185 3044; x_wconf 87' lang='lat' dir='ltr'><strong>inepte</strong></span> <span class='ocrx_word' id='word_1_658' title='bbox 2215 2986 2240 3043; x_wconf 89' lang='grc'>5</span> <span class='ocrx_word' id='word_1_659' title='bbox 2283 2986 2338 3027; x_wconf 87' lang='grc'><strong>26</strong></span> <span class='ocrx_word' id='word_1_660' title='bbox 2373 3000 2420 3044; x_wconf 91' lang='lat' dir='ltr'><strong>p.</strong></span> <span class='ocrx_word' id='word_1_661' title='bbox 2454 2985 2508 3028; x_wconf 83' lang='lat'><strong>33</strong></span> <span class='ocrx_word' id='word_1_662' title='bbox 2537 2984 2585 3028; x_wconf 90' lang='lat' dir='ltr'><strong>in</strong></span> 
     </span>
     <span class='ocr_line' id='line_1_91' title="bbox 1358 3060 2582 3126; baseline -0.005 -16"><span class='ocrx_word' id='word_1_663' title='bbox 1358 3066 1554 3126; x_wconf 82' lang='lat' dir='ltr'><strong>Illyricae</strong></span> <span class='ocrx_word' id='word_1_664' title='bbox 1593 3080 1683 3109; x_wconf 80' lang='lat' dir='ltr'>01·ae</span> <span class='ocrx_word' id='word_1_665' title='bbox 1722 3063 2031 3123; x_wconf 88' lang='lat' dir='ltr'><strong>descriptione</strong></span> <span class='ocrx_word' id='word_1_666' title='bbox 2068 3062 2259 3121; x_wconf 88' lang='lat' dir='ltr'><strong>abrupte</strong></span> <span class='ocrx_word' id='word_1_667' title='bbox 2308 3070 2351 3105; x_wconf 92' lang='lat' dir='ltr'><strong>et</strong></span> <span class='ocrx_word' id='word_1_668' title='bbox 2395 3060 2582 3105; x_wconf 91' lang='lat' dir='ltr'><strong>insulsis</strong></span> 
     </span>
     <span class='ocr_line' id='line_1_92' title="bbox 1356 3136 2582 3202; baseline -0.007 -15"><span class='ocrx_word' id='word_1_669' title='bbox 1356 3141 1511 3187; x_wconf 87' lang='lat' dir='ltr'><strong>verbis</strong></span> <span class='ocrx_word' id='word_1_670' title='bbox 1534 3141 1890 3202; x_wconf 79' lang='lat' dir='ltr'><strong>interponuntur</strong></span> <span class='ocrx_word' id='word_1_671' title='bbox 1910 3154 2010 3199; x_wconf 89' lang='lat' dir='ltr'><strong>quae</strong></span> <span class='ocrx_word' id='word_1_672' title='bbox 2029 3138 2085 3182; x_wconf 91' lang='lat' dir='ltr'><strong>ad</strong></span> <span class='ocrx_word' id='word_1_673' title='bbox 2104 3138 2142 3181; x_wconf 86' lang='lat' dir='ltr'>T</span> <span class='ocrx_word' id='word_1_674' title='bbox 2146 3137 2420 3198; x_wconf 89' lang='lat' dir='ltr'><strong>hesprotiam</strong></span> <span class='ocrx_word' id='word_1_675' title='bbox 2445 3136 2582 3196; x_wconf 90' lang='lat' dir='ltr'><strong>perti-</strong></span> 
     </span>
     <span class='ocr_line' id='line_1_93' title="bbox 1355 3207 2580 3279; baseline -0.007 -15"><span class='ocrx_word' id='word_1_676' title='bbox 1355 3230 1496 3264; x_wconf 84' lang='lat' dir='ltr'><strong>nent:</strong></span> <span class='ocrx_word' id='word_1_677' title='bbox 1532 3207 1617 3264; x_wconf 64' lang='grc' dir='ltr'><strong>Ἐνι</strong></span> <span class='ocrx_word' id='word_1_678' title='bbox 1636 3220 1687 3279; x_wconf 75' lang='grc' dir='ltr'><strong>τῇ</strong></span> <span class='ocrx_word' id='word_1_679' title='bbox 1722 3215 1916 3278; x_wconf 85' lang='grc' dir='ltr'>Κέστριδι</span> <span class='ocrx_word' id='word_1_680' title='bbox 1942 3214 2062 3278; x_wconf 73' lang='grc' dir='ltr'>χώρᾳ</span> <span class='ocrx_word' id='word_1_681' title='bbox 2101 3207 2204 3258; x_wconf 67' lang='grc' dir='ltr'>εἶναι</span> <span class='ocrx_word' id='word_1_682' title='bbox 2228 3212 2390 3273; x_wconf 79' lang='grc' dir='ltr'>λέγεται</span> <span class='ocrx_word' id='word_1_683' title='bbox 2426 3211 2580 3267; x_wconf 87' lang='grc' dir='ltr'>πεδίον,</span> 
     </span>
     <span class='ocr_line' id='line_1_94' title="bbox 1355 3286 2582 3355; baseline -0.005 -15"><span class='ocrx_word' id='word_1_684' title='bbox 1355 3295 1483 3355; x_wconf 84' lang='grc' dir='ltr'>ὄνομα</span> <span class='ocrx_word' id='word_1_685' title='bbox 1515 3293 1724 3355; x_wconf 81' lang='grc' dir='ltr'>Ἐρύθεια.</span> <span class='ocrx_word' id='word_1_686' title='bbox 1753 3292 1959 3338; x_wconf 77' lang='grc' dir='ltr'>Ἐνταῦθα</span> <span class='ocrx_word' id='word_1_687' title='bbox 1984 3293 2005 3335; x_wconf 82' lang='grc' dir='ltr'>ὁ</span> <span class='ocrx_word' id='word_1_688' title='bbox 2028 3288 2235 3351; x_wconf 85' lang='grc' dir='ltr'>Γηρυόνης</span> <span class='ocrx_word' id='word_1_689' title='bbox 2275 3287 2439 3349; x_wconf 83' lang='grc' dir='ltr'>λέγεται</span> <span class='ocrx_word' id='word_1_690' title='bbox 2469 3286 2582 3342; x_wconf 79' lang='grc' dir='ltr'>ἥκειν</span> 
     </span>
     <span class='ocr_line' id='line_1_95' title="bbox 1355 3364 2575 3432; baseline -0.007 -16"><span class='ocrx_word' id='word_1_691' title='bbox 1355 3372 1425 3416; x_wconf 82' lang='grc' dir='ltr'>καὶ</span> <span class='ocrx_word' id='word_1_692' title='bbox 1456 3369 1547 3421; x_wconf 71' lang='grc' dir='ltr'>τοὺς</span> <span class='ocrx_word' id='word_1_693' title='bbox 1575 3373 1666 3432; x_wconf 78' lang='grc' dir='ltr'>βοῦς</span> <span class='ocrx_word' id='word_1_694' title='bbox 1696 3370 1919 3431; x_wconf 87' lang='grc' dir='ltr'>βουκολεῖν.</span> <span class='ocrx_word' id='word_1_695' title='bbox 1941 3366 2085 3412; x_wconf 88' lang='lat' dir='ltr'><strong>Porro</strong></span> <span class='ocrx_word' id='word_1_696' title='bbox 2110 3367 2136 3425; x_wconf 86' lang='grc'>5</span> <span class='ocrx_word' id='word_1_697' title='bbox 2159 3367 2231 3422; x_wconf 85' lang='grc'>13,</span> <span class='ocrx_word' id='word_1_698' title='bbox 2250 3381 2294 3425; x_wconf 92' lang='lat' dir='ltr'><strong>p.</strong></span> <span class='ocrx_word' id='word_1_699' title='bbox 2325 3382 2382 3409; x_wconf 89' lang='grc'><strong>22</strong></span> <span class='ocrx_word' id='word_1_700' title='bbox 2403 3364 2575 3409; x_wconf 85' lang='lat' dir='ltr'><strong>verba:</strong></span> 
     </span>
     <span class='ocr_line' id='line_1_96' title="bbox 1356 3438 2587 3508; baseline -0.006 -17"><span class='ocrx_word' id='word_1_701' title='bbox 1356 3451 1490 3502; x_wconf 78' lang='grc' dir='ltr'>Νῆσος</span> <span class='ocrx_word' id='word_1_702' title='bbox 1518 3447 1750 3508; x_wconf 79' lang='grc' dir='ltr'>Καλυψοῦς,</span> <span class='ocrx_word' id='word_1_703' title='bbox 1771 3445 1811 3488; x_wconf 81' lang='grc' dir='ltr'><strong>ἐν</strong></span> <span class='ocrx_word' id='word_1_704' title='bbox 1829 3438 1857 3504; x_wconf 65' lang='grc' dir='ltr'>ᾗ</span> <span class='ocrx_word' id='word_1_705' title='bbox 1874 3441 2099 3493; x_wconf 79' lang='grc' dir='ltr'>Ὀδυσσεὺς</span> <span class='ocrx_word' id='word_1_706' title='bbox 2127 3439 2224 3505; x_wconf 83' lang='grc' dir='ltr'>ᾤκει</span> <span class='ocrx_word' id='word_1_707' title='bbox 2251 3439 2364 3503; x_wconf 85' lang='grc' dir='ltr'>παρὰ</span> <span class='ocrx_word' id='word_1_708' title='bbox 2393 3440 2587 3502; x_wconf 75' lang='grc' dir='ltr'>Καλυψοῖ</span> 
     </span>
     <span class='ocr_line' id='line_1_97' title="bbox 1357 3514 2579 3582; baseline -0.007 -15"><span class='ocrx_word' id='word_1_709' title='bbox 1357 3538 1449 3567; x_wconf 92' lang='lat' dir='ltr'><strong>non</strong></span> <span class='ocrx_word' id='word_1_710' title='bbox 1479 3531 1609 3582; x_wconf 91' lang='lat' dir='ltr'><strong>post,</strong></span> <span class='ocrx_word' id='word_1_711' title='bbox 1651 3520 1730 3565; x_wconf 90' lang='lat' dir='ltr'><strong>sed</strong></span> <span class='ocrx_word' id='word_1_712' title='bbox 1767 3529 1869 3563; x_wconf 91' lang='lat' dir='ltr'><strong>ante</strong></span> <span class='ocrx_word' id='word_1_713' title='bbox 1912 3517 2156 3563; x_wconf 89' lang='lat' dir='ltr'><strong>Crotonem</strong></span> <span class='ocrx_word' id='word_1_714' title='bbox 2186 3514 2399 3574; x_wconf 90' lang='lat' dir='ltr'><strong>ponenda</strong></span> <span class='ocrx_word' id='word_1_715' title='bbox 2436 3523 2579 3558; x_wconf 89' lang='lat' dir='ltr'><strong>erant.</strong></span> 
     </span>
     <span class='ocr_line' id='line_1_98' title="bbox 1355 3589 2581 3653; baseline -0.009 -10"><span class='ocrx_word' id='word_1_716' title='bbox 1355 3598 1444 3643; x_wconf 89' lang='lat' dir='ltr'><strong>Sed</strong></span> <span class='ocrx_word' id='word_1_717' title='bbox 1466 3597 1555 3641; x_wconf 92' lang='lat' dir='ltr'><strong>hoc</strong></span> <span class='ocrx_word' id='word_1_718' title='bbox 1586 3595 1731 3640; x_wconf 89' lang='lat' dir='ltr'><strong>levius</strong></span> <span class='ocrx_word' id='word_1_719' title='bbox 1764 3594 1836 3639; x_wconf 90' lang='lat' dir='ltr'><strong>sit.</strong></span> <span class='ocrx_word' id='word_1_720' title='bbox 1863 3591 2055 3653; x_wconf 87' lang='lat' dir='ltr'><strong>Majoris</strong></span> <span class='ocrx_word' id='word_1_721' title='bbox 2075 3590 2292 3636; x_wconf 91' lang='lat' dir='ltr'><strong>momenti</strong></span> <span class='ocrx_word' id='word_1_722' title='bbox 2325 3599 2430 3634; x_wconf 92' lang='lat' dir='ltr'><strong>sunt</strong></span> <span class='ocrx_word' id='word_1_723' title='bbox 2457 3589 2581 3632; x_wconf 91' lang='lat' dir='ltr'><strong>lucu-</strong></span> 
     </span>
     <span class='ocr_line' id='line_1_99' title="bbox 1356 3665 2590 3732; baseline -0.01 -13"><span class='ocrx_word' id='word_1_724' title='bbox 1356 3674 1609 3719; x_wconf 90' lang='lat' dir='ltr'><strong>lentissima</strong></span> <span class='ocrx_word' id='word_1_725' title='bbox 1627 3673 1705 3717; x_wconf 89' lang='lat' dir='ltr'><strong>illa</strong></span> <span class='ocrx_word' id='word_1_726' title='bbox 1742 3670 1909 3732; x_wconf 88' lang='lat' dir='ltr'><strong>quibus</strong></span> <span class='ocrx_word' id='word_1_727' title='bbox 1944 3670 2156 3729; x_wconf 91' lang='lat' dir='ltr'><strong>linquens</strong></span> <span class='ocrx_word' id='word_1_728' title='bbox 2176 3677 2343 3713; x_wconf 89' lang='lat' dir='ltr'><strong>suetam</strong></span> <span class='ocrx_word' id='word_1_729' title='bbox 2363 3665 2590 3710; x_wconf 64' lang='lat' dir='ltr'><strong>narratio-⁴</strong></span> 
     </span>
     <span class='ocr_line' id='line_1_100' title="bbox 1358 3739 2582 3804; baseline -0.011 -8"><span class='ocrx_word' id='word_1_730' title='bbox 1358 3752 1430 3796; x_wconf 91' lang='lat' dir='ltr'><strong>nis</strong></span> <span class='ocrx_word' id='word_1_731' title='bbox 1450 3749 1704 3795; x_wconf 86' lang='lat' dir='ltr'><strong>ariditatem</strong></span> <span class='ocrx_word' id='word_1_732' title='bbox 1724 3758 1879 3793; x_wconf 89' lang='lat' dir='ltr'><strong>auctor</strong></span> <span class='ocrx_word' id='word_1_733' title='bbox 1901 3747 1957 3792; x_wconf 90' lang='lat' dir='ltr'><strong>de</strong></span> <span class='ocrx_word' id='word_1_734' title='bbox 1971 3745 2118 3790; x_wconf 90' lang='lat' dir='ltr'><strong>hortis</strong></span> <span class='ocrx_word' id='word_1_735' title='bbox 2140 3742 2439 3804; x_wconf 90' lang='lat' dir='ltr'><strong>Hesperidum</strong></span> <span class='ocrx_word' id='word_1_736' title='bbox 2464 3739 2582 3783; x_wconf 88' lang='lat' dir='ltr'><strong>vici-</strong></span> 
     </span>
     <span class='ocr_line' id='line_1_101' title="bbox 1357 3816 2583 3885; baseline -0.014 -14"><span class='ocrx_word' id='word_1_737' title='bbox 1357 3827 1521 3885; x_wconf 89' lang='lat' dir='ltr'><strong>nisque</strong></span> <span class='ocrx_word' id='word_1_738' title='bbox 1540 3825 1653 3869; x_wconf 86' lang='lat' dir='ltr'><strong>locis</strong></span> <span class='ocrx_word' id='word_1_739' title='bbox 1675 3823 1863 3883; x_wconf 85' lang='lat' dir='ltr'><strong>exponit</strong></span> <span class='ocrx_word' id='word_1_740' title='bbox 1881 3823 1907 3881; x_wconf 86' lang='grc'>5</span> <span class='ocrx_word' id='word_1_741' title='bbox 1938 3822 2037 3876; x_wconf 85' lang='grc'><strong>108,</strong></span> <span class='ocrx_word' id='word_1_742' title='bbox 2057 3837 2106 3880; x_wconf 88' lang='lat' dir='ltr'><strong>p.</strong></span> <span class='ocrx_word' id='word_1_743' title='bbox 2128 3820 2183 3863; x_wconf 84' lang='lat'><strong>83</strong></span> <span class='ocrx_word' id='word_1_744' title='bbox 2203 3834 2292 3876; x_wconf 91' lang='lat' dir='ltr'><strong>sq.‚</strong></span> <span class='ocrx_word' id='word_1_745' title='bbox 2317 3816 2422 3860; x_wconf 91' lang='lat' dir='ltr'><strong>inde</strong></span> <span class='ocrx_word' id='word_1_746' title='bbox 2442 3830 2466 3856; x_wconf 92' lang='lat' dir='ltr'><strong>a</strong></span> <span class='ocrx_word' id='word_1_747' title='bbox 2485 3827 2583 3856; x_wconf 85' lang='lat' dir='ltr'><strong>ver·</strong></span> 
     </span>
     <span class='ocr_line' id='line_1_102' title="bbox 1356 3885 2580 3948; baseline -0.013 -2"><span class='ocrx_word' id='word_1_748' title='bbox 1356 3901 1429 3946; x_wconf 89' lang='lat' dir='ltr'><strong>bis</strong></span> <span class='ocrx_word' id='word_1_749' title='bbox 1451 3899 1558 3946; x_wconf 81' lang='grc' dir='ltr'><strong>Ἀνω</strong></span> <span class='ocrx_word' id='word_1_750' title='bbox 1583 3898 1624 3943; x_wconf 84' lang='grc' dir='ltr'><strong>δὲ</strong></span> <span class='ocrx_word' id='word_1_751' title='bbox 1663 3898 1835 3942; x_wconf 70' lang='grc' dir='ltr'>ἐνταῦθά</span> <span class='ocrx_word' id='word_1_752' title='bbox 1874 3898 1982 3940; x_wconf 81' lang='grc' dir='ltr'>ἐστιν</span> <span class='ocrx_word' id='word_1_753' title='bbox 2006 3898 2025 3939; x_wconf 86' lang='grc' dir='ltr'><em>ὃ</em></span> <span class='ocrx_word' id='word_1_754' title='bbox 2049 3897 2177 3948; x_wconf 74' lang='grc' dir='ltr'>κῆπος</span> <span class='ocrx_word' id='word_1_755' title='bbox 2216 3893 2294 3935; x_wconf 82' lang='grc' dir='ltr'><strong>τῶν</strong></span> <span class='ocrx_word' id='word_1_756' title='bbox 2329 3885 2580 3946; x_wconf 80' lang='grc' dir='ltr'>Ἑσπερίδων</span> 
     </span>
     <span class='ocr_line' id='line_1_103' title="bbox 1357 3960 2582 4035; baseline -0.011 -15"><span class='ocrx_word' id='word_1_757' title='bbox 1357 3991 1501 4035; x_wconf 84' lang='lat' dir='ltr'><strong>usquc</strong></span> <span class='ocrx_word' id='word_1_758' title='bbox 1521 3974 1575 4018; x_wconf 88' lang='lat' dir='ltr'><strong>ad</strong></span> <span class='ocrx_word' id='word_1_759' title='bbox 1596 3990 1638 4018; x_wconf 89' lang='lat' dir='ltr'><strong>v.</strong></span> <span class='ocrx_word' id='word_1_760' title='bbox 1663 3977 1787 4027; x_wconf 67' lang='grc' dir='ltr'>κῆποι</span> <span class='ocrx_word' id='word_1_761' title='bbox 1812 3972 2018 4025; x_wconf 84' lang='grc' dir='ltr'>πλεῖστοι,</span> <span class='ocrx_word' id='word_1_762' title='bbox 2045 3967 2252 4027; x_wconf 78' lang='grc' dir='ltr'>Ζήνερτις.</span> <span class='ocrx_word' id='word_1_763' title='bbox 2289 3963 2397 4016; x_wconf 80' lang='lat' dir='ltr'><strong>Quae</strong></span> <span class='ocrx_word' id='word_1_764' title='bbox 2430 3960 2582 4005; x_wconf 81' lang='lat' dir='ltr'><strong>onmia</strong></span> 
     </span>
    </p>
   </div>
  </div>
 </body>
</html>
