2782 4348
163 201 253 265 (3ο.)

160 375 383 438 προσφάτῳ
405 376 476 422 καὶ
490 378 642 438 ἰχθύων
664 383 745 426 τῶν
764 385 996 434 ἐλασσόνων
1014 395 1212 454 κεφαλαῖς
1230 397 1271 440 ἐν
1299 399 1394 460 ὀρύ-

160 461 290 503 γμασι
326 444 567 498 καταθέντες
600 448 882 512 διατρέφουσι·
909 459 982 511 τῆς
1008 458 1050 503 δὲ
1075 461 1227 515 ἐνδείας
1249 466 1393 519 αὐτοὺς

159 512 469 573 κατασχούσης,
491 519 623 561 ταῦτα
648 518 661 577 (
678 521 733 570 ὡς
756 520 914 583 εἴρηται
935 523 948 587 )
974 531 1185 575 ποιοῦνται
1207 532 1386 589 σίτησιν.

114 587 132 614 ⁵
215 594 269 624 3⁶.
303 581 354 626 Ei
390 580 435 626 δέ
464 585 556 629 ποθ’
582 586 756 648 ἑκατέρα
783 590 931 644 αὐτοὺς
967 594 1125 651 σίτησις
1164 601 1389 665 ἐπιλείψει,

155 645 236 691 ἀπὸ
251 648 403 701 παντὸς
414 655 484 696 τοῦ
500 654 579 697 τῶν
600 655 786 702 ἀκανθῶν
800 665 933 723 σωροῦ
949 662 1021 715 τὰς
1037 665 1239 727 ἐγχύμους
1253 673 1386 718 αὐτῶν

151 713 222 759 καὶ
252 717 512 780 προσφάτους
549 723 804 784 ἐπιλέγοντες
841 730 1061 794 ἀφαιροῦσι
1095 739 1188 780 κατ’
1209 737 1382 802 ἄρθρον,

148 782 326 830 κᾶπειτα
346 786 421 838 τὰς
440 787 515 847 μὲν
534 791 749 845 κόπτοντες
765 795 831 840 ἐπὶ
846 800 1077 861 πετρώδους
1094 804 1247 864 τόπου,
1271 808 1318 862 ἃς
1343 810 1384 855 δὲ

148 855 492 916 κατεργαζόμενοι
516 857 584 903 διὰ
612 863 693 907 τῶν
719 863 914 924 ὀδόντων,
947 877 1029 923 τοῖς
1051 874 1279 935 φωλεύουσι
1303 882 1382 924 τῶν

22 918 25 920 ’
83 929 124 958 ¹0
146 921 293 984 θηρίων
316 923 390 980 τὴν
414 925 539 983 αὐτὴν
565 929 742 977 διάθεσιν
766 935 1040 995 λαμὸάνουσι.

207 1008 264 1039 37.
293 995 418 1057 Ποτῷ
446 994 488 1041 δὲ
520 997 624 1044 πολὺ
658 1004 986 1072 θαυμασιωτέρῳ
1009 1014 1208 1074 χρῶνται.
1277 1017 1378 1065 Ἐπὶ

144 1060 216 1119 μὲν
248 1062 327 1125 γὰρ
352 1063 549 1128 τέτταρας
579 1071 739 1132 ἡμέρας
769 1074 869 1137 πρὸς
890 1085 980 1130 ταῖς
1003 1082 1144 1143 θήραις
1165 1084 1373 1145 γίνονται,

142 1130 212 1175 καὶ
233 1132 334 1195 πρὸς
350 1134 474 1196 ᾠδαῖς
496 1136 707 1201 ἀνάρθροις
724 1142 795 1188 καὶ
815 1145 915 1207 πρὸς
929 1151 1018 1201 ταῖς
1041 1153 1271 1208 συνουσίαις
1286 1165 1376 1211 ταῖς

139 1201 305 1252 παιδιᾶς
327 1203 448 1264 χάριν
473 1206 726 1266 γινομέναις,
762 1214 832 1257 ὑπ’
857 1217 1016 1271 οὐδενὸς
1047 1223 1372 1284 περισπώμενοι,

75 1279 114 1308 15
140 1267 205 1313 διὰ
220 1268 293 1324 τὴν
314 1273 508 1319 εὐκοπίαν
525 1279 596 1331 τῆς
610 1283 775 1342 τροφῆς·
792 1286 864 1338 τῆς
883 1284 925 1329 δὲ
941 1287 1134 1347 πέμπτης
1149 1294 1370 1342 ἐπιλαὸού-

137 1355 211 1394 σης
233 1337 456 1400 ἐξορμῶσιν
481 1345 536 1395 εἷς
562 1344 635 1400 τὴν
670 1350 878 1413 ὑπώρειαν
913 1362 1036 1402 ποτοῦ
1066 1360 1189 1422 χάριν
1215 1364 1269 1415 εἷς
1297 1366 1370 1419 τὰς

136 1406 347 1467 συρρύσεις
385 1412 467 1455 τῶν
505 1414 694 1473 νομάδων
710 1453 721 1474 ,
758 1421 860 1483 πρὸς
899 1417 963 1476 αἷς
1004 1427 1122 1490 (καὶ)
1158 1430 1210 1475 τὰ
1237 1434 1365 1492 κτήνη

133 1475 379 1528 ποτίζουσιν.

192 1559 248 1591 38.
285 1544 501 1610 Ἑσπέριος
526 1549 568 1596 δὲ
591 1555 616 1608 ἠ
636 1557 782 1617 πορεία
805 1559 976 1620 γίνεται.
1047 1567 1363 1627 Κατανύσαντες

64 1622 108 1651 20
131 1609 171 1656 δὲ
196 1614 251 1664 εἷς
273 1613 347 1664 τὰς
373 1617 597 1682 ποτίστρας
617 1626 699 1669 τῶν
719 1628 909 1686 νομάδων
927 1637 1002 1678 τοῦ
1016 1637 1275 1697 κῦιλώματος
1295 1642 1362 1688 κύ-

129 1681 216 1744 κλῳ
254 1683 554 1750 περιέστησαν,
579 1684 651 1737 εἶτ’
675 1694 991 1760 ἀπερεισάμενοι
1029 1704 1102 1758 τὰς
1133 1712 1274 1772 χεῖρας
1305 1715 1362 1765 εἷς

125 1745 200 1802 τὴν
222 1755 298 1811 γῆν
318 1754 388 1800 καὶ
404 1755 536 1810 θέντες
556 1759 608 1805 τὰ
626 1762 779 1822 γόνατα
797 1767 944 1828 βοηδὸν
962 1770 1147 1823 πίνουσιν
1162 1814 1174 1835 ,
1196 1782 1240 1825 οὐ
1263 1784 1360 1844 πρὸς

126 1820 222 1877 μίαν
240 1826 443 1882 ἀναπνοῆς
458 1827 610 1890 ὁρμὴν,
628 1834 735 1879 ἀλλὰ
751 1839 950 1894 πολλάκις
964 1845 1108 1899 αὑτοὺς
1124 1850 1359 1897 ἀναπαύον-

0 1954 107 1994 Diod.
124 1951 265 1999 τούτου
283 1956 363 2017 γὰρ
396 1959 628 2022 ἐκλέγοντες
653 1964 724 2016 τὰς
757 1970 955 2031 ἐγχύλους
989 1976 1059 2021 καὶ
1094 1983 1356 2045 προσφάτους

57 2034 98 2062 25
119 2023 198 2066 τῶν
223 2026 409 2071 ἀκανθῶν
430 2029 628 2093 διαιροῦσι
650 2035 741 2079 κατ’
767 2037 933 2101 ἄρθρον,
955 2044 1027 2089 καὶ
1042 2046 1114 2099 τὰς
1134 2049 1209 2108 μὲν
1234 2053 1355 2098 αὐτό-

119 2095 182 2136 θεν
204 2099 287 2147 τοῖς
326 2096 464 2143 ὀδοῦσι
494 2103 830 2164 κατεργάζονται,
855 2108 928 2162 τὰς
947 2112 989 2156 δὲ
1017 2116 1198 2178 σκληρὰς
1231 2121 1356 2175 λίθοις

118 2160 334 2221 θραύοντες
367 2166 438 2211 καὶ
469 2173 875 2233 προϋπεργαζόμενοι
911 2184 1185 2243 κατεσθίουσι,
1210 2208 1352 2251 παρα-

114 2230 295 2285 πλησίαν
307 2233 484 2281 διάθεσιν
495 2236 655 2298 ἔχοντες
664 2242 746 2292 τοῖς
758 2245 986 2305 φωλεύουσι
999 2254 1078 2295 τῶν
1090 2255 1252 2315 θηρίων.
1265 2262 1352 2314 Τῆς

117 2299 190 2355 μὲν
214 2293 282 2344 οῧν
305 2300 427 2363 ξηρᾶς
444 2310 594 2367 τροφῆς
609 2307 677 2353 τὸν
706 2312 919 2373 εἰρημένον
943 2318 1092 2379 τρόπον
1112 2324 1346 2387 εὐποροῦσι.

44 2380 92 2409 :30
176 2383 232 2413 37.
264 2371 352 2423 Τῆς
375 2371 410 2415 δ’
444 2375 568 2436 ὑγρᾶς
597 2379 827 2440 παράδοξον
862 2383 1003 2446 ἔχουσι
1041 2390 1111 2435 καὶ
1134 2398 1345 2449 παντελῶς

114 2438 420 2497 ἀπιστουμένην
444 2442 517 2498 τὴν
539 2449 704 2507 χρῆσιν.
730 2451 834 2502 Ταῖς
857 2453 930 2512 μὲν
952 2456 1031 2519 γὰρ
1048 2460 1190 2522 θήραις
1212 2483 1344 2527 προσ-

109 2513 372 2568 καρτεροῦσιν
398 2511 459 2574 ἐφ’
475 2513 861 2582 ἡμέραςτέτταρας,
885 2526 1157 2588 εὐωχούμενοι
1179 2536 1341 2593 πανδη-

110 2574 178 2631 μεὶ
200 2577 293 2634 μεθ’
312 2579 553 2641 ἱλαρότητος
575 2585 646 2629 καὶ
665 2590 753 2639 ταῖς
775 2591 986 2655 ἀνάρθροις
997 2597 1120 2659 ᾠδαῖς
1141 2602 1342 2660 ἀλλήλους

107 2645 470 2707 ψυχαγωγοῦντες·
484 2651 584 2714 πρὸς
606 2653 648 2699 δὲ
665 2657 820 2711 τούτοις
839 2662 1124 2724 ἐπιμίσγονται
1144 2670 1233 2716 τότε
1252 2680 1342 2726 ταῖς

35 2729 81 2758 35
104 2714 284 2772 γυναιξὶν
306 2709 370 2768 αἷς
387 2717 435 2763 ἂν
451 2719 610 2783 τύχωσι
625 2726 887 2781 παιδοποιίας
907 2732 1039 2790 ἕνεκα,
1059 2737 1196 2795 πάσης
1216 2743 1339 2805 ἀσχο-

103 2781 192 2835 λίας
212 2787 508 2847 ἀπολελυμένοι
527 2791 593 2836 διὰ
615 2791 688 2849 τὴν
706 2797 900 2845 εὐκοπίαν
917 2801 987 2847 καὶ
999 2802 1073 2860 τὴν
1094 2810 1336 2868 ἑτοιμότητα

101 2854 174 2906 τῆς
191 2858 364 2917 τροφῆς·
397 2861 449 2919 τῇ
474 2858 516 2904 δὲ
535 2860 706 2925 πέμπτῃ
738 2866 838 2927 πρὸς
873 2870 1076 2933 ὑπώρειαν
1104 2878 1335 2939 ἐπείγονται

99 2922 304 2982 πανδημεὶ
324 2932 449 2972 ποτοῦ
466 2929 608 2992 χάριν,
630 2932 726 2979 ἔνθα
748 2937 961 2999 συρρύσεις
975 2943 1159 3002 γλυκέων
1176 2949 1332 2997 ὑδάτων

100 2990 198 3047 εἰσὶ,
219 2993 320 3054 πρὸς
343 2989 406 3052 αἶς
429 3000 465 3043 οἱ
499 3001 672 3061 νομάδες
695 3004 771 3057 τὰς
809 3008 961 3067 ἀγέλας
981 3015 1060 3058 τῶν
1082 3018 1329 3078 θρεμμάτων

33 3065 75 3095 40
97 3059 341 3113 ποτίζουσιν.

157 3146 212 3176 38.
238 3131 292 3179 ‘H
331 3134 372 3179 δὲ
411 3137 622 3201 ὁδοιπορία
661 3141 815 3190 τούτων
849 3150 1140 3211 παραπλήσιος
1167 3155 1324 3216 γίνεται

94 3204 184 3249 ταῖς
215 3201 380 3262 ἀγέλαις
417 3209 496 3251 τῶν
536 3212 655 3269 βοῶν,
677 3212 842 3260 πάντων
867 3217 1004 3279 φωνὴν
1027 3223 1226 3285 ἀφιέντων
1249 3229 1323 3273 οὐκ

97 3263 301 3329 ἔναρθρον,
338 3274 430 3318 ἀλλ’
460 3269 561 3337 ῆχον
586 3279 706 3338 μόνον
729 3284 1024 3336 ἀποτελοῦσαν.
1054 3293 1150 3337 Τῶν
1176 3293 1217 3339 δὲ
1241 3296 1320 3341 τέ-

93 3351 197 3378 κνων
220 3336 271 3382 τὰ
292 3339 364 3398 μὲν
387 3342 517 3399 νήπια
540 3351 751 3404 παντελῶς
772 3356 814 3398 αἱ
834 3357 1007 3420 μητέρες
1026 3361 1066 3405 ἐν
1089 3369 1178 3415 ταῖς
1194 3365 1318 3426 ἀγκά-

30 3411 71 3439 ⁶5
92 3402 182 3454 λαις
219 3405 405 3467 φέρουσι,
441 3415 494 3458 τὰ
534 3414 576 3460 δὲ
620 3423 909 3482 κεχωρισμένα
933 3431 1004 3472 τοῦ
1038 3430 1242 3491 γάλακτος
1278 3438 1314 3481 οἱ

90 3471 283 3534 πατέρες,
308 3478 359 3523 τὰ
383 3480 417 3524 δ’
455 3485 557 3547 ὑπὲρ
595 3496 796 3548 πενταετῆ
824 3497 968 3556 χρόνον
1007 3499 1103 3546 ὄντα
1142 3505 1313 3566 προάγει

89 3540 194 3598 μετὰ
232 3547 310 3589 τῶν
348 3550 495 3607 γονέων
520 3553 593 3599 σὺν
631 3560 794 3623 παιδιᾷ,
822 3567 1128 3629 πεπληρωμένα
1151 3582 1310 3637 χαρᾶς,

87 3612 139 3660 ὡς
160 3610 206 3654 ἂν
233 3614 332 3675 πρὸς
354 3616 427 3672 τὴν
447 3620 614 3679 ἡδίστην
637 3627 864 3676 ἀπόλαυσιν
888 3636 1123 3696 ὁρμώμενα.
1157 3642 1208 3689 ‘H
1230 3643 1309 3707 γὰρ

139 3787 159 3836 5
183 3790 251 3836 36,
278 3787 305 3827 l.
339 3793 378 3829 6.
399 3794 468 3831 τοῦ
493 3803 587 3836 ante
612 3802 687 3855 τῶν
715 3815 799 3842 om.
827 3805 873 3845 C.
897 3807 913 3860 Η
932 3825 1043 3864 -7,
1071 3812 1312 3872 ἐπιλέγοντες

76 3844 326 3905 ἀφαιροῦσιν]
346 3851 564 3909 ἐκλέγοντες
581 3859 764 3916 διαιροῦσι
778 3867 986 3910 Diodorus
1003 3876 1168 3918 rectius.

134 3912 155 3960 5
190 3916 257 3960 37,
302 3913 328 3953 l.
372 3918 437 3964 14.
479 3920 652 3975 παιδιᾶς]
687 3927 856 3976 παιδείας
889 3932 947 3981 B,
983 3937 1222 3989 παιδοποιίας
1257 3957 1307 3984 ex

73 3975 309 4015 narratione
346 3978 535 4022 Diodori.
581 3984 596 4037 ΙΙ
626 4009 682 4017 —
719 3988 782 4028 15.
818 3990 1187 4057 ἐπιλαδούσης]
1227 4004 1306 4046 ἐπι-

73 4033 265 4089 ezzo-sm
288 4041 338 4079 A.
360 4041 519 4098 11-17.
542 4047 696 4089 καὶτὰ
733 4053 914 4111 κτήνη]
943 4058 1005 4099 καὶ
1024 4075 1107 4103 om.
1131 4067 1213 4106 ΑΒ.
1240 4069 1305 4109 Ad

1101 222 1178 268 DE
1213 188 1367 275 MPARI
1400 222 1762 284 ERYTHRAE‘O.

0 313 2 316 ’
35 309 148 351 Phot.
165 306 400 367 εἰρημένους
418 308 590 371 κόγχους
605 313 887 374 συλλέγουσιν,
918 319 989 364 καὶ
1011 318 1176 376 τούτους
1208 326 1325 389 φύκει
1346 349 1391 375 τε

2603 278 2682 316 133

1462 344 1662 396 suppetit,
1687 347 1863 388 conchas
1894 350 1979 391 illas
2011 353 2222 407 colligunt,
2251 373 2397 415 casque
2419 372 2569 410 recenti
2605 375 2690 427 alga

1464 415 1507 447 et
1537 410 1712 463 piscium
1735 415 1946 457 minorum
1978 420 2201 474 capitibus,
2231 424 2346 467 fossis
2371 429 2588 486 demersas,
2620 455 2693 480 nu-

1463 476 1609 527 triunt,
1623 488 1664 520 et
1676 491 1817 535 postea
1835 494 2010 538 egestate
2026 493 2204 545 correpti
2228 493 2270 534 in
2285 496 2423 538 cibum
2450 502 2522 553 (ut
2537 504 2691 550 dictum

1461 544 1554 595 est)
1579 559 1646 585 eas
1665 557 1859 604 vertunt„
1945 596 1947 599 ,

1517 617 1585 658 36.
1618 622 1779 672 Quodsi
1809 634 1984 682 uterque
2013 629 2103 670 illos
2131 632 2246 674 cibus
2268 635 2487 693 defecerit,
2518 659 2568 686 ex
2596 653 2687 690 uni-
2719 698 2721 701 y

1458 697 1576 725 verso
1599 688 1812 741 spinarum
1834 707 1981 736 acervo
2003 707 2186 740 recentes
2205 710 2245 742 et
2266 703 2401 748 adhuc
2421 713 2530 752 succi
2549 714 2685 768 plenas

1457 752 1648 807 seligunt,
1670 765 1711 798 et
1729 761 1975 804 articulatim
1996 765 2094 807 inde
2122 769 2297 813 sublatas
2314 778 2462 829 partim
2479 781 2521 821 in
2543 797 2687 827 saxoso

1454 820 1604 863 alicubi
1621 828 1912 871 comminuunt
1933 831 2039 883 loco,
2061 837 2210 889 partim
2233 839 2423 890 dentibus
2445 851 2682 906 conficiunt,

1452 889 1676 934 bestiarum
1708 910 1799 950 quae
1821 899 1865 938 in
1892 899 2070 944 latibulis
2089 917 2300 951 versantur
2321 927 2478 958 morem

1452 959 1571 1000 nium
1589 974 1942 1017 repraesentantes.

1508 1028 1575 1082 37.
1609 1032 1719 1072 Potu
1753 1042 1891 1075 autem
1927 1036 2047 1092 longe
2081 1042 2331 1088 mirabiliore
2365 1059 2551 1096 utuntur.
2613 1060 2681 1101 Ad

2511 929 2552 961 et
2569 923 2681 977 inge·

1447 1116 1645 1162 quattuor
1660 1113 1772 1154 enim
1787 1113 1874 1156 dies
1889 1117 2105 1172 piscationi
2121 1130 2161 1163 et
2172 1127 2380 1170 cantilenis
2403 1132 2622 1179 inconditis
2639 1150 2681 1182 et

1444 1187 1641 1231 sodalitiis
1659 1192 1746 1234 ludi
1765 1197 1893 1249 gratia
1912 1198 2108 1242 institutis
2123 1216 2279 1258 vacant,
2297 1211 2406 1253 nulla
2419 1229 2463 1255 re
2478 1216 2674 1272 distracti,

1441 1278 1612 1324 propter
1631 1286 1837 1317 summam
1852 1278 2035 1321 alimenti
2051 1286 2222 1337 parandi
2242 1288 2493 1347 facultatem;
2515 1300 2585 1340 sed
2601 1302 2676 1342 im-

1440 1349 1626 1392 minente
1641 1352 1730 1406 jam
1752 1355 1820 1397 dic
1839 1360 1986 1413 quinto
2002 1393 2014 1413 ,
2036 1364 2079 1404 in
2109 1369 2321 1421 regionem
2350 1377 2559 1419 montibus
2578 1382 2674 1422 sub-

1431 1426 1584 1481 jectam
1602 1441 1724 1487 potus
1748 1434 1869 1480 causa
1887 1443 2055 1495 exeunt,
2076 1446 2130 1487 ad
2161 1452 2343 1504 aquaria,
2366 1468 2449 1509 quo
2468 1459 2672 1504 Nomades

1434 1518 1617 1562 pastores
1635 1528 1785 1569 pecora
1799 1534 1872 1561 sua
1890 1532 2037 1577 potum
2055 1538 2196 1582 agunt.

1492 1587 1560 1628 38.
1592 1591 1799 1635 Profectio
1831 1606 1970 1641 autem
1998 1602 2065 1644 illa
2097 1604 2143 1646 fit
2168 1621 2308 1666 versus
2339 1612 2434 1654 solis
2463 1630 2665 1662 occasum.

1432 1656 1613 1698 Proinde
1632 1674 1762 1714 quum
1781 1664 1834 1705 ad
1856 1671 2024 1722 aquaria
2045 1674 2282 1718 Nomadum
2310 1687 2588 1736 pervenerint,
2614 1689 2668 1730 la-

1431 1738 1527 1765 cum
1558 1727 1602 1767 in
1633 1730 1779 1773 orbem
1811 1736 2091 1782 circumstant.
2151 1747 2296 1788 Postea
2316 1752 2504 1794 manibus
2537 1756 2665 1798 humo

1430 1795 1618 1837 connixis
1636 1807 1676 1839 et
1695 1801 1810 1844 flexis
1828 1808 1999 1859 genibus
2018 1810 2146 1853 boum
2162 1829 2278 1857 more
2292 1817 2454 1872 bibunt,
2479 1838 2563 1865 non
2579 1841 2663 1868 uno

1431 1866 1711 1919 respirationis
1730 1873 1903 1929 impetu,
1927 1879 1997 1919 sed
2015 1882 2161 1924 crebro
2175 1885 2544 1942 interquiescendo.
2597 1898 2662 1937 Sic

638 1929 2139 1986 Ἃ

1419 1999 1558 2053 plenas
1581 2006 1827 2061 selegerunt,
1853 2016 2100 2060 articulatim
2112 2021 2320 2076 dividunt,
2342 2035 2383 2068 et
2403 2028 2499 2071 alias
2521 2035 2656 2075 statim

1418 2079 1612 2126 dentibus
1643 2090 1884 2145 conficiunt,
1906 2097 2002 2138 alias
2021 2099 2211 2144 duriores
2240 2105 2423 2161 lapidum
2443 2112 2557 2165 prius
2578 2115 2654 2154 im-

1415 2171 1539 2214 pactu
1572 2171 1846 2213 comminutas
1870 2175 2095 2220 bestiarum
2127 2182 2171 2222 in
2203 2186 2406 2239 speluncis
2439 2190 2651 2234 latentium

1415 2255 1531 2283 more
1551 2244 1842 2300 depascuntur.
1880 2257 1934 2295 Et
1963 2258 2059 2298 sicci
2082 2261 2251 2314 quidem
2284 2266 2466 2310 alimenti
2489 2274 2647 2327 copiam

1412 2320 1468 2362 ita
1485 2324 1562 2364 sibi
1579 2338 1739 2380 parant.

1466 2406 1553 2460 37(
1574 2411 1671 2465 Cap.
1698 2413 1799 2468 17).
1831 2418 2004 2460 Humidi
2034 2431 2171 2465 autem
2199 2428 2395 2471 mirabilis
2431 2434 2507 2474 illis
2544 2451 2642 2479 usus

1407 2481 1468 2513 est
1496 2489 1544 2515 ac
1574 2477 1700 2519 fidem
1733 2495 1902 2536 prorsus
1934 2490 2150 2534 excedens.
2174 2495 2280 2536 Nam
2318 2499 2531 2553 piscationi
2567 2520 2641 2560 per

1406 2541 1493 2584 dies
1516 2555 1710 2600 quattuor
1724 2554 1918 2596 continue
1937 2558 2227 2614 immorantur,
2245 2571 2481 2611 catervatim
2496 2581 2635 2616 tamen

1405 2625 1500 2652 cum
1514 2613 1715 2658 hilaritate
1736 2621 1902 2663 interim
1925 2628 2203 2681 convivantes,
2222 2642 2263 2675 et
2287 2635 2451 2678 absonis
2468 2643 2633 2683 cantile-

1403 2682 1466 2721 nis
1490 2683 1738 2729 oblectantes
1767 2705 1810 2731 se
1832 2702 1979 2735 mutuo
1993 2712 2005 2746 ;
2035 2706 2126 2739 tum
2163 2702 2286 2743 etiam
2306 2703 2467 2747 feminis
2482 2740 2493 2758 ,
2518 2725 2635 2764 quas-

1402 2763 1582 2805 cumque
1617 2769 1704 2795 sors
1730 2757 1877 2810 offert,
1913 2763 2063 2805 sobolis
2092 2782 2212 2810 causa
2240 2775 2490 2824 ,generandae
2519 2793 2632 2819 com-

1400 2818 1641 2873 miscentur,
1666 2826 1781 2865 omni
1799 2840 1968 2880 prorsus
1984 2835 2150 2887 negotio
2174 2845 2215 2877 et
2230 2852 2329 2880 cura
2349 2852 2518 2897 propter
2539 2845 2629 2887 saci-

1398 2884 1479 2927 lem
1501 2896 1543 2928 et
1573 2899 1757 2944 paratam
1792 2898 2036 2940 nutrimenti
2062 2903 2222 2957 copiam
2256 2908 2444 2950 exsoluti.
2482 2914 2536 2953 At
2566 2913 2632 2954 die

1398 2955 1545 3008 quinto
1567 2961 1766 3013 gregatim
1792 2963 1845 3004 ad
1878 2973 2031 3009 tractus
2056 2973 2268 3014 montibus
2302 2976 2526 3030 subjectos,
2558 2982 2623 3022 ubi

1396 3021 1527 3064 dulcis
1562 3040 1678 3081 aquae
1707 3033 1996 3087 scaturigines,
2021 3046 2142 3091 potus
2175 3040 2379 3084 desiderio
2409 3045 2624 3099 festinant,

1395 3106 1479 3147 quo
1495 3096 1618 3138 etiam
1645 3100 1844 3142 nomades
1866 3118 2006 3158 greges
2026 3116 2171 3161 potum
2189 3121 2329 3163 agunt.

1450 3170 1518 3211 38.
1544 3173 1668 3215 Neca
1687 3175 1815 3218 boum
1840 3183 2034 3222 armentis
2067 3184 2212 3226 itinere
2238 3186 2456 3240 disserunt3
2479 3206 2621 3234 omnes

1393 3247 1504 3287 enim
1527 3263 1670 3291 vocem
1694 3252 1946 3296 inconditam
1970 3259 2177 3310 emittunt,
2194 3275 2283 3315 quae
2305 3273 2450 3318 praeter
2472 3282 2620 3310 sonum

1391 3323 1494 3364 nihil
1512 3325 1653 3368 refert.
1675 3330 1829 3370 Pueros
1856 3331 1991 3373 adhuc
2013 3335 2180 3376 tenellos
2201 3346 2242 3377 et
2258 3338 2448 3382 lactentes
2471 3353 2618 3386 matres

1388 3403 1429 3443 in
1460 3405 1567 3446 ulnis
1593 3416 1771 3460 gestant,
1802 3411 2020 3454 ablactatos
2043 3429 2139 3456 vero
2167 3426 2317 3472 patres.
2340 3423 2394 3461 At
2425 3424 2613 3477 quintum

1384 3498 1539 3526 annum
1562 3490 1708 3541 egressi
1729 3504 1824 3530 cum
1845 3494 2084 3546 parentibus
2115 3495 2366 3553 lusitabundi
2386 3502 2614 3559 gaudioque

1382 3566 1507 3619 pleni,
1532 3576 1578 3608 ut
1596 3569 1647 3609 ad
1666 3572 1945 3614 suavissimam
1961 3585 2174 3630 pergentes
2193 3582 2484 3624 recreationem
2499 3616 2509 3633 ,
2541 3601 2610 3626 an-

1382 3647 1589 3690 tecedunt.
1613 3651 1769 3692 Natura
1795 3654 1908 3694 enim
1941 3656 2104 3698 illorum
2138 3674 2224 3700 non
2242 3674 2432 3716 perversa
2460 3668 2607 3705 summi

254 3728 2603 3786 kd

1382 3822 1599 3869 ποτίζουσιν
1631 3819 1773 3866 'sensus
1814 3830 1994 3883 postulat
2036 3841 2082 3874 ut
2123 3835 2307 3890 suppleas
2351 3836 2386 3875 οἱ
2430 3839 2600 3891 νομάδες.

1379 3883 1526 3924 Melius
1553 3888 1685 3927 oratio
1710 3888 1904 3942 haberet,
1926 3894 1958 3933 si
1980 3895 2175 3949 scriptum
2199 3906 2300 3937 esset
2323 3910 2331 3937 :
2359 3897 2490 3945 εἰςτὰς
2515 3916 2603 3954 συρ-

1378 3945 1498 4000 ρύσεις
1527 3952 1603 3988 τῶν
1630 3951 1827 4006 ναμάτων,
1861 3954 1951 4009 πρὸς
1981 3955 2039 4003 αἷς
2060 3957 2123 3996 καὶ
2151 3958 2187 3997 οἱ
2223 3960 2381 4013 νομάδες
2410 3960 2456 3999 τὰ
2481 3963 2600 4016 κτήνη

1375 4009 1607 4056 ποτίζουσιν.

1427 4073 1536 4125 538,
1565 4072 1592 4113 l.
1623 4087 1687 4128 19.
1715 4073 1897 4132 ἑσπερίοις
1929 4080 1975 4118 Β.
2004 4080 2019 4133 Η
2044 4104 2098 4111 -
2121 4081 2396 4131 καταλύσαντες
2417 4084 2509 4125 cod.
2542 4088 2598 4127 C.
