2808 4342
787 183 797 196 ἱ

426 266 1209 381 ΑΝΩΝΥΜΟΥ

198 435 633 528 ΑΝΑΜΕΤΡῖΙΣΙΣ
656 476 781 522 ΤΗΣ
804 474 1208 522 ΟΙΚΟΥΜΕΝΗΣ
1234 475 1435 523 nutu:

618 570 746 606 xxm
777 569 1011 606 xmovm.

263 711 294 741 t.
324 692 417 752 Χρὴ
440 689 655 747 γινώσκειν
688 688 751 735 ὅτι
781 689 919 745 πάσης
944 693 1018 746 τῆς
1039 692 1115 750 γῆς
1137 692 1160 735 δ
1190 689 1435 754 περίμετρος

198 760 340 806 στάδιά
365 763 452 803 ἐστι
475 758 656 820 δισχίλια
676 757 747 804 καὶ
775 758 969 822 μυριάδες
991 757 1121 805 εἴκοσι
1139 758 1282 806 πέντε·
1301 763 1434 819 μῆκος

198 828 238 874 δὲ
258 832 329 883 τῆς
352 827 557 889 ἡμετέρας
577 826 823 888 οἰκουμένης
845 826 928 873 ἀπὸ
946 827 1151 888 στόματος
1175 828 1340 890 Γάγγου
1359 830 1435 882 ἕως

197 896 406 957 Γαδείρων
430 897 581 942 στάδια
613 896 918 959 ὀκτακισμύρια
941 897 1154 959 τρισχίλια
1190 896 1431 944 ὀκτακόσια·

163 981 182 1009 5
198 965 245 1011 τὸ
268 965 309 1011 δὲ
342 964 497 1017 πλάτος
531 964 614 1011 ἀπὸ
647 969 721 1021 τῆς
755 968 1001 1021 Αἰθιοπικῆς
1022 964 1233 1022 θαλάσσης
1254 965 1332 1019 ἕως
1358 971 1433 1014 τοῦ

195 1034 399 1087 Τανάϊδος
439 1039 628 1094 ποταμοῦ
664 1034 812 1080 στάδια
838 1034 1059 1097 τρισμύρια
1089 1035 1434 1098 πεντακισχίλια·

195 1102 241 1148 τὸ
260 1101 304 1148 δὲ
327 1102 480 1161 μεταξὺ
510 1102 728 1166 Εὐφράτου
763 1102 835 1148 καὶ
856 1101 1047 1165 Τίγριδος
1070 1108 1276 1165 ποταμοῦ,
1302 1105 1325 1151 ὃ
1347 1123 1435 1151 κα-

195 1172 328 1217 λεῖται
350 1169 695 1232 Μεσοποτάμιον,
717 1172 929 1232 διάστημα
954 1171 1042 1235 ἔχει
1067 1173 1245 1219 σταδίων
1268 1193 1433 1237 τρισχι-

194 1240 310 1289 λίων.
336 1241 504 1298 Ταύτην
523 1240 596 1298 τὴν
620 1242 898 1303 ἀναμέτρησιν
926 1242 1151 1298 πεποίηκεν
1184 1243 1432 1306 Ἐρατοσθέ·

135 1328 173 1357 ιυ
194 1328 266 1367 νης
290 1314 312 1356 ὁ
335 1314 415 1356 τῶν
451 1311 636 1374 ἀρχαίων
660 1310 1016 1371 μαθητικώτατος.

432 1533 524 1567 ΤΟΥ
555 1532 755 1566 ΠΟΝΤΟΥ
778 1533 810 1565 Ο
850 1531 1191 1566 ΠΕΡΙΜΕΤΡΟΣ.

258 1642 294 1672 2.
333 1626 431 1672 Ἀπὸ
454 1630 523 1672 τοῦ
566 1626 789 1680 Βυζαντίου
832 1628 886 1678 εἷς
924 1625 983 1671 rb·
1015 1624 1245 1673 Σωσθὲνιον
1284 1625 1433 1671 στάδια

195 1695 460 1756 ὀγδοήκοντα,
500 1695 618 1755 μίλια
644 1694 743 1740 δέκα
772 1694 843 1740 καὶ
868 1694 1016 1756 ἥμισυ·
1054 1694 1198 1740 ἀπὸδὲ
1231 1699 1304 1741 τοῦ
1329 1697 1434 1742 Σω-

195 1765 352 1811 σθενίου
376 1767 432 1817 εἰς
453 1765 500 1811 τὸ
520 1764 649 1826 Ἱερὸν
670 1765 818 1810 στάδια
834 1764 1164 1827 τεσσαράκοντα,
1181 1764 1300 1823 μίλια
1312 1764 1432 1810 πέντε

193 1833 348 1893 ἥμισυ·
368 1834 414 1879 τὸ
437 1841 520 1879 πᾶν
554 1835 673 1894 μίλια
705 1833 865 1886 δεκαέξ.
899 1833 999 1879 Ἀπὸ
1019 1833 1062 1877 δὲ
1086 1838 1156 1879 τοῦ
1176 1833 1305 1895 Ἱεροῦ
1338 1832 1433 1885 Διὸς

132 1915 173 1945 15
195 1901 349 1964 Οὐρίου
372 1903 464 1959 ἤτοι
488 1903 691 1963 στόματος
722 1907 795 1947 τοῦ
821 1901 982 1948 Πόντου
1006 1899 1082 1953 ἕως
1114 1905 1184 1947 τοῦ
1208 1903 1317 1963 ἱεροῦ
1335 1902 1433 1947 στό-

197 1988 327 2029 ματκ
341 1975 413 2017 τοῦ
429 1970 595 2034 Ἴστρου
612 1975 800 2030 ποταμοῦ
825 1970 971 2014 στάδια
1009 1968 1218 2031 τρισχίλια
1243 1968 1434 2021 ἑξακόσια

195 2040 642 2103 τεσσαράκοντα,μίλια
650 2039 893 2101 τετρακόσια
904 2037 1098 2098 ὀγδοήκον
1106 2058 1152 2083 τα
1163 2037 1282 2083 πέντε
1291 2038 1434 2096 ἥμισυ.

252 2171 549 2228 Subjungimus
574 2172 784 2227 Anonymi
803 2171 906 2213 alius
919 2179 1111 2226 excerpta
1136 2170 1325 2225 qua-dam
1345 2185 1438 2224 geo-

195 2235 408 2290 graphia,
434 2236 477 2276 in
493 2234 644 2290 quibus
662 2248 709 2275 ea
730 2248 822 2289 quae
843 2233 1038 2286 leguntur
1067 2232 1120 2273 de
1137 2231 1297 2273 ambitu
1317 2234 1437 2274 Ponti

196 2298 364 2347 Euxini,
393 2298 622 2353 principem
653 2296 791 2337 locum
822 2295 1028 2337 obtinent.
1055 2296 1230 2336 Exstant
1263 2295 1307 2335 in
1340 2295 1437 2336 Has-

196 2360 348 2400 niensis
376 2359 635 2401 bibliothecae
668 2358 813 2400 codiee
840 2358 970 2412 1985,
1008 2372 1059 2399 ex
1093 2371 1179 2412 quo
1201 2358 1254 2399 Ο.
1278 2358 1436 2399 Blochii

197 2435 323 2463 manu
346 2422 594 2478 transcripta
614 2422 775 2477 primus
800 2419 933 2461 edidit
961 2421 1009 2461 F.
1030 2421 1223 2461 Osannus
1252 2421 1268 2474 (
1289 2420 1439 2476 Dispu-

197 2485 297 2525 tatio
312 2483 364 2525 de
377 2483 524 2539 fragm.
537 2483 685 2539 peripli
702 2498 836 2537 graeco
850 2497 873 2523 e
887 2481 983 2524 cod.
998 2481 1124 2523 Hafn.
1137 2482 1267 2523 Gissae
1284 2484 1389 2537 1829
1403 2485 1436 2536 ),

196 2546 294 2587 hinc
311 2561 409 2588 vero
428 2548 683 2603 repetierunt
697 2546 856 2587 Gailius
875 2553 917 2586 et
935 2544 1230 2586 Hoffmannus.
1252 2546 1438 2587 Pretium

196 2618 486 2664 excerptorum
505 2609 589 2650 scre
609 2608 792 2658 nullum;
811 2622 908 2648 nam
927 2608 1025 2648 novi
1042 2622 1094 2648 ne
1110 2607 1241 2648 hilum
1268 2606 1438 2663 quidem

196 2671 316 2719 inest,
356 2679 397 2712 et
431 2685 523 2726 quae
558 2669 725 2712 aliunde
760 2670 992 2711 accuratius
1028 2669 1242 2720 novimus,
1286 2670 1329 2710 in
1359 2669 1439 2711 boc

196 2740 371 2773 centone
394 2734 541 2774 misere
563 2733 783 2788 depravata
800 2739 913 2774 sunt.

253 2798 276 2847 S
303 2807 340 2836 1.
365 2794 386 2834 ὁ
419 2796 748 2851 περίμετρος]
777 2815 793 2830 ι
817 2795 1120 2836 Recentissimae
1149 2795 1258 2835 aetati
1287 2794 1439 2836 adscri-

196 2855 380 2897 bendum
399 2871 486 2897 esse
503 2858 745 2911 scriptorem
762 2865 967 2907 nostrum,
992 2871 1041 2897 ex
1066 2857 1154 2911 ipso
1173 2855 1296 2911 hujus
1319 2872 1438 2899 voca·

194 2916 283 2959 buli
298 2932 375 2958 usu
393 2917 666 2959 demonstrari
694 2926 842 2973 potest,
868 2919 940 2972 qui
961 2932 984 2959 a
1012 2919 1228 2959 Graecitate
1250 2920 1437 2973 priorum

196 2981 440 3023 saeculorum
460 2995 631 3037 prorsus
650 2981 860 3022 abhowct.
893 2983 941 3020 In
964 2981 1113 3021 Leonis
1136 2981 1308 3021 Diaconi
1329 2984 1434 3024 Hist.

196 3043 316 3093 Vm,
333 3056 348 3083 1
369 3050 500 3083 exstat
521 3054 531 3084 :
550 3046 626 3083 τῶν
643 3043 784 3097 γείσων
805 3041 917 3089 αὐτὸς
932 3042 1174 3096 σχηματίσας
1196 3041 1263 3082 τὸν
1285 3046 1437 3099 περίμε.

197 3117 304 3159 τρον,
323 3103 394 3145 ubi
410 3102 546 3145 editor
567 3103 817 3145 clarissimus
839 3101 910 3154 τὴν
926 3104 1012 3144 sive
1034 3102 1078 3144 τὸ
1095 3103 1320 3158 περίμετρον
1337 3109 1437 3148 scri-

197 3166 241 3207 bi
262 3165 453 3208 malebat.
475 3169 572 3220 Quo
591 3167 729 3207 minus
743 3167 896 3207 Nostro
915 3165 1039 3207 simili
1066 3164 1258 3206 medendi
1281 3169 1438 3210 ratione

197 3228 527 3271 succurrendum
540 3229 733 3280 arbitrer,
759 3243 826 3270 me
844 3228 995 3270 retinet
1015 3227 1187 3269 inferior
1205 3227 1332 3279 locus,
1354 3245 1438 3285 quo

198 3292 295 3334 item
308 3291 330 3333 ὁ
345 3292 568 3348 περίμετρος
582 3291 774 3332 recurrit.
791 3291 877 3332 Nec
891 3288 1120 3346 quidquam
1133 3298 1292 3331 mutare
1306 3293 1437 3335 ausim

201 3355 242 3395 ln
267 3356 421 3396 Leone.
446 3374 463 3391 ι
484 3357 652 3398 Osann.
678 3355 693 3407 ΙΙ
712 3366 823 3394 —2.
847 3351 1075 3407 δισχίλια
1104 3351 1189 3393 καὶ
1209 3349 1438 3408 μυριάδες

134 3413 142 3421 ’
202 3415 362 3458 εἴκοσι
408 3418 521 3459 πέντ
535 3418 582 3472 ε]
620 3417 797 3471 μυριάδες
845 3414 1035 3470 δισχίλιαι
1067 3415 1272 3469 τριάκοντα
1309 3414 1432 3455 πέντε.

200 3478 325 3531 Quod
341 3488 402 3521 eet
421 3479 553 3520 nihili.
571 3480 682 3520 Bene
700 3485 860 3527 constat
879 3486 997 3519 terrae
1014 3476 1216 3519 ambitum
1238 3491 1320 3518 sec.
1342 3477 1439 3516 Era·

199 3540 399 3582 tosthenis
426 3542 669 3583 sententiam
691 3556 780 3582 esse
805 3538 1033 3582 stadiorum
1061 3541 1260 3591 252,ooo.
1298 3540 1438 3592 Quare

201 3602 326 3644 verba
358 3605 588 3659 transposui
617 3612 658 3645 et
680 3605 886 3659 τριάκοντα
917 3603 1076 3645 mutavi
1100 3603 1141 3644 in
1173 3601 1308 3644 εἴκοσι.
1337 3602 1354 3656 ΙΙ
1380 3625 1437 3632 -

201 3663 609 3721 4.ὃκτακισμῦρια
628 3666 884 3721 τρισχίλια
903 3664 1364 3721 ὀκτακόσιαῙόκτάκις
1378 3663 1438 3718 χί-

198 3725 267 3767 λια
284 3726 483 3783 τριακόσια
507 3725 610 3767 ὀκτώ
639 3728 790 3778 codex,
820 3729 848 3769 i.
870 3743 906 3768 e.
931 3743 954 3783 ῃ
971 3743 991 3768 ·.·
1006 3726 1060 3780 η’,
1086 3726 1197 3783 quod
1218 3723 1327 3768 liaud
1357 3724 1434 3766 ‹lu-

198 3788 266 3831 bie
286 3798 373 3831 erat
389 3789 444 3831 M.
456 3788 512 3843 η’,
525 3788 600 3845 γω’
617 3789 804 3844 (83800).
824 3791 1019 3831 Similiter
1033 3805 1208 3846 sequens
1222 3802 1433 3839 numerus,

199 3858 244 3891 ut
282 3849 334 3892 ad
368 3864 511 3892 verum
539 3850 721 3901 accedat,
746 3851 1105 3906 decemplicandus
1133 3859 1209 3893 est.
1243 3852 1437 3893 Ceterum

199 3911 305 3954 ultra
326 3911 674 3968 progrediendum
697 3926 783 3954 esse
816 3912 978 3953 videtur
1014 3921 1054 3955 et
1086 3927 1163 3969 pro
1192 3913 1357 3955 838000
1377 3924 1439 3952 re-

199 3974 463 4016 scribendum
509 3976 662 4029 73800.
691 3976 772 4016 Tot
808 3975 918 4015 enim
949 3975 1078 4017 stadia
1114 3974 1211 4017 inde
1235 3975 1287 4016 ab
1310 3971 1437 4015 Indiae

199 4038 454 4078 extremitate
491 4038 677 4080 orientali
711 4037 762 4079 ad
793 4039 1013 4079 tcrtnintnn
1043 4040 1219 4094 Europae
1244 4036 1437 4079 occiden-

1787 280 2471 394 ANONYMI

1546 477 1836 526 MENSURA
1868 481 2088 529 TOTlUS
2121 482 2451 535 HABITATAE
2481 488 2701 535 TERRAE
2757 522 2766 531 .

1886 578 2151 613 sumtum
2182 582 2329 613 nuti.

1563 716 1600 744 ι.
1649 705 1835 747 Sciamus
1867 715 2032 762 oportet
2080 709 2205 749 totius
2253 708 2365 750 orbis
2418 710 2619 754 ambitum
2657 727 2744 755 esse

1502 783 1732 827 stadiorum
1752 786 1941 839 252000;
1960 787 2261 843 longitudinem
2294 799 2432 831 autem
2457 799 2606 833 nostra:
2628 792 2744 835 habi-
2771 809 2780 823 ι

1504 871 1597 906 tatae
1619 874 1739 908 terrae
1761 882 1785 909 a
1806 869 1962 922 Gangis
1992 870 2099 911 ostio
2118 884 2248 926 usque
2273 871 2324 912 ad
2351 871 2489 913 Gades
2516 871 2744 916 stadiorum
2798 925 2803 933 .

1505 945 1646 988 83800
1673 946 1871 1002 [7380οΡ
1889 948 1928 1003 ];
1956 955 1997 988 et
2014 947 2276 992 latitudinem
2301 951 2354 993 ab
2385 951 2618 1008 AEthiopico
2642 954 2746 995 mari

1502 1026 1556 1069 ad
1595 1029 1771 1070 Tanaim
1809 1029 1981 1071 fluvium
2019 1029 2247 1074 stadiorum
2285 1035 2435 1078 35000.
2479 1036 2745 1078 Intervallum

1504 1102 1558 1144 ab
1580 1103 1793 1160 Euphrate
1814 1103 1866 1146 ad
1895 1106 2071 1160 Tigrim,
2095 1107 2208 1163 quod
2238 1118 2407 1152 vocatur
2428 1112 2742 1168 Mesopotamia,

1506 1172 1614 1215 3000
1635 1171 1778 1216 stadiis
1799 1183 1975 1217 constat.
2002 1178 2141 1230 Quam
2176 1180 2511 1234 supputationem
2532 1181 2626 1223 fecit
2647 1184 2746 1224 Era-

1504 1250 1728 1302 tosthenes,
1768 1252 1876 1293 inter
1906 1261 2062 1294 veteres
2087 1254 2385 1297 mathematica:
2417 1255 2617 1299 doctrinae
2637 1262 2742 1315 peri-

1503 1325 1700 1367 tissimus.

1923 1533 2069 1576 Pom-1
2100 1545 2331 1578 Amanus.

1565 1657 1605 1684 2.
1635 1647 1672 1686 A
1689 1645 1885 1700 Byzantio
1899 1644 1952 1686 ad
1972 1646 2236 1688 Sosthenium
2258 1647 2390 1690 stadia
2416 1651 2485 1700 80,
2509 1650 2618 1692 milia
2637 1665 2685 1694 ιο
2702 1657 2743 1707 -25

1504 1747 1528 1774 a
1549 1733 1768 1775 Sosthenio
1786 1732 1838 1775 ad
1860 1735 2019 1775 Fanum
2043 1734 2174 1777 stadia
2197 1738 2266 1786 4ο,
2290 1736 2402 1778 milia
2426 1736 2448 1779 5
2469 1740 2483 1792 ζ
2496 1754 2507 1789 ;
2528 1739 2569 1780 in
2586 1753 2747 1783 summa

1505 1821 1616 1863 milia
1652 1826 1717 1864 16.
1754 1825 1791 1864 A
1822 1823 1937 1864 Fano
1966 1824 2081 1864 Jovis
2115 1825 2206 1865 Urii
2241 1826 2326 1866 sive
2354 1825 2407 1867 ab
2439 1841 2511 1868 ore
2539 1830 2662 1870 Ponti
2694 1829 2748 1872 ad

1505 1911 1676 1951 Sacrum
1708 1911 1860 1952 ostium
1892 1912 1985 1952 Istri
2010 1911 2124 1953 ssuvii
2147 1911 2277 1954 stadia
2310 1914 2434 1965 3640,
2468 1914 2579 1957 milia
2602 1917 2681 1966 485
2708 1921 2742 1968 ξ.

1507 2173 1628 2213 talem
1647 2187 1698 2213 ex
1717 2173 1989 2214 Eratosthene
2013 2173 2123 2229 apud
2142 2174 2386 2217 Strabonem
2412 2190 2453 2232 p.
2473 2180 2525 2227 64
2548 2177 2748 2232 colligun-

1507 2242 1591 2275 tur.
1615 2234 1756 2276 Verba
1775 2233 1850 2276 ἀπὸ
1863 2235 2018 2290 Γάγγου
2042 2236 2113 2284 ἕως
2131 2235 2321 2292 Γαδείρων
2340 2252 2423 2279 non
2442 2247 2540 2281 sunt
2557 2253 2748 2295 premen-

1506 2295 1574 2336 da.
1600 2295 1786 2337 Isidorus
1801 2296 1854 2338 ab
1870 2296 1991 2338 India
2010 2295 2062 2338 ad
2081 2297 2218 2339 Gades
2237 2301 2493 2355 computavit
2510 2301 2621 2344 milia
2636 2304 2691 2357 98
2700 2305 2748 2346 ι8

1508 2358 1737 2413 (ε73544
1768 2358 1874 2400 stad.
1897 2360 1914 2413 )
1936 2373 2018 2400 sec.
2050 2359 2158 2402 Plin.
2178 2362 2235 2410 Π,
2260 2375 2353 2403 112.
2373 2362 2497 2405 Mitto
2513 2371 2687 2407 oetoeos.
2727 2367 2744 2419 ΙΙ

1505 2444 1561 2451 -
1574 2424 1613 2462 6.
1630 2421 1800 2477 τρισμῦ
1815 2436 1889 2477 ρια
1909 2423 2328 2479 πεντακισχίλια]
2349 2425 2545 2480 τρισχίλια
2560 2427 2748 2469 πεντακό-

1507 2497 1570 2522 σια
1588 2482 1736 2524 codex.
1767 2484 1882 2524 Inter
1916 2497 1963 2524 ea
1999 2498 2091 2539 quae
2116 2483 2169 2526 de
2201 2486 2405 2527 mensuris
2427 2487 2750 2535 Eratosthenicis

1506 2545 1654 2586 Strabo
1673 2546 1871 2596 enotavit,
1895 2545 1997 2587 nihil
2017 2547 2073 2587 ita
2087 2555 2148 2588 est
2168 2548 2456 2598 constitutum,
2480 2557 2527 2590 ut
2548 2549 2749 2592 terminus

1506 2606 1559 2647 ad
1587 2622 1711 2663 quem
1737 2616 1918 2663 ponatur
1936 2609 2088 2650 Tanais
2123 2609 2288 2651 fluvius.
2314 2611 2475 2652 Verum
2493 2625 2543 2652 ex
2567 2613 2747 2654 Artemi·

1505 2667 1611 2709 doro
1628 2669 1785 2711 Plinius
1799 2671 1855 2720 11,
1879 2683 1894 2710 ι
1907 2683 1955 2710 12
1974 2672 1998 2723 S
2019 2669 2099 2718 245
2123 2670 2248 2712 refert
2267 2670 2364 2713 inde
2377 2686 2401 2713 a
2417 2673 2498 2713 situ
2518 2672 2749 2716 meridiano

1506 2745 1638 2787 usque
1653 2731 1707 2773 ad
1725 2732 1878 2773 ostium
1893 2730 2091 2773 Tanaidis
2112 2733 2248 2788 putari
2279 2733 2390 2775 milia
2409 2734 2520 2789 4390
2540 2753 2590 2773 -.
2612 2735 2749 2778 35120

1505 2793 1651 2835 stadia.
1686 2793 1923 2836 Secundum
1956 2794 2273 2836 Eratosthenem
2301 2794 2353 2837 ab
2384 2804 2593 2852 aequatore
2618 2810 2749 2854 usque
2803 2848 2808 2852 ·

1506 2854 1559 2897 ad
1573 2856 1871 2913 Borysthenem
1890 2855 2025 2897 forent
2040 2855 2146 2899 stad.
2172 2858 2325 2912 34900.
2345 2859 2361 2912 ll
2388 2882 2444 2890 -
2459 2860 2502 2902 8.
2519 2858 2750 2902 Μεσοποτα·
2790 2855 2808 2914 j

1508 2933 1582 2973 μον
1598 2917 1753 2970 codex3
1778 2919 2033 2959 em.Osann.
2055 2918 2072 2973 ΙΙ
2090 2942 2147 2949 -
2164 2920 2205 2960 8.
2223 2918 2510 2974 τρισχιλίων
2529 2921 2545 2977 ]
2563 2921 2654 2966 noc
2673 2929 2750 2964 tra·

1506 2979 1550 3021 di
1579 2988 1755 3036 poterat,
1787 2994 2038 3036 quamquam
2057 2996 2141 3022 non
2171 2980 2388 3024 tradidisse
2411 2981 2576 3024 videtur
2599 2984 2747 3025 Erato·

1506 3042 1686 3084 sthenes.
1709 3043 1857 3085 Strabo
1880 3057 1922 3099 p.
1948 3046 2057 3097 746:
2082 3042 2127 3085 τὸ
2149 3042 2216 3099 μὲν
2239 3040 2307 3084 οὖν
2336 3045 2518 3100 μέγιστον
2532 3045 2556 3086 ὃ
2572 3043 2749 3102 &plorav-

1507 3119 1568 3145 ται
1594 3105 1606 3161 (
1631 3105 1861 3160 Euphrates
1882 3114 1923 3146 ct
1954 3106 2090 3159 Tigris
2112 3106 2125 3161 )
2158 3106 2350 3160 διάστημα
2380 3105 2444 3148 ἀπ’
2475 3105 2678 3159 ἀλλήλων,
2699 3108 2744 3150 τὸ

1506 3167 1599 3222 πρὸς
1627 3169 1709 3214 τοῖς
1744 3167 1868 3221 ὄρεσίν
1904 3166 1982 3207 ἔστι
1999 3183 2007 3191 ·
2032 3170 2147 3208 τοῦτο
2173 3168 2208 3207 δ’
2240 3168 2285 3207 ἂν
2310 3166 2368 3220 εἴη
2390 3167 2434 3209 τὸ
2461 3167 2553 3210 αὗτδ
2577 3169 2668 3225 ὅπερ
2695 3169 2747 3212 εἴ·

1507 3244 1620 3284 ρηκεν
1649 3227 1927 3283 Ἐρατοσθένης
1948 3228 1992 3270 τὸ
2023 3228 2097 3270 ἀπὸ
2117 3229 2348 3284 θαψάκου...
2383 3230 2585 3285 δισχιλίων
2614 3246 2747 3288 τιτρα-

1506 3289 1662 3330 κοσίων.
1691 3291 1708 3344 ΙΙ
1729 3313 1784 3321 -
1808 3303 1870 3331 ιο.
1903 3305 1965 3345 μα
1979 3291 2031 3343 οη
2046 3306 2067 3332 τ
2080 3292 2163 3332 ικώ
2176 3307 2195 3332 τ
2208 3307 2230 3331 α
2244 3307 2264 3333 τ
2277 3308 2297 3333 ο
2310 3309 2325 3341 ς
2340 3294 2354 3348 ]
2371 3292 2511 3334 Malim
2528 3293 2747 3351 μαθηματι-

1507 3354 1691 3400 κώτατος.

1562 3418 1585 3468 S
1615 3429 1656 3457 2.
1689 3418 1793 3468 Quoe
1825 3425 2055 3471 sequuntur
2097 3416 2150 3458 dc
2184 3418 2305 3459 Ponti
2341 3419 2544 3460 mensuris
2574 3432 2745 3476 prorsus

1506 3477 1771 3518 consentiunt
1792 3491 1886 3519 cum
1915 3479 1963 3519 iis
1999 3493 2091 3534 qua:
2122 3493 2189 3535 ap.
2210 3483 2476 3536 Anonymum
2499 3479 2746 3524 anteceden-
2779 3490 2782 3495 ’

1508 3546 1589 3579 tem
1610 3538 1737 3580 modo
1754 3538 1939 3594 legimus.
1964 3542 2012 3582 ln
2033 3543 2056 3594 S
2079 3541 2101 3581 5
2124 3541 2184 3583 vel
2200 3541 2360 3596 singula
2381 3540 2465 3583 sere
2485 3541 2608 3586 verba
2635 3540 2745 3599 apud

1507 3609 1730 3657 utrumque
1747 3610 1844 3643 sunt
1861 3601 2021 3644 eadem.
2049 3601 2171 3645 Haud
2199 3611 2334 3645 tamen
2355 3602 2529 3644 alterum
2546 3617 2596 3645 ex
2619 3602 2747 3647 altero
2774 3634 2775 3638 ,

1507 3678 1580 3705 sua
1603 3664 1921 3720 transcripsisse,
1942 3662 2013 3706 sed
2037 3678 2302 3707 communem
2317 3663 2456 3721 potius
2477 3663 2632 3706 sontem
2648 3663 2748 3707 subo
2766 3699 2773 3719 .=

1507 3738 1608 3775 csse,
1641 3726 1763 3767 etiam
1791 3724 1888 3767 inde
1910 3725 2089 3781 colligas,
2122 3725 2236 3782 quod
2272 3726 2433 3768 milium
2462 3728 2745 3769 Romanorum

1508 3796 1643 3841 lun-tes
1674 3788 1755 3829 alio
1789 3786 1916 3829 modo
1938 3787 2021 3839 hic,
2045 3787 2125 3830 alio
2154 3788 2219 3830 ille
2237 3796 2477 3844 computare
2503 3787 2621 3830 solet.
2655 3790 2671 3842 ΙΙ
2690 3809 2747 3821 -

1514 3862 1578 3891 ιι.
1623 3864 1678 3891 το
1729 3850 2033 3904 Σωσθένιον]
2071 3850 2139 3892 τὸν
2184 3852 2251 3892 νῦν
2291 3849 2509 3906 λεγομένην
2542 3849 2757 3904 ὶίιισίΜνψζι

1508 3910 1526 3962 (
1544 3909 1716 3967 λιμένα)
1740 3914 1949 3967 Anonym
1970 3913 1994 3965 S
2023 3913 2094 3966 89.
2120 3911 2354 3954 Σωσθένειον
2379 3910 2506 3954 scribi
2527 3910 2623 3952 velit
2645 3909 2753 3966 Gaii»⁴

1508 3972 1607 4021 lius;
1642 3981 1683 4014 at
1715 3972 1927 4015 Σωσθίνιον
1959 3973 2112 4029 liabent
2152 3974 2273 4015 etiam
2302 3976 2454 4015 Joann.
2488 3966 2757 4015 Ant.sr.15

1513 4033 1526 4089 (
1555 4035 1602 4075 1⁴.
1628 4036 1681 4076 ll.
1710 4037 1784 4086 IV,
1810 4050 1851 4091 p.
1880 4037 1986 4090 548)
2005 4043 2045 4077 et
2070 4034 2283 4077 Cetltcnus
2306 4050 2348 4092 p.
2374 4048 2470 4078 ato.
2763 4043 2767 4046 ’
