2782 4348
110 151 268 218 (⁴⁹›'⁵⁰·)

107 260 297 321 ρωτάτη,
342 260 411 306 καὶ
450 257 697 320 βοσκήματα
734 259 833 319 παρ’
866 259 999 309 αὐτοῖς
1030 257 1116 302 ἐστὶ
1149 259 1220 304 καὶ
1258 259 1328 318 μέ-

109 346 230 388 γιστα
255 329 325 374 καὶ
348 328 542 373 πλεῖστα·
564 325 636 371 καὶ
656 324 769 370 αὐτοὶ
787 325 1087 370 πλουσιώτατοι
1113 326 1211 385 (καὶ
1226 327 1333 372 κοίλ-

104 399 233 443 λιστοι
248 400 280 456 ).
346 395 467 443 Μετὰ
490 395 531 440 δὲ
554 393 629 448 τὴν
650 393 802 455 Σύρτιν
821 393 974 450 ταύτην
999 395 1204 447 Νεάπολίς
1226 397 1330 442 ἐστι.

104 466 360 527 Παράπλους
395 461 437 508 δὲ
461 461 541 506 ἀπὸ
565 461 815 522 Ἀδρύμητος
839 461 906 507 ἐπὶ
937 463 1048 509 Νέαν
1072 463 1191 508 πόλιν
1227 464 1332 523 ἡμέ-

106 553 177 596 ρας
209 532 308 580 ἐστί.
374 530 494 576 Μετὰ
531 529 573 575 δὲ
604 531 715 577 Νέαν
748 530 865 576 πόλιν
903 531 1088 593 Ἑρμαία
1123 532 1229 593 ἄκρα
1263 531 1334 577 καὶ

100 602 230 652 πόλις.
300 599 552 662 Παράπλους
597 599 683 645 ἀπὸ
711 599 821 651 Νέας
852 599 1008 652 πόλεως
1043 602 1097 652 εἷς
1124 600 1332 662 Ἑρμαίαν

99 669 255 732 ἡμέρας
294 668 365 714 καὶ
399 667 597 728 ἡμίσεως.
663 668 764 714 Ἀπὸ
802 668 844 713 δὲ
879 668 989 721 Νέας
1029 667 1187 720 πόλεώς
1224 671 1332 714 ἔστιν

101 740 155 790 εἷς
193 737 337 797 ἰσθμὸν
374 738 521 783 στάδια
557 738 624 800 ρπ’
655 741 758 800 πεζῇ
784 738 887 799 πρὸς
920 738 993 793 τὴν
1014 737 1161 800 ἑτέραν·
1180 737 1333 783 θάλασ-

101 825 175 853 σαν
210 807 283 862 τὴν
320 807 419 869 πρὸς
455 806 724 870 Καρχηδόνα.
794 804 919 854 Ἔστι
958 806 1000 852 δὲ
1038 807 1167 863 ἀκτὴ,
1198 806 1247 852 δι’
1277 805 1328 864 ἧς

99 877 242 937 ἰσθμός
264 880 362 924 ἐστι.
431 878 690 940 Παράπλους
715 877 888 924 ἀπὸτοῦ
921 883 1110 938 ποταμοῦ
1145 879 1328 923 ἐντεῦθεν

101 948 156 997 εἷς
186 946 439 1008 Καρχηδόνα
472 946 602 1006 ἥμισυ
625 948 796 1009 ἡμέρας.
864 946 916 993 Ἥ
962 947 1003 992 δὲ
1033 947 1332 1010 Καρχηδονίων

67 1056 72 1059 .
98 1014 216 1077 χώρα
240 1011 348 1060 ἔστὶν
370 1017 409 1060 ἐν
432 1017 591 1079 κόλπῳ.

162 1100 235 1130 111.
277 1088 566 1131 ΚΑΡΧΗΔΩΝ.
602 1087 722 1132 Μετὰ
757 1085 797 1130 δὲ
823 1084 891 1130 τὸν
923 1085 1066 1145 ἰσθμὸν
1093 1086 1329 1147 Καρχηδών

100 1155 206 1209 ἔστι,
246 1154 362 1204 πόλις
412 1154 618 1200 Φοινίκων
654 1154 724 1199 καὶ
755 1153 895 1213 λιμήν.
965 1154 1219 1217 Παράπλους
1250 1154 1332 1198 ἀπὸ

103 1221 310 1284 Ἑρμαίοις
335 1222 464 1281 ἥμισυ
489 1223 645 1285 ἡμέρας
681 1225 735 1274 εἷς
762 1222 1026 1285 Καρχηδόνα.
1096 1220 1265 1269 ’Έπεισι
1290 1222 1332 1268 δὲ

100 1291 222 1346 νησία
247 1293 287 1335 ἐν
315 1295 366 1352 τῇ
393 1290 577 1354 Ἑρμαίᾳ
603 1291 732 1354 ἄκρᾳ,
755 1291 912 1338 Ποντία
933 1295 1054 1346 ν’ῆσος
1088 1291 1159 1336 καὶ
1194 1290 1329 1337 Κόσυ·

101 1378 181 1419 ρος.
253 1361 390 1411 Πλοῦς
426 1360 467 1404 δὲ
494 1360 576 1405 ἀπὸ
616 1360 824 1421 Ἑρμαίας
848 1360 915 1406 ἐπὶ
940 1361 1126 1423 Κόσυρον
1157 1360 1330 1423 ἡμέρας.

98 1422 197 1468 Ἀπὸ
230 1421 432 1482 Ἑρμαίας
467 1421 595 1483 ἄκρας
617 1423 718 1484 πρὸς
747 1422 862 1478 ἥλιον
895 1422 1118 1485 ἀνίσχοντα
1141 1422 1164 1485 ss:
1185 1422 1328 1485 μικρὸν

98 1491 177 1535 ἀπὸ
219 1489 456 1553 Ἑρμαίοις]
492 1491 570 1536 εἶσὶ
607 1496 724 1547 ν’ῆσοι
751 1498 858 1553 τρεῖς
890 1492 1033 1554 μικραὶ
1061 1493 1168 1537 κατὰ
1189 1496 1328 1551 τοῦτο,

94 1559 171 1603 ὑπὸ
197 1560 492 1621 Καρχηδονίων
527 1560 777 1619 οἰκούμεναι·
803 1561 965 1617 Μελίτη
1008 1561 1125 1612 πόλις
1149 1561 1219 1606 καὶ
1257 1563 1327 1606 λι-

95 1629 193 1688 μὴν,
219 1631 376 1680 Γαῦλος
408 1629 549 1689 πόλις,
578 1629 785 1690 Λαμπάς·
806 1628 910 1685 αὕτη
935 1629 1112 1692 πύργους
1138 1629 1223 1691 ἔχει
1255 1631 1326 1676 δύο

93 1696 120 1751 ἢ
144 1705 265 1759 τρεῖς.
335 1697 436 1744 Ἀπὸ
461 1698 503 1743 δὲ
525 1699 713 1761 Κοσύρου
740 1699 807 1743 ἐπὶ
832 1698 1055 1744 Λιλύὸαιον
1075 1698 1327 1760 ἀκρωτήριον

102 1766 295 1818 Σικελίας
341 1768 467 1819 πλοῦς
505 1767 661 1830 ἡμέρας
721 1775 832 1827 μιᾶς.
911 1767 1035 1815 Μετὰ
1073 1769 1326 1830 Καρχηδόνα

93 1835 234 1892 Ἰτύκη
258 1836 374 1888 πόλις
394 1838 464 1881 καὶ
483 1838 624 1896 λιμήν.
696 1838 950 1900 Παράπλους
973 1839 1015 1882 δὲ
1041 1837 1120 1883 ἀπὸ
1147 1840 1327 1900 Καρχη-

95 1904 204 1955 δόνος
224 1908 277 1957 εἷς
300 1905 464 1962 Ἰτύκην
487 1914 581 1966 μιᾶς
601 1907 776 1969 ἡμέρας.
847 1907 946 1954 Ἀπὸ
970 1906 1134 1963 Ἰτύκης
1170 1906 1327 1953 Ἵππου

92 1972 220 2035 Ἄκρα
257 1973 344 2036 [ἢ]
391 1973 547 2022 Ἱππὼν
578 1975 718 2034 πόλις,
746 1977 815 2021 καὶ
845 1976 969 2036 λίμνη
997 1977 1059 2021 ἐπ’
1083 1979 1186 2038 αὐτῇ
1219 1976 1327 2032 ἐστὶ,

92 2109 265 2163 κεινα]
287 2108 394 2150 ὓπεκ.
421 2109 516 2150 cod.
544 2111 559 2164 Η
583 2135 639 2141 -—
667 2111 747 2152 καὶ
768 2111 1066 2166 κάλλιστοι]
1099 2129 1114 2149 «
1138 2113 1230 2152 Hoc
1257 2111 1329 2151 de-

91 2170 261 2211 lendum
276 2181 349 2212 est.
378 2190 393 2210 »
416 2174 603 2213 Vossius.
629 2175 644 2227 ll
664 2199 720 2204 —
733 2174 863 2215 Νεάπ
876 2175 934 2214 ολ
949 2176 1007 2228 ις]
1026 2174 1151 2214 hodie
1171 2174 1328 2216 Nabal.

91 2234 146 2272 V.
178 2234 323 2274 Strabo
345 2249 387 2289 p.
417 2235 513 2284 834,
536 2235 710 2276 Ptolem.
733 2238 811 2286 IV,
838 2237 860 2276 3
885 2251 928 2291 p.
958 2237 1064 2286 3623
1091 2236 1191 2277 Itin.
1227 2240 1327 2276 Ant.

92 2307 134 2348 p.
170 2294 236 2336 56.
266 2295 331 2336 Ab
365 2295 596 2336 Adrumeto
620 2297 743 2337 distat
769 2301 850 2346 460
878 2299 1041 2338 circiter
1074 2298 1215 2338 stadiis
1247 2298 1331 2338 sive

94 2356 213 2396 unius
236 2356 317 2396 diei
344 2357 616 2410 navigatione.
644 2361 782 2410 Quare
813 2358 955 2414 ἡμέρας
976 2358 1058 2400 ἐστὶ
1080 2359 1224 2414 scripsi
1253 2372 1331 2413 pro

91 2416 243 2472 ἡμερῶν
275 2418 334 2458 οῖ’
365 2418 458 2459 cod.
483 2421 630 2470 Paris„
662 2420 814 2475 ἡμερῶν
846 2421 882 2462 τ’
906 2421 999 2462 cod.
1045 2422 1181 2462 Vatic.
1227 2421 1241 2474 ΙΙ
1274 2445 1331 2452 -

93 2478 165 2526 εἰς
196 2479 268 2520 ἰσθ
286 2496 312 2534 μ
323 2480 344 2520 ὸ
356 2495 374 2520 ν
390 2482 404 2535 ]
424 2482 659 2522 Dicendum
675 2492 762 2523 erat
778 2483 841 2522 ’διὰ
858 2482 1009 2538 ἰσθμοῦ.
1025 2483 1196 2523 Inclusit
1208 2483 1330 2523 verba

92 2542 262 2583 Gailius.
306 2544 321 2596 Η
360 2567 417 2574 —-
449 2542 542 2584 ἀπὸ
577 2547 664 2584 τοῦ
694 2547 987 2600 ποταμοῦ],
1022 2544 1140 2599 cujus
1175 2545 1330 2585 mentio

91 2604 134 2644 in
162 2613 317 2645 antece.
354 2605 519 2646 excidit.
561 2607 737 2660 Intelligi
775 2608 930 2647 flumen
960 2606 1156 2648 Catedam
1189 2607 1326 2660 (Ptol.

90 2679 133 2720 p.
160 2671 256 2717 262,
283 2668 304 2706 3
322 2669 338 2720 >
361 2682 490 2722 prope
508 2669 713 2709 Tunetam
733 2678 954 2710 exeuntem
973 2677 1112 2709 censet
1144 2669 1300 2709 Gailius
1315 2699 1326 2719 ‚

91 2727 204 2768 haud
228 2729 519 2783 probabilitcr3
547 2731 580 2770 is
603 2732 739 2785 potius
763 2732 912 2772 ssuvius
934 2746 1020 2771 esse
1042 2731 1166 2771 debet
1188 2732 1259 2785 qui
1278 2731 1329 2771 ad

91 2792 225 2846 ipsum
242 2793 441 2832 isthmum
459 2794 500 2832 in
518 2795 676 2848 mappis
695 2803 887 2843 notatur;
906 2809 1058 2834 nomen
1071 2793 1157 2848 ejus
1174 2795 1326 2834 nescio.

149 2857 170 2906 S
195 2869 287 2895 111.
320 2855 600 2911 Φοινίκων]
635 2857 821 2897 Φοιάλων
846 2856 959 2907 cod.;
991 2871 1073 2897 em.
1107 2856 1214 2897 Gaii.
1239 2857 1254 2909 [l
1275 2880 1331 2887 —

92 2916 235 2970 ἥμισυ
261 2916 284 2968 ἢ
301 2918 352 2972 μέ
366 2932 442 2971 ρας
461 2918 475 2972 ]
495 2918 560 2958 Ab
582 2920 773 2959 Hermaeo
792 2919 1082 2972 Carthaginem
1111 2919 1220 2957 circa
1253 2918 1331 2960 300

95 2977 220 3018 stadia
242 2988 352 3028 sunt,
380 2980 421 3018 in
443 2993 533 3033 quae
560 2983 656 3022 satis
676 2980 851 3035 quadrat
875 2980 1081 3020 dimidiati
1110 2978 1192 3019 diei
1216 2981 1329 3020 navi-

94 3041 214 3093 gatio.
250 3042 264 3094 Η
292 3066 348 3072 -
378 3042 560 3082 Ποντία
593 3045 764 3098 νῆσος]
800 3045 963 3084 Nomen
993 3042 1135 3094 insulae
1165 3041 1331 3082 aliunde

95 3116 178 3141 non
205 3111 366 3143 notum.
406 3104 728 3145 Slouthouverus
759 3119 837 3159 pro
878 3105 999 3160 ἄκρα,
1030 3104 1176 3144 Ποντία
1207 3104 1328 3144 scribi

95 3163 223 3203 voluit
243 3165 467 3219 Δρακοντία.
493 3166 647 3207 Probat
662 3167 834 3207 Gallius.
864 3169 919 3208 At
946 3166 1175 3221 Δρακόντιος
1198 3168 1327 3217 νῆσος,

96 3238 220 3277 quam
233 3227 474 3284 Ptolemaeus
494 3230 570 3279 IV,
591 3230 613 3270 3
637 3244 680 3284 p.
713 3243 789 3284 271
812 3238 1029 3280 memorat,
1048 3244 1070 3270 e
1088 3230 1254 3283 regione
1271 3237 1331 3268 est

97 3287 297 3340 Hipponis
318 3289 447 3339 urbis,
465 3291 538 3331 ubi
558 3306 670 3332 nunc
688 3301 784 3332 sunt
805 3292 904 3333 Cani
918 3293 1075 3333 insulae.
1094 3293 1192 3332 Haec
1206 3292 1331 3345 igitur

97 3346 147 3386 ad
166 3361 238 3387 nos
253 3350 455 3402 pertinere
470 3352 703 3407 vix'potest.
720 3354 870 3394 Pontia
888 3354 1062 3409 Scylacis
1083 3353 1226 3394 eadem
1245 3368 1331 3393 esse

99 3407 220 3448 debet
240 3423 329 3462 quae
350 3411 436 3452 aliis
454 3423 625 3454 vocatur
640 3414 847 3470 Αἰγίμορος
878 3417 938 3456 vel
962 3415 1140 3471 Αἰγίμιος
1160 3416 1293 3469 (Ptol.
1313 3417 1329 3468 )

100 3469 159 3508 vel
184 3469 409 3525 Αἰγίμουρος
433 3475 611 3526 (Strabo
629 3491 673 3530 p.
698 3478 792 3517 123.
818 3491 914 3531 277.
938 3479 1040 3529 834;
1059 3479 1166 3519 Plin.
1190 3480 1245 3528 V,
1273 3493 1296 3532 7
1317 3494 1327 3527 ;

101 3533 192 3571 Liv.
215 3533 351 3583 XXX,
375 3537 426 3582 24
444 3537 485 3588 );
519 3552 630 3578 nunc
652 3539 910 3593 Al-Djamar
930 3541 993 3580 vel
1022 3545 1059 3580 Ζ
1065 3541 1211 3581 imbra.
1236 3541 1251 3594 ll
1276 3565 1332 3571 —

98 3594 192 3633 Kos
205 3610 283 3648 υρο
296 3611 311 3641 ς
330 3596 345 3650 ]
376 3610 487 3637 nunc
513 3601 789 3642 Pcmtellaria.
813 3603 869 3642 V.
889 3604 1054 3643 Movcrs
1071 3604 1099 3644 l.
1118 3604 1145 3644 l.
1163 3618 1206 3658 p.
1233 3605 1328 3645 360.

104 3658 119 3709 ΙΙ
139 3681 194 3686 -
212 3656 363 3697 Μελίτ
376 3673 398 3709 η
416 3659 430 3712 ]
450 3661 512 3698 De
535 3661 777 3702 Phoenicum
792 3664 835 3703 in
851 3664 989 3704 Malta
1007 3662 1047 3704 et
1066 3668 1203 3706 Gozzo
1220 3666 1331 3705 insu-

98 3717 146 3757 lis
170 3718 342 3758 coloniis
374 3719 468 3760 vide
501 3722 747 3776 amplissime
781 3733 1052 3778 exponentem
1079 3728 1330 3767 Moversium

98 3790 141 3833 p.
168 3779 247 3819 352
279 3793 368 3834 sqq.
396 3780 411 3833 ΙΙ
438 3804 494 3810 -
511 3782 732 3838 Λαμπὰς]
768 3784 867 3825 hod.
902 3786 1186 3841 Lampcdascs.
1222 3788 1332 3829 Alibi

98 3855 164 3895 ap.
196 3849 292 3881 vett.
318 3856 401 3881 non
433 3841 597 3883 videtur
628 3847 862 3886 memorari.
882 3847 1068 3888 Palmerii
1098 3849 1331 3903 conjectura

99 3902 269 3942 sortasse
291 3903 368 3956 leg.
391 3918 477 3944 csse
500 3906 750 3960 Λαμπεῧούςη
773 3907 835 3948 vel
855 3910 1089 3962 Δεπαδούςη,
1112 3920 1153 3951 et
1171 3912 1331 3966 πύρσους

100 3977 176 4018 pro
207 3966 384 4020 πύργους,
423 3966 535 4007 facile
571 3982 769 4009 caremus.
813 3971 828 4023 Η
869 3995 925 4001 -
945 3970 1095 4025 Ἰτύκηνι
1113 3975 1127 4028 ]
1167 3975 1327 4015 Nomen

1214 159 1521 205 PERIPLUS.
2571 184 2631 220 so

1399 274 1495 306 sunt
1515 266 1683 306 maximi
1697 273 1738 306 et
1748 266 1914 320 plurimi
1925 281 1936 316 ;
1947 266 2089 307 incolae
2106 282 2201 308 vero
2214 268 2399 312 ditiss1mi
2419 273 2630 328 (pulcher-

1399 339 1576 393 rimique
1591 341 1623 392 ).
1683 340 1781 380 Post
1794 339 1901 380 hanc
1919 339 2057 394 Syrtin
2074 348 2138 380 est
2152 341 2355 395 Neapolis.

1401 410 1482 449 ctio
1496 410 1548 449 ab
1566 409 1790 465 Adrymete
1805 410 1857 451 ad
1870 410 2085 465 Neapolim
2097 409 2178 450 diei
2194 419 2268 451 est.

2417 347 2631 389 Praeterve-

2329 415 2425 454 Post
2435 417 2631 471 Neapolin

1400 492 1460 524 est
1482 485 1718 524 Hermaeum
1739 485 2074 539 promontorium
2096 492 2136 524 et
2157 485 2271 525 urbs.
2304 488 2585 531 Praetervectio
2608 508 2631 533 a

1399 558 1571 612 Neapoli
1580 572 1709 612 usque
1719 558 1772 599 ad
1782 557 2019 599 Hermaeum
2038 566 2098 599 est
2112 558 2193 599 diei
2218 561 2338 599 unius
2354 575 2401 601 ac
2415 561 2630 606 dimidiati.

1401 635 1438 674 A
1459 631 1628 687 Neapoli
1643 646 1718 687 per
1736 633 1934 673 isthmum
1948 632 2129 688 pedestri
2142 634 2287 673 itinere
2302 634 2431 676 stadia
2444 646 2540 678 sunt
2559 652 2574 678 1
2584 641 2637 680 80

1401 721 1531 762 usque
1557 706 1610 747 ad
1632 707 1806 747 alterum
1828 722 1941 748 mare
1967 707 2081 762 quod
2103 708 2388 762 Carthaginem
2411 711 2551 753 alluit:
2577 723 2635 754 est

1401 785 1512 824 enim
1528 784 1623 824 litus
1638 783 1696 824 ibi
1713 783 1765 824 ad
1780 783 1954 824 modum
1971 782 2196 839 peninsulae
2214 784 2255 823 in
2272 799 2382 826 mare
2397 797 2634 842 porrectum
2663 816 2668 821 -

1401 873 1497 899 cum
1519 858 1694 899 isthmo.
1754 859 2043 899 Praetervectio
2059 873 2082 898 a
2104 858 2275 899 flumine
2297 875 2346 900 ex
2371 862 2450 903 hoc
2472 863 2561 904 loco
2583 865 2637 906 ad

1401 935 1691 988 Carthaginem
1740 942 1801 974 est
1838 934 1919 974 diei
1958 933 2178 974 dimidiati.
2240 936 2633 990 Carthaginiensium

1401 1019 1538 1050 autem
1554 1011 1667 1064 regio
1686 1011 1730 1050 in
1749 1010 1844 1050 sinu
1861 1011 1938 1050 sita
1960 1018 2036 1050 est.

1462 1099 1555 1125 111.
1587 1073 1834 1125 CAnTnAGo.
1859 1086 1958 1125 Post
1980 1083 2179 1123 isthmum
2205 1092 2265 1124 est
2289 1086 2510 1141 Carthago,
2536 1089 2635 1131 urbs

1401 1152 1647 1192 Phoenicum
1680 1166 1776 1192 cum
1808 1160 1948 1206 portu.
2009 1153 2295 1192 Praetervectio
2329 1169 2424 1195 vero
2457 1156 2507 1196 ab
2531 1159 2636 1198 Her-

1403 1234 1508 1260 maeo
1536 1234 1668 1274 usque
1687 1219 1739 1260 ad
1769 1219 2060 1274 Carthaginem
2084 1228 2145 1260 est
2173 1219 2375 1261 dimidiati
2408 1222 2504 1264 diei.
2567 1225 2634 1266 Ad
2666 1229 2669 1231 ’

1404 1290 1643 1329 Hermaeum
1665 1289 2001 1343 promontorium
2024 1289 2110 1330 sitae
2140 1298 2237 1330 sunt
2260 1291 2401 1331 insulae
2428 1294 2571 1334 Pontia
2591 1303 2632 1334 ct

1403 1358 1596 1411 Cosyrus.
1655 1357 1870 1411 Navigatio
1902 1357 1953 1397 ab
1985 1358 2177 1398 Hermaeo
2212 1373 2341 1413 usque
2359 1358 2411 1398 ad
2434 1361 2633 1415 Cosyrum

1402 1432 1463 1464 est
1482 1424 1580 1464 diei.
1640 1424 1761 1465 Ultra
1785 1426 2024 1466 Hermaeum
2052 1427 2390 1481 promontorium
2412 1420 2553 1468 {ersus
2576 1443 2641 1469 so-

1400 1493 1483 1533 lem
1505 1494 1709 1534 01¹Ientem
1735 1501 1818 1533 tres
1834 1493 1973 1548 jacent
1991 1509 2014 1534 e
2046 1495 2215 1548 regione
2236 1494 2359 1549 hujus
2378 1492 2508 1536 litoris
2524 1497 2637 1536 insu-

1401 1562 1449 1602 lze
1467 1577 1622 1617 parvae,
1643 1577 1668 1603 a
1686 1563 2091 1617 Carthaginiensibus
2112 1564 2302 1605 habitatae
2329 1578 2338 1605 ε
2364 1565 2503 1606 Melite
2538 1567 2638 1607 urbs

1404 1646 1499 1671 cum
1528 1639 1675 1686 portu,
1695 1631 1852 1672 Gaulus
1883 1631 2004 1682 urbs,
2032 1631 2314 1686 Lampadusa;
2340 1633 2383 1672 in
2406 1633 2484 1674 hac
2504 1642 2638 1674 turres

1405 1699 1498 1739 duae
1517 1707 1587 1739 aut
1597 1707 1693 1739 tres.
1754 1701 1791 1740 A
1804 1700 1960 1754 Cosyro
1976 1707 2113 1739 autem
2133 1699 2185 1739 ad
2198 1700 2421 1755 Lilybaeum
2441 1716 2637 1756 promou-

1400 1770 1555 1809 torium
1567 1769 1732 1818 Siciliae,
1756 1769 1962 1822 navigatio
1981 1768 2062 1808 diei
2083 1770 2220 1809 unius.
2237 1772 2334 1810 Post
2351 1772 2637 1826 Carthaginem

1401 1839 1522 1878 Utica
1547 1837 1645 1877 urbs
1669 1851 1764 1876 cum
1780 1845 1920 1891 portu.
1982 1838 2339 1891 Praeternavigatio
2352 1853 2375 1878 a
2394 1840 2638 1893 Carthagine

1401 1906 1453 1947 ad
1462 1907 1625 1947 Uticam
1637 1905 1718 1946 diei
1732 1907 1869 1946 unius.
1930 1908 2028 1947 Post
2039 1907 2201 1947 Uticam
2212 1909 2398 1962 sequitur
2406 1910 2639 1964 Hippuacra

1401 1977 1485 2016 sive
1504 1977 1644 2030 Hippo
1665 1975 1764 2015 urbs
1778 2007 1790 2026 ,
1816 1984 1856 2015 et
1883 1976 1997 2030 palus
2021 1977 2057 2016 ei
2083 1975 2213 2016 adsita
2235 1986 2316 2025 est,
2353 1978 2573 2032 insulaeque
2596 1980 2639 2019 in

1409 2123 1537 2163 mm?
1568 2111 1768 2164 signifieat
1807 2110 2092 2159 diversorium,
2127 2111 2257 2151 statio
2290 2122 2524 2162 nautarum,
2555 2128 2634 2154 sec.

1401 2172 1580 2212 Movers.
1618 2187 1661 2226 p.
1702 2173 1797 2220 340.
1836 2172 1930 2212 512.
1968 2173 2219 2213 Bocchartus
2257 2175 2274 2226 (
2293 2175 2486 2215 Chanaan
2518 2178 2553 2226 I,
2584 2181 2636 2225 24

1401 2244 1443 2284 Ρ.
1469 2232 1579 2286 517)
1614 2247 1766 2272 nomen
1803 2234 2097 2287 interpretatus
2129 2243 2216 2274 erat
2250 2235 2346 2275 urbs
2376 2245 2508 2285 vetus,
2535 2237 2635 2277 dum

1402 2293 1607 2347 Carthago
1623 2295 1675 2334 sit
1691 2295 1788 2334 urbs
1803 2309 1924 2334 nova.
1947 2294 2071 2345 Quod
2088 2295 2150 2335 vel
2165 2304 2382 2350 propterea
2399 2296 2530 2351 rejicit
2547 2300 2636 2338 Mo-

1402 2355 1571 2405 versius,
1594 2355 1706 2409 quod
1724 2356 1781 2395 sic
1803 2356 1924 2396 Utica
1942 2356 2055 2406 urbs,
2074 2357 2182 2397 circa
2199 2371 2267 2398 an.
2293 2357 2397 2400 1100
2412 2373 2450 2399 a.
2469 2360 2516 2400 C.
2539 2374 2641 2400 con-

1402 2414 1510 2466 dita,
1533 2418 1699 2458 nonnisi
1719 2426 1811 2472 post
1834 2418 2120 2471 Carthaginem
2150 2418 2358 2459 conditam
2378 2433 2530 2460 nomen
2557 2422 2636 2462 hoc

1400 2480 1600 2532 accepisse
1613 2494 1759 2534 parum
1775 2480 2042 2534 probabiliter
2061 2480 2266 2521 censenda
2280 2481 2399 2522 foret.
2426 2483 2441 2535 ΙΙ
2464 2507 2521 2514 —
2543 2482 2566 2522 ἀ
2578 2484 2636 2525 πὸ

1407 2539 1601 2593 ’,Ιτύκης
1642 2541 1814 2583 Ἵππου
1861 2542 1980 2597 ἄκρα
2029 2543 2110 2598 [ἢ]
2160 2536 2334 2584 Ἱππὼν
2369 2544 2534 2598 πόλις]
2571 2548 2637 2587 Sic

1400 2604 1542 2658 scriP5i
1564 2619 1641 2658 pro
1666 2603 1739 2646 ἀπὸ
1778 2604 1924 2656 Ἰτύκης
1955 2604 2004 2652 εἰς
2032 2605 2168 2646 Ἵππου
2199 2605 2317 2660 ἄκραν
2348 2605 2486 2648 Ἵππου
2508 2608 2633 2658 πόλις,

1400 2664 1514 2717 quod
1536 2665 1667 2706 codex
1680 2666 1849 2721 praebet.
1871 2667 2004 2706 Possis
2032 2668 2155 2707 etiam
2184 2666 2234 2715 εἰς
2254 2667 2395 2708 Ἵππου
2416 2668 2534 2724 ἄκραν
2555 2671 2602 2723 [ἢ
2619 2674 2633 2726 ]

1401 2725 1538 2767 Ἵππου
1557 2729 1670 2769 πόλιν
1705 2729 1953 2784 [παράπλους
1975 2728 2116 2784 ἡμέρας
2138 2732 2238 2784 μιᾶς,
2273 2731 2352 2771 300
2371 2730 2455 2771 sere
2484 2732 2638 2773 stadio-

1399 2802 1493 2829 rum
1504 2791 1538 2844 ],
1556 2790 1729 2845 licetque
1744 2800 1919 2832 statuere
1941 2791 2142 2832 distantiae
2151 2800 2291 2832 notam
2303 2791 2499 2833 excidisse
2509 2807 2638 2847 quum

1401 2865 1423 2890 e
1445 2853 1629 2905 margine
1652 2853 1850 2908 irreperet
1867 2852 1969 2893 illud
1988 2852 2126 2894 Ἵππου
2156 2854 2280 2901 πόλις.
2306 2854 2470 2894 Etenim
2501 2854 2638 2896 Ἵππου

1401 2912 1498 2968 ἄκρα
1514 2929 1598 2955 non
1620 2923 1735 2955 notat
1752 2917 2103 2970 promontorium,
2127 2925 2174 2956 ut
2206 2917 2341 2971 putari
2375 2917 2503 2971 possit
2521 2927 2637 2972 puta-

1401 2977 1540 3030 vitque
1559 2978 1750 3032 Lapieus,
1768 2978 1840 3019 sed
1865 2978 2009 3018 urbem
2023 3010 2034 3029 ,
2056 2987 2102 3019 ut
2116 2979 2220 3019 bene
2243 2987 2383 3019 monet
2397 2981 2637 3021 Mannertus

1400 3039 1455 3088 X,
1477 3052 1517 3089 2,
1536 3054 1579 3094 p.
1601 3043 1698 3095 29'7,
1717 3041 1863 3082 collato
1878 3040 2065 3081 Diodoro
2083 3043 2179 3091 XX,
2205 3040 2253 3081 55
2271 3054 2280 3081 ε
2301 3039 2634 3094 ἐστρατοπέδευσεν

1403 3101 1453 3148 εἷς
1477 3100 1546 3153 τὴν
1570 3102 1709 3144 Ἵππου
1740 3104 1982 3159 καλουμένην
2013 3103 2147 3158 ἄκραν,
2172 3103 2444 3157 ὠχυρουμένην
2475 3109 2635 3157 φυσικῶς

1402 3168 1450 3221 τῇ
1469 3166 1726 3222 παρακειμένῃ
1742 3166 1878 3222 λίμνῃ.
1903 3165 1966 3206 Cf.
1988 3165 2046 3205 id.
2069 3181 2106 3206 c.
2130 3165 2196 3218 57.
2212 3164 2335 3218 Apud
2349 3164 2491 3218 Polyb.
2509 3167 2543 3214 I,
2564 3167 2632 3215 82,

1403 3229 1426 3268 8
1447 3240 1456 3267 z
1477 3226 1500 3278 ἣ
1525 3232 1599 3267 τῶν
1628 3226 1877 3283 Ἱππακριτῶν
1907 3227 2030 3273 πόλις.
2054 3227 2194 3280 Steph.
2219 3228 2315 3280 Byz.
2345 3239 2353 3265 z
2387 3224 2630 3280 Ἱππούακρα,

1401 3289 1511 3336 πόλις
1546 3290 1698 3341 Λιὸύης,
1726 3290 1746 3329 ὁ
1777 3290 1935 3341 πολίτης
1978 3287 2277 3342 Ἱππουακρίτης.
2314 3287 2491 3341 Appian.
2525 3288 2631 3328 Pun.

1402 3365 1440 3391 c.
1462 3365 1538 3392 110
1563 3365 1571 3391 :
1590 3351 1637 3391 τὰ
1660 3350 1904 3407 Ἱππάγρετα.
1924 3353 2026 3402 Quae
2045 3347 2212 3403 quidem
2233 3348 2402 3387 nomina
2424 3355 2520 3387 sunt
2539 3362 2644 3400 grae-⁷

1403 3414 1590 3453 cissantia
1613 3415 1790 3454 nominis
1813 3413 2036 3460 Phoenicii3
2058 3412 2135 3451 hoc
2159 3424 2254 3450 vero
2277 3424 2357 3449 sec.
2380 3410 2633 3449 Moversium

1402 3489 1444 3530 p.
1478 3475 1552 3515 511
1578 3484 1663 3516 erat
1693 3489 1825 3526 ῃἾΠΝ
1849 3488 1966 3526 &Di-t,
2002 3473 2146 3528 Hippo
2166 3472 2338 3519 achera,
2372 3472 2401 3511 i.
2434 3486 2471 3511 e.
2503 3471 2634 3511 altera

1402 3538 1560 3593 Hippo,
1588 3552 1670 3592 quo
1696 3536 2023 3590 distinguebatur
2045 3536 2096 3576 ab
2118 3534 2310 3590 Hippone
2336 3533 2462 3585 Regin
2488 3535 2633 3573 Numi-

1402 3600 1495 3650 diae,
1510 3600 1751 3654 quaetpriscis
1764 3599 2017 3653 temporibus
2034 3598 2241 3653 potentior
2251 3596 2371 3636 suerit
2381 3596 2493 3643 urbs,
2506 3609 2632 3649 quum

1402 3665 1621 3716 Zeugitana
1643 3662 1694 3703 ab
1718 3662 1939 3715 Agathocle
1957 3661 2125 3702 demum
2148 3667 2265 3700 aucta
2284 3659 2334 3698 sit
2359 3659 2375 3710 (
2393 3672 2431 3698 v.
2456 3656 2629 3697 Diodor.

1402 3726 1430 3766 l.
1449 3725 1476 3766 1.
1495 3727 1510 3778 )
1529 3725 1731 3766 ,Alterum
1750 3739 1901 3764 nomen
1920 3723 2043 3778 idque
2061 3737 2170 3763 mere
2186 3734 2377 3775 graecum,
2396 3734 2478 3773 quo
2494 3726 2632 3758 nostra

1404 3789 1542 3842 Hippo
1560 3789 1575 3839 (
1592 3801 1702 3827 nunc
1725 3786 1886 3827 Bizerla
1901 3801 1972 3826 scu
1997 3785 2177 3826 Benizerl
2194 3787 2209 3837 )
2226 3782 2502 3834 distinguitur,
2520 3779 2630 3832 Διάρ-

1405 3865 1511 3904 ρυτος
1529 3858 1589 3889 est
1611 3848 1721 3904 apud
1741 3848 1914 3889 Ptolem.
1934 3850 2011 3898 IV,
2030 3862 2055 3888 2
2084 3862 2127 3902 p.
2146 3850 2221 3886 261
2247 3851 2287 3884 et
2308 3842 2485 3882 Plinium
2500 3841 2554 3889 V,
2575 3840 2596 3880 3
2618 3852 2629 3879 :

1406 3911 1612 3967 Oppidum
1625 3910 1735 3966 quod
1747 3910 1978 3967 Hipponem
1993 3909 2175 3950 dirutum
2190 3913 2350 3952 vocant,
2364 3902 2642 3971 Difzrrh3·tic111‚

1400 3989 1426 4012 a
1442 3973 1596 4014 Grcvcis
1614 3972 1770 4013 dictum
1787 3981 1960 4027 propter·
1987 3983 2184 4025 aquarum
2207 3966 2378 4018 irrigua.
2403 3965 2493 4003 Hoc
2516 3961 2641 4002 dem--
