2808 4342
45 256 294 314 νενεμῆσθαι
309 253 390 297 τῶν
408 246 547 310 ὡρέων
571 245 690 307 λόγος
713 246 898 309 κατέχει.
967 247 1031 294 Τὸ
1057 248 1131 308 μὲν
1154 251 1281 306 αὐτῆς

47 323 148 384 πρὸς
168 327 217 384 τῇ
235 321 414 382 Ἐρυθρῇ
440 315 626 377 θαλάσσῃ
643 314 874 377 οἰκεόμενον
896 318 1091 377 ἀμμῶδές
1113 336 1156 362 τε
1175 311 1280 363 εἶναι

46 392 119 438 καὶ
138 392 321 452 ἄκαρπον
339 386 418 431 ὑπὸ
437 384 660 444 καύματος·
694 387 748 446 (3)
772 385 819 431 τὸ
835 385 877 432 δὲ
900 386 968 432 ἐπὶ
989 388 1086 448 τῇδε
1105 390 1158 439 ὡς
1180 387 1280 451 πρὸς

49 461 195 522 ἄρκτον
214 475 258 503 τε
279 455 350 501 καὶ
371 453 515 516 βορέην
546 453 696 512 ἄνεμον
722 454 864 500 ἰόντων
890 457 1027 508 καλῶς
1052 461 1280 519 κεκρᾶσθαι

0 547 25 576 5
48 532 128 575 τῶν
150 525 303 588 ὡρέων·
322 523 393 569 καὶ
412 523 487 578 τὴν
511 521 651 585 χώρην
677 522 858 569 ποιώδεά
875 542 920 569 τε
943 518 1071 582 εἶναι,
1090 525 1160 570 καὶ
1182 528 1279 571 λει-

49 599 185 656 μῶνας
205 592 399 656 ὑδρηλοὺς
427 591 498 638 καὶ
519 591 705 650 ἄμπελον
729 591 886 647 πολλὴν
921 591 1076 655 φέρειν,
1099 593 1172 639 καὶ
1194 594 1280 640 δ’σοι

4 668 5 674 ’
45 665 163 711 ἄλλοι
197 662 348 723 καρποὶ
378 660 484 716 πλὴν
523 660 674 715 ἐλαίης·
716 662 765 721 (4)
788 661 1076 723 παραδείσοισί
1108 681 1152 707 τε
1176 681 1280 708 παν-

6 767 15 785 ,
44 734 191 780 τοίοισι
207 731 434 788 τεθηλέναι,
449 729 520 776 καὶ
535 731 759 791 ποταμοῖσι
777 734 993 792 καθαροῖσι
1006 731 1280 794 διαρρέεσθαι,

45 804 115 849 καὶ
137 803 326 865 λίμνῃσι,
360 800 430 846 καὶ
455 800 606 863 ὄρνισιν
635 800 837 851 ὁκόσοισιν
867 800 973 863 ἀμφὶ
1008 801 1218 861 ποταμούς
1237 821 1281 847 τε

1 888 22 918 ο
44 872 116 918 καὶ
137 872 284 932 λίμνας
302 870 388 916 ἐστὶ
410 869 461 915 τὰ
484 870 608 926 ἤθεα,
629 867 793 915 ἵπποισί
817 888 859 915 τε
885 870 1042 930 ἀγαθὴν
1068 862 1188 927 εἶναι,
1211 872 1281 917 καὶ

44 943 174 987 τοῖσιν
202 939 383 986 ἄλλοισιν
415 939 667 1000 ὖποζυγίοισι
699 939 918 999 νέμεσθαι,
951 940 1024 984 καὶ
1056 938 1214 985 ὑλώδεά
1237 960 1280 987 τε

43 1011 239 1072 πολλαχῆ
263 1009 335 1055 καὶ
354 1008 598 1072 πολύθηρον·
622 1011 671 1069 (5)
697 1008 771 1064 τὴν
792 1010 835 1053 δὲ
865 1009 1009 1071 πρόσω
1035 1007 1093 1055 ἔτι
1116 1011 1180 1055 ἐπ’
1200 1010 1280 1073 ἄρ-

43 1098 140 1126 κτον
158 1080 298 1125 ἷόντων
315 1078 530 1141 χειμερίην
549 1096 593 1123 τε
609 1077 679 1123 καὶ
699 1076 938 1142 νιφετώδεα·
953 1076 1059 1125 ὥστε
1077 1079 1282 1143 πρέσὸεάς

45 1167 158 1201 τινας
187 1151 233 1194 ἐκ
263 1153 332 1193 τοῦ
367 1147 559 1200 Εὐξείνου
597 1148 746 1193 πόντου
781 1146 891 1209 λέγει
924 1146 1116 1212 Νέαρχος
1148 1142 1281 1213 κάρτα

3 1233 27 1262 5
47 1218 188 1278 ὀλίγην
223 1218 312 1262 ὁδὸν
350 1216 576 1268 διελθόντας
616 1218 799 1279 ἐντυχεῖν
836 1216 929 1262 κατ’
960 1219 1051 1264 ὁδὸν
1080 1218 1180 1264 ἷόντι
1209 1223 1282 1276 τῆς

45 1287 249 1347 Περσίδος
281 1286 351 1332 καὶ
384 1289 503 1344 θῶμα
527 1285 714 1347 γενέσθαι
749 1286 1022 1351 Ἀλεξάνδρῳ,
1047 1288 1118 1333 καὶ
1154 1290 1280 1334 εἰπεῖν

43 1355 297 1418 Ἀλεξάνδρῳ
317 1359 389 1410 τῆς
409 1357 502 1400 ὁδοῦ
522 1354 595 1410 τὴν
623 1354 883 1417 βραχύτητα.
954 1358 1003 1419 (a)
1028 1357 1215 1410 Σουσίοις
1238 1357 1280 1403 δὲ

45 1423 258 1486 πρόσοικοι
293 1423 356 1468 ὅτι
392 1423 493 1468 εἰσὶν
536 1422 702 1480 Οὔξιοι,
750 1424 941 1470 λέλεκταί
977 1444 1060 1484 μοι·
1096 1427 1281 1488 κατάπερ

44 1492 208 1554 Μάρδοι
231 1493 304 1551 μὲν
335 1491 524 1553 Πέρσῃσι
556 1492 776 1555 προσεχέες
798 1494 998 1550 οἰκέουσι,
1038 1495 1187 1556 λῃσταὶ
1210 1495 1278 1540 καὶ

1 1577 23 1606 o
44 1554 176 1616 οὗτοι,
205 1563 405 1606 Κοσσαῖοι
441 1560 482 1605 δὲ
520 1561 719 1616 Μήδοισι.
791 1564 841 1622 (7)
873 1565 958 1610 Καὶ
992 1568 1122 1609 ταῦτα
1145 1564 1281 1610 πάντα

44 1629 95 1675 τὰ
118 1628 234 1675 ἔθνεα
254 1629 470 1691 ἡμέρωσεν
495 1627 778 1690 Ἀλέξανδρος,
801 1634 1006 1690 χειμῶνος
1029 1629 1116 1692 ὥρῃ
1137 1635 1281 1677 ἐπιπε-

48 1697 130 1743 σὼν
180 1700 382 1755 αὐτοῖσιν,
423 1698 490 1743 ὅτε
525 1697 679 1743 ἄὸατον
725 1701 839 1760 σφῶν
877 1699 950 1753 τὴν
986 1699 1126 1760 χώρην
1167 1694 1280 1761 ἦγον·

48 1765 97 1828 (8)
122 1768 192 1812 καὶ
211 1768 355 1820 πόλιας
376 1767 564 1813 ἐπέκτισε
583 1771 654 1812 τοῦ
672 1767 729 1827 μὴ
753 1768 932 1827 νομάδας
955 1767 1015 1812 ἔτι
1035 1762 1160 1825 εἶναι,
1190 1772 1281 1814 ἀλλ’

47 1839 248 1899 ἀροτῆρας
271 1838 340 1882 καὶ
373 1841 447 1897 γῆς
470 1837 672 1900 ἐργάτας,
698 1837 769 1882 καὶ
799 1837 907 1900 ἔχειν
939 1838 1041 1902 ὑπὲρ
1069 1838 1172 1884 ὅτων
1197 1841 1277 1885 δει-

0 1919 28 1950 5
46 1906 256 1966 μαίνοντες
287 1906 344 1966 μὴ
378 1906 490 1952 κακὰ
522 1905 725 1963 ἀλλήλους
749 1908 1024 1970 ἐργάσωνται.
1093 1908 1281 1955 Ἐνθένδε

47 1974 120 2030 τὴν
151 1975 335 2022 Σουσίων
371 1980 447 2037 γῆν
488 1976 750 2040 παρήμειὸεν
791 1980 811 2021 ὃ
853 1978 1040 2039 στρατός.
1110 1979 1164 2039 (9)
1199 1979 1281 2025 Καὶ

43 2049 174 2090 ταῦτα
208 2045 343 2090 οὗκέτι
376 2044 574 2100 ὡσαύτως
608 2045 812 2108 ἀτρεκέως
850 2045 962 2107 λέγει
990 2046 1180 2110 Νέαρχος
1220 2047 1281 2093 ὅτι

44 2111 152 2158 ἔστιν
178 2116 214 2159 οἳ
247 2114 425 2177 φράσαι,
461 2115 570 2171 πλήν
593 2134 640 2176 γε
676 2115 725 2172 δὴ
758 2115 851 2168 τοὺς
886 2115 1036 2180 ὅρμους
1058 2136 1102 2162 τε
1132 2117 1202 2162 καὶ
1235 2118 1281 2162 τὸ

44 2185 175 2241 μῆκος
209 2188 282 2228 τοῦ
317 2184 459 2229 πλόου·
489 2184 560 2245 (10)
586 2183 661 2239 τὴν
690 2184 831 2246 χώρην
866 2185 947 2246 γὰρ
971 2185 1204 2246 τεναγώδεά
1236 2204 1280 2232 τε

0 2266 22 2298 0
43 2243 144 2295 εἶναι
164 2250 239 2307 τὴν
263 2251 420 2307 πολλὴν
448 2252 518 2297 καὶ
541 2252 731 2315 ῥηχίῃσιν
755 2252 822 2297 ἐπὶ
856 2253 963 2314 μέγα
985 2257 1023 2305 ἐς
1044 2254 1112 2299 τὸν
1133 2254 1280 2300 πόντον

43 2319 298 2383 ἐπέχουσαν,
346 2320 417 2366 καὶ
457 2320 613 2377 ταύτην
648 2321 857 2383 σφαλερὴν
898 2323 1278 2384 ἐγκατορμίζεσθαι·

42 2389 296 2449 πελαγίοισιν
319 2381 375 2435 ὧν
400 2389 515 2452 σφίσι
538 2389 612 2445 τὴν
635 2389 810 2449 κομιδὴν
831 2390 876 2435 τὸ
900 2393 1053 2436 πολλὸν
1077 2391 1279 2453 γενέσθαι·

49 2459 118 2519 (ιι)
145 2462 373 2520 ὁρμηθῆναι
398 2456 471 2517 μὲν
494 2456 542 2513 δὴ
562 2460 608 2503 ἐκ
635 2463 707 2504 τοῦ
732 2464 923 2519 ποταμοῦ
947 2463 1027 2504 τῶν
1051 2460 1276 2520 ἐκὸολέων,

43 2525 190 2588 ἵναπερ
222 2527 498 2584 ηὐλίσθησαν,
524 2527 590 2572 ἐπὶ
627 2532 756 2577 τοῖσιν
781 2528 936 2590 οὔροισι
957 2533 1031 2585 τῆς
1064 2531 1278 2593 Περσίδος

0 2613 23 2643 5
45 2595 152 2658 ὕδωρ
177 2596 219 2640 δὲ
240 2595 518 2655 ε’·μὸάλλεσθαι
540 2595 609 2641 καὶ
636 2596 758 2642 πέντε
778 2598 981 2660 ἡμερέων·
1007 2601 1079 2644 οὐκ
1103 2598 1279 2661 ἔφασκον

45 2664 124 2726 γὰρ
149 2658 252 2709 εἶναι
273 2664 380 2726 ὕδωρ
404 2667 440 2710 οἳ
463 2664 744 2725 κατηγεμόνες
763 2670 833 2711 τοῦ
852 2667 994 2713 πλόου.

108 2736 222 2781 XLI.
253 2735 452 2784 Σταδίους
489 2733 530 2779 δὲ
563 2735 856 2787 πεντακοσίους
878 2735 1137 2796 κομισθέντες
1158 2737 1281 2797 ὁρμί-

46 2804 181 2855 ζονται
205 2803 273 2848 ἐπὶ
299 2803 474 2863 στόματι
499 2802 647 2863 λίμνης
681 2804 921 2866 ἰχθυώδεος,
947 2799 976 2866 ᾗ
1003 2804 1157 2864 οὕνομα
1186 2808 1280 2852 Κα-

45 2870 245 2932 τάδερὸις·
270 2871 341 2917 καὶ
361 2871 477 2927 νησὶς
495 2875 596 2927 ἐπῆν
621 2874 680 2936 τῷ
705 2873 892 2933 στόματι·
918 2874 1206 2936 Μαργάστανα
1230 2878 1280 2936 τῇ

0 2958 26 2989 ,ο
45 2943 178 2996 νησῖδι
202 2942 371 3000 οὔνομα.
442 2943 492 3002 (2)
518 2941 708 2988 Ἐνθένδε
744 2941 787 2987 δὲ
821 2942 899 2988 ὑπὸ
934 2943 1007 2998 τὴν
1042 2942 1096 2988 ἕω
1119 2944 1279 2989 ἐκπλώ-

0 3031 1 3083 (
46 3027 186 3062 σαντες
209 3012 315 3056 κατὰ
342 3010 502 3072 βραχέα
524 3011 758 3070 ἐκομίζοντο
782 3011 849 3056 ε’πὶ
870 3015 966 3072 μιῆς
988 3012 1087 3064 νεός·
1113 3013 1280 3058 πασσά-

22 3080 152 3125 ·λοισι
194 3081 235 3126 δὲ
274 3080 383 3125 ἔνθεν
422 3081 492 3125 καὶ
530 3080 639 3125 ἔνθεν
678 3082 907 3141 πεπηγόσιν
942 3083 1197 3137 ἀπεδηλοῦτο
1223 3081 1282 3127 ’τὰ

48 3236 192 3289 κράσει.
225 3235 272 3276 Ἡ
300 3237 365 3291 μὲν
388 3231 463 3293 γὰρ
495 3238 665 3293 παραλία
687 3240 913 3295 καυματηρά
942 3254 983 3280 τε
1009 3239 1073 3280 καὶ
1096 3238 1284 3295 ἀμμώδης

13 3347 16 3349 -
48 3296 115 3336 καὶ
133 3298 317 3348 σπανιστὴ
337 3301 496 3354 καρποῖς
520 3299 600 3341 ἐστι
626 3298 727 3352 πλὴν
757 3301 954 3356 φοινίκων,
981 3303 1072 3343 ὅσον
1095 3301 1134 3344 ἐν
1151 3318 1283 3357 τετρα-

48 3358 254 3412 κισχιλίοις
272 3360 338 3400 καὶ
354 3362 609 3415 τετρακοσίοις
624 3362 648 3414 ἢ
670 3363 899 3417 τριακοσίοις
919 3363 1168 3420 ἐξεταζομένη
1193 3381 1283 3405 στα-

47 3419 162 3467 δίοις·
191 3423 500 3476 καταστρέφουσα
537 3422 588 3471 εἰς
614 3424 789 3480 ποταμὸν
825 3427 1004 3480 μέγιστον
1033 3431 1111 3468 τῶν
1136 3428 1280 3485 ταύτῃ,

48 3481 288 3536 καλούμενον
313 3481 505 3538 Ὀρόατιν·
530 3484 604 3536 ἡδ’
620 3485 710 3540 ὓπὲρ
729 3486 867 3538 ταύτης
892 3485 973 3527 ἐστὶ
1005 3489 1204 3544 πάμφορος
1221 3490 1286 3530 καὶ

48 3541 182 3594 πεδινὴ
224 3543 290 3583 καὶ
322 3544 549 3600 θρεμμάτων
573 3545 707 3601 ἀρίστη
740 3547 897 3602 τροφὸς,
934 3551 1125 3603 ποταμοῖς
1143 3565 1184 3590 τε
1220 3551 1285 3591 καὶ

50 3604 206 3659 λίμναις
219 3604 394 3657 πληθύει.
416 3606 532 3661 Τρίτη
556 3607 590 3646 δ’
622 3606 724 3648 ἐστὶν
753 3607 777 3659 ἠ
804 3607 897 3662 πρὸς
926 3609 1066 3664 βορρᾶν
1091 3611 1285 3666 χειμέριος

51 3667 117 3708 καὶ
138 3666 286 3722 ὀρεινή·
306 3666 398 3722 πρὸς
412 3667 453 3707 ’δὲ
481 3669 565 3715 ταῖς
584 3667 781 3722 ἐσχατιαῖς
803 3668 896 3710 εἰσιν
920 3669 957 3710 οἱ
975 3671 1280 3726 καμηλοίῖοσκοί.

56 3729 74 3782 (1
93 3752 150 3760 —·
168 3729 208 3769 3.
230 3727 308 3769 ἐπὶ
329 3730 445 3784 τῇδε
462 3730 528 3783 (s.
549 3731 674 3785 τῷδε)
703 3731 789 3786 ὡς]
820 3730 1020 3780 ἐπιτελὲως
1037 3735 1150 3775 LAD
1169 3734 1285 3790 (sine

51 3805 139 3832 acc.
153 3791 242 3831 inD
262 3793 278 3845 )
298 3799 338 3832 et
355 3791 471 3845 vlgo3
493 3791 681 3844 ἐπιτελείη
694 3794 782 3843 BC;
802 3791 1007 3846 ἐπιτηδέως
1025 3794 1282 3850 conj-Geier‚

46 3852 167 3907 quod
189 3862 299 3894 caret
315 3868 435 3894 sensu
455 3852 621 3895 idoneo.
644 3854 661 3908 Η
686 3877 744 3885 —-
761 3868 825 3895 10.
842 3855 1044 3897 ἵπποισι
1064 3857 1080 3912 ]
1102 3858 1211 3912 βουσὶ
1232 3861 1281 3900 L.

54 3915 75 3968 {l
87 3939 145 3946 —
163 3916 228 3956 13.
246 3918 353 3957 Ante
369 3930 408 3957 v.
437 3917 536 3957 ὥστε
551 3916 686 3971 aliqua
699 3915 896 3958 excidisse
912 3917 1087 3968 Geierus
1098 3921 1282 3974 putabat.

52 3976 248 4018 Fabulam
267 3978 425 4019 narrari
450 3977 711 4020 Schmiedero
732 3978 862 4020 visum
880 3987 954 4020 est,
982 3973 1074 4034 11-
1093 3993 1158 4036 17.
1175 3981 1206 4021 Σ
1218 3997 1287 4023 ου-

1035 148 1328 196 HISTORIA
1363 150 1422 195 IN
1431 150 1586 196 DICA.

2493 177 2578 216 305

1348 258 1451 298 citer
1473 257 1604 298 dividi
1620 257 1730 299 fama
1743 267 1817 300 est.
1841 260 1948 300 Nam
1964 274 2055 315 quae
2073 275 2167 317 pars
2184 263 2270 317 ejus
2285 267 2337 307 ad
2354 282 2464 311 mare
2483 275 2582 328 Ery-

1348 323 1525 364 thraeum
1548 325 1624 366 sita
1642 333 1718 375 est,
1739 340 1954 367 arenosam
1972 341 2020 367 ac
2034 328 2212 369 sterilem
2235 331 2288 371 ob
2311 343 2452 376 aestum
2476 352 2580 390 esse3

1349 393 1412 446 (2)
1436 407 1528 447 quae
1555 408 1652 435 ver-o
1681 394 1876 450 deinceps
1897 395 1950 436 ad
1973 399 2294 451 septentrionem
2316 411 2356 442 et
2382 404 2584 449 borealem

1347 459 1507 514 plagam
1517 460 1642 515 jacet,
1660 463 1998 503 constitutionem
2021 464 2111 504 coeli
2134 472 2397 521 temperatam
2420 472 2582 526 habere,

1351 528 1646 583 regionemque
1691 530 1824 584 ipsam
1858 529 2078 571 herbosam
2111 533 2240 575 multa
2288 536 2440 590 irrigua
2472 551 2586 594 prata

1351 596 1583 651 multasque
1613 598 1716 637 vites
1745 597 1917 649 habere,
1942 608 2064 654 atque
2084 600 2187 642 adeo
2210 617 2333 644 omne
2359 620 2485 659 genus
2505 609 2587 649 sru-

1350 671 1520 714 etnam,
1542 672 1712 719 excepta
1740 664 1856 716 olea3
1918 668 1980 720 (4)
2007 667 2137 709 hortis
2158 671 2270 711 enim
2301 676 2587 718 amoenissimis

1351 731 1526 782 florere,
1554 732 1773 787 fluviisque
1800 733 2095 788 limpidissimis
2124 738 2306 792 irrigari,
2341 756 2389 783 ae
2416 743 2587 785 lacubus

1351 801 1550 855 omnique
1577 815 1725 855 genere
1746 802 1906 860 avium,
1932 817 2023 858 quae
2052 806 2159 847 circa
2189 808 2360 851 flumina
2384 821 2455 853 aut
2476 814 2586 854 lacus

1348 871 1500 910 versari
1511 870 1658 921 solent,
1679 871 1916 923 abundare;
1938 875 2052 928 equis
2068 876 2190 916 etiam
2211 877 2380 934 aliisque
2388 880 2586 935 jumentis

1347 938 1560 993 pascendis
1579 938 1771 980 idoneam
1787 954 1893 991 esse,
1913 941 2102 984 silvosam
2120 954 2314 999 praeterea
2335 949 2471 990 multis
2488 950 2585 992 locis

1348 1020 1433 1047 esse
1464 1008 1710 1063 venatuique
1743 1009 2008 1064 aptissimam.
2071 1013 2134 1067 (5)
2167 1016 2271 1055 Eam
2301 1025 2459 1068 autem,
2495 1034 2586 1074 quae

1347 1074 1484 1115 adhuc
1505 1076 1633 1130 magis
1651 1077 1694 1116 in
1718 1079 2038 1132 septentrionem
2059 1082 2203 1135 vergit,
2227 1082 2417 1138 frigidam
2438 1102 2485 1127 ac
2498 1087 2585 1141 jam

1347 1143 1522 1185 nivalem
1539 1158 1638 1195 esse,
1650 1143 1754 1186 adeo
1772 1143 1977 1200 utlegatos
1996 1148 2198 1202 quosdam
2210 1150 2261 1191 ab
2277 1152 2442 1195 Euxino
2456 1164 2585 1210 ponto

1346 1212 1588 1254 brevissimo
1605 1215 1750 1255 itinere
1765 1215 1970 1270 profectos
1986 1217 2222 1260 Alexandro
2237 1221 2445 1263 Persidem
2459 1233 2587 1265 trans-

1347 1282 1462 1322 eunti
1477 1281 1642 1322 obviam
1667 1283 1824 1323 venisse
1845 1284 2057 1325 Nearchus
2081 1285 2241 1338 tradat;
2265 1288 2390 1343 idque
2407 1291 2584 1333 Alexan·

1347 1348 1424 1389 dro
1453 1350 1683 1404 permirum
1714 1351 1847 1391 visum
1884 1350 2032 1402 fuisse,
2061 1353 2259 1395 brevitate
2295 1357 2370 1397 viae
2402 1372 2452 1398 ex
2487 1360 2584 1414 ipsis

1347 1417 1525 1469 cognita.
1588 1418 1651 1471 (6)
1682 1418 1808 1458 Susiis
1831 1427 1968 1459 autem
1992 1418 2193 1468 finitimos
2211 1435 2297 1463 esse
2319 1424 2450 1464 Uxios
2468 1434 2587 1468 antea

1346 1497 1370 1522 a
1399 1482 1518 1523 nobis
1554 1482 1711 1524 dictum
1743 1493 1824 1534 est,
1867 1486 1987 1526 sicuti
2019 1486 2203 1539 Mardos,
2243 1489 2422 1531 latrones
2465 1493 2586 1534 etiam

1347 1549 1472 1602 ipsos,
1496 1549 1646 1599 Persis,
1671 1550 1852 1590 Cossaeos
1873 1559 2012 1591 autem
2027 1551 2161 1592 Medis
2183 1556 2462 1596 conterminos
2484 1572 2584 1599 esse.

1348 1618 1411 1671 (7)
1445 1620 1559 1670 Quas
1592 1617 1760 1672 quidem
1789 1628 1927 1673 gentes
1959 1634 2102 1662 omnes
2136 1622 2369 1664 Alexander
2395 1625 2583 1678 domuit,

1347 1678 1482 1719 hieme
1507 1694 1574 1720 eas
1592 1680 1783 1731 adortus,
1801 1682 1969 1735 quando
1991 1684 2203 1736 regionem
2217 1699 2338 1726 suam
2352 1686 2459 1728 adiri
2475 1690 2586 1731 nulla

1348 1747 1506 1787 ratione
1523 1761 1642 1801 posse
1657 1742 2058 1803 putabant.(8)Urbes
2074 1766 2239 1806 quoque
2254 1754 2303 1793 iis
2315 1754 2516 1806 condidit,
2535 1772 2586 1798 ne

1342 1810 1430 1865 jam
1460 1813 1636 1867 amplius
1660 1822 1919 1867 vagarentur,
1943 1815 2016 1855 sed
2038 1826 2218 1858 aratores
2235 1820 2503 1874 agricolaeque
2523 1837 2586 1862 es-

1348 1885 1452 1928 sent,
1477 1886 1598 1932 atque
1616 1877 1812 1919 hahentes
1847 1894 1923 1934 pro
1946 1880 2098 1934 quibus
2134 1891 2364 1924 metuerent
2398 1885 2500 1936 sibi,
2535 1888 2587 1928 ab

1348 1943 1499 1997 injuria
1513 1959 1561 1985 ac
1579 1945 1620 1985 vi
1635 1945 1712 1986 sibi
1733 1946 1910 1987 invicem
1931 1946 2146 1988 inferenda
2160 1947 2425 1991 abstinerent.
2485 1953 2588 1993 Inde

1348 2011 1562 2052 Susiorum
1577 2013 1787 2066 regionem
1802 2021 2090 2068 praetervectus
2112 2023 2173 2058 est
2186 2017 2406 2058 exercitus.
2442 2018 2505 2071 (9)
2527 2021 2588 2060 De

1348 2076 1425 2117 hae
1457 2078 1715 2132 navigatione
1743 2078 1955 2119 Nearchus
1989 2093 2031 2119 se
2065 2094 2150 2120 non
2184 2080 2240 2120 ita
2282 2089 2393 2121 certa
2423 2096 2588 2123 narrare

1347 2156 1466 2197 posse
1483 2143 1640 2193 scribit,
1660 2152 1932 2198 praetcrquam
1962 2153 2107 2198 portus
2129 2154 2170 2185 et
2184 2145 2487 2201 longitudinem
2515 2163 2587 2189 na-

1347 2209 1579 2264 vigationis.
1640 2210 1730 2262 (10)
1749 2211 1855 2249 Nam
1880 2210 1995 2249 illum
2009 2211 2144 2265 ‘maris
2167 2219 2346 2251 tractum
2366 2215 2587 2256 maximam

1347 2283 1507 2330 partem
1524 2288 1610 2315 esse
1641 2274 1841 2315 vadosum
1864 2283 1903 2314 et
1933 2275 2074 2316 brevia
2096 2275 2216 2329 longe
2247 2277 2291 2316 in
2321 2291 2433 2317 mare
2458 2281 2586 2333 perti-

1347 2356 1471 2391 nere;
1493 2355 1627 2395 neque
1644 2341 1747 2381 citra
1761 2341 1990 2395 periculum
2006 2349 2176 2396 portum
2191 2356 2213 2381 e
2225 2343 2329 2382 mari
2345 2344 2432 2397 capi
2450 2357 2583 2397 posse.

1348 2411 1488 2461 Quare
1527 2407 1624 2461 ipsis
1671 2421 1839 2447 cursum
1884 2408 1927 2446 in
1968 2406 2051 2447 alto
2093 2415 2141 2447 ut
2181 2407 2408 2462 plurimum
2445 2409 2583 2451 fuisse.

1348 2474 1440 2527 (11)
1472 2474 1645 2514 Solvisse
1671 2488 1769 2514 vero
1803 2488 1845 2514 se
1878 2488 1929 2514 ex
1961 2475 2076 2514 ostiis
2106 2474 2262 2524 amnis,
2302 2474 2374 2514 ubi
2401 2474 2454 2515 ad
2485 2475 2586 2516 fines

1348 2539 1527 2579 Persidis
1560 2539 1845 2589 consederant,
1878 2547 1919 2579 et
1950 2553 2100 2594 aquam
2122 2539 2187 2579 vel
2215 2540 2258 2579 in
2292 2540 2477 2594 quinque
2498 2540 2593 2581 dies-

1348 2606 1567 2660 recepisse,
1586 2606 1683 2660 quia
1702 2605 1827 2645 duces
1853 2606 2122 2659 navigationis
2143 2613 2387 2645 monuerant
2400 2635 2411 2655 ‚
2436 2619 2586 2659 aquam

1348 2674 1392 2713 in
1411 2673 1459 2712 iis
1474 2672 1660 2728 partibus
1679 2686 1764 2711 non
1780 2672 1968 2726 reperiri.

1401 2740 1516 2779 XLI.
1549 2742 1773 2792 Quumque
1789 2737 1842 2778 ad
1857 2739 2083 2792 quingenta
2093 2736 2223 2778 stadia
2236 2739 2421 2792 provecti
2436 2747 2583 2789 essent,

1349 2805 1403 2846 ad
1422 2806 1556 2847 fauces
1574 2806 1723 2861 piscosi
1739 2804 1956 2859 cujusdam
1977 2805 2109 2854 lacus,
2135 2805 2207 2859 qui
2223 2804 2459 2845 Cataderbis
2477 2804 2587 2846 diee-

1348 2875 1487 2925 batur‚
1519 2876 1808 2916 constiterunt.
1869 2875 2030 2927 Exigua
2063 2873 2116 2914 ad
2150 2873 2275 2928 hujus
2307 2874 2418 2916 lacus
2454 2874 2588 2916 fauces

1351 2943 1483 2984 insula
1494 2942 1718 2997 adjacebat,
1733 2956 1858 2997 quam
1868 2943 2170 2996 Margastanam
2182 2951 2345 2983 vocant.
2407 2944 2469 2996 (2)
2484 2942 2587 2983 Inde

1352 3012 1429 3052 sub
1457 3026 1650 3052 auroram
1671 3011 1873 3052 solventes
1886 3042 1898 3062 ,
1929 3025 2004 3066 per
2031 3011 2135 3052 vada
2155 3012 2399 3065 navigarunt
2419 3012 2586 3064 singulis

1352 3081 1541 3122 navibus.
1602 3081 1744 3122 Paxilli
1781 3081 1879 3121 hinc
1914 3079 2012 3120 inde
2047 3080 2117 3120 fixi
2154 3079 2258 3120 vada
2289 3079 2582 3130 ostendebant,

1352 3240 1461 3287 ,σίος
1509 3239 1560 3280 δὲ
1599 3238 1867 3292 πρόσοικοι
1904 3236 2019 3276 κτλ.
2038 3237 2053 3290 ]
2088 3234 2151 3276 Cf.
2193 3234 2246 3275 de
2278 3233 2422 3274 iisdem
2457 3235 2584 3274 Near-

1355 3303 1457 3343 chus
1488 3301 1575 3358 (sr.
1602 3302 1687 3353 34)
1717 3313 1784 3354 ap.
1809 3298 1999 3339 Strabon.
2024 3311 2067 3352 p.
2106 3297 2200 3345 524.
2232 3297 2247 3350 ΙΙ
2271 3320 2328 3327 -
2357 3298 2422 3338 18.
2453 3295 2582 3336 εἰσὶν

1356 3363 1553 3418 Οὔξιοι]
1585 3362 1751 3410 ABCD;
1778 3358 1871 3400 εἰσὶν
1894 3359 1930 3399 οἱ
1960 3358 2048 3407 Οὖξ.
2084 3358 2217 3412 vulgo.
2256 3358 2272 3412 [Ι
2299 3381 2354 3388 -—
2383 3370 2452 3399 20.
2490 3358 2586 3410 Κησ-

1356 3427 1461 3465 σαῖοι
1476 3427 1527 3466 Α.
1544 3424 1560 3477 Η
1573 3447 1629 3453 -
1640 3436 1708 3477 27.
1722 3421 1896 3476 Νέαρχος
1906 3435 1990 3461 om.
2005 3423 2060 3461 D.
2080 3421 2246 3474 11—28.
2257 3419 2397 3475 φράσαι
2414 3421 2581 3470 ABCD;

1357 3487 1538 3543 ἐκφράσαι
1553 3488 1601 3527 L.
1625 3485 1641 3538 ΙΙ
1660 3507 1716 3515 -
1733 3481 1779 3534 δὴ
1796 3483 1998 3524 omisitD.
2021 3483 2038 3536 Η
2068 3506 2124 3512 —
2154 3482 2222 3523 31.
2241 3481 2448 3537 ἐσέχουσαν
2465 3481 2581 3522 editt.

1354 3559 1449 3592 ante
1484 3546 1810 3590 Schmiederum.
1854 3545 1870 3598 ΙΙ
1900 3568 1956 3575 -
1992 3545 2060 3585 32.
2085 3543 2260 3599 γίνεσθαι
2287 3544 2448 3585 ABCD.
2487 3545 2502 3597 Η
2529 3568 2585 3575 -

1356 3612 1425 3653 35.
1451 3610 1538 3665 ἐμὸ.
1564 3608 1628 3649 καὶ
1642 3608 1750 3648 πέντε
1765 3607 1931 3656 ABCD;
1958 3606 2094 3660 vulgo.
2117 3605 2183 3647 καὶ
2209 3605 2338 3647 deest.

1410 3675 1530 3722 XLI,
1554 3672 1620 3711 38.
1648 3669 1838 3709 Κατάδε
1852 3668 1984 3723 ρ6ις]
2004 3668 2077 3709 Ille
2099 3677 2160 3710 est
2184 3669 2308 3710 maris
2326 3681 2507 3708 recessus
2541 3668 2583 3706 in

1355 3749 1479 3789 quem
1501 3730 1715 3774 Mensurelz
1733 3738 1774 3770 et
1794 3729 1935 3770 Dorak
1951 3730 2067 3770 fluvii
2086 3738 2256 3779 exeunt3
2279 3730 2322 3769 in
2346 3729 2507 3768 intumo
2519 3726 2582 3779 ja-

1356 3804 1419 3836 cet
1442 3794 1561 3835 Guba
1577 3790 1786 3834 Nakleada
1815 3790 1950 3832 insula
1958 3807 1971 3843 ς
1995 3791 2115 3832 initio
2136 3791 2250 3831 sinus
2275 3788 2416 3830 insulae
2439 3787 2582 3827 Barzala

1356 3866 1396 3897 et
1414 3855 1528 3896 Deri.
1561 3856 1761 3906 Quaenam
1779 3853 1926 3893 harum
1950 3853 2003 3893 sit
2023 3855 2297 3904 Margastana
2316 3848 2491 3890 Nearchi
2513 3862 2583 3887 ne·

1355 3921 1454 3960 scio.
1478 3919 1555 3971 ΙΙ-
1568 3917 1635 3969 39.
1651 3915 2030 3971 ΜαργαγάσταναΙ).
2051 3915 2066 3967 ll
2087 3938 2143 3945 —
2155 3917 2196 3962 4.
2215 3912 2255 3953 δὲ
2271 3919 2362 3967 post
2378 3910 2522 3951 ἐνθένδε
2531 3923 2582 3949 ex

1357 3984 1391 4023 L
1406 3980 1501 4023 add.
1519 3977 1771 4023 Schmieder.
1781 3979 1917 4033 11-41
1927 4008 1937 4020 .
1948 3977 2154 4020 πασάλοισι
2169 3977 2216 4027 C,
2230 3973 2458 4024 πάσαλοιΒ,
2471 3973 2584 4014 πετά-
