2782 4348
95 181 166 241 (12,
181 181 251 241 ιε.)

99 284 268 347 Περσέα
288 285 342 336 εἷς
361 281 522 341 ὁμοίους
542 277 712 340 ἀπάγων
729 276 900 338 μύθους,
921 277 1012 323 οὐδὲ
1030 277 1104 334 τὴν
1126 278 1326 342 Ἐρυθρὰν

100 355 145 398 ἐκ
165 351 243 398 roff
255 350 398 401 παιδὸς
421 351 543 394 αὐτοῦ
567 348 768 402 κληθῆναι
791 345 970 392 δίδωσιν.

160 438 197 468 8.
223 420 324 467 ‘'O‘ct
343 416 462 467 αὐτὸς
475 451 487 472 ,
501 413 640 478 φησίν,
661 416 794 476 ἑαυτῷ
820 412 946 467 αἴτιος
961 414 1184 462 καθίστατο
1204 416 1329 476 ἐλέγ-

97 508 182 552 χων
220 492 240 533 6
276 486 350 542 τὴν
389 487 467 529 τῶν
492 485 725 543 μυθοποιῶν
749 482 932 536 ἐξουσίαν
954 485 1009 535 εἷς
1033 483 1327 546 πραγματικὴν

54 573 75 601 5
99 555 286 616 μετάγων
305 552 539 616 ἐνάργειαν·
555 545 604 608 ἧς
626 551 672 596 ἄν
693 569 752 604 τις
776 551 907 615 ἀφέλῃ
924 552 991 597 τὸν
1009 551 1192 614 ἔλεγχον,
1214 553 1326 599 οὐθὲν

97 623 375 684 εὐτελέστερον
408 620 650 684 καταλείψει
671 618 784 681 γένος
813 624 886 677 τῆς
914 620 1090 672 πίστεως
1126 623 1324 685 ἠρμένης.

95 691 218 740 ’Ἐπεὶ
244 690 309 737 διὰ
333 690 422 736 τίνα
448 689 582 736 αἰτίαν
611 688 806 751 ’Όμηρον
838 690 911 734 οὒκ
935 688 1109 747 εὐθύνω,
1137 689 1232 742 Διὸς
1254 690 1326 736 καὶ

95 762 349 812 Ποσειδῶνος
387 759 589 822 φράζοντα
621 757 835 821 διαφορὰν,
882 757 1078 805 ἀδύνατον
1127 759 1328 823 ἀνθρώπῳ

93 830 230 875 πίστιν
267 830 544 891 παραδοῦναν
582 827 666 873 οὐδ’
702 827 884 890 Ἡσιόδῳ
925 829 1144 892 μέμφομαι
1181 831 1327 885 δηλοῦν

34 913 72 942 10
98 901 302 959 τολμῶντι
326 900 424 943 θεῶν
443 896 622 956 γένεσινε
646 896 729 942 οὐδ’
745 895 954 959 Αἰσχύλον
972 897 1212 953 ἐπιπλήττω
1227 899 1330 943 πολ-

96 969 179 1019 λοῖς
203 964 491 1029 διεψευσμένον
514 965 584 1010 καὶ
610 964 746 1011 πολλὰ
769 965 1057 1029 συγγράφοντα
1086 969 1166 1012 τῶν
1191 970 1329 1028 ἀσυγ-

94 1036 314 1098 χωρήτων·
339 1034 423 1080 οὐδ’
443 1034 666 1096 Εὐριπίδου
689 1038 908 1097 κατηγορῶ
941 1038 999 1097 τῷ
1018 1035 1093 1095 μὲν
1117 1036 1329 1099 Ἀρχελάῳ

93 1103 414 1166 περιτεθεικότος
440 1101 510 1155 τὰς
538 1102 728 1163 Τημένου
749 1102 934 1165 πράξεις,
958 1103 1024 1149 τὸν
1050 1103 1093 1149 δὲ
1115 1104 1328 1167 Τειρεσίαν

98 1173 328 1235 βεὸιωκότα
363 1171 685 1234 παρεισάγοντος
717 1172 839 1217 πέντε
867 1176 1014 1234 γενεῶν
1056 1172 1201 1218 πλέον·
1240 1173 1330 1218 οὐδὲ

35 1260 72 1289 15
95 1240 183 1292 τοὺς
206 1243 352 1294 ἄλλους
387 1244 442 1294 εἷς
478 1240 714 1301 ἐπιτίμησιν
745 1241 856 1302 ἄγω,
895 1243 1128 1293 διασκευαῖς
1166 1244 1207 1286 ἐν
1249 1249 1331 1294 τοῖς

97 1313 278 1375 δράμασι
301 1312 538 1373 χρωμένους
556 1310 768 1374 ἀδυνάτοις
784 1326 797 1370 3
818 1310 880 1356 ὅτι
897 1317 976 1362 πᾶς
995 1310 1168 1367 ποιητὴς
1183 1313 1331 1374 ψυχα-

94 1381 247 1442 γωγίας
266 1379 448 1444 [μᾶλλον
469 1381 486 1440 ]
511 1379 538 1435 ἢ
555 1379 745 1435 ἀληθείας
766 1379 851 1424 ἐστὶ
873 1379 1120 1442 στοχαστής,

159 1471 192 1500 9.
217 1451 318 1500 e'Ort
342 1452 412 1498 καὶ
437 1451 511 1507 τὴν
542 1451 715 1506 Ἰνδικὴν
748 1451 890 1514 χώραν
914 1451 1138 1515 ἐλέφαντας
1170 1452 1330 1517 τρέφειν

92 1523 221 1586 φησὶ,
246 1521 316 1567 καὶ
338 1520 413 1576 τὴν
435 1520 673 1577 Αἰθιοπίαν,
704 1520 730 1576 ἣ
755 1527 837 1572 τοῖς
856 1521 1057 1576 Θηὸαίων
1074 1521 1197 1584 ὁρίοις
1220 1524 1329 1568 ἐστὶν

27 1604 71 1634 20
93 1591 251 1654 ὅμορος,
269 1589 339 1636 καὶ
361 1589 409 1644 δὴ
431 1589 502 1634 καὶ
521 1588 596 1644 τὴν
613 1588 791 1646 Λιὸύην.

156 1677 209 1708 10.
233 1659 334 1707 “On
356 1658 546 1721 τέτταρες
567 1657 687 1703 τόποι
719 1658 795 1715 τὴν
820 1658 1031 1720 Αἴγυπτον
1055 1659 1332 1723 περιειλήφοε-

89 1749 174 1788 σιν,
201 1729 282 1774 ἀπὸ
304 1728 377 1789 μὲν
399 1732 472 1784 τ’ῆς
497 1727 647 1791 ἄρκτου
670 1727 716 1772 τὸ
745 1727 948 1789 πέλαγος,
975 1729 1046 1774 ἀπ’
1066 1731 1267 1785 ἀνατολῆς
1287 1730 1329 1776 δὲ

92 1799 163 1845 καὶ
192 1799 340 1849 δύσεως
357 1796 542 1859 ἐρημίαι,
570 1796 652 1842 ἀπὸ
672 1795 713 1841 δὲ
734 1800 807 1852 τ’ἥς
831 1798 1093 1862 μεσημὸρίας
1117 1799 1325 1852 Αἰθίοπες.

157 1883 208 1915 11.
229 1866 443 1929 Αὗστηρὸς
459 1870 480 1912 6
502 1866 642 1927 λόγος,
669 1866 776 1912 ἀλλὰ
793 1867 1015 1930 σωτήριος·
1035 1869 1230 1924 δηλοῦται
1249 1868 1329 1932 γὰρ

29 1957 72 1986 25
92 1939 136 1983 οὔ
161 1936 294 1992 λύπης
319 1936 426 1981 ἀλλὰ
451 1938 636 1998 φυλακῆς
655 1935 810 1996 ἕνεκεν,
835 1936 906 1981 καὶ
922 1936 994 1992 τὴν
1016 1937 1164 1994 ἡδονὴν
1186 1939 1231 1983 ἐκ
1249 1941 1328 1983 τῶν

90 2006 221 2068 λόγων
257 1999 405 2068 ἦρκεν,
436 2007 546 2057 ὅπως
573 2008 645 2061 τῆς
687 2006 733 2050 ἐκ
755 2008 836 2051 τῶν
874 2007 1132 2069 πραγμάτων
1162 2007 1331 2069 χάριτος

93 2075 365 2127 ἀπολαύοντες
393 2074 598 2135 μηδέποτε
636 2074 726 2119 ἀντὶ
764 2079 834 2120 τοῦ
872 2076 1074 2137 βελτίονος
1108 2075 1154 2120 τὸ
1192 2083 1328 2138 χεῖρον

93 2145 330 2208 αἱρώμεθα,
355 2144 382 2200 ἢ
402 2144 501 2205 πρὸς
525 2143 619 2195 Διὸς
642 2143 712 2188 καὶ
732 2146 847 2200 θεῶν,
870 2142 939 2188 ἵνα
958 2143 1062 2202 μηδὲ
1084 2148 1162 2188 τῶν
1187 2147 1228 2189 ἐν
1249 2143 1327 2203 μέ-

93 2234 152 2277 σῳ
165 2214 363 2273 κειμένων
385 2212 470 2258 ἔνιοι
495 2213 729 2275 παρίωμεν.

25 2301 71 2330 :30
158 2300 212 2330 12.
236 2282 420 2328 Ἰδιώτου
445 2281 518 2341 μὲν
540 2282 681 2327 οὐσίαν
703 2284 837 2343 μικρῷ
862 2279 1086 2344 βαθυτέραν
1111 2282 1329 2343 ἀπραγμό-

95 2371 171 2402 νως
194 2350 376 2413 χαλεπὸν
411 2352 636 2395 διασῶσαι·
661 2350 709 2394 σὺ
743 2349 784 2394 δὲ
808 2351 1010 2395 τοσούτων
1034 2350 1105 2395 καὶ
1133 2351 1330 2407 τηλικού-

96 2439 176 2476 των
199 2419 474 2481 κληρονομίαν
501 2421 664 2479 ἀγαθῶν
680 2417 862 2471 καθέξειν
877 2419 1004 2481 χωρὶς
1023 2419 1198 2480 ἀγωνίας
1217 2420 1329 2465 ἐλπί·

94 2493 192 2546 ζεις,
216 2489 286 2534 καὶ
317 2493 446 2533 ταῦτα
470 2488 682 2548 γινώσκων
705 2487 766 2532 ὅτι
799 2491 970 2541 κάκεῖνα
995 2489 1067 2548 μὲν
1091 2492 1112 2533 6
1136 2488 1253 2548 νόμος
1271 2492 1330 2552 τῷ

93 2557 341 2620 κτησαμένῳ
365 2558 647 2620 διαφυλάττει,
666 2562 797 2602 ταῦτα
818 2558 894 2603 δὲδ
916 2558 1076 2620 σίδηρος
1094 2559 1331 2621 ἀφαιρεῖται

25 2643 70 2674 35
90 2631 168 2672 τῶν
195 2626 515 2688 ἀσθενεστέρων;

158 2712 212 2744 13.
232 2696 329 2741 “Ort
344 2696 481 2758 φησὶν,
492 2697 538 2740 ἐκ
552 2697 704 2740 πολλοῦ
718 2694 865 2757 χρόνου
884 2695 1174 2757 προειληφότες
1187 2695 1327 2756 ἐσμὲν,

94 2765 155 2810 ὅτι
178 2764 250 2817 τὰς
272 2768 352 2810 τῶν
375 2764 584 2808 δυναστῶν
609 2763 745 2826 φιλίας
769 2768 790 2809 6
813 2764 951 2826 καιρὸς
975 2764 1243 2826 σφραγίζεται
1260 2765 1329 2810 καὶ

93 2832 208 2892 λύει,
245 2833 315 2878 καὶ
348 2832 421 2887 τὴν
445 2832 520 2888 σὴν
544 2831 743 2894 ἀσχολίαν
767 2831 983 2897 [ἄλλοτε]
1018 2833 1130 2895 ἄλλῳ
1170 2834 1330 2878 δίδωσιν

97 2901 300 2964 ἀφορμὴν,
321 2900 452 2954 αὔξων
477 2900 547 2946 καὶ
568 2900 715 2963 φθίνων
735 2901 787 2947 τὰ
806 2901 1035 2963 πράγματα
1054 2901 1094 2954 ἐξ
1119 2902 1328 2958 ἀλλήλων.

29 2988 74 3019 ω
161 2987 211 3017 14.
234 2970 288 3017 ‘O
303 2970 375 3029 μὲν
400 2973 458 3032 τῷ
474 2970 584 3032 λόγῳ
609 2973 789 3032 συνεχῶς
805 2973 1096 3033 χαριζόμενος,
1114 2970 1160 3016 τὸ
1184 2974 1229 3017 ἐκ
1251 2975 1330 3017 τῶν

95 3039 220 3101 ἔργων
255 3038 424 3084 δυνατὸν
458 3038 735 3100 ὓπερὸαίνων,
761 3040 897 3085 πολλὰ
936 3040 1218 3102 διαψεύδεται,
1248 3044 1269 3085 6
1289 3039 1331 3086 δὲ

96 3108 428 3171 προσλαμὸάνων
463 3107 555 3159 τοὺς
580 3110 705 3154 αὑτοῦ
730 3109 887 3172 φίλους»
906 3111 1055 3172 βουλῆς
1091 3109 1327 3168 κοινωνοὺς,

98 3180 138 3221 ἐν
162 3178 314 3239 καιροῖς
333 3176 587 3233 τηλικούτοις
606 3179 651 3223 οὗ
672 3182 742 3223 τοῦ
763 3177 836 3233 τὴν
855 3178 986 3240 ὁρμὴν
1005 3179 1233 3231 ἐπώσοντος
1249 3180 1330 3224 δεῖ·

88 3263 175 3289 ται.
194 3247 269 3296 Τίς
294 3247 373 3308 γὰρ
404 3247 531 3298 οὕτως
566 3248 765 3307 ἄδουλος,
789 3249 830 3298 ὃς
852 3248 898 3292 τὸ
931 3249 1073 3293 δοκοῦν
1098 3251 1209 3309 αὑτῷ
1229 3248 1327 3309 παρ’

97 3391 136 3417 ιι.
156 3376 314 3432 ἀπάγων
334 3379 420 3430 ΑΒ;
440 3379 597 3435 ἄγωνῦ
616 3395 708 3434 vgo.

151 3441 233 3490 58,
254 3439 282 3478 l.
314 3439 353 3479 5.
378 3442 554 3496 μετάγων
588 3443 658 3482 ΑΒ
676 3450 716 3482 et
735 3456 844 3482 corr.
876 3443 942 3493 C.;
968 3441 1117 3498 ἐνάγων
1152 3444 1199 3484 C.
1221 3444 1328 3483 Dein

91 3499 286 3554 «ἐνέργειαν
302 3501 350 3541 C.
372 3502 481 3541 Tum
501 3501 608 3542 οὒθὲν
627 3504 754 3554 ABC;
773 3503 879 3544 οὐδὲν
898 3518 989 3557 vgo.
1014 3506 1030 3558 ll
1050 3530 1107 3536 —
1126 3508 1191 3554 14.
1211 3505 1328 3546 πλέον

91 3562 205 3601 πέντε
220 3565 362 3614 γενεῶν
385 3563 467 3602 BC.
490 3562 506 3616 ll
527 3586 584 3593 —
609 3577 674 3617 17.
695 3565 846 3619 μᾶλλον
865 3566 1033 3606 inserui.

153 3625 175 3674 S
197 3627 263 3673 10,
281 3622 309 3662 l.
329 3635 397 3663 21.
414 3624 588 3678 τέσσαρες
606 3625 653 3665 C.

152 3687 174 3735 ἓ
196 3688 263 3732 12,
284 3683 310 3723 l.
330 3684 397 3725 30.
426 3683 681 3740 ἀπραγμόνως
705 3685 784 3727 ἐστὶ
799 3688 972 3741 χαλεπόν
993 3690 1040 3729 C.

154 3748 177 3797 S
199 3749 341 3787 1346.
359 3747 446 3785 Rex
454 3743 618 3798 juvenis
640 3747 946 3801 expeditionem
961 3758 1104 3791 contra
1123 3752 1331 3806 AEthiopes

94 3808 264 3848 molitus
277 3821 362 3847 esse
374 3806 552 3857 videtur,
571 3810 883 3851 assentientibus
899 3811 1054 3862 aulicis,
1072 3812 1333 3855 dissuadente

98 3868 424 3924 Agatharchide,
449 3868 784 3923 quandoquidem
813 3873 898 3913 istae
922 3875 1157 3928 παραινέσεις
1185 3876 1237 3917 ad
1272 3878 1333 3931 ip-

92 3946 189 3971 sum
223 3939 432 3971 auctorem
464 3939 652 3971 nostrum
683 3932 907 3974 referendae
937 3943 1049 3976 sunt.
1084 3937 1335 3978 Niebuhrius

98 3993 267 4048 (Kleine
298 3992 501 4045 Schriften
530 3995 550 4033 I
571 4008 613 4049 p.
651 3995 758 4051 411)
777 4027 788 4046 ,
827 3998 1070 4039 assentiente
1102 4001 1336 4055 Droyscnio

1024 177 1104 222 DE
1139 175 1295 224 MARI
1328 181 1700 233 ERYTHRAEO.

2538 210 2623 248 117

1394 288 1447 341 ad
1462 289 1613 331 similes
1632 290 1786 332 fabulas
1802 291 1966 346 relegat,
1984 307 2061 335 nec
2075 296 2179 336 mari
2195 296 2336 338 Rubro
2357 314 2378 339 a
2394 300 2475 342 filio
2494 306 2625 346 Persei

1394 370 1547 399 nomen
1566 359 1779 401 obvenisse
1795 361 2000 402 concedit.

1451 428 1492 467 8.
1517 429 1609 481 Ipse
1630 429 1708 469 sibi
1743 429 1844 470 dicit
1872 431 1916 471 in
1945 445 2067 472 eausa
2090 445 2176 472 esse
2206 440 2253 472 ut
2281 433 2562 487 redarguatur,
2595 443 2628 481 si

1394 487 1487 541 quis
1506 487 1781 532 fabulatorum
1808 491 2017 534 licentiam
2040 491 2228 533 traducat
2247 492 2300 533 ad
2325 496 2469 535 seriam
2493 512 2628 541 rerum

1394 556 1600 602 gestarum
1635 553 1944 604 tractationem,
1980 568 2004 594 a
2030 568 2112 608 qua
2147 555 2181 594 si
2215 555 2306 608 quis
2346 557 2629 610 probationem

1394 608 1640 662 detraxerit,
1672 613 1825 654 nullam
1846 615 2064 655 relicturus
2094 623 2155 656 est
2189 617 2399 658 materiam
2425 619 2627 672 viliorem,

1394 671 1553 714 sublata
1582 674 1782 715 nimirum
1817 676 1914 717 fide.
1974 679 2112 730 Quam
2141 678 2251 718 enim
2274 679 2328 719 ob
2362 675 2523 722 causam
2547 698 2631 725 non

1394 733 1548 777 damno
1563 737 1792 778 Homerum
1804 740 1829 778 J
1831 739 1918 779 ovis
1933 747 1973 780 et
1983 740 2166 795 Neptuni
2178 740 2381 783 dicentem
2396 743 2628 798 dissidium,

1395 811 1648 853 quamquam
1683 801 1839 840 nemini
1863 800 1951 855 ejus
1981 802 2042 842 rei
2060 801 2187 843 fidem
2209 802 2339 845 facere
2374 808 2526 860 possit3
2553 824 2629 851 nec

1395 859 1625 902 Hesiodum
1643 861 1834 918 vitupero
1855 863 1983 904 deum
2012 865 2313 918 generationem
2341 882 2543 922 exponere
2561 886 2630 912 au-

1396 935 1504 973 sum,
1526 937 1602 963 nec
1618 923 1856 979 AEschylum
1875 925 2060 980 increpo,
2082 925 2195 980 quod
2215 927 2255 966 in
2279 928 2416 968 multis
2435 933 2632 974 mentitur

1396 989 1436 1022 et
1455 982 1585 1024 multa
1607 997 1698 1037 quae
1716 983 1888 1025 concedi
1910 999 2124 1040 nunquam
2143 996 2314 1041 possunt
2329 1019 2340 1038 ,
2363 992 2629 1046 conscripsit3

1397 1055 1475 1082 nec
1495 1042 1740 1098 Euripidem
1763 1059 1911 1086 accuso
1925 1076 1936 1096 ,
1976 1044 2090 1100 quod
2123 1046 2323 1088 Archelao
2344 1049 2489 1090 tribuit
2524 1066 2587 1092 res
2609 1068 2632 1094 a

1395 1102 1580 1144 Temeno
1599 1112 1745 1158 gestas,
1767 1113 1808 1145 et
1820 1105 2023 1146 Tiresiam
2038 1106 2083 1147 in
2100 1106 2259 1148 theatro
2275 1108 2490 1163 plusquam
2509 1112 2631 1165 quin-

1397 1174 1479 1215 que
1502 1171 1637 1204 aetates
1659 1165 1743 1205 vita
1763 1165 2026 1220 complexum
2051 1165 2301 1217 introducit;
2326 1183 2402 1209 nec
2423 1170 2509 1211 aliis
2532 1172 2632 1212 vitio

1399 1231 1541 1274 verto,
1567 1223 1681 1278 quod
1715 1234 1916 1279 apparatu
1938 1226 1981 1265 in
2016 1224 2247 1267 fabularum
2269 1229 2428 1269 actione
2457 1238 2634 1272 utuntur

1397 1283 1470 1336 qui
1497 1298 1522 1324 a
1553 1297 1652 1324 vero
1681 1283 1906 1326 abhorret?
1945 1287 2156 1338 Quoniam
2185 1288 2318 1327 omnis
2349 1297 2470 1343 poeta
2507 1292 2634 1344 magis

1397 1341 1616 1398 voluptatis
1660 1358 1833 1399 scopum
1872 1359 1998 1400 quam
2045 1346 2224 1386 veritatis
2261 1346 2339 1387 sibi
2377 1350 2631 1403 propositum

1396 1401 1535 1444 habet.
2077 1436 2083 1441 .

1454 1481 1495 1519 9.
1521 1466 1772 1522 Elephantos
1786 1499 1797 1517 ‚
1819 1476 1966 1509 auctor
1990 1468 2113 1519 dicit,
2139 1477 2180 1509 et
2201 1468 2404 1511 Indorum
2428 1479 2537 1512 terra
2558 1487 2633 1512 nu-

1397 1534 1470 1574 trit
1491 1543 1531 1575 et
1551 1535 1761 1591 AEthiopia
1790 1549 1881 1590 quae
1902 1536 2197 1578 Thebanorum
2221 1537 2322 1578 fines
2348 1539 2535 1593 attingit,
2561 1555 2637 1581 nec

1397 1617 1483 1643 non
1507 1603 1652 1659 Libya.

1459 1685 1524 1714 10.
1557 1674 1750 1725 Quatuor
1770 1673 1971 1714 limitibus
1999 1674 2197 1729 AEgyptus
2220 1682 2280 1714 est
2312 1674 2492 1725 inclusa,
2517 1690 2541 1716 a
2576 1690 2637 1716 se·

1397 1740 1632 1794 ptentrione
1646 1740 1804 1795 pelago,
1822 1741 1873 1781 ab
1889 1749 1984 1782 ortu
2003 1749 2044 1782 et
2059 1756 2206 1782 occasu
2220 1741 2405 1794 desertis,
2427 1757 2449 1783 a
2466 1742 2636 1784 meridie

1398 1807 1588 1861 gentibus
1609 1808 1867 1864 AEthiopum.

1459 1889 1525 1916 11.
1558 1866 1759 1918 Auste'rus
1791 1877 1859 1918 hic
1894 1891 2051 1927 sermo,
2084 1877 2157 1918 sed
2190 1878 2400 1928 salutarim
2431 1877 2638 1933 profertur

1398 1945 1509 1986 enim
1521 1960 1605 1987 non
1627 1945 1851 2000 affligendi,
1871 1946 1942 1987 sed
1954 1946 2211 2002 praecavendi
2230 1961 2365 1998 causa,
2383 1955 2505 2002 atque
2521 1947 2635 1987 volu-

1396 2021 1553 2068 ptatem
1578 2028 1602 2054 a
1626 2014 1759 2054 verbis
1785 2015 1931 2069 procul
1962 2015 2131 2065 habuit,
2152 2023 2200 2056 ut
2230 2030 2277 2055 ea
2298 2029 2422 2070 quam
2440 2015 2536 2070 ipsae
2567 2029 2642 2070 res

1399 2080 1664 2135 suppeditant
1680 2083 1806 2135 gratia
1822 2082 2004 2122 fruentes
2019 2096 2234 2137 nunquam
2249 2097 2328 2137 pro
2344 2082 2503 2123 meliori
2522 2080 2636 2136 pejus

1398 2148 1640 2201 seligamus‚
1677 2149 1761 2199 vel,
1795 2163 1870 2204 per
1898 2152 2045 2190 Jovem
2074 2149 2281 2205 deosque,
2302 2158 2350 2190 ut
2385 2164 2462 2191 nec
2492 2164 2636 2191 eorum

1398 2230 1490 2270 quae
1508 2216 1553 2256 in
1572 2215 1712 2257 medio
1730 2217 1863 2271 posita
1879 2225 1976 2257 sunt
1992 2248 2003 2267 ,
2032 2216 2221 2271 quaedam
2234 2218 2607 2272 praetermittamus.

1459 2298 1525 2325 12.
1551 2285 1632 2324 Vel
1654 2285 1806 2340 privati
1834 2285 2016 2325 hominis
2038 2284 2270 2325 facultatem
2298 2285 2436 2340 paullo
2464 2285 2636 2340 amplio-

1398 2369 1487 2395 rem
1519 2355 1672 2410 absque
1702 2355 1869 2408 negotio
1894 2354 2060 2394 difficile
2085 2362 2146 2394 est
2168 2369 2353 2404 servare3
2386 2363 2432 2394 tu
2454 2369 2552 2395 vero
2573 2363 2636 2396 tot

1398 2431 1692 2477 tantorumque
1709 2422 1918 2462 bonorum
1950 2421 2220 2462 hereditatem
2249 2421 2434 2462 obtinere
2452 2430 2493 2462 te
2514 2436 2634 2477 posse

1399 2491 1489 2531 sine
1507 2490 1730 2531 certamine
1746 2489 1912 2544 speras?
1930 2489 2056 2544 idque
2070 2489 2177 2531 bene
2198 2489 2330 2531 sciens
2350 2490 2509 2545 privata
2525 2489 2641 2545 bona·

1397 2545 1525 2614 legem
1549 2559 1776 2616 possidenti
1804 2564 2066 2609 conservare,
2103 2559 2191 2599 haec
2212 2567 2350 2599 autem
2386 2558 2541 2599 ferrum
2563 2559 2635 2600 de-

1398 2643 1510 2669 mere
1527 2627 1862 2669 imbecillioribus
1874 2627 1891 2667 Ξ)

1458 2698 1524 2737 13.
1557 2699 1594 2738 A
1628 2696 1758 2736 multo
1791 2695 1887 2736 inde
1904 2703 2091 2750 tempore
2110 2695 2154 2735 in
2180 2695 2280 2746 hac,
2303 2695 2464 2749 inquit,
2495 2710 2637 2736 sumus

1401 2753 1601 2793 sententia
1625 2751 1883 2793 occasionem
1899 2765 1984 2791 esse
2002 2765 2093 2805 quae
2122 2764 2267 2804 regum
2285 2750 2484 2791 amicitias
2502 2750 2638 2791 firmet

1401 2816 1442 2848 et
1477 2806 1632 2858 solvat,
1665 2816 1788 2861 atque
1823 2815 1936 2846 tuam
1973 2806 2285 2861 occupationem
2314 2806 2411 2846 alias
2442 2805 2510 2846 alii
2538 2806 2637 2846 insi-

1401 2862 1559 2904 nuandi
1580 2878 1622 2903 se
1644 2862 1995 2918 opportunitatem
2013 2861 2216 2917 praebeat,
2238 2875 2389 2915 augens
2417 2875 2481 2901 res
2500 2869 2540 2902 et
2561 2861 2638 2902 mi-

1402 2933 1536 2960 nuens
1554 2919 1746 2959 invicem.

1463 2978 1529 3023 14.
1570 2974 1769 3015 Oratione
1801 2987 1964 3028 semper
1999 2972 2229 3026 gratificans
2245 3003 2255 3022 ,
2292 2986 2421 3026 quum
2454 2971 2562 3012 ultra
2593 2971 2637 3011 id

1403 3030 1518 3085 quod
1536 3044 1581 3071 re
1596 3030 1684 3085 ipsa
1700 3029 1883 3085 praestari
1901 3030 2030 3083 possit
2050 3027 2351 3083 progrediatur,
2379 3027 2506 3067 multa
2521 3040 2635 3066 men·

1402 3088 1527 3136 titur;
1560 3086 1631 3140 qui
1663 3099 1761 3126 vero
1792 3085 1945 3125 amicos
1975 3098 2069 3123 suos
2105 3083 2261 3123 consilii
2281 3083 2411 3122 socios
2442 3081 2632 3131 adhibet,

1403 3143 1446 3182 in
1483 3140 1686 3196 ejusmodi
1722 3154 1862 3181 rerum
1907 3138 2145 3179 conditione
2182 3151 2266 3178 non
2286 3168 2288 3171 -
2310 3152 2359 3177 eo
2394 3137 2464 3191 qui
2502 3135 2636 3176 foveat

1402 3198 1530 3238 animi
1554 3197 1777 3251 impetum,
1806 3209 1910 3249 opus
1935 3194 2073 3234 habet.
2134 3194 2237 3245 Quis
2256 3193 2366 3232 enim
2387 3200 2470 3232 tam
2488 3191 2635 3231 stultus

1401 3262 1477 3304 est,
1500 3261 1546 3293 ut
1574 3251 1675 3306 quid
1698 3251 1775 3291 sibi
1795 3251 1872 3305 ipsi
1892 3249 2093 3299 videatur,
2115 3248 2158 3287 id
2180 3248 2231 3288 ab
2251 3248 2329 3287 alio
2349 3247 2443 3287 velit
2461 3246 2632 3295 discere,

1399 3382 1415 3434 (
1432 3378 1671 3421 Hellenism.
1690 3380 1731 3418 II
1745 3408 1756 3428 ‚
1780 3391 1823 3432 p.
1851 3377 1930 3430 736
1947 3378 1980 3430 )‚
2006 3383 2143 3416 censet
2165 3373 2511 3428 Agatharchidem
2530 3374 2574 3414 h.
2602 3373 2630 3413 l.

1400 3443 1629 3483 orationem
1651 3440 1753 3481 alius
1775 3437 2011 3493 cujusdam,
2036 3438 2108 3492 qui
2126 3438 2254 3490 regiS,
2280 3450 2365 3477 non
2385 3444 2543 3477 constat
2565 3450 2637 3476 cu»

1395 3505 1576 3559 jusnam,
1600 3511 1712 3543 tutor
1734 3501 1899 3551 fuisset,
1918 3500 2222 3555 interposuisse.
2252 3498 2378 3551 Quod
2396 3507 2443 3539 ut
2459 3498 2548 3539 fieri
2563 3512 2637 3553 po—

1402 3568 1526 3607 tuisse
1541 3580 1625 3606 non
1646 3579 1749 3619 nego
1763 3596 1774 3614 ‚
1793 3565 1851 3604 sic
1872 3570 2161 3618 argumentum
2181 3576 2206 3602 a
2225 3561 2454 3602 Niebuhrio
2473 3560 2637 3601 allatum

1402 3628 1585 3684 pondere
1606 3636 1731 3668 caret.
1764 3629 1886 3667 Putat
1913 3625 2026 3666 enim
2056 3624 2228 3664 minime
2246 3622 2441 3663 credibile
2470 3636 2555 3662 esse
2576 3621 2637 3660 hi·

1403 3691 1601 3731 storicum
1635 3696 1823 3729 nostrum
1852 3687 1968 3740 regni
2006 3684 2128 3726 fuisse
2164 3693 2411 3725 curatorem.
2453 3685 2538 3723 Rex
2571 3681 2637 3734 ju-

1404 3754 1516 3793 venis
1549 3751 1614 3791 ille
1643 3749 1755 3791 haud
1784 3749 1910 3790 dubie
1942 3747 2053 3789 idem
2071 3755 2157 3797 est,
2194 3747 2247 3787 ad
2278 3760 2401 3800 quem
2424 3746 2466 3784 in
2501 3756 2636 3797 prooe-

1404 3816 1490 3855 mio
1525 3813 1618 3853 libri
1658 3813 1793 3866 quinti
1834 3812 2062 3852 orationem
2095 3818 2238 3850 auctor
2274 3807 2447 3855 direxit,
2490 3804 2637 3857 cuique

1402 3891 1509 3931 ‘opus
1530 3889 1652 3915 suum
1675 3875 1927 3929 inscripsisse
1945 3870 2154 3928 putandus
2184 3878 2257 3910 est.
2282 3870 2297 3922 ΙΙ
2321 3892 2376 3898 -
2395 3867 2462 3907 38.
2494 3864 2637 3904 ἄλλοτε

1408 3937 1577 3979 inserui.
1610 3937 1627 3990 ll
1663 3961 1718 3967 -
1750 3939 1819 3985 42.
1846 3934 2130 3990 προλαμίάνων
2155 3934 2206 3972 A.
2238 3931 2252 3983 {l
2276 3953 2331 3960 —
2353 3929 2421 3977 43.
2448 3925 2501 3967 ot»
2519 3926 2633 3980 τοῦ]

1410 3998 1523 4041 αὗτοῧ
1541 4000 1626 4040 ΛΒ.
