2808 4342
733 91 779 137 0

166 184 282 241 ‘²⁴³²

189 295 257 327 aso
275 279 360 328 Τον
378 233 655 337 Humi-mlv
675 282 864 329 διαδάντι
884 280 1103 341 Λιμναίων
1122 279 1232 333 ἔθνος

272 348 392 412 ἕτερά
409 368 455 396 τε
477 349 633 396 πλείον’
649 351 695 399 οὗ
714 347 1056 408 διωνομασμένα,

272 418 492 475 Νομαδικὰ
513 419 549 463 δ’
564 415 870 473 ἐπικαλούμιν’,
892 414 1044 471 εὗσεὸἥ
1065 416 1201 474 πάνυ,

270 479 328 532 ὧν
348 486 439 532 οὐδὲ
459 479 515 538 ιῗς
538 485 722 548 ἔμψυχον
739 484 936 539 ἅδικήσαι
949 486 1043 530 ποτ’
1067 484 1136 530 ἄν·

270 555 462 618 οἶκοιρόρα
483 555 536 609 δ’,
559 556 615 603 ὡς
634 551 795 613 εἴρηκε,
817 551 889 598 καὶ
908 551 1133 614 σιτούμενα

185 640 247 671 8⁵5
271 625 446 683 γάλακτι
463 623 552 672 ταῖς
570 619 817 667 Σκυθικαῖσί
839 620 1207 682 θ’ἱππομολγίαις·

268 695 386 745 ζῶσιν
411 690 453 735 δὲ
473 689 547 744 τήν
570 706 615 734 τε
633 692 778 744 κτῆσιν
802 691 1109 754 ἄναδεδειχότες

264 759 402 814 κοινὴν
421 757 614 803 ἁπάντων
630 756 705 814 τήν
724 760 760 804 θ’
781 758 881 816 ὅλην
900 761 1135 809 συνουσίαν.

269 828 350 875 Καὶ
369 826 437 872 τὸν
457 826 581 891 σοφὸν
598 826 633 873 δ’
649 827 899 897 Ἀνάχαρσιν
923 832 970 876 ἐκ
987 833 1069 876 τῶν
1086 832 1338 891 Νομαδικῶν

269 896 390 958 φησὶν
406 898 593 956 γενέσθαι
611 899 693 942 τῶν
716 897 859 960 σφόδρ’
881 898 1204 948 εὖσεὸιστᾶτων.

181 981 244 1011 8⁰0
700 966 787 1013 Καὶ
809 967 1058 1023 κατοικῆσαί
1080 986 1192 1020 τινας

262 1037 317 1086 εἰς
330 1032 405 1090 τὴν
426 1033 562 1081 Ἀσίαν
583 1034 792 1093 ἐλθόντας,
808 1034 876 1088 οὓς
896 1035 946 1092 δὴ
969 1036 1040 1082 καὶ
1059 1038 1201 1091 Σάκας

261 1105 474 1150 καλοῦσιν·
497 1104 780 1164 εὖσημότατον
800 1098 908 1151 εἶναί
929 1123 1027 1169 φησι
1045 1107 1089 1152 δέ

259 1173 308 1219 τὸ
327 1176 611 1236 Σαυροματῶν
634 1174 705 1220 καὶ
726 1178 808 1221 τῶν
830 1177 1028 1223 Γελωνῶν
1045 1176 1115 1222 καὶ
1128 1176 1262 1239 τρίτον

263 1243 310 1289 τὸ
325 1246 406 1289 τῶν
424 1243 688 1306 Ἀγαθύρσων
714 1245 1036 1305 ἐπικαλούμενον
1060 1244 1188 1305 γένος.
1210 1282 1219 1291 .
1236 1283 1247 1293 .

178 1330 240 1359 865
338 1312 439 1360 ’Aah
456 1316 538 1359 τῶν
559 1313 602 1359 δὲ
625 1317 832 1360 Μαιωτῶν
850 1314 1038 1361 λαὸοῧσα
1061 1314 1240 1376 τοῦνομα

264 1384 454 1435 Μαιῶτις
469 1382 562 1438 ἑξῆς
581 1383 669 1429 ἐστὶ
687 1382 813 1442 λίμνη
838 1382 1006 1444 κειμένη
1022 1420 1035 1445 ,

267 1454 326 1503 εἰς
341 1451 393 1509 ἣν
408 1454 430 1498 ὁ
452 1453 609 1504 Τάναῖς

261 1520 344 1567 ἀπὸ
362 1525 434 1567 τοῦ
453 1526 643 1581 ποταμοῦ
662 1522 803 1568 λαόὼν
823 1522 867 1568 τὸ
874 1525 1007 1636 ἶρεῦμῖ
1031 1522 1230 1586 Ἀράξεως

261 1589 512 1651 ἑπιμίσγεθ’,
534 1593 590 1642 ὡς
611 1589 835 1644 Ἑκαταῖος
859 1610 877 1636 ε
898 1591 938 1653 φ’
960 1592 1211 1653 οὗρετριεύς,

175 1676 240 1705 87⁰
260 1661 316 1710 ὡς
335 1661 372 1705 δ’
387 1658 567 1723 Ἔφορος
581 1660 816 1722 ἱστόρηκεν,
838 1662 884 1706 ἐκ
900 1660 1046 1719 λίμνης
1066 1660 1185 1715 τινός,

263 1722 313 1784 ἧς
334 1729 381 1774 τὸ
396 1728 526 1790 πέρας
545 1729 629 1775 ἔστ’
653 1731 878 1793 ἄφραστον.
906 1728 1066 1785 Ἐξίησι
1093 1729 1137 1775 δέ

261 1797 453 1857 δίστομον
470 1797 576 1859 ἔχων
597 1797 644 1843 τὸ
669 1802 824 1859 ῥεῖθρον
849 1799 903 1849 εἰς
922 1798 997 1859 τὴν
1020 1798 1244 1859 λεγομένην

260 1868 451 1913 Μαιῶτιν
467 1868 523 1919 εἷς
542 1867 611 1912 τὸν
634 1868 891 1929 Κιμμερικόν
911 1885 954 1912 τε
978 1866 1205 1930 Βόσπορον.

174 2178 282 2206 κεινα
293 2165 410 2207 πάλιν
420 2164 566 2221 ἔρημον
582 2163 685 2207 εἶναι
701 2165 780 2206 cod
804 2179 915 2215 ;em.
930 2166 1059 2206 Mein.
1080 2165 1276 2219 11—350.
1293 2167 1415 2220 Λιμ-

174 2227 351 2283 ναίων]
389 2228 482 2269 Hoc
520 2241 672 2268 nomen
715 2242 800 2268 non
844 2227 968 2268 habet
1008 2226 1260 2268 Herodotus.
1302 2227 1419 2269 Indi·

173 2291 257 2331 cari
274 2289 468 2331 videntur
481 2289 687 2331 Maeotidis
708 2289 1004 2345 λίμνηςρσοοὶεε
1020 2291 1103 2343 (V.
1117 2289 1265 2331 Ukert.
1279 2279 1358 2341 m
1372 2304 1415 2342 2,

172 2366 216 2407 p.
239 2354 320 2395 338
341 2356 374 2406 ),
398 2353 692 2410 cuisententiae
715 2352 818 2393 nihil
837 2352 974 2393 obstat
995 2351 1109 2407 quod
1124 2353 1284 2394 Maeotis
1301 2352 1418 2408 palus

175 2416 216 2456 in
227 2429 342 2470 seqq.
356 2414 543 2467 demum,
556 2414 630 2456 ubi
641 2413 693 2455 ad
704 2429 787 2456 orae
798 2414 1120 2471 descriptionem
1139 2414 1246 2455 redit
1255 2423 1415 2466 auctor,

173 2489 443 2522 memoratur.
454 2482 570 2523 Fort.
582 2481 787 2536 Λιμναίους
795 2480 1083 2537 reponendum
1094 2482 1135 2522 in
1145 2481 1301 2537 Orphei
1314 2485 1415 2537 Arg.

178 2547 299 2594 1064,
321 2543 392 2584 ubi
412 2556 422 2584 2
443 2542 695 2599 Σαυρομάτας
713 2559 754 2586 τε
773 2544 887 2592 Γέτας
915 2544 980 2585 καὶ
999 2544 1209 2599 Γυμναίους
1228 2543 1419 2599 lig-apos&

173 2621 231 2657 τε,
244 2615 435 2647 censente
454 2607 509 2647 ita
533 2606 764 2648 Holstcnio.
793 2608 809 2662 ΙΙ
830 2631 887 2638 -
902 2607 998 2649 852.
1021 2604 1077 2648 ὧν
1097 2606 1219 2655 οὐδεὶς
1235 2607 1416 2662 ἐμψύχων

174 2666 354 2719 ἀδικῆσαί
370 2669 454 2709 ποτ’
484 2669 530 2709 ἄν
563 2672 664 2720 Αη.;
697 2685 780 2711 em.
801 2670 977 2711 Bastius.
1009 2670 1026 2724 ΙΙ
1052 2669 1221 2711 -855,
1250 2670 1418 2724 γάλακτι

173 2728 377 2777 Σκυθικαῖς
396 2730 674 2786 ἰππομολγίαις
685 2730 764 2772 cod
788 2747 799 2781 ;
817 2746 899 2772 cm.
922 2731 1209 2780 Letronniusq
1224 2730 1419 2786 ἷππημολ·

174 2791 276 2846 γίαις
290 2806 370 2832 scr.
391 2792 633 2833 Hudsonus.
658 2795 674 2847 11
697 2818 753 2825 -
770 2793 866 2847 857.
885 2790 960 2842 τήν
980 2794 1013 2834 0'
1031 2794 1128 2846 ὅλην
1155 2792 1286 2834 οὗσίαν
1311 2797 1412 2842 Λη.;

174 2853 245 2906 τήν
271 2868 312 2895 τε
336 2853 500 2894 σύνολον
532 2854 664 2894 οὐσίαν
696 2856 969 2905 Letronnius;
998 2855 1112 2910 quod
1144 2870 1277 2910 neque
1303 2856 1417 2897 facile

175 2929 310 2972 neque
328 2925 471 2972 aptum
484 2915 587 2957 dicit
598 2916 845 2968 Meinekius,
859 2931 990 2972 quum
1010 2921 1140 2969 κτῆσις
1155 2927 1195 2958 et
1210 2918 1319 2958 οὐσία
1331 2933 1414 2959 non

174 2978 393 3030 dille-rann
427 2980 513 3035 ipse
535 2977 650 3020 dedit
674 2977 745 3030 τὴν
765 2979 862 3031 ὅλην
895 2979 1114 3029 συνουσίαν,
1135 2978 1413 3031 conjecturam

173 3041 346 3083 firmans
374 3056 425 3083 ex
459 3040 630 3097 Ephoro
659 3055 726 3097 ap.
762 3040 954 3082 Strabon.
979 3041 1076 3090 vn,
1109 3054 1151 3095 p.
1189 3042 1266 3082 303
1291 3054 1301 3081 :
1333 3043 1417 3088 ταῖς

174 3103 336 3152 διαίταις
353 3101 520 3151 εὖτελεΐς
548 3103 655 3151 ὄντες
676 3101 741 3144 καὶ
764 3101 809 3143 οὗ
830 3102 1092 3158 χρηματισταὶ
1114 3102 1205 3156 πρός
1227 3117 1265 3143 τε
1291 3102 1415 3154 ἀλλή-

174 3165 266 3215 λους
283 3164 535 3222 εὖνομοῦνται
549 3164 661 3207 κοινὰ
685 3165 811 3207 πάντα
834 3164 990 3221 ἔχοντες
1007 3165 1055 3206 τά
1074 3179 1114 3206 τε
1138 3164 1241 3205 ἄλλα
1258 3165 1322 3205 καὶ
1344 3164 1413 3215 τὴν

176 3229 275 3282 ὅλην
308 3229 549 3285 συγγένειαν.
582 3230 645 3269 De
677 3226 829 3269 familia
849 3242 946 3269 vero
976 3228 1098 3269 etiam
1129 3227 1308 3268 συνουσία
1335 3242 1413 3269 vox

176 3299 414 3348 usurpatur.
445 3292 462 3345 ΙΙ
484 3315 542 3323 —-
566 3291 663 3332 861.
684 3290 861 3338 Σάὅακας
888 3304 966 3346 pro
988 3289 1112 3338 Σάκας
1130 3291 1301 3337 Annum
1329 3304 1411 3330 em.

177 3353 430 3396 Holstcnius.
458 3355 475 3409 ΙΙ
501 3377 558 3388 ·—
575 3355 672 3396 862.
695 3350 798 3394 εἶναι
820 3353 861 3395 δέ
878 3368 971 3408 φησι
989 3356 1088 3403 Λη.;
1109 3366 1191 3394 em.
1207 3351 1412 3393 Meincke.

182 3417 199 3469 ΙΙ
220 3439 277 3447 —
303 3416 400 3458 863.
421 3415 467 3457 τὸ
484 3420 561 3458 τῶν
583 3415 843 3470 Σαυροματῶν
870 3415 934 3456 καὶ
955 3414 1044 3456 Γελ.
1073 3413 1187 3464 cod.;
1206 3427 1289 3455 em.
1312 3414 1416 3455 Mei-

163 3475 273 3518 nek.
304 3478 320 3530 ΙΙ
350 3502 406 3510 -
426 3478 522 3520 865.
545 3477 621 3520 ἀπὸ
636 3477 676 3519 δὲ
692 3482 767 3519 τῶν
792 3477 848 3519 Μ.
868 3480 1040 3527 Auem-3
1062 3472 1146 3518 em.
1169 3476 1292 3516 Voss.
1317 3476 1335 3529 u
1360 3498 1417 3507 —

180 3539 275 3580 868.
302 3538 422 3594 ῥεῦμα
453 3539 591 3595 ῥάξεως
620 3540 854 3596 ἔπιμιγέσθω
875 3538 1036 3588 ἔκατέως
1065 3538 1222 3595 ἒφοτιεις
1241 3541 1413 3590 Αυοηι.;

165 3610 262 3652 em.
280 3600 504 3642 Buttmann
525 3602 567 3642 in
598 3602 802 3643 Niebuhr.
836 3604 992 3658 Opusc.
1018 3603 1054 3652 1,
1085 3614 1128 3657 p.
1166 3601 1264 3655 397.
1285 3600 1415 3642 Heca-

175 3660 244 3702 toei
265 3674 418 3702 nomen
432 3661 518 3717 jam
531 3674 693 3705 eruerat
710 3665 897 3720 Toupius
916 3664 966 3705 ad
984 3663 1163 3720 Hesych.
1184 3677 1226 3719 p.
1252 3663 1291 3704 5.
1316 3663 1333 3717 ΙΙ
1357 3685 1415 3695 -

180 3725 278 3779 871.
306 3721 420 3773 ἔξεισι
450 3724 491 3766 Bi
514 3729 614 3776 An.;
642 3741 725 3768 em.
755 3726 936 3768 Mcinek.
966 3728 1139 3769 Tanaim
1172 3724 1412 3768 bracchium

178 3799 267 3828 esse
297 3780 445 3829 Araxis
463 3788 576 3829 fluvii
594 3802 688 3829 cum
716 3790 906 3830 necata-o
937 3791 1058 3830 ctiam
1084 3788 1319 3832 Aristoteles
1336 3795 1415 3829 sta-

179 3849 259 3891 tuit
275 3849 492 3892 Meteon-01.
508 3852 546 3901 1,
571 3851 619 3891 13
640 3863 649 3891 t
668 3850 814 3891 Τούτου
832 3851 867 3891 δ’
887 3851 1060 3899 ὁΤάναϊς
1077 3850 1327 3906 ἅποσχίζεται
1347 3850 1414 3906 μέ-

181 3925 246 3965 ρος
260 3913 315 3952 ὣν
334 3910 386 3961 είς
404 3910 474 3964 τὴν
494 3912 697 3954 Naum-232
710 3913 870 3967 λίμνην.
893 3914 927 3954 Ε
948 3913 1038 3954 lacu
1054 3915 1214 3955 Tanain
1234 3913 1413 3969 proflue-

180 3986 227 4014 re
244 3973 437 4030 Ephorus
457 3975 618 4031 putavit
635 3989 729 4017 cum
747 3975 961 4016 Herodoto
979 3977 1055 4026 IV,
1075 3978 1126 4030 57
1150 3989 1159 4017 :
1180 3976 1324 4023 Τάναϊς
1348 3989 1415 4017 πο-

178 4035 317 4091 ταμὸς,
338 4038 379 4085 ’ὸς
396 4037 531 4093 §ez-..231
555 4037 735 4080 ἀνέκαθεν
752 4036 794 4079 ἐκ
808 4037 946 4094 λίμνης
963 4037 1135 4094 μεγάλης
1153 4037 1411 4094 ὁρμώμενος,

969 178 1259 225 ΑΝΟΝΥΜΙ
1295 177 1484 239 (vomo
1515 180 1746 229 SCYMNl
1782 182 1938 247 Cffll)

2569 191 2738 266 (um->j

1493 292 1742 349 Panticapen
1759 301 2011 349 transgmso
2024 311 2243 343 occurrere
2258 302 2538 345 Limnoeorum
2554 313 2733 359 gentem,

1494 361 1674 419 aliasque
1684 363 1821 420 plum
1834 365 1919 406 suis
1933 365 2111 421 singulas
2120 370 2359 419 nominibus
2377 371 2488 414 haud
2504 382 2637 426 notas,
2759 366 2772 419 ⁴.

1494 430 1742 473 Nomadicas
1756 446 1858 488 quas
1877 441 2051 486 vocant,
2069 435 2159 491 pias
2176 436 2426 491 admodum,
2740 434 2790 479 '⁴‘

1495 512 1547 539 ex
1571 498 1724 555 quibus
1751 514 1876 542 nemo
1891 500 1997 543 ullus
2017 502 2218 546 animanti
2239 504 2386 549 inserat
2406 507 2626 564 injuriam;
2755 475 2808 653 ζ

1493 565 1642 609 domos
1666 566 1739 624 (in
1755 568 1974 625 plaustris)
1988 569 2158 622 vehunt,
2177 579 2224 613 ut
2242 573 2314 624 ait,
2334 588 2383 616 ac
2397 577 2581 619 victitant
2772 624 2782 630 „.
2805 624 2808 628 ,

1495 633 1596 676 lacte
1615 635 1898 692 Scythicisque
1912 651 2114 693 equarum
2132 639 2368 682 mulctibus.
2783 652 2808 692 ’Ξῖ

1494 702 1655 744 Vivunt
1673 717 1772 746 vero
1794 705 1850 746 ita
1860 713 1907 746 ut
1922 707 2160 748 communia
2179 722 2266 749 esse
2283 711 2471 752 omnium
2784 692 2808 743 l*

1493 769 1702 813 destinent
1714 775 1814 828 o'poe
1824 780 1866 815 et
1886 782 2078 816 cunctam
2098 774 2309 819 familiam.
2785 766 2808 855 ξ

1493 839 1725 895 Sapientem
1740 854 1907 897 quoque
1925 843 2180 886 Anacharsin
2199 860 2248 887 ex
2265 846 2329 888 his
2345 848 2582 890 Nomadicis

1494 907 1629 962 inquit
1646 906 1784 958 fuisse,
1805 909 1994 951 omnium
2013 911 2221 966 piissimis.
2799 910 2808 927 ’Ἴ

1801 977 1863 1017 Ac
1881 977 2102 1019 nonnullos
2118 992 2263 1022 eorum
2282 982 2324 1022 in
2341 984 2479 1025 Asiam
2803 968 2808 1009 ’Ῐ

1494 1051 1764 1097 transgressos
1785 1043 1924 1086 sedem
1944 1045 2095 1097 fixisse,
2114 1060 2220 1102 quos
2235 1057 2278 1090 et
2294 1051 2413 1093 Sacas

1493 1120 1657 1154 vocant.
1681 1113 1956 1156 Clarissimam
1979 1129 2079 1156 vero
2095 1124 2256 1170 gentem
2275 1117 2378 1161 dicit

1491 1182 1827 1224 Sauromatarum
1851 1190 1893 1224 et
1906 1182 2160 1225 Gelonorum
2179 1193 2301 1240 atquc
2321 1189 2481 1230 tertiam

1493 1249 1819 1305 Agathyrsorum
1834 1264 1958 1306 quam
1977 1253 2272 1306 cognominant
2286 1255 2469 1311 stirpem.
2479 1286 2508 1298 ..

1604 1320 1640 1359 A
1657 1319 1817 1359 Maeotis
1838 1327 1976 1360 autem
1991 1333 2143 1361 nomen
2158 1329 2277 1363 nacta

1489 1387 1649 1428 Maeotis
1660 1396 1722 1429 cst
1739 1387 1934 1445 deinceps
1951 1390 2027 1431 sita
2048 1389 2164 1446 palus
2177 1421 2189 1442 ,

1491 1457 1534 1497 in
1553 1470 1677 1512 quam
1698 1458 1869 1509 Tanais,

1490 1527 1562 1581 qui
1578 1526 1631 1568 ab
1646 1529 1782 1569 Araxe
1801 1528 1928 1570 fluvio
1950 1528 2082 1571 undas
2102 1531 2274 1586 accipit,

1491 1595 1735 1650 ingreditur,
1760 1605 1806 1639 ut
1821 1599 2032 1639 Hecataeus
2050 1597 2152 1640 dicit
2169 1601 2413 1642 Ereti-tensis
2426 1633 2438 1652 ,

1490 1672 1537 1705 ut
1553 1679 1650 1705 vero
1667 1665 1859 1720 Ephorus
1881 1667 2077 1716 narravit,
2097 1681 2147 1708 ex
2162 1667 2311 1723 palude
2330 1669 2531 1724 quadam,

1490 1730 1607 1787 cujus
1630 1733 1831 1774 terminus
1847 1734 1990 1788 nequit
2008 1733 2198 1787 indicari,
2218 1737 2411 1791 prolluit;
2432 1738 2517 1779 exit
2528 1746 2665 1781 autem
2729 1776 2732 1780 .
2800 1762 2808 1787 ,ς

1490 1799 1643 1856 duplici
1666 1800 1781 1841 alveo
1802 1802 1844 1842 in
1867 1800 2020 1843 dictam
2803 1797 2808 1843 ἶ

1490 1869 1657 1910 Maeotin
1674 1869 1800 1924 inque
1817 1870 2047 1925 Bosporum
2066 1871 2376 1914 Cimmericum.

2054 1964 2161 1973 ——.

2498 2099 2619 2103 —-----
2645 2101 2699 2108 ,-

1492 2164 1643 2207 ἐκδιδοῖ
1669 2165 1710 2207 δὲ
1743 2165 1780 2214 ἐς
1805 2166 1908 2221 μέζω
1933 2164 1991 2207 ἔτι
2030 2165 2173 2221 λίμνην
2210 2165 2449 2222 καλευμένην
2478 2166 2664 2221 Μαιῆτιν,
2700 2171 2725 2223 ἦ

1489 2226 1632 2283 οὐρίζει
1648 2227 1794 2276 Σκύθας
1811 2242 1852 2269 τε
1867 2227 1955 2275 τοῦς
1977 2226 2199 2282 βασιληίους
2216 2227 2282 2268 καὶ
2305 2227 2569 2286 Σαυρομάτας.
2597 2232 2727 2285 Quod

1489 2304 1587 2332 vero
1609 2289 1662 2331 de
1684 2288 1850 2331 duobus
1877 2290 2008 2331 Tanai
2027 2289 2141 2331 ostiis
2170 2290 2212 2330 in
2238 2290 2475 2333 Maeotidem
2497 2306 2546 2334 ac
2567 2293 2725 2349 Bospo-

1488 2366 1583 2393 rum
1605 2351 1853 2394 cxeuntihus
1880 2351 2073 2407 Ephorus
2094 2353 2250 2403 statuit,
2275 2351 2372 2394 alibi
2394 2367 2461 2395 me
2482 2353 2616 2410 tegere
2640 2370 2726 2399 non

1489 2416 1675 2457 memini.
1703 2414 1866 2468 Quodsi
1896 2414 1998 2455 nihil
2015 2412 2129 2455 aliud
2153 2423 2299 2456 auctor
2325 2415 2518 2458 voluisset
2542 2417 2621 2459 nisi
2649 2417 2728 2461 du·

1487 2479 1582 2534 plici
1602 2480 1709 2520 ostio
1722 2479 1897 2521 Tanaim
1914 2478 1956 2519 in
1971 2477 2210 2522 Maeotidem
2236 2479 2411 2521 influere
2427 2480 2444 2534 (
2462 2493 2587 2535 quem
2616 2495 2725 2525 non·

1488 2541 1587 2582 nulli
1612 2555 1690 2597 pro
1713 2542 1840 2597 ipsius
1865 2540 1989 2582 Tanai
2018 2548 2134 2596 parte
2157 2539 2410 2596 habebant),
2436 2540 2533 2584 inde
2564 2546 2724 2587 veroin

1487 2603 1757 2645 Cimmerium
1777 2605 2010 2659 Bosporum
2032 2615 2043 2644 z
2068 2603 2176 2644 miro
2193 2617 2291 2644 sanc
2313 2601 2440 2647 modo
2453 2602 2541 2645 haec
2557 2617 2725 2660 expres·

1486 2679 1530 2707 sa
1547 2665 1698 2708 forent.
1722 2666 1774 2707 Ni
1789 2664 1919 2715 fallor,
1938 2665 2131 2720 Hypanin
2145 2664 2317 2705 fluvium
2340 2677 2418 2720 pro
2432 2663 2560 2706 altero
2572 2665 2725 2709 Tanai·

1487 2726 1550 2768 dis
1576 2728 1770 2769 bracchio
1798 2727 1965 2776 habuit;
1994 2727 2028 2767 is
2048 2726 2159 2767 enim
2189 2727 2336 2767 unicus
2367 2734 2429 2767 est
2451 2726 2624 2778 fluvius,
2649 2731 2720 2784 qui

1486 2789 1539 2831 ab
1560 2791 1719 2831 oriente
1745 2790 1786 2830 in
1805 2790 2036 2843 Bosporum
2065 2796 2197 2829 exeat.
2219 2788 2327 2829 Hinc
2351 2788 2473 2829 etiam
2493 2788 2721 2845 explicare.

1486 2853 1566 2893 rim
1593 2852 1729 2893 locum
1749 2850 1863 2891 Vibii
1892 2850 2123 2905 Sequestri,
2154 2850 2225 2904 qui
2251 2848 2363 2904 quod
2385 2849 2507 2905 vulgo
2523 2849 2578 2893 de
2591 2852 2721 2908 Tanai

1486 2914 1664 2969 Europae
1687 2913 1875 2967 Asiaequc
1897 2911 2075 2953 termino
2095 2910 2359 2967 praedicatur,
2382 2910 2493 2954 idem
2511 2910 2565 2955 de
2582 2913 2726 2971 Hypn-

1487 2977 1529 3016 ni
1548 2975 1649 3017 dicit
1665 2990 1711 3031 p.
1742 2988 1784 3016 11
1809 2973 1877 3015 cd.
1896 2973 2083 3015 Oberlin.
2106 2986 2116 3015 ε
2142 2973 2334 3030 Hypanis
2356 2974 2543 3029 Scy-eluite,
2561 2976 2649 3033 qui,
2674 2987 2722 3021 ue
2792 2999 2808 3046 ⁴2

1485 3038 1550 3079 aie
1569 3038 1716 3081 Gallus
1740 3058 1757 3074 ι
1784 3040 1871 3079 Uno
1884 3036 2046 3078 tellures
2065 3034 2224 3078 dividit
2242 3051 2359 3078 amne
2379 3036 2511 3088 duas,-
2532 3055 2549 3078 ι
2569 3039 2722 3084 Asiam

1485 3101 1590 3142 enim
1610 3101 1663 3141 ab
1679 3104 1847 3156 Europa
1861 3107 2042 3156 separat.
2066 3098 2254 3140 Aliorum
2277 3097 2330 3140 de
2339 3100 2469 3143 Tanai
2493 3100 2535 3142 in
2549 3101 2723 3147 Maeotit}
2790 3095 2791 3099 Ἰ

1484 3173 1525 3206 ct
1554 3165 1748 3220 Caspium
1780 3177 1892 3204 marc
1913 3170 2090 3203 exeunte
2116 3163 2332 3217 opiniones
2350 3177 2391 3205 v.
2421 3176 2489 3218 ap.
2514 3161 2718 3208 Ukertum
2775 3215 2777 3218 ¹

1484 3228 1562 3278 111,
1593 3240 1634 3277 2,
1665 3240 1708 3281 p.
1735 3225 1811 3279 ¹93
1845 3239 1936 3280 sqq.
1973 3224 2114 3265 Verbo
2145 3225 2353 3266 monuisse
2377 3222 2494 3266 liceat
2516 3224 2624 3268 inter
2646 3240 2725 3274 eos

1484 3290 1555 3344 qui
1592 3288 1645 3330 de
1674 3288 1803 3330 Tanai
1837 3286 2058 3328 laudantur
2090 3289 2310 3343 scriptores
2336 3286 2461 3329 etiam
2492 3287 2716 3344 Scymnum

1484 3351 1622 3393 afferri
1642 3350 1753 3407 apud
1779 3349 1908 3391 schol.
1934 3349 2068 3406 Apoll.
2099 3348 2236 3391 Rhod.
2265 3350 2343 3400 IV,
2368 3350 2472 3400 284,
2497 3348 2569 3391 uhi
2590 3364 2641 3393 ex
2666 3364 2720 3396 eo
2773 3352 2800 3402 fs

1485 3422 1676 3455 narratur
1702 3415 1959 3466 Argonautas
1983 3426 2058 3467 per
2085 3411 2259 3453 Tanaim
2286 3424 2450 3453 sursum
2484 3410 2776 3466 navigasse,

1484 3489 1532 3517 ac
1553 3473 1704 3517 deinde
1738 3488 1884 3516 navem
1910 3473 2102 3515 cductam
2125 3488 2200 3530 per
2222 3481 2371 3515 terram
2397 3473 2439 3515 in
2464 3486 2576 3515 mare
2603 3475 2719 3532 Mug-
2735 3471 2741 3475 Α

1484 3551 1586 3579 num
1608 3546 1923 3594 transportassc;
1949 3551 2041 3592 quae
2065 3535 2232 3592 quidem
2271 3549 2348 3577 nec
2381 3533 2573 3590 leguntur
2606 3531 2720 3593 apud

1484 3599 1681 3642 Nostrum
1700 3614 1834 3655 nequo
1852 3599 1928 3654 legi
1955 3599 2011 3645 ibi
2029 3606 2220 3655 poterant
2235 3628 2246 3648 ‚
2270 3598 2345 3639 nisi
2379 3596 2548 3639 sortasse
2570 3606 2717 3654 praeter
2772 3597 2799 3659 ἶ

1485 3662 1661 3703 Hecatzri
1683 3671 1723 3704 ct
1745 3662 1901 3718 Ephori
1935 3661 2157 3703 sententias
2183 3659 2307 3701 etiam
2334 3658 2454 3711 alias,
2482 3672 2584 3715 quas
2601 3662 2717 3703 Ano·
2771 3700 2791 3717 r

1485 3737 1634 3779 aymus
1650 3725 1856 3774 omiserit,
1880 3723 2018 3765 allatas
2035 3737 2122 3764 esse
2137 3721 2286 3775 fingas3
2308 3718 2379 3762 sed
2409 3734 2542 3776 neque
2559 3728 2714 3770 tantam

1484 3800 1623 3828 rerum
1651 3787 1877 3828 ubertatem
1903 3786 1945 3827 in
1976 3782 2225 3841 compendio
2262 3791 2405 3824 nostro
2441 3781 2717 3839 deprehendi·
2748 3822 2756 3832 ,

1485 3863 1599 3898 mus,
1646 3864 1779 3905 neque
1821 3848 2023 3904 ipsissima
2065 3845 2231 3902 Scymni
2266 3843 2412 3895 verba,
2460 3858 2552 3899 quae
2593 3842 2714 3887 ass'en
2733 3846 2794 3890 ί.

1483 3911 1696 3953 scholiasta
1713 3943 1723 3962 ,
1751 3912 1986 3967 poeticum,
2020 3908 2092 3950 sed
2115 3907 2347 3965 prosaicum
2381 3919 2486 3962 opus
2518 3912 2708 3961 arguunt.

1489 3976 1506 4028 ΙΙ
1553 3998 1609 4005 -
1652 3976 1853 4029 87[.·886.
1903 3975 2104 4025 Annnym.
2146 3984 2196 4027 p.
2240 3982 2265 4011 2
2311 3970 2389 4017 ΙΙ.,
2437 3983 2485 4025 p.
2525 3970 2639 4018 2062
2682 3967 2716 4008 6

1486 4038 1598 4079 Gall.
1634 4039 1727 4093 11—
