2782 4348
496 0 545 41 ·
811 36 813 38 ,

710 72 755 118 O

166 199 253 240 ωε
528 176 582 258 .’

164 354 236 402 καὶ
258 355 304 401 οὗ
321 354 453 413 λέγων
476 350 552 407 τὴν

165 427 311 487 μικροῦ
333 421 525 485 διαφόρω
547 418 617 465 τὸν
641 413 885 489 ἀδικηθέντα
908 412 1161 476 ἐξαγοράσας
1175 411 1209 475 )·

263 527 424 567 Βοιωτὸν
439 525 553 573 ἄνδρα
569 521 697 570 στέργε
707 546 720 566 ,
737 519 805 564 τὴν
819 516 1001 557 Βοιωτίαν

264 585 314 632 μή
332 580 447 631 φεῦγ’·
468 580 490 616 ὁ
504 578 569 627 μὲν
583 576 655 625 γὰρ
668 573 845 624 χρηστὸς,
858 574 884 620 ἡ
900 573 934 612 δ’
950 572 1131 626 ἐφίμερος·

229 681 287 710 23.
314 663 526 710 Ἐντεῦθεν
558 659 615 710 εἰς
633 654 855 713 Ἀνθηδόνα
888 656 1039 704 στάδια
1066 654 1151 719 ρξ’·
1177 657 1268 710 ὁδὸς
1290 622 1413 703 axa-⁸

169 736 255 792 γία·
283 728 548 789 ἁμαξήλατος
579 726 632 772 δι’
662 727 800 788 ἀγρῶν
833 724 999 788 πορεία.
1068 725 1123 773 Ἥ
1153 724 1196 772 δὲ
1215 726 1333 779 πόλις
1354 726 1401 772 οὗ

166 800 326 860 μεγάλη
346 800 406 860 τῷ
437 795 623 858 μεγέθει,
648 796 714 841 ἐπ’
738 796 866 851 αὐτῆς
883 797 957 851 τῆς
992 794 1201 852 Εὗὸοῖκῆς
1232 793 1401 855 κειμένη

166 869 387 922 θαλάττης·
409 864 482 921 τὴν
506 864 580 924 μὲν
600 863 754 926 ἀγορὰν
775 863 930 927 ἔχουσα
949 863 1222 926 κατάδενδρον
1243 871 1401 920 πᾶσαν,

166 938 302 989 στοαῖς
325 933 629 995 ἀνειλημμένην
661 933 829 984 διτταῖς.
900 931 1016 988 Αὕτη
1044 932 1087 978 δὲ
1110 931 1260 985 εὕοινος
1275 967 1288 989 ,
1314 931 1403 978 εὔο-

163 1012 255 1070 ψος,
282 1005 407 1052 σίτων
425 1003 679 1057 σπανίζουσα
697 1001 766 1047 διὰ
781 1001 829 1047 τὸ
847 1000 923 1058 τὴν
942 1000 1084 1064 χώραν
1107 994 1213 1048 εἶναι
1230 1000 1403 1063 λυπράν.

165 1076 235 1137 (29)
257 1077 313 1122 Οἱ
334 1075 368 1120 δ’
392 1076 639 1125 ἐνοικοῦντες
662 1070 808 1134 σχεδὸν
843 1070 993 1123 πάντες
1016 1071 1162 1128 ἁλιεῖς,
1192 1070 1263 1117 ἀπ’
1285 1070 1404 1133 ἀγκί-

166 1164 298 1207 στρων
317 1145 388 1191 καὶ
402 1141 569 1206 ἰχθύων,
586 1141 645 1189 ἔτι
661 1141 704 1187 δὲ
723 1140 794 1187 καὶ
812 1141 1023 1205 πορφύρας
1041 1140 1113 1187 καὶ
1129 1141 1322 1203 σπόγγων
1338 1141 1404 1187 τὸν

169 1216 256 1277 βίον
278 1214 458 1276 ἔχοντες,
482 1215 524 1259 ἐν
559 1214 760 1275 αἰγιαλοῖς
783 1230 827 1257 τε
851 1211 923 1257 καὶ
950 1210 1071 1274 φύκει
1101 1210 1174 1256 καὶ
1203 1210 1406 1263 καλύὸαις

168 1283 568 1347 καταγεγηρακότες·
589 1280 738 1345 πυρροὶ
757 1282 845 1333 ταῖς
864 1280 983 1344 ὄψεσι
1002 1280 1154 1337 πάντες
1176 1299 1220 1326 τε
1240 1280 1405 1337 λεπτοὶ,

167 1354 219 1400 τὰ
239 1354 272 1399 δ’
294 1352 401 1415 ἄκρα
418 1354 499 1397 τῶν
523 1350 681 1414 ὀνύχων
698 1348 1083 1412 καταὸεὸρωμένοι,
1101 1355 1191 1402 ταῖς
1206 1348 1313 1396 κατὰ
1334 1349 1406 1396 θά·

168 1427 323 1470 λατταν
336 1420 546 1486 ἐργασίαις
557 1421 924 1485 προσπεπονθότες,
947 1420 1144 1483 πορθμεῖς
1166 1422 1202 1467 οἱ
1221 1421 1406 1466 πλεῖστοι

168 1493 239 1540 καὶ
269 1491 496 1553 ναυπηγοὶ,
532 1489 608 1547 τὴν
641 1489 685 1536 δὲ
714 1491 859 1552 χώραν
891 1490 970 1551 οὔχ
1003 1482 1085 1536 οἷον
1120 1489 1406 1553 ἐργαζόμενοι,

169 1563 262 1608 ἀλλ’
282 1558 374 1607 οὐδὲ
405 1561 589 1622 ἔχοντες,
613 1558 759 1612 αὑτοὺς
792 1558 1017 1623 φάσκοντες
1051 1558 1275 1620 ἀπογόνους
1303 1552 1406 1606 εἶναι

169 1630 360 1680 Γλαύκου
380 1634 451 1676 τοῦ
471 1627 697 1675 θαλασσίου
713 1663 726 1688 ,
751 1627 795 1680 ὃς
818 1627 956 1680 ἁλιεὺς
973 1622 1023 1685 ἦν
1047 1628 1403 1690 ὁμολογουμένως.

170 1702 240 1763 (25)
259 1700 311 1748 ‘H
335 1698 409 1760 μὲν
434 1692 502 1746 οὖν
523 1698 703 1747 Βοιωτία
722 1697 919 1754 τοιαύτη·
944 1700 988 1743 αἰ
1019 1696 1101 1761 γὰρ
1126 1698 1311 1747 Θεσπιαὶ
1340 1716 1407 1762 φι-

168 1769 358 1830 λοτιμίαν
393 1765 530 1832 (μὲν)
552 1768 694 1831 ἔχουσι
729 1766 850 1827 μόνον
884 1767 1042 1829 ἀνδρῶν
1067 1767 1139 1813 καὶ
1165 1766 1408 1830 ἀνδριάντας

169 1834 213 1885 εὖ
236 1837 568 1898 πεποιημένους,
590 1837 692 1883 ἄλλο
715 1835 848 1883 οὐδέν.
918 1836 1148 1899 Ἱστοροῦσι
1168 1835 1203 1882 δ’
1219 1839 1256 1883 οῖ
1277 1837 1408 1884 Βοιω-

168 1909 231 1954 τοὶ
248 1908 301 1954 τὰ
321 1910 413 1954 κατ’
439 1906 587 1960 αὐτοὺς
607 1907 848 1969 ὑπάρχοντα
864 1905 949 1952 ἴδια
974 1905 1254 1969 ἀκληρήματα
1270 1905 1409 1968 λέγον-

168 1994 234 2029 τες
273 1980 406 2023 ταῦτα
425 1994 435 2005 ·
475 1974 550 2031 τὴν
602 1974 676 2035 μὲν
729 1974 1066 2037 αἰσχροκέρδειαν
1112 1982 1317 2023 κατοικεῖν
1364 1979 1406 2023 ἐν

169 2045 375 2108 Ὠρωπῷ,
395 2043 462 2089 τὸν
498 2043 539 2089 δὲ
564 2043 708 2107 φθόνον
728 2045 768 2090 ἐν
790 2044 1019 2107 Τανάγρᾳ,
1048 2044 1124 2101 τὴν
1156 2044 1405 2108 φιλονεικίαν

171 2116 460 2169 ἐν’Θεσπιαῐς,
483 2111 698 2176 τὴν-ὕὸριν
730 2114 771 2158 ἐν
801 2113 983 2174 θήὸαις,
1002 2114 1079 2170 τὴν
1111 2113 1345 2168 πλεονεξίαν
1366 2117 1407 2162 ἐν

118 2208 121 2211 ·
169 2182 399 2241 Ἀνθηδόνι,
420 2181 495 2239 τὴν
515 2182 755 2246 περιεργίαν
776 2184 818 2227 ἐν
848 2183 1084 2247 Κορωνείᾳ,
1103 2185 1144 2229 ἐν
1174 2185 1409 2237 Πλαταιαῖς

169 2252 244 2308 τὴν
264 2251 525 2312 ἀλαζονείαν,
552 2251 621 2297 τὸν
647 2251 822 2312 πυρετὸν
846 2252 888 2297 ἐν
909 2251 1160 2316 Ὀγχηστῷ,
1193 2252 1269 2309 τὴν
1289 2254 1406 2299 ἀναι-

170 2321 342 2378 σθησίαν
373 2323 415 2366 ἐν
445 2319 669 2383 Ἁλιάρτῳ.
738 2321 848 2368 Τάδ’
866 2323 911 2366 ἐκ
946 2322 1084 2378 πάσης
1116 2325 1189 2378 τῆς
1207 2321 1409 2376 Ἑλλάδος

169 2499 285 2541 Stob.
306 2498 448 2541 Floril.
470 2499 564 2550 123,
596 2498 636 2539 5.
657 2499 851 2540 Ceterum
872 2499 1038 2553 ignotus
1056 2498 1201 2541 homo.
1229 2501 1285 2541 V.
1304 2500 1409 2541 Mei-

170 2561 274 2603 nekc
288 2562 409 2604 Com.
425 2562 461 2612 1,
493 2575 537 2617 p.
555 2563 654 2615 492.
673 2561 751 2611 IV,
783 2574 828 2616 p.
855 2559 952 2615 574.
980 2561 996 2615 ΙΙ
1037 2585 1095 2592 -
1123 2560 1177 2617 ἐφ
1195 2561 1306 2618 ίμερ
1324 2577 1345 2602 ο
1361 2563 1407 2617 ς]

172 2622 357 2680 ἐφήμερος
375 2622 533 2674 codex;
554 2637 637 2665 em.
651 2622 898 2678 Stephanus.

228 2686 296 2727 23.
317 2685 416 2741 ἁμα
430 2685 448 2733 ξ
461 2685 485 2737 ή
499 2685 563 2726 λα
578 2700 661 2733 τος
685 2686 700 2741 ]
724 2685 788 2726 Ibi
807 2685 958 2727 doeinit
994 2685 1278 2742 apographum
1305 2687 1411 2727 Her-

172 2748 422 2790 vortianum.
453 2750 469 2801 l]
493 2772 550 2780 —
586 2747 868 2804 θαλάττης]
895 2747 1090 2800 θαλάσσης
1122 2747 1166 2789 h.
1198 2747 1226 2790 l.
1259 2747 1406 2790 codex.

177 2813 193 2865 Η
224 2835 281 2843 —
313 2815 426 2852 σιτῶν
445 2813 459 2864 ]
482 2812 548 2853 Sic
581 2810 794 2852 Jacobsius
826 2810 878 2853 ad
901 2810 1195 2853 Philostratum
1227 2825 1270 2867 p.
1302 2812 1408 2861 5333

172 2872 279 2914 σίτου
299 2872 553 2928 Stephanus;
575 2872 670 2927 σίτῳ
689 2871 835 2913 codex.

227 2938 251 2989 S
280 2938 350 2985 24.
372 2934 646 2991 πορφύρας]
668 2939 867 2990 πορφυρῶν
888 2935 1043 2977 mavult
1056 2935 1298 2977 Vulcanius.
1322 2937 1339 2990 {l
1355 2959 1411 2967 —

136 3027 139 3030 -
172 2997 349 3055 πυρροὶ
368 2999 402 3054 ],
427 3010 512 3039 non
537 3010 677 3048 coma,
701 3005 748 3038 ut
767 2996 967 3038 Mullerus
983 3005 1116 3053 putat,
1135 2996 1245 3039 Min.
1275 3011 1319 3053 p.
1338 3010 1408 3051 29,

173 3074 252 3103 nec
284 3058 406 3111 suco,
438 3067 486 3101 ut
514 3058 718 3110 Fuhrius;
748 3057 820 3100 sed
838 3058 935 3100 solis
956 3067 1057 3101 aestu
1078 3057 1212 3100 adusti
1234 3066 1411 3114 cuteque

172 3122 302 3175 rutili,
318 3130 367 3165 ut
387 3121 519 3165 solent
535 3122 578 3163 in
601 3122 705 3163 mari
725 3122 851 3163 vitam
866 3121 1075 3177 degentes.
1098 3122 1115 3178 ΙΙ
1133 3145 1191 3154 -
1208 3122 1408 3177 πορθμεῖς]

170 3200 195 3227 e
215 3184 326 3242 conj.
347 3184 542 3242 Stephani
558 3200 570 3237 3
587 3184 777 3241 πορθμοῖς
799 3183 947 3227 codex.
970 3186 987 3240 ΙΙ
1011 3209 1068 3217 —
1084 3183 1220 3233 αὖτοὺς
1242 3185 1258 3241 ]
1278 3183 1413 3233 αὐτοὺς

171 3248 266 3291 cod.
775 3259 778 3262 '

229 3314 252 3367 S
286 3311 356 3353 25.
396 3310 634 3368 Θεσπιαί]
666 3310 874 3354 Θεσπεσιαί
904 3310 1000 3354 cod.
1040 3312 1058 3367 ΙΙ
1093 3334 1151 3343 -
1178 3310 1280 3369 φιλ.
1327 3311 1411 3367 μὲν

174 3375 347 3430 ἔχουσι
364 3374 474 3416 κτλ.
495 3375 510 3431 ]
533 3376 671 3417 Locus
697 3383 933 3432 corruptus.
957 3373 1162 3418 Particula
1185 3372 1269 3432 ph,
1286 3388 1411 3431 quam

172 3437 290 3477 uncis
312 3436 474 3488 inclusi,
492 3444 584 3478 orta
601 3451 652 3478 ex
666 3435 947 3494 dittographia
969 3437 1081 3479 vocis
1100 3436 1236 3494 μόνον.
1248 3438 1311 3484 In
1326 3435 1413 3479 edi·

172 3498 355 3540 tionibus
375 3513 471 3541 mox
494 3498 642 3554 legitur
661 3499 762 3541 ἄλλο
780 3499 821 3542 δὲ
843 3499 975 3552 οὖδένς
995 3498 1068 3542 sed
1090 3498 1224 3543 codex
1237 3513 1323 3543 non
1338 3499 1412 3542 ha·

170 3560 243 3602 bet
254 3561 495 3617 particulam
517 3561 574 3613 δὲ,
603 3577 727 3618 quam
743 3562 862 3605 editt.
885 3563 941 3605 ob
958 3561 1193 3620 praecedens
1213 3561 1281 3620 μὶν
1305 3563 1414 3605 intu-

169 3622 324 3665 lerunt.
356 3623 452 3664 Vox
483 3622 630 3678 ἀνδρῶν
659 3623 801 3680 jejuna
836 3625 1030 3668 hocloco
1057 3641 1105 3668 ac
1145 3625 1413 3683 probabiliter

170 3698 223 3727 ex
243 3684 375 3741 glossa
393 3684 446 3727 ad
475 3699 616 3727 vocem
641 3686 865 3742 ἀνδριάντας
886 3697 981 3730 nata
1002 3698 1077 3731 est.
1105 3691 1187 3731 Pro
1209 3684 1252 3731 εὖ
1279 3688 1411 3732 codex

170 3746 295 3790 habet
315 3745 377 3799 οὗ,
412 3746 528 3803 quod
549 3762 631 3790 em.
665 3750 910 3805 Stephanus.
935 3753 1026 3793 Jam
1050 3766 1179 3807 quum
1210 3750 1305 3794 dure
1332 3752 1414 3794 sint

170 3824 237 3852 res
258 3809 315 3852 ob
335 3823 439 3866 quas
456 3809 646 3867 Thespiae
666 3810 861 3853 celebrari
878 3812 1049 3865 soleant,
1071 3830 1219 3871 nempe
1246 3814 1414 3871 Ἐρώτια

170 3874 256 3915 sive
276 3870 504 3929 Ἐρωτίδια,
522 3871 671 3915 festum
687 3874 992 3930 quinquennale
1010 3890 1105 3917 cum
1121 3875 1416 3919 certaminibus

173 3935 339 3978 musicis
357 3950 404 3978 ac
433 3936 636 3993 gymnicis
660 3938 873 3990 (Pausan.
902 3939 978 3987 IX,
1012 3939 1080 3989 31,
1115 3940 1165 3989 33
1204 3938 1412 3981 Plutarch.

171 4001 310 4040 Amat.
336 4014 373 4041 c.
400 4012 425 4040 2
446 4012 455 4040 :
487 3998 643 4057 Ἄγουσι
675 3998 751 4057 γὰρ
775 3998 908 4057 ἀγῶνα
931 4002 1226 4057 πενταετηρικὸν
1249 4001 1314 4044 καὶ
1330 4003 1416 4052 ταῖς

882 181 1235 231 chAEABCHI
1271 179 1392 228 vm.
1426 178 1644 228 Portus
1679 179 1963 227 numm

161 291 254 341 λύν.
299 290 442 352 (21)οἱ
464 288 598 351 στίχοι
620 284 815 348 Αάωνος(
831 283 980 347 γράφει
999 283 1036 329 δ’
1057 283 1235 328 ἐπαινῶν
1251 279 1398 334 αὐτοὺς
1464 278 1604 322 habet.
1628 334 1639 345 ⁶
1773 335 1783 344 ⁰
1878 336 1887 345 ·
2154 336 2163 344 .
2675 337 2684 346 .

584 348 779 404 ἀλήθειαν
791 362 803 373 ·
836 344 983 406 μοιχὸς
999 342 1081 406 γὰρ
1107 343 1231 397 ἁλοὺς
1249 342 1398 407 ἀφείθη
1463 348 1500 376 18
1515 333 1661 377 ambit
1674 332 1865 376 laudibus
1877 335 2041 377 illorum
2058 348 2187 388 magis
2201 334 2371 375 studens
2386 348 2511 430 quam
2527 343 2720 387 νεηιαιι,

1464 389 1768 500 ξῗιιιιιωαοέιιςιιο
1785 446 1919 501 pretio
1938 445 2133 502 placasset
2151 446 2301 499 injuria
2325 444 2518 486 affectum
2536 447 2551 497 )
2574 458 2584 485 ε

2514 179 2711 239 (ιτ-ιο.)

1665 280 1757 334 (22)
1779 281 1844 321 De
1875 280 2028 322 Boeotis
2061 280 2214 321 laeuis
2250 293 2388 320 volsus
2422 280 2710 344 (quamquam.
2748 287 2749 290 ’

1761 404 1898 431 tensus
1919 391 1962 431 in
1982 389 2186 432 adulterio
2199 390 2371 455 impunc
2422 390 2584 431 imissus
2601 398 2708 442 erat,

1551 533 1715 567 Boeotum
1728 540 1807 566 ama
1822 533 1951 570 virum.
1968 541 2035 567 uec
2051 541 2072 566 a
2085 533 2214 567 Boeotia

1549 582 1686 622 aticum
1699 590 1800 622 estez
1817 587 1876 622 ille
1890 591 1941 622 est
1953 586 2080 630 bonus,
2098 588 2162 623 iota
2182 588 2352 623 amabitis.

1525 664 1595 706 23.
1619 664 1729 706 Hinc
1761 663 1814 706 ad
1837 664 2128 707 Anthedonem
2150 664 2280 706 stadia
2310 669 2407 714 1603
2430 665 2494 705 via
2516 663 2707 719 obliqua,

1468 732 1744 789 plaustrisque
1761 747 1835 790 per
1855 748 1975 788 agros
1995 742 2105 790 patet
2121 734 2331 775 transitus.
2392 733 2502 775 Urbs
2523 748 2606 774 non
2623 747 2709 774 ma·

1474 816 1556 857 gna
1571 810 1656 854 est,
1675 803 1781 844 mari
1802 802 1991 844 Euboico
2008 801 2219 859 adjaoens3
2253 803 2388 844 sorum
2423 802 2543 844 habet
2577 810 2712 843 totum

1473 869 1695 911 arboribus
1716 870 1924 911 consitum
1939 900 1951 920 ,
1994 869 2103 911 binis
2137 872 2366 927 porticibus
2390 870 2709 912 circumdatum.

1470 938 1585 979 Vino
1605 946 1649 979 et
1676 937 1853 979 obsonio
1885 937 2092 989 abundat,
2126 938 2199 980 sed
2232 955 2317 982 non
2346 955 2493 996 magna
2516 940 2713 981 frumenti

1471 1007 1607 1064 copia,
1632 1006 1748 1063 quod
1768 1006 1903 1048 solum
1925 1006 2073 1062 gracile
2090 1006 2144 1048 sit
2158 1015 2198 1048 et
2216 1007 2396 1051 aridum.
2455 1012 2547 1063 (24)
2563 1008 2713 1051 Incolae

1469 1073 1776 1133 propemodum
1798 1089 1943 1115 omnes
1962 1074 2184 1131 piscatores
2205 1083 2323 1126 sunt,
2357 1090 2409 1117 ex
2426 1076 2559 1119 hamis
2587 1085 2627 1118 et
2651 1077 2714 1132 pi·

1470 1143 1625 1194 scibus,
1649 1157 1701 1185 ex
1718 1156 1906 1199 purpura
1924 1150 1965 1183 et
1991 1143 2174 1198 spongiis
2194 1143 2349 1183 victum
2366 1142 2447 1185 sibi
2468 1158 2712 1201 comparan-

1471 1220 1553 1263 toe3
1578 1212 1622 1253 in
1643 1211 1833 1253 litoribus
1855 1218 1978 1266 atque
2005 1210 2093 1266 alga
2114 1218 2155 1251 et
2178 1211 2354 1264 tuguriis
2386 1220 2712 1262 consenescunt;

1471 1279 1551 1322 rufi
1590 1294 1734 1321 omnes
1771 1287 1812 1320 et
1844 1278 2013 1334 graciles
2030 1294 2043 1329 ;
2081 1286 2217 1334 partes
2263 1278 2467 1332 unguium
2514 1285 2717 1321 extremas

1471 1363 1632 1392 arrosas
1653 1348 1829 1399 babent,
1854 1348 2007 1404 quippe
2024 1348 2195 1389 marinis
2214 1347 2410 1403 operibus
2428 1346 2583 1389 addicti
2598 1363 2608 1398 ;
2626 1347 2718 1403 plu-

1472 1420 1568 1461 rimi
1586 1419 1809 1476 portitores
1831 1419 2081 1474 naviumque
2102 1417 2381 1459 fabricatores.
2440 1418 2716 1459 Territorium

1473 1497 1636 1531 tantum
1671 1488 1786 1531 abest
1810 1496 1857 1529 ut
1878 1487 2036 1539 colant,
2071 1495 2117 1528 ut
2139 1501 2192 1528 ne
2225 1486 2404 1528 habeant
2427 1485 2597 1542 quidem
2612 1517 2623 1537 ,
2651 1486 2718 1527 di·

1472 1565 1611 1599 centoe
1630 1571 1674 1598 sc
1692 1571 1716 1598 a
1734 1555 1892 1599 Glauco
1911 1555 2073 1602 marino
2091 1553 2293 1596 oriundos
2314 1568 2418 1606 etse,
2443 1568 2568 1610 quem
2593 1554 2718 1596 fuisse

1472 1625 1719 1682 piscatorem
1761 1632 1936 1666 constat.
1997 1622 2089 1678 (25)
2128 1622 2238 1665 Talis
2275 1622 2401 1677 igitur
2436 1630 2499 1664 eet
2530 1622 2716 1674 Boeotia;

1474 1707 1572 1735 nam
1593 1693 1783 1749 Thespiae
1805 1692 1972 1735 nonnisi
1992 1692 2268 1734 certaminum
2286 1690 2425 1733 studio
2443 1699 2567 1747 atquc
2585 1699 2719 1734 statua

1473 1760 1630 1803 affabre
1653 1760 1758 1802 sacta
1770 1762 1788 1815 (
1802 1760 1885 1817 φιλ.
1909 1761 2029 1817 μόνον
2047 1758 2204 1815 ἔχουσιν
2224 1758 2404 1815 ἀγώνων,
2428 1758 2494 1800 καὶ
2513 1757 2722 1815 ἀνδριάντα

1475 1825 1518 1871 εὖ
1533 1829 1826 1885 πεποιημένον),
1846 1828 1924 1870 alia
1942 1843 1987 1871 re
2005 1828 2130 1880 nulla,
2151 1826 2438 1870 memorabiles
2473 1835 2585 1869 suut.
2616 1828 2723 1871 Nar·

1474 1905 1570 1940 rant
1590 1911 1688 1939 vero
1705 1897 1838 1939 Boeoti
1857 1896 2112 1952 singularum
2134 1895 2245 1953 apud
2269 1896 2379 1952 ipsos
2401 1895 2570 1937 urbium
2590 1894 2723 1937 insor-

1474 1965 1591 2007 tunia
1607 1963 1846 2021 hujusmodi
1869 1964 2003 2006 verbis
2025 1978 2035 2006 z
2061 1972 2183 2021 turpe
2214 1963 2378 2005 lucrum
2405 1962 2546 2005 sedem
2569 1962 2723 2006 habere

1474 2032 1586 2090 apud
1608 2034 1820 2090 Oropum,
1846 2031 2045 2074 invidiam
2070 2033 2294 2087 Tanagrae,
2323 2031 2605 2073 contentionis
2633 2040 2723 2073 stu·

1474 2105 1592 2149 dium
1619 2106 1732 2164 apud
1751 2107 1973 2164 Thespias,
1990 2108 2243 2163 proterviam
2261 2105 2434 2157 Thebis,
2455 2106 2722 2162 rapacitatem

1474 2178 1590 2235 apud
1609 2177 1919 2230 Anthedonem,
1941 2179 2221 2220 curiositatem
2240 2176 2354 2235 apud
2375 2178 2606 2220 Coroneam
2623 2208 2634 2227 ,
2651 2175 2717 2231 ja·

1479 2250 1677 2292 etantiam
1714 2249 1828 2306 apud
1863 2249 2052 2301 Plataeas,
2099 2248 2250 2291 febrim
2286 2249 2395 2306 apud
2437 2250 2692 2292 Onchestum
2708 2281 2725 2301 ,

1479 2322 1763 2380 stupiditatem
1797 2322 1909 2379 apud
1932 2322 2178 2365 Haliartum.
2238 2322 2312 2364 Illa
2333 2322 2561 2366 infortunia
2591 2338 2615 2365 e
2638 2330 2727 2365 tota

1482 2499 1653 2547 Μούσαις
1683 2498 1749 2540 καὶ
1781 2502 1839 2553 τῷ
1859 2497 1973 2553 ἔρωτι
2003 2497 2281 2553 φιλοτίμως
2308 2498 2406 2539 πάνυ
2430 2495 2495 2538 καὶ
2520 2495 2719 2552 λαμπρῶς,

1485 2562 1708 2604 Athenaeus
1728 2562 1848 2611 XIII,
1880 2575 1923 2616 p.
1961 2562 2056 2611 561,
2099 2562 2168 2611 E.;
2199 2560 2329 2602 schol.
2361 2558 2530 2602 Pindar.
2554 2557 2721 2615 Olymp.

1485 2626 1592 2675 vn;
1612 2622 1803 2666 Eustath.
1826 2624 1953 2664 Hom.
1974 2623 2023 2664 ΙΙ.
2050 2626 2102 2672 αἱ,
2126 2631 2232 2663 extr.
2257 2623 2288 2677 ),
2313 2630 2435 2677 atque
2451 2621 2618 2663 Amoris
2643 2629 2727 2663 sta·

1484 2694 1554 2728 tua
1568 2717 1580 2738 ,
1599 2684 1813 2728 Praxitelis
1823 2698 1944 2741 opus,
1968 2685 2144 2740 Phrynae
2164 2684 2225 2725 vel
2240 2684 2423 2740 Glycerae
2440 2682 2598 2725 donum
2618 2696 2628 2725 :
2649 2698 2732 2739 ego

1484 2746 1749 2790 scribendum
1764 2747 1952 2804 suspicor
1968 2759 1979 2788 ε
1996 2746 2233 2802 Φιλοτιμίαν
2251 2747 2371 2802 μόνον
2388 2745 2545 2802 ἔχουσιν
2559 2744 2724 2802 ἀγώνων

1485 2810 1550 2852 καὶ
1585 2809 1821 2866 ἀνδριάντων
1842 2804 1884 2850 εὖ
1917 2809 2184 2865 πεποιημένων
2219 2808 2281 2849 vel
2303 2809 2441 2865 potius
2461 2807 2667 2864 ἀνδριάντα
2683 2804 2731 2850 εἶ’.»
2776 2860 2782 2866 ,

1485 2873 1764 2929 πεποιημένονς
1789 2885 1885 2913 nam
1911 2885 2043 2913 unum
2067 2870 2167 2913 illud
2190 2870 2401 2914 Praxitelis
2422 2885 2529 2928 opus
2551 2869 2724 2913 indicari
2777 2875 2782 2896 ¹

1487 2942 1809 2977 consentaneum
1840 2941 1917 2975 est.
1943 2934 1997 2975 V.
2035 2932 2183 2975 Strabo
2205 2934 2282 2983 IX,
2316 2947 2359 2989 p.
2395 2936 2478 2983 luo
2514 2945 2525 2975 t
2563 2931 2730 2975 Θεσπιαὶ

1484 2997 1667 3054 πρότερον
1704 2996 1771 3054 μὲν
1805 2995 2061 3053 ἐγνωρίζοντο
2093 2995 2156 3037 διὰ
2187 2995 2254 3038 τὸν
2280 2995 2436 3053 Ἔρωτα
2456 2995 2524 3038 τὸν
2546 2994 2729 3053 Πραξιτί·

1484 3060 1574 3109 λους
1670 3060 1862 3116 Πρότερον
1884 3058 1951 3115 μὲν
1975 3054 2042 3099 οὗν
2064 3058 2264 3101 ἀνέὸαινον
2289 3058 2351 3101 ἐπὶ
2372 3056 2442 3110 τὴν
2466 3059 2554 3100 θέαν
2577 3058 2723 3113 (πόλιν

1483 3121 1592 3178 conj.
1613 3122 1767 3174 Theil.,
1785 3121 1970 3164 Θέσπειαν
1987 3123 2125 3164 Cram.
2144 3125 2176 3177 ),
2196 3121 2325 3170 ἄλλως
2339 3120 2409 3163 οὗκ
2423 3116 2542 3162 οὖσαν
2558 3119 2731 3170 ἀξιοθία·

1483 3201 1566 3228 τον.
1591 3186 1749 3229 Plinius
1770 3187 1929 3238 XXVI,
1956 3185 1978 3228 5
2002 3199 2011 3227 :
2041 3185 2239 3242 Ejusdem
2263 3187 2281 3241 (
2299 3184 2541 3240 Praxitelis)
2559 3193 2621 3227 est
2651 3188 2726 3227 Cu·

1477 3247 1636 3307 pido...
1665 3247 1747 3298 ille,
1774 3258 1949 3306 propter
1976 3263 2091 3306 quem
2120 3248 2305 3306 Thespia:
2338 3247 2596 3290 visebantur.
2620 3247 2729 3289 Pau·

1483 3311 1616 3353 sanias
1629 3312 1706 3362 lx,
1724 3315 1792 3353 26.
1820 3325 1888 3366 27·
1914 3319 1993 3353 etc.
2019 3311 2323 3353 —Holstenius
2337 3309 2434 3366 legit
2455 3309 2527 3352 ιθ.
2553 3308 2635 3366 φιλ.
2655 3308 2723 3365 μὲν

1485 3372 1620 3430 ῐχουσι
1635 3405 1646 3426 ,
1671 3373 1828 3431 μνήμην
1849 3373 1996 3430 ἀνδρῶν
2018 3374 2083 3416 καὶ
2100 3373 2209 3430 ἀνδρ.
2236 3369 2278 3416 εὖ
2299 3372 2597 3428 πεποιημένους,
2622 3370 2730 3414 ἄλλο

1484 3435 1525 3479 δὲ
1546 3435 1670 3479 οὗδίν.
1696 3438 1887 3479 Osannus
1905 3437 2065 3479 restitui
2082 3436 2169 3479 vult
2186 3449 2197 3478 z
2214 3435 2435 3492 φιλοτιμίαν
2453 3433 2585 3490 ἔχουσι
2605 3434 2730 3490 μόνον

1486 3498 1738 3556 ἀνδριάντων,
1756 3499 1857 3541 ἄλλο
1878 3499 1919 3541 δὲ
1940 3498 2063 3542 οὐδέν.
2092 3499 2167 3541 His
2194 3498 2236 3540 in
2264 3498 2448 3553 margine
2470 3495 2729 3554 adscriptum·

1486 3562 1608 3605 fuisse
1632 3562 1752 3618 ἤγουν
1766 3562 1989 3618 ἀνδριάντας
2005 3557 2046 3604 εὖ
2063 3561 2365 3618 πεποιημίνους;
2381 3559 2533 3602 deinde
2548 3558 2729 3616 ἀνδριάν·
2750 3577 2755 3580 ·

1486 3641 1562 3668 των
1587 3626 1627 3667 in
1649 3625 1812 3681 ἀνδρῶν,
1836 3624 1957 3681 ἤγουν
1973 3626 2015 3667 in
2038 3624 2103 3666 καὶ
2125 3631 2331 3667 mutatum
2351 3636 2454 3675 esse,
2469 3621 2731 3678 glossamque

1485 3690 1528 3730 in
1552 3697 1709 3730 textum
1727 3690 1952 3744 irrepsisse.
1979 3711 2037 3720 —
2057 3685 2224 3730 Codicis
2239 3686 2485 3742 scripturam
2500 3682 2545 3726 οὗ
2564 3698 2729 3737 πεποιη-

1487 3751 1621 3806 μένους
1643 3750 1860 3793 Celidonio
1895 3749 2055 3793 Siculus
2091 3749 2213 3791 vertit
2248 3761 2259 3791 ε
2282 3755 2422 3790 statue
2439 3746 2518 3788 non
2532 3745 2724 3804 perfecte.

1485 3814 1663 3856 Fuhrius
1681 3813 1733 3854 de
1763 3813 1907 3855 iisdem
1930 3812 2066 3855 verbis
2091 3811 2194 3854 dicit
2214 3825 2225 3853 ι
2245 3810 2517 3867 Thespienses
2539 3809 2649 3865 ipsos
2672 3807 2731 3850 ais-
2747 3834 2757 3858 3
2778 3841 2782 3844 .

1484 3876 1667 3931 gnificari
1706 3874 1969 3931 conjecerim,
2001 3888 2154 3930 eosque
2182 3881 2335 3915 statuas
2371 3885 2456 3914 non
2478 3870 2628 3922 factas,
2780 3917 2782 3921 ¹

1485 3939 1656 3995 genitas,
1674 3947 1786 3979 natas
1802 3938 2030 3993 nuncupari
2050 3937 2119 3993 (l').
2140 3955 2158 3973 ι
2183 3936 2201 3990 ΙΙ
2218 3959 2276 3967 -
2290 3930 2726 3989 αἰσχροκέρδειαν]
2751 3948 2759 3985 3

1486 4001 1778 4058 αἰσχροκερδίαν
1812 4000 1940 4043 codex
1958 4032 1968 4052 ,
1994 3999 2111 4042 editt.
2141 4001 2156 4054 ΙΙ
2176 4023 2233 4031 -
2254 3998 2520 4045 Onomar<-
2540 3996 2558 4051 ]
2581 3993 2726 4036 otom-
