2808 4342
0 0 25 33 ⁴12?

5 164 10 179 ’·
48 169 203 231 ‹rm›

110 288 168 318 38.
204 268 306 317 Ἀπὸ
343 266 384 312 δὲ
407 267 716 327 Τραπεζοῦντος
741 265 795 315 εἷς
822 260 982 310 υΥσοόν
1005 262 1153 323 λιμένα
1170 298 1182 321 ,
1208 261 1276 307 τὸν

11 387 14 390 ,
46 344 115 384 νῦν
134 337 350 399 λεγόμενον
371 333 640 395 Σουσάρμια,
663 332 810 377 στάδια
831 331 923 395 ρπ’,
944 333 1059 391 μίλια
1075 331 1152 404 κὲ’.
1179 331 1278 378 Ἀπὸ

48 407 89 453 δὲ
113 404 384 468 Σουσαρμίων
420 404 474 454 εἷς
510 402 735 465 Ὀφιοῦντα
770 401 1058 472 ποταμὸν,’ἓν
1094 401 1280 472 ᾡησάλος

0 500 17 522 2
49 474 296 537 συμμέτροις
331 471 477 533 ναυσὶ,
518 471 661 517 στάδια
696 470 757 532 ζ,
793 470 909 531 μίλια
951 470 1021 519 ιὸ’.
1092 473 1223 523 Οὗτος
1258 473 1279 515 ὃ

0 563 6 592 ·.
51 545 220 607 Ὀφιοῦς
238 541 423 602 ποταμὸς
463 540 624 603 διορίζει
641 540 716 596 τὴν
739 539 915 601 Κόλχων
939 537 1079 602 χώραν
1101 539 1182 584 ἀπὸ
1207 542 1279 595 τῆς

48 615 285 668 Θιαννικῆς.
337 609 435 656 Ἀπὸ
456 603 523 655 οὖν
547 609 786 672 Ὀφιοῦντος
804 612 993 666 ποταμοῦ
1014 607 1065 653 τὰ
1085 607 1177 664 ἔθνη
1198 610 1277 653 τῶν

48 681 119 728 δύο
136 680 306 728 Πόντιον
326 679 427 726 ἐστί·
456 678 506 724 τὰ
538 677 580 724 δὲ
621 677 799 740 ἐχόμενα
834 677 1051 740 βαρὸάρων
1075 677 1277 740 διαφόρων

0 796 4 803 ,
47 749 155 795 ἐστὶν
173 751 312 796 ἐθνῶν.
377 747 476 794 Ἀπὸ
495 747 536 792 δὲ
560 747 800 810 Ὀφιοῦντος
815 751 1003 805 ποταμοῦ
1028 747 1083 798 εἷς
1101 746 1278 810 Ψυχρὸν

45 818 262 880 λεγόμενον
297 814 481 877 ποταμὸν
507 817 651 862 στάδια
674 818 732 875 λ’,
773 817 891 878 μίλια
912 815 961 864 δ’.

4 913 24 942 0
108 905 165 935 39.
196 887 295 934 Ἀπὸ
312 886 355 933 δὲ
373 889 553 949 Ψυχροῦ
566 892 756 947 ποταμοῦ
770 889 824 939 εἷς
841 886 981 934 Καλὸν
992 886 1196 948 ποταμὸν,
1213 887 1280 932 τὸν

47 962 116 1003 νῦν
135 957 353 1017 λεγόμενον
380 956 527 1012 Καλὴν
543 955 831 1019 παρεμὸολὴν,
852 956 998 1002 στάδια
1014 955 1068 1013 λ’,
1086 955 1204 1016 μίλια
1226 957 1276 1002 δ’.

45 1026 144 1073 Ἀπὸ
170 1027 212 1071 δὲ
239 1028 381 1081 Καλῆς
416 1026 684 1089 παρεμὸολῆς
707 1028 761 1078 εἷς
790 1026 856 1071 τὸν
882 1026 1033 1080 Ῥίζιον
1057 1025 1277 1085 λεγόμενον

43 1095 233 1157 ποταμὸν
260 1095 331 1141 καὶ
371 1094 519 1154 λιμένα
543 1095 688 1141 στάδια
730 1095 808 1158 ρκ’,
834 1096 950 1155 μίλια
972 1095 1047 1147 ις’.
1118 1095 1216 1142 Ἀπὸ
1237 1095 1278 1140 δὲ

43 1169 114 1210 τοῦ
146 1164 299 1218 Ῥιζίου
325 1166 379 1215 εἷς
413 1163 658 1225 Ἀσκοόρναν
686 1165 870 1224 ποταμὸν
899 1166 1046 1209 στάδια
1080 1165 1137 1224 λ’,
1163 1164 1279 1223 μίλια

0 1259 20 1288 5
46 1234 97 1282 δ’.
168 1234 267 1280 Ἀπὸ
309 1233 350 1279 δὲ
393 1237 460 1279 τοῦ
494 1233 715 1294 Ἀσκούρνα
755 1239 944 1294 ποταμοῦ
977 1237 1032 1286 εἷς
1068 1235 1277 1294 Ἀδινῆον,

0 1290 3 1302 ’
45 1302 178 1365 [τὸν]
214 1303 294 1360 ἤδη
334 1303 553 1364 λεγόμενον
589 1303 773 1359 Ἀδιηνὸν
813 1304 1020 1362 ποταμὸν,
1059 1303 1204 1349 στάδια
1230 1303 1279 1363 ξ’,

43 1373 161 1432 μίλια
183 1372 238 1430 η’·
265 1373 350 1435 ἔχει
371 1373 496 1418 σάλον
521 1373 754 1435 σύμμετρον
788 1373 946 1421 ναυσίν.
1018 1373 1117 1420 Ἀπὸ
1139 1373 1182 1419 δὲ
1209 1378 1278 1419 τοῦ

41 1441 225 1496 Ἀδινήου
251 1445 442 1500 ποταμοῦ
471 1442 526 1492 εἷς
560 1441 754 1502 Κόρδυλα
778 1443 929 1504 χωρίον
956 1442 1105 1488 στάδια
1131 1442 1183 1505 ρ’,
1212 1443 1280 1502 μί-

45 1513 115 1557 λια
143 1510 209 1573 ιγ’,
234 1509 290 1570 γ’.
361 1509 470 1556 Ἀπὸ
494 1509 536 1554 δὲ
571 1509 793 1571 Κορδύλων
830 1513 884 1562 εἷς
920 1511 1097 1568 Ἀθήνας
1128 1511 1278 1575 χωρίον

0 1605 21 1635 0
41 1581 188 1628 στάδια
211 1579 273 1637 π’,
294 1578 411 1641 μίλια
434 1579 479 1639 ι’,
502 1577 542 1623 L'
563 1578 619 1630 ς’·
641 1581 812 1624 ἐνταῦθα
837 1579 958 1641 ὅρμος
976 1581 1132 1629 ναυσίν.
1155 1579 1280 1627 ”Ean

0 1691 2 1698 ,
40 1650 120 1712 γὰρ
146 1648 275 1714 [καὶ]
311 1652 350 1695 ἐν
376 1648 526 1711 Πόντῳ
549 1647 726 1710 Εὐξείνῳ
747 1648 897 1710 χωρίον
919 1649 1082 1704 Ἀθῆναι
1105 1649 1278 1709 λεγόμε-

0 1725 2 1743 ²
40 1737 106 1765 νον
120 1754 133 1776 ,
153 1722 194 1765 ἐν
214 1712 247 1781 ᾧ
266 1718 338 1764 καὶ
355 1718 525 1773 Ἀθηνᾶς
550 1717 657 1780 ἱερόν
678 1719 786 1762 ἐστιν
811 1716 1080 1778 Ἑλληνικὸν,
1102 1716 1190 1763 ὅθεν
1211 1737 1280 1777 μοι

45 1789 241 1834 δοκεῖκαὶ
263 1788 309 1834 τὸ
329 1787 458 1848 ὄνομα
486 1780 589 1833 εἶναι
609 1787 753 1833 τούτου
772 1792 843 1834 τοῦ
872 1788 1042 1850 χωρίου·
1065 1788 1134 1834 καὶ
1158 1788 1281 1850 φρού-

43 1857 125 1920 ριόν
149 1858 188 1902 τί
224 1859 331 1903 ἐστιν
354 1855 630 1917 ἠμελημένον·
651 1859 672 1901 ὁ
708 1856 749 1901 δὲ
783 1857 907 1918 ὅρμος
933 1850 1014 1908 οἷος
1050 1856 1138 1920 ὥρᾳ
1168 1858 1280 1909 ἔτους

0 1949 21 1979 5
43 1926 232 1988 δέχεσθαι
248 1927 292 1972 οὗ
312 1924 468 1978 πολλὰς
483 1930 599 1983 ναῦς,
619 1926 690 1971 καὶ
715 1925 872 1982 σκέπην
895 1926 1063 1979 ταύταις
1085 1927 1281 1989 παρέχειν

43 1996 125 2042 ἀπὸ
147 1996 264 2041 νότου
297 1994 446 2055 ἀνέμου
480 1995 550 2041 καὶ
574 1996 698 2041 αὐτοῦ
718 2000 787 2040 τοῦ
812 1996 930 2057 εὔρου
949 2009 958 2021 ·
986 1996 1155 2049 σώζοιτο
1172 1998 1207 2041 δ’
1232 1995 1280 2042 ἂν

11 2109 14 2112 .
42 2065 114 2112 καὶ
143 2065 222 2111 ἀπὸ
247 2069 318 2111 τοῦ
340 2069 468 2129 βορρᾶ
487 2065 539 2110 τὰ
564 2068 769 2128 ὁρμοῦντα
791 2066 940 2122 πλοῖα,
962 2066 1053 2111 ἀλλ’
1078 2068 1122 2111 οὗ
1143 2070 1211 2112 τοῦ
1235 2085 1281 2127 γε

45 2134 297 2198 ἀπαρκτίου,
318 2133 411 2180 οὐδὲ
435 2138 507 2181 τοῦ
529 2134 725 2197 θρασκίου
750 2134 824 2195 μὲν
849 2137 890 2180 ἓν
910 2138 969 2197 τῷ
990 2135 1139 2198 Πόντῳ
1155 2172 1168 2195 ,
1195 2135 1282 2181 σκί-

46 2223 168 2268 ρωνος
187 2204 229 2250 δὲ
253 2206 294 2250 ἕν
317 2208 367 2266 τῇ
388 2204 563 2250 Ἑλλάδι
586 2204 858 2263 καλουμένου.

1 2296 24 2326 0
107 2289 165 2319 4ο.
201 2273 299 2319 Ἀπὸ
322 2273 364 2318 δὲ
385 2272 559 2329 Ἀθηνῶν
579 2274 634 2324 εἷς
653 2272 837 2334 Ζάγατιν
856 2273 1042 2332 ποταμὸν
1063 2273 1211 2318 στάδια
1230 2273 1280 2328 ζ’.

47 2341 147 2388 Ἀπὸ
163 2341 338 2397 Ἀθηνῶν
367 2343 422 2393 εἷς
443 2341 663 2402 Πρυτάνην
696 2341 883 2400 ποταμὸν
905 2342 1052 2387 στάδια
1074 2343 1135 2402 μ’,
1163 2342 1281 2401 μίλια

46 2412 96 2471 ε’,
127 2411 181 2472 γ’·
216 2412 256 2455 ἐν
308 2410 439 2472 τούτῳ
470 2412 540 2456 καὶ
581 2411 632 2455 τὰ
673 2409 892 2472 Ἀγχιάλου
933 2410 1123 2472 βασίλειά
1154 2412 1279 2458 ἔστιν.

44 2478 146 2526 Ἀπὸ
173 2478 214 2524 δὲ
240 2479 458 2542 Πρυτάνου
482 2485 672 2539 ποταμοῦ
694 2482 748 2531 εἷς
768 2479 966 2542 Ἀρμένην
991 2480 1114 2525 τόπον
1129 2480 1282 2525 στάδια

46 2549 109 2594 κδ’
124 2585 136 2606 ,
161 2549 278 2609 μίλια
310 2549 367 2610 γ’,
400 2549 458 2610 γ’.
527 2549 625 2594 Ἀπὸ
645 2548 686 2593 δὲ
717 2549 911 2611 Ἀρμένου
933 2548 1060 2595 τόπου
1081 2551 1134 2601 εἷς
1155 2550 1282 2602 Πυξί·

5 2641 24 2670 5
45 2637 119 2674 την
141 2617 344 2677 ποταμὸν,
371 2618 518 2663 στάδια
537 2617 616 2674 ξς’,
642 2617 758 2677 μίλια
777 2617 830 2674 η’,
850 2618 891 2661 ι’
907 2618 964 2669 ς’.
1035 2618 1132 2664 Ἀπὸ
1151 2618 1192 2664 δὲ
1213 2625 1282 2665 τοῦ

47 2686 224 2740 Πυξίτου
262 2691 452 2747 ποταμοῦ
485 2689 541 2738 εἷς
576 2685 780 2749 Ἄρχαὸιν
815 2686 1000 2747 ποταμὸν
1032 2688 1178 2733 στάδια
1221 2690 1282 2748 ζ’,

46 2755 163 2815 μίλια
192 2755 264 2817 ιβ’.
332 2755 430 2802 Ἀπὸ
464 2755 506 2801 δὲ
536 2756 768 2818 Ἀρχάὸεως
794 2762 983 2817 ποταμοῦ
1015 2759 1068 2809 εἷς
1100 2756 1280 2821 Ἄψαρον

17 2819 19 2822 ’
44 2824 229 2884 ποταμὸν
265 2825 412 2870 στάδια
434 2823 466 2877 ξ’
481 2862 492 2881 ,
517 2825 634 2884 μίλια
654 2826 713 2881 η’.

109 2909 166 2941 οῐ.
204 2893 259 2941 Ὁ
282 2893 323 2940 δὲ
345 2892 523 2957 Ἄψαρος
545 2894 590 2940 τὸ
608 2895 758 2957 χωρίον
779 2895 964 2956 λέγουσιν
996 2895 1056 2940 ὅτι
1087 2894 1292 2959 Ἄψυρτος

3 2973 28 3003 ο
49 2964 232 3009 ἐκαλεῖτο
254 2964 400 3009 πάλαι*
439 2967 611 3009 ἐνταῦθα
645 2964 724 3027 γὰρ
756 2964 822 3010 τὸν
857 2964 1060 3028 Ἄψυρτον
1100 2966 1177 3010 ὑπὸ
1210 2969 1288 3021 τῆς

105 3139 128 3188 §
151 3137 261 3187 38,1.
284 3151 320 3178 1.
347 3137 525 3180 “rocov
543 3140 558 3194 ]
574 3138 721 3180 ‘'Yooou
737 3139 877 3194 λιμένα
891 3141 1094 3192 Arrian.§
1114 3143 1139 3189 4
1155 3148 1195 3180 et
1211 3142 1234 3181 8
1248 3148 1288 3181 et

49 3198 221 3252 reliqui;
254 3209 442 3242 nostrum
464 3201 610 3243 ‘'roeov
635 3202 760 3243 suerit
780 3203 953 3244 librarii.
980 3203 996 3257 11
1019 3226 1075 3234 -
1093 3201 1177 3255 τὴν
1207 3206 1287 3244 νῦν

49 3261 371 3315 λεγομένηνοοά.
395 3264 479 3314 11-
501 3265 541 3305 3.
558 3265 863 3321 Σουσάρμια.
881 3298 890 3306 .
907 3298 915 3306 .
938 3265 1287 3323 Σουσαρμίων]

50 3323 302 3377 Σουσάρμια..
366 3324 586 3381 Σουσάρμια
631 3328 743 3377 cod.;
797 3343 878 3369 em.
921 3328 1112 3371 Hudson.
1170 3331 1185 3384 Η
1233 3354 1289 3362 -—

53 3387 93 3426 3,
122 3384 379 3439 Ὀφιοῦντα
401 3388 416 3442 ]
438 3387 550 3442 Ὄφιν
582 3391 748 3431 Arrian.
785 3394 809 3444 S
836 3394 876 3432 8.
907 3392 923 3445 H
946 3416 1002 3422 —
1025 3395 1067 3441 4.
1103 3395 1289 3449 συμμέ-

51 3463 135 3502 τρο
151 3462 185 3494 ις
207 3448 222 3502 ]
247 3447 457 3503 σύμμετρος
479 3450 571 3491 cod.
604 3453 619 3505 ῃ
648 3475 704 3482 --
729 3455 769 3493 6.
790 3453 996 3505 θιανιτικῆς
1017 3454 1111 3496 cod.
1134 3457 1190 3498 V.
1215 3459 1291 3497 Ar-

53 3511 156 3550 rian.
181 3511 203 3561 5
230 3511 269 3549 8.
295 3510 311 3563 ΙΙ
333 3533 389 3540 —-
425 3515 465 3551 6.
507 3510 554 3551 τὰ
588 3511 677 3564 ἔθνη
712 3518 787 3554 τῶν
820 3514 888 3554 δύο
928 3516 1105 3557 Πόντων.
1144 3519 1242 3558 Haec
1267 3534 1289 3559 e

51 3572 262 3613 Marciano
280 3571 432 3612 addita.

110 3634 132 3683 5
156 3631 266 3681 39,1.
293 3645 357 3672 11.
378 3632 461 3673 τὸν
500 3637 580 3674 νῦν
613 3634 714 3690 λεγ.
740 3635 902 3688 Καλὴν
933 3639 1284 3696 παρεμῧολήν]

52 3694 293 3733 Castrorum
310 3694 371 3734 vel
380 3695 528 3735 castelli
542 3697 668 3737 fluvio
683 3697 904 3752 adjacentis
920 3715 1072 3742 nomen
1089 3701 1142 3742 ad
1154 3703 1289 3758 ipsum

55 3754 208 3794 {lumen
226 3763 369 3795 auctor
387 3757 491 3797 male
506 3758 712 3801 transfert.
739 3761 754 3814 Η
780 3785 837 3792 —-
862 3763 927 3803 13.
950 3764 1164 3819 ποταμὸν
1184 3767 1198 3820 J
1222 3782 1290 3807 πο-

54 3815 95 3856 τὲ
113 3816 257 3857 codex.
289 3819 303 3871 {l
326 3842 382 3849 -—
401 3822 465 3868 14.
496 3818 804 3878 Ἀσκοὺρναν]
829 3823 1029 3880 ’Άσκουρον
1062 3841 1128 3881 ap.
1151 3829 1290 3870 Arria—

54 3893 172 3929 num,
186 3879 296 3920 haud
307 3880 433 3921 dubie
447 3883 612 3924 rectius.
635 3885 650 3937 1]
663 3909 720 3915 -
734 3889 798 3925 16.
826 3885 860 3926 'A
871 3887 945 3940 διη
959 3903 977 3928 ν
988 3887 1068 3944 ὸν]
1087 3890 1291 3933 sie'Arria·

57 3955 148 3982 nus.
163 3944 301 3994 Quare
319 3957 415 3983 cum
429 3943 630 3985 Hudsono
650 3945 780 4000 legere
798 3948 936 3989 malim
959 3962 968 3990 ε
997 3948 1166 4003 Ἆδιηνὸν
1185 3953 1286 4009 [τὸν]

57 4001 129 4056 ἤδη
153 4003 240 4061 λεγ.
270 4003 454 4059 Ἄδινῆον.
474 4007 667 4049 Ceterum
690 4022 726 4049 ν.
754 4017 842 4050 not.
866 4010 917 4050 ad
934 4011 1085 4067 Scylac,
1101 4015 1284 4067 58&ss—

941 161 1231 222 PEBIPLUS
1266 160 1451 207 PONTI
1485 160 1672 207 EUXIN
1680 161 1717 206 1.

2500 173 2581 212 411

1406 269 1474 310 38.
1507 270 1544 310 A
1565 269 1823 324 Trapezunte
1850 266 1903 308 ad
1925 267 2045 322 Hyssi
2075 274 2266 322 portum,
2304 281 2416 307 nune
2445 269 2587 309 Susar-

1355 327 1437 377 rnia
1470 335 1716 391 appellatum
1731 367 1743 387 ,
1775 334 2024 386 stadiallsso,
2049 333 2160 374 milia
2183 337 2252 383 24.
2313 337 2350 376 A
2373 335 2588 378 Susarmiis

1354 403 1406 444 ad
1445 403 1703 460 Ophiuntem
1725 403 1924 453 fluvium,
1963 403 2006 442 in
2029 415 2112 456 quo
2148 401 2280 443 salum
2319 403 2494 444 modicis
2517 421 2588 446 na-

1352 472 1486 525 vibus,
1520 472 1650 514 stadia
1671 487 1741 526 90,
1777 471 1889 512 milia
1911 483 1977 511 12.
2037 471 2117 511 Hic
2139 470 2301 526 Ophius
2323 471 2472 513 fluvius
2496 475 2588 515 Col-

1351 542 1528 582 chorum
1542 543 1754 596 regionem
1773 549 1933 596 separat
1951 541 2231 582 aThiannica.
2293 541 2360 582 Ab
2378 543 2589 597 Ophiunte

1352 610 1478 651 fluvio
1497 618 1594 651 sunt
1611 618 1751 664 gentes
1767 609 1948 650 duorum
1970 611 2217 659 Pomorum,
2239 610 2389 664 quibus
2404 611 2589 653 finitimae

1351 687 1449 719 sunt
1478 679 1599 720 variae
1628 686 1766 732 gentes
1787 677 1988 719 barbarae.
2049 677 2115 718 Ab
2145 678 2357 733 Ophiunte
2386 680 2513 721 fluvio
2536 681 2588 722 ad

1352 746 1524 788 fluvium
1561 747 1790 802 Psychrum
1835 744 2116 799 (Frigidum)
2148 746 2307 788 dictum
2343 747 2473 790 stadia
2509 750 2584 801 3ο,

1351 821 1462 862 milia
1484 823 1510 870 4
1531 821 1634 875 (Ex
1647 819 1829 861 Arriano
1843 829 1883 859 et
1902 818 2098 876 Menippo
2114 822 2146 875 ).

1408 895 1476 951 39.
1510 897 1547 936 A
1569 893 1751 949 Psychro
1774 894 1900 933 fluvio
1923 893 1975 934 ad
2004 894 2149 954 Caium
2169 910 2240 936 seu
2259 897 2488 938 Pulchrum
2513 899 2588 939 flu-

1354 963 1484 1014 vium,
1509 964 1580 1018 qui
1597 978 1710 1004 nunc
1724 963 1949 1017 Pulchrum
1969 973 2149 1006 castrum
2169 975 2352 1018 vocatur,
2374 969 2501 1009 stadia
2519 970 2586 1019 3ο,

1351 1031 1461 1072 milia
1493 1035 1533 1080 4.
1595 1034 1632 1072 A
1662 1031 1841 1073 Pulchro
1872 1034 2014 1073 Castro
2050 1034 2103 1074 ad
2140 1035 2329 1076 Rhizium
2352 1036 2525 1078 fluvium
2550 1047 2589 1079 et

1350 1115 1518 1161 portum
1546 1106 1675 1147 stadia
1712 1121 1804 1158 120,
1835 1108 1945 1149 milia
1982 1113 2047 1149 16.
2110 1112 2146 1151 A
2182 1110 2325 1151 Rhizio
2358 1111 2410 1152 ad
2436 1115 2590 1154 Ascur-ss‘

1351 1194 1447 1220 nam
1486 1180 1661 1221 fluvium
1695 1181 1823 1222 stadia
1859 1183 1926 1232 30,
1961 1182 2072 1223 milia
2095 1187 2135 1232 4.
2195 1184 2260 1225 Ab
2290 1187 2478 1227 Ascurna
2511 1188 2589 1242 flu-

1351 1252 1419 1292 vio
1458 1251 1511 1293 ad
1541 1252 1777 1304 Adineum,
1819 1269 1931 1295 nunc
1962 1254 2171 1296 Adienum
2207 1257 2474 1312 appellatum,
2514 1267 2591 1299 sta-

1351 1324 1419 1366 dia
1452 1329 1529 1376 60,
1573 1326 1684 1367 milia
1705 1329 1753 1378 83
1787 1327 1910 1368 habet
1929 1336 1970 1368 et
1999 1329 2129 1369 salum
2161 1329 2374 1371 modicum
2401 1332 2588 1373 navibus.

1351 1399 1417 1440 Ab
1447 1399 1609 1441 Adieno
1645 1402 1772 1442 fluvio
1806 1401 1858 1442 ad
1891 1402 2068 1458 Cordyla
2095 1404 2305 1446 castellum
2331 1405 2460 1447 stadia
2491 1420 2589 1458 100,

1352 1473 1463 1514 milia
1498 1475 1545 1514 13
1583 1482 1615 1524 ’3.
1676 1478 1708 1516 A
1750 1475 1939 1531 Cordylis
1969 1476 2020 1517 ad
2061 1477 2244 1519 Athenas
2273 1480 2482 1521 castellum
2515 1490 2591 1522 sta-

1351 1548 1418 1588 dia
1453 1551 1529 1598 80,
1566 1549 1679 1590 milia
1708 1563 1757 1591 10
1795 1554 1836 1600 3,
1874 1551 1945 1591 ubi
1978 1553 2099 1593 statio
2128 1554 2312 1595 navium.
2372 1557 2446 1596 Est
2481 1558 2590 1597 enim

1353 1620 1393 1659 in
1434 1621 1567 1661 Ponto
1595 1637 1762 1676 quoque
1797 1624 1963 1664 Euxino
1994 1624 2109 1665 locus
2146 1626 2318 1667 Athenae
2342 1629 2589 1683 appellatus,

1344 1696 1426 1739 ‘ubi
1468 1702 1590 1742 etiam
1624 1703 1826 1744 Minervae
1856 1704 1999 1745 fanum
2036 1708 2229 1748 Graecum
2267 1717 2421 1760 exstat,
2459 1726 2483 1751 a
2510 1726 2593 1765 quo

1360 1771 1473 1811 locus
1494 1773 1560 1812 ille
1582 1788 1735 1815 nomen
1774 1778 1976 1831 accepisse
2005 1778 2170 1819 videtur
2180 1796 2191 1829 ;
2230 1782 2352 1821 etiam
2383 1783 2591 1825 castellum

1353 1844 1410 1885 ibi
1441 1853 1501 1885 est
1524 1845 1755 1897 desertum3
1793 1851 1912 1889 statio
1933 1858 2070 1892 aestate
2091 1867 2315 1907 paucarum
2340 1857 2507 1896 navium
2531 1871 2594 1898 ca-

1352 1931 1432 1972 pax
1447 1948 1459 1968 ,
1485 1933 1586 1973 quas
1616 1920 1667 1960 ab
1699 1921 1858 1977 impetu
1881 1925 1970 1964 noti
1994 1925 2206 1981 ipsiusque
2236 1929 2324 1968 euri
2347 1937 2480 1985 potest
2501 1944 2596 1985 pro-

1352 1999 1510 2044 tegere3
1538 1992 1774 2049 fuerintque
1799 2010 1924 2037 naves
1949 2012 1998 2038 eo
2018 1998 2265 2053 appellentes
2285 2002 2406 2041 etiam
2426 2018 2449 2043 a
2467 2002 2594 2045 borea

1353 2071 1448 2103 tutae
1462 2095 1474 2114 ,
1494 2072 1536 2105 at
1563 2079 1649 2106 non
1667 2066 1720 2107 ab
1736 2068 1932 2122 Aparctia
1951 2083 2086 2124 neque
2108 2084 2158 2110 eo
2175 2079 2298 2111 vento
2314 2073 2386 2127 qui
2405 2073 2447 2112 in
2462 2076 2596 2115 Ponto

1350 2135 1566 2176 Thrascias
1580 2168 1592 2186 ,
1632 2139 1676 2178 in
1716 2140 1876 2180 Graecia
1911 2141 2057 2181 Sciron
2092 2142 2318 2197 appellatur
2358 2146 2375 2198 (
2390 2149 2460 2186 Ex
2491 2150 2592 2189 ΛΝ.

1352 2209 1374 2258 §
1394 2210 1440 2256 6,
1462 2207 1657 2248 nonnulla
1678 2223 1729 2248 ex
1750 2209 1949 2267 Memppo
1964 2213 1998 2266 ).

1408 2281 1476 2327 4ο.
1525 2279 1592 2321 Ab
1636 2281 1808 2321 Athenis
1855 2282 1908 2323 ad
1950 2269 2118 2338 Zegatin
2159 2286 2334 2331 fluvium
2370 2288 2500 2329 stadia
2547 2305 2587 2343 7.

1353 2354 1418 2395 Ab
1438 2355 1611 2397 Athenis
1633 2357 1685 2397 ad
1708 2360 1916 2412 Prytanen
1941 2360 2114 2401 fluvium
2138 2362 2268 2405 stadia
2286 2367 2356 2414 4ο,
2379 2365 2491 2405 milia
2509 2365 2530 2405 5
2550 2369 2592 2420 ἐς

1354 2430 1396 2470 in
1432 2431 1512 2471 hoc
1540 2439 1674 2472 tractu
1704 2427 1764 2472 est
1793 2433 1982 2474 Anchiali
2001 2436 2126 2489 regia.
2187 2440 2221 2478 A
2259 2440 2434 2494 Prytane
2468 2422 2595 2482 fluvio

2332 2514 2399 2556 Ab
2416 2496 2596 2558 Armene

1354 2583 1444 2624 loco
1463 2583 1516 2624 ad
1534 2585 1707 2639 Pyxiten
1730 2585 1902 2626 fluvium
1933 2586 2064 2628 stadia
2080 2592 2148 2639 66,
2168 2589 2279 2630 milia
2296 2591 2320 2631 8
2338 2579 2372 2646 ξ.
2397 2594 2434 2632 Α
2449 2594 2593 2647 Pyxite

1355 2660 1482 2700 fluvio
1503 2659 1556 2700 ad
1586 2660 1796 2701 Archabin
1816 2662 1989 2702 fluvium
2009 2663 2139 2704 stadia
2158 2678 2226 2717 90,
2260 2665 2372 2706 milia
2399 2679 2463 2707 12.
2525 2668 2591 2709 Ab

1354 2736 1535 2777 Archabi
1560 2736 1687 2777 ssuvio
1707 2736 1759 2778 ad
1782 2740 1990 2793 Apsarum
2009 2739 2185 2780 fluvium
2204 2740 2336 2801 stadia
2354 2745 2423 2794 60,
2441 2743 2553 2784 milia
2571 2745 2595 2785 8
2659 2793 2662 2795 Α

1355 2818 1453 2870 (Ex
1473 2818 1649 2860 Art-ian.
1675 2821 1697 2871 ἕ
1716 2822 1739 2860 8
1757 2829 1796 2859 et
1813 2819 2061 2875 Menippo).

1353 2507 1406 2548 ad
1428 2509 1639 2548 Armenen
1662 2508 1796 2549 locum
1819 2509 1949 2551 stadia
1972 2514 2041 2562 24,
2067 2512 2180 2553 milia
2196 2513 2219 2553 3
2238 2517 2272 2565 ἑ.

1417 2902 1486 2948 41.
1523 2905 1730 2954 Apsarum
1750 2908 1890 2940 autem
1915 2900 2126 2942 castellum
2150 2901 2289 2943 ferunt
2314 2902 2414 2944 olim
2447 2909 2598 2961 Apsyr-

1364 2975 1453 3007 tum
1473 2967 1597 3008 fuisse
1618 2967 1865 3023 appellatum
1881 2983 1893 3019 ;
1918 2972 2143 3024 Apsyrtum
2165 2985 2314 3026 nempe
2333 2972 2389 3012 ibi
2414 2987 2438 3013 a
2452 2974 2597 3015 Medea

1363 3143 1428 3182 18.
1447 3141 1477 3180 K
1490 3141 1511 3180 ό
1524 3141 1697 3196 ρδυλα]
1719 3140 1924 3196 Κορδύλων
1942 3140 2054 3191 cod.;
2070 3143 2243 3182 mutavit
2261 3142 2431 3183 Gailius.
2454 3146 2595 3185 Arria-

1358 3216 1437 3242 nus
1458 3202 1595 3243 locu-m
1624 3217 1710 3243 non
1742 3210 1958 3245 memorat.
1985 3202 2126 3243 Alium
2160 3203 2296 3244 locum
2330 3204 2527 3260 Κορδύλην
2551 3208 2594 3247 in

1360 3273 1516 3306 antece.
1542 3265 1735 3306 vidimus.
1758 3266 1774 3319 Η
1796 3290 1853 3296 -
1878 3278 1948 3305 21.
1974 3264 2047 3304 Καὶ
2068 3279 2119 3305 ex
2148 3266 2326 3307 Arriano
2362 3267 2532 3309 inserui.
2573 3270 2588 3323 ΙΙ

1358 3352 1415 3358 -
1438 3344 1505 3383 χω
1519 3329 1621 3382 ρίον
1645 3329 1660 3382 ]
1683 3329 1740 3367 sic
1764 3328 1988 3378 Arrianus;
2006 3328 2118 3382 χώρα
2138 3326 2211 3370 Ἀθ.
2226 3328 2417 3384 λεγομένη
2435 3330 2591 3381 codex;

1359 3406 1440 3431 em.
1466 3391 1572 3431 Gaii.
1604 3391 1619 3444 {l
1638 3414 1694 3421 —
1714 3393 1783 3439 24.
1812 3389 1972 3445 ἠμελη
1986 3391 2164 3445 μένον]
2190 3391 2249 3431 sie
2273 3393 2475 3439 Arrianus
2502 3397 2590 3446 §63

1359 3452 1599 3509 ἠρεμημένον
1622 3452 1716 3493 cod.
1747 3452 1762 3506 ΙῙ
1784 3476 1841 3483 -
1867 3465 1938 3505 27.
1959 3450 2012 3491 τὰ
2041 3451 2133 3508 ὅρμ,
2148 3455 2292 3494 οῦντα
2314 3454 2421 3510 πλ.]
2446 3471 2496 3496 ex
2515 3461 2593 3497 Ar-

1360 3517 1478 3556 riano
1493 3516 1673 3565 Gailius;
1692 3515 1782 3570 ὁρμ.
1800 3513 1848 3555 τὰ
1869 3514 1938 3555 πλ.
1962 3514 2107 3555 codex.
2594 3531 2596 3533 ·

1414 3581 1436 3631 S
1458 3578 1576 3629 4ο,1.
1598 3578 1665 3618 31.
1692 3577 1979 3632 Πρυτάνην.
1998 3608 2008 3618 .
2024 3608 2034 3618 .
2057 3577 2336 3635 Πρυτάνου]
2355 3579 2590 3635 Πρύτανις...

1358 3641 1581 3697 Πρυτάνεως
1598 3640 1761 3682 Arrian.
1795 3639 1811 3694 ΙΙ
1837 3663 1894 3670 -
1916 3639 1986 3680 32.
2018 3639 2083 3680 καὶ
2103 3643 2172 3681 τοῦ
2198 3640 2305 3698 Ἆγχ.
2329 3644 2459 3684 codex
2473 3659 2483 3693 ;
2510 3658 2590 3684 em.
2611 3640 2613 3643 ¹

1359 3719 1409 3744 ex
1418 3704 1609 3745 Arriano.
1627 3702 1786 3743 Deinde
1798 3716 1874 3757 pro
1888 3701 1970 3743 ἐστὶ
1980 3703 2147 3744 Arriani
2161 3705 2405 3761 Anonymus
2417 3705 2594 3745 scribere

1360 3766 1535 3806 debebat
1554 3762 1616 3817 ἧν.
1643 3765 1657 3816 Η
1681 3788 1738 3795 -
1756 3765 1824 3806 33.
1848 3763 2030 3820 Ἁρμένην
2046 3765 2184 3808 locum
2207 3781 2291 3807 non
2311 3767 2432 3807 habet
2451 3767 2592 3808 Arria·

1361 3843 1455 3869 nus·
1480 3827 1617 3869 Alium
1637 3825 1820 3880 ejusdem
1846 3827 2027 3868 nominis
2045 3827 2183 3868 locum
2205 3843 2329 3883 supra
2350 3828 2541 3869 vidimus.
2570 3829 2586 3883 ss

1359 3891 1495 3930 —36.
1532 3888 1772 3944 Ἀρχάὸην...
1805 3888 2018 3944 Ἀρχάὸεως
2049 3889 2180 3930 codex
2210 3890 2225 3943 ΙΙ
2248 3890 2389 3944 -.37.
2434 3889 2513 3945 ιβ’]
2545 3890 2595 3931 ια’

1360 3952 1505 3994 codex-

1414 4018 1436 4068 S
1456 4018 1504 4056 41
1525 4045 1535 4064 ,
1561 4014 1589 4055 l.
1613 4017 1680 4063 4ο.
1706 4014 1825 4055 πάλαι
1846 4013 1938 4056 ποτὲ
1969 4015 2181 4057 Arrianus,
