2808 4342
41 132 132 194 (ει.)

38 236 93 286 εἷς
122 232 328 290 Ὀδησσὸν
357 231 627 294 ὀγδοήκοντα·
652 233 692 275 ἐν
708 231 919 294 ’Ὀδησσῷ
943 233 1082 294 ὅρμος,
1106 235 1265 282 ναυσίν.

37 301 134 348 Ἀπὸ
154 301 195 347 δὲ
216 302 420 356 Ὀδησσοῦ
443 298 583 361 ἔχεται
603 298 844 360 Ἰστριανῶν
872 301 1014 360 λιμήν·
1048 302 1206 348 στάδιοι
1230 306 1270 354 ἐς

37 370 159 415 αὐτὸν
197 368 448 423 πεντήκοντα
495 367 565 412 καὶ
608 367 822 416 διακόσιοι.
893 369 1080 416 Ἐνθένδε
1131 370 1271 433 ἔχεται

37 439 227 486 Ἰσιακῶν
266 435 404 495 λιμήν·
433 435 590 482 στάδιοι
622 438 662 488 ἐς
695 438 816 483 αὐτὸν
848 438 1118 494 πεντήκοντα.

0 518 16 548 5
37 506 144 552 ἔνθεν
159 507 214 558 εἷς
227 504 282 550 ’τὸ
303 503 442 551 Ψιλὸν
461 503 568 551 οὕτω
581 505 834 566 καλούμενον
853 507 986 567 στόμα
1002 513 1075 554 τοῦ
1087 508 1271 572 Ἴστρου,

36 574 236 633 διακόσιοι
259 574 329 619 καὶ
353 574 493 636 χίλιοι·
530 573 584 619 τὰ
607 573 649 620 δὲ
674 577 714 620 ἐν
754 575 869 638 μέσῳ
900 575 1036 638 ἔρημα
1068 577 1139 623 καὶ
1164 578 1271 623 ἀνώ-

34 662 160 703 νυμα.

95 730 150 760 32.
181 710 302 760 Κατὰ
325 716 445 758 τοῦτο
456 713 644 773 ,μάλιστα
663 713 709 758 τὸ
725 713 860 772 στόμα
875 750 887 771 ,
912 716 976 759 ἐπ’
993 715 1084 761 εὐθὺ
1107 715 1271 762 πλέοντι

35 782 175 844 ἀνέμῳ
212 782 422 843 ἀπαρκτίᾳ
460 784 514 833 ὡς
553 781 599 826 τὸ
633 782 834 843 πέλαγος,
869 787 989 839 νῆσος
1028 784 1268 847 πρόκειται,

0 851 176 907 )ἥντινα
199 853 235 896 οἱ
267 849 342 910 μὲν
379 850 599 912 Ἀχιλλέως
622 855 773 909 νῆσον,
808 855 844 897 οἱ
872 852 913 898 δὲ
945 854 1107 915 Δρόμον
1131 855 1272 917 Ἀχιλ-

910 133 1203 199 PERlPLUS
1239 128 1423 198 PONTI
1459 138 1690 185 EUXlNl.

1187 440 1269 486 Καὶ
1295 462 1298 466 ’

1705 78 1725 98 ἱ

2483 166 2569 205 597

1341 246 1572 299 sexaginta3
1601 256 1643 288 et
1662 247 1759 288 inde
1791 248 1844 290 ad
1868 249 2094 301 Odessum‚
2127 253 2197 293 ubi
2220 257 2339 297 statio
2372 262 2568 314 navibus,

1343 313 1566 366 octoginta.
1626 314 1784 356 Odesso
1802 317 2032 371 proximu5‚
2051 315 2280 362 stadior'um
2300 323 2573 370 ducentorum

1342 387 1382 418 et
1404 380 1705 435 quinquaginta
1727 383 1940 424 intervallo
1968 384 2123 426 distans
2137 417 2149 437 ,
2185 389 2454 434 Istrianorum
2477 410 2574 450 por-

1342 454 1423 488 tus,
1484 449 1592 489 Huic
1613 451 1829 503 proximus
1850 452 2077 493 Isiacorum
2100 463 2270 508 portus,
2294 458 2434 500 stadiis
2456 465 2574 516 quin-

1342 517 1536 569 quaginta
1567 517 1737 558 distans.
1796 518 1899 559 Inde
1932 518 1984 559 ad
2020 522 2175 563 Psilum
2210 525 2323 579 quod
2356 540 2502 571 vocant
2530 547 2574 573 os

1341 583 1458 633 Istri,
1479 583 1589 624 mille
1611 593 1651 625 et
1673 584 1865 627 ducenta.
1926 588 2037 629 Loca
2066 589 2109 630 in
2132 591 2270 634 medio
2293 592 2451 637 deserta
2480 608 2576 640 sunt

1341 658 1382 690 et
1398 651 1567 691 nomine
1589 660 1744 693 carent.

1400 719 1469 760 32.
1501 720 1536 760 E
1555 720 1722 774 regione
1755 721 1838 763 fere
1857 723 1980 779 hujus
2000 727 2117 779 ostii,
2142 730 2175 770 si
2194 740 2303 773 recta
2324 734 2575 790 navigaveris

1343 801 1486 828 versus
1521 788 1650 830 altum
1698 805 1811 832 mare
1851 795 2078 836 secundum
2117 802 2337 853 aparctiam
2381 813 2570 856 ventum,

1341 856 1419 897 sita
1440 864 1501 896 est
1538 857 1696 908 insula,
1729 874 1854 913 quam
1887 862 1953 902 alii
1985 864 2151 916 quidem
2182 869 2348 909 Achillis
2371 871 2570 925 insulam,

44 971 2549 1002 Ἣ

34 1029 153 1077 ἄλλος
171 1030 342 1086 ποταμὸς
370 1030 553 1081 (Ύπανις,
591 1032 655 1071 καὶ
677 1034 790 1083 νῆσος
808 1032 880 1087 πρὸ
908 1036 976 1073 τοῦ
1002 1034 1190 1088 στόματος
1205 1038 1272 1075 τοῦ

33 1092 310 1146 Βορυσθένους,
340 1092 487 1148 ἔχουσα
516 1093 670 1148 λιμένα.
694 1097 744 1134 In
773 1095 884 1149 Epit.
917 1095 1107 1136 strabon.
1145 1111 1187 1151 p.
1220 1100 1272 1138 80

34 1162 204 1194 vocatur
233 1156 467 1210 Βορυσθένης
503 1155 515 1211 (
536 1155 563 1195 l.
590 1156 895 1212 Βορουθένουςὲ)
922 1159 1056 1208 νῆσος,
1091 1158 1272 1213 itemque

33 1230 99 1270 ap.
124 1216 390 1257 Ptolemaeum
410 1220 488 1268 ΙΠ,
515 1231 579 1267 10,
608 1232 650 1272 p.
677 1219 772 1268 213,
804 1219 856 1260 30
879 1231 887 1258 :
913 1217 937 1269 ἥ
960 1219 1177 1274 καλουμένη
1199 1221 1272 1260 Βο-

35 1278 213 1332 ρυσθένης
231 1279 247 1332 (
266 1279 324 1319 sie
353 1269 477 1320 codd.
503 1282 556 1321 A.
588 1281 636 1320 B.
671 1281 707 1320 E
735 1288 776 1320 et
811 1295 833 1320 e
856 1280 1075 1321 Ptolemaeo
1106 1283 1271 1323 Tzetzes

34 1340 141 1380 Chil.
161 1342 237 1388 XI,
257 1343 353 1394 9383
376 1343 628 1396 Βορυσθένους
639 1344 717 1392 Μ.,
736 1342 961 1397 Βορυσθενὶς
973 1343 1199 1398 Wilberg.,
1221 1360 1270 1386 ex

34 1402 177 1452 codd„
200 1411 245 1442 ut
265 1403 459 1459 videtur).
483 1404 610 1456 Quod
625 1404 738 1459 apud
751 1405 902 1445 Melam
917 1405 1064 1459 legitur
1075 1408 1130 1456 ΙΙ,
1155 1420 1195 1460 7,
1217 1421 1267 1448 2:

33 1468 159 1506 Leuce
184 1465 444 1518 Borysthenis
476 1465 581 1505 ostio
610 1466 783 1520 objecta,
800 1482 941 1522 parva
964 1467 1199 1518 admodum,
1226 1478 1266 1509 et
1321 1472 1327 1479 '

33 1525 134 1581 quia
165 1525 224 1566 ibi
243 1525 426 1585 Achilles
451 1526 560 1566 situs
587 1536 663 1575 est,
685 1528 877 1568 'Achillea
904 1530 1160 1581 cognomine,
1186 1547 1269 1572 non

7 1621 10 1624 ,
33 1586 84 1627 ad
104 1596 286 1628 nostram
306 1588 479 1628 insulam
493 1619 503 1638 ,
530 1596 728 1642 tanquam
743 1589 911 1630 alteram
923 1591 1079 1646 *Achilli
1095 1607 1267 1644 sacram,

33 1649 84 1690 ad
108 1664 231 1704 quam
260 1652 416 1690 Leuces
434 1665 585 1690 nomen
619 1664 834 1705 perperam
860 1652 968 1692 Mela
995 1653 1268 1706 transtulerit,

33 1714 226 1766 pertinet,
258 1711 329 1752 sed
352 1715 487 1753 Leuce
512 1713 645 1752 insula
667 1712 772 1753 male
793 1713 843 1754 ad
870 1715 1022 1754 ostium
1050 1717 1270 1770 Borysthe-

32 1776 96 1814 nis
111 1774 346 1825 collocatur,
370 1782 416 1814 ut
431 1782 575 1815 contra
588 1773 832 1815 Koehlerum
851 1783 961 1816 recte
981 1786 1122 1823 monet
1142 1778 1272 1820 Uker-

32 1844 98 1876 tus
117 1839 194 1887 III,
226 1850 250 1877 2
276 1851 319 1891 p.
349 1836 446 1885 450.
469 1837 662 1877 Similiter
683 1838 928 1878 Ptolemaeus
958 1841 1122 1880 Leucen
1160 1842 1271 1883 insu-

32 1897 111 1937 lam
129 1896 251 1951 juxta
268 1898 583 1953 Borystheniam
606 1899 726 1939 istam
743 1901 876 1955 ponit.
902 1902 1095 1941 Ceterum
1116 1901 1270 1943 descri-

31 1960 216 2014 ptionem
252 1960 395 2000 insulae
431 1962 607 2000 Bere'zan
644 1961 738 2001 vide
774 1977 840 2017 ap.
884 1963 1128 2005 Koehlerum
1167 1965 1194 2006 l.
1240 1966 1268 2006 l.

31 2034 74 2075 p.
88 2025 183 2075 627.
200 2022 282 2076 11—-
294 2035 311 2061 1
322 2053 331 2062 .
350 2020 426 2061 Ὀδ
439 2038 462 2074 η
477 2038 530 2062 σσ
541 2022 562 2062 ὸ
573 2023 609 2077 ν]
626 2024 692 2063 Sic
709 2024 831 2064 etiam
841 2026 1274 2080 Anonymus.''OpB⁷20·

33 2098 96 2129 σος
110 2083 216 2124 Ptol.
240 2085 316 2133 III,
340 2083 362 2124 5
389 2098 432 2138 p.
464 2098 560 2136 202,
585 2086 724 2140 paullo
750 2086 911 2140 longius
932 2102 955 2127 a
984 2088 1101 2139 litore
1124 2089 1271 2130 urbem

31 2159 261 2186 removens.
284 2145 442 2186 Plinius
470 2148 546 2196 IV,
570 2151 621 2187 26
642 2150 664 2199 S
689 2150 742 2188 82
776 2163 797 2188 a
820 2148 992 2188 meridie
1008 2150 1236 2203 procedens
1257 2163 1268 2191 t

32 2209 136 2247 Mox
151 2207 327 2247 Axiacae
357 2207 611 2258 cognomines
622 2208 810 2261 flumini,
838 2209 949 2249 ultra
971 2225 1070 2265 quos
1095 2212 1266 2264 Orbyzi,

22 2269 179 2321 flumen
210 2267 382 2317 Rhodes,
414 2268 532 2309 sinus
564 2270 789 2321 Sangarius
829 2269 1061 2326 (Sangarin
1086 2272 1270 2325 fluvium

32 2339 235 2371 memorat
256 2330 380 2371 Ovid.
405 2333 469 2371 Ex
496 2332 618 2372 Pont.
652 2334 731 2381 IV,
766 2346 829 2373 10.
847 2332 878 2388 )‚
902 2342 1052 2389 portus
1075 2334 1267 2375 Ordesas.

33 2392 260 2433 Ordessum
282 2393 504 2433 Koehlerus
525 2395 644 2448 ponit
665 2394 717 2434 ad
741 2395 894 2434 ostium
916 2396 1031 2435 fluvii
1059 2396 1269 2447 Teligoul;

33 2455 186 2509 Lapieo
201 2454 316 2495 locus
328 2463 388 2495 est
401 2455 500 2496 hod.
523 2456 755 2496 Karabach.
781 2457 797 2510 Η
813 2481 870 2487 -
884 2471 925 2497 2.
950 2456 979 2497 '1
990 2473 1041 2497 στ
1054 2473 1073 2512 ρ
1089 2474 1098 2497 ι
1112 2473 1135 2498 α
1147 2474 1164 2498 ν
1174 2463 1207 2498 ῶ
1220 2459 1265 2514 ν]

31 2517 157 2556 Hunc
175 2525 344 2571 portum
363 2525 403 2557 et
428 2525 668 2571 sequentem
697 2519 865 2576 nonnisi·
886 2533 936 2559 ex
958 2520 1135 2560 Arriano
1155 2522 1269 2561 novi-

32 2592 125 2618 mus
143 2588 183 2619 et
217 2594 268 2619 ex
300 2581 546 2634 Anonymo,
572 2580 643 2633 qui
666 2588 862 2634 praeterea
879 2581 986 2620 inter
1004 2580 1208 2622 Odessum
1230 2591 1270 2623 et

30 2641 302 2681 Istrianon-um
317 2650 483 2695 portum
499 2650 700 2682 memorat
712 2642 927 2689 Σκοπέλους
942 2643 1103 2697 χωρίον,
1126 2648 1203 2686 160
1217 2645 1269 2686 ab

31 2702 188 2744 Odesso
227 2702 383 2744 stadiis.
409 2705 500 2744 Hoc
537 2703 690 2758 Lapieo
727 2712 788 2744 est
819 2703 920 2744 hod.
956 2705 1265 2759 Dofinofshaim

31 2765 301 2804 Istrianorum
312 2773 481 2819 portum
493 2763 603 2804 idem
612 2765 748 2820 paullo
757 2766 885 2820 magis
894 2780 1017 2820 quam
1029 2766 1113 2808 hod
1120 2799 1129 2807 .
1146 2768 1269 2809 Odes-

30 2839 79 2865 sa
103 2826 269 2867 boream
292 2841 432 2867 versus
455 2826 650 2877 collocat,
683 2827 843 2869 Isiacon
865 2837 1034 2884 portum
1057 2832 1269 2885 componit

32 2901 124 2927 cum
141 2888 306 2929 Malaia
326 2892 504 2930 Fontan.
529 2890 787 2931 Probabilius
805 2900 974 2946 portum
995 2893 1268 2934 Istrianorum

32 2948 249 2988 Koehlerus
266 2948 293 2988 l.
319 2949 347 2989 l.
372 2964 414 3004 p.
439 2950 517 3003 659
550 2965 599 2990 eo
620 2951 709 3006 ipso
733 2953 775 2991 in
794 2952 884 2992 loco
912 2952 1155 3006 ponendum
1183 2968 1268 2995 esse

32 3021 161 3064 putat,
183 3012 255 3052 ubi
276 3028 388 3054 nunc
406 3023 466 3054 est
487 3014 641 3055 Odessa
654 3048 665 3064 ‚
683 3016 887 3071 siquidem
906 3017 1102 3068 Odessus,
1121 3019 1153 3058 si
1174 3033 1270 3061 vera

8 3066 10 3069 ’
32 3072 201 3113 tradidit
215 3075 430 3125 Arrianus,
447 3090 496 3116 eo
511 3075 655 3117 referri
674 3079 832 3132 nequit.
855 3079 872 3133 ΙΙ
893 3103 951 3109 -
969 3082 1010 3128 4.
1029 3078 1216 3121 Ἰσιακῶ
1229 3083 1265 3137 ν]

35 3131 130 3171 ἰακὼ
145 3134 275 3175 codex
291 3138 517 3192 Anonymi.
536 3140 649 3180 Fort.
674 3139 726 3180 ad
746 3140 826 3181 hoc
843 3155 995 3181 nomen
1015 3143 1191 3196 pertinet
1209 3143 1268 3184 si-

34 3207 110 3233 nus
125 3197 347 3246 Sangarius
370 3201 386 3251 (
401 3201 708 3252 Assangaricus
726 3202 930 3243 Barbarus
949 3205 964 3257 )
990 3204 1126 3244 Plinii.
1151 3204 1268 3246 Idem

36 3263 129 3308 post
167 3257 327 3299 Olbiam
370 3271 571 3303 memorat
618 3264 859 3305 Achaeorum
892 3275 1063 3321 portum
1104 3266 1270 3308 aliunde

38 3331 122 3356 non
154 3326 316 3360 notum.
347 3322 362 3374 Η
388 3345 445 3352 ——
477 3326 517 3371 4.
549 3325 898 3382 πεντήκοντα]
936 3327 1166 3379 ἐνενήκοντα
1199 3345 1265 3385 ap.

36 3383 246 3433 Anonym.
276 3384 297 3432 S
321 3386 388 3438 61,
405 3384 517 3437 quod
545 3385 601 3426 ibi
629 3401 711 3426 non
740 3398 983 3444 corruptum
1010 3405 1095 3430 esse
1114 3406 1164 3431 ex
1185 3393 1268 3432 sin·

37 3442 223 3494 gularum
257 3443 543 3488 distantiarum
569 3463 593 3489 a
617 3451 869 3504 Borysthene
897 3452 950 3492 ad
976 3454 1129 3508 Tyram
1155 3471 1268 3495 συνα-

0 3518 1 3550 1
37 3507 151 3558 γωγῇ
170 3504 427 3559 intelligitur3
449 3509 563 3549 facile
579 3511 715 3564 itaque
737 3512 984 3554 crediderim
1006 3525 1148 3556 nostro
1164 3532 1268 3570 quo-

0 3551 1 3598 λ
38 3580 117 3618 que
137 3566 227 3606 loco
244 3565 472 3618 ἐνενήκοντα
492 3573 779 3626 reponendum
802 3589 902 3616 esse.
930 3577 945 3630 Π
965 3600 1022 3610 —-
1043 3577 1081 3617 5.
1102 3578 1147 3616 Ψ
1163 3579 1235 3619 ιλὸ
1248 3596 1267 3620 ν

40 3628 191 3682 στόμα
210 3629 224 3682 ]
250 3627 365 3669 Idem
387 3645 538 3672 nomen
558 3633 680 3674 habet
698 3636 835 3676 Dicuil
855 3641 894 3687 6,
922 3640 945 3678 8
962 3653 1011 3678 ex
1027 3639 1174 3689 Plinio,
1196 3657 1268 3682 cu-

33 3687 101 3741 jus
121 3687 244 3728 codd.
275 3689 442 3745 Spireon
464 3691 597 3734 stoma
622 3703 661 3734 et
694 3697 865 3747 similia,
894 3712 985 3752 quae
1008 3713 1059 3739 ex
1091 3703 1269 3744 Arriano

39 3759 78 3790 ct
112 3752 333 3805 Anonymo
369 3753 570 3805 Ortelius,
602 3771 624 3796 e
655 3758 818 3798 Dicuilo
850 3761 1098 3801 Letronnius
1120 3766 1268 3819 corrigi

35 3811 260 3864 jusserunt.
293 3814 349 3854 V.
383 3815 507 3869 Sillig.
537 3816 588 3857 ad
614 3818 739 3868 Plin.‚
773 3820 905 3860 Ukert
926 3823 1003 3871 III,
1036 3836 1074 3873 1,
1102 3838 1145 3879 p.
1175 3831 1266 3869 160.

41 3870 175 3911 Hodie
194 3872 343 3913 bouche
356 3874 405 3914 de
423 3875 553 3927 Killa,
574 3879 607 3918 si
630 3878 682 3919 de
700 3894 745 3920 re
762 3881 902 3922 mobili
918 3887 1186 3937 pronuntiare
1200 3889 1270 3929 ali-

42 3931 144 3985 quid
165 3933 273 3974 licet.
305 3936 319 3987 ΙΙ
339 3960 394 3966 --
418 3941 457 3978 6.
476 3938 522 3978 τὰ
544 3938 588 3980 ἐν
614 3942 744 3998 μέσῳ
775 3941 926 3998 ἔρημα
943 3947 1049 4000 ete.]
1075 3947 1195 3990 Plura
1218 3950 1270 3991 de

1342 1034 1422 1075 hoc
1441 1044 1574 1076 tractu
1591 1051 1641 1076 ex
1659 1039 1961 1092 antiquioribus
1978 1042 2159 1084 fontibus
2175 1046 2299 1087 tradit
2313 1051 2572 1104 AnonymuS,

1339 1111 1466 1151 quem
1495 1098 1601 1140 vide.
1627 1101 1733 1140 Cum
1759 1100 1901 1142 nostr'o
1933 1103 2023 1144 loco
2050 1105 2103 1146 cf.
2128 1108 2273 1149 Strabo
2302 1124 2344 1164 p.
2367 1112 2446 1153 306
2469 1127 2478 1153 :
2498 1113 2573 1155 ἀπὸ

1344 1158 1495 1215 Ἴστρου
1516 1159 1578 1202 ἐπὶ
1598 1162 1720 1217 Τύραν
1744 1162 1767 1214 ἣ
1789 1168 1862 1204 τῶν
1890 1165 2013 1206 Γετῶν
2039 1166 2178 1223 ἐρημία
2198 1171 2415 1225 πρόκειται,
2444 1175 2573 1224 πεδιὰς

1342 1216 1438 1261 οὖσα
1452 1223 1517 1262 καὶ
1535 1223 1704 1279 ἄνυδρος.

1397 1288 1419 1338 S
1443 1290 1511 1336 32,
1549 1287 1577 1328 l.
1607 1304 1648 1341 9.
1676 1289 1726 1336 ὡς
1755 1289 1798 1329 τὸ
1822 1290 1990 1346 πέλαγος
2021 1305 2069 1331 ex
2104 1292 2277 1347 conject.
2306 1297 2467 1348 Vossii,
2512 1301 2574 1341 vel

1342 1346 1438 1388 fort.
1462 1348 1542 1389 ἅνω
1570 1349 1605 1397 ἐς
1627 1350 1671 1390 τὸ
1692 1351 1872 1406 πέλαγος,
1906 1361 1952 1392 ut
1981 1353 2138 1393 Gailius
2157 1357 2401 1410 suspicatur.
2433 1361 2574 1403 Codex

1341 1409 1533 1457 Arriani:
1560 1409 1746 1467 ἀπαρκτίᾳ
1771 1413 1873 1461 ἰδίως
1905 1414 1949 1455 τὸ
1981 1415 2168 1470 πέλαγος;
2204 1417 2333 1458 codex
2366 1422 2574 1477 Anonymi

1343 1469 1711 1526 ἀπαρκτιαιανιωστὸ
1740 1475 1922 1530 πέλαγος.
1940 1476 2185 1531 Conjectura
2215 1480 2290 1519 viri
2322 1480 2432 1523 docti
2456 1499 2479 1524 a
2499 1487 2575 1526 Ba-

1341 1533 1419 1572 stio
1435 1533 1602 1585 laudati,
1622 1534 1800 1584 ἐναντίως
1814 1542 1869 1593 τῷ
1883 1538 2059 1592 πελάγει,
2082 1540 2199 1579 nihili
2217 1550 2276 1580 est
2286 1558 2297 1591 ;
2316 1543 2428 1596 quod
2444 1546 2576 1587 Uker-

1343 1601 1406 1633 tus
1427 1597 1622 1650 proponit
1646 1596 1834 1654 ἀπαρκτίᾳ
1849 1599 2026 1647 ἐναντίως
2048 1601 2215 1656 πελαγία
2243 1606 2355 1654 νῆσος
2373 1620 2396 1646 a
2414 1608 2574 1650 traditis

1342 1656 1460 1709 longe
1484 1658 1654 1700 recedit.
1679 1661 1732 1700 Ni
1752 1661 1883 1712 fallor,
1903 1663 1967 1703 ΙΔΙ
1990 1672 2133 1704 natum
2149 1673 2210 1705 est
2231 1680 2281 1706 ex
2300 1666 2574 1726 dittographia

1340 1719 1660 1772 praecedentium
1679 1722 1891 1764 literarum
1913 1726 1980 1766 ΙΑΙ
2005 1727 2095 1781 (la).
2126 1728 2318 1768 Ceterum
2344 1729 2489 1773 falsum
2513 1743 2575 1775 est

1341 1779 1441 1820 illud
1462 1780 1649 1838 ἀπαρκτίᾳ
1665 1784 1808 1841 ἀνέμῳ.
1840 1804 1856 1824 (ι
1878 1788 2242 1829 Wahrscheinlich
2264 1790 2410 1833 dachte
2425 1796 2574 1836 Arrian

1340 1842 1427 1882 sich
1446 1842 1512 1883 die
1534 1845 1806 1900 Msmdungen
1841 1848 1911 1888 des
1938 1852 2042 1890 Ister
2065 1849 2301 1892 nordlicher
2338 1853 2394 1893 als
2428 1869 2574 1898 unsere

1340 1905 1498 1945 Karten
1518 1907 1574 1946 sie
1597 1908 1726 1960 geben
1753 1929 1769 1944 π
1794 1910 1926 1950 Ukert
1946 1913 2022 1962 III,
2049 1925 2089 1962 2,
2119 1927 2162 1967 p.
2188 1916 2284 1962 446.
2307 1917 2364 1955 At
2383 1915 2462 1957 hoc
2488 1932 2573 1959 non

1341 1968 1526 2007 statuisse
1553 1970 1778 2010 Arrianum
1812 1986 2014 2012 mensurae
2050 1973 2250 2027 probant3
2290 1989 2416 2030 porro
2453 1979 2486 2017 si
2518 1980 2574 2020 ita

1340 2029 1566 2079 statuisset,
1594 2045 1676 2071 non
1702 2033 1838 2086 potuit
1871 2032 2007 2073 dicere
2040 2033 2159 2074 κατὰ
2188 2038 2301 2076 τοῦτο
2327 2037 2494 2091 μάλιστα
2528 2041 2573 2080 τὸ

1341 2091 1480 2145 στόμα.
1494 2093 1630 2133 Immo
1646 2095 1846 2134 Arrianus
1862 2109 1943 2135 orae
1959 2104 2134 2135 tractum
2152 2098 2193 2136 in
2210 2112 2332 2151 quem
2351 2102 2455 2140 Ister
2473 2104 2570 2154 exit,

1341 2152 1391 2191 ab
1408 2154 1566 2193 oriente
1583 2170 1773 2195 occasum
1795 2171 1933 2196 versu-s
1951 2157 2120 2197 tendere
2133 2160 2368 2214 Istrumque
2382 2177 2467 2203 non
2485 2165 2572 2205 lon-

1340 2227 1387 2264 ge
1402 2214 1452 2253 ab
1476 2216 1588 2254 ostiis
1615 2230 1782 2255 cursum
1814 2218 1870 2257 ita
1887 2218 2049 2258 flectere
2075 2227 2121 2258 ut
2139 2234 2163 2260 a
2183 2219 2309 2262 borea
2334 2221 2418 2264 fere
2448 2228 2571 2266 meri-

1339 2274 1449 2316 diem
1472 2291 1612 2317 versus
1631 2278 1790 2328 flueret,
1807 2271 2058 2320 existimasse
2073 2280 2250 2323 videtur.
2278 2286 2381 2336 Quae
2401 2286 2570 2340 quidem

1339 2334 1480 2391 opinio
1497 2353 1545 2379 ex
1566 2340 1613 2379 iis
1633 2354 1723 2394 quae
1742 2339 1794 2379 de
1815 2342 1909 2381 Istri
1925 2356 2049 2382 cursu
2066 2343 2176 2397 apud
2191 2345 2449 2387 Herodotum
2462 2347 2568 2402 ejus-

1338 2413 1418 2452 que
1437 2409 1653 2442 sectatores
1672 2402 1878 2456 leguntur,
1904 2403 2019 2444 facile
2041 2405 2267 2459 explicatur
2284 2407 2354 2463 (V.
2364 2409 2568 2454 Niebuhr.

1338 2462 1406 2502 Kl.
1444 2463 1646 2516 Schriften
1668 2466 1702 2515 I,
1733 2479 1776 2520 p.
1805 2464 1901 2520 357.
1935 2467 2091 2508 Bobrik
2122 2472 2264 2521 Geogr.
2293 2470 2333 2511 d.
2370 2474 2568 2517 Heroclot.

1337 2537 1379 2577 p.
1410 2538 1481 2564 111
1509 2527 1541 2578 ).
1583 2527 1677 2580 11—-
1701 2542 1741 2580 9.
1766 2527 2067 2584 πρόκειται]
2089 2531 2147 2570 sic
2169 2533 2325 2583 Anon.;
2352 2536 2570 2589 πρόσκειται

1337 2585 1431 2627 cod.
1450 2588 1630 2628 Arriani.
1664 2590 1679 2642 {l
1706 2613 1761 2620 —
1789 2603 1854 2631 10.
1893 2589 2152 2645 Ἀχιλλέως
2181 2596 2328 2646 νῆσον
2356 2597 2442 2637 κτλ.
2466 2599 2482 2652 ]
2502 2601 2572 2639 Di-

1338 2662 1452 2689 versa
1470 2650 1734 2692 confundunt
1750 2653 1822 2706 qui
1838 2652 1904 2692 τὸν
1922 2654 2064 2708 δρόμον
2086 2653 2302 2709 Ἀχίλλειον
2319 2657 2371 2697 ad
2386 2659 2492 2700 hanc
2507 2662 2569 2701 in-

1337 2710 1465 2750 sulam
1476 2711 1673 2753 referunt.
1684 2715 1805 2754 Nunc
1813 2723 1981 2755 vocatur
1990 2718 2021 2756 J
2021 2716 2106 2756 ilan
2113 2717 2274 2759 Adassi
2286 2719 2345 2759 vel
2352 2720 2575 2764 Phidonisi

1338 2773 1354 2824 (
1376 2773 1428 2813 fle
1446 2773 1516 2814 des
1533 2779 1720 2831 Serpents
1739 2779 1770 2829 )‚
1793 2777 2114 2830 ambitu-decem
2134 2779 2361 2823 stadiorum
2383 2781 2397 2838 (
2420 2796 2472 2825 20
2487 2799 2568 2826 sec.
2612 2830 2615 2833 ¹

1336 2837 1512 2877 Pausan.
1532 2837 1571 2887 3,
1595 2851 1659 2890 19,
1686 2852 1702 2877 1
1715 2852 1730 2877 1
1750 2854 1761 2887 ;
1781 2839 1833 2878 30
1847 2838 1952 2879 stad.
1971 2854 2052 2880 sec.
2069 2841 2363 2884 Philostratum
2381 2860 2391 2893 ;
2416 2847 2469 2887 80
2487 2862 2567 2889 sec.

1336 2897 1514 2938 Plinium
1533 2899 1565 2955 ),
1587 2914 1684 2940 saxo
1700 2909 1890 2940 constans
1911 2901 2113 2952 calcareo,
2146 2903 2265 2944 litore
2291 2906 2371 2946 alto
2403 2916 2442 2947 et
2467 2923 2567 2963 prae-

1336 2968 1486 3014 rupto,
1520 2969 1688 3015 portum
1724 2962 1911 3016 praebens
1943 2963 2125 3014 nullum,
2157 2966 2287 3006 tribus
2314 2976 2448 3009 tamen
2471 2970 2569 3011 locis

1337 3022 1555 3077 appulsum
1575 3025 1711 3064 nautis
1727 3039 1812 3065 non
1834 3025 2060 3079 denegans;
2079 3027 2211 3067 solum
2232 3043 2368 3069 versus
2391 3031 2567 3073 mediam

1338 3084 1513 3125 insulam
1545 3086 1755 3140 paullatim
1778 3088 1972 3140 assurgit,
1999 3088 2127 3128 humo
2156 3097 2309 3130 tectum
2332 3093 2465 3142 tenui,
2497 3095 2568 3135 sed

1338 3145 1482 3197 fertili3
1513 3148 1740 3189 innumeris
1759 3148 2012 3203 frequentata
2034 3150 2200 3201 avibus,
2226 3155 2475 3206 serpentium
2498 3171 2567 3196 co-

1337 3208 1406 3262 pia
1423 3208 1638 3250 infestatur
1652 3226 1662 3259 ;
1677 3211 1719 3249 in
1736 3209 1871 3250 media
1890 3218 2048 3250 exstant
2060 3211 2210 3251 rudera
2226 3213 2364 3267 templi
2378 3215 2563 3266 Achillei,

1339 3269 1454 3324 cujus
1477 3272 1518 3311 in
1548 3273 1696 3312 vicinia
1718 3271 1918 3312 fodientes
1949 3272 2092 3312 crebra
2114 3282 2311 3314 eruerunt
2343 3290 2436 3316 vasa
2466 3277 2567 3318 fieti-

1338 3331 1405 3373 lia.
1435 3334 1551 3374 Putei
1582 3342 1662 3373 tres
1692 3334 1808 3373 incisi
1834 3334 1955 3374 saxis.
1974 3357 2031 3366 --
2056 3336 2263 3388 Frequens
2282 3336 2391 3390 apud
2415 3346 2568 3379 veteres

1339 3395 1480 3435 insulae
1507 3397 1676 3435 mentio.
1696 3396 1827 3435 Testis
1849 3396 2156 3449 antiquissimus
2182 3398 2396 3450 Arctinus,
2421 3401 2491 3455 qui
2524 3402 2569 3442 in

1339 3456 1573 3512 AEthiopide
1592 3459 1771 3497 narravit
1794 3456 2006 3511 quomodo
2020 3457 2162 3498 Thetis
2182 3456 2223 3499 ἐκ
2241 3461 2308 3511 τῆς
2320 3463 2437 3516 πυρᾶς
2453 3461 2567 3518 ἀναρ-

1340 3518 1491 3558 πάσασα
1503 3518 1568 3559 τὸν·
1581 3520 1701 3559 παῖδα
1713 3518 1763 3566 εἰς
1778 3517 1846 3569 τὴν
1858 3516 2003 3570 Λευκὴν
2017 3521 2133 3571 νῆσον
2149 3521 2386 3579 διακομίζει(
2398 3523 2569 3565 Photius

1340 3580 1434 3621 cod.
1456 3582 1535 3634 239
1552 3583 1584 3634 ).
1608 3581 1882 3622 Stesichorum
1906 3582 1949 3621 in
1970 3581 2176 3636 palinodia
2193 3583 2244 3624 de
2268 3585 2402 3625 Leuce
2419 3584 2569 3628 dixisse

1338 3649 1449 3696 patet
1481 3656 1528 3681 ex
1556 3643 1753 3683 Pausania
1777 3644 1859 3692 ΙΠ,
1889 3656 1954 3696 19,
1984 3644 2056 3694 13‚·
2078 3658 2181 3685 num
2209 3644 2367 3687 Alcaeus
2386 3661 2566 3702 quoque,

1339 3718 1387 3743 ex
1407 3704 1621 3743 Eustathio
1643 3705 1694 3743 ad
1716 3706 1843 3745 Dion.
1863 3706 1943 3745 306
1965 3705 2163 3748 affirmari
2184 3709 2341 3762 nequit.
2366 3709 2569 3749 Pindarus,

1341 3778 1437 3804 vero
1461 3765 1504 3803 in
1525 3766 1644 3804 Nem.
1675 3766 1752 3815 IV,
1775 3769 1827 3819 49
1859 3779 1869 3806 ;
1895 3765 1934 3807 ἐν
1958 3766 1992 3806 δ’
2020 3766 2185 3824 Εὐξείνῳ
2213 3769 2374 3824 πελάγει
2403 3769 2566 3824 φαεννὰν

1345 3824 1510 3879 Ἀχιλεὺς
1524 3827 1639 3866 νᾶσον
1658 3826 1769 3882 (ἔχει
1783 3829 1816 3881 ).
1830 3827 2050 3882 Euripides
2062 3829 2267 3871 Androm.
2289 3834 2393 3872 1260
2412 3843 2421 3870 :
2446 3830 2569 3885 Ἀχιλ-

1339 3886 1408 3927 λέα
1427 3887 1507 3942 ὄψει
1522 3888 1661 3943 δόμους
1677 3889 1832 3930 ναίοντα
1846 3891 2093 3942 νησιωτικοὶις
2103 3889 2246 3943 Λευκὴν
2262 3892 2346 3932 κατ’
2370 3890 2486 3943 ἀκτὴν
2508 3891 2571 3933 ἐν·

1340 3949 1402 3996 τὸς
1432 3948 1606 3997 Εὐξείνου
1635 3951 1769 4006 πόρου.
1791 3951 1906 3993 Idem
1939 3953 2072 4007 Iphig.
2097 3954 2224 3995 Taur.
2257 3953 2336 4002 435
2367 3963 2569 3997 memorat
