<?xml version="1.0" encoding="UTF-8"?>
<!DOCTYPE html PUBLIC "-//W3C//DTD XHTML 1.0 Transitional//EN"
    "http://www.w3.org/TR/xhtml1/DTD/xhtml1-transitional.dtd">
<html xmlns="http://www.w3.org/1999/xhtml" xml:lang="en" lang="en">
 <head>
  <title>
</title>
<meta http-equiv="Content-Type" content="text/html;charset=utf-8" />
  <meta name='ocr-system' content='tesseract 3.04.00' />
  <meta name='ocr-capabilities' content='ocr_page ocr_carea ocr_par ocr_line ocrx_word'/>
</head>
<body>
  <div class='ocr_page' id='page_1' title='image "./geographigraeci00mueluoft_0017.png"; bbox 0 0 2756 4354; ppageno 0'>
   <div class='ocr_carea' id='block_1_1' title="bbox 1223 151 1560 199">
    <p class='ocr_par' dir='ltr' id='par_1_1' title="bbox 1223 151 1560 199">
     <span class='ocr_line' id='line_1_1' title="bbox 1223 151 1560 199; baseline 0.009 -3"><span class='ocrx_word' id='word_1_1' title='bbox 1223 151 1560 199; x_wconf 82' lang='lat' dir='ltr'><strong>PRAEFATIO.</strong></span> 
     </span>
    </p>
   </div>
   <div class='ocr_carea' id='block_1_2' title="bbox 125 249 2646 338">
    <p class='ocr_par' dir='ltr' id='par_1_2' title="bbox 125 249 2646 338">
     <span class='ocr_line' id='line_1_2' title="bbox 125 249 2646 338; baseline 0.008 -32"><span class='ocrx_word' id='word_1_2' title='bbox 125 254 498 329; x_wconf 83' lang='lat' dir='ltr'>explicatione</span> <span class='ocrx_word' id='word_1_3' title='bbox 523 251 728 304; x_wconf 87' lang='lat' dir='ltr'>frustra</span> <span class='ocrx_word' id='word_1_4' title='bbox 758 249 1153 304; x_wconf 84' lang='lat' dir='ltr'>allaboraveris</span> <span class='ocrx_word' id='word_1_5' title='bbox 1175 250 1284 302; x_wconf 90' lang='lat' dir='ltr'>nisi</span> <span class='ocrx_word' id='word_1_6' title='bbox 1301 251 1372 304; x_wconf 82' lang='lat' dir='ltr'>ad</span> <span class='ocrx_word' id='word_1_7' title='bbox 1387 272 1621 307; x_wconf 88' lang='lat' dir='ltr'>manum</span> <span class='ocrx_word' id='word_1_8' title='bbox 1650 257 1763 308; x_wconf 88' lang='lat' dir='ltr'>sint</span> <span class='ocrx_word' id='word_1_9' title='bbox 1781 275 1995 330; x_wconf 88' lang='lat' dir='ltr'>mappae</span> <span class='ocrx_word' id='word_1_10' title='bbox 2022 261 2281 330; x_wconf 74' lang='lat' dir='ltr'>nauticae,</span> <span class='ocrx_word' id='word_1_11' title='bbox 2305 267 2512 338; x_wconf 84' lang='lat' dir='ltr'>quibus</span> <span class='ocrx_word' id='word_1_12' title='bbox 2540 292 2646 326; x_wconf 80' lang='lat' dir='ltr'>orae</span> 
     </span>
    </p>
   </div>
   <div class='ocr_carea' id='block_1_3' title="bbox 2570 188 2642 218">
    <p class='ocr_par' dir='ltr' id='par_1_3' title="bbox 2570 188 2642 218">
     <span class='ocr_line' id='line_1_3' title="bbox 2570 188 2642 218; baseline 0 0"><span class='ocrx_word' id='word_1_13' title='bbox 2570 188 2642 218; x_wconf 75' lang='lat' dir='ltr'>VH</span> 
     </span>
    </p>
   </div>
   <div class='ocr_carea' id='block_1_4' title="bbox 70 344 2654 1101">
    <p class='ocr_par' dir='ltr' id='par_1_4' title="bbox 70 344 2654 1101">
     <span class='ocr_line' id='line_1_4' title="bbox 124 344 2644 437; baseline 0.004 -34"><span class='ocrx_word' id='word_1_14' title='bbox 124 349 424 416; x_wconf 80' lang='lat' dir='ltr'>anfractUS,</span> <span class='ocrx_word' id='word_1_15' title='bbox 454 345 692 420; x_wconf 87' lang='lat' dir='ltr'>scopuli,</span> <span class='ocrx_word' id='word_1_16' title='bbox 721 344 943 413; x_wconf 86' lang='lat' dir='ltr'>brevia,</span> <span class='ocrx_word' id='word_1_17' title='bbox 982 355 1239 398; x_wconf 83' lang='lat' dir='ltr'>veterum</span> <span class='ocrx_word' id='word_1_18' title='bbox 1271 344 1532 400; x_wconf 88' lang='lat' dir='ltr'>locorum</span> <span class='ocrx_word' id='word_1_19' title='bbox 1571 349 1777 418; x_wconf 83' lang='lat' dir='ltr'>ruinae,</span> <span class='ocrx_word' id='word_1_20' title='bbox 1808 353 2190 406; x_wconf 84' lang='lat' dir='ltr'>recentiorum</span> <span class='ocrx_word' id='word_1_21' title='bbox 2215 359 2445 412; x_wconf 86' lang='lat' dir='ltr'>nomina</span> <span class='ocrx_word' id='word_1_22' title='bbox 2482 367 2644 437; x_wconf 78' lang='lat' dir='ltr'>oppi-</span> 
     </span>
     <span class='ocr_line' id='line_1_5' title="bbox 127 441 2645 529; baseline 0.004 -32"><span class='ocrx_word' id='word_1_23' title='bbox 127 444 335 499; x_wconf 88' lang='lat' dir='ltr'>dorum</span> <span class='ocrx_word' id='word_1_24' title='bbox 385 443 462 496; x_wconf 92' lang='lat' dir='ltr'>ita</span> <span class='ocrx_word' id='word_1_25' title='bbox 501 441 896 507; x_wconf 82' lang='lat' dir='ltr'>exhibeantur,</span> <span class='ocrx_word' id='word_1_26' title='bbox 942 453 1006 495; x_wconf 91' lang='lat' dir='ltr'>ut</span> <span class='ocrx_word' id='word_1_27' title='bbox 1039 441 1424 496; x_wconf 82' lang='lat' dir='ltr'>narrationem</span> <span class='ocrx_word' id='word_1_28' title='bbox 1456 444 1745 518; x_wconf 89' lang='lat' dir='ltr'>scriptoris</span> <span class='ocrx_word' id='word_1_29' title='bbox 1787 466 1887 522; x_wconf 90' lang='lat' dir='ltr'>per</span> <span class='ocrx_word' id='word_1_30' title='bbox 1917 448 2154 501; x_wconf 84' lang='lat' dir='ltr'>minima</span> <span class='ocrx_word' id='word_1_31' title='bbox 2204 470 2438 525; x_wconf 82' lang='lat' dir='ltr'>quaeque</span> <span class='ocrx_word' id='word_1_32' title='bbox 2471 461 2645 529; x_wconf 79' lang='lat' dir='ltr'>spatia</span> 
     </span>
     <span class='ocr_line' id='line_1_6' title="bbox 121 537 2649 618; baseline 0.005 -24"><span class='ocrx_word' id='word_1_33' title='bbox 121 540 298 594; x_wconf 90' lang='lat' dir='ltr'>oculis</span> <span class='ocrx_word' id='word_1_34' title='bbox 328 539 600 614; x_wconf 87' lang='lat' dir='ltr'>prosequi</span> <span class='ocrx_word' id='word_1_35' title='bbox 628 550 682 592; x_wconf 85' lang='lat' dir='ltr'>et</span> <span class='ocrx_word' id='word_1_36' title='bbox 716 537 856 612; x_wconf 90' lang='lat' dir='ltr'>quid</span> <span class='ocrx_word' id='word_1_37' title='bbox 883 537 954 592; x_wconf 92' lang='lat' dir='ltr'>de</span> <span class='ocrx_word' id='word_1_38' title='bbox 980 537 1087 592; x_wconf 87' lang='lat' dir='ltr'>situ</span> <span class='ocrx_word' id='word_1_39' title='bbox 1119 537 1379 592; x_wconf 88' lang='lat' dir='ltr'>locorum</span> <span class='ocrx_word' id='word_1_40' title='bbox 1405 540 1770 594; x_wconf 86' lang='lat' dir='ltr'>statuendum</span> <span class='ocrx_word' id='word_1_41' title='bbox 1801 543 1871 596; x_wconf 86' lang='lat' dir='ltr'>sit</span> <span class='ocrx_word' id='word_1_42' title='bbox 1900 554 1999 597; x_wconf 91' lang='lat' dir='ltr'>tuo</span> <span class='ocrx_word' id='word_1_43' title='bbox 2021 544 2201 618; x_wconf 89' lang='lat' dir='ltr'>ipsius</span> <span class='ocrx_word' id='word_1_44' title='bbox 2218 544 2435 617; x_wconf 89' lang='lat' dir='ltr'>judicio</span> <span class='ocrx_word' id='word_1_45' title='bbox 2461 550 2649 607; x_wconf 87' lang='lat' dir='ltr'>decer-</span> 
     </span>
     <span class='ocr_line' id='line_1_7' title="bbox 121 629 2652 723; baseline 0.004 -31"><span class='ocrx_word' id='word_1_46' title='bbox 121 656 255 692; x_wconf 90' lang='lat' dir='ltr'>nere</span> <span class='ocrx_word' id='word_1_47' title='bbox 280 637 484 711; x_wconf 87' lang='lat' dir='ltr'>possis.</span> <span class='ocrx_word' id='word_1_48' title='bbox 512 635 851 709; x_wconf 88' lang='lat' dir='ltr'>Cujusmodi</span> <span class='ocrx_word' id='word_1_49' title='bbox 877 635 1085 690; x_wconf 83' lang='lat' dir='ltr'>auxilio</span> <span class='ocrx_word' id='word_1_50' title='bbox 1112 656 1292 712; x_wconf 90' lang='lat' dir='ltr'>quum</span> <span class='ocrx_word' id='word_1_51' title='bbox 1315 649 1569 692; x_wconf 86' lang='lat' dir='ltr'>veterum</span> <span class='ocrx_word' id='word_1_52' title='bbox 1586 629 2038 714; x_wconf 82' lang='lat' dir='ltr'>geographorum</span> <span class='ocrx_word' id='word_1_53' title='bbox 2057 643 2337 698; x_wconf 83' lang='lat' dir='ltr'>editiones</span> <span class='ocrx_word' id='word_1_54' title='bbox 2358 646 2652 723; x_wconf 87' lang='lat' dir='ltr'>hucusque</span> 
     </span>
     <span class='ocr_line' id='line_1_8' title="bbox 120 732 2651 816; baseline 0.004 -28"><span class='ocrx_word' id='word_1_55' title='bbox 120 745 399 802; x_wconf 83' lang='lat' dir='ltr'>carerent,</span> <span class='ocrx_word' id='word_1_56' title='bbox 444 752 508 787; x_wconf 89' lang='lat' dir='ltr'>ac</span> <span class='ocrx_word' id='word_1_57' title='bbox 541 733 782 786; x_wconf 88' lang='lat' dir='ltr'>omnino</span> <span class='ocrx_word' id='word_1_58' title='bbox 808 732 1137 807; x_wconf 88' lang='lat' dir='ltr'>paucissimi</span> <span class='ocrx_word' id='word_1_59' title='bbox 1175 733 1263 787; x_wconf 91' lang='lat' dir='ltr'>his</span> <span class='ocrx_word' id='word_1_60' title='bbox 1296 734 1697 789; x_wconf 87' lang='lat' dir='ltr'>instrumentis</span> <span class='ocrx_word' id='word_1_61' title='bbox 1725 736 1988 790; x_wconf 89' lang='lat' dir='ltr'>instructi</span> <span class='ocrx_word' id='word_1_62' title='bbox 2017 740 2158 808; x_wconf 87' lang='lat' dir='ltr'>sint,</span> <span class='ocrx_word' id='word_1_63' title='bbox 2185 742 2371 796; x_wconf 86' lang='lat' dir='ltr'>studia</span> <span class='ocrx_word' id='word_1_64' title='bbox 2395 742 2651 816; x_wconf 85' lang='lat' dir='ltr'>jucunda</span> 
     </span>
     <span class='ocr_line' id='line_1_9' title="bbox 120 829 2653 913; baseline 0.004 -29"><span class='ocrx_word' id='word_1_65' title='bbox 120 831 334 885; x_wconf 88' lang='lat' dir='ltr'>mirum</span> <span class='ocrx_word' id='word_1_66' title='bbox 371 830 433 883; x_wconf 87' lang='lat' dir='ltr'>in</span> <span class='ocrx_word' id='word_1_67' title='bbox 471 829 711 883; x_wconf 88' lang='lat' dir='ltr'>modum</span> <span class='ocrx_word' id='word_1_68' title='bbox 742 829 1256 904; x_wconf 84' lang='lat' dir='ltr'>praepediebantur.</span> <span class='ocrx_word' id='word_1_69' title='bbox 1299 835 1415 905; x_wconf 81' lang='lat' dir='ltr'>Ego</span> <span class='ocrx_word' id='word_1_70' title='bbox 1450 845 1640 886; x_wconf 90' lang='lat' dir='ltr'>autem</span> <span class='ocrx_word' id='word_1_71' title='bbox 1686 853 1803 887; x_wconf 93' lang='lat' dir='ltr'>non</span> <span class='ocrx_word' id='word_1_72' title='bbox 1835 853 2072 908; x_wconf 89' lang='lat' dir='ltr'>possum</span> <span class='ocrx_word' id='word_1_73' title='bbox 2100 837 2237 909; x_wconf 89' lang='lat' dir='ltr'>quin</span> <span class='ocrx_word' id='word_1_74' title='bbox 2273 851 2451 910; x_wconf 84' lang='lat' dir='ltr'>grates</span> <span class='ocrx_word' id='word_1_75' title='bbox 2496 860 2653 913; x_wconf 86' lang='lat' dir='ltr'>agam</span> 
     </span>
     <span class='ocr_line' id='line_1_10' title="bbox 70 927 2654 1008; baseline 0.003 -25"><span class='ocrx_word' id='word_1_76' title='bbox 70 982 73 988; x_wconf 14' lang='grc' dir='ltr'><em>κ</em></span> <span class='ocrx_word' id='word_1_77' title='bbox 118 929 253 983; x_wconf 83' lang='lat' dir='ltr'>viris</span> <span class='ocrx_word' id='word_1_78' title='bbox 284 927 709 983; x_wconf 87' lang='lat' dir='ltr'>humanissimis</span> <span class='ocrx_word' id='word_1_79' title='bbox 733 927 832 1002; x_wconf 92' lang='lat' dir='ltr'>qui</span> <span class='ocrx_word' id='word_1_80' title='bbox 857 927 1208 981; x_wconf 88' lang='lat' dir='ltr'>asservandis</span> <span class='ocrx_word' id='word_1_81' title='bbox 1233 928 1442 983; x_wconf 87' lang='lat' dir='ltr'>tabulis</span> <span class='ocrx_word' id='word_1_82' title='bbox 1461 930 1700 984; x_wconf 85' lang='lat' dir='ltr'>nauticis</span> <span class='ocrx_word' id='word_1_83' title='bbox 1727 931 1786 983; x_wconf 93' lang='lat' dir='ltr'>in</span> <span class='ocrx_word' id='word_1_84' title='bbox 1817 930 1920 984; x_wconf 85' lang='lat' dir='ltr'>hac</span> <span class='ocrx_word' id='word_1_85' title='bbox 1944 931 2084 985; x_wconf 87' lang='lat' dir='ltr'>urbe</span> <span class='ocrx_word' id='word_1_86' title='bbox 2108 933 2354 1006; x_wconf 84' lang='lat' dir='ltr'>praefecti</span> <span class='ocrx_word' id='word_1_87' title='bbox 2386 955 2654 1008; x_wconf 83' lang='lat' dir='ltr'>quaecun-</span> 
     </span>
     <span class='ocr_line' id='line_1_11' title="bbox 119 1025 2179 1101; baseline 0.001 -21"><span class='ocrx_word' id='word_1_88' title='bbox 119 1047 229 1101; x_wconf 85' lang='lat' dir='ltr'>que</span> <span class='ocrx_word' id='word_1_89' title='bbox 261 1027 341 1080; x_wconf 89' lang='lat' dir='ltr'>rei</span> <span class='ocrx_word' id='word_1_90' title='bbox 375 1038 583 1080; x_wconf 83' lang='lat' dir='ltr'>nostrae</span> <span class='ocrx_word' id='word_1_91' title='bbox 605 1025 976 1095; x_wconf 86' lang='lat' dir='ltr'>inservirent,</span> <span class='ocrx_word' id='word_1_92' title='bbox 1002 1026 1396 1100; x_wconf 86' lang='lat' dir='ltr'>promtissimo</span> <span class='ocrx_word' id='word_1_93' title='bbox 1427 1028 1621 1082; x_wconf 90' lang='lat' dir='ltr'>animo</span> <span class='ocrx_word' id='word_1_94' title='bbox 1660 1029 2179 1099; x_wconf 82' lang='lat' dir='ltr'>communicarunt.</span> 
     </span>
    </p>
   </div>
   <div class='ocr_carea' id='block_1_5' title="bbox 235 1210 962 1261">
    <p class='ocr_par' dir='ltr' id='par_1_5' title="bbox 235 1210 962 1261">
     <span class='ocr_line' id='line_1_12' title="bbox 235 1210 962 1261; baseline -0.004 0"><span class='ocrx_word' id='word_1_95' title='bbox 235 1210 471 1261; x_wconf 80' lang='lat' dir='ltr'>PAmsns</span> <span class='ocrx_word' id='word_1_96' title='bbox 514 1226 695 1261; x_wconf 80' lang='lat' dir='ltr'><strong>MENSE</strong></span> <span class='ocrx_word' id='word_1_97' title='bbox 737 1210 962 1260; x_wconf 79' lang='lat' dir='ltr'>APRILls</span> 
     </span>
    </p>
   </div>
   <div class='ocr_carea' id='block_1_6' title="bbox 407 1343 2269 1401">
    <p class='ocr_par' dir='ltr' id='par_1_6' title="bbox 407 1343 2269 1401">
     <span class='ocr_line' id='line_1_13' title="bbox 407 1343 2269 1401; baseline 0.002 -5"><span class='ocrx_word' id='word_1_98' title='bbox 407 1343 787 1397; x_wconf 80' lang='lat' dir='ltr'><strong>MDCCCLIII.</strong></span> <span class='ocrx_word' id='word_1_99' title='bbox 1650 1347 1907 1399; x_wconf 74' lang='lat' dir='ltr'>CAROLUS</span> <span class='ocrx_word' id='word_1_100' title='bbox 1953 1349 2269 1401; x_wconf 80' lang='lat' dir='ltr'><strong>MULLERUS.</strong></span> 
     </span>
    </p>
   </div>
  </div>
 </body>
</html>
