2808 4342
1082 115 1367 162 mstomA
1402 102 1628 162 INDICA.

84 221 219 279 Κῦρον
238 217 304 263 τὸν
326 215 582 275 Καμὸύσεω,
601 212 733 259 καίτοι
754 212 823 258 ἐπὶ
842 212 1005 264 Σκύθας
1022 213 1226 259 ἐλάσαντα
1244 213 1315 259 καὶ

82 288 214 333 τᾶλλα
237 283 705 346 πολυπραγμονέστατον
745 282 796 337 δὴ
828 285 907 327 τῶν
938 281 1046 327 κατὰ
1079 281 1151 337 τὴν
1177 282 1313 338 Ἀσίην

89 354 291 416 βασιλέων
309 352 523 413 γενόμενον
542 350 610 396 τὸν
641 353 790 412 Κῦρον·
818 350 889 413 (ιι)
925 351 1033 396 ἀλλὰ
1055 349 1314 413 Ἀλέξανδρον

83 425 163 486 γὰρ
194 426 320 468 ἐλθεῖν
343 439 387 466 τε
425 420 497 467 καὶ
528 423 735 483 κρατῆσαι
757 419 923 465 πάντων
950 421 1077 464 τοῖσιν
1103 418 1314 477 ὅπλοισιν,

43 510 61 538 5
84 493 200 544 ὅσους
217 509 263 552 γε
291 489 340 546 δὴ
369 491 536 546 ἐπῆλθε·
568 489 639 535 καὶ
665 488 713 535 ἂν
737 489 808 534 καὶ
832 488 998 534 πάντων
1020 493 1247 551 κρατῆσαι,
1281 491 1315 534 εἰ

83 566 108 616 ἡ
133 559 304 622 στρατιὴ
336 559 496 615 ἤθελεν.
567 559 641 619 (12)
663 560 725 605 Οὐ
753 557 826 618 μὲν
859 558 909 613 δὴ
945 557 1036 602 οὐδὲ
1060 558 1200 604 Ἰνδῶν
1224 558 1316 602 τινὰ

82 628 158 681 ἔξω
178 632 250 684 τῆς
274 624 433 684 οἰκηίης
455 628 659 682 σταλῆναι
677 626 745 672 ἐπὶ
775 626 948 690 πολέμῳ
969 625 1035 671 διὰ
1058 626 1314 682 δικαιότητα.

142 699 199 744 Χ.
238 696 419 758 Λέγεται
445 695 578 741 δὲκαὶ
609 694 731 755 τάδε,
769 695 961 755 μνημήϊα
996 693 1058 740 ὅτι
1091 694 1214 741 Ἰνδοὶ
1237 697 1318 746 τοῖς

79 766 373 821 τελευτήσασιν
408 767 452 810 οὗ
473 763 699 821 ποιέουσιν,
735 763 842 809 ἀλλὰ
874 763 945 816 τὰς
969 764 1117 827 ἀρετὰς
1136 762 1315 826 γὰρῆτῶν

20 853 59 888 10
83 837 241 899 ἀνδρῶν
269 834 412 888 ἱκανὰς
436 836 474 886 ἐς
497 834 666 894 μνήμην
693 833 871 879 τίθενται
889 837 1017 880 τοῖσιν
1045 836 1317 891 ἀποθανοῦσι,

81 924 152 951 και
170 905 241 957 τὰς
273 905 380 968 ὠδὰς
389 902 448 977 meat‘i
488 905 668 949 αὐτοῖσιν
693 901 927 950 ἐποίδονται.
998 905 1035 964 (2
1019 905 1050 961 2)
1088 903 1250 949 Πολίων
1277 903 1318 948 δὲ

82 973 252 1037 ἀριθμὸν
277 974 350 1018 οὐκ
374 978 482 1018 εἶναι
515 991 564 1017 αν
590 971 754 1033 ἀτρεκὲς
777 972 1014 1035 ἀναγράψαι
1032 975 1112 1017 τῶν
1133 972 1316 1018 Ἰνδικῶν

81 1043 160 1088 ὑπὸ
176 1041 362 1097 πλήθεος·
377 1041 483 1087 ἀλλὰ
499 1041 578 1102 γὰρ
595 1040 688 1086 ὅσαι
704 1042 1024 1103 παραποτάμιαι
1037 1041 1189 1087 αὐτέων
1201 1042 1227 1097 ἢ
1243 1061 1318 1087 πα-

83 1111 387 1184 ραθαλοίσσιαι,
409 1110 562 1161 ταύτας
585 1109 657 1169 μὲν
679 1110 838 1163 ξυλίνας
853 1112 1078 1157 ποιέεσθαι·
1102 1112 1151 1174 (3)
1177 1113 1220 1157 οὗ
1238 1111 1317 1173 γὰρ

24 1208 62 1237 15
85 1186 187 1226 Εἶναι
211 1201 256 1226 ἐκ
275 1181 444 1226 πλίνθου
476 1179 717 1239 ποιεομένας
743 1199 956 1243 Οῑαρκὲσαῑ
989 1200 1056 1226 Επῑ
1085 1199 1228 1242 χρονον
1247 1199 1318 1225 ‘tou

82 1269 127 1296 τε
155 1250 301 1302 ὕδατος
332 1250 452 1295 ἕνεκα
487 1253 557 1293 τοῦ
583 1249 623 1302 ἐξ
656 1251 851 1310 οὐρανοῦ,
886 1248 1008 1295 καὶ“’
984 1269 1047 1295 οτι
1079 1253 1116 1295 οἱ
1139 1249 1319 1309 ποταμοὶ

83 1321 264 1364 αὐτοῖσιν
289 1318 616 1379 ὓπερὸάλλοντες
640 1317 743 1380 ὑπὲρ
763 1318 836 1370 τὰς
855 1318 980 1381 ὄχθας
1000 1321 1230 1379 ἐμπιπλᾶσι
1250 1324 1319 1364 τοῦ

83 1387 226 1438 ὕδατος
249 1387 301 1432 τὰ
322 1387 459 1431 πεδία.
530 1387 581 1449 (4)
602 1385 736 1433 σΟσαι
755 1388 797 1432 δὲ
828 1390 870 1439 ἐν
889 1387 1160 1449 ὑπερδεξίοισί
1185 1407 1228 1433 τε
1250 1388 1320 1438 καὶ

82 1454 529 1518 μετεώροισιτόποισι,
553 1455 624 1500 και
644 1456 845 1503 τούτοισιν
867 1459 1110 1519 ὑψηλοῖσιν,
1134 1457 1321 1520 ὧκισμέ-

19 1551 61 1581 20
81 1545 148 1572 ναι
170 1527 273 1587 εἷο-ι,
294 1527 446 1577 ταύτας
470 1523 552 1570 δὲ’
535 1543 580 1570 εκ
602 1525 770 1571 πλίνθου
791 1545 834 1571 τε
851 1526 924 1572 καὶ
947 1528 1081 1579 πηλοῦ
1097 1527 1319 1572 ποιέεσθαι·

19 1901 59 1932 25

85 1596 131 1659 (5)
163 1595 359 1657 μεγίστην
380 1594 422 1640 δὲ
442 1594 560 1640 πόλιν
601 1597 641 1639 ἓν
677 1595 869 1640 Ἰνδοῖσιν
903 1584 1009 1641 εἶναι
1043 1595 1320 1655 Παλίμὸοθρα

82 1664 361 1725 καλεομένην,
391 1666 430 1709 ἐν
455 1667 505 1726 τῇ
527 1662 725 1725 Πρασίων
745 1666 799 1724 γῇ
814 1698 826 1719 ,
851 1661 919 1708 ἵνα
944 1665 988 1708 αἱ
1019 1662 1224 1720 συμὸολαί
1245 1664 1322 1707 εἶσι

82 1739 153 1780 τοῦ
174 1753 217 1778 τε
247 1731 499 1796 Ἔραννοὸόα
523 1736 712 1791 ποταμοῦ
740 1731 812 1776 καὶ
836 1736 909 1777 τοῦ
932 1730 1123 1792 Γάγγεω·
1148 1736 1219 1776 τοῦ
1247 1731 1321 1790 μὲν

83 1803 276 1864 Γάγγεω,
296 1806 366 1847 τοῦ
393 1801 586 1862 μεγίστου
602 1803 818 1861 ποταμῶν·
836 1803 857 1845 ὁ
874 1802 916 1845 δὲ
938 1800 1217 1862 Ἐραννοὸόας
1236 1800 1321 1862 τρί·

86 1889 152 1922 τος
183 1871 256 1931 μὲν
287 1871 335 1915 ἂν
372 1871 434 1925 εἴη
457 1873 538 1915 τῶν
560 1870 702 1916 Ἰνδῶν
727 1873 955 1929 ποταμῶν,
996 1871 1128 1929 μέζων
1165 1871 1207 1914 δὲ
1242 1874 1323 1915 τῶν

87 1940 191 2001 ἄλλῃ
216 1939 286 1985 καὶ
306 1932 432 1991 οἶτος·
454 1938 561 1984 ἀλλὰ
576 1938 798 2000 ξυγχωρέει
818 1939 939 1990 αὐτὸς
955 1942 1013 2000 τῷ
1032 1939 1195 2000 Γάγγῃ,
1216 1941 1324 1995 ἐπει-

81 2099 213 2139 tribus
235 2098 313 2138 illis
339 2112 430 2154 quae
468 2098 591 2139 fuisse
621 2098 722 2138 dicit
748 2098 947 2139 libertatis
963 2098 1218 2151 temporibus
1237 2100 1323 2138 sive

83 2162 328 2215 interregnis
351 2161 568 2214 colligitur.
590 2160 858 2214 Respondent
877 2159 967 2200 haec
987 2159 1188 2199 Indorum
1205 2170 1326 2201 (tnta-

85 2223 144 2264 νίς
175 2226 190 2276 (
214 2223 469 2278 temporibus
492 2222 785 2275 intermediis')
816 2220 881 2261 vel
908 2220 1177 2274 Sandlzja‘ncis
1200 2223 1216 2273 (
1239 2237 1326 2262 cre-

83 2284 280 2339 pusculis)
302 2286 381 2325 300
400 2292 442 2324 et
460 2297 541 2325 200
555 2292 596 2324 et
615 2298 693 2324 100
708 2298 837 2323 annos
853 2282 1032 2323 deorum
1051 2283 1326 2337 complecten-

85 2346 211 2395 tibus,
234 2359 325 2399 quae
348 2345 526 2398 singulas
549 2344 693 2384 mundi
717 2343 914 2399 periodos
936 2342 1213 2384 distermitant
1236 2347 1322 2397 (V.

87 2409 255 2449 Lassen.
279 2406 306 2447 l.
339 2405 367 2446 l.
386 2420 429 2461 p.
462 2405 587 2458 510).
610 2409 694 2446 Aut
711 2406 834 2458 igitur
851 2405 1136 2457 Megasthenes
1152 2413 1327 2459 systema

52 2513 56 2518 ,
87 2470 299 2525 quoddam
314 2467 672 2522 chronologicum,
688 2468 730 2507 in
747 2481 830 2521 quo
846 2466 901 2509 ad
918 2466 1082 2507 modica
1093 2475 1327 2522 temporum

89 2534 219 2587 spatia
247 2546 311 2572 res
333 2539 530 2571 revocatae
566 2539 704 2580 erant,
733 2545 784 2570 ex
802 2528 920 2570 Indis
953 2530 1124 2584 accepit,
1146 2538 1217 2569 aut
1242 2532 1327 2584 ipse

89 2593 264 2648 majores
275 2592 477 2634 Indorum
490 2593 624 2648 cyclos
637 2593 679 2632 in
691 2593 871 2632 minores
884 2590 1058 2645 redegit.
1077 2593 1092 2646 ll
1108 2615 1164 2622 -
1173 2592 1240 2632 32.
1252 2596 1326 2647 γῆν

89 2660 164 2696 τῶν
191 2654 322 2696 Ἰνδῶν
341 2657 396 2695 D.

140 2719 204 2768 X,
236 2719 275 2758 8.
304 2717 476 2772 μνημεῖα
498 2715 639 2757 οοᾶά.·
629 2731 745 2767 ‚.em
771 2715 913 2757 Dsibn.
946 2717 964 2770 (Ι
990 2740 1047 2747 —
1079 2729 1142 2756 10.
1175 2716 1210 2763 ἐς
1234 2717 1329 2771 μνή-

88 2795 161 2837 μην
184 2779 391 2830 ἱκανὰςΑ;
427 2778 558 2826 ἱκανὰς
583 2794 667 2819 om.
692 2781 740 2819 L.
783 2779 798 2832 Η
823 2802 878 2809 -
905 2779 972 2818 15.
999 2778 1050 2818 ἐκ
1088 2778 1324 2834 πλίνθου]

91 2860 108 2881 α
133 2842 258 2884 latere
277 2857 362 2882 non
385 2850 517 2892 cocto,
548 2841 621 2882 sed
655 2840 801 2891 cludo,
841 2836 961 2896 cujus
980 2848 1021 2881 et
1049 2854 1115 2896 ap.
1148 2840 1328 2883 Plinium

86 2907 241 2946 mentio
263 2905 309 2946 fit
327 2906 506 2954 XXXV,
529 2919 566 2945 c.
600 2907 650 2953 14
674 2905 765 2944 init.
788 2905 1044 2945 amram.
1073 2905 1089 2958 Η
1115 2928 1172 2935 -
1193 2919 1260 2945 21.
1289 2906 1327 2947 ἐν

87 2982 138 3008 ex
160 2970 195 3009 A
214 2967 386 3007 inseruit
403 2965 593 3007 Dfibner.
618 2965 635 3019 {l
652 2989 710 2996 -
724 2964 976 3020 Παλῐνὸοθρα
991 2967 1024 3006 C
1034 2981 1045 3016 3
1063 2966 1186 3006 ceteri
1202 2966 1325 3008 codd.

86 3029 363 3085 Παλίμδοθρα,
390 3037 437 3069 ut
469 3027 702 3082 Stephanus
719 3029 819 3082 Byz.
857 3042 891 3068 s.
922 3042 981 3078 v.;
1016 3028 1240 3083 Παλίὸοθρα
1258 3043 1325 3084 ap.

87 3092 262 3133 Diodor.
282 3093 339 3142 ΙΙ,
372 3092 441 3145 39,
471 3090 662 3132 strabon.
697 3104 741 3145 p.
767 3084 838 3144 70.
863 3092 959 3144 689.
983 3094 1080 3144 690.
1103 3093 1199 3144 698.
1230 3105 1325 3145 702,

87 3154 329 3195 Ptolemaeus
357 3154 455 3202 VII,
493 3167 531 3203 1,
568 3152 674 3194 Plin.
715 3154 795 3202 VI,
821 3166 870 3193 21
901 3155 923 3204 S
947 3154 1015 3203 63,
1040 3153 1132 3194 coll.
1162 3155 1239 3204 VI,
1274 3167 1327 3194 22

91 3217 114 3267 ὃ
134 3219 201 3268 69.
223 3215 296 3255 ubi
319 3228 329 3255 ε
355 3218 544 3256 Iomanes
560 3230 640 3271 per
663 3215 961 3268 Palibothros(
982 3217 1010 3256 i.
1036 3231 1072 3256 e.
1106 3230 1182 3271 per
1207 3216 1329 3258 ditio-

90 3291 187 3316 nem
204 3276 344 3329 urbis)
363 3276 556 3318 decurrit.
583 3278 788 3318 Sanscrite
806 3278 904 3318 urbs
922 3287 1092 3319 vocatur
1106 3278 1328 3335 Pa‘talipu-

93 3347 159 3378 tra
182 3338 198 3390 (
217 3338 246 3376 i.
267 3351 304 3377 e.
322 3336 428 3377 filius
451 3337 564 3379 floris
577 3337 741 3389 Pcitah,
765 3340 849 3379 sive
868 3339 1079 3392 Bignonice
1095 3342 1328 3382 suaveolen-

94 3399 150 3439 tis
165 3400 197 3452 ),
219 3397 329 3454 apud
346 3399 566 3441 nonnullos
596 3403 720 3442 etiam
739 3401 992 3457 Pushdpura
1022 3417 1096 3443 seu
1124 3406 1329 3444 Kusuma-

90 3474 198 3516 pura
223 3460 238 3512 (
268 3460 418 3500 florum
444 3461 588 3515 urbs).
620 3463 676 3502 V.
713 3464 881 3502 Lassen.
911 3462 988 3503 1.1.
1008 3478 1050 3518 p.
1076 3466 1170 3505 136.
1194 3466 1327 3506 Situm

93 3519 180 3574 ejus
199 3535 250 3560 ex
268 3522 531 3574 Megasthene
553 3524 570 3575 (
589 3522 639 3564 fr.
674 3523 725 3563 25
747 3525 764 3577 )
787 3524 934 3564 eodem
964 3525 1091 3565 modo
1113 3526 1328 3582 descripsit

94 3583 239 3626 Strabo
261 3597 305 3638 p.
331 3597 411 3638 702
447 3598 456 3625 ε
479 3584 540 3626 ἐπὶ
570 3589 618 3641 τῇ
650 3586 827 3643 συμὸολῇ
852 3585 989 3628 τούτου
1021 3590 1113 3641 (sc.
1145 3593 1212 3629 τοῦ
1231 3591 1329 3645 Γάγ-

94 3663 165 3702 γου
182 3647 195 3702 )
214 3662 255 3686 τε
274 3646 339 3686 καὶ
353 3649 420 3686 τοῦ
448 3647 462 3700 [
480 3646 632 3687 excidit
656 3646 897 3703 Ἔραννοὸόα
914 3651 948 3704 ],
985 3650 1108 3690 ἄλλου
1131 3656 1322 3708 ποταμοῦ,

94 3708 143 3750 τὰ
163 3708 388 3763 Παλίὸοθρα
413 3708 585 3763 ἱδρῦσθαι
602 3709 690 3750 κτλ.
724 3710 790 3751 Ab
822 3711 928 3751 ostio
946 3712 1101 3765 Gangis
1131 3718 1327 3768 usquead

94 3770 331 3812 Palibothra
357 3770 642 3824 Megasthenes
665 3779 707 3812 et
734 3773 1023 3814 Eratosthenes
1046 3778 1154 3816 6000
1172 3776 1323 3827 stadia,

94 3832 304 3874 Patroclus
334 3846 432 3873 vero
467 3832 575 3874 5000
609 3832 741 3875 stadia
774 3843 1087 3890 computamnt,
1126 3837 1327 3880 referente

95 3894 296 3936 Strabone
326 3908 371 3949 p.
406 3896 503 3948 689.
527 3895 724 3936 Patroclis
745 3898 924 3937 rationes
955 3899 1141 3952 sequitur
1169 3900 1325 3941 Plinius

97 3958 208 4011 (VI,
240 3971 290 3998 21
316 3958 349 4011 ),
378 3959 457 3999 638
487 3957 588 4000 mill.
613 3973 718 4014 paSS.
738 3973 971 4003 numerans.
998 3962 1061 4002 De
1078 3962 1324 4005 Erzmnoboa

266 4031 398 4067 οιέοοιι.
418 4036 447 4068 1.

2527 134 2604 173 32¹

1384 222 1615 275 ingressum
1635 234 1644 262 :
1671 235 1806 275 neque
1838 221 1998 275 Cyrum
2019 219 2231 275 Cambysis
2257 222 2409 273 fitium,
2434 232 2617 279 quamvis

1384 283 1417 322 is
1443 282 1639 324 adversus
1658 283 1826 337 Scythas
1858 282 2087 323 exercitum
2106 281 2271 323 duxerit
2299 292 2339 324 et
2360 285 2513 340 alioqui
2533 291 2620 342 plu-

1383 344 1489 385 rima
1505 345 1671 385 molitus
1694 345 1746 384 sit
1768 345 1875 384 inter
1902 357 2018 397 reges
2045 343 2167 384 Asiae.
2228 346 2318 398 (11)
2342 346 2621 392 Alexandrum

1386 419 1483 446 vero
1495 406 1538 445 in
1553 419 1619 446 eas
1630 406 1818 460 regiones
1835 404 2014 454 venisse,
2036 418 2262 459 omnesque
2278 407 2401 446 armis
2417 409 2622 464 subegisse

1384 463 1438 503 ad
1470 479 1586 534 quas·
1609 465 1875 533 pervenerit:
1911 478 1958 504 ac
1991 471 2148 504 cete1os
2179 478 2322 505 omnes
2354 467 2621 513 subacturum

1386 521 1531 574 fuisse,
1546 525 1624 564 nisi
1639 538 1735 564 exer
1737 524 1842 564 citus
1858 522 2031 563 ulterius
2041 537 2166 579 pr00'1
2168 523 2234 564 edi
2247 535 2487 568 recusasset
2545 532 2624 572 Sed

1386 595 1520 636 neque
1551 582 1757 622 Indorum
1785 595 2035 636 quemquam
2058 591 2171 624 extra
2199 585 2373 638 patriam
2395 586 2621 640 profectum

1386 655 1472 681 esse
1491 640 1544 682 ad
1562 641 1716 682 bellum
1730 672 1741 691 ,
1763 650 1933 696 propter
1943 640 2159 696 justitiam.

1441 701 1497 742 X.
1523 702 1732 742 Feruntur
1754 701 1877 741 etiam
1901 701 2013 742 haec:
2040 717 2123 744 non
2145 703 2322 746 condere
2340 705 2466 747 Indos
2490 710 2623 749 moni-

1387 782 1526 815 menta
1544 774 1741 824 mortuis;
1767 774 1938 814 virtutes
1961 775 2072 815 enim
2091 776 2278 817 virorum
2305 777 2357 818 ad
2380 789 2627 835 perpetuan-

1388 845 1483 887 dam
1505 855 1599 902 post
1622 855 1800 888 mortem
1823 848 2065 888 memoriam
2095 848 2286 890 sufficere
2305 851 2557 901 existimant,
2586 862 2626 894 et

2464 922 2524 978 (2)
2544 926 2626 965 Ur-

1388 990 1504 1031 bium
1523 1006 1621 1032 vero
1637 990 1878 1032 Indicarum
1894 1006 2114 1033 numerum
2131 1008 2216 1048 prae
2235 995 2500 1038 multitudine
2515 1012 2627 1038 com-

1389 919 1571 959 carmina
1593 932 1685 973 quae
1706 919 1748 958 in
1778 932 1925 958 eorum
1954 918 2155 959 honorem
2181 930 2400 963 canuntur.

1388 1072 1556 1118 pertum
1570 1079 1655 1105 non
1675 1078 1760 1105 esse
1779 1077 1789 1104 z
1811 1079 1877 1104 eas
1897 1079 1993 1105 vero
2009 1080 2099 1119 quae
2114 1064 2233 1119 juxta
2249 1068 2418 1110 flumina
2430 1078 2501 1110 aut
2514 1085 2627 1111 mare

1390 1138 1475 1178 sitae
1493 1138 1596 1189 sint,
1615 1153 1666 1179 ex
1683 1138 1816 1192 lignea
1831 1139 2000 1179 materia
2016 1148 2270 1181 constructas
2286 1157 2393 1192 esse3
2415 1142 2474 1199 (3)
2491 1157 2628 1198 neque

1391 1211 1523 1260 enim,
1548 1211 1582 1251 si
1609 1225 1660 1251 ex
1676 1210 1801 1251 latere
1820 1210 2014 1252 confectae
2033 1220 2187 1263 essent,
2210 1212 2331 1267 longo
2347 1222 2531 1269 tempore
2550 1216 2628 1257 du-

1392 1290 1572 1332 raturas,
1597 1291 1688 1324 tum
1710 1291 1880 1338 propter
1902 1283 2078 1334 imbres,
2101 1292 2190 1324 tum
2213 1285 2327 1339 quod
2346 1300 2485 1327 amnes
2508 1302 2628 1342 supe-

1391 1357 1489 1395 ratis
1513 1357 1614 1411 ripis
1628 1357 1750 1412 plana
1764 1357 1853 1397 loca
1872 1371 1979 1412 aqua
2004 1357 2201 1412 repleant.
2264 1357 2323 1414 (4)
2349 1361 2452 1411 Quae
2474 1374 2571 1400 vero
2587 1362 2628 1401 in

1392 1430 1674 1483 superioribus
1690 1439 1731 1471 et
1749 1430 2061 1471 sublimioribus
2077 1430 2249 1486 altisque
2265 1431 2363 1472 locis
2377 1433 2518 1487 positae
2533 1433 2627 1484 sint,

1393 1516 1443 1542 ex
1458 1502 1652 1543 lateribus
1668 1512 1708 1544 et
1723 1512 1922 1544 caemento
1940 1504 2063 1544 factas
2080 1519 2181 1544 esse.
2244 1505 2305 1559 (5)
2322 1507 2544 1547 Maximam
2557 1522 2628 1547 au·

1391 1582 1474 1614 tem
1494 1575 1606 1629 apud
1620 1575 1748 1615 Indos
1765 1576 1912 1616 urbem
1931 1590 2016 1616 esse
2034 1576 2313 1617 Palimbothra
2330 1577 2373 1617 in
2392 1580 2629 1620 Prasiorum

1393 1646 1567 1696 finibus,
1589 1647 1642 1688 ad
1661 1648 1921 1688 Erannoboae
1941 1657 1980 1688 et
2002 1648 2155 1701 Gangis
2175 1648 2397 1689 fluminum
2419 1651 2630 1691 confluen-

1393 1726 1476 1757 tem
1495 1731 1505 1758 :
1534 1733 1580 1758 ac
1602 1720 1763 1772 Ganges
1779 1719 1950 1774 quidem
1981 1720 2183 1759 maximus
2199 1728 2258 1760 est
2276 1721 2463 1761 omnium
2491 1717 2629 1762 flumi-

1394 1802 1518 1838 num3
1543 1790 1812 1830 Erannoboas
1836 1798 1974 1830 autem
2000 1791 2145 1830 tertius
2165 1790 2335 1831 sortasse
2356 1791 2481 1832 suerit
2500 1792 2630 1833 Indiae

1396 1863 1633 1914 fluminum,
1659 1864 1790 1919 major
1805 1873 1941 1905 tamen
1956 1865 2025 1905 hic
2048 1879 2214 1920 quoque
2233 1866 2405 1907 aliarum
2425 1875 2630 1909 terrarum

1397 1940 1550 1990 fluviis,
1565 1940 1637 1981 sed
1655 1942 1787 1995 Gangi
1804 1940 1928 1992 cedit,
1947 1956 2078 1995 quum
2092 1942 2133 1981 in
2151 1956 2246 1982 eum
2262 1956 2409 1997 aquam
2426 1958 2541 1984 suam
2555 1945 2630 1984 im-

1397 2099 1524 2138 ssuvio
1539 2114 1578 2139 v.
1598 2114 1737 2154 supra.
1750 2102 1833 2140 Sita
1847 2101 1946 2140 urbs
1962 2115 2045 2140 non
2062 2101 2181 2154 longe
2197 2101 2248 2141 ab
2266 2100 2464 2142 hodierna
2475 2105 2627 2151 Patria,

1396 2161 1468 2200 ubi
1491 2162 1621 2201 ruinae
1643 2162 1894 2217 Patelputerv
1908 2162 2030 2202 dictae
2052 2164 2288 2203 etiamnunc
2318 2172 2475 2204 exstare
2495 2165 2631 2219 perhi-

1400 2221 1562 2263 bentur.
1585 2225 1648 2263 Ita
1666 2231 1776 2263 recte
1793 2223 1879 2277 jam
1897 2232 2092 2264 statuerat
2115 2224 2334 2264 Rennelius
2358 2226 2375 2277 (
2400 2225 2574 2265 Memoir
2586 2227 2634 2278 of

1396 2298 1423 2322 (ι
1451 2298 1547 2339 map
1568 2284 1622 2337 of
1647 2284 1883 2325 Hindostan
1912 2300 1955 2340 p.
1984 2288 2084 2340 37).
2115 2286 2276 2338 Quibus
2298 2285 2403 2326 adde
2426 2301 2517 2340 quae
2542 2301 2630 2327 mo·

1396 2354 1466 2385 net
1485 2347 1700 2386 Lassenius
1715 2346 1742 2386 l.
1765 2346 1793 2386 l.
1811 2349 1846 2394 I,
1868 2361 1911 2400 p.
1939 2348 2016 2400 137
2041 2360 2051 2387 z
2079 2364 2095 2385 «
2114 2348 2283 2389 Wilson
2303 2349 2318 2399 (
2337 2347 2483 2387 Hinda
2500 2348 2626 2389 theat.

1395 2409 1451 2455 II,
1473 2422 1516 2461 p.
1543 2408 1635 2447 136.
1654 2407 1753 2448 edit.
1769 2408 1913 2462 alter.)
1934 2409 2044 2462 giebt
2062 2408 2129 2448 die
2144 2408 2319 2450 Grande
2334 2408 2402 2449 fiir
2412 2411 2539 2450 Patna
2557 2424 2629 2451 aus

1396 2469 1491 2508 dem
1507 2471 1661 2510 Drama
1679 2469 2002 2511 Mudrdrdxasa.
2020 2472 2136 2512 Ganz
2151 2470 2414 2511 entschieden
2430 2471 2522 2511 sind
2541 2486 2628 2512 nun

1397 2530 1464 2571 die
1492 2533 1710 2585 Zeugnisse
1753 2532 1952 2573 Falzian’s
1991 2533 2079 2573 und
2108 2533 2254 2574 Hiuan
2296 2533 2510 2585 Thscmg's.
2543 2536 2628 2575 Dei·

1397 2603 1547 2634 erstere
1568 2595 1728 2635 kommt
1752 2596 1857 2635 nach
1876 2595 2100 2648 Palianfou
2122 2596 2180 2635 im
2202 2594 2342 2636 Si‘lden
2373 2594 2444 2636 des
2470 2597 2629 2650 Ganges

1398 2657 1512 2697 nicht
1526 2659 1620 2698 weit
1635 2672 1716 2698 von
1737 2660 1783 2697 V
1778 2657 1921 2706 aicdli,
1937 2658 2108 2698 welches
2124 2656 2201 2698 auf
2212 2657 2310 2698 dem
2326 2656 2536 2698 Nordufer
2549 2658 2627 2712 lag,

1398 2718 1503 2757 nahe
1531 2719 1689 2759 oestlich
1709 2733 1804 2758 vom
1841 2719 1980 2759 Flusse
2015 2719 2152 2759 Hilian
2182 2717 2285 2759 oder
2308 2718 2382 2759 der
2417 2717 2628 2770 Gandaki,

1398 2780 1550 2820 welche
1568 2780 1634 2820 die
1655 2780 1912 2821 Buddhisten
1931 2781 2078 2821 ὂντα-η’
2090 2781 2212 2822 αυατί
2230 2780 2332 2821 oder
2348 2783 2394 2821 H
2394 2780 2499 2820 iran'
2502 2782 2631 2835 java-

1399 2843 1448 2890 ti,
1477 2842 1544 2882 die
1563 2842 1749 2896 goldene,
1775 2857 1954 2883 nennen.
1979 2844 2081 2883 Vier
2109 2841 2278 2897 Jbg'ana
2300 2857 2381 2883 von
2403 2843 2558 2883 Vaicali
2581 2845 2632 2884 ist

1398 2903 1473 2945 der
1481 2905 1830 2946 Zusammentluss
1846 2904 1920 2946 der
1921 2904 2039 2959 fiius
2039 2906 2230 2955 Stroeme,
2248 2919 2331 2946 von
2350 2904 2403 2945 da
2418 2906 2484 2946 ein
2496 2908 2520 2946 J
2522 2904 2630 2959 ὡςέ-

1398 2982 1451 3008 na
1482 2969 1541 3007 im
1574 2967 1715 3009 Siiden
1747 2968 1818 3008 des
1841 2969 2002 3022 Ganges
2034 2968 2086 3009 ist
2109 2967 2270 3010 Pdt’ali
2284 2976 2429 3022 patra.
2455 2967 2564 3009 Foek.
2586 2968 2627 3009 k.

1398 3044 1441 3084 p.
1463 3034 1560 3079 242.
1583 3030 1679 3072 250.
1717 3031 1812 3071 253.
1839 3033 1924 3071 Der
1942 3031 2081 3071 zweite
2114 3029 2214 3070 fand
2232 3029 2298 3070 die
2319 3029 2434 3070 Stadt
2463 3030 2505 3068 in
2530 3030 2630 3069 Rui-

1398 3108 1478 3133 nen
1499 3108 1542 3148 p.
1566 3094 1662 3135 386.
1683 3094 1761 3133 Die
1780 3094 1889 3146 Lage
1904 3093 1956 3132 ist
1978 3092 2062 3132 also
2079 3091 2241 3132 sicher'
2230 3105 2273 3130 1n
2290 3090 2365 3130 del
2385 3090 2508 3130 Naehe
2533 3104 2628 3130 vom

1391 3154 1570 3214 jetzigen
1585 3158 1714 3196 Patna
1728 3157 1744 3207 (
1756 3157 1939 3205 Pattana,
1951 3154 2066 3194 Stadt
2081 3155 2120 3207 );
2143 3166 2282 3206 wegen
2292 3151 2365 3192 der
2379 3151 2543 3193 Aender
2547 3166 2628 3206 ung

1398 3217 1474 3258 del
1510 3212 1898 3271 Flussmsmdungen
1930 3215 2036 3256 wird
2069 3215 2136 3255 die
2166 3228 2319 3268 genaue
2355 3214 2472 3254 Stelle
2502 3213 2628 3254 kaum

1398 3280 1517 3319 mehr
1538 3278 1797 3320 aufzufinden
1832 3292 1945 3333 sey.n
1982 3279 2064 3317 Das
2087 3274 2403 3329 Funfgemsmde
2438 3289 2549 3314 muss
2585 3276 2627 3315 in

1398 3342 1553 3395 einiger
1570 3342 1705 3382 Breite
1728 3339 1971 3381 verstanden
1994 3338 2187 3388 werden;
2218 3352 2259 3378 es
2281 3336 2447 3378 werden
2466 3338 2625 3390 Ganga,

1397 3403 1527 3459 ςόῃει,
1552 3401 1708 3457 Saraju,
1729 3401 1918 3443 Gandaki
1940 3400 2028 3441 und
2049 3403 2232 3455 Pampan
2260 3400 2347 3440 sein
2361 3414 2372 3449 ;
2407 3398 2482 3438 der
2512 3398 2629 3439 letzte

1399 3464 1575 3506 msmdet
1608 3465 1651 3505 in
1692 3463 1760 3503 die
1793 3464 1936 3516 Ganga
1963 3463 2028 3502 bei
2048 3461 2237 3502 Pathuha
2272 3462 2289 3514 (
2315 3461 2386 3501 Fr.
2418 3459 2627 3499 Hamilton

1396 3531 1519 3568 East.
1534 3526 1631 3568 Iud.
1648 3528 1683 3577 I,
1707 3539 1771 3566 12.
1789 3529 1935 3566 Futwa
1946 3524 2020 3565 der
2030 3524 2242 3577 Karten.).
2265 3539 2282 3561 ι)
2306 3522 2440 3563 Falsas
2454 3521 2626 3562 aliorum

1396 3591 1641 3641 sententias,
1663 3597 1708 3628 ut
1727 3587 1947 3629 D'Anviuii
1963 3619 1975 3639 ,
1996 3585 2242 3627 Robertsoni
2257 3615 2269 3636 ‚
2293 3584 2476 3627 Gibboni
2491 3615 2502 3635 ,
2527 3585 2626 3624 San-

1397 3652 1595 3692 to-Crucii
1610 3683 1621 3701 ,
1652 3649 1872 3692 Wilfordii
1887 3681 1899 3700 ,
1931 3648 2168 3700 Franklini,
2192 3662 2278 3690 non
2301 3656 2361 3689 est
2386 3662 2461 3688 cur
2487 3659 2627 3686 recen·

1396 3728 1571 3754 seamus.
1599 3713 1654 3753 V.
1685 3714 1853 3753 Lassen.
1877 3713 1905 3753 l.
1937 3712 1983 3763 l.,
2009 3714 2156 3753 Ritter.
2186 3713 2242 3759 V,
2267 3725 2311 3766 p.
2336 3709 2413 3751 508
2440 3723 2501 3761 sq.
2533 3708 2547 3760 ΙΙ
2571 3730 2628 3738 --

1399 3790 1468 3817 22.
1490 3775 1748 3831 Πρασίων]
1773 3774 1944 3830 Γρασίων
1967 3776 2070 3825 AD,
2094 3774 2322 3829 Γαδρωσίων
2347 3773 2428 3812 BC.
2461 3773 2522 3810 De
2541 3769 2626 3809 sor-

1397 3840 1475 3878 mis
1491 3836 1611 3891 hujus
1629 3836 1811 3878 nominis
1828 3837 2010 3889 (sanscr.
2021 3835 2205 3892 Ρναῆμε,
2229 3848 2276 3874 01
2279 3832 2467 3885 ientales)
2488 3844 2527 3870 v.
2553 3831 2623 3871 Fr.

1394 3900 1593 3953 Megasth.
1626 3913 1669 3955 p.
1707 3899 1789 3953 397
1823 3908 1911 3940 not.
1942 3899 1958 3952 ΙΙ
1993 3921 2048 3930 --
2076 3900 2143 3946 24
2184 3910 2365 3950 ποταμων
2410 3896 2477 3934 τοῦ
2518 3892 2628 3947 μεγί-

1381 3979 1485 4004 -στου
1508 3964 1555 4004 Β.

2420 4036 2458 4066 ‘²1

2421 4055 2439 4066 u
