2808 4342
0 90 22 230 ξ
49 155 119 216 (21,
137 150 212 214 22.)
860 146 1152 194 PERIPLUS
1185 147 1378 202 MARIS
1411 150 1759 197 ERYTHRAEI.
2488 174 2573 214 287

0 236 6 266 ἶ
44 257 91 304 τὸ
112 256 290 317 πέλαγος
309 255 492 299 ἀπαντᾶν
510 248 580 294 ἀπ’
600 249 723 293 αὐτοῦ
743 246 886 293 λευκὸν
905 246 1029 309 ὕδωρ.
1095 249 1276 309 Σημεῖον

47 319 90 365 δὲ
111 318 192 376 ἤδη
225 318 297 372 τῆς
317 312 411 376 περὶ
425 310 563 366 ἀὗτὴν
590 309 694 371 [τὴν
712 310 729 370 ]
757 309 900 372 χώραν
921 311 1113 367 ἔπιὸολῆς
1130 317 1212 364 τοῖς
1235 313 1281 358 ἐκ
1352 265 1549 312 attingas,
1574 259 1665 300 alba
1693 274 1743 300 ex
1762 274 1812 301 ΕΟ
1833 273 1940 315 aqua
1965 275 2008 301 ω
2029 262 2111 302 ³¹¹⁰
2136 277 2239 305 man
2260 279 2460 311 Occurrat.
2520 276 2579 316 Sl-

1350 326 1478 379 gnuni
1501 342 1613 379 vero,
1631 342 1717 383 quo
1738 327 1791 369 ad
1807 328 1916 370 hanc
1930 343 1972 370 se
1982 330 2193 384 regionem
2210 331 2296 386 jam
2317 337 2508 380 accedere
2533 357 2580 383 ex

1351 394 1432 435 alto
1453 396 1713 437 venientibus
1735 395 1943 451 proditur,
1980 406 2186 453 serpentes
2217 401 2400 454 praebent
2421 420 2470 446 ex
2488 422 2582 462 pro-

1350 459 1482 502 fundo
1498 461 1636 512 obvii,
1663 463 1784 504 sicuti
1815 464 1859 504 in
1881 464 2164 519 superioribus
2181 475 2221 506 et
2239 468 2345 510 circa
2376 473 2582 517 Persidem

1350 528 1450 570 locis
1466 529 1650 585 ejusdem
1669 532 1727 572 rei
1747 532 1912 586 signum
1928 541 2027 574 sunt
2045 544 2251 589 serpentes
2266 568 2277 587 ‚
2299 539 2371 593 qui
2392 554 2496 594 graae
2514 558 2584 598 ap-

1350 597 1571 652 pellantur.
1634 600 1798 654 Septem
1815 600 1983 642 Sinthus
2009 601 2159 643 fluvius
2176 603 2301 646 habet
2329 609 2447 659 ostia,
2469 612 2588 654 exilia

46 388 248 448 πελάγους
281 381 513 445 ἐρχομένοις
552 381 588 425 οἱ
613 382 954 440 προαπαντῶντες
990 379 1100 444 ὄφεις
1129 382 1175 426 ἐκ
1210 384 1280 425 τοῦ

2 469 8 474 ”
51 456 209 519 βάθους·
234 455 314 499 τῶν
342 449 420 513 γὰρ
441 448 582 495 ἐπάνω
615 447 804 510 καὶπερὶ
833 448 907 504 τὴν
929 449 1114 512 Περσίδα
1143 449 1280 496 τόπων

8 539 28 569 5
49 522 216 584 σημεῖόν
246 523 354 566 ἐστιν
378 521 420 564 αἱ
456 516 675 578 λεγόμεναι
705 517 845 580 γράαι.
916 517 1054 564 Ἑπτὰ
1089 517 1131 564 δὲ
1170 511 1283 569 οὗτος

48 596 70 640 ὃ
84 589 266 651 ποταμὸς
283 588 369 651 ἔχει
387 586 590 647 στόματα,
609 585 743 632 λεπτὰ
761 584 803 631 δὲ
823 590 954 632 ταῦτα
971 587 1042 633 καὶ
1054 587 1283 649 τεναγώδη,

46 661 116 709 καὶ
133 659 185 706 τὰ
202 658 275 719 μὲν
295 657 402 703 ἄλλα
424 655 621 702 διάπλουν
645 656 719 701 οὒκ
739 654 847 718 ἔχει,
872 656 994 716 μόνον
1003 655 1057 702 δὲ
1075 656 1121 702 τὸ
1141 656 1281 717 μέσον,

47 732 111 794 ἐφ’
135 722 180 776 οἷ
199 727 271 774 καὶ
295 725 633 789 παραθαλάσσιον
657 723 853 788 ἓμπόριόν
874 728 982 771 ἐστιν
998 725 1279 789 Βαρὸαρικόν.

47 798 274 862 Πρόκειται
307 794 349 842 δὲ
385 796 507 840 αὐτοῦ
539 793 678 850 νησίον
709 793 868 857 μικρὸν,
902 794 973 840 καὶ
1012 793 1121 840 κατὰ
1153 793 1283 840 νώτου

0 867 259 930 ῐομεσόγειος
274 869 300 922 ἠ
324 864 575 928 μητρόπολις
592 865 717 920 αὐτῆς
736 868 809 919 τῆς
840 864 1020 917 Σκυθίας
1051 864 1284 927 Μινναγάρ·

51 937 312 1002 βασιλεύεται
341 934 382 981 δὲ
421 934 499 980 ὑπὸ
526 933 732 996 Πάρθων,
766 938 945 997 συνεχῶς
979 934 1180 991 ἀλλήλους
1217 936 1284 980 ἕν-

49 1005 289 1053 διωκόντων.

111 1090 168 1121 39.
193 1072 261 1121 Τὰ
285 1073 357 1133 μὲν
375 1065 444 1118 οῧν
467 1073 591 1118 πλοῖα
613 1072 720 1118 κατὰ
743 1072 817 1128 τὴν
833 1071 1102 1135 Βαρὸαρικὴν
1128 1072 1285 1135 διορμί-

49 1145 184 1202 ζεται,
209 1141 262 1188 τὰ
282 1141 324 1188 δὲ
346 1142 493 1207 φορτία
521 1142 658 1188 πάντα
681 1144 736 1194 εἷς
759 1141 832 1197 τὴν
856 1142 1106 1205 μητρόπολιν
1131 1141 1286 1205 ἀναφέ-

0 1230 29 1261 [5
52 1230 165 1276 ρεται
187 1211 255 1256 διὰ
275 1215 345 1257 τοῦ
360 1214 548 1271 ποταμοῦ
568 1213 626 1272 τῷ
653 1211 827 1273 βασιλεῖ.
853 1213 1077 1273 Προχωρεῖ
1101 1209 1142 1256 δὲ
1164 1212 1219 1263 εἷς
1241 1211 1286 1256 τὸ

52 1279 248 1344 ἐμπόριον
267 1278 492 1340 ἱματισμὸς
518 1279 670 1330 ἁπλοῦς
689 1278 825 1331 ἱκανὸς
842 1278 913 1324 καὶ
933 1278 1043 1331 νόθος
1064 1281 1108 1324 οὐ
1133 1278 1258 1332 πολὺς
1273 1315 1285 1335 ,

51 1348 259 1409 πολύμιτα
284 1349 354 1395 καὶ
388 1347 630 1411 χρυσόλιθον
665 1348 736 1393 καὶ
778 1348 995 1411 κοράλλιον
1029 1348 1098 1394 καὶ
1136 1348 1286 1411 στύραξ

50 1418 121 1465 καὶ
135 1418 300 1469 λίὸανος
311 1417 382 1463 καὶ
393 1417 500 1462 ὓαλὰ
520 1416 647 1473 σκεύη
662 1417 731 1462 καὶ
744 1418 1023 1481 ἀργυρώματα
1041 1417 1110 1463 καὶ
1128 1422 1286 1480 χρῆμα,

51 1481 154 1539 οἶνος
172 1486 213 1531 δὲ
237 1489 282 1531 οὐ
302 1484 442 1537 πολύς.
512 1485 854 1549 Ἀντιφορτίζεται
873 1485 915 1532 δὲ
935 1487 1092 1543 κόστος,
1121 1487 1286 1548 βδέλλα,

49 1621 126 1664 auf
142 1622 210 1663 ein
231 1623 335 1663 Paar
357 1618 544 1662 Stunden
566 1620 662 1660 weit
683 1639 700 1655 u
732 1622 909 1660 Rama.
932 1622 1032 1670 VII,
1052 1635 1095 1674 p.
1121 1624 1198 1673 169
1231 1635 1291 1661 se-

49 1683 235 1726 cundum
252 1686 292 1726 J.
310 1685 470 1725 Burnes
487 1682 717 1725 Narrative
733 1681 822 1735 osa
850 1681 958 1723 visit
977 1690 1018 1721 to
1037 1681 1102 1722 the
1117 1691 1234 1722 court
1248 1682 1304 1736 of

49 1746 184 1797 sind„
205 1745 428 1798 Edinburg
447 1745 613 1799 1831.11
645 1768 703 1775 —
722 1744 762 1785 3.
792 1744 987 1798 ὄφεις...
1010 1744 1198 1799 γράαι]
1224 1744 1287 1785 Cf.

51 1811 149 1862 §40
171 1817 275 1849 extr.
301 1816 342 1849 et
366 1810 387 1860 §
411 1806 479 1849 50.
503 1806 661 1848 Plinius
682 1807 759 1855 VI,
787 1810 839 1847 26
867 1819 876 1846 :
913 1805 1029 1847 Circa
1050 1805 1126 1846 has
1148 1806 1165 1859 (
1179 1807 1291 1846 insu-

49 1869 108 1912 las
119 1871 232 1911 sinus
247 1870 399 1912 Persici
417 1869 430 1925 )
446 1867 566 1924 hydri
585 1867 739 1909 marini
754 1867 941 1909 vicendm
963 1867 1194 1908 cubitorum
1214 1877 1290 1909 ter-

51 1947 164 1975 ruere
181 1932 351 1974 classem
370 1930 599 1988 (Nearchi).
635 1931 776 1972 Graha
795 1931 936 1984 lingua
953 1931 1150 1971 sanserita
1165 1931 1290 1985 signi-

50 1994 174 2037 ficare
195 2003 427 2050 serpentem
450 2009 501 2035 ex
520 1994 682 2050 Boppio
700 2002 843 2035 monet
861 1994 994 2035 Ritter
1005 1995 1083 2045 VI,
1100 2007 1144 2048 p.
1165 1995 1287 2044 1082,

50 2057 206 2100 addens
239 2057 407 2100 eosdem
450 2064 659 2113 serpentes
694 2065 737 2098 et
769 2055 886 2098 Indis
921 2064 962 2098 et
992 2056 1290 2098 recentioribus

50 2122 187 2165 nautis
208 2121 313 2162 bene
344 2128 466 2162 notos
485 2134 572 2161 esse
582 2136 595 2170 3
638 2119 779 2161 laudat
810 2119 953 2160 Khoza
984 2118 1105 2160 Adal
1122 2121 1290 2160 Kareem

50 2182 248 2226 Memoirs
280 2181 344 2223 ed.
377 2185 451 2223 Fr.
491 2180 699 2223 Gladwin.
735 2181 921 2222 Calcutta
960 2182 1080 2234 1788,
1116 2195 1159 2235 p.
1185 2184 1258 2229 141
1277 2197 1287 2231 ;

50 2245 239 2287 Niebuhr
265 2244 382 2286 Reise
403 2252 435 2284 t.
458 2245 481 2284 I
496 2274 508 2294 ,
529 2258 573 2298 p.
596 2242 677 2292 452
689 2259 700 2294 ;
725 2243 848 2284 Cluer
868 2241 1133 2297 Description
1164 2241 1291 2295 osche

52 2316 167 2349 coast
185 2306 396 2361 osIndia,
419 2304 556 2347 Lond.
585 2307 689 2359 1789
713 2319 757 2360 p.
786 2318 858 2355 103
878 2303 1035 2345 Bohlen
1056 2302 1205 2345 Indien
1225 2306 1287 2356 H,

52 2383 96 2424 p.
115 2370 207 2417 134.
227 2367 347 2410 Adde
362 2382 467 2422 quos
479 2367 801 2416 GosselinusIH,
816 2381 859 2421 p.
874 2379 955 2408 200
971 2364 1126 2416 laudat,
1139 2366 1293 2408 Theve-

53 2439 141 2482 not‚
166 2433 210 2472 V
207 2445 342 2485 oyage,
358 2438 390 2470 t.
408 2431 464 2480 V,
482 2444 525 2484 p.
545 2433 647 2483 6923
662 2429 714 2470 de
733 2428 986 2483 Grand-pre,
1003 2430 1049 2468 V
1044 2442 1166 2482 oyage
1187 2428 1293 2470 dans

54 2492 187 2534 l'Inde
202 2501 240 2533 et
258 2507 314 2533 aa
328 2492 501 2544 Bengale
517 2494 551 2542 I,
573 2506 616 2546 p.
633 2504 703 2546 27.
725 2493 794 2533 28.
820 2491 836 2545 ΙΙ
855 2515 912 2521 -
930 2488 1043 2531 ἑπτὰ
1057 2491 1071 2542 ]
1086 2490 1154 2531 Sic
1163 2491 1293 2533 Ptole-

53 2570 180 2598 maeus
195 2569 377 2610 quoque.
406 2554 724 2595 Accuratissime
739 2553 791 2594 de
808 2552 904 2594 Indi
919 2553 1032 2594 ostiis
1050 2553 1132 2607 egit
1158 2555 1290 2595 Bour-

52 2618 167 2659 11051.
194 2618 242 2668 1.,
268 2631 393 2672 quem
429 2617 630 2672 excerpsit
650 2617 783 2657 Ritter
799 2617 908 2667 VII,
941 2630 985 2671 p.
1014 2617 1090 2657 168
1109 2629 1171 2671 sq.
1203 2617 1218 2670 ΙΙ
1237 2641 1290 2647 -

55 2695 96 2735 7.
136 2678 369 2721 διάπλουν
403 2677 487 2719 οὔκ
526 2677 680 2734 ἔχει.]
722 2680 808 2720 Α111
843 2677 944 2719 falsa
978 2678 1127 2719 Noster
1169 2677 1294 2719 refert

54 2751 125 2784 aut
144 2741 249 2782 nihil
279 2740 417 2782 dicere
437 2739 568 2781 voluit
585 2740 665 2781 nisi
687 2739 875 2781 medium
895 2740 1059 2781 alveum
1076 2739 1140 2780 vel
1161 2740 1293 2781 solum

54 2803 117 2844 vel
136 2817 220 2859 prae
239 2803 383 2845 ceteris
402 2801 682 2856 frequentari,
696 2809 745 2842 ut
763 2802 835 2856 qui
850 2801 1084 2843 facillimam
1116 2802 1294 2857 praebeat

54 2866 372 2920 navigationem.
410 2864 427 2918 ss
462 2888 519 2895 —-
551 2864 582 2903 B
595 2879 647 2919 αρ
662 2863 683 2904 6
697 2879 743 2919 αρ
759 2863 838 2905 ικὸ
852 2878 870 2905 ν
888 2865 903 2919 ]
937 2864 1075 2919 paullo
1100 2873 1194 2919 post
1222 2863 1291 2917 τὴν

54 2925 292 2984 Βαρῧαρικὴν
315 2926 461 2968 codex.
495 2925 740 2967 Ptolemaeus
763 2927 871 2977 VII,
901 2940 920 2967 1
943 2940 953 2967 ε
980 2925 1019 2967 ἐν
1050 2926 1178 2979 νήσοις
1209 2930 1293 2975 ταῖς

54 2989 126 3032 ὕπὸ
153 2993 220 3032 τοῦ
243 2992 422 3045 ποταμοῦ
445 2989 665 3044 γινομέναις
685 2988 817 3037 πόλεις
845 2988 944 3030 αἵδε·
975 2989 1140 3030 Πάταλα
1165 2988 1294 3046 (112ο

0 3083 1 3108 3
57 3051 138 3104 50'3
163 3052 268 3109 21⁰)
299 3052 549 3108 Βαρὸαρεῖ
565 3052 582 3105 (
601 3052 700 3093 113ο
722 3049 815 3102 25’;
837 3061 911 3092 22ο
934 3048 1048 3105 30’).
1065 3050 1133 3093 Ad
1151 3052 1296 3093 Rechel

57 3128 129 3156 seu
170 3115 354 3157 Ritschel
387 3114 539 3155 ostium
582 3112 869 3156 collocandum
907 3113 1141 3169 emporium
1175 3123 1293 3170 putat

57 3172 256 3228 RitterV,
277 3175 372 3232 575.
398 3179 502 3230 Quae
521 3176 730 3219 Gosselius
748 3178 825 3227 III,
846 3189 890 3231 p.
910 3188 994 3217 200
1011 3174 1064 3217 de
1088 3175 1297 3218 Barbarici

59 3238 140 3278 situ
156 3238 295 3289 habet,
317 3252 447 3293 quum
467 3253 492 3280 a
516 3238 738 3280 Ptolemaeo
767 3247 809 3280 et
835 3237 999 3294 Periplo
1025 3238 1155 3279 aliena
1184 3239 1267 3280 sint
1283 3271 1294 3290 ,

60 3299 221 3340 silentio
253 3299 347 3341 licet
373 3301 597 3355 praeterire.
625 3302 857 3342 Vincentus
888 3300 940 3341 de
961 3300 1099 3342 Soheri
1128 3302 1298 3356 cogitari

59 3361 161 3402 vult.
178 3362 342 3402 Nomen
359 3361 411 3403 ab
424 3362 540 3403 Indis
551 3362 731 3404 inditum
741 3363 793 3405 de
802 3363 963 3419 Scythis
974 3363 1176 3415 barbaris,
1194 3378 1297 3419 quos

62 3426 121 3466 W
116 3437 298 3464 arwaras
319 3423 534 3466 vocabant.
563 3427 620 3467 V.
654 3425 809 3481 Bensey
846 3440 891 3466 1n
921 3426 1090 3467 Ersclz’s
1127 3441 1168 3467 ιι.
1193 3430 1299 3468 Gra-

62 3487 151 3528 bers
172 3488 277 3527 Enc.
294 3499 335 3526 v.
355 3486 503 3528 Indien
515 3501 560 3542 p.
581 3501 650 3542 91.
674 3488 765 3542 11-
785 3502 851 3530 10.
868 3488 910 3528 Μ
925 3503 935 3527 ι
948 3503 966 3528 ν
981 3503 999 3528 ν
1013 3504 1072 3543 αγ
1086 3488 1170 3544 ὰρ]
1192 3491 1299 3532 infra

62 3547 993 3605 001101(Μινναγάρα.Ρ1010111300051Βινάγαρα(1
1006 3553 1091 3600 18⁰,
1103 3551 1176 3591 250
1193 3552 1294 3609 20').

60 3609 169 3651 Illud
187 3610 360 3660 rectius,
382 3610 585 3664 siquidem
602 3611 761 3666 Scythae
779 3611 922 3653 Indice
942 3611 1037 3653 Min
1049 3644 1061 3661 ,
1083 3621 1125 3653 et
1145 3628 1303 3666 nagara

65 3672 163 3714 urbs
179 3678 392 3713 vocantur.
413 3672 544 3713 Ritter
558 3673 744 3726 intelligit
758 3673 914 3714 clarum
930 3673 1028 3714 olim
1049 3677 1298 3730 emporium,

65 3734 118 3776 ad
143 3734 261 3776 Delta
278 3734 409 3795 situn‘i⁴
425 3765 436 3785 ,
457 3734 571 3789 quod
599 3749 712 3776 nunc
736 3739 885 3785 Tatta,
911 3736 1132 3779 Alexandri
1160 3739 1299 3793 Magni

67 3804 107 3837 et
128 3794 393 3850 sequentibus
413 3795 669 3851 temporibus
690 3797 845 3839 Pattala
862 3797 1099 3849 dicebatur3
1130 3799 1174 3840 id
1189 3802 1299 3843 enim

66 3866 207 3912 postea
242 3856 494 3910 Minnagara
525 3856 839 3900 denominatum
873 3874 959 3901 esse
991 3860 1089 3901 inde
1121 3861 1295 3917 colligit,

69 3919 181 3974 quod
200 3921 322 3961 etiam
334 3933 447 3961 nunc
470 3923 597 3962 Tatta
615 3921 715 3962 urbs
730 3921 781 3963 ab
797 3921 1207 3979 Ihareja-Rayputis,
1225 3928 1296 3980 qui

70 3981 111 4022 in
135 3983 279 4024 Culsclz
295 3983 461 4037 regione
477 3983 706 4025 habitantes
728 3998 856 4039 genus
875 3999 897 4026 e
917 3986 1037 4026 Tatta
1059 3985 1161 4028 urbe
1179 4002 1294 4043 repe-

1351 674 1490 707 tamen
1516 675 1556 708 et
1568 667 1790 722 palustria,
1808 669 1866 710 ita
1883 678 1931 711 ut
1955 671 2137 725 navigari
2163 685 2384 730 nequeant,
2407 692 2493 720 uno
2515 694 2587 721 ex-

1352 742 1472 790 cepto
1488 734 1642 786 medio,
1663 735 1716 776 ad
1738 735 1854 790 quod
1865 738 1986 779 etiam
2002 740 2256 783 maritimum
2278 753 2338 785 est
2353 748 2585 804 emporium
2629 761 2632 763 ’

1351 803 1635 845 Barbaricum.
1696 803 1868 859 Objacet
1891 806 1928 846 ei
1948 806 2080 848 insula
2101 822 2250 863 parva;
2272 826 2295 852 a
2317 820 2430 868 tergo
2449 824 2586 857 autem

1352 871 1396 911 in
1430 870 1738 913 mediterraneis
1766 873 1842 914 sita
1872 881 1932 914 est
1965 874 2195 930 Minnagar,
2235 879 2407 934 Scythiae
2435 891 2587 925 metro-

1353 940 1478 996 polis;
1508 942 1684 997 imperio
1715 941 1898 997 subjecta
1940 944 2191 986 Parthorum
2227 949 2477 1005 principum,
2516 954 2587 1007 qui

1353 1021 1554 1066 perpetuo
1576 1010 1697 1052 divisi
1715 1011 1887 1053 dissidio
1906 1021 2052 1054 mutuo
2069 1029 2110 1055 se
2128 1016 2349 1071 expellunt.

1411 1080 1479 1134 39.
1504 1080 1636 1120 Naves
1654 1080 1778 1134 igitur
1799 1078 1851 1121 ad
1865 1080 2109 1122 Barbaricen
2130 1083 2173 1123 in
2195 1086 2354 1126 ancoris
2371 1087 2586 1139 sistuntur,

1358 1161 1512 1188 merces
1547 1161 1645 1189 vero
1679 1162 1823 1189 omnes
1853 1148 1897 1189 in
1925 1150 2184 1206 metropolim
2217 1167 2291 1207 per
2327 1154 2501 1196 fluvium
2537 1156 2590 1197 ad

1355 1231 1494 1271 regem
1516 1215 1762 1258 afferuntur.
1799 1219 2086 1273 Importantur
2103 1220 2147 1261 in
2167 1223 2401 1277 emporium
2421 1226 2591 1266 vestitus

1356 1284 1551 1340 simplicis
1581 1293 1642 1326 sat
1676 1285 1882 1337 multum,
1910 1285 2317 1343 adulterinijnonnisi
2338 1291 2564 1346 paullulum
2578 1324 2588 1342 ‚

1355 1353 1554 1408 polymita
1575 1353 1660 1394 sive
1674 1353 1862 1408 plurimis
1883 1353 1988 1395 liciis
2002 1363 2127 1406 texta,
2150 1357 2439 1412 chrysolithus,
2464 1360 2593 1400 coral-

1357 1421 1474 1470 lium,
1514 1429 1673 1476 styrax,
1715 1421 1812 1461 thus
1828 1453 1839 1472 ,
1881 1436 1976 1464 vasa
2007 1424 2137 1465 vitrea
2150 1456 2161 1476 ‚
2203 1434 2407 1480 argentea,
2446 1429 2590 1478 numi,

1358 1491 1499 1529 vinum
1520 1502 1605 1528 non
1625 1489 1820 1529 multum.
1860 1490 2015 1532 Contra
2033 1500 2302 1547 exportantur
2312 1502 2465 1546 costus,
2482 1494 2594 1536 bdel-

1361 1629 1454 1661 tunt
1469 1652 1480 1671 ,
1510 1629 1680 1662 vocatur
1701 1622 1989 1675 Sa-Minagur.
2014 1624 2095 1665 Sed
2118 1625 2346 1678 Minnagar
2365 1628 2594 1691 complures

1361 1682 1484 1722 urbes
1502 1682 1632 1724 dictas
1653 1697 1738 1724 esse
1764 1685 1944 1726 nominis
1966 1686 2207 1740 significatio
2231 1687 2401 1738 suadet,
2426 1689 2593 1745 ipseque

1361 1744 1547 1798 Periplus
1563 1744 1729 1785 alteram
1745 1747 2031 1800 Minnagaram
2046 1748 2193 1789 urbem
2208 1749 2491 1802 habet.Quare
2505 1753 2593 1793 Rit-

1361 1806 1438 1845 teri
1465 1807 1665 1847 sententia
1691 1815 1805 1848 tanto
1824 1809 2020 1850 incertior
2050 1819 2134 1860 est,
2157 1825 2240 1865 quo
2258 1811 2419 1864 longius
2441 1814 2595 1855 recedit

1363 1883 1386 1908 a
1405 1869 1642 1910 testimonio
1663 1869 1886 1910 Ptolemaei.
1912 1871 1989 1912 Cui
2013 1872 2192 1913 innitens
2211 1874 2452 1914 Mannertus
2474 1876 2530 1925 V,
2556 1891 2593 1927 1,

1365 1933 1444 1979 140
1482 1932 1725 1984 Minnagara
1769 1933 1983 1987 componit
2021 1948 2118 1974 011111
2156 1933 2361 1976 hodierna
2399 1936 2568 1979 Balsknr
2580 1957 2596 1988 ;

1364 1993 1619 2034 D’Anvillius
1639 1993 1653 2049 (
1669 1993 1817 2049 Antiq.
1838 1994 1886 2035 de
1903 1995 2048 2044 Z’Inde,
2070 2010 2114 2051 p.
2136 1996 2189 2045 34
2205 1998 2222 2050 )
2241 2010 2339 2037 011111
2353 1996 2454 2039 hod.
2473 2001 2595 2041 Man-

1362 2069 1460 2096 sura
1472 2074 1488 2105 ;
1506 2057 1737 2097 Vincentus
1756 2056 1915 2098 confert
1936 2058 2184 2113 Menhabety
2201 2058 2313 2114 apud
2330 2059 2540 2102 Edrisium
2558 2065 2594 2113 I,

1361 2132 1403 2172 p.
1430 2121 1523 2168 164,
1554 2119 1626 2173 qui
1648 2119 1700 2160 ab
1722 2120 1836 2160 ostiis
1860 2119 1955 2160 Indi
1976 2119 2029 2161 ad
2048 2119 2181 2161 Dabil
2196 2119 2336 2160 locum
2355 2121 2434 2162 iter
2451 2122 2594 2174 tridui,

1360 2179 1459 2220 hinc
1476 2179 1528 2220 ad
1546 2180 1793 2234 Menhabety
1805 2182 1914 2221 viam
1926 2180 2044 2221 bidui
2059 2195 2146 2222 esse
2160 2181 2299 2222 tradit.
2320 2183 2336 2236 ΙΙ
2349 2207 2404 2212 -
2422 2196 2487 2225 11.
2503 2184 2524 2224 ὓ
2536 2201 2564 2226 π
2576 2186 2598 2226 ὸ

1362 2241 1398 2280 Π
1409 2242 1433 2280 ά
1445 2257 1464 2296 ρ
1479 2243 1497 2282 θ
1511 2258 1542 2281 ω
1556 2243 1599 2296 ν]
1619 2242 1828 2297 Scythiam
1848 2251 1966 2284 vocat
1983 2244 2209 2296 regionem,
2227 2257 2479 2298 quamquam
2500 2248 2597 2287 Par·

1362 2303 1444 2344 this
1467 2312 1554 2344 tum
1576 2303 1817 2358 subjectam.
1839 2305 1956 2346 Sacas
1982 2306 2135 2345 scimus
2167 2319 2277 2345 anno
2304 2305 2354 2346 56
2377 2315 2471 2346 ante
2494 2308 2591 2349 Chr.

1362 2380 1386 2406 a
1418 2369 1461 2406 V
1461 2365 1728 2420 icramdditja
1763 2366 1969 2421 expulsos.
1994 2368 2035 2407 Is
2066 2380 2198 2406 annus
2227 2374 2287 2406 est
2318 2367 2483 2408 initium
2507 2383 2595 2410 aerae

1362 2427 1472 2482 apud
1493 2428 1620 2468 Indos
1647 2427 1921 2468 celeberrimae
1935 2463 1945 2477 ,
1971 2442 2060 2482 quae
2083 2435 2252 2467 vocatur
2276 2427 2467 2469 Sa‘ka‘bda
2490 2431 2597 2483 (an-

1362 2505 1440 2530 nus
1464 2492 1660 2547 Sacorum
1676 2490 1709 2546 ).
1746 2490 1869 2532 Haud
1890 2490 1964 2531 diu
2002 2499 2139 2531 tamen
2172 2498 2432 2544 recuperatos
2453 2493 2595 2546 priseae

1362 2551 1464 2593 fines
1477 2554 1619 2608 patriae
1633 2562 1789 2594 norunt
1802 2554 1925 2594 tueri.
1941 2555 2042 2594 Mox
2058 2553 2168 2593 enim
2199 2552 2334 2605 (inter
2351 2567 2449 2594 ann.
2469 2555 2599 2598 30-20

1363 2629 1401 2656 a.
1431 2616 1513 2669 C.)
1548 2614 1687 2656 denuo
1720 2615 1957 2671 Scythicum
1994 2615 2038 2654 in
2060 2612 2182 2654 India
2209 2627 2383 2667 regnum
2412 2615 2598 2656 condidit

1364 2680 1402 2718 Y
1402 2676 1665 2718 enkaotschin
1690 2676 1774 2733 (V.
1797 2676 1950 2732 Benfey
1967 2677 1997 2717 l.
2021 2676 2050 2717 l.
2076 2690 2119 2731 p.
2148 2673 2250 2731 83).
2285 2675 2444 2730 Scythis
2462 2685 2597 2717 autem

1364 2740 1600 2781 successisse
1628 2753 1742 2794 reges
1770 2739 1983 2781 Parthicos
2015 2737 2167 2793 Peripli
2203 2737 2439 2778 testimonio
2475 2737 2597 2780 doce·

1364 2816 1475 2853 mur,
1509 2801 1625 2856 cujus
1652 2800 1778 2842 fidem
1807 2800 2079 2842 corroborant
2108 2799 2227 2840 numi
2246 2799 2426 2840 Parthici
2456 2800 2526 2854 qui
2556 2802 2598 2840 in

1365 2864 1429 2904 his
1446 2863 1684 2917 regionibus
1701 2864 1853 2918 passim
1874 2862 2026 2918 reperti
2057 2868 2155 2902 sunt
2176 2861 2266 2914 (V.
2298 2862 2347 2901 B.
2373 2861 2597 2902 Grotefend

1370 2926 1446 2967 Die
1463 2928 1642 2968 Mic'nzen
1661 2924 1734 2965 der
1747 2923 1900 2977 grieck.
1927 2922 2092 2976 Kaenige
2104 2936 2186 2963 von
2204 2921 2399 2963 Baktrien
2418 2922 2503 2962 und
2526 2923 2600 2964 den

1367 2987 1563 3030 Laendern
1585 3002 1652 3028 am
1686 2986 1818 3028 Indus
1848 3001 1891 3042 p.
1926 2986 1978 3041 37
2011 2999 2072 3040 sq.
2095 2983 2127 3041 ).
2152 2983 2318 3037 Quodsi·
2347 2998 2371 3025 e
2398 2983 2497 3025 locis
2528 2985 2598 3026 ubi

1367 3057 1486 3098 numi
1507 3057 1575 3097 isti
1596 3056 1761 3097 obviam
1789 3054 1884 3096 facti
1899 3085 1911 3106 ,
1937 3051 2140 3108 conjicere
2164 3052 2258 3093 licet
2273 3083 2285 3100 ,
2320 3064 2492 3105 regnum
2521 3052 2599 3093 hoc

1367 3120 1606 3162 Parthicum
1634 3127 1763 3161 totam
1785 3117 1870 3159 fere
1900 3117 2110 3170 regionem
2124 3145 2135 3165 ‚
2172 3127 2296 3168 quarn
2326 3112 2598 3167 Indoscythiae

1366 3182 1609 3224 Ptolemaeus
1643 3181 1803 3231 tribuit,
1840 3176 2199 3233 complectebatur.
2237 3175 2414 3215 Nomina
2455 3188 2596 3228 regum

1367 3259 1441 3287 seu
1464 3245 1699 3301 principum
1721 3243 1765 3283 in
1797 3242 1935 3282 numis
1957 3240 2149 3293 leguntur
2171 3250 2180 3277 ε
2219 3238 2417 3284 Vonones,
2454 3237 2596 3291 Spaly-

1369 3304 1474 3357 νίας,
1496 3305 1737 3362 Spalirisus‚
1766 3305 1802 3344 Y
1803 3302 2036 3358 ndoplzems,
2068 3298 2368 3354 Gondophares,
2395 3299 2599 3339 Heronas-

1360 3367 1530 3424 pheres,
1556 3368 1783 3419 Abagases.
1808 3366 1871 3405 Ex
1892 3364 1956 3404 his
1989 3365 2192 3404 Vononem
2221 3373 2308 3400 esse
2339 3373 2474 3412 regem
2503 3361 2598 3400 Par-

1368 3431 1525 3471 thicum
1558 3431 1779 3470 Vononem
1809 3428 1831 3467 I
1860 3427 1946 3480 (14
1971 3439 2015 3480 p.
2050 3422 2185 3479 Chr.)
2216 3421 2280 3462 vel
2309 3422 2529 3462 Vononem
2557 3423 2598 3461 II

1371 3490 1385 3547 (
1403 3490 1451 3532 51
1468 3506 1511 3547 p.
1534 3492 1579 3533 C.
1600 3492 1616 3544 )
1636 3489 1803 3530 fuerunt
1821 3488 1892 3542 qui
1912 3493 2120 3542 putarent.
2137 3481 2394 3526 Probabilius
2408 3490 2468 3522 est
2486 3482 2598 3536 quod

1367 3553 1571 3609 Benfeyus
1588 3553 1617 3594 l.
1640 3552 1667 3593 l.
1689 3566 1731 3606 p.
1759 3549 1809 3591 85
1833 3549 1988 3598 statuit,
2014 3561 2085 3588 eos
2102 3560 2216 3601 reges
2233 3544 2444 3586 Parthicos
2462 3575 2473 3594 ‚
2496 3558 2598 3599 quos

1372 3632 1423 3658 ex
1460 3616 1630 3657 historia
1660 3613 1871 3662 novimus,
1907 3611 2079 3652 omnino
2096 3605 2409 3663 distinguendos
2441 3620 2525 3646 esse
2548 3606 2599 3646 ab

1371 3678 1483 3718 hisce
1500 3674 1769 3732 principibus,
1790 3674 1862 3728 qui
1883 3688 1906 3714 e
1926 3674 2037 3727 regia
2056 3671 2227 3714 fortasse
2259 3669 2410 3711 familia
2433 3667 2596 3708 oriundi

1370 3740 1586 3796 proprium
1621 3736 1698 3777 sibi
1736 3736 1779 3776 in
1815 3733 2081 3791 Indoscythia
2103 3745 2277 3788 regnum
2313 3727 2593 3777 condiderint,

1372 3801 1584 3843 conditum
1623 3798 1723 3839 alter
1758 3797 1873 3839 alteri
1909 3797 2151 3853 eripuerint.

1425 3867 1447 3918 S
1472 3867 1539 3913 39,
1564 3862 1591 3902 l.
1621 3875 1686 3915 17.
1718 3860 1983 3917 πολῦμιτα]
2015 3859 2199 3914 πολύμπα
2220 3855 2331 3905 cod.;
2353 3868 2432 3894 em.
2454 3851 2592 3892 Stuck.

1374 3928 1388 3982 ΙΙ
1406 3951 1460 3958 -
1480 3940 1544 3979 19.
1569 3926 1632 3964 De
1643 3931 1772 3974 costo,
1794 3922 1930 3964 indice
1942 3923 2091 3972 Kasht,
2110 3935 2150 3962 v.
2166 3917 2436 3972 Theophrast.
2458 3915 2511 3954 H.
2533 3914 2592 3954 Pl.

1366 3991 1428 4029 IX
1448 4002 1510 4042 ,7;
1535 3986 1724 4027 Dioscor.
1762 3986 1798 4036 Ι,
1839 3984 1914 4036 15;
1946 3984 2090 4025 Galen.
2112 3991 2143 4024 t.
2178 3980 2294 4030 XIII,
2315 3992 2357 4033 p.
2391 3974 2493 4030 1953
2518 3975 2596 4017 Pli-
