2808 4342
5 135 39 218 *J
102 154 263 216 (πε-αν..)

8 322 10 326 Ι
96 273 169 317 χρι
193 261 263 303 τοῦ
286 259 412 320 Κῶρυ
439 259 694 321 ἀκρωτηρίου
714 265 784 307 τοῦ
807 261 953 326 μέρους
972 270 1046 313 τοῦ
1075 271 1330 334 προειρημέ-

30 336 36 362 .·
97 342 167 370 νου
185 329 258 382 τῆς
281 327 390 377 ἐντὸς
410 326 571 391 Γάγγου
589 327 765 386 Ἰνδικῆς
784 332 962 379 σταδίων
988 338 1044 397 ,Ιβ
1060 337 1212 401 latitud.

284 449 616 486 ΤΛΠΡΟΒΑΝΗΣ
646 453 810 488 ΝΗΣΟΥ
834 455 1135 495 ΠΕΡΙΠΑΟΥΣ.

156 558 214 592 35.
252 547 326 607 Τῷ
343 547 587 610 ἀκρωτηρίῳ
596 553 668 605 τῆς
684 550 857 605 Ἰνδικῆς
869 554 927 613 τῷ
942 553 1185 618 καλουμένῳ
1203 559 1327 618 Κῶρυ

95 611 318 659 ἀντίκειται
349 614 394 660 τὸ
426 619 496 671 τῆς
529 619 568 662 Τ
572 617 811 677 απροὸάνης
846 618 972 674 νήσου
999 623 1253 686 ἀκρωτήριον
1281 625 1327 670 τὸ

5 679 7 682 ’
50 691 72 720 5
92 682 345 742 καλούμενον
370 684 554 746 Βόρειον.
624 685 676 731 Ἡ
698 685 740 730 δὲ
758 688 797 732 Τ
800 688 1016 749 απροόάνη
1037 694 1158 745 νῆσος
1180 693 1326 752 πρότε-

36 770 40 791 ;
95 768 162 811 ρον
198 751 272 811 μὲν
312 754 497 798 ἐκαλεῖτο
539 754 924 815 Παλαισιμούνδου,
962 763 1030 804 νῦν
1070 761 1111 805 δὲ
1147 762 1324 818 Σαλική.

4 867 5 874 ¹
38 826 43 869 j
89 821 227 865 Τοῦτο
252 819 294 865 δὲ
315 821 361 866 τὸ
383 821 636 884 ἀκρωτήριον
658 827 731 879 τῆς
753 824 878 881 νήσου
901 826 947 872 τὸ
971 829 1246 889 ἀντικείμενον
1267 834 1325 893 τῷ

2 878 31 918 *⁷*
93 890 217 950 Κῶρυ
237 923 250 947 ,
274 887 375 951 ὅπερ
399 889 554 952 ἔφαμεν
578 894 793 937 καλεῖσθαι
816 893 981 956 Βόρειον
1010 896 1157 960 ἄκρον,
1180 899 1325 962 ἀπέχει

91 956 173 1002 ἀπὸ
197 957 271 1016 μὲν
311 963 382 1004 τοῦ
408 961 649 1006 ἀνατολικοῧ
677 963 875 1025 ὁρίζοντος
913 966 1102 1020 σταδίους
1128 970 1181 1031 „6
1201 970 1324 1032 ,1505ss

24 1037 66 1071 'o
90 1025 171 1072 ἀπὸ
195 1026 237 1072 δὲ
260 1031 330 1072 τοῦ
355 1029 519 1074 δυτικοῦ
548 1031 748 1093 ὁρίζοντος
770 1033 959 1087 σταδίους
986 1055 1040 1097 υς·
1062 1037 1132 1082 καὶ
1159 1040 1317 1102 ,αχκς’,

2 1120 4 1157 3
43 1142 45 1144 ,
89 1095 169 1140 ἀπὸ
190 1095 231 1141 δὲ
248 1098 511 1162 μεσημὸρίας
530 1099 600 1145 καὶ
614 1101 830 1165 ἰσημερίας
846 1107 899 1156 ὡς
917 1104 1017 1167 πρὸς
1038 1106 1208 1169 ἄρκτους
1226 1127 1323 1155 στα·

1 1162 3 1196 3
37 1175 52 1212 ,“
88 1164 193 1217 δίους
221 1167 335 1228 ,ςτνᾨ

464 1272 621 1320 [Λείπει
640 1275 686 1311 τὰ
705 1276 800 1313 κατὰ
821 1277 951 1326 μέρος]

502 1395 902 1443 ΑΠΟΣΠΑΣΜΑ.

146 1511 402 1575 [Μάργανα,
423 1514 543 1568 πόλις
565 1520 637 1572 τῆς
658 1517 849 1574 Ἰνδικῆς.
876 1522 1115 1582 Μαρκιανὸς
1139 1525 1178 1569 ἐν
1201 1523 1322 1585 Περί·

7 1583 14 1628 J
84 1582 192 1644 πλῳ.
261 1580 384 1630 Ἔστι
401 1584 471 1628 καὶ
498 1587 721 1647 Μαργάναι
742 1589 1036 1644 πληθυντικῶς.
1058 1592 1074 1651 ]

425 1653 445 1672 n»
475 1653 492 1670 t
525 1655 548 1677 η.
583 1655 603 1674 :t
638 1658 657 1675 *
689 1655 708 1672 *
740 1656 763 1679 4
795 1657 813 1674 t
847 1657 864 1675 t
897 1658 921 1681 η.
955 1658 973 1677 *

144 1734 200 1767 36.
237 1721 361 1768 Μετὰ
390 1722 502 1768 δὲτὸ
538 1723 707 1784 Βόρειον
743 1725 875 1769 τοίνυν
900 1726 1152 1788 ἀκρωτήριον
1186 1731 1211 1782 ἡ
1243 1727 1318 1783 ὅλη

83 1789 317 1853 περιγραφὴ
337 1791 409 1836 καὶ
431 1794 453 1836 ὁ
474 1792 697 1853 περίπλους
716 1795 789 1847 τῆς
809 1793 1087 1855 Ταπροὸάνης
1105 1796 1230 1851 νήσου
1251 1796 1319 1840 τὸν

79 1857 228 1918 τρόπον
252 1857 339 1919 ἔχει
360 1862 516 1904 τοῦτον·
541 1858 651 1904 κατὰ
668 1859 742 1919 μὲν
763 1859 980 1923 διάμετρον
1000 1865 1058 1924 τῷ
1080 1863 1203 1923 μήκει
1226 1864 1320 1910 στά-

79 1926 156 1972 διοι
176 1926 279 1990 ,θφ’,
314 1931 372 1990 τῷ
399 1927 443 1973 δὲ
477 1928 626 1974 πλάτει
663 1930 822 1974 στάδιοι
847 1930 940 1993 ,ζφᾜ
1008 1931 1130 1994 ’Έχει
1157 1934 1198 1979 δὲ
1224 1933 1316 1990 ἔθνη

2 2011 4 2014 ’
31 2010 49 2042 ‚¹
77 1994 169 2050 ἤτοι
189 1997 442 2059 σατραπείας
465 1997 540 2059 ιγ’,
566 1998 703 2051 πόλεις
727 1997 771 2044 δὲ
794 1999 1020 2059 ἐπισήμους
1042 2002 1113 2047 καὶ
1139 2002 1316 2065 ἐμπόρια

77 2064 168 2125 κδ’,
194 2064 268 2128 ὅρη
293 2065 480 2127 ἐπίσημα
502 2066 565 2124 δ’,
585 2067 795 2128 ποταμοὺς
818 2068 1042 2130 ἐπισήμους
1061 2071 1115 2128 ε’,
1136 2072 1319 2134 ἀκρωτή-

78 2151 144 2195 ρια
169 2133 354 2194 ἐπίσημα
371 2134 411 2191 η’
428 2172 440 2194 ,
460 2137 631 2196 λιμένας
651 2137 879 2197 ἐπισήμους
896 2139 957 2199 δ’,
980 2139 1156 2193 κόλπους
1182 2142 1315 2201 μεγά-

77 2204 168 2254 λους
189 2202 242 2260 6',
269 2204 455 2264 αἰγιαλὸν
483 2205 614 2267 μέγαν
640 2206 697 2252 α’.
767 2209 822 2252 Οἱ
846 2206 994 2259 πάντες
1012 2213 1082 2254 τοῦ
1113 2209 1314 2271 περίπλου

75 2274 146 2326 τῆς
167 2272 445 2334 Ταπροὸάνης
466 2273 591 2329 νήσου
613 2275 771 2320 στάδιοι
793 2318 802 2335 Ι
806 2274 846 2337 ,ὅ
859 2294 901 2335 ,ς-
912 2295 974 2320 τπ
987 2276 1037 2325 ε’.
1111 2278 1196 2324 Καὶ
1221 2280 1315 2341 περὶ

12 2363 13 2366 “
38 2376 45 2385 ,
77 2340 150 2400 μὲν
175 2343 247 2396 τῆς
267 2342 544 2404 Ταπροὸάνης
566 2343 690 2397 νήσου
714 2348 893 2388 τοσαῦτα
914 2344 1106 2407 εἰρήσθω.
1179 2347 1314 2393 Πάλιν

37 2403 39 2450 J
76 2407 118 2453 δὲ
141 2407 395 2470 ἐπανήξομεν
420 2411 486 2456 ἐπὶ
526 2412 595 2456 τὸν
622 2412 866 2473 παράπλουν
903 2417 977 2469 τῆς
1019 2414 1126 2467 ἐντὸς
1148 2415 1312 2476 Γάγγου

75 2476 266 2534 Ἰνδικῆς.

451 2560 466 2609 [
480 2560 607 2598 Λείπει
628 2561 672 2598 τὰ
687 2562 783 2599 κατὰ
801 2563 905 2611 μέρος
921 2562 936 2611 ]

192 2667 290 2710 ΤΟΥ,
314 2676 633 2712 ΓΑΓΓΗΤΙΚΟΥ
662 2679 866 2713 ΚΟΛΠΟΥ
887 2679 1187 2716 ΠΕΡῙΠΛΟΥΣ.

136 2789 190 2821 37.
228 2774 326 2820 Ἀπὸ
347 2779 416 2820 τοῦ
438 2776 676 2839 Ἀφετηρίου
699 2776 841 2822 τούτου
862 2778 1075 2840 ἐκδέχεται
1097 2783 1118 2824 ὁ
1135 2782 1305 2839 Γαγγη-

38 2862 45 2883 ι
72 2842 180 2893 zoco<
199 2843 447 2902 καλούμενος
462 2844 612 2896 κόλπος
636 2845 824 2906 μέγιστος
843 2846 899 2891 ὧν
923 2848 1079 2910 σφόδρα
1097 2842 1176 2904 ,Ὂῧ
1200 2849 1307 2893 κατὰ

20 3043 32 3047 ,
76 3012 144 3054 19⁰
174 3000 238 3043 50'
261 3001 330 3042 lat.
361 3003 670 3045 Naustathmus.
695 3004 808 3045 haud
837 3005 963 3061 dubie
1000 3015 1062 3046 est
1084 3006 1307 3047 Alexandri

69 3071 213 3118 portus
250 3063 362 3118 apud
402 3065 642 3116 Arrianum,
666 3080 797 3121 prope
828 3065 929 3108 hod.
966 3067 1184 3108 Knratchi.
1215 3069 1230 3121 {l
1251 3092 1308 3099 —

2 3122 34 3166 ff
69 3140 111 3180 7.
136 3125 247 3180 Κωρῖι
270 3125 416 3167 codex.
440 3127 456 3181 ll
483 3149 540 3158 —·
557 3141 597 3168 2.
621 3127 861 3184 nsslottlsze']
880 3129 1015 3186 ,αψκὲζ
1033 3131 1156 3184 1725)
1175 3130 1306 3170 codex

13 3180 26 3208 '³⁷
66 3195 211 3242 aperto
224 3201 378 3238 errore,
394 3202 517 3243 quem
531 3191 690 3229 correxi
706 3190 875 3245 praefixo
888 3205 1063 3231 numero
1072 3192 1139 3248 Ηβ.
1159 3194 1306 3232 Emen-

7 3213 30 3281 ἐ
69 3248 279 3290 dationem
293 3249 527 3291 facillimam
546 3253 725 3306 suggerit
736 3262 957 3308 computus
971 3268 1022 3294 ex
1045 3268 1128 3308 quo
1151 3269 1174 3294 a
1192 3256 1303 3294 Nau-

7 3282 30 3415 }
70 3313 248 3353 stathmo
280 3312 333 3354 ad
364 3314 550 3368 Gangem
588 3324 861 3357 numerantur
900 3316 1030 3358 stadia
1070 3316 1202 3370 35695
1219 3349 1228 3367 ,
1255 3318 1305 3358 ab

0 3400 15 3428 γ,
70 3374 295 3429 Apheterio
330 3384 467 3417 autem
489 3376 542 3417 ad
568 3378 753 3430 Gangem
786 3377 915 3418 stadia
945 3378 1068 3428 5560,
1091 3378 1194 3419 adeo
1215 3388 1257 3419 ut
1281 3395 1304 3420 a

30 3446 33 3447 ’
70 3437 340 3478 Naustathmo
352 3437 404 3478 ad
423 3439 693 3494 Apheteritun
712 3454 798 3479 esse
809 3438 985 3480 debeant
1004 3441 1134 3482 stadia
1150 3442 1301 3483 30135.

0 3537 2 3552 ÷
71 3498 335 3539 Intervallum
370 3514 394 3541 a
411 3501 520 3555 Cory
542 3499 594 3540 ad
618 3500 887 3555 Apheterium
922 3502 963 3540 in
990 3501 1132 3542 codice
1162 3512 1304 3543 nostro

0 3557 16 3581 ”
67 3559 244 3610 excidit;
287 3569 348 3602 est
386 3576 484 3603 vero
521 3577 587 3617 ap.
627 3562 892 3603 Ptolemaeum
924 3562 1151 3603 stadiorum
1188 3565 1305 3604 circi-

26 3692 29 3694 ·
51 3683 232 3724 ’ςίαηιιηὶ
253 3685 343 3739 (sc.
370 3685 600 3726 stadiorum
627 3688 790 3740 8410),
817 3686 850 3726 si
880 3687 1058 3740 spatium
1087 3701 1111 3727 a
1128 3688 1297 3728 Nausta-

11 3738 15 3743 ’
68 3745 186 3787 thmo
205 3745 258 3788 ad
273 3748 382 3803 Cory
403 3763 532 3804 ponas
550 3748 776 3790 stadiorum
799 3748 950 3802 21725.

124 3810 147 3860 §
173 3812 240 3859 35,
275 3813 315 3851 6.
339 3811 474 3865 Βόριον
508 3810 602 3851 cod.
626 3811 669 3851 h.
694 3810 721 3850 l.
744 3818 784 3850 et
805 3809 926 3850 infra.
949 3810 1040 3864 11—
1055 3825 1096 3865 7.
1114 3810 1300 3851 Παλαισι-

67 3870 236 3922 μουνδοῦ
251 3870 347 3912 cod.
366 3871 430 3912 Cf.
445 3880 533 3912 not.
549 3871 602 3912 ad
621 3874 702 3913 An.
716 3871 862 3926 peripl.
878 3885 983 3911 mar.
1000 3871 1168 3926 Erythr.
1189 3875 1212 3925 §
1229 3876 1296 3922 61,

22 3947 23 3952 ¹
68 3943 112 3984 p.
132 3931 226 3972 301.
254 3932 270 3986 Ι]
289 3956 346 3964 -
365 3946 430 3975 ῐο.
448 3933 512 3974 Cf.
536 3933 833 3982 Ptolemaeus.I‚
864 3935 913 3981 14
933 3945 942 3973 :
961 3932 1074 3973 Πᾶσα
1097 3933 1206 3988 ἄραῆ
1225 3933 1298 3975 ἀπὸ

24 3986 27 3992 ’
102 3994 136 4031 τῦ
164 3993 271 4049 Κῶρυ
303 3996 416 4050 μέχρι
456 3995 706 4050 Καττιγάρων
745 3999 886 4050 μοιρῶν
912 3994 1014 4036 ἐστιν
1054 3994 1215 4051 ἔγγιστα
1238 3997 1300 4051 νβ’

828 157 1124 210 PERIPLUS
1158 165 1347 213 MARlS
1381 172 1624 222 EXTERI.
1663 175 1840 224 LIBER
1875 179 1914 224 Ι.

67 3629 131 3661 ter
161 3624 290 3674 8000;
311 3623 490 3664 eundem
514 3623 596 3664 fere
624 3638 843 3664 numerum
867 3623 1037 3664 habebis
1066 3624 1177 3679 apud
1191 3627 1315 3667 Mar-⁷

2538 201 2626 241 535

1400 281 1585 337 Gangem
1604 298 1628 325 a
1645 285 1915 329 Naustathmo
1937 299 2061 344 portu
2081 306 2210 348 usque
2225 295 2277 336 ad
2299 298 2408 353 Cory
2429 313 2627 354 promon-

1394 349 1546 390 torium
1565 360 1625 393 est
1641 352 1867 395 stadiorum
1887 357 2038 411 21725.

1602 468 1903 502 ΤΑΡΒΟΒΑΝᾹΞ
1939 471 2133 506 INSULAE
2160 476 2412 511 PEBIPLUS.

1451 566 1518 606 35.
1547 569 1839 612 Promontorio
1858 561 1986 615 Indiae
2004 607 2014 625 ‚
2037 576 2149 631 quod
2167 579 2277 634 Cory
2292 581 2531 636 appellatur,
2552 598 2625 639 op·

1392 652 1561 704 ponitur
1592 654 1925 708 promuntorium
1960 662 2216 716 Taprobanae
2261 665 2403 707 insulae
2444 670 2623 711 Boreum

1391 746 1691 792 nuncupatum.
1751 742 1995 797 Taprobane
2013 755 2150 787 autem
2181 748 2310 790 insula
2330 751 2445 804 prius
2464 752 2622 795 Palaesi-

1391 827 1553 868 mundu
1568 829 1804 881 vocabatur,
1823 847 1934 874 nunc
1950 849 2046 876 vero
2062 837 2203 878 Salice.
2264 841 2354 880 Hoc
2372 855 2468 882 vero
2482 843 2623 886 insulae

1389 914 1736 964 promontorium,
1774 916 1888 970 quod.
1918 919 2025 974 Cory
2061 924 2347 975 promontorio
2384 928 2620 981 oppositum

1388 1002 1567 1043 Boreum
1613 1005 1802 1060 appellari
1838 1006 2043 1059 diximus,
2082 1011 2134 1051 ab
2180 1012 2394 1055 horizonte
2430 1017 2620 1059 orientali

1389 1088 1512 1130 distat
1545 1091 1675 1134 stadia
1707 1097 1859 1145 26460,
1891 1095 1943 1136 ab
1978 1096 2220 1139 occidentali
2254 1099 2385 1142 stadia
2415 1106 2567 1153 61626,
2595 1117 2619 1144 a

1388 1178 1559 1219 meridie
1574 1189 1711 1222 autem
1727 1190 1768 1223 et
1782 1191 1988 1237 aequatore
2004 1199 2145 1226 versus
2161 1186 2326 1229 boream
2343 1189 2472 1231 stadia
2489 1190 2612 1233 6350.

1725 1297 1735 1333 [
1754 1294 1916 1328 omissus
1929 1295 2061 1331 insuloe
2082 1300 2278 1341 periplus.]

1778 1406 2243 1457 FRAGMENTUM.

1389 1530 1633 1585 [Margana‚
1655 1534 1754 1574 urbs
1775 1534 1919 1578 Indiae.
1937 1538 2170 1580 Marcianus
2185 1540 2228 1580 in
2246 1541 2418 1597 periplo.
2436 1544 2551 1585 Voca

1385 1599 1505 1639 etiam
1526 1601 1745 1654 Marganae,
1770 1603 1916 1657 plurali
1934 1601 2121 1647 numero.
2139 1608 2156 1662 ]

1776 1670 1796 1689 Ἁ-
1823 1670 1843 1689 *
1873 1671 1892 1691 ²(-
1921 1671 1941 1691 *
1967 1672 1986 1691 Ἀ»
2015 1672 2034 1692 *
2060 1673 2080 1693 ἡ
2107 1673 2128 1694 Ἀ»
2156 1674 2176 1694 Ἀ-
2205 1674 2225 1694 *

1443 1735 1509 1775 36.
1542 1737 1640 1776 Post
1674 1739 1853 1778 Boreum
1887 1739 2011 1792 igitur
2044 1744 2378 1795 promontorium
2415 1754 2501 1786 tota
2537 1749 2616 1787 cir-

1384 1812 1649 1866 cumscriptio
1664 1821 1704 1852 et
1727 1815 1906 1868 periplus
1930 1816 2070 1856 insulae
2091 1818 2342 1872 Taprobanae
2359 1829 2419 1860 est
2436 1821 2487 1861 ad
2507 1823 2618 1864 hunc

1383 1886 1556 1926 modum
1579 1900 1588 1927 :
1606 1886 1862 1941 longitudine
1878 1905 1950 1944 per
1969 1891 2215 1934 diametrum
2234 1904 2330 1935 sunt
2347 1896 2477 1938 stadia
2492 1898 2614 1951 9500,

1382 1962 1598 2004 latitudine
1617 1978 1714 2004 vero
1730 1965 1860 2006 stadia
1872 1966 2013 2019 7,500.
2075 1969 2207 2010 Habet
2222 1979 2360 2024 gentes
2383 1973 2467 2013 sive
2490 1982 2616 2015 satra-

1382 2039 1469 2092 pias
1489 2040 1553 2088 13,
1575 2040 1698 2080 urbes
1719 2042 1898 2094 insignes
1912 2051 1953 2082 et
1971 2045 2157 2098 emporia
2173 2058 2242 2094 22,
2263 2056 2425 2088 montes
2440 2049 2617 2107 insignes

1383 2128 1423 2165 2,
1444 2116 1591 2156 fluvios
1613 2117 1792 2170 insignes
1816 2118 1854 2167 5,
1877 2121 2162 2172 promontoria
2184 2122 2373 2175 insignia,
2401 2125 2440 2174 8,
2471 2134 2616 2179 portus

1382 2191 1558 2243 insignes
1575 2193 1616 2241 4,
1638 2192 1752 2231 sinus
1783 2206 1952 2246 magnos
1976 2207 2016 2244 2,
2034 2194 2128 2234 litus
2146 2209 2341 2249 magnum
2365 2211 2402 2238 1.
2464 2201 2615 2255 Peripli

2485 2276 2537 2314 Et
2562 2275 2615 2315 de

2431 2352 2612 2391 Rursum

1380 2267 1521 2306 insulae
1539 2267 1798 2321 Taprobanae
1817 2267 1946 2308 stadia
1971 2270 2108 2313 omnia
2131 2279 2227 2310 sunt
2250 2272 2422 2321 26‚385.

1379 2342 1510 2382 insula
1525 2341 1693 2396 quidem
1711 2337 1958 2398 Taprobana
1985 2345 2073 2386 haee
2101 2345 2211 2387 dicta
2231 2356 2369 2388 sunto.

1379 2431 1476 2457 vero
1511 2427 1768 2459 revertemur
1796 2410 2323 2475 ad⁰praeternavigationem
2353 2424 2483 2465 Indiae
2505 2427 2612 2466 intra

1378 2495 1578 2548 Gangem.

1464 2579 1473 2616 [
1489 2577 1639 2610 Excidit
1649 2578 1828 2621 paraplus
1843 2588 1912 2611 oroe
1928 2588 1952 2611 a
1972 2578 2063 2621 Cory
2075 2588 2130 2621 pr.
2155 2580 2204 2613 ad
2225 2580 2479 2623 Apheterium.
2502 2586 2511 2623 ]

1629 2688 1762 2719 SINUS
1798 2688 2057 2720 GANGETICI
2092 2690 2236 2722 PERIP
2245 2693 2348 2724 LUS.

1435 2781 1502 2833 37.
1539 2780 1790 2833 Apheterion
1817 2781 1897 2821 hoc
1933 2782 2046 2835 [sive
2073 2782 2209 2823 locum
2233 2783 2347 2824 unde
2372 2785 2537 2826 solvunt
2563 2788 2605 2827 in

1379 2849 1562 2904 Chrysen
1583 2849 1816 2902 navigantes
1832 2851 1846 2904 ]
1869 2851 2018 2905 exeipit
2033 2852 2144 2891 sinus
2161 2851 2276 2892 valde
2291 2867 2477 2906 magnuS,
2499 2856 2610 2895 Gan-

1379 3009 1395 3060 (
1414 3007 1795 3053 524500226000
1816 3009 1847 3060 ).
1874 3006 1990 3047 Idem
2024 3008 2081 3048 ib.
2194 3010 2293 3048 ὥστε
2316 3009 2380 3048 καὶ
2401 3009 2422 3048 ὁ
2455 3009 2521 3064 μὲν
2545 3010 2607 3050 διὰ

1377 3071 1444 3108 τοῦ
1461 3069 1568 3123 Κῶρυ
1587 3068 1841 3123 μεσημὸρινὸς
1857 3067 1990 3123 ἀπέχει
2008 3073 2075 3109 τοῦ
2090 3068 2151 3108 διὰ
2174 3074 2248 3109 τῶν
2269 3070 2461 3125 Μακάρων
2480 3071 2606 3123 νήσων

1379 3134 1500 3185 μικρῷ
1524 3129 1639 3171 πλέον
1675 3129 1753 3184 ρκε’
1783 3130 1914 3184 μοίρας
1954 3130 2412 3183 (125-1-50οΞ62,5οο
2434 3134 2466 3185 ).
2510 3135 2611 3187 11⁴-

1381 3196 1444 3232 16.
1460 3194 1551 3246 Ipse
1565 3191 1743 3246 periplus
1760 3192 1899 3231 insulae
1913 3193 2101 3232 omissus.
2123 3194 2253 3233 Petita
2269 3207 2317 3233 ex
2334 3207 2383 3233 eo
2401 3195 2606 3248 Marganae

1376 3254 1438 3294 vel
1458 3256 1745 3306 Marganarum
1766 3255 1920 3293 mentio
1943 3254 2052 3308 apud
2071 3254 2322 3309 Stephanum
2342 3257 2602 3311 Byzantium.

1378 3317 1461 3356 Sita
1485 3316 1582 3355 urbs
1613 3330 1693 3355 see.
1715 3315 1819 3355 Ptol.
1843 3318 1939 3364 VII,
1963 3319 2003 3364 4,
2039 3317 2061 3356 3
2083 3316 2283 3370 longitud.
2305 3331 2366 3370 gr.
2403 3318 2499 3358 123⁰
2523 3317 2605 3370 30¹,

1374 3377 1532 3418 latitud.
1551 3391 1612 3430 gr.
1643 3388 1711 3418 10⁰
1730 3376 1810 3417 30'.

1431 3442 1452 3490 S
1490 3443 1564 3487 36,
1606 3438 1634 3478 l.
1675 3440 1739 3479 18.
1775 3437 1797 3488 ἡ
1824 3439 1912 3490 ὅλη
1937 3440 1951 3493 ]
1977 3438 2000 3490 ἣ
2025 3438 2126 3491 ἄλλη
2151 3439 2244 3480 cod.
2280 3448 2320 3480 et
2347 3439 2464 3481 editt.
2499 3442 2514 3494 ΙΙ
2549 3465 2606 3473 —-

1376 3514 1442 3540 20.
1459 3500 1743 3540 Dimensiones
1753 3501 1895 3541 insulae
1902 3501 2134 3541 Marcianus
2147 3501 2318 3558 majores
2333 3502 2466 3553 affert,
2480 3517 2603 3557 quam
2620 3554 2622 3556 v

1374 3562 1579 3602 Ptolemaei
1599 3562 1775 3601 rationes
1790 3561 2029 3603 admittunt.
2052 3564 2175 3604 Hunc
2197 3565 2230 3604 si
2250 3564 2447 3618 sequaris,
2473 3564 2602 3617 longi·

1374 3624 1475 3664 tudo
1511 3623 1651 3662 insulae
1696 3637 1804 3676 7000
1838 3623 1920 3663 fere
1963 3624 2212 3676 stadiorum,
2259 3624 2431 3666 latitudo
2466 3635 2602 3666 autem

1375 3688 1480 3726 5000
1502 3683 1744 3725 stadiorum.
1769 3686 1959 3725 Ceterum
1993 3687 2122 3726 varias
2154 3686 2206 3727 de
2228 3687 2305 3727 hac
2326 3701 2370 3726 re
2385 3694 2479 3725 vett.
2512 3700 2601 3726 sen-

1372 3748 1516 3787 tentias
1536 3746 1628 3786 vide
1643 3746 1755 3801 apud
1776 3748 2039 3789 Mannertum
2059 3749 2113 3796 V,
2131 3762 2169 3801 1,
2183 3762 2226 3803 p.
2248 3752 2343 3801 276.
2368 3748 2383 3800 ΙΙ
2399 3771 2454 3777 -
2470 3760 2522 3787 22
2533 3763 2599 3787 σα-

1371 3810 1526 3863 τραπίας
1540 3808 1634 3850 eod.
1651 3808 1696 3849 h.
1719 3808 1746 3848 l.
1768 3817 1809 3850 et
1827 3809 1933 3850 infra
1955 3810 2114 3864 saepius.

1425 3875 1446 3923 S
1466 3877 1532 3921 37,
1552 3872 1577 3911 1.
1593 3872 1660 3911 32.
1681 3871 1911 3926 Γαγγιτικοῦ
1927 3871 2020 3912 cod.
2041 3872 2085 3912 h.
2099 3871 2126 3912 1.
2152 3879 2190 3912 et
2207 3885 2303 3911 mox
2322 3871 2485 3911 iterum.
2508 3871 2525 3923 ΙΙ
2543 3894 2599 3901 -

1371 3932 1816 3988 ἀφετηρίου]·νίιίθ
1845 3934 2017 3974 Ptolem.
2056 3935 2152 3983 VII,
2206 3946 2243 3983 1,
2282 3932 2329 3973 15
2370 3945 2381 3973 ε
2413 3932 2457 3972 τὸ
2509 3932 2597 3986 ἀφε-

1368 3995 1497 4050 τήριον
1520 4000 1594 4035 τῶν
1621 3994 1672 4042 εἰς
1699 3992 1768 4045 τὴν
1791 3995 1939 4050 Χρυσῆν
1964 3994 2223 4050 ἐμπλεόντων,
2254 3997 2350 4035 ‘126⁰
2374 3993 2595 4046 20'=tong.‚
