2756 4354
924 157 1212 204 ADDENDA
1245 160 1322 207 ET
1355 162 1763 214 CORRIGENDA.

24 306 31 314 ·
79 280 226 337 miles,
248 277 337 323 and
356 275 527 332 further
542 272 700 318 inland
723 272 848 316 there
862 287 938 316 are
961 273 1095 332 pools
1118 274 1171 317 of
1190 274 1310 318 fresh

78 365 216 400 water
237 356 285 398 in
307 338 487 397 its‘bed.
511 369 530 389 »
559 346 832 393 CARLESS.
850 347 887 407 ),
920 348 1060 405 inque
1091 348 1302 408 paludem

83 430 95 493 (
119 431 267 475 Khore
291 430 551 483 Gulwainie‚
573 425 604 469 i.
633 414 673 468 e'.
693 424 817 468 lacus
846 439 1036 482 magnus
1055 424 1069 483 )
1085 423 1307 469 diffundi-

77 517 166 566 tur,
184 520 282 565 quae
313 503 413 562 ipsa
437 515 620 560 quoque
641 499 971 563 angusto-ostio
993 501 1040 543 in
1064 515 1190 544 mare
1214 501 1308 545 exit

76 593 222 642 prope
237 581 328 621 Ras
352 576 566 628 UIoeelah,
593 574 797 619 omnium
821 574 1021 619 maxime
1041 589 1200 619 versus
1222 573 1306 619 bo-

75 652 196 700 ream
216 661 495 714 porrectum.
519 650 657 695 Vicus
683 649 825 694 fluvio
851 649 1107 710 appositus,
1126 653 1311 693 Bander

77 729 287 775 Uloulalc.
320 726 485 771 Paucis
518 724 678 770 stadiis
704 724 924 769 orientem
964 739 1125 769 versus
1161 740 1306 785 prope

75 804 181 848 litus
214 803 238 846 3
260 801 387 861 putei
409 816 570 860 aquam
602 799 824 844 habentes
850 800 1087 860 optimam.
1116 799 1185 843 Ad
1210 800 1305 844 haec

73 877 214 936 igitur
229 877 331 920 loca
348 876 430 920 vix
446 875 637 919 dubium
660 885 727 919 est
745 875 859 934 quin
879 874 1118 919 referenda
1134 875 1224 919 sint
1248 890 1304 919 ex

69 951 295 998 Strabone
314 950 497 1012 Ψυγμὸς
510 948 634 1009 λιμὴν
654 949 724 995 καὶ
749 949 932 1012 ὕδρευμα
951 950 997 995 τὸ
1017 951 1304 1013 κυνοκεφάλων

70 1026 339 1083 καλούμενον,
359 1043 384 1071 0
403 1026 590 1087 Periplo
609 1035 756 1071 autem
783 1023 945 1087 δαφνὼν
972 1024 1100 1086 μέγας
1123 1025 1305 1086 λεγόμε-

69 1121 133 1154 νος
150 1101 364 1150 Ἀκανναι.
388 1103 512 1147 Inter
542 1101 766 1147 vocabula
784 1099 980 1150 Ἀκανναι
1001 1111 1044 1146 01
1063 1102 1304 1164 Κυνοκέφα-

70 1181 140 1224 λαι
167 1180 483 1238 cognationem
502 1179 782 1224 intercedere
796 1178 1026 1239 suspicor,
1040 1177 1174 1232 Quod
1192 1177 1303 1222 olim

69 1254 119 1299 in
144 1253 367 1299 Strabone
397 1264 556 1299 contra
595 1254 727 1299 codd.
767 1253 1035 1299 auctoritem
1066 1252 1305 1311 legebatur

69 1326 221 1390 ἵδρυμα
249 1347 402 1384 κυνοκ.,
441 1338 484 1372 01
503 1328 560 1373 ad
592 1328 861 1373 Sesostridis
891 1327 1097 1388 quaedam
1136 1342 1303 1372 monu-

69 1414 219 1449 menta
242 1404 308 1449 ibi
329 1405 478 1465 posita
502 1397 559 1448 ab
583 1404 909 1463 interpretibus
937 1402 1234 1459 referebatur,
1254 1404 1303 1450 id

58 1478 310 1539 -rejiculum
333 1489 416 1525 est.
452 1507 507 1514 —-
530 1479 753 1523 Ultimum
774 1495 933 1525 versus
957 1478 1304 1533 ortumBarba-

67 1553 150 1597 riae
187 1556 550 1613 promontorium
585 1565 629 1597 et
661 1554 916 1614 emporium
945 1554 1115 1598 dicitur
1151 1553 1198 1598 τὸ
1224 1557 1302 1599 τῶν

66 1625 329 1689 Ἇρωμάτων.
352 1628 620 1673 Ponendum
652 1628 793 1686 igitur
816 1629 872 1673 ad
904 1632 995 1672 Bas
1008 1632 1126 1672 Jard
1154 1628 1303 1681 Afoun

68 1701 174 1763 (9oo
213 1702 280 1762 p.)
312 1703 559 1763 praeruptis
583 1704 726 1763 petris
760 1703 809 1747 in
845 1718 970 1747 mare
1000 1704 1281 1749 descendens

73 1782 138 1826 Ab
157 1784 387 1843 indigenis
410 1796 601 1830 vocatur
633 1790 724 1829 Ras
744 1789 896 1841 Asair,
931 1798 974 1831 et
994 1803 1159 1832 nomen
1183 1779 1305 1831 Jard

63 1857 211 1910 Afoun
230 1860 436 1918 sequenti
454 1861 771 1921 promontorio
796 1861 917 1920 quod
937 1862 1188 1908 Can-lessius
1209 1862 1297 1912 Bas

68 1934 294 1991 Skenarif
301 1945 434 1981 vocat
448 1969 460 1990 ,
480 1936 669 1980 inditur.
685 1935 878 1980 Navium
901 1936 1035 1980 statio
1051 1937 1099 1980 in
1121 1937 1300 1981 boreali

66 2010 375 2069 promontorii
388 2011 544 2055 latere.
568 2011 740 2069 Quodsi
758 2012 1294 2072 tempestasimminebat,

62 2093 238 2129 veteres
271 2095 442 2140 nautae,
475 2096 587 2130 teste
620 2086 830 2146 Periplo‚
874 2087 1200 2145 confugiebant
1243 2088 1298 2131 ad

63 2173 276 2217 magnum
310 2162 697 2220 promontorium,
728 2162 801 2206 cui
833 2165 969 2205 Taboe
992 2178 1176 2207 nomen.
1201 2163 1298 2206 Hoc

61 2248 159 2279 esse
178 2234 311 2279 debet
329 2239 418 2279 Ras
443 2226 694 2291 Schenarifi
727 2236 992 2279 Aromatum
1024 2246 1297 2296 promonto-

63 2303 134 2355 rio
150 2311 285 2369 longe
311 2312 446 2356 altius
468 2311 606 2371 (2500
633 2310 712 2371 p.),
742 2327 885 2372 prope
918 2313 1041 2372 quod
1075 2323 1142 2357 est
1162 2313 1297 2357 vallis

64 2387 227 2431 fertilis
270 2389 432 2431 Tolmm
463 2388 600 2442 dicta,
635 2388 820 2432 nomine
853 2388 909 2431 ad
942 2391 1090 2431 Tabas
1123 2389 1296 2448 Peripli

62 2478 207 2523 prope
220 2462 476 2510 accedente.
489 2462 624 2516 Quod
639 2462 910 2522 deincepsin
927 2462 1114 2522 Periplo
1129 2450 1296 2520 legitur

60 2536 243 2581 aTabis
271 2553 421 2597 prom.
443 2538 499 2581 ad
522 2537 728 2597 Oponem
756 2552 852 2581 esse
885 2543 972 2588 400
997 2537 1165 2592 stadia,
1192 2554 1293 2582 cum

61 2613 164 2658 aliis
188 2628 259 2657 me
283 2613 610 2668 induxerat,ut
625 2612 773 2657 Tabas
802 2612 858 2657 ad
877 2615 1061 2655 Bannas
1075 2628 1296 2672 promon-

63 2688 230 2732 torium
251 2687 492 2743 referrem3
518 2688 596 2732 sed
617 2688 725 2731 ferri
749 2687 797 2731 id
814 2687 987 2746 nequit.
1007 2686 1152 2730 Distat
1172 2688 1296 2733 enim

62 2762 119 2806 ab
141 2762 405 2806 Aromatum
424 2761 748 2822 promontorio
778 2769 867 2814 400
894 2760 1052 2805 stadiis
1076 2762 1174 2805 sive
1203 2761 1294 2805 diei

65 2837 156 2882 fere
204 2837 522 2895 navigatione,
560 2846 610 2881 ut
653 2852 707 2880 eo
749 2836 993 2893 confugere
1029 2835 1298 2880 imminente

63 2902 324 2974 tempestate
356 2929 447 2957 non
483 2914 657 2957 liceret.
685 2912 776 2956 Aut
808 2912 949 2970 igitur
987 2927 1074 2972 pro
1104 2911 1140 2955 υ’
1166 2912 1293 2972 (400)

63 2990 111 3032 111
138 2989 323 3050 Periplo
342 3000 438 3034 erat
454 2988 499 3032 ω’
527 2990 664 3048 (800),
685 2998 762 3032 aut
783 2988 919 3047 (quod
940 2986 1111 3049 malim)
1134 2988 1299 3032 lacuna

64 3065 190 3110 locus
212 3065 390 3110 laborat
417 3066 539 3109 hunc
558 3065 606 3109 in
635 3064 818 3110 modum
843 3062 1135 3122 retingendus
1163 3080 1172 3106 :
1196 3062 1296 3109 Ἀπὸ

65 3137 107 3183 δὲ
129 3138 271 3185 Τάὸαι
294 3139 398 3199 μετὰ
423 3139 610 3190 σταδίους
636 3137 919 3200 τετρακοσίους
940 3136 1114 3196 [Πανὼν
1148 3137 1296 3196 κώμη·

70 3216 249 3258 ἐντεῦθεν
285 3213 327 3258 δὲ
348 3213 454 3273 μετὰ
491 3214 679 3265 σταδίους
708 3212 1010 3275 τετρακοσίους]
1052 3212 1290 3273 παραπλεό-

66 3306 183 3332 σαντι
212 3290 531 3352 Χερσόνησον...
558 3288 747 3344 Ὀπώνη.
787 3289 947 3334 Panon
971 3291 1121 3334 vicum
1154 3288 1291 3349 (hod.

67 3368 228 3410 Banna
257 3367 328 3410 vel
362 3368 552 3426 Banna)
586 3366 643 3411 ad
665 3370 754 3410 Ras
774 3370 937 3409 Banna
961 3368 1057 3410 sive
1077 3369 1167 3409 Ras
1190 3369 1299 3423 Αίζγ

66 3440 367 3494 Beck-Quasi,
425 3442 638 3485 novimus
674 3456 699 3484 e
737 3440 997 3487 Ptolemaeo,
1042 3440 1200 3500 Opone
1240 3440 1296 3484 ad

67 3515 396 3560 Chersonesum
431 3518 739 3576 promontorii
754 3516 934 3574 Hasoun
955 3517 1042 3562 sita
1060 3527 1169 3561 erat.
1190 3516 1298 3560 'Pra-

69 3596 179 3640 here
210 3595 299 3640 huc
321 3597 454 3640 etiam
486 3597 658 3642 fluxum
686 3598 917 3643 marinum
950 3608 1109 3643 auctor
1142 3607 1298 3655 noster

71 3682 249 3727 monet3
279 3671 526 3717 Carlessius
549 3688 660 3718 vero
683 3673 853 3718 fluxum
875 3690 968 3719 non
990 3674 1055 3718 ita
1077 3673 1212 3731 longe
1239 3671 1297 3716 ab

73 3762 156 3790 ora
173 3761 199 3789 a
214 3746 406 3790 meridie
423 3746 607 3791 boream
629 3763 788 3793 versus
804 3748 1061 3794 tendentem
1078 3749 1128 3792 in
1145 3747 1299 3791 tabula

76 3821 318 3879 significat.
344 3821 653 3866 probabiliter
683 3823 747 3867 ita
779 3839 849 3869 res
867 3823 1003 3869 habet
1028 3834 1078 3869 ut
1100 3824 1150 3868 in
1193 3824 1298 3870 sinu

74 3897 192 3940 inter
209 3900 299 3941 Ras
318 3898 572 3954 Algy-Bech
592 3908 635 3941 et
670 3901 761 3942 Ras
788 3899 968 3957 Hafoun
986 3899 1120 3959 juxta
1150 3899 1297 3959 ipsam

70 3986 196 4016 oram
229 3972 378 4018 fluxus
401 3973 460 4018 sit
476 3973 729 4018 contrarius
749 3973 791 4018 ei
814 3974 895 4034 qui
916 3963 978 4017 ⁴in
1009 3973 1099 4017 alto
1120 3982 1294 4031 regnat.

2428 202 2586 244 exult

1377 377 1440 386 —-
1467 353 1519 400 P.
1554 355 1720 414 266,1
1746 357 1807 400 8:
1833 358 1854 401 ὁ
1889 356 1932 401 δὲ
1954 356 2123 419 ὅρμος’
2106 360 2171 405 επὶ
2194 323 2298 408 σειιλις
2316 368 2419 412 κατὰ
2440 374 2592 431 codex,

1373 425 1423 470 in
1442 442 1535 486 quo
1553 445 1595 479 ος
1617 430 1977 491 superscriptum
2005 447 2142 478 manu
2165 438 2372 485 secunda.
2395 443 2589 492 Licebit:

1373 500 1394 542 ὃ
1418 497 1460 543 δὲ
1479 500 1601 560 ὅρμος
1627 503 1712 547 ἐστὶ
1739 503 1878 556 σάλοις
1899 503 2008 551 κατὰ
2030 506 2195 568 καιρους
2218 510 2480 571 ἐπικίνδυνος,
2504 522 2595 563 col-

1374 573 1465 617 lato
1483 574 1586 619 loco
1607 578 1865 639 gemellop.
1887 581 1996 639 263,
2020 587 2090 632 14.
2105 609 2180 627 -.
2199 582 2252 626 P.
2274 587 2435 640 267‚l.
2462 606 2485 631 2
2509 597 2595 637 et8

1373 647 1571 709 κασία;1.
1598 667 1648 707 17
1667 651 1694 707 ἥ
1714 670 1757 696 τε
1778 671 1964 715 μοναχην
1988 656 2090 700 cod.
2111 657 2209 701 sine
2235 674 2326 703 acc.
2341 687 2403 695 —
2423 663 2474 709 P.
2493 667 2596 725 269,

1373 725 1405 770 l.
1424 723 1449 768 5
1474 724 1638 775 πλείους
1650 727 1753 770 cod.
1772 754 1831 761 —
1854 728 1908 772 P.
1930 745 2038 785 270,
2067 730 2111 786 5,
2137 731 2169 774 l.
2202 749 2240 776 1.
2260 736 2484 790 ειτενηδιων
2497 741 2596 785 cod.

1372 799 1503 843 -Ρ,
1529 800 1674 855 2721.
1696 799 2020 862 3ναύπλιος]ν.
2040 803 2166 848 Prol.
2188 822 2231 865 p.
2250 812 2512 865 cv1113—l.
2542 815 2594 858 15

1372 871 1908 937 ναὸαταίων]ανα6αταιὼς
1921 877 2078 922 codex.
2095 878 2199 937 Leg.
2213 892 2347 940 puto:
2368 884 2417 928 δι’
2434 879 2480 941 ἧς
2490 889 2596 933 ἐστιν

1373 949 1428 999 εἷς
1456 947 1621 1010 Πέτραν
1645 949 1746 1011 πρὸς
1769 949 1970 1011 Μαλίχαν
2008 954 2178 1011 βασιλέα
2202 954 2449 1003 Ναὸαταίων
2473 961 2596 1021 [ἀνά-

1373 1023 1533 1084 &oto-td.
1555 1052 1610 1060 —
1629 1024 1682 1069 P.
1707 1025 1815 1081 275,
1840 1042 1893 1069 12
1909 1024 2076 1071 ἀπὸτοῦ
2094 1027 2220 1089 πέραν
2237 1031 2335 1077 cod.
2351 1058 2412 1068 —
2426 1034 2478 1078 P.
2502 1053 2591 1092 277

1372 1100 1401 1143 l.
1422 1101 1446 1144 3
1469 1117 1478 1144 :
1499 1100 1723 1159 Εὐδαίμων
1744 1100 1934 1163 Ἀραὸία.
1959 1102 2178 1161 Εὐδαίμων
2197 1104 2237 1150 δὲ
2254 1107 2455 1164 ἐπεκλήθη
2473 1111 2593 1167 cod.‚

1371 1176 1611 1236 expunctis
1626 1175 1783 1223 verbis
1803 1177 1900 1224 13133’
1922 1175 2003 1239 Ἀρ.
2027 1179 2158 1239 Apud
2177 1180 2335 1227 Melam
2357 1183 2436 1239 Ill,
2466 1186 2493 1230 8
2511 1202 2597 1247 pro

1374 1251 1502 1295 Cana
1524 1262 1569 1295 et
1592 1251 1767 1296 Arabia
1801 1263 1847 1296 et
1869 1255 2127 1297 Gaudamus
2151 1255 2238 1314 leg.
2265 1258 2443 1303 videtur
2472 1264 2598 1305 Cana

1374 1337 1421 1369 et
1440 1328 1606 1369 Arabia
1620 1329 1880 1374 Eudaemon.
1897 1355 1958 1362 -
1970 1329 2136 1372 Elisari
2153 1329 2384 1376 Ptolemaei
2407 1343 2450 1377 et
2465 1339 2602 1379 IliSar

1375 1399 1615 1446 Strabonis
1638 1401 1887 1446 secundum
1907 1401 2107 1448 Forsteri
2131 1407 2395 1449 sententiam
2420 1407 2595 1466 (Geogr.

1369 1477 1429 1530 of
1439 1479 1607 1520 Arabia
1629 1476 1692 1522 ΙΙ.
1717 1494 1765 1538 p.
1796 1485 1878 1534 147
1909 1479 2037 1539 sqq.)
2065 1484 2231 1524 nomen
2260 1481 2426 1526 habent
2446 1484 2502 1527 de
2525 1499 2599 1528 re-

1369 1553 1505 1611 gione
1523 1556 1584 1596 El
1602 1557 1722 1610 Asyr,
1757 1554 1887 1614 cujus
1914 1565 2090 1613 gentem
2118 1571 2406 1602 numerosam
2438 1569 2482 1603 et
2503 1557 2599 1603 bel-

1368 1629 1687 1675 licosissimam
1706 1631 1755 1675 in
1773 1631 1950 1676 vicinos
1971 1647 2175 1690 magnam
2187 1647 2398 1678 exercere
2412 1634 2501 1678 vim
2521 1650 2596 1679 re—

1370 1704 1455 1748 fert
1466 1705 1764 1750 Burckhardt.
1779 1706 2011 1750 Ptolemaei
2027 1706 2168 1764 igitur
2180 1717 2306 1752 aetate
2327 1707 2474 1752 videri
2499 1724 2595 1753 eam

1368 1790 1512 1824 totum
1546 1796 1792 1839 occupasse
1828 1791 2018 1826 tractum
2051 1782 2131 1841 qui
2161 1782 2349 1827 Elisaris
2386 1784 2596 1829 attribui-

1368 1865 1460 1901 tur.
1488 1855 1666 1900 Habent
1682 1856 1778 1900 haec
1800 1872 1892 1916 quo
1909 1871 1956 1901 se
1980 1857 2310 1904 commendent.
2332 1884 2394 1892 —-
2409 1858 2462 1904 P.
2488 1860 2593 1916 278,

1368 1942 1461 1977 not.
1495 1933 1582 1975 col.
1616 1949 1658 1987 1,
1684 1932 1768 1976 lin.
1801 1949 1871 1989 17.
1894 1933 2057 1977 Avium
2079 1933 2275 1978 insulam
2301 1950 2422 1978 nunc
2444 1938 2597 1979 vocari

1367 2005 1465 2049 dixi
1484 2007 1651 2049 Sikkczlz
1676 2007 1749 2050 vel
1766 2009 1932 2063 Djibus.
1955 2006 2188 2052 Forsterus
2207 2009 2238 2053 1.
2283 2008 2315 2052 1.
2347 2008 2405 2063 ll,
2431 2024 2474 2068 p.
2510 2010 2594 2067 189

1367 2079 1528 2123 scribit
1539 2082 1572 2123 S
1573 2083 1698 2134 ‹ek-ak,
1732 2082 1855 2140 quod
1874 2082 2130 2139 significare
2143 2083 2206 2126 ait·
2219 2093 2534 2127 stercor-aceous
2548 2100 2599 2126 or

1367 2163 1501 2204 bircls'
1517 2174 1633 2205 mute
1657 2166 1831 2216 island3
1859 2162 2023 2221 Djibus
2047 2174 2194 2208 autem
2225 2163 2466 2226 (Gibboose
2487 2164 2593 2209 For·

1368 2239 1502 2296 stero)
1517 2253 1679 2282 sonare
1694 2242 1758 2284 W
1758 2240 1850 2281 bite
1865 2242 2023 2283 island.
2043 2239 2138 2283 Sita
2147 2241 2299 2284 insula
2318 2241 2397 2293 480
2416 2241 2487 2284 28’
2507 2240 2591 2284 20”

1364 2312 1489 2370 long.
1513 2311 1740 2372 Greenw.‚
1768 2314 1843 2356 130
1867 2311 1932 2366 14’
1958 2312 2042 2364 40”
2061 2314 2135 2358 lat.
2155 2314 2309 2358 Altera
2326 2314 2500 2374 Peripli
2519 2315 2590 2358 in·

1364 2388 1478 2442 sula,
1494 2386 1703 2448 Τρούλλα,
1719 2404 1839 2432 1111110
1856 2387 1982 2431 audit
1995 2389 2287 2444 Burrugghur
2302 2388 2404 2447 (480
2421 2389 2492 2432 32'
2506 2387 2589 2439 40”

1364 2463 1510 2520 long„
1538 2462 1613 2506 13⁰
1634 2461 1704 2506 58'
1724 2463 1800 2506 lat.
1823 2463 1864 2521 );
1890 2471 2019 2506 vetus
2049 2461 2163 2506 illud
2189 2477 2355 2506 nomen
2375 2477 2400 2506 e
2420 2461 2589 2507 Roma—

1363 2552 1526 2582 norum
1544 2536 1703 2595 lingua
1722 2536 1929 2581 derivare
1947 2546 1990 2580 et
2008 2536 2265 2593 significare
2285 2538 2429 2594 Spoon
2446 2540 2594 2580 island

1363 2612 1518 2671 prodit
1555 2611 1808 2656 Forsterus.
1859 2631 1877 2651 «
1908 2610 1963 2654 In
1997 2609 2188 2671 Captain
2226 2610 2393 2655 Haines
2434 2610 2588 2667 Chart,

1363 2693 1527 2752 inquit,
1558 2692 1632 2736 the
1670 2692 1784 2736 form
1811 2692 1864 2736 of
1892 2691 1981 2735 this
2014 2692 2162 2735 island
2185 2692 2249 2746 is,
2277 2707 2324 2736 as
2363 2695 2521 2752 neerly
2543 2709 2590 2738 as

1363 2769 1581 2830 possible,
1614 2770 1710 2814 that
1744 2770 1797 2814 of
1814 2769 1887 2814 the
1917 2768 2039 2814 bowl
2074 2769 2126 2812 of
2155 2784 2211 2813 an
2235 2784 2508 2830 egg-spoon,
2536 2786 2591 2814 or

1364 2844 1458 2889 that
1477 2845 1531 2889 of
1554 2844 1628 2888 the
1654 2844 1732 2888 old
1758 2843 1992 2888 fashioned
2017 2843 2136 2888 horn
2157 2860 2211 2888 or
2233 2859 2543 2904 sugar-spoon.
2565 2865 2586 2884 ν

1361 2945 1426 2955 -
1450 2919 1681 2964 Sabbatha
1715 2919 1851 2975 urbs,
1892 2920 2022 2979 cujus
2056 2920 2191 2964 situm
2231 2920 2279 2963 in
2302 2920 2592 2965 annotatione

1365 2994 1558 3039 definire
1587 2994 1790 3039 nondum
1819 3004 2041 3054 poteram,
2069 2995 2297 3054 pertinere
2320 2994 2500 3038 videtur
2533 2994 2589 3038 ad

1361 3071 1483 3114 Saba
1505 3072 1655 3114 locum
1676 3069 1726 3114 in
1749 3069 1998 3113 novissima
2030 3068 2209 3113 Arabiae
2234 3067 2385 3112 tabula
2401 3069 2588 3128 Kieper-

1363 3145 1498 3190 tiana.
1516 3170 1577 3179 -
1600 3144 1651 3190 P.
1668 3146 1775 3199 280,
1803 3145 1873 3190 13.
1893 3142 2079 3204 Σύαγρον
2102 3158 2173 3203 pr.
2196 3157 2292 3187 esse
2316 3145 2412 3200 Cap
2428 3145 2588 3185 Fartak

1362 3220 1434 3264 v'el
1482 3220 1633 3279 ipsum
1673 3233 1840 3263 nomen
1886 3216 2081 3278 probare
2118 3216 2316 3274 videtur,
2360 3216 2585 3274 siquidem

1363 3294 1602 3339 Forsterus
1623 3294 1655 3336 1.
1683 3294 1716 3336 l.
1744 3292 1803 3352 ΙΙ,
1825 3309 1871 3352 p.
1912 3308 1991 3347 171
2028 3308 2037 3335 :
2070 3311 2087 3330 «
2112 3292 2330 3350 Syagros,
2348 3290 2514 3349 inquit,
2547 3291 2587 3334 is

1364 3369 1533 3428 simply
1556 3368 1631 3412 the
1657 3366 1806 3411 Greek
1830 3366 2075 3423 rendering
2100 3365 2152 3408 of
2172 3365 2246 3408 the
2265 3363 2435 3408 Arabik
2458 3379 2587 3408 name

1364 3444 1571 3496 Fartaslt,
1597 3441 1812 3500 literally‚
1833 3441 1905 3483 the
1928 3442 2072 3490 boar's
2093 3456 2141 3481 or
2156 3441 2260 3481 wild
2281 3441 2425 3482 boar’s
2445 3449 2577 3481 snout.

1363 3519 1400 3561 A
1422 3518 1579 3576 glance
1604 3526 1647 3560 at
1669 3515 1743 3559 the
1773 3529 1876 3573 map
1900 3529 2003 3573 may
2026 3513 2184 3558 suffice
2208 3523 2251 3556 to
2282 3512 2480 3556 indicate
2516 3512 2588 3555 the

1363 3592 1515 3649 origin
1530 3590 1582 3635 of
1590 3589 1662 3633 the
1675 3603 1805 3633 name
1822 3589 1870 3631 in
1892 3587 1965 3631 the
1988 3589 2103 3631 form
2124 3586 2177 3630 of
2191 3586 2264 3630 the
2284 3586 2420 3646 Cape,
2442 3585 2585 3630 which

1363 3666 1626 3711 terminates
1662 3664 1711 3708 in
1746 3679 1770 3707 a
1797 3663 1928 3722 point
1957 3661 2199 3720 strikingly
2219 3660 2493 3716 resembling
2515 3660 2587 3702 the

1363 3757 1473 3787 nose
1492 3741 1545 3786 of
1558 3741 1631 3785 the
1647 3754 1810 3797 savage
1827 3738 1991 3782 animal
2012 3737 2164 3782 whose
2180 3751 2310 3781 name
2335 3736 2369 3778 it
2391 3734 2536 3777 bears.
2563 3753 2580 3770 »

1365 3817 1533 3862 Addit:
1566 3837 1584 3856 «
1611 3814 1650 3859 Γ
1655 3815 1709 3859 110
1732 3824 1851 3858 town
1872 3812 2021 3858 seated
2043 3811 2188 3856 under
2213 3811 2247 3853 it
2275 3820 2508 3868 1›1ese1ves
2537 3815 2580 3847 to

1367 3895 1455 3939 this
1473 3893 1561 3953 day
1579 3892 1624 3936 th
1611 3907 1652 3937 e
1666 3906 1839 3935 memor
1844 3906 1871 3949 y
1889 3890 1942 3933 of
1955 3889 2027 3932 the
2040 3888 2254 3946 Syagrian
2268 3891 2580 3943 promontory,

1367 3969 1455 4014 and
1478 3968 1531 4013 ol*
1547 3967 1621 4012 the
1654 3965 1853 4009 Arabim
1887 3975 2136 4007 0011111101Ὂο
2160 3957 2297 4002 ofthe
2326 3950 2548 4006 Gieeks,
2538 3968 2582 3996 m
