2808 4342
19 209 23 230 ι
46 215 47 218 ¹
68 157 138 218 (ιι,
155 161 220 216 12.)

44 259 168 318 μετὰ
191 259 231 304 δὲ
253 258 405 314 ταύτην
431 263 457 315 ἡ
475 259 794 320 Τρωγλοδυτικὴ
820 261 887 307 ἐπὶ
904 264 1093 310 πλεῖστον
1118 266 1297 310 ἔκτεινο-

19 327 179 387 ςμένη·
205 327 384 389 παρήκει
402 328 481 388 γὰρ
502 328 617 389 παρά
633 347 676 373 τε
697 329 817 375 αὐτὸν
845 330 913 376 τὸν
935 331 1121 394 Ἀράδιον
1145 333 1295 380 κόλπον

25 395 130 456 {aad
154 395 268 457 παρὰ
291 393 364 450 τὴν
388 394 592 458 Ἐρυθρὰν
612 396 838 443 θάλασσαν·
875 401 981 458 μετὰ
1009 400 1050 446 δὲ
1082 402 1129 447 τὸ
1162 402 1296 462 στόμα

160 462 351 526 Ἀραδίου
372 463 525 510 κόλπου
563 465 652 521 ἑξῆς
684 468 792 512 ἐστιν
820 471 846 523 ἡ
869 468 1050 531 Ἐρυθρὰ
1084 471 1293 520 θάλασσα.

36 527 333 595 ,Περιπλέοντι
369 532 500 579 τοίνυν
540 534 693 590 ταύτην
728 535 799 580 καὶ
823 537 972 595 ὁμοίως
1007 541 1048 583 ἐν
1079 538 1190 602 δεξιᾷ
1220 541 1295 594 τὴν

9 605 138 662 ,γῆν
163 600 298 663 ἔχοντι
332 602 546 664 ἐκδέχεται
579 603 651 658 μὲν
685 607 706 648 ὃ
740 603 948 661 Αὗαλίτης
969 605 1117 658 κόλπος
1150 609 1190 652 ἐν
1214 615 1296 661 τοῖς

14 685 23 718 ι’
36 668 199 722 δεξιοῖς
222 669 363 732 μέρεσι
388 674 460 727 τῆς
482 670 686 733 Ἐρυθρᾶς
705 671 917 733 τυγχάνων
938 674 1160 732 θαλάσσης,
1182 695 1294 739 παρ-

8 730 211 800 f3otx036t
237 739 294 784 -δὲ
329 739 531 800 τούτῳ·οἵ
581 758 627 784 τε
662 741 951 802 προειρημένοι
1001 745 1294 806 Τρωγλοδύται

8 796 16 804 '⁴
43 806 126 853 ,καὶ
147 810 183 852 οἱ
204 809 411 854 Αὗαλῒται
430 809 499 853 καὶ
514 808 727 871 προσέτιγε
753 812 789 856 οἳ
810 811 1024 858 Μόσσυλοι
1045 813 1095 859 τὰ
1116 814 1226 871 ἔθνη.

47 883 50 886 ’
118 892 171 924 12.
206 875 515 923 Ἐκπλεύσαντι
545 877 587 922 δὲ
611 877 680 924 τὸν
716 880 867 926 κόλπον
893 882 963 927 καὶ
982 875 1056 938 τὴν
1090 884 1293 948 Ἐρυθρὰν

12 944 282 1001 μθάλασσαν,
305 944 445 1007 ἠρέμα
466 965 553 998 πως
571 947 676 1007 μετὰ
695 947 762 993 τὸν
776 949 927 996 κόλπον
948 951 1054 996 κατὰ
1075 952 1120 998 τὸ
1144 955 1292 1016 ἀκρω-

0 1006 194 1076 τήριον
232 1014 503 1074 στενουμένην
519 1051 531 1072 ,
571 1016 785 1079 ἐκδέχεται
822 1021 868 1064 τὸ
905 1020 1077 1067 Ἰνδικὸν
1117 1023 1294 1085 πέλαγος

13 1082 329 1145 ιὶἅναπεπταμέ
336 1103 400 1129 νον
421 1084 488 1130 ἐπὶ
506 1084 611 1131 πολὺ
631 1086 701 1131 καὶ
718 1091 777 1149 τῷ
799 1088 872 1148 μὲν
893 1089 1016 1149 μήκει
1037 1093 1175 1147 διῆκον
1193 1092 1293 1154 πρὸς

11 1151 126 1208 ;,»ι,,τὴν
151 1153 205 1198 ἔω
227 1153 297 1198 καὶ
322 1154 396 1206 τὰς
433 1155 634 1207 ἀνατολὰς
655 1161 725 1202 τοῦ
760 1150 877 1212 ἡλίου
903 1159 1025 1221 μέχρι
1062 1162 1195 1206 Σινῶν
1221 1166 1290 1208 τοῦ

61 1225 187 1274 θνους
200 1257 212 1278 ,
234 1223 334 1286 ὅπερ
359 1223 426 1270 ἐπὶ
446 1223 554 1269 τέλει
574 1228 646 1280 τῆς
669 1227 909 1286 οἰκουμένης
931 1229 1129 1291 τυγχάνει
1148 1230 1291 1292 κείμε-

75 1308 117 1336 ον
137 1291 246 1337 κατὰ
275 1293 348 1348 τὴν
383 1293 487 1356 πρὸς
514 1295 606 1346 ταῖς
629 1297 847 1349 ἀνατολαῖς
870 1297 1077 1358 ἄγνωστον
1101 1303 1176 1359 γ’ἧν
1191 1335 1202 1356 ,
1232 1303 1290 1363 τῷ

14 1358 94 1405 δὲ
112 1361 260 1406 πλάτει
281 1362 383 1425 πρὸς
403 1363 668 1427 μεσημὸρίαν
687 1365 961 1427 ἀναχεόμενον
983 1368 1050 1413 ἐπὶ
1069 1371 1260 1415 πλεῖστον
1276 1406 1287 1426 ,

28 1427 175 1491 ῗμέχρι
202 1433 273 1485 τῆς
293 1431 433 1494 ἑτέρας
453 1433 666 1494 ἀγνώστου
687 1437 761 1494 γ’ῆς
785 1439 859 1491 τῆς
886 1435 993 1481 κατὰ
1016 1436 1089 1492 τὴν
1125 1456 1291 1498 μεσημ-

22 1496 170 1560 ’δρίαν
202 1501 492 1562 ὑπαρχούσης,
517 1502 607 1547 καθ’
638 1503 688 1558 ἣν
723 1502 794 1548 καὶ
818 1507 843 1559 ἡ
884 1502 1115 1566 Πρασώδης
1140 1509 1289 1552 καλου·

22 1565 372 1627 ’μένηδιατείνει
407 1571 598 1616 θάλασσα
621 1572 719 1633 παρ’
754 1572 855 1627 ὅλην
893 1573 966 1629 τὴν
1002 1575 1288 1636 μεσημὸρινὴν

14 1629 258 1699 [ἶγνωστον
279 1641 356 1700 γῆν
377 1638 501 1702 μέχρι
523 1643 595 1695 τῆς
615 1638 686 1700 ἕω,
709 1645 778 1686 τοῧ
799 1640 872 1701 μὲν
894 1642 1066 1688 Ἰνδικοῦ
1087 1643 1289 1704 πελάγους

11 1699 320 1767 ὦπάρχουσα,
344 1708 498 1764 ταύτην
522 1708 564 1753 δὲ
603 1708 669 1753 διὰ
704 1708 777 1765 τὴν
809 1709 954 1772 χροιὰν
990 1713 1177 1773 λαχοῦσα
1213 1712 1286 1767 τὴν

10 1799 15 1827 ;
47 1811 49 1816 ,
82 1775 340 1838 ροσηγορίαν.
1194 1830 1198 1834 ,
1229 1780 1237 1783 ⁷

50 1843 51 1846 ¹
114 1859 167 1890 13.
204 1845 324 1890 Μετὰ
350 1843 421 1899 τὴν
443 1844 647 1907 Ἐρυθρὰν
671 1845 805 1891 τοίνυν
834 1847 1047 1893 θάλασσαν
1074 1849 1286 1913 κάμψαντι

39 1922 57 1953 .’
83 1910 147 1973 ρὸς
180 1910 254 1967 τὴν
294 1912 557 1975 μεσημὸρίαν
594 1913 664 1959 καὶ
688 1914 843 1974 ὁμοίως
878 1918 922 1962 ἐν
958 1916 1177 1981 δεξιᾷ’τὴν
1210 1922 1285 1979 γῆν

2 1977 210 2043 ’ἷέχοντι,
244 1980 290 2026 τό
313 2000 356 2026 τε
382 1980 472 2044 ὄρος
505 1984 526 2026 ὃ
551 1981 731 2045 Ἐλέφας
770 1985 967 2046 τυγχάνει
1001 1986 1187 2046 κείμενον
1216 1989 1286 2033 καὶ

24 2052 48 2100 ’ρ
98 2049 437 2112 Ἀρωματοφόρος
459 2051 594 2113 χώρα·
621 2055 711 2110 μεθ’
731 2052 781 2108 ἣν
805 2056 1020 2116 ἐκδέχεται
1042 2056 1088 2101 τὸ
1111 2055 1219 2109 ἔθνος
1239 2057 1285 2103 τὸ

1 2116 261 2179 ’φλεγόμενον
284 2119 547 2181 Βαρὸαρικὸν
569 2120 640 2165 καὶ
673 2120 719 2166 τὸ
746 2122 1010 2186 Βαρὸαρικὸν
1033 2124 1283 2183 καλούμενον

1 2182 3 2204 ἰ
59 2214 62 2223 ι
78 2185 243 2249 έλαγος,
265 2190 306 2232 ἐν
326 2182 359 2250 ᾧ
383 2188 529 2234 κόλποι
547 2207 590 2234 τε
614 2190 777 2241 πλείους
796 2191 873 2236 εἶσὶ
892 2191 962 2236 καὶ
986 2194 1022 2237 οἱ
1048 2193 1189 2254 δρόμοι
1214 2199 1286 2251 τῆς

6 2282 18 2298 ψ
35 2279 40 2304 ;
65 2257 303 2317 ἀλουμένης
321 2257 525 2311 Ἀζανίας.
596 2259 683 2305 Καὶ
706 2263 865 2323 πρῶτος
880 2261 953 2322 μὲν
970 2265 1049 2306 τῶν
1068 2264 1284 2323 ἐπισήμων

24 2324 49 2382 ἐξ
70 2325 191 2376 όλπος
215 2325 323 2370 ἐστὶν
348 2327 388 2370 ἐν
414 2327 527 2388 αὐτῷ
546 2329 567 2371 ὃ
590 2327 841 2387 καλούμενος
858 2329 1082 2387 Ἀπόκοπα,
1104 2324 1174 2376 εἶθ’
1194 2331 1285 2387 ἑξῆς

79 2394 187 2456 ικρὸς
208 2394 405 2456 Αἰγιαλὸς
428 2395 499 2440 καὶ
521 2395 672 2460 μέγας,
697 2401 787 2456 μεθ’
808 2397 875 2449 οὒς
892 2397 1024 2461 ἕτερος
1043 2399 1191 2452 κόλπος
1210 2401 1282 2461 με’-

71 2482 117 2515 ας
138 2463 261 2525 μέχρι
293 2469 362 2510 τοῦ
389 2464 572 2511 Ῥαπτοῧ
599 2467 872 2529 ἀκρωτηρίου.
943 2469 1063 2514 Μετὰ
1088 2469 1130 2514 δὲ
1153 2471 1282 2515 ταῦτα

47 2529 49 2531 ’
86 2533 288 2592 λεγομένη
324 2537 511 2596 Βραχεῖα
537 2535 728 2581 θάλασσα
755 2537 825 2581 καὶ
863 2541 883 2582 ὃ
917 2537 1011 2600 περὶ
1051 2537 1177 2593 αὐτὴν
1201 2539 1283 2598 μέ-

11 2614 14 2617 *
59 2603 176 2656 ιστος
192 2605 341 2657 κόλπος
355 2641 365 2661 ,
386 2607 509 2669 ὅνπερ
531 2609 686 2651 οἰκοῦσι
708 2606 910 2671 βάρὸαροι
931 2607 1279 2671 Ἀνθρωποφάγοι.

2 2694 3 2698 ’
42 2671 114 2721 Ἕν
141 2674 180 2719 δὲ
205 2676 263 2737 τῷ
287 2674 395 2719 τέλει
418 2679 490 2720 τοῦ
512 2676 667 2721 κόλπου
695 2679 828 2721 κεῖται
851 2677 897 2721 τὸ
922 2676 1114 2738 μέγιστον
1140 2680 1283 2740 ἀκρω-

11 2691 198 2806 ἒτήριον,
238 2744 259 2788 ὃ
293 2745 483 2790 καλεῖται
523 2746 692 2807 Πράσον
724 2745 867 2808 ἄκρον,
910 2747 980 2792 καὶ
1003 2747 1278 2802 ἡΜενουθιὰς

15 2794 161 2871 «ἓνῆσος
183 2815 228 2858 οὗ
249 2813 388 2876 πόρρω
412 2819 484 2860 τοῦ
507 2814 766 2877 ἀκρωτηρίου
791 2815 1070 2877 τυγχάνουσα.

106 2898 160 2930 14.
202 2882 286 2928 Καὶ
306 2886 331 2938 ἡ
358 2882 432 2942 μὲν
456 2883 532 2940 ὅλη
562 2883 668 2936 θέσις
687 2884 758 2929 καὶ
782 2885 1015 2947 περιγραφὴ
1038 2889 1117 2931 τῶν
1142 2885 1278 2939 δεξιῶν

28 2955 174 3014 ’μερῶν
204 2957 273 2997 τοῦ
308 2970 350 2996 τε
382 2952 575 3014 Ἀραδίου
599 2953 755 2999 κόλπου
780 2954 849 2999 καὶ
871 2958 942 3010 τῆς
975 2956 1179 3016 Ἐρυθρᾶς
1202 2959 1278 2999 θα-

12 3020 196 3118 ξλάσσης
218 3021 289 3066 καὶ
319 3022 534 3083 προσέτιγε
560 3027 628 3068 τοῦ
655 3023 828 3069 Ἰνδικοῦ
853 3023 1056 3085 πελάγους
1079 3028 1149 3069 τοῦ
1178 3022 1279 3085 πρὸς

3 3089 112 3161 ,ἐι-ἢν
138 3090 401 3154 μεσημὸρίαν
424 3091 738 3150 ἀποκλίνοντος,
756 3097 898 3138 τοῦτον
921 3092 1091 3154 ἔχειτὸν
1109 3092 1276 3155 τρόπον·

18 3157 90 3222 *fult
113 3159 154 3204 δὲ
177 3160 285 3205 κατὰ
308 3159 428 3222 μέρος
447 3159 554 3206 οὕτω
578 3180 664 3213 πως
684 3161 785 3223 ἔχει·
972 3161 981 3169 ’

24 3233 27 3238 ζ
374 3230 552 3291 [Λείπει
570 3231 620 3276 τὰ
648 3230 755 3277 κατὰ
775 3231 943 3293 μέρος.]

41 2458 50 2467 ,.

25 3354 139 3415 3111——
162 3375 199 3403 1.
229 3361 482 3417 Τρωγλοδικὴ
503 3363 598 3405 cod.
629 3364 780 3417 11-6,
803 3363 824 3403 ὁ
849 3363 1138 3418 Αὖαλίτης]
1167 3363 1187 3403 ὁ
1212 3362 1277 3402 αὖ·

12 3415 103 3474 ,ξὲῗτὸς
119 3423 213 3466 cod.
231 3432 272 3465 et
290 3424 406 3466 editt.
436 3426 451 3480 Η
471 3450 527 3457 —-
546 3443 586 3480 9.
607 3427 643 3466 οἱ
666 3425 829 3466 Αὔλῖται
849 3425 960 3475 cod.;
982 3441 1063 3466 em.
1085 3425 1275 3466 Hudson.

17 3482 61 3540 {ss
87 3509 144 3517 —-
172 3502 213 3540 9.
245 3487 473 3528 Μοσσουλοὶ
493 3489 608 3538 cod.;
640 3486 1030 3537 Mdculovslaudato
1049 3487 1275 3535 Marciano,

8 3540 268 3602 *istephanus
282 3551 378 3604 Byz.
398 3564 431 3590 s,
457 3564 515 3600 v.,
537 3551 640 3590 sicut
663 3549 905 3591 Ptolemaeus
930 3549 1006 3599 IV,
1032 3563 1073 3602 7.
1095 3547 1161 3591 Cf.
1188 3557 1275 3589 not.

40 3609 93 3650 ad
119 3605 330 3666 Anonym.
357 3613 508 3667 Peripl.
532 3628 587 3654 m.
608 3615 680 3653 Er.
700 3615 721 3665 S
742 3626 791 3653 10
816 3626 858 3665 p.
886 3610 981 3651 265.

7 3667 19 3717 ⁵.
96 3675 118 3725 S
146 3678 210 3723 12,
232 3673 260 3713 Ι.
283 3687 349 3714 12.
366 3673 417 3714 τὸ
454 3674 753 3730 ἀκρωτήριον
771 3675 785 3728 ]
804 3674 1038 3714 Marcianus
1052 3673 1281 3713 accuratius

8 3724 20 3773 ΪῘ
41 3736 375 3790 promontorium
405 3735 577 3778 definire
596 3736 760 3787 debuit;
788 3738 926 3790 itaque
945 3735 1007 3775 vel
1030 3735 1281 3790 excerptoris

6 3801 22 3846 ἦ
40 3796 103 3837 vel
141 3797 406 3839 librariorum
446 3799 565 3855 culpa
601 3813 752 3839 nomen
794 3796 881 3851 ejus
914 3795 1127 3837 exciderit.
1167 3797 1183 3851 Η
1226 3821 1283 3827 --

15 3880 32 3909 3
44 3871 109 3914 17.
129 3859 395 3916 ἀναχεομένην
412 3861 524 3912 cod.;
543 3877 623 3903 em.
639 3860 828 3902 Hudson.
849 3860 864 3914 Η
880 3883 936 3890 —-
952 3873 1017 3912 19.
1036 3858 1281 3914 ὓπάρχουσαν

25 3921 154 3972 lcod.;
176 3937 256 3963 em.
280 3922 410 3965 Huds.
430 3924 446 3978 Η
465 3948 522 3955 -
541 3937 610 3965 2ο.
632 3923 810 3963 διατείνει
826 3921 961 3971 editt.;
976 3921 1144 3973 διατείνη
1162 3921 1274 3970 cod.;

18 3975 140 4038 [sort.
178 3993 341 4040 praestat
373 3987 620 4036 διατείνεται,
666 3999 797 4039 quum
827 3984 869 4023 in
903 3991 1058 4024 antece.
1098 3982 1276 4023 mediam

794 154 1087 211 PERIPLUS
1121 163 1308 210 MARIS
1341 165 1583 256 Ex'rtjlm.
1622 168 1800 215 LIBER
1835 170 1874 215 t.

2505 199 2592 236 5223

1365 273 1568 330 glodytica
1590 278 1703 330 regio
1737 285 1798 318 est
1818 277 1939 332 longe
1968 289 2158 331 extensa3
2183 283 2410 338 porrigitur
2427 284 2538 327 enim
2560 294 2598 326 et

1358 359 1477 414 juxta
1495 363 1629 417 ipsum
1654 363 1878 405 Arabicum
1895 366 2032 407 sinum
2054 375 2094 408 et
2119 366 2238 421 juxta
2258 370 2447 412 Rubrum
2466 386 2594 424 mare,

1363 448 1476 502 quod
1499 458 1593 504 post
1615 451 1781 493 Arabici
1802 454 1916 494 sinus
1934 456 2085 496 ostium
2102 458 2302 511 sequitur.
2363 460 2454 500 Hoc
2473 462 2598 514 igitur

1364 550 1477 578 mare
1512 539 1902 595 circumnaviganti,
1930 544 2110 599 itemque
2131 559 2154 585 a
2175 544 2319 587 dextra
2341 555 2491 588 terram
2517 549 2596 610 *ha-

1361 623 1474 665 benti
1498 627 1656 680 primus
1679 630 1860 670 occurrit
1889 631 2071 672 Aualites
2090 633 2204 674 sinus
2226 634 2269 674 in
2298 633 2453 676 dextris
2470 638 2595 678 maris

1362 713 1492 754 Rubri
1516 715 1717 769 partibus.
1777 719 1900 759 Hunc
1921 719 2105 774 praedicti
2127 722 2389 778 Troglodytae
2407 724 2596 766 accolunt

1360 810 1399 842 et
1421 803 1569 844 Aulitae
1596 805 1845 861 insuperque
1862 809 2029 864 Mossyli
2049 818 2200 863 gentes.

1422 910 1487 937 12.
1521 899 1758 952 Egredienti
1799 910 1935 943 autem
1975 905 2111 944 sinum
2144 898 2365 950 Arabicum
2403 917 2442 948 et
2482 924 2593 952 mare

1360 968 1548 1009 Rubrum
1579 971 1595 1022 (
1610 971 1723 1025 quod
1738 973 1935 1027 paulatim
1954 984 2046 1029 post
2068 977 2204 1017 sinum
2238 978 2350 1019 hunc
2366 978 2486 1034 juxta
2500 985 2592 1022 Mo-

1357 1042 1487 1096 sylum
1531 1047 1864 1099 promontorium
1897 1049 1940 1088 in
1975 1051 2179 1103 augustias
2212 1054 2408 1108 cogitur)
2451 1069 2593 1097 occur·

1357 1115 1412 1155 rit
1430 1115 1623 1158 Indicum
1654 1119 1834 1173 pelagus,
1859 1120 1978 1174 longe
2000 1121 2160 1177 lateque
2195 1134 2459 1178 porrectum;
2495 1143 2591 1170 nam

1358 1188 1616 1243 longitudine
1638 1194 1833 1247 pertingit
1857 1209 1994 1235 versus
2021 1197 2115 1237 solis
2138 1206 2275 1239 ortum
2298 1190 2427 1255 usique
2456 1201 2506 1242 ad
2529 1204 2590 1244 Si·

1356 1276 1505 1302 narum
1531 1272 1709 1316 gentem,
1735 1267 1855 1306 sitam
1890 1268 1933 1307 in
1955 1268 2102 1309 ultimo
2135 1270 2304 1312 habitati
2328 1273 2440 1314 orbis
2462 1274 2590 1316 limite

1357 1335 1474 1389 juxta
1496 1345 1647 1378 terram
1684 1339 1922 1380 orientalem
1947 1342 2214 1395 incognitam,
2248 1345 2464 1388 latitudine
2495 1364 2591 1390 vero

1360 1409 1577 1451 meridiem
1609 1425 1748 1452 versus
1769 1412 1890 1466 longe
1912 1412 2164 1455 diffunditur
2193 1430 2324 1470 usque
2346 1418 2398 1458 ad
2424 1420 2590 1461 alteram

1356 1492 1507 1525 terram
1541 1486 1807 1540 incognitam,
1831 1502 1921 1542 quae
1944 1489 2130 1531 meridiei
2153 1490 2349 1545 subjacet,
2374 1493 2445 1534 ubi
2479 1509 2592 1535 mare

1355 1559 1555 1600 Prasodes
1577 1561 1822 1616 appellatum
1847 1563 1863 1615 (
1882 1562 2017 1603 Indici
2038 1563 2206 1618 quidem
2226 1566 2356 1620 pelagi
2375 1581 2483 1621 pars,
2512 1569 2592 1609 hoc

1356 1646 1455 1672 vero
1477 1647 1708 1686 cognomen
1746 1635 1936 1675 sortitum
1968 1650 1991 1676 a
2014 1637 2183 1691 colore)
2206 1638 2443 1680 extenditur
2469 1639 2590 1694 J‘uxta

1354 1711 1482 1744 totam
1508 1705 1615 1746 hanc
1641 1715 1793 1746 terram
1832 1707 2143 1749 meridionalem
2178 1701 2430 1764 incognitam
2461 1726 2590 1767 usque

1354 1779 1406 1819 ad
1433 1781 1650 1822 orientem.

1417 1856 1480 1896 13.
1514 1858 1612 1897 Post
1646 1858 1835 1899 Rubrum
1879 1860 2003 1913 igitur
2038 1875 2152 1901 mare
2187 1876 2328 1902 versus
2375 1863 2589 1906 meridiem

1354 1929 1548 1980 flectenti,
1570 1939 1610 1971 et
1628 1931 1814 1972 similiter
1833 1947 1856 1972 a
1877 1932 2020 1973 dextra
2042 1942 2193 1974 terram
2212 1935 2380 1977 habenti
2410 1940 2590 1979 occurrit

1352 2015 1471 2041 mons
1497 2001 1672 2056 Elephas
1704 2011 1743 2043 et
1777 2005 1890 2057 regio
1931 2005 2228 2057 Aromatifera3
2253 2016 2345 2061 post
2370 2023 2494 2062 quam
2530 2025 2590 2071 se-

1356 2077 1498 2130 quitur
1517 2092 1615 2131 gens
1628 2078 1846 2119 Barbarica
1866 2079 2063 2133 appellata
2079 2089 2118 2119 et
2133 2081 2299 2134 pelagus
2322 2083 2587 2124 Barbaricum

1351 2148 1526 2199 dictum,
1547 2151 1590 2189 in
1607 2164 1691 2203 quo
1708 2151 1846 2204 plures
1865 2160 1962 2190 sunt
1978 2153 2091 2191 sinus
2106 2160 2147 2191 et
2166 2167 2309 2193 cursus
2324 2169 2427 2208 quos
2443 2166 2590 2197 vocant

1352 2222 1531 2262 Azaniae.
1591 2223 1644 2261 Et
1677 2223 1838 2283 primus
1869 2222 2039 2276 quidem
2076 2238 2124 2262 ex
2163 2225 2335 2265 sinubus
2367 2226 2455 2280 ejus
2490 2229 2589 2268 insi-

1351 2295 1566 2348 gnioribus
1585 2303 1852 2349 nuncupatur
1873 2298 2095 2351 Apocopa;
2121 2295 2271 2336 exinde
2291 2299 2478 2352 sequitur
2495 2313 2588 2354 par-

1351 2383 1448 2408 vum
1470 2368 1584 2407 littus
1606 2376 1646 2408 et
1681 2382 1902 2422 magnum;
1928 2377 2016 2408 tum
2041 2369 2141 2412 alius
2175 2371 2288 2413 sinus
2321 2385 2492 2425 magnus
2513 2384 2586 2413 'us-

1350 2454 1430 2494 que
1452 2439 1504 2480 ad
1530 2440 1738 2494 Rhaptum
1761 2441 2110 2495 promontorium.
2170 2443 2268 2481 Post
2291 2441 2378 2483 haec
2397 2451 2457 2483 est
2474 2457 2587 2486 mare

1350 2512 1463 2567 quod
1483 2515 1613 2553 Breve
1632 2512 1801 2563 dicitur,
1820 2522 1859 2554 et
1880 2514 2084 2553 maximus
2106 2515 2148 2553 in
2172 2528 2220 2555 eo
2240 2515 2352 2555 sinus
2379 2530 2503 2570 quem
2521 2532 2586 2558 ac-

1350 2587 1490 2628 colunt
1522 2586 1685 2627 barbari
1721 2587 2079 2642 Anthropophagi.

1350 2662 1462 2701 sinus
1488 2659 1611 2714 hujus
1628 2655 1854 2700 maximum
1875 2668 1935 2700 est
1956 2660 2289 2715 promontorium
2313 2661 2427 2716 quod
2449 2664 2586 2718 appel-

2141 2590 2189 2627 In
2231 2596 2415 2630 extremo
2447 2599 2584 2632 autem

1350 2734 1457 2774 latur
1488 2735 1659 2774 Prasum
1684 2741 1729 2787 οἱ,
1750 2733 1880 2773 insula
1904 2733 2139 2773 Menuthias
2162 2747 2247 2774 non
2269 2733 2387 2788 longe
2415 2749 2436 2775 a
2461 2735 2586 2776 Praso

1349 2808 1636 2862 promontorio
1659 2806 1828 2847 distans.

1410 2887 1475 2931 14.
1509 2885 1643 2937 Atque
1661 2881 1856 2936 generalis
1875 2881 2044 2935 quidem
2063 2882 2165 2921 situs
2187 2873 2231 2922 et
2242 2881 2463 2937 descriptio
2485 2883 2584 2924 dex-

1351 2959 1508 2991 trarum
1530 2950 1710 3005 partium
1734 2957 1774 2989 et
1796 2949 1910 2989 sinus
1934 2948 2097 2989 Arabici
2116 2957 2156 2989 et
2175 2949 2306 2990 Rubri
2322 2950 2460 3000 maris,
2480 2965 2583 3005 prae-

1350 3029 1462 3062 terea
1484 3028 1524 3061 et
1541 3019 1674 3061 Indici
1696 3019 1840 3074 pelagi,
1859 3018 1972 3073 quod
1991 3018 2204 3059 meridiem
2224 3033 2362 3059 versus
2384 3021 2580 3069 excurrit,

1348 3091 1400 3131 ad
1419 3091 1548 3131 ‘hunc
1581 3088 1752 3129 modum
1788 3102 1830 3127 se
1857 3087 2004 3136 habet;
2047 3101 2137 3141 quae
2180 3101 2276 3127 vero
2309 3087 2580 3140 particulatim

1346 3159 1596 3201 recensenda
1614 3159 1799 3206 veniunt,
1820 3157 1900 3196 hoc
1920 3156 2003 3196 fere
2020 3155 2145 3196 modo
2166 3168 2174 3196 :

1477 3229 1490 3282 [
1506 3224 1782 3268 particularis
1798 3238 1877 3263 orte
1905 3222 2128 3278 descriptio
2145 3222 2415 3263 desideratur.
2436 3225 2453 3278 ]

1349 3361 1461 3402 verbi
1483 3360 1656 3400 formam
1679 3356 1842 3398 habeas.
1877 3356 1891 3408 ΙΙ
1919 3379 1975 3385 -
1997 3368 2065 3395 22.
2088 3354 2332 3409 ὑπάρχουσαν
2362 3353 2474 3405 cod.;
2497 3370 2578 3396 em.

1348 3423 1496 3464 Miller.

1405 3487 1427 3537 S
1449 3488 1515 3534 13,
1532 3482 1558 3522 l.
1579 3495 1646 3535 27.
1673 3479 1946 3534 Ἅρματοφόρος
1961 3477 2055 3519 cod.
2075 3478 2227 3532 11-29.
2246 3478 2397 3532 δρόμοι.
2415 3479 2470 3518 V.
2489 3487 2577 3519 not.

1350 3546 1401 3588 ad
1418 3549 1553 3588 Anon.
1573 3558 1675 3583 mar.
1695 3542 1863 3597 Erythr.
1886 3544 1906 3593 ἓ
1927 3540 1973 3581 15
1991 3555 2034 3596 p.
2051 3545 2147 3594 269.
2176 3541 2191 3594 ΙΙ
2209 3564 2265 3571 -
2281 3541 2350 3581 31.
2373 3539 2576 3583 Ἀπόκοπα.

1351 3613 1594 3663 Anonymus
1616 3620 1658 3660 p.
1679 3607 1758 3646 268
1779 3605 1885 3644 inter
1910 3602 2024 3658 μικρὰ
2048 3612 2088 3644 et
2110 3602 2262 3658 μεγάλα
2289 3600 2477 3644 Ἀπόκοπα
2498 3603 2580 3643 dis-

1347 3671 1510 3724 tinguit.
1526 3670 1674 3709 Noster
1692 3681 1787 3707 cum
1813 3665 2034 3706 Ptolemaeo
2050 3665 2155 3705 hanc
2174 3664 2479 3706 distinctionem
2496 3679 2578 3704 non

1347 3732 1557 3773 admisisse
1597 3727 1824 3769 censendus
1846 3735 1921 3768 est.
1952 3727 1968 3780 ΙΙ
1996 3751 2053 3758 -
2072 3727 2141 3767 33.
2170 3724 2334 3767 Ῥάπτου
2366 3725 2459 3766 cod.
2483 3726 2498 3778 ll
2524 3749 2580 3755 —

1350 3794 1416 3847 37.
1449 3790 1685 3836 Μενουνθίας
1706 3788 1799 3830 cod.
2383 3849 2392 3857 ⁹
2444 3848 2452 3857 .

1405 3858 1425 3906 5
1453 3857 1516 3903 14,
1536 3853 1563 3893 l.
1586 3853 1655 3901 43.
1673 3851 1963 3892 Particularem
1981 3866 2062 3891 01·ae
2086 3851 2248 3904 Libycae
2263 3848 2578 3902 descriptionem

1350 3917 1445 3957 inde
1460 3916 1510 3956 ab
1530 3915 1676 3954 intimo
1693 3914 1806 3954 sinus
1835 3913 1999 3954 Arabici
2023 3925 2183 3952 recessu
2202 3924 2331 3964 usque
2353 3909 2404 3950 ad
2431 3911 2577 3950 Menu-

1349 3978 1528 4020 thiadem
1547 3977 1716 4032 insulam
1741 3985 1956 4031 excerptor
1975 3983 2114 4015 noster
2142 3974 2306 4014 missam
2333 3972 2441 4023 fecit,
2460 3972 2576 4013 sicuti
