2756 4354
116 228 306 266 mxlv
469 197 518 241 .

115 336 214 396 ipse
233 344 418 393 quoque
436 330 733 375 Artaxerxem
751 321 926 368 Ochum
950 335 976 366 a
998 317 1202 364 luciano
1223 315 1346 363 indi·

116 407 210 453 cari
228 414 398 460 censet,
418 401 651 463 verbaque
662 397 729 445 ini
744 399 826 442 τῶν
841 393 1030 454 πατέρων
1046 393 1192 437 ίαυτοῦ
1210 405 1348 438 sensu

117 483 292 528 laxiore
328 482 667 539 interpretaur,
718 471 832 518 adeo
861 479 914 516 ut
943 466 1174 515 indicetur
1207 467 1347 513 trium

117 556 377 603 seculorum
419 552 641 614 spatium,
674 546 796 606 quod
817 547 935 591 inter
958 541 1127 589 isidori
1148 551 1194 588 et
1222 542 1351 588 Arta·

115 630 271 678 xerxis
286 640 491 689 tempora
515 620 778 669 intercedat.
803 618 891 664 Sed
914 627 965 664 ut
981 618 1156 663 mittam
1175 631 1279 678 quoe
1292 616 1350 663 de

115 705 268 764 Bagoa
284 700 400 747 Ochi
413 697 701 745 interfectore
718 693 969 750 Diodorus,
986 691 1015 738 J
1020 691 1201 739 ustinus
1219 690 1277 748 X,
1300 692 1345 748 3,

116 779 317 827 AElianus
334 774 386 822 V.
409 774 462 820 H.
484 772 562 827 vl,
589 773 634 827 8,
651 770 856 817 Joannes
876 769 1192 832 ‚Antiochenus
1210 769 1270 815 fr.
1290 769 1348 814 38

117 869 209 900 uno
245 866 326 897 ore
360 848 584 903 referunt,
607 855 658 891 ut
689 845 865 891 mittam
899 845 1026 890 Arsa!
1060 842 1349 904 juventutem

119 943 222 975 cum
246 924 514 973 Artaxerxis
536 921 731 968 lsidorei
747 930 978 967 senectute
998 920 1081 965 vix
1102 918 1352 965 concilian-

117 1005 255 1051 dam:
281 1017 373 1064 quo
403 1000 584 1046 tandem
620 1007 753 1060 pacto
792 996 1069 1052 credideris,
1098 995 1351 1041 Lucianum

116 1077 342 1126 notissimi
358 1076 524 1122 Pei-sar
526 1090 601 1120 um
620 1074 743 1133 regis
762 1082 935 1118 aetatem
950 1081 1039 1117 tam
1059 1071 1230 1133 ineptis
1249 1085 1352 1116 ver·

116 1154 190 1200 bis
221 1151 530 1213 significasse,
569 1158 621 1195 ut
659 1163 795 1194 nemo
816 1146 940 1193 ullus
962 1149 1182 1208 temporis
1200 1155 1353 1191 notam

116 1243 173 1274 ex
194 1229 253 1274 iis
274 1227 442 1273 elicere
469 1224 651 1287 posset?
670 1222 819 1267 lmmo
847 1221 1051 1283 produnt
1079 1220 1175 1267 haec
1201 1235 1353 1280 regem

118 1304 316 1365 aliquem
333 1300 485 1347 notari
509 1297 843 1353 obscuriorem,
868 1295 1001 1357 cujus
1017 1305 1190 1341 aetatem
1213 1294 1357 1341 Isido-

121 1379 161 1424 ri
180 1375 337 1423 verbis
364 1372 668 1421 definiendam
693 1386 791 1418 esse
807 1371 1036 1417 Lucianus
1054 1370 1247 1417 censuit.
1272 1370 1355 1416 Sin

121 1468 224 1499 cum
239 1450 402 1497 Vossio
418 1451 506 1496 ista
527 1447 596 1493 ἐπὶ
612 1450 692 1493 τῶν
714 1446 904 1509 πατέρων
923 1446 981 1492 de
991 1458 1228 1507 parentum
1249 1456 1357 1491 tem·

122 1542 235 1591 pore
260 1524 558 1580 intellexeris,
575 1533 619 1569 et
642 1532 790 1568 tamen
814 1521 872 1567 de
891 1522 1015 1567 Ocho
1035 1536 1142 1581 rege
1163 1521 1355 1581 cogitari

121 1603 235 1650 vetis
252 1638 267 1663 ‚
290 1602 348 1648 ad
378 1601 559 1662 reliqua
592 1598 882 1645 incommoda
905 1597 1078 1644 accedit
1097 1597 1220 1659 quod
1243 1598 1362 1643 anti-

124 1676 439 1739 quioraliquis
453 1674 658 1721 lsidorus
668 1673 958 1719 Characenus
972 1674 1211 1733 lingendus
1226 1682 1358 1729 esset,

125 1752 206 1813 qui
229 1766 285 1798 eo
308 1751 410 1813 ipso
445 1761 648 1811 tempore
681 1749 851 1794 vixerit
874 1764 966 1808 quo
994 1748 1177 1794 Charax
1207 1747 1318 1794 urbs
1338 1763 1365 1792 a

125 1829 294 1877 Pasine
328 1829 429 1875 sive
464 1828 708 1890 llispasine
727 1826 1028 1873 condebatur.
1057 1825 1191 1879 Quod
1216 1839 1357 1884 quum

126 1920 275 1968 perse
299 1904 607 1968 improbabile
628 1914 721 1960 est,
748 1914 842 1949 tum
864 1902 1043 1948 admitti
1067 1901 1229 1962 nequit
1251 1901 1291 1946 si
1309 1915 1364 1945 ex

126 1981 288 2030 eodem
311 1981 494 2029 Isidoro
519 1981 706 2027 fluxisse
722 1995 823 2025 cum
855 1978 1110 2035 Dodwello,
1128 1977 1365 2023 Santicru·

128 2059 220 2117 cio,
249 2058 354 2105 aliis
372 2059 585 2105 statueris
605 2072 708 2118 quae
726 2056 944 2138 deinceps
967 2054 1088 2117 apud
1112 2053 1363 2100 Lucianum

128 2136 343 2196 leguntur
364 2134 543 2181 haecce.

192 2212 561 2274 Σινατροκλῆς
588 2210 629 2255 δὲ
667 2212 689 2255 ὁ
713 2208 1035 2271 Παρθυαίων
1071 2206 1262 2270 βασιλευς
1282 2207 1368 2259 ἔτος

127 2285 402 2349 ὀγδοηκοστον
434 2284 515 2342 ἤδη
544 2282 719 2347 γεγονὼς
753 2283 836 2329 ἀπὸ
872 2282 1161 2345 Σακαυράκων
1195 2283 1366 2329 Σκυθῶν

127 2358 348 2423 καταχθεὶς
367 2358 600 2422 βασιλεύιιν
615 2358 768 2419 ἤρξατο
790 2356 859 2403 καὶ
878 2357 1143 2403 ἔὸασίλευσιν
1154 2356 1227 2412 ἔτη
1244 2355 1365 2404 ἑπτά.

131 2435 215 2481 Hic
231 2445 300 2482 est
322 2435 513 2481 Arsaces
535 2432 597 2479 Xl
618 2432 673 2496 (†
691 2434 751 2479 68
770 2448 812 2478 a.
841 2431 929 2494 C.),
944 2433 1025 2492 qui
1047 2432 1261 2495 Σίντρικος
1283 2447 1370 2478 vo-

131 2521 258 2557 catur
280 2526 355 2572 ap.
383 2510 582 2571 Appian.
605 2508 814 2557 Mithrid.
850 2509 924 2554 15.
950 2514 1049 2560 104.
1074 2508 1144 2553 Cf.
1166 2508 1373 2554 Mionnet

135 2589 286 2630 Descr.
307 2584 362 2642 V,
384 2599 432 2645 p.
469 2584 579 2629 653.
607 2583 788 2643 Scythae
811 2582 882 2629 illi
916 2581 1186 2643 Σακάραυλοι
1208 2598 1373 2628 vocan-

133 2672 209 2707 tur
224 2676 299 2722 ap.
328 2659 542 2705 Strabon.
570 2676 616 2721 p.
639 2660 689 2703 51
706 2675 744 2704 ι.

196 2736 468 2797 Τιγράνης
505 2737 545 2780 δὲ
581 2738 602 2779 ὃ
643 2734 915 2796 Ἀρμενίων
960 2732 1172 2794 βασιλεὺς,
1206 2734 1306 2796 πρὸς
1328 2733 1371 2780 ὃν

135 2811 391 2863 Λεύκουλλος
426 2810 656 2871 ἐπολέμησε
669 2845 681 2866 ,
721 2808 843 2855 πέντε
881 2810 950 2854 καὶ
983 2809 1230 2869 ὀγδοήκοντα
1270 2812 1372 2856 ἐτῶν

135 2885 327 2932 ζτιλιύτα
349 2885 474 2949 νόσῳ.

199 2962 531 3018 Ὗσπασίνης
566 2961 628 3022 δὲ,
666 2964 688 3006 ὁ
723 2960 961 3019 Χάρακος
985 2961 1072 3005 καὶ
1095 2964 1199 3005 κατ’
1225 2960 1371 3022 Ἐρυ-

135 3039 261 3101 Ορὰν
293 3038 473 3084 τόπων
499 3034 713 3099 βασιλεὺς,
751 3034 873 3081 niam
910 3036 979 3081 καὶ
1003 3036 1252 3096 ὀγδοήκοντα
1273 3040 1388 3101 ἐτῶν.

135 3112 315 3170 νοσήσας
340 3111 596 3169 ἰτιλιύτησι.

198 3191 414 3252 Τιραῖος
434 3189 478 3235 δὲ
501 3191 523 3235 ὁ
556 3189 647 3248 μιθ’
672 3186 931 3243 ’Υσπασίνην
963 3186 1094 3249 τρίτος
1126 3184 1372 3247 βασιλεύσας

138 3263 210 3312 δύο
231 3264 302 3311 καὶ
328 3262 570 3320 ἰνινήκοντσ
595 3261 705 3326 βιοὺς
727 3259 918 3309 tumn:
935 3261 1058 3324 νόσῳ.

200 3354 242 3403 Ἀ
257 3373 308 3419 ρτ
319 3354 345 3402 ἄ
358 3354 420 3401 ὅσ
433 3357 512 3410 ζος
530 3353 573 3400 tl
602 3356 624 3399 ὁ
661 3352 766 3413 μιτὰ
791 3352 961 3415 Τίραιον
983 3349 1154 3410 ledono<
1178 3348 1375 3412 βασιλεύ-

141 3448 215 3482 σας
238 3428 279 3483 ἓξ
297 3429 368 3476 καὶ
379 3430 631 3492 ὀγδοήκοντα
648 3430 748 3474 hcm
761 3426 980 3489 καταχθιὶς
999 3423 1081 3470 ἀπὸ
1099 3424 1194 3487 (ὑπὸ
1205 3425 1242 3483 P)
1257 3423 1376 3486 Πάρ-

1 3498 5 3499 ⁷
47 3531 89 3555 ,¹-
140 3507 220 3550 Θων
248 3503 502 3550 ἰὸασίλιυσι.

208 3577 314 3625 Καὶ
342 3577 552 3624 Μνασκί
567 3595 652 3638 ρης
687 3577 728 3622 δὲ
760 3574 949 3638 βασιλεὺς
974 3575 1223 3637 Παρθυαίων
1243 3573 1284 3628 ἓξ
1307 3573 1377 3619 καὶ

143 3650 385 3708 Inuitum-a
408 3651 548 3707 ἔζησεν
581 3651 669 3704 ἔτη.
692 3651 763 3697 Cs.
794 3650 1011 3696 Mionnet.
1030 3650 1183 3695 Descr.
1206 3652 1299 3696 vot.
1320 3647 1375 3708 V,

141 3743 192 3791 p.
230 3728 349 3785 663,
385 3727 460 3783 54.
498 3726 886 3772 Βαου1·Βοςὴειιε
917 3728 1108 3771 Journal
1148 3724 1225 3769 des
1260 3727 1374 3771 Sav.

133 3802 286 3859 ἰ836,
309 3817 359 3865 p.
396 3802 505 3847 26¹.

210 3876 316 3923 132.
343 3875 492 3936 Igitur
524 3890 687 3921 novem
709 3876 949 3920 minimum
980 3874 1197 3920 Characis
1227 3873 1375 3933 reguli

145 3951 331 3998 fuerunt
351 3965 499 4012 usque
517 3948 574 3996 ad
593 3959 767 3995 aetatem
786 3948 972 4005 isidori,
988 3964 1184 4010 quorum
1208 3963 1375 4004 nonus,

144 4024 406 4083 Artabazus,
417 4025 531 4087 quin
543 4024 660 4084 ipsis
669 4022 834 4071 Isidori
848 4034 933 4069 tem
939 4023 1131 4085 poribus
1141 4022 1210 4068 vel
1222 4021 1379 4082 paullo

1137 200 1613 252 PROLEGOMENA.

1418 328 1524 366 ante
1539 319 1825 380 regnaverit,
1846 317 1961 364 nihil
1977 327 2046 364 est
2062 317 2188 380 quod
2211 316 2448 380 impediat.
2469 316 2587 365 Prin
2614 343 2632 357 ›-

1419 409 1608 454 regum,
1646 393 1955 456 Hyspasines,
1986 407 2123 454 quem
2155 392 2296 452 vulgo
2318 391 2544 454 Spasinen
2574 390 2664 452 σοί

1419 470 1646 527 Pasinen,
1670 469 1929 531 urbemque
1944 467 2072 515 abeo
2087 478 2384 516 restauratam
2409 468 2559 515 Chara

1420 543 1622 607 Spasinu
1677 559 1759 591 seu
1802 544 1974 591 Pasinu
2011 554 2208 601 vocant,
2260 543 2446 605 quando
2488 544 2571 590 vix

1420 619 1674 667 eruendum
1709 630 1780 666 est
1817 635 1874 667 ex
1906 619 2066 666 Plinio
2105 618 2191 675 vl,
2222 619 2274 664 31
2322 619 2351 679 S
2392 620 2496 677 ι38,
2539 601 2693 686 ιι1ιίξῖἷῆι

1419 698 1582 741 Postea
1622 700 1815 740 oestetuit
1858 694 2135 755 (Characem
2161 694 2174 751 )
2212 693 2453 739 Antiochus
2483 700 2693 754 quintus

1420 787 1573 831 regum
1594 781 1640 817 et
1653 787 1733 816 suo
1751 775 1926 816 nome’ne
1946 772 2203 830 appellavit,
2223 774 2461 828 iterumque
2474 765 2696 827 Infesta-³³

1422 858 1512 893 tum
1536 850 1757 903 Pas-ines„
1765 862 1939 907 ,quem
1954 848 2074 892 Iuba
2083 857 2294 905 satrapen
2306 846 2511 891 Antioche·
2516 844 2690 903 suisa-³

1409 923 1542 981 salso
1571 925 1716 978 tmdie,
1745 932 1832 968 etc.
1850 927 1934 978 (v.
1963 936 2105 983 supra
2126 922 2387 983 p.1.xxx1).
2411 918 2465 967 ln
2488 920 2662 982 quibus

2673 810 2695 869 ’ρ’

1424 998 1570 1045 verba
1599 1000 1838 1044 Anu'ocleus
1855 1003 2032 1059 quintus
2056 1013 2209 1056 regum
2228 1012 2508 1060 magnopere
2530 879 2702 1047 νινε).Ξ

1424 1073 1583 1120 doctos
1605 1083 1850 1120 vexarunt.
1878 1071 1991 1119 Nam
2017 1071 2302 1119 Seleucidam
2325 1072 2537 1134 quintum
2560 1086 2662 1120 esse

1424 1149 1664 1195 Seleucum
1697 1147 1762 1194 111
1792 1148 2050 1194 Cei-aunum
2085 1146 2241 1208 ajunt,
2263 1146 2378 1193 adeo
2401 1155 2453 1193 ut
2474 1146 2534 1194 de
2561 1147 2661 1195 An-

1426 1224 1581 1271 tiocho
1604 1239 1710 1284 rege
1743 1222 1843 1284 ejus
1863 1222 2065 1269 nominis
2085 1222 2248 1283 quinto
2271 1220 2562 1282 cogitandum
2582 1222 2660 1270 sit.

1428 1300 1474 1347 ls
1493 1301 1633 1359 vulgo
1655 1310 1724 1345 est
1752 1298 2006 1345 Antiochus
2026 1298 2229 1360 Eupator
2257 1301 2270 1356 (
2289 1299 2499 1352 164-163
2519 1303 2549 1355 ).
2574 1297 2663 1346 Sed

1426 1391 1486 1422 ne
1500 1375 1623 1421 hunc
1641 1375 1829 1436 quidem
1854 1373 2034 1419 admitti
2052 1373 2229 1419 volunt.
2255 1372 2521 1421 Dodwellus
2539 1374 2664 1421 enim

1427 1454 1456 1498 l.
1479 1453 1510 1499 1.
1549 1466 1739 1511 regnum
1763 1450 1864 1511 ejus
1896 1450 2083 1497 brevius
2113 1450 2253 1496 fuisse
2285 1449 2417 1507 dicit,
2455 1466 2591 1511 quam
2614 1459 2668 1499 ut

1428 1529 1723 1576 restituendae
1763 1526 1870 1573 urbi
1899 1542 2088 1589 operam
2114 1541 2284 1573 navare
2317 1541 2397 1573 rex
2422 1527 2662 1589 potuisset.

1426 1605 1584 1667 Itaque
1603 1615 1833 1651 auctorem
1867 1603 2010 1650 Plinii
2040 1603 2191 1649 videri
2218 1602 2492 1665 Eupatorem
2526 1604 2668 1651 unius

1427 1682 1537 1727 anni
1562 1695 1714 1740 regem
1742 1678 2022 1739 neglexisse,
2058 1679 2364 1739 quintumque
2387 1677 2719 1740 Antiochum-4

1424 1757 1598 1803 dixisse
1616 1755 1801 1801 Sideten
1827 1754 2090 1815 (138-128).
2112 1752 2166 1798 Et
2190 1752 2278 1798 hoc
2309 1752 2497 1813 quidem
2530 1751 2632 1800 nihi
2697 1738 2722 1776 3⁴³¹

1425 1843 1508 1879 est.
1537 1831 1827 1892 Droysenius
1865 1844 1979 1875 vero
2011 1829 2310 1888 (Hellenism.
2347 1826 2411 1885 ll,
2450 1842 2496 1890 p.
2531 1830 2664 1884 710·

1427 1907 1704 1955 Antiochum
1723 1906 1997 1968 Eupatorem
2022 1914 2265 1967 propterea
2286 1919 2314 1950 a
2339 1903 2482 1950 Plinii
2506 1902 2643 1950 verh‘
2659 1895 2680 1959 J

1426 1985 1626 2031 alienum
1656 1998 1754 2029 esse
1796 1981 1999 2038 monuit,
2029 1979 2153 2041 quod
2182 1978 2281 2040 jam
2320 1977 2575 2025 Antiochus
2644 2019 2682 2041 Ι,

1427 2060 1688 2122 Epiphanes
1716 2074 1743 2104 a
1771 2060 1974 2105 Charace
1996 2072 2122 2103 oram
2154 2055 2337 2103 Arabiae
2361 2042 2683 2116 exquisivi

1429 2137 1627 2183 traditur
1666 2152 1741 2197 ap.
1769 2134 1891 2181 Plin.
1932 2134 2019 2190 vl,
2051 2134 2128 2179 28.
2160 2132 2322 2193 ltaque
2354 2132 2477 2178 hunc
2512 2131 2585 2193 ips

1429 2213 1709 2259 Antiochum
1731 2209 1974 2274 quartum(
1994 2210 2095 2268 175
2108 2211 2211 2271 164)
2238 2209 2435 2256 aPlinio
2453 2207 2638 2270 quint·
2669 2205 2675 2208 ’

1429 2290 1521 2336 dici
1558 2290 1843 2351 suspicatur;
1867 2287 1917 2334 id
1939 2302 2053 2333 vero
2075 2296 2128 2332 ut
2154 2286 2253 2332 fieri
2290 2285 2455 2346 possit,
2493 2284 2663 2331 auxil

1430 2365 1627 2411 advocat
1662 2363 1846 2410 titulum
1883 2363 2200 2410 Seleucensem
2234 2361 2320 2423 (C.
2354 2359 2402 2408 J.
2444 2370 2559 2409 tom.
2584 2358 2654 2409 11
2656 2343 2681 2383 ·’

1429 2458 1474 2503 p
1497 2441 1586 2486 215
1607 2440 1644 2502 )‚
1664 2439 1712 2486 in
1734 2455 1827 2502 quo
1844 2453 1984 2498 quum
2008 2438 2212 2497 legatur.
2235 2435 2307 2482 καὶ
2327 2434 2534 2484 Σελεύκου
2550 2437 2605 2484 K
2652 2477 2676 2496 ,

1428 2516 1586 2563 λινίκου
1614 2516 1686 2562 καὶ
1719 2516 1926 2563 Σελεύκου
1962 2516 2159 2575 Σωτῆρος
2194 2512 2265 2558 καὶ
2291 2511 2567 2575 Ἀντίοχου

1430 2590 1640 2652 Ἀντιόχου
1690 2590 1871 2651 μεγάλου
1910 2605 1921 2634 :
1966 2587 2240 2634 Antiochum
2270 2587 2422 2647 illum,
2458 2586 2539 2646 qui
2566 2601 2678 2648 Ρωῑ

1430 2667 1672 2712 Seleucum
1707 2663 1775 2709 111
1817 2663 2027 2724 sequitur
2063 2661 2249 2708 aliunde
2282 2676 2377 2708 non
2416 2670 2552 2707 notus
2587 2676 2664 2707 ιι

1432 2741 1560 2801 regio
1596 2741 1868 2801 cognomine
1891 2739 1941 2784 in
1963 2737 2051 2783 hoc
2074 2736 2208 2782 titulo
2226 2736 2500 2794 distinctus,
2531 2735 2610 2783 rui

1432 2824 1585 2863 censet
1611 2813 1789 2860 Seleuci
1811 2811 1880 2858 111
1906 2812 2051 2859 filium
2075 2812 2295 2873 aliquem,
2313 2811 2395 2872 qui
2419 2811 2541 2872 regis
2562 2811 2597 2858 ti
2647 2826 2678 2855 s

1433 2893 1526 2939 lum
1541 2906 1624 2954 per
1640 2890 1966 2937 brevissimum
1985 2889 2208 2950 temporis
2220 2887 2418 2950 spatium
2438 2886 2558 2948 gessi
2648 2879 2674 2898 ’ἑ

1432 2969 1497 3013 ita
1532 2977 1584 3012 ut
1607 2965 1862 3011 Antiochus
1892 2964 2083 3024 Magnus
2105 2973 2222 3010 esset
2248 2972 2439 3024 quartus
2453 2961 2555 3024 eJus
2578 2977 2628 3009 n
2643 2959 2648 2977 ⁵
2668 2965 2685 2969 ’

1435 3043 1598 3099 minis,
1644 3042 1906 3104 Epiphanes
1928 3056 2042 3087 vero
2072 3041 2262 3101 quintus
2299 3054 2398 3085 rex.
2421 3065 2481 3076 —
2505 3037 2608 3086 Hoc
2638 3059 2675 3086 ιι

1435 3117 1715 3178 probaveris,
1741 3116 1994 3161 verisimile
2013 3130 2105 3160 non
2126 3124 2194 3160 est
2219 3128 2383 3159 novem
2408 3113 2622 3173 regum,i
2678 3143 2679 3146 =

1437 3202 1504 3237 ter
1522 3208 1638 3253 quos
1658 3202 1750 3236 tres
1769 3202 1897 3236 erant
1918 3190 2141 3250 longaevi,
2180 3197 2388 3251 tempora
2404 3188 2591 3235 nonnisi
2613 3188 2673 3236 ld

1437 3267 1630 3325 Augusti
1668 3281 1811 3326 usque
1834 3276 2007 3311 aetatem
2040 3265 2295 3326 pertinere,
2321 3262 2434 3309 adeo
2457 3272 2507 3309 ut
2538 3277 2671 3311 men,-

1437 3343 1502 3388 tio
1524 3357 1683 3387 eorum
1709 3340 1767 3386 ab
1789 3340 1971 3387 isidoro
1998 3350 2157 3386 nostro
2178 3339 2328 3385 aliena
2343 3353 2441 3385 esse
2463 3348 2541 3385 aut
2563 3354 2602 3386 a·
2645 3366 2649 3377 ,
2669 3355 2677 3381 τ

1438 3418 1604 3465 Isidori
1641 3417 1869 3479 posterior
1915 3416 2135 3462 videatur.
2177 3418 2234 3462 At
2272 3414 2519 3477 Droysenii
2551 3430 2590 3462 r
2618 3409 2675 3454 52⁵³

1436 3494 1746 3548 artificiosior,
1768 3502 1896 3554 puto,
1916 3508 2051 3553 quam
2078 3492 2249 3537 verior.
2272 3490 2552 3547 Viscontius,
2574 3498 2643 3536 ιιι
2667 3544 2670 3546 v

1437 3572 1692 3630 Droysenio
1708 3567 2050 3629 disco‚Spasini
2068 3568 2189 3626 regis
2212 3566 2395 3612 initium
2417 3566 2476 3611 ad
2499 3579 2590 3612 ann

1439 3646 1534 3693 sere
1559 3645 1647 3690 252
1672 3660 1715 3692 a.
1748 3644 1802 3701 C,
1826 3643 2023 3704 ideoque
2052 3644 2107 3689 ad
2128 3645 2338 3688 Antioche·
2373 3646 2433 3689 ῙῙ
2447 3643 2534 3687 Dee·
2554 3650 2644 3687 tem

1438 3736 1555 3784 pora
1581 3720 1737 3766 refert.
1765 3723 2043 3778 Argumenta
2077 3718 2299 3764 viscontii
2323 3718 2516 3778 ignoro,
2545 3711 2677 3761 sed
2707 3739 2711 3742 -

1438 3811 1552 3842 vero
1573 3795 1782 3857 proxime
1802 3792 1959 3839 abesse
1980 3793 2057 3839 hic
2079 3803 2321 3855 computus
2340 3791 2453 3837 mihi
2471 3788 2579 3836 vide

1438 3870 1615 3917 Etenim
1638 3868 1890 3915 Antiochus
1907 3869 1947 3914 ll
1963 3875 2137 3929 quimus
2152 3884 2304 3928 regum
2322 3865 2445 3929 apud
2464 3863 2589 3911 Plini
2636 3887 2654 3922 5

1438 3946 1609 3992 dicitur
1628 3944 1785 3990 eodem
1812 3943 1947 3989 modo
1972 3960 2064 4005 quo
2087 3943 2278 4028 quintus
2300 3951 2367 3987 est
2386 3940 2435 3986 in
2459 3936 2681 4000 Porphy-

1439 4020 1583 4067 rianis
1618 4034 1774 4076 regum
1813 4019 2073 4078 laterculis,
2121 4017 2341 4065 nimirum
2379 4014 2569 4077 quintus
2602 4020 2652 4058 es
2753 4023 2756 4028 ⁴
