2782 4348
123 150 209 208 (27.)
1048 169 1129 215 DE
1161 172 1319 222 MARI
1353 167 1722 234 ERYTHRAEO.

0 238 6 257 Ξ
54 261 103 299 at.
121 257 191 297 τοῦ
209 255 375 318 σιδήρου
396 260 489 304 κατ’
503 261 656 307 ἐκεῖνον
671 261 741 308 τὸν
758 263 903 326 χρόνον
928 268 1171 331 ἓγνωρίσθαι
1185 275 1345 336 χρείαν,

27 321 29 324 ⁴
117 322 220 366 ὀστᾶ
235 323 278 369 δὲ
298 324 520 388 ἀνθρώπων
538 327 692 374 ἄπιστα
708 333 767 392 τῷ
785 332 950 395 πλήθει)
968 339 1203 397 πτωμάτων
1221 342 1348 406 (ὅπερ
1415 382 1499 410 non
1515 376 1636 426 pauci
1656 377 1699 416 in
1715 380 1915 422 cuniculis
1940 383 2017 425 illis
2035 386 2135 428 laxis
2157 399 2198 431 et
2220 402 2435 441 crustaceis
2454 406 2469 455 (
2490 415 2535 446 ut
2556 409 2642 452 fiem

0 392 1 396 ’
55 424 59 426 -
116 389 222 442 εἰκὸς
239 393 418 452 γίνεσθαι
440 396 455 454 )
479 396 553 440 οὐκ
574 396 720 458 ὀλίγων
742 401 784 444 ἐν
799 406 882 452 τοῖς
900 403 1067 463 χαύνοις
1085 407 1156 453 καὶ
1174 411 1349 456 πλακώ-

117 459 223 504 &ww
258 461 473 520 ὑπονόμοις
494 464 739 524 γενομένων,
773 471 1002 524 τηλικαῦτα
1028 473 1072 519 δὲ
1098 478 1343 539 ὀρυγμάτων
1413 451 1626 503 probabile
1660 467 1721 499 est
1752 465 1769 514 )
1806 465 2154 520 opprimerentur,
2193 482 2234 514 et
2266 483 2375 520 tanta
2412 482 2642 532 fodinarum

2557 234 2638 272 129

1417 288 1573 348 luerat)
1587 303 1628 336 et
1642 311 1733 339 ossa
1746 298 1965 344 hominum
1978 306 2208 352 incredibili
2222 317 2498 376 multitudine,
2516 343 2641 382 quum

67 537 87 566 5
113 528 288 588 μεγέθη,
309 529 379 573 καὶ
399 531 650 578 διατείνοντα
675 534 842 596 βάθεσιν
861 540 1113 603 ἐπικαρσίοις
1133 547 1197 591 ἐπ’
1216 549 1344 606 αὐτὴν

89 594 183 651 ’τὴν
210 596 438 645 θάλασσαν.

167 679 224 709 3ο.
249 663 348 711 ‘'sz
370 667 484 729 παρὰ
505 670 579 725 τὴν
602 673 730 718 νότιον
749 677 821 730 τ’ἦς
836 676 1050 739 Αἰγύπτου
1078 683 1212 730 κλίσιν
1236 685 1335 732 τέσ-

104 732 211 793 σαρά
233 735 319 779 ἐστι
336 738 444 798 φῦλα
463 737 515 783 τὰ
534 739 734 802 μέγιστα,
752 743 798 789 τὸ
815 745 889 804 μὲν
909 749 993 801 τοῖς
1005 756 1206 812 ποταμοῖς
1224 774 1338 819 παρ-

36 819 38 821 ’
102 801 356 862 εζευγμένον,
382 804 577 867 ὃσπείρει
598 808 785 868 σήσαμον
805 814 876 859 καὶ
899 815 1089 879 κέγχρον,
1111 820 1157 866 τὸ
1178 823 1220 868 δὲ
1243 826 1337 887 περὶ

23 882 77 913 ’Ῑο
100 867 170 920 τὰς
188 870 334 929 λίμνας
348 876 497 931 οἰκοῦν,
516 876 537 922 ὃ
556 883 625 923 τοῦ
646 881 837 941 καλάμου
860 885 933 943 καὶ,
953 891 1025 943 τῆς
1042 887 1140 946 ὕλης
1157 891 1334 939 ἅπτεται

97 939 169 991 τῆς
183 937 370 1002 ἁπαλῆς,
396 942 441 987 τὸ
462 942 504 989 δὲ
528 947 618 1008 εἰκῇ
643 949 930 1013 πλανώμενον,
964 954 985 999 ὃ
1005 958 1128 1019 σαρκὶ
1156 962 1227 1005 καὶ
1251 962 1332 1023 γά-

97 1006 217 1052 λακτι
250 1012 526 1073 παραπέμπει
549 1015 617 1061 τὸν
660 1018 766 1079 βίον,
791 1021 838 1066 τὸ
874 1022 916 1068 δὲ
947 1026 993 1070 ἐκ
1025 1031 1099 1083 τῆς
1125 1031 1333 1093 παραλίας

93 1076 328 1138 ὁρμώμενον
352 1082 443 1135 τοὺς
467 1084 609 1146 ἰχθύας
633 1090 820 1151 ἀγρεῦον.

154 1163 210 1195 31.
233 1152 366 1197 Τοῦτο
385 1152 426 1197 δὲ
453 1155 500 1199 τὸ
519 1155 631 1215 γένος
652 1157 737 1219 ἔχει
758 1161 832 1220 μὲν
857 1162 948 1209 οὔτε
970 1166 1106 1219 πόλεις
1126 1168 1217 1216 οὔτε
1234 1171 1327 1233 χώ-

0 1248 1 1251 ¹
27 1227 64 1258 15
91 1233 162 1275 ρας
185 1216 268 1262 οὔτ’
295 1221 421 1277 ἄλλης
443 1224 631 1287 ἓντέχνου
657 1235 915 1285 κατασκευῆς
938 1235 1177 1299 ὑπογραφὴν
1206 1242 1323 1286 οὐδε-

0 1277 1 1285 *
89 1283 205 1346 μίαν,
226 1288 312 1333 ἐστὶ
332 1288 373 1334 δὲ
390 1295 469 1336 τῶν
491 1294 745 1355 ὑπολοίπων,
768 1302 821 1351 ὡς
842 1300 949 1346 Δἔνιοί
969 1321 1083 1364 φασι,
1105 1307 1319 1367 μέγιστον·

0 1423 67 1472 Jod.
85 1416 161 1471 κήν
185 1417 226 1463 δὲ
251 1422 456 1480 χαλεπὴν,
491 1427 670 1483 σπουδὴν
697 1430 740 1475 δὲ
771 1433 982 1494 μεγίστην,
1006 1442 1155 1499 χρῆσιν
1174 1439 1216 1486 δὲ
1241 1442 1317 1488 ἀνὰ

0 1502 1 1505 “
82 1485 206 1544 μέσον
230 1490 375 1544 ἡδονῆς
399 1511 442 1536 τε
461 1494 532 1539 καὶ
553 1496 702 1552 λύπης.
732 1499 788 1546 ‘H
815 1500 889 1561 μὲν
908 1497 976 1548 οῦν
999 1509 1080 1550 τῶν
1101 1510 1316 1566 μετάλλων

0 1612 1 1618 1
81 1554 234 1600 τούτων
255 1556 410 1620 εὕρεσις
429 1563 585 1624 ἀρχαία
609 1570 821 1621 παντελῶς
843 1573 968 1631 ἐστιν,
992 1577 1044 1627 ὡς
1063 1575 1112 1621 ἂν
1132 1578 1211 1623 ὑπὸ
1234 1582 1313 1624 τῶν

13 1638 54 1667 20
78 1628 265 1671 παλαιῶν
285 1630 488 1689 βασιλέων
508 1636 845 1698 καταδειχθεῖσα.

136 1709 193 1741 30.
218 1696 324 1757 Περὶ
342 1698 382 1742 δὲ
402 1703 481 1745 τῶν
499 1703 622 1748 ἐθνῶν
642 1709 723 1751 τῶν
746 1710 1044 1758 κατοικούντων
1064 1715 1139 1772 τήν
1159 1736 1204 1762 τε
1227 1737 1311 1762 πα-

75 1760 211 1821 ράλιον
233 1769 303 1810 τοῦ
324 1765 362 1812 'A
372 1769 515 1829 ραὸίου
538 1773 692 1819 κόλπου
715 1777 785 1822 καὶ
802 1780 1162 1842 Τρωγλοδυτικὴν,
1188 1786 1246 1831 ἔτι
1271 1788 1325 1831 δ’·

69 1832 288 1880 Αἰθιοπίαν
307 1835 380 1891 τὴν
401 1839 500 1901 πρὸς
515 1844 871 1907 μεσημὸρίανκαὶ
891 1851 1005 1897 νότον
1025 1857 1307 1918 πειρασόμεθα

71 1897 271 1952 διεξιέναι.

5 1983 44 2014 25
129 1984 183 2015 31.
220 1973 325 2036 Περὶ
345 1976 519 2038 πρώτων
543 1980 586 2026 δὲ
612 1985 692 2030 τῶν
717 1983 996 2052 Ἰχθυοφάγων
1029 1995 1201 2055 ἐροῦμεν
1225 2002 1305 2044 τῶν

64 2039 359 2088 κατοικούντων
374 2044 449 2101 τὴν
470 2049 672 2111 παράλιον
688 2054 765 2111 τὴν
780 2056 861 2102 ἀπὸ
883 2062 1131 2122 Καρμανίας
1144 2066 1214 2121 καὶ
1234 2069 1305 2113 Γε-

63 2105 236 2167 δρωσίας
254 2111 329 2165 ἕως
340 2118 420 2160 τῶν
441 2119 628 2180 ἐσχάτων
641 2127 712 2168 τοῦ
730 2132 865 2187 μυχοῦ
885 2134 954 2175 τοῦ
972 2132 1077 2176 κατὰ
1097 2136 1165 2178 τὸν
1179 2135 1302 2198 Ἀρά-

65 2175 149 2221 διον
169 2179 320 2226 κόλπον
350 2186 591 2246 ἱδρυμένου,
625 2191 665 2242 ὃς
697 2195 754 2245 εἷς
774 2196 847 2249 τὴν
884 2202 1094 2260 μεσόγειον
1134 2204 1297 2259 ἀνήκων

62 2242 230 2292 ἄπιστον
255 2251 465 2313 διάστημα
490 2258 601 2302 δυσὶν
617 2260 800 2323 ἠπείροις
816 2269 1091 2327 περικλείεται
1108 2272 1207 2332 πρὸς
1227 2274 1295 2319 τὸν

16 2329 36 2358 0
59 2313 249 2375 ἔκπλουν,
284 2324 335 2382 τῇ
361 2323 433 2380 μὲν
454 2326 531 2370 ὑπὸ
567 2332 640 2383 τῆς
665 2332 902 2391 εὐδαίμονος
929 2337 1146 2398 Ἀραδίοις,
1183 2345 1234 2403 τῇ
1259 2343 1294 2387 δ’

1411 535 1676 588 magnitudo,
1712 549 1759 582 ut
1784 543 1951 600 obliqua
1983 549 2265 603 profunditate
2290 558 2342 598 ad
2374 575 2485 604 mare
2507 568 2639 622 ipsum

1408 614 1657 669 pertingant.

1836 669 1840 686 l

1438 719 1441 721 >
1465 695 1533 736 30.
1559 697 1626 738 Ad
1653 703 1870 745 australem
1899 708 2064 765 AEgypti
2105 700 2409 763 inclinationem
2445 736 2639 780 quattuor

1406 771 1502 803 sunt
1523 763 1741 809 hominum
1755 773 1942 815 nationes
1963 779 2172 831 maximae3
2197 786 2330 838 prima
2345 790 2477 833 fluviis
2492 795 2636 851 adjun-

1404 838 1489 880 cta,
1505 846 1596 886 quae
1617 849 1821 879 sesamum
1843 850 1883 881 et
1906 843 2065 886 milium
2081 850 2203 901 serit;
2221 853 2344 897 altera
2359 872 2448 913 quae
2466 863 2632 917 paludes

1401 901 1570 954 accolit,
1604 905 1890 965 calamumque
1922 921 1963 954 et
1992 915 2178 959 silvulam
2209 927 2451 970 teneriorem
2474 937 2628 989 carpit;

1400 972 1520 1013 tertia
1552 987 1643 1028 quae
1679 985 1832 1021 temere
1854 981 1937 1023 hue
1972 984 2068 1026 illuc
2097 988 2280 1043 oberrat,
2303 999 2572 1057 carnibusque
2590 1015 2630 1046 et

1398 1039 1501 1081 lacte
1516 1044 1642 1085 vitam
1652 1047 1831 1090 traducit
1844 1066 1855 1100 ;
1873 1061 2019 1106 quarta
2033 1068 2124 1109 quae.
2140 1072 2164 1098 a
2177 1059 2382 1106 littoribus
2398 1071 2519 1111 maris
2532 1086 2627 1127 pro-

1396 1107 1581 1151 ficiscens
1601 1114 1777 1167 piscium
1800 1121 2007 1162 venationi
2024 1122 2094 1164 dat
2117 1139 2298 1180 operam.

1453 1179 1521 1221 31.
1546 1183 1637 1222 Hoc
1654 1198 1781 1237 genus
1803 1202 1880 1229 nec
1897 1191 2021 1232 urbes
2037 1193 2160 1236 habet
2184 1212 2259 1239 nec
2273 1205 2455 1256 regiones
2476 1222 2550 1250 nec
2566 1212 2626 1252 ul-

1393 1245 1478 1286 lum
1510 1260 1729 1304 apparatus
1754 1256 1963 1299 artificiosi
1994 1261 2294 1319 rudimentum,
2323 1281 2382 1312 est
2403 1288 2497 1316 vero
2519 1279 2627 1320 inter

1392 1323 1551 1366 caetera,
1586 1327 1632 1359 ut
1666 1314 1834 1374 quidam
1864 1339 2110 1382 asseverant,
2148 1337 2399 1390 maximum;
2444 1358 2539 1386 nam
2575 1348 2626 1388 ab

594 1390 2117 1431 ἫἊ

1385 1521 1563 1579 denique
1584 1527 1628 1567 in
1667 1529 1805 1571 medio
1834 1533 2052 1589 voluptatis
2088 1547 2128 1579 et
2158 1543 2410 1595 aegritudinis
2441 1552 2622 1604 positum

1382 1589 1548 1634 habere.
1570 1596 1732 1637 Horum
1747 1606 1885 1641 tamen
1904 1604 2162 1648 metallorum
2181 1610 2363 1669 inventio
2380 1621 2621 1678 perantiqua

1381 1668 1456 1710 est,
1481 1670 1528 1702 ut
1549 1677 1644 1717 quaav
1658 1667 1814 1720 priscos
1836 1670 1935 1711 olim
1954 1687 2068 1727 reges
2090 1675 2280 1721 habuerit
2302 1692 2503 1729 auctores.

1436 1743 1503 1785 30.
1528 1746 1650 1787 Nunc
1668 1747 1720 1789 d‘e
1738 1753 1948 1805 gentibus,
1976 1771 2066 1811 quae
2084 1774 2158 1814 per
2180 1764 2346 1807 Arabici
2365 1769 2478 1812 sinus
2496 1788 2611 1817 oram

1376 1834 1416 1866 et
1438 1841 1512 1881 per
1527 1829 1860 1887 Troglodyticam
1881 1837 2215 1898 AEthiopiamque
2233 1847 2286 1887 ad
2314 1859 2500 1894 austrum
2519 1867 2615 1899 sunt

1374 1913 1535 1957 diffusae
1548 1949 1559 1967 ‚
1578 1921 1805 1962 narrationi
1824 1924 2008 1967 studium
2031 1929 2331 1984 impendemus.

1429 2005 1497 2046 31.
1519 2005 1533 2062 (
1549 2010 1646 2063 Cap.
1674 2013 1722 2058 14
1738 2013 1770 2064 ).
1790 2013 1851 2052 Ac
1863 2015 2044 2068 primum
2058 2017 2109 2058 de
2120 2020 2437 2081 Ichthyophagis
2450 2029 2606 2073 AEthio-

1370 2073 1532 2128 pibus(
1568 2078 1639 2130 qui
1671 2079 1851 2132 piscibus
1884 2085 2165 2142 nutriuntur)
2206 2090 2419 2146 dicemus,
2459 2100 2606 2152 quibus

1369 2142 1575 2183 maritima
1600 2144 1808 2187 habitatur
1832 2151 1944 2202 regio
1974 2166 1997 2191 a
2019 2153 2235 2197 Carmania
2256 2168 2296 2200 et
2332 2162 2531 2207 Gedrosia
2553 2169 2603 2208 ad

1368 2217 1599 2250 extremum
1618 2226 1747 2266 usque
1765 2229 1967 2257 recessum
1990 2220 2102 2260 sinus
2117 2224 2282 2266 Arabici
2296 2258 2309 2277 ,
2330 2231 2401 2283 qui
2421 2232 2463 2272 in
2475 2235 2603 2275 medi-

1368 2285 1554 2320 terranea
1569 2282 1796 2323 incredibili
1820 2299 1949 2340 prope
1967 2291 2097 2342 spatio
2119 2305 2361 2347 excurrens,
2379 2299 2431 2339 ad
2450 2304 2599 2344 ostium

1367 2361 1389 2386 a
1422 2347 1582 2388 duabus
1622 2353 1927 2394 continentibus
1941 2387 1953 2405 ‚
1993 2357 2089 2398 hinc
2115 2361 2267 2403 Arabia
2307 2364 2421 2407 felice
2435 2399 2446 2418 ,
2487 2371 2597 2412 illinc

57 2461 140 2487 om.
171 2451 220 2490 Β.
249 2452 264 2504 Η
290 2476 347 2484 —-
365 2457 537 2509 χρυσίοις
565 2462 617 2500 Α.
656 2461 671 2514 ΙΙ
694 2455 754 2494 -’
774 2465 917 2520 μήπω]
953 2469 1079 2522 μήπου
1116 2474 1161 2513 C.
1191 2474 1206 2527 Η
1233 2499 1289 2506 -

56 2508 94 2548 3.
119 2510 320 2569 γίνεσθαι]
353 2516 499 2570 γίνεται
523 2520 570 2560 C.
603 2522 618 2574 ΙΙ
641 2546 697 2554 —
715 2527 756 2573 4.
789 2530 1003 2583 γινομένων
1037 2532 1179 2584 codd.;
1203 2550 1284 2577 em.

53 2569 227 2614 Bekker.

109 2629 215 2678 530,
238 2631 302 2671 13.
328 2631 434 2687 ἰχθῦς
454 2637 501 2676 C.
531 2639 593 2677 De
615 2653 659 2678 re
678 2640 733 2681 cf.
756 2644 931 2687 Diodor.
970 2651 1047 2698 III,
1074 2653 1114 2699 8,
1143 2655 1183 2701 6,
1216 2654 1288 2694 ubi

52 2687 194 2730 eadem
216 2692 310 2733 vitae
345 2710 494 2748 genera
525 2711 792 2744 recensentur
816 2721 865 2747 ex
894 2711 1209 2763 Agatharchidis
1238 2715 1291 2756 de

48 2751 145 2791 Asia
155 2751 261 2794 libro
276 2758 474 2810 seeundo,
490 2761 533 2801 in
552 2776 635 2816 quo
651 2764 703 2804 de
721 2767 985 2824 AEthiopibus
1002 2775 1165 2815 Meroes
1184 2786 1289 2818 cete-

17 2805 22 2810 ’
47 2811 184 2866 risque
195 2814 318 2869 hujus
330 2826 482 2861 tractus
497 2825 660 2878 populis
679 2827 1013 2876 breviterauctor
1026 2848 1284 2892 exposuerat.

30 2926 35 2931 ³
103 2877 124 2926 S
156 2877 223 2918 31.
250 2880 423 2923 Photius
445 2893 485 2925 et
511 2887 722 2930 Diodorus
754 2895 1101 2946 Agatharchidem
1131 2901 1187 2941 ita
1216 2917 1286 2942 ex-

47 2947 306 2992 cerpserunt,
341 2952 386 2984 ut
413 2955 558 2988 auctor
582 2960 676 3004 post
708 2956 953 3007 promissam
988 2962 1285 3015 expositionem

46 2996 98 3037 de
130 3002 291 3055 populis
321 3007 394 3059 qui
423 3022 446 3048 a
482 3012 654 3053 meridie
684 3015 848 3072 AEgypti
877 3030 990 3072 sunt,
1029 3023 1202 3079 abrupte
1232 3027 1285 3068 ad

44 3059 373 3120 Ichthyophagos
398 3071 599 3114 Asiaticos
632 3080 840 3121 transiisse
873 3082 1003 3125 videri
1035 3085 1195 3128 debeat.
1229 3092 1285 3131 At

44 3135 128 3162 non
148 3132 229 3166 tam
258 3128 482 3173 absurdum
503 3135 546 3175 in
566 3138 739 3181 modum
759 3157 847 3184 rem
867 3147 1190 3199 Agatharchides
1220 3153 1283 3192 in-

44 3184 187 3226 stituit.
228 3190 277 3228 In
303 3193 540 3236 universum
571 3203 848 3245 narrationem
879 3208 934 3249 ita
972 3209 1197 3263 distribuit,
1237 3224 1281 3256 ut

42 3245 221 3297 primum
244 3250 352 3293 dicat
368 3254 420 3296 de
438 3260 601 3313 populis
621 3263 784 3307 incultis
800 3270 871 3322 qui
888 3271 939 3311 ab
951 3273 1115 3328 AEgypti
1129 3275 1280 3317 finibus

42 3318 170 3359 usque
181 3308 232 3348 ad
244 3310 377 3354 fauces
392 3318 504 3359 sinus
519 3324 685 3366 Arabici
697 3327 897 3382 degebant
907 3349 918 3383 ;
937 3334 1087 3376 deinde
1099 3337 1202 3389 loca,
1225 3341 1278 3380 si-

41 3381 133 3417 nuS,
149 3370 308 3423 fluvios,

40 3429 170 3470 litoris
184 3463 196 3481 ,
235 3441 322 3476 tum
343 3452 440 3481 vero
472 3446 652 3501 Arabici.
689 3453 820 3495 Aliter
845 3456 939 3498 fecit
962 3462 1248 3504 Artemidorus
1262 3497 1273 3514 ,

40 3493 111 3544 qui
144 3507 207 3533 res
226 3495 331 3549 ipsas
353 3503 520 3554 quidem
538 3523 588 3549 ex
606 3513 752 3555 eodem
776 3519 1077 3571 Agatharchide
1106 3525 1158 3565 ad
1188 3542 1276 3568 ver-

39 3552 139 3594 bum
161 3554 245 3596 fere
261 3565 528 3620 transcripsit,
554 3573 742 3617 ordinem
759 3593 857 3621 vero
886 3583 942 3623 ita
958 3585 1204 3640 immutavit,
1228 3599 1274 3631 ut

41 3619 130 3653 tum
150 3629 241 3670 quae
270 3621 321 3662 ad
351 3625 605 3679 singulorum
628 3639 878 3691 populorum
901 3645 1004 3685 vitas
1026 3661 1269 3706 moresque,

40 3682 130 3744 tum
150 3693 240 3732 quae
259 3682 311 3722 ad
329 3686 487 3740 singula
500 3692 588 3736 loca
605 3699 806 3753 oppidave
823 3707 1090 3760 pertinerent,
1111 3713 1154 3753 in
1175 3729 1271 3756 con-

38 3743 196 3780 tmuam
211 3747 456 3789 narrationis
471 3756 616 3797 seriem
638 3772 716 3813 pro
730 3777 775 3802 re
792 3773 887 3806 nata
905 3778 1152 3815 contexeret.
1177 3778 1267 3818 Jam

39 3813 136 3841 vero
170 3804 279 3846 inter
314 3819 452 3861 gentes
488 3829 512 3855 a
545 3819 740 3863 Berenice
774 3834 815 3865 et
848 3829 941 3870 sinu
974 3834 1197 3878 Immundo
1228 3849 1269 3881 et

39 3862 228 3916 Ophiode
249 3869 333 3910 sive
355 3874 550 3929 Topazon
568 3881 700 3925 insula
719 3888 933 3931 meridiem
955 3908 1094 3936 versus
1122 3913 1266 3942 occur-

322 3376 472 3420 insulas
480 3397 530 3422 ex
540 3385 685 3428 ordine
697 3404 919 3445 recenseat,
938 3399 1118 3451 primum
1134 3402 1277 3457 Libyci
1308 3406 1316 3412 '

1368 2476 1381 2532 (
1398 2480 1474 2527 III,
1508 2479 1588 2534 4ο)
1611 2489 1651 2520 et
1674 2483 1985 2526 Artemidorum
2005 2488 2216 2535 Strabonis
2236 2494 2382 2546 (XVI,
2403 2512 2445 2552 p.
2467 2503 2590 2558 770).

1365 2539 1431 2579 Ab
1454 2540 1518 2579 his
1538 2542 1661 2594 igitur
1679 2544 1818 2599 Libyae
1832 2547 2149 2605 Ichthyophagis
2170 2555 2376 2608 profectus
2398 2562 2594 2614 Agathar-

1364 2600 1504 2640 chides
1536 2605 1762 2645 narrationi
1790 2607 1936 2649 intexit
1971 2625 2062 2665 quae
2097 2613 2149 2654 de
2185 2618 2371 2659 Asiaticis
2402 2623 2593 2680 Ichthyo-

1360 2663 1502 2716 phagis
1524 2665 1575 2705 ab
1599 2666 1745 2707 intimo
1765 2670 1879 2710 sinus
1901 2674 2066 2715 Arabici
2087 2690 2248 2719 recessu
2264 2694 2395 2736 usque
2416 2685 2467 2726 ad
2495 2689 2592 2729 Car-

1359 2726 1539 2766 maniam
1558 2735 1597 2767 et
1612 2729 1854 2772 Gedrosiam
1866 2736 2015 2788 passim
2030 2737 2306 2782 habitantibus
2322 2759 2587 2801 compererat.

1360 2788 1523 2839 Quibus
1542 2789 1752 2843 absolutis,
1774 2794 1827 2834 ad
1842 2795 1991 2838 Africae
2002 2813 2115 2840 oram
2138 2802 2301 2845 rediens
2316 2807 2512 2864 filumque
2527 2814 2590 2854 in-

1359 2856 1591 2905 terruptum
1604 2867 1830 2907 resumenS,
1846 2856 1885 2912 (S
1900 2860 1968 2916 50)
1986 2861 2081 2916 μετὰ
2096 2863 2182 2912 τοὺς
2202 2864 2476 2924 Ἰχθυοφάγους
2489 2878 2588 2931 παρὰ

1359 2912 1426 2953 τὸν
1460 2913 1690 2970 Ἄσταὸάραν
1721 2920 1895 2974 ποταμὸν
1915 2923 2199 2980 Rhizophagos
2227 2929 2409 2974 habitare
2435 2948 2584 2982 narrat.

1357 2977 1646 3018 Artemidorus
1662 2979 1800 3021 denuo
1813 2983 2216 3042 Ichthyophagorum
2231 2997 2479 3040 mentionem
2498 3002 2587 3057 inji-

1356 3038 1411 3078 cit
1428 3039 1471 3078 in
1490 3054 1539 3079 eo
1558 3048 1692 3081 tractu
1708 3044 1779 3097 qui
1799 3045 1850 3085 ab
1879 3048 2076 3090 Eumenis
2093 3061 2218 3106 portu
2241 3069 2370 3110 usque
2385 3059 2435 3099 ad
2455 3063 2581 3105 Diren

1352 3101 1545 3153 pertinet,
1563 3111 1684 3157 atque
1702 3104 1778 3145 hac
1794 3110 2006 3150 occasione
2027 3111 2079 3152 de
2101 3114 2182 3154 vita
2197 3114 2282 3169 ejus
2297 3121 2425 3170 gentis
2441 3123 2579 3165 eadem

1350 3163 1490 3215 paucis
1509 3175 1663 3216 narrat,
1685 3182 1776 3221 quae
1799 3168 1926 3211 fusius
1948 3173 1989 3212 in
2009 3176 2158 3215 nostris
2177 3181 2374 3234 excerptis
2394 3182 2581 3235 leguntur

1351 3224 1526 3274 §31-38.
1545 3227 1659 3268 Idem
1676 3229 1824 3271 deinde
1841 3232 2004 3287 subjicit
2018 3250 2107 3290 quae
2122 3239 2441 3291 Agatharchides
2458 3246 2578 3289 habet

1350 3287 1371 3337 §
1400 3289 1453 3341 [⁸7
1484 3297 1523 3328 et
1545 3292 1567 3342 §
1591 3292 1733 3342 43-45‚
1755 3295 1869 3346 quasi
1892 3295 1979 3336 haec
2000 3300 2137 3340 omnia
2154 3300 2205 3340 ad
2228 3316 2358 3344 unum
2377 3309 2574 3350 eundem-

1348 3361 1428 3401 que
1457 3357 1633 3392 tractum
1669 3355 1947 3408 pertinerent,
1986 3373 2115 3412 quum
2144 3362 2228 3415 ipse
2257 3367 2575 3418 Agatharchides

1345 3410 1475 3463 probe
1496 3412 1583 3453 loca
1599 3413 1835 3468 distinguat.
1855 3419 2044 3460 Ceterum
2061 3421 2113 3461 de
2130 3424 2443 3483 Ichthyophagis
2460 3433 2575 3484 (Hu-

1347 3472 1444 3513 temi
1462 3475 1650 3516 tribubus
1665 3479 1682 3531 )
1696 3486 1782 3518 tum
1793 3480 1995 3522 Africanis
2007 3491 2094 3524 tum
2106 3486 2291 3528 Asiaticis
2305 3490 2386 3530 vid.
2409 3495 2570 3537 Arrian.

1345 3535 1481 3576 Anah.
1506 3538 1582 3587 VI,
1609 3541 1676 3588 28,
1702 3540 1740 3581 5.
1761 3542 1855 3583 Ind.
1881 3559 1918 3584 c.
1941 3549 2010 3596 26,
2035 3560 2075 3587 2.
2098 3561 2167 3602 27,
2194 3550 2233 3590 3.
2260 3564 2328 3606 29,
2356 3568 2395 3607 7.
2423 3556 2470 3596 31
2494 3562 2569 3607 18;

1340 3597 1490 3638 Juham
1510 3598 1591 3655 (fr.
1618 3602 1687 3655 39.
1712 3606 1780 3651 42.
1807 3605 1858 3653 45
1880 3605 1894 3661 )
1918 3621 1984 3662 ap.
2006 3609 2111 3650 Plin.
2134 3611 2210 3660 VI,
2230 3617 2297 3654 26.
2318 3615 2385 3656 31.
2409 3617 2457 3664 34
2474 3635 2484 3668 ;
2501 3622 2572 3662 Pe-

1340 3659 1433 3712 ripl.
1456 3675 1559 3701 mar.
1580 3663 1686 3703 Ruh.
1709 3679 1752 3719 p.
1774 3665 1838 3707 15.
1862 3681 1935 3721 19;
1956 3670 2102 3711 Strabo
2119 3686 2161 3727 p.
2183 3687 2278 3728 720;
2301 3677 2406 3719 Mela
2424 3681 2499 3730 III,
2518 3686 2564 3733 8;

1339 3722 1445 3763 Ptol.
1473 3724 1549 3774 VI,
1583 3740 1607 3779 7
1634 3735 1673 3766 et
1692 3730 1857 3782 passim.
1875 3732 1972 3772 Vita
1987 3746 2130 3774 eorum
2156 3737 2277 3778 etiam
2298 3753 2408 3781 nunc
2426 3743 2564 3785 eadem

1339 3796 1461 3836 quam
1475 3794 1628 3827 veteres
1641 3788 1915 3833 tradiderunt.
1928 3794 1983 3834 V.
1994 3795 2181 3838 Niebuhr
2192 3801 2387 3850 Arabim,
2407 3817 2446 3857 p.
2461 3805 2482 3844 3
2492 3819 2560 3854 103

1335 3846 1491 3886 Morier
1510 3850 1663 3889 Second
1680 3866 1831 3906 voyage
1855 3857 1876 3894 I
1892 3886 1903 3906 ,
1924 3870 1966 3910 p.
1999 3871 2050 3911 72
2069 3874 2080 3908 ;
2105 3860 2306 3901 Wellsted
2336 3866 2501 3905 Travels
2521 3867 2561 3907 in

1335 3908 1499 3949 Arabia
1517 3912 1583 3961 H,
1604 3926 1647 3967 p.
1670 3914 1749 3955 258
1773 3930 1882 3971 sqq.;
1904 3919 2145 3961 Wilkinson
2165 3921 2191 3962 l.
2211 3922 2237 3962 l.
2262 3937 2304 3977 p.
2325 3926 2403 3978 373
2429 3929 2559 3969 Ritter

1334 3970 1430 4019 XII,
1452 3985 1492 4025 p.
1521 3978 1597 4026 176
1618 3989 1679 4030 sq.
1704 3977 1822 4028 XIII,
1845 3993 1886 4034 p.
1911 3981 1990 4034 307
2010 3995 2098 4036 sqq.
2125 3985 2220 4033 452,
2246 3985 2326 4026 alii.
2361 3988 2376 4040 Η
2399 4011 2454 4019 —
2490 3991 2553 4032 15.

1333 4031 1352 4070 ὓ
1366 4048 1550 4090 πογραιρ
1568 4034 1589 4087 ἡ
1606 4052 1624 4077 ν
1648 4037 1734 4078 οὐδ
1748 4055 1803 4095 εμ
1818 4041 1922 4096 ίαν]
1948 4042 2125 4098 οὐδεμίαν
2143 4044 2362 4101 ὑπογραφὴν
2378 4050 2424 4089 Β.
2460 4051 2475 4104 Η
2502 4076 2557 4084 —

2367 4127 2388 4157 9
