2808 4342
39 591 62 621 5

89 198 187 256 (33.)
464 235 467 239 ,
869 189 1173 237 PERIPLUS
1205 191 1400 238 MARIS
1434 192 1784 264 ERYTHRAEI.
2532 209 2618 248 305

86 298 254 361 εστέρου
270 296 316 343 τὸ
335 293 626 356 μεσόσφαιρον,
641 292 686 336 ἐκ
705 289 746 336 δὲ
763 294 835 341 τοῦ,
855 290 1091 353 μικροτέρου
1111 289 1156 335 τὸ
1170 289 1313 352 μικρό-

89 384 275 430 σφαιρον.
339 359 487 408 Ἔνθεν
518 359 569 405 τὰ
592 358 684 421 τρία
723 358 828 419 μέρη
858 362 927 404 τοῦ
959 357 1229 420 μαλαὸάθρου
1252 358 1316 419 γί-

87 453 198 480 νεται
223 432 292 478 καὶ
310 429 401 476 τότε
423 428 587 492 φέρεται
612 429 670 478 εἷς
691 426 764 482 τὴν
797 426 973 481 Ἰνδικὴν
999 426 1079 472 ὑπὸ
1105 429 1185 472 τῶν
1210 445 1314 472 κατ-

89 499 368 566 εργαζομένων
390 497 511 547 αὖτᾶ.
1013 547 1019 553 ,

148 586 203 617 66.
229 568 295 616 Τὰ
315 568 359 614 δὲ
385 567 488 629 μετὰ
510 566 709 628 [τούτους]
730 564 820 618 τοὺς
840 565 1003 623 τόπους,
1034 565 1100 610 διά
1124 584 1168 611 τε
1192 569 1314 627 ὑπερ-

88 639 211 690 ὅολὰς
243 637 457 700 χειμώνων
481 635 554 682 καὶ
571 635 728 696 πάγους
752 634 966 695 μεγίστους
994 633 1180 679 δύσὸατα
1203 634 1314 691 ὄντα,

69 708 167 754 ἐἴτε
186 707 256 753 καὶ
279 706 363 770 θείᾳ
380 706 457 752 τινὶ
481 705 651 765 δυνάμει
671 708 794 760 θεῶν,
818 702 1064 766 ἀνερεύνητά
1089 705 1214 748 ἐστιν.

85 885 169 911 sere
186 883 386 909 annonam
404 886 419 916 ,·
437 869 490 908 ab
505 866 780 923 amplitudine
797 865 1128 922 haclrosphoeram
1144 875 1320 906 vocatur

19 952 27 962 ι
85 930 311 987 majoribus
327 929 482 984 fhliis;
517 929 629 985 quod
652 929 878 969 minoribus
909 938 970 969 est
1003 928 1314 984 mesosphaerum

84 993 350 1050 appellatur..
372 990 727 1034 Laudatissimum
747 990 1075 1046 microsphaerum
1090 1006 1110 1031 e
1129 990 1314 1032 minimis

75 1056 248 1171 19)ῐὲαὲἴὲ
265 1119 294 1160 l.
319 1117 356 1159 5.
377 1118 533 1166 τούτους
547 1116 710 1158 addidit
727 1116 953 1158 Fabricius.
978 1117 994 1170 ΙΙ
1023 1141 1078 1147 -
1093 1117 1113 1156 ὃ
1123 1116 1143 1156 ὑ
1157 1116 1208 1157 σ6
1222 1132 1245 1157 α
1255 1132 1276 1157 τ
1289 1132 1313 1156 α

304 4081 443 4108 emen.
463 4076 470 4104 Ι
481 4100 489 4107 .

1383 298 1587 353 phaerum.
1646 299 1756 340 Hine
1787 299 1912 352 igitur
1946 297 2025 338 tria
2066 299 2246 338 existunt
2284 300 2524 342 malabathri
2553 319 2619 357 ge-

1386 391 1507 428 nera,
1530 392 1621 433 quae
1644 377 1794 419 deinde
1822 378 1874 418 ab
1899 378 1948 418 iis
1973 378 2046 432 qui
2074 377 2360 430 confecerunt,
2393 382 2436 421 in
2456 382 2621 424 Indiam

1390 457 1596 498 seruntur.

1449 542 1516 579 66.
1551 542 1655 591 Quae
1687 547 1783 594 post
1813 540 1902 580 haec
1933 548 2162 594 sequuntur
2193 542 2380 595 regiones
2411 543 2474 583 vel
2508 546 2622 598 quod

1387 593 1558 648 propter
1581 594 1728 634 nimias
1746 602 2005 649 tempestates
2036 604 2077 636 et
2104 610 2265 637 summa
2287 596 2439 651 frigora
2460 597 2624 640 difficil-

1384 648 1472 689 limi
1491 649 1572 689 sint
1590 662 1788 699 accessus,
1808 650 1872 690 vel
1893 651 2015 690 etiam
2037 649 2176 692 divina
2197 652 2375 706 quadam
2399 655 2624 696 numinum

1383 712 1605 759 potestate,
1626 704 1830 759 explorari
1850 714 2078 759 nequeunt.

1387 865 1539 920 ὄντα]
1572 864 1770 906 δυσδάτων
1806 880 1847 905 τε
1869 865 1997 906 τόπων
2028 865 2141 917 cod.;
2160 867 2338 909 fortassis
2368 878 2511 911 auctor
2538 885 2622 912 ser-

1387 941 1554 967 monem
1574 941 1725 982 parum
1746 941 1895 968 curans
1917 928 2157 983 scripserat:
2182 930 2376 971 δυσὸάτων
2397 933 2518 973 ὄντων
2542 938 2617 974 τῶν

1383 991 1527 1031 τόπων.
1552 991 1687 1031 Possis
1708 990 1832 1031 etiam
1867 1004 2027 1032 servare
2062 991 2264 1046 vulgatam
2285 996 2590 1050 transponendo
2612 1017 2621 1043 :

1383 1054 1445 1093 διά
1467 1069 1508 1094 τε
1536 1052 1748 1109 ὓπερὸολὰς
1771 1055 1977 1110 χειμώνων
2010 1055 2206 1097 δυσὸάτων
2231 1072 2270 1098 τε
2293 1058 2420 1099 τόπων
2461 1060 2526 1100 καὶ
2549 1061 2625 1102 πά-

1382 1131 1472 1171 γους
1496 1116 1710 1171 μεγίστους.

2293 4107 2338 4140 20
