2808 4342
211 206 304 257 aas

275 325 355 355 sss.
393 276 607 353 ’Ana-³³2<
646 295 793 356 Σάμου
827 290 904 337 ἐπὶ·
938 288 1047 350 [τὸ]
1095 284 1311 333 Ποσείδιον
1347 282 1454 329 στά-

197 380 293 425 ’διοι
318 375 366 428 ξ’.

275 458 355 490 aas.
394 436 495 486 Ἀπὸ
517 438 587 481 τοῦ
607 429 823 481 Ποσειδίου
837 425 906 472 ἐπὶ
919 423 988 471 τὸν
1005 424 1206 485 Φάλαρον
1223 422 1383 468 στάδιοι
1397 420 1451 467 ν’.

274 528 353 559 270.
390 507 488 554 Ἀπὸ
511 507 584 550 τοῦ
595 498 812 559 ’Φαλάρου
836 497 892 547 εἷς
918 497 1044 550 νῆσον
1068 492 1347 541 Ἐλαιοῢσσαν
1373 506 1456 535 κα-

169 596 190 624 6
211 579 414 641 λουμένην
434 574 590 621 στάδιοι
612 570 664 615 ν’.
703 629 710 635 .

277 664 354 696 271.
390 643 490 691 Ἀπὸ
516 644 589 693 τῆς
627 633 904 689 Ἐλαιοῦσσης
938 633 995 684 nt<
1018 631 1165 689 Ῥόδον
1186 628 1347 676 στάδιοι
1382 628 1456 690 ρν’·

213 718 302 773 ἥτις
324 713 433 759 ποιεῖ
454 711 523 756 ἐπὶ
555 705 729 754 Μαλλὸν
753 702 829 765 μὲν
852 701 971 748 σταδ.
1001 700 1059 763 χ’,
1077 699 1149 747 καὶ
1172 698 1240 746 ἐπὶ
1262 698 1309 744 τὸ
1330 695 1457 759 Ἱερὸν

215 787 294 830 τῶν
318 778 553 835 Βυζαντίων
572 775 693 823 σταδ.
714 774 774 837 χ’.
1044 798 1047 801 -

276 868 351 899 272.
388 849 467 896 ’Ex
483 846 633 895 Ῥόδου
653 845 710 896 εἷς
731 842 1039 907 Ἀλεξάνδρειαν
1055 838 1213 886 στάδιοι
1237 838 1331 902 ‘87'-

154 943 193 973 ιυ
277 921 353 967 Ἐκ
374 918 523 965 Ῥόδου
546 917 602 967 εἰς
623 911 866 962 Ἀσκάλωνα
890 911 1049 959 στάδιοι
1074 909 1173 972 ,Ys-

278 990 358 1039 Ἐκ
381 987 530 1036 Ῥόδου
550 987 608 1038 εἰς
632 983 892 1045 Καισάρειαν
916 980 1072 1029 στάδιοι
1094 977 1191 1040 ,γχ’.

201 1083 207 1089 ’
280 1061 361 1108 Ἐκ
382 1058 531 1106 Ῥόδου
555 1057 611 1107 εἰς
640 1053 827 1116 Βηρυτὸν
847 1051 1008 1099 στάδιοι
1032 1048 1131 1111 ,γχᾭ
1166 1087 1170 1092 .

279 1130 359 1177 Ἐκ
381 1127 529 1176 Ῥόδου
550 1127 607 1177 εἰς
626 1122 777 1171 Σιδόνα
804 1122 964 1168 στάδιοι
988 1118 1083 1182 ,⁴06-

281 1197 361 1245 Ἐκ
382 1195 531 1244 Ῥόδου
554 1195 610 1246 εἰς
627 1191 790 1239 Βύὸλον
810 1189 970 1236 στάδιοι
988 1187 1081 1250 m(-

157 1288 196 1317 ιο
281 1266 361 1314 Ἐκ
382 1265 530 1313 Ῥόδου
555 1265 610 1315 εἰς
632 1261 835 1324 Τρίπολιν
859 1259 1019 1305 στάδιοι
1048 1255 1146 1319 ,γχῖ

138 1351 144 1356 ”
285 1336 364 1383 Ἐκ
387 1334 535 1382 Ῥόδου
557 1333 613 1384 εἷς
637 1330 884 1379 Σελεύκειαν
904 1327 1064 1374 στάδιοι
1088 1325 1187 1388 ,γχῆ

283 1407 364 1454 Ἐκ
387 1405 535 1452 Ῥόδου
558 1406 613 1454 εἰς
638 1399 831 1449 Κιλικίαν
850 1398 1010 1445 στάδιοι
1034 1396 1134 1460 ,αφᾜ

284 1477 363 1524 Ἐκ
387 1475 535 1523 Ῥόδου
558 1475 613 1525 εἷς
637 1471 833 1535 Κώρυχον
858 1469 1016 1515 στάδιοι
1038 1485 1093 1529 ια.

283 1545 365 1592 Ἐκ
388 1543 536 1592 Ῥόδου
561 1542 603 1588 δὲ
642 1540 710 1587 ἐπὶ
740 1538 813 1595 τὴν
852 1538 1021 1601 Κύπρον
1057 1534 1132 1590 τὴν
1172 1530 1366 1593 ἑσπερίαν
1401 1527 1466 1574 ἐπ’

156 1630 201 1661 20
222 1612 425 1666 ἀνατολὰς
443 1617 516 1659 τοῦ
541 1610 658 1667 ἡλίου
676 1606 909 1669 οὖριώτατα
931 1605 1090 1669 ζεφύρῳ
1115 1603 1274 1649 στάδιοι
1291 1600 1397 1663 ,βωᾜ

285 1685 363 1732 Ἐκ
383 1682 532 1731 Ῥόδου
549 1683 604 1734 εἰς
628 1676 990 1743 Πάταρα·στάδιοι
1011 1675 1070 1738 ψ’.

285 1754 363 1801 Ἐκ
385 1752 534 1799 Ῥόδου
554 1752 609 1803 εἷς
632 1753 795 1798 Καῦνον
814 1746 974 1792 στάδιοι
993 1743 1071 1790 υν’.

285 1822 363 1869 Ἐκ
387 1821 533 1868 Ῥόδου
555 1821 610 1871 εἷς
629 1822 750 1874 νῆσον
772 1816 1008 1862 Ῥόπουσαν
1026 1811 1184 1858 στάδιοι
1201 1809 1277 1854 τν’.

287 1890 366 1938 Ἐκ
389 1889 537 1936 Ῥόδου
557 1890 614 1938 εἰς
631 1885 803 1934 Φύσκον
827 1884 986 1929 στάδιοι
1004 1875 1083 1927 υν’.

240 1984 1388 2012 ,------------

226 2055 323 2096 sint.
348 2053 482 2095 Multo
509 2051 740 2094 accuratius
770 2050 812 2089 in
841 2045 1010 2103 paraplo
1039 2050 1181 2084 nostro
1214 2055 1237 2082 a
1269 2040 1391 2080 Samo
1421 2035 1473 2076 ad

226 2115 422 2157 Rhodum
440 2121 691 2170 exputantur
709 2109 840 2152 stadia
860 2110 956 2150 310.

285 2181 309 2233 S
338 2182 438 2222 268.
463 2174 759 2228 Ποσείδιον]
785 2170 911 2213 hodie
943 2173 1027 2224 Cup
1055 2169 1311 2209 Mannum.
1342 2164 1476 2216 Prope

229 2241 274 2283 id
294 2254 345 2282 ex
379 2237 590 2281 Ptolemaei
614 2234 764 2277 tabulis
794 2230 1037 2289 ponendum
1067 2236 1128 2269 est
1150 2224 1287 2273 Φοίνιξ
1311 2223 1474 2279 χωρίον,

229 2300 343 2359 quod
366 2298 514 2342 Strabo
532 2311 701 2354 quoque
722 2310 765 2351 p.
793 2293 875 2334 652
898 2294 941 2333 in
963 2304 1131 2333 summo
1146 2287 1343 2330 Phoenice
1358 2299 1485 2326 mon-¹

232 2374 271 2407 te
286 2365 411 2406 situm
424 2376 511 2403 esse
526 2360 627 2402 dicit
638 2391 649 2410 ‚
671 2357 743 2400 sed
766 2369 983 2413 perperam
998 2361 1091 2410 post
1107 2354 1286 2407 Loryma
1306 2348 1475 2389 demum

232 2433 447 2468 memorat.

288 2491 311 2542 S
333 2492 431 2531 269.
458 2485 724 2540 Φάλαρον]
759 2484 897 2524 Locus
928 2476 1096 2521 aliunde
1115 2491 1199 2517 non
1226 2482 1376 2522 notus;
1402 2486 1478 2528 po-

232 2549 396 2591 nendus
430 2549 471 2589 in
492 2560 654 2589 recessu
670 2576 681 2597 ,
708 2544 760 2586 ab
784 2545 923 2600 Aspro
954 2544 1063 2597 Capo
1095 2536 1311 2580 meridiem
1339 2548 1480 2576 versus

233 2613 327 2661 sito,
352 2612 395 2652 in
425 2623 550 2665 quem
570 2608 656 2649 exit
689 2606 855 2647 fluvius.
880 2605 1070 2645 Fortasse
1087 2609 1148 2642 oet
1173 2598 1337 2655 Κρήσσω
1357 2596 1479 2652 λιμήν

235 2674 466 2722 Ptolemaei,
486 2670 604 2725 cujus
623 2669 814 2711 meminit
831 2667 956 2709 etiam
984 2664 1143 2707 Plinius
1159 2663 1217 2713 V,
1239 2675 1309 2716 29.
1327 2662 1351 2714 S
1375 2662 1451 2709 104
1469 2672 1478 2699 τ

241 2734 450 2792 Oppidum
488 2737 644 2774 Caunos
665 2732 860 2780 liberum,
895 2727 990 2769 dein
1019 2730 1176 2781 Pyrnos
1194 2722 1477 2779 (Physcus.²-),

230 2807 381 2855 portus
421 2800 583 2845 Cressa,
618 2810 644 2835 a
683 2809 762 2851 quo
800 2790 963 2834 Rhodus
999 2788 1137 2831 insula
1175 2788 1259 2829 XX
1294 2801 1352 2827 m.
1401 2783 1415 2840 (
1431 2802 1481 2821 =

243 2864 321 2902 160
335 2858 459 2907 stad.·,
480 2873 563 2899 200
581 2856 685 2897 stad.
708 2870 731 2897 a
751 2854 930 2902 Phalaro
943 2851 995 2893 ad
1011 2849 1208 2892 Rhodum
1224 2863 1307 2891 sec.
1326 2846 1479 2902 stam),

242 2923 354 2964 locus
372 2925 561 2975 Loryma.
582 2917 705 2973 Apud
725 2918 879 2969 Gcogr.
901 2917 1002 2955 Rav.
1028 2915 1082 2962 V,
1107 2928 1132 2967 7
1164 2914 1270 2953 inter
1291 2912 1482 2952 Caunum

240 2992 281 3026 et
303 2985 526 3038 Lorymam
556 2987 810 3022 memoratur
830 2980 976 3018 Precos
997 2974 1211 3029 (Cressuse⁷
1224 2973 1256 3029 ).

295 3048 319 3100 S
342 3050 440 3089 270.
475 3040 839 3095 Ἐλαιοῦσσαν]
864 3037 1082 3078 Ἐλαοῦσαν
1106 3044 1146 3077 et
1170 3038 1288 3088 §271
1318 3033 1483 3073 Ἰἰλαοῦ-

240 3124 309 3162 σης
329 3108 476 3150 codex.
500 3106 565 3149 Cs.
583 3104 732 3147 Strabo
750 3103 779 3145 1.
802 3101 829 3143 1.
851 3114 860 3142 :
884 3097 1110 3156 πρόκειται(
1131 3106 1225 3139 ante
1247 3097 1482 3137 Phoenicem

242 3179 425 3213 montem
444 3171 460 3224 )
481 3165 723 3222 Ἔλεοΰσσα(
745 3155 984 3205 'maionem
994 3175 1076 3203 em.
1090 3158 1237 3201 Tasch.
1256 3166 1297 3199 et
1314 3159 1484 3213 Coray.)

241 3234 424 3289 διέχουσα
446 3234 514 3284 τῆς
549 3229 687 3271 Ῥόδου
720 3226 895 3274 σταδίους
920 3222 980 3281 ρκ’
997 3225 1012 3278 (
1031 3221 1268 3265 Stadiassm.
1288 3228 1337 3261 st.
1381 3222 1457 3261 150
1472 3251 1483 3270 ,

243 3298 381 3339 minus
394 3303 584 3337 accurate
603 3288 771 3350 ).'1dem
788 3304 831 3346 p.
858 3288 941 3330 652
960 3300 970 3329 z
989 3286 1185 3342 πρόκειται
1203 3283 1238 3325 δ’
1257 3282 1281 3336 ἢ
1307 3281 1489 3323 Ἐλεοῦς·

244 3375 293 3402 σα
307 3360 347 3402 ἐν
366 3357 403 3401 δ’
422 3356 612 3408 σταδίοις,
637 3353 780 3397 κύκλον
799 3351 947 3408 ἔχουσα
961 3351 1053 3391 ὅσον
1068 3347 1343 3390 ὀκτωστάδιον.
1365 3346 1488 3386 Nunc

247 3422 410 3465 Alessa.

303 3489 326 3538 S
349 3490 446 3528 271.
472 3485 576 3536 ἥτις
595 3480 762 3536 ποιεῖ]
790 3481 979 3521 Fortasse
1005 3477 1059 3517 ita
1081 3473 1220 3516 dicere
1237 3470 1382 3514 licebat
1406 3470 1488 3527 ple·

246 3546 290 3587 bi
311 3548 507 3596 nauticae3
541 3546 603 3586 sin
637 3543 790 3592 minus,
818 3540 942 3582 suerit
964 3551 973 3579 :
994 3567 1024 3580 ..
1057 3536 1232 3585 σταδίους
1256 3531 1314 3591 ρν’
1343 3534 1431 3575 ὅθεν
1455 3531 1493 3574 εἴ

251 3622 307 3657 τις
328 3608 433 3650 πλὲει
459 3607 521 3649 ἐπὶ
549 3605 716 3647 Μαλλὸν
743 3603 810 3660 μὲν
840 3603 987 3644 στάδιοι
1009 3601 1091 3658 ,δχ,
1124 3597 1186 3641 ἐπὶ
1202 3596 1243 3640 δί
1265 3596 1310 3638 th
1327 3595 1429 3651 ἱερὸν
1449 3610 1485 3637 τ.

250 3668 298 3711 B.
335 3669 486 3711 στάδιοι
511 3667 602 3723 [ὄχ’.
640 3669 658 3721 Π
684 3666 787 3706 -Μ
801 3663 995 3720 αλλὀν]
1029 3660 1187 3703 Μαελδν
1220 3656 1372 3706 codem
1403 3671 1485 3697 ein.

251 3730 360 3775 Gaii.
378 3729 700 3785 Longitudincm
720 3726 988 3782 navigationis
998 3723 1120 3781 juxta
1132 3723 1270 3767 Asiam
1286 3721 1489 3763 minorem

251 3794 453 3836 orientem
467 3805 607 3834 versus
621 3804 750 3845 usquc
762 3789 812 3830 ad
826 3789 1012 3838 Mallum,
1026 3787 1195 3829 boream
1209 3797 1349 3827 versus
1359 3796 1491 3838 usque

251 3855 305 3899 ad
326 3857 483 3898 Fanum
497 3854 786 3910 Byzantiorum
797 3859 941 3892 auctor
954 3859 1164 3906 supputat.
1187 3850 1204 3904 11
1220 3848 1327 3903 -χ’
1338 3846 1353 3903 ]
1366 3846 1490 3887 Juxta

254 3933 369 3960 oram
382 3933 404 3959 a
424 3915 574 3958 Rhodo
584 3914 637 3957 ad
653 3914 819 3955 Mallum
833 3911 1060 3954 secundum
1077 3910 1289 3967 paraplum
1303 3916 1489 3950 nostruin

255 3979 308 4021 ad
332 3985 441 4022 6000
461 3977 590 4020 stadia
610 3985 721 4019 sunt.
740 3977 830 4035 linc
852 3974 943 4016 loco
961 3975 1020 4015 vel
1046 3974 1154 4016 5600
1173 3972 1233 4014 vel
1257 3974 1368 4021 4600
1385 3967 1490 4011 tradi

255 4049 469 4095 poterant,
492 4041 629 4096 prouti
653 4036 897 4095 compendia
921 4037 1076 4079 itineris
1091 4033 1406 4092 computaveris.
1426 4031 1495 4073 Li·

189 4235 257 4268 Γῆ.

1333 178 1620 229 ΑΝΟΝΥΜῘ
1680 188 1686 194 “

1581 289 1678 331 2⁶8.
1712 289 1748 329 A
1769 286 1895 328 Samo
1909 285 1964 327 nd
1985 284 2197 346 posidium
2221 283 2352 326 mdia
2373 288 2441 325 «ιο.
2516 267 2523 341 f
2604 286 2623 304 -·

1581 425 1679 476 269.
1711 422 1746 462 A
1768 417 1937 460 Posidio
1951 415 2004 459 ad
2026 415 2248 459 Plu-tarum
2266 415 2398 459 stadia
2421 418 2486 457 50.
2753 454 2759 459 ,

1583 504 1681 546 270.
1711 492 1748 532 A
1770 487 1944 530 Phalaro
1966 484 2019 527 ad
2037 484 2258 527 Elaeussam
2272 496 2408 542 quam*
2425 491 2573 525 vocant
2597 483 2704 523 insu
2726 504 2777 527 m,

1526 559 1659 604 stadia
1683 560 1751 602 50.

1584 644 1683 686 271.
1715 628 1782 671 Ab
1800 627 1978 669 Eiaeussa
2001 624 2053 667 ad
2076 621 2271 666 Rhodum
2295 619 2426 663 stadia
2452 621 2545 664 150.

1584 702 1620 741 A
1643 697 1795 740 Rhodo
1815 694 1869 738 ad
1886 693 2057 737 Mallum
2069 691 2349 733 coniiciuntur
2365 688 2496 730 stadia
2508 691 2619 738 4600
2637 684 2772 743 (,δχ’),

1527 777 1568 812 et
1582 768 1635 812 ab
1648 766 1793 810 eadem
1805 764 1859 807 ad
1878 766 2041 806 Fanum
2058 760 2350 816 Byzantiorum
2366 755 2498 799 stadia
2516 759 2627 805 4600
2640 753 2773 814 (fis).

1585 851 1684 893 272.
1712 838 1749 878 A
1770 832 1921 876 Rhodo
1935 831 1989 874 ad
2012 829 2304 874 Alexandriam
2329 826 2459 869 stadia
2481 828 2605 875 4500.

1588 908 1618 948 A
1646 903 1797 948 Rhodo
1814 901 1868 945 ad
1891 900 2134 945 Ascalonem
2157 898 2287 942 stadia
2311 899 2420 940 3600

1587 982 1624 1019 A
1646 973 1797 1017 Rhodo
1811 971 1865 1015 ad
1886 972 2112 1014 Caesaream
2131 966 2260 1010 stadia
2281 968 2405 1011 3600.

1590 1049 1627 1089 A
1651 1042 1802 1087 Rhodo
1819 1041 1872 1084 ad
1891 1043 2087 1096 Berytum
2110 1036 2241 1078 stadia
2260 1036 2382 1078 3600.

1590 1116 1622 1157 A
1647 1111 1798 1155 Rhodo
1815 1110 1868 1152 ad
1891 1107 2087 1151 Sidonem
2104 1104 2236 1147 stadia
2259 1105 2382 1147 3600.

1590 1186 1628 1226 A
1656 1181 1807 1223 Rhodo
1825 1178 1877 1221 ad
1897 1176 2074 1234 Byblum
2093 1173 2223 1216 stadia
2246 1174 2370 1215 3600.

1592 1255 1629 1294 A
1652 1248 1803 1292 Rhodo
1825 1246 1878 1289 ad
1896 1243 2103 1302 Tripolim
2121 1242 2252 1285 stadia
2278 1243 2405 1285 3600.

1593 1323 1628 1362 A
1658 1316 1810 1360 Rhodo
1830 1314 1883 1358 ad
1902 1314 2129 1357 Seleuciam
2149 1310 2279 1353 stadia
2297 1312 2422 1354 3600.

1593 1391 1630 1431 A
1657 1386 1808 1430 Rhodo
1827 1384 1881 1427 ad
1901 1384 2085 1427 Ciliciam
2103 1380 2234 1423 stadia
2261 1381 2383 1424 1500.

1594 1462 1631 1502 A
1653 1455 1804 1500 Rhodo
1822 1454 1875 1497 ad
1890 1455 2097 1511 Corycum
2116 1451 2247 1494 stadia
2266 1465 2387 1494 1000.
2756 1494 2757 1497 Ἴ
2783 1475 2786 1478 -

1594 1531 1633 1572 A
1654 1526 1805 1569 Rhodo
1827 1524 1879 1567 ad
1912 1525 2096 1581 Cyprum
2129 1520 2423 1564 occidentalem
2469 1534 2607 1561 versus
2643 1526 2736 1561 ortu
2752 1506 2776 1554 s'

1539 1597 1636 1640 solis
1656 1595 1836 1652 zephyro
1855 1607 1981 1635 cursu
2004 1591 2252 1633 faustissime
2275 1588 2406 1631 stadia
2425 1591 2550 1631 2800.
2758 1579 2765 1590 “

1595 1669 1632 1708 Α
1656 1662 1807 1706 Rhodo
1829 1661 1882 1704 ad
1901 1663 2046 1703 Patara
2064 1658 2196 1701 stadia
2211 1662 2309 1701 600.

1596 1736 1632 1774 A
1657 1730 1807 1773 Rhodo
1825 1728 1878 1771 ad
1900 1729 2091 1770 Caunum
2113 1724 2246 1767 stadia
2268 1725 2365 1774 450.

1597 1804 1634 1843 A
1657 1797 1807 1841 Rhodo
1827 1796 1880 1838 ad
1901 1797 2140 1851 Rhopusam
2159 1793 2334 1834 insulam
2358 1791 2488 1834 stadia
2511 1792 2606 1834 350.

1600 1871 1636 1910 A
1663 1865 1813 1908 Rhodo
1833 1864 1886 1906 ad
1905 1864 2110 1920 Physcum
2129 1860 2260 1901 stadia
2282 1861 2377 1909 450.

1393 1965 2703 1988 ffl

1546 2047 1622 2073 nea
1643 2038 1753 2073 recta
1772 2036 1833 2069 est
1854 2025 2083 2068 stadiorum
2103 2025 2213 2065 3600
2229 2023 2245 2075 (
2262 2025 2372 2071 4000
2387 2016 2771 2071 see.tab.Ptotem.)

1544 2093 1693 2136 Strabo
1711 2106 1754 2147 p.
1781 2093 1858 2132 106
1878 2104 1901 2139 a
1929 2086 2079 2129 Rhodo
2108 2084 2160 2127 ad
2192 2085 2331 2125 sinum
2356 2081 2527 2123 Issicum
2551 2078 2659 2121 linea
2712 2100 2714 2102 ·
2735 2100 2765 2113 u·

1545 2170 1633 2198 esse
1654 2156 1711 2196 ait
1746 2151 1878 2194 stadia
1901 2150 2033 2199 500ος
2058 2145 2232 2190 totidem
2254 2159 2277 2185 a
2308 2141 2459 2185 Rhodo
2477 2139 2528 2183 ad
2547 2140 2747 2197 Byzantiu
2774 2161 2790 2175 ι.

1548 2221 1763 2263 numerat,
1788 2211 1890 2252 dum
1917 2208 2211 2251 Eratosthenes
2238 2206 2348 2247 hanc
2375 2204 2482 2246 viam
2496 2202 2663 2245 nonnisi
2681 2202 2726 2243 3.
2745 2222 2754 2238 ι
2774 2223 2781 2237 ι

1547 2277 1777 2320 stadiorum
1803 2270 1990 2315 tradidit.

1605 2342 1629 2393 S
1649 2342 1746 2382 272.
1777 2337 1812 2393 ,δ
1822 2334 1894 2391 φ’]
1919 2331 2114 2375 Totidem
2129 2328 2261 2372 stadia
2282 2327 2582 2383 Agathemerus
2603 2326 2642 2379 1,
2667 2328 2715 2376 14
2749 2346 2752 2359 1
2777 2347 2782 2359 ·

1551 2401 1800 2446 Alexandria
1813 2397 1866 2441 ad
1886 2395 2071 2439 Lindum
2085 2394 2232 2444 habet;
2253 2390 2544 2435 Eratosthenes
2565 2404 2632 2447 ap.
2653 2387 2776 2431 strab

1549 2479 1593 2522 p.
1624 2464 1694 2507 25.
1725 2466 1795 2506 86.
1837 2460 1912 2503 125
1948 2457 2080 2501 stadia
2118 2460 2245 2507 4000,
2273 2454 2335 2497 vel
2373 2454 2483 2504 3640
2515 2466 2583 2509 ap.
2612 2447 2782 2493 eunde

1550 2543 1594 2585 p.
1626 2528 1722 2577 584.
1747 2522 1986 2568 Secundum
2008 2520 2189 2563 Plinium
2212 2516 2504 2560 Eratosthenes
2522 2514 2576 2558 ab
2597 2513 2716 2558 Alex.
2776 2530 2795 2547 ι·

1551 2589 1750 2633 Rhodum
1765 2585 2023 2643 computavit
2042 2586 2123 2638 469
2139 2581 2241 2623 mill.
2265 2582 2281 2634 (
2300 2579 2408 2622 3652
2427 2575 2534 2620 stad.
2555 2575 2590 2634 ),
2609 2573 2724 2619 luido
2784 2579 2787 2581 ’

1554 2653 1634 2707 578
1648 2651 1749 2694 mill.
1775 2651 1914 2705 (4624
1934 2645 2041 2688 stad.
2056 2647 2089 2700 ),
2107 2643 2325 2686 Mucianus
2343 2643 2423 2683 500
2439 2638 2540 2681 mill.
2559 2630 2687 2695 (4000
2702 2646 2753 2680 st.
2782 2635 2794 2665 “³

1552 2717 1710 2757 Revera
1731 2721 1828 2755 sunt
1858 2710 1943 2753 sere
1966 2709 2077 2751 3300
2094 2704 2239 2749 stadia.
2271 2705 2288 2759 11
2312 2726 2368 2736 -
2392 2700 2427 2743 'A
2442 2701 2666 2744 σκάλωνα
2685 2701 2700 2757 ]
2756 2720 2796 2732 ··

1551 2778 1662 2819 λωνα
1694 2775 1809 2826 cod.;
1842 2788 1924 2816 em.
1950 2769 2058 2813 Gaii.
2084 2771 2133 2810 In
2170 2781 2261 2823 sqq.
2291 2778 2368 2822 pro
2389 2763 2475 2822 ,γχ’
2495 2763 2652 2820 ubique
2671 2762 2742 2806 fue
2784 2807 2793 2818 .

1550 2839 1647 2898 ,δχῖ
1676 2838 1868 2880 Confusa:
1891 2848 2011 2876 voces
2033 2831 2241 2887 τρισχίλιοι
2262 2836 2304 2870 et
2319 2826 2635 2883 τετρακισχίλιοι.
2669 2827 2756 2879 Qu·
2786 2818 2789 2821 ’

1554 2901 1698 2944 eadem
1721 2913 1892 2957 prorsus
1920 2896 2116 2939 distantia
2144 2892 2196 2934 de
2215 2891 2411 2934 omnibus
2434 2902 2518 2932 orae
2535 2888 2662 2946 Syrie
2681 2900 2710 2929 u
2745 2908 2751 2921 ·
2770 2883 2774 2887 ⁴

1554 2965 1635 3007 bus
1655 2962 1920 3021 praedicatur,
1957 2961 2000 3001 in
2039 2956 2225 3000 numeris
2253 2954 2367 2996 hisce
2399 2948 2592 2996 rotundis
2619 2963 2705 2992 non
2766 2995 2767 2999 Ἰ

1554 3025 1845 3083 premendum.
1869 3024 1886 3079 u
1919 3046 1976 3054 —
1998 3019 2344 3076 Καισάρειαν]
2377 3013 2563 3071 Κεραοίαν
2582 3010 2767 3062 c0d.;e·
2801 3063 2804 3067 ρ

1555 3090 1662 3133 Gaii,
1695 3093 1710 3142 11
1748 3113 1807 3121 —-
1831 3085 2076 3142 Βηρυτὸν]
2105 3085 2279 3138 Berytus
2308 3094 2358 3121 ex
2390 3076 2495 3119 serie
2526 3072 2773 3132 geographi
2803 3075 2805 3085 '

1555 3159 1650 3191 ante
1669 3149 1864 3192 Sidonem
1890 3144 2083 3204 ponenda
2101 3154 2203 3186 erat.
2234 3143 2251 3196 ΙΙ
2277 3163 2334 3172 -
2357 3134 2614 3193 Κώρυιιον]
2639 3133 2705 3178 Ci'.
2732 3146 2787 3175 εν

1556 3227 1629 3268 pra
1652 3215 1675 3265 S
1699 3225 1796 3266 227.
1829 3211 2039 3251 Numerus
2070 3223 2110 3263 ,a
2137 3213 2250 3259 Justo
2273 3203 2433 3252 min0r3
2466 3200 2530 3241 via
2558 3196 2729 3240 brevissi
2758 3216 2762 3231 ·

1562 3276 1667 3316 1300
1683 3274 1847 3315 circiter
1862 3269 2108 3313 stadiorum.
2132 3270 2148 3322 11
2167 3265 2317 3308 -ἐπὶ
2339 3261 2423 3316 τὴν
2456 3261 2648 3317 Κύπρον
2671 3257 2760 3303 κτλ.

1557 3336 1619 3379 int
1651 3334 1722 3388 τὴν
1755 3336 1903 3390 Κύπρον
1937 3332 1999 3375 ἐπὶ
2024 3329 2094 3383 τὴν
2115 3329 2290 3385 {anapia-e
2325 3325 2393 3379 τὴν
2426 3324 2483 3368 ἐπ’
2520 3320 2714 3371 ἀνατολὰς
2751 3367 2757 3380 ¹

1557 3402 1665 3455 κριοῦ
1684 3398 1917 3455 οὗριωτάτου
1935 3395 2084 3452 ζεφύρῳ
2102 3391 2250 3436 codex.
2268 3392 2412 3446 Usque
2433 3386 2486 3431 ad
2509 3389 2710 3430 Acunum
2722 3405 2767 3419 -‹·

1558 3461 1811 3503 occidentale
1851 3459 1976 3517 Cypri
2011 3454 2371 3515 promontorium,
2405 3449 2458 3494 ad
2491 3445 2605 3507 quod
2653 3445 2767 3504 supi

1558 3526 1707 3566 Noster
1722 3523 1880 3579 diaplos
1899 3535 1995 3563 suos
2013 3519 2182 3571 direxit,
2198 3524 2297 3559 sunt
2310 3514 2396 3558 sere
2410 3510 2541 3556 stadia
2561 3522 2687 3553 2100.
2705 3508 2760 3551 N·

1560 3598 1695 3631 tamen
1715 3588 1790 3646 ,βο
1822 3584 2088 3628 scribendum
2121 3597 2199 3639 pro
2216 3578 2319 3639 ‘ssw'o
2353 3578 2485 3622 Error
2520 3582 2583 3617 est
2602 3579 2725 3617 aucto
2749 3571 2760 3584 ’

1560 3667 1683 3707 quem
1708 3650 1829 3692 simili
1855 3647 1983 3691 modo
1998 3646 2051 3689 ab
2076 3649 2302 3688 Acainante
2327 3640 2381 3683 ad
2410 3635 2674 3683 Gtelidonins
2696 3648 2735 3677 1-
2756 3656 2763 3670 ·

1562 3714 1838 3767 (Strabonem
1876 3711 1936 3753 vel
1974 3707 2111 3766 1900)
2142 3705 2273 3749 stadia
2322 3709 2565 3760 computare
2598 3696 2757 3740 vidim

1562 3790 1691 3831 quum
1723 3778 1805 3817 sint
1848 3774 1932 3815 tere
1963 3770 2095 3814 stadia
2135 3782 2258 3812 1100.
2284 3763 2409 3823 Apud
2439 3762 2618 3807 Plinium
2648 3760 2706 3811 V,
2768 3784 2770 3786 -

1562 3842 1584 3891 g
1611 3837 1685 3879 135
1711 3853 1733 3878 a
1753 3835 1904 3878 Rhodo
1935 3833 1988 3876 ad
2020 3834 2204 3890 Cyprum
2227 3843 2315 3872 esse
2332 3827 2531 3870 dicuntur
2545 3822 2729 3881 CLXVI,
2756 3876 2758 3879 v

1561 3916 1588 3957 p
1644 3903 1660 3954 (
1682 3902 1785 3943 1328
1809 3898 1999 3952 stadia),
2036 3909 2212 3938 numero
2241 3890 2354 3935 haud
2381 3889 2506 3932 dubie
2528 3887 2717 3942 corrupt‘·
2754 3937 2757 3939 -
2792 3892 2795 3894 “

1562 3989 1617 3995 -
1637 3964 1838 4017 Πάταρα
1935 3959 2007 4017 ψ’]
2040 3958 2143 4000 linea
2171 3964 2279 3998 recta
2304 3962 2402 3996 sunt
2434 3951 2528 3993 550.
2559 3949 2575 4003 ss
2597 3970 2654 3980 —-

1566 4042 1647 4067 νον
1666 4059 1700 4070 ..
1726 4025 1791 4067 ον’
1810 4027 1825 4082 ]
1845 4031 1941 4066 sunt
1966 4021 2018 4064 ad
2053 4021 2134 4064 300
2169 4016 2317 4061 stadia.
2354 4012 2416 4058 Ad
2441 4013 2678 4069 Rhopusam
2736 4010 2737 4013 ’
