2808 4342
796 73 843 121 0

200 288 212 304 '
289 279 367 338 τὴν
385 283 467 327 τῶν
489 280 556 327 δύ’
571 282 753 344 ἠπείρων
772 299 817 327 τε
834 278 943 326 κατὰ
957 278 1081 343 μέρος
1100 279 1232 340 θέσιν,

289 350 333 395 ἓν
350 350 526 413 ἑκατέρα
550 350 653 401 τίνες
674 350 775 395 εἰσὶν
795 346 1008 403 Ἑλλήνων
1026 346 1187 403 πόλεις,

287 417 392 471 τίνες
409 419 591 477 ἔκτισαν,
612 418 720 463 κατὰ
738 417 851 467 τίνας
869 414 1041 478 ᾤκησαν
1057 416 1251 478 χρόνους,

286 484 380 537 τοὺς
397 489 596 546 ὁμοεθνεῖς
618 484 737 534 ὄντας
754 501 798 528 τε
816 482 909 529 τούς
931 481 968 527 τ’
987 483 1261 546 αὐτόχθονας,

223 567 267 599 σο
287 552 365 599 τίν’
388 554 473 599 ἔστι
499 552 769 613 πλησιόχωρα
790 548 1012 613 βαρὸάρων
1033 552 1158 612 γένη,

285 622 376 667 τίνα
396 621 580 682 μιγάδων
599 620 824 678 λεγόμενα,
848 626 948 666 ποῖα
960 622 1176 700 νομαδικά
1190 658 1205 684 ,

283 682 388 734 τίνες
405 682 575 744 ἥμεροι,
597 682 702 733 τίνες
725 680 826 727 εἰσὶν
850 681 1100 736 ἀξενώτατοι

283 750 389 796 ἔθεσι
402 750 601 833 'demss
621 753 659 795 τ’
679 748 811 813 ἔργοις
828 769 872 797 τε
896 751 1240 818 βαρὸαρώτατοι,

283 820 372 865 τίνα
391 822 472 865 τῶν
496 822 619 866 ἐθνῶν
639 819 816 881 μέγιστα
835 822 1173 884 πολυανδροῦντά
1191 843 1259 882 τε,

219 905 262 936 85
281 890 386 936 τίσιν
409 890 547 950 νόμοις
568 889 726 936 ἕκαστα
746 893 901 954 χρῆται
920 892 992 937 καὶ
1014 891 1141 954 βίοις,

281 962 363 1005 τῶν
383 960 590 1023 ἐμπορίων
614 959 692 1006 ὅσα
712 963 749 1005 τ’
775 960 885 1007 ἐστὶν
907 962 1213 1024 εὐτυχέστατα,

278 1026 414 1084 νήσων
434 1047 478 1075 τε
500 1032 648 1075 πασῶν
669 1032 748 1074 τῶν
771 1031 872 1093 πρὸς
898 1031 1104 1092 Εὐρώπην
1124 1032 1248 1090 θέσιν,

281 1098 372 1155 ἑξῆς
392 1117 438 1146 τε
461 1102 541 1145 τῶν
562 1099 756 1162 σύνεγγυς
780 1100 896 1164 Ἀσίᾳ
919 1099 1138 1162 κειμένων,

280 1169 433 1222 κτίσεις
450 1189 495 1216 τε
519 1169 677 1216 πόλεων
701 1173 783 1216 τῶν
806 1172 847 1215 ἐν
868 1172 1011 1223 αὐταῖς
1029 1172 1278 1235 φερομένων,

218 1254 260 1286 90
283 1239 426 1292 ἅπλῶς
447 1243 484 1285 θ’
506 1239 700 1285 ἁπάντων
721 1241 904 1302 ὀριιιως*ι
924 1240 1100 1294 διέξοδον

278 1308 350 1354 καὶ
371 1308 447 1365 τὴν
465 1309 564 1365 ὅλην
587 1309 815 1372 περίοδον
797 1328 839 1354 εν
858 1309 1006 1371 ὀλίγοις
1027 1311 1204 1373 στίχοις,

277 1372 326 1434 ἧς
345 1381 367 1424 ὁ
388 1378 651 1431 κατακούσας
672 1379 718 1424 οὗ
739 1379 861 1438 μόνον
880 1380 1179 1442 τερφθήσεται,

279 1446 370 1507 ἅμα
393 1447 428 1493 δ’
450 1448 680 1510 ὠφελίαν
658 1447 840 1494 αποίσετ’
861 1447 1087 1512 εὔχρηστον
1112 1450 1272 1511 μαθών,

278 1517 315 1562 εἰ
338 1517 466 1577 μηθὲν
488 1517 640 1579 ἕτερον,
660 1516 785 1580 φασί,
810 1521 890 1564 ποῦ
909 1520 1002 1565 ποτ’
1023 1518 1112 1565 έστι
1129 1538 1227 1581 γης,

213 1602 255 1634 ⁹⁶
278 1588 356 1632 κάν
376 1587 459 1633 τίσι
486 1587 625 1639 τόποις
646 1587 721 1643 τὴν
742 1588 924 1652 πατρίδα
949 1588 1143 1649 κειμένην
1165 1589 1273 1653 ἔχει,

276 1654 396 1701 τίνων
419 1659 462 1701 τε
483 1655 681 1719 πρότερον
702 1656 925 1718 γενομένην
952 1657 1179 1721 οἰκητόρων

276 1724 422 1771 πόλεσί
444 1744 488 1771 τε
506 1725 641 1778 ποίαις
664 1725 902 1788 συγγένειαν
922 1727 1115 1792 ἀναφέρει
1131 1743 1144 1756 ·

276 1794 483 1840 συνελόντι
506 1795 540 1840 δ’
565 1797 711 1855 εἰπεῖν,
733 1796 827 1858 οὐχὶ
846 1795 920 1853 τὴν
941 1797 1179 1851 Ὀδυσσέως

275 1864 595 1925 ἀναδεξάμενος,
621 1866 676 1917 ὥς
694 1884 817 1928 φασιν
837 1868 874 1912 οἱ
897 1870 1038 1927 μῦθοι,
1057 1869 1236 1927 πλάνην,

194 1950 257 1981 too
278 1933 347 1981 ἐπὶ
369 1937 441 1990 τῆς
463 1934 569 1988 ἰδίας
593 1934 636 1981 δὲ
656 1937 901 1995 καταμένων
922 1937 1173 1998 εὐδαιμόνως
1187 1974 1201 2000 ,

274 2004 367 2067 οὗχὶ
391 2004 514 2065 μόνον
534 2005 775 2068 ἑτερόφυλον
796 2005 1021 2068 ἀνθρώπων
1047 2007 1153 2070 βίον,

274 2077 397 2119 ἐθνῶν
418 2073 524 2119 ὅλων
547 2074 589 2120 δὲ
613 2074 783 2135 γνώσετ’
807 2075 915 2133 ἄστη
934 2077 1007 2122 καὶ
1026 2077 1188 2135 νόμους.

274 2143 474 2191 Λαὸοῧσα
497 2143 532 2189 δ’
551 2147 578 2199 ἡ
598 2143 785 2197 σύνταξις
808 2145 1132 2209 ἐπιφανέστατον

273 2212 511 2275 ἀρχηγέτην
531 2231 578 2259 σε
600 2213 825 2277 φιλάγαθόν
851 2232 895 2259 τε
914 2215 1152 2278 προστάτην

188 2297 249 2330 ιω
270 2281 359 2339 ἥξει
377 2282 446 2328 διὰ
469 2283 615 2346 λόχους
637 2284 845 2344 ἐπιμελεῖς
864 2286 921 2335 είς
939 2283 1007 2329 τὸν
1032 2284 1138 2346 βίον,

268 2351 317 2397 τὸ
336 2350 406 2398 σόν
429 2370 472 2397 τε
488 2388 500 2411 ,
529 2354 724 2414 βασιλεῦ,
744 2359 848 2397 πᾶσι
873 2353 1039 2415 κηρύξει
1062 2353 1180 2407 κλέος

268 2422 388 2467 διαπε
392 2421 585 2482 μπομένη
604 2421 705 2484 πρὸς
724 2421 787 2468 ἕτε
773 2440 860 2485 εριν
882 2425 953 2485 ἀφ’
975 2423 1117 2486 ἑτέρου
1141 2422 1268 2470 τόπον

268 2491 339 2537 καὶ
357 2492 440 2543 τοῖς
462 2491 627 2554 μακρὰν
652 2492 857 2554 ἀπέχουσι
880 2492 954 2548 τὴν
979 2492 1202 2556 εὐφημίαν.

330 2557 442 2616 Ἤδη
466 2562 502 2605 δ’
529 2562 592 2607 επ’
616 2561 750 2623 ἀρχὴν
770 2555 856 2620 εἶμι
880 2565 952 2617 τῆς
974 2562 1203 2616 συντάξεως

186 2645 247 2677 ιιο
268 2648 360 2681 τους
383 2637 631 2692 συγγραφεῖς
653 2631 889 2690 ἐκθέμενος,
908 2624 967 2683 οἷς
994 2631 1043 2687 δὴ
1068 2633 1281 2694 χρώμενος

267 2699 335 2744 τὸν
360 2699 565 2761 ἱστορικὸν
591 2702 646 2751 εἰς
667 2700 806 2746 πίστιν
827 2700 1067 2760 ἀναπέμπω
1087 2700 1206 2762 λόγον
1220 2720 1232 2731 ·

267 2770 325 2831 τῷ
347 2768 420 2823 τὴν
443 2769 704 2831 γεωγραφίαν
726 2769 807 2833 γὰρ
831 2769 1141 2829 ἐπιμελέστατα

267 2837 490 2900 γεγραφότι
505 2872 517 2892 ,
539 2840 622 2890 τοῖς
642 2856 686 2883 τε
713 2838 887 2899 κλίμασι
910 2839 982 2884 καὶ
1002 2842 1084 2892 τοῖς
1107 2839 1340 2902 σχήμασιν,

265 2905 553 2969 Ἐρατοσθένει
575 2907 758 2967 μάλιστα
782 2908 1138 2967 συμπεπεισμένος
1154 2945 1166 2969 ,

183 2991 244 3031 11}
264 2975 430 3040 Ἐφόρῳ
448 2994 493 3022 τε
511 2975 583 3022 καὶ
602 2977 660 3038 τῷ
680 2974 753 3028 τὰς
772 2975 924 3026 κτίσεις
943 2976 1125 3038 εἰρηκότι

267 3048 310 3092 ἐν
330 3046 452 3092 πέντε
474 3044 631 3108 βίὸλοις
651 3046 854 3093 Χαλκιδεῖ
875 3045 1103 3109 Διονυσίῳ,

197 3168 287 3177 --·

237 3232 306 3284 76.
335 3228 405 3270 δύο
433 3226 580 3271 codex.
610 3228 627 3283 ΙΙ
652 3252 709 3259 -
730 3230 799 3283 78.
824 3228 969 3285 ᾤκισαν
1006 3227 1182 3284 conjecit
1204 3229 1418 3270 Boissona·

179 3290 295 3342 dius,
325 3289 527 3347 probante
552 3291 808 3342 Letronnio,
838 3290 1099 3347 improbante
1140 3288 1363 3333 Meinekio.
1397 3291 1414 3345 ΙΙ

180 3377 235 3385 -
251 3356 320 3396 8ο.
337 3353 436 3402 τίνες
451 3351 657 3404 ἔστίοοά.;
670 3367 755 3395 em.
772 3354 973 3396 Leti-mn.
988 3377 1046 3385 —
1064 3353 1082 3409 ΙΙ
1098 3353 1168 3397 83.
1181 3351 1290 3406 ἤθεσι
1301 3351 1415 3404 cod.;

179 3429 263 3457 em.
278 3415 475 3457 Morenus
489 3432 500 3467 ;
513 3414 665 3457 deinde
678 3416 831 3471 τρόποις
846 3414 1097 3472 ἔργοιςοοά.;
1114 3429 1198 3458 em.
1213 3414 1417 3459 Bernhar-

180 3476 235 3533 dy
258 3478 300 3519 in
321 3478 423 3519 Anal
474 3480 517 3519 in
539 3479 693 3533 Geogr.
718 3479 822 3520 min.
846 3493 891 3535 p.
927 3481 968 3522 8.
1008 3479 1101 3534 11-
1129 3478 1197 3521 85.
1216 3478 1255 3520 τί
1279 3493 1340 3520 σοι
1355 3478 1419 3520 νό-

179 3539 382 3596 μοιςεοά.
407 3542 590 3595 11—88.
613 3535 712 3592 ἒξῆς
734 3540 944 3592 tffivcodq
971 3556 1055 3583 em.
1084 3540 1290 3584 kim-chel.
1315 3542 1333 3597 ΙΙ
1360 3565 1419 3574 -

179 3613 251 3657 90.
270 3599 400 3649 ἁπλῶς
424 3616 465 3642 τι
483 3600 1418 3661 cod.;-em.Morell.11——6ptxffivJsicoe-

178 3660 261 3705 dex
280 3671 496 3719 corrupte,
520 3663 586 3704 καὶ
604 3663 738 3719 ὁρικῶς
759 3664 983 3717 umbem
1008 3665 1121 3722 quod
1150 3664 1356 3708 contraxit
1372 3665 1416 3707 in

178 3724 354 3783 χῶριιιῶς
368 3726 593 3768 Letronne.
619 3725 684 3768 Ad
707 3742 798 3782 quae
814 3698 1033 3770 Meinek'e:
1058 3726 1304 3771 Adverbio
1323 3726 1416 3771 ιιιιΙ

175 3787 242 3833 lus
261 3788 332 3832 bic
356 3787 472 3831 locus
493 3796 571 3831 αι.
592 3788 698 3830 Mihi
722 3789 945 3845 aliquando
966 3792 1122 3847 χωρίων
1150 3788 1415 3833 scribendum

179 3850 420 3903 videbatur3
450 3865 566 3894 nunc
582 3850 721 3892 malim
755 3850 839 3893 sere
861 3866 871 3893 ι
909 3852 1039 3902 ἁπλῶς
1068 3854 1102 3895 θ’
1127 3853 1306 3895 ἁπάντων
1329 3852 1416 3909 ὅρια

178 3914 246 3957 καὶ
257 3913 440 3963 διέξοδον.
458 3914 608 3956 Fateor
625 3921 762 3955 tamen
774 3928 827 3955 ne
843 3913 924 3956 hoc
937 3914 1107 3970 quidem
1123 3914 1408 3958 satisfacere.-

178 3979 316 4030 Quam
338 3974 671 4019 emendationem
693 3975 913 4019 obscuram
934 3975 1076 4019 dicens
1104 3975 1412 4034 Bernhardyua,

180 4038 443 4082 scribendum
473 4045 607 4096 putat,
640 4037 820 4082 ἁπάντων
848 4038 1047 4096 ίστορικῶς
1075 4039 1259 4092 διέξοδον,
1282 4052 1413 4096 quum

1003 179 1290 226 ANONYMI
1323 178 1507 241 (vomo
1537 181 1766 232 sevum
1797 185 1954 245 cml)

2637 190 2687 250 (υ.
2702 190 2753 254 ι.)

1509 290 1728 336 ambarum
1748 284 2051 337 continentium
2072 298 2283 353 speciatim
2302 299 2427 340 situm
2442 328 2455 348 ,

1510 359 1554 401 in
1575 368 1751 419 utnque
1769 377 1864 420 quc
1880 365 1964 408 siut
1979 366 2223 409 Graeeorum
2242 366 2391 417 urbes,

1508 429 1582 484 qui
1598 429 1888 485 condiderint,
1907 448 1994 491 quo
2011 435 2197 478 habitare
2217 438 2418 493 eoeperiut
2436 446 2621 493 tempore
2638 469 2650 488 ,

1509 498 1583 552 qui
1601 496 1787 555 ejusdem
1804 501 1944 559 stirpis
1966 503 2050 545 sint
2067 511 2109 545 et
2125 505 2198 560 qui
2220 504 2425 560 indigenae
2436 536 2448 557 ‚

1510 580 1700 622 quanam
1722 569 1867 614 vicine
1887 571 2161 615 barbarorum
2179 582 2321 629 gentes

1509 649 1602 691 quae
1618 650 1901 682 convenarum
1922 639 2067 692 dietoe,
2087 641 2227 698 quales
2247 644 2494 699 pastoritiae,

1484 705 1680 760 -quinam
1700 708 1930 763 mansueti,
1949 711 2024 766 qui
2041 710 2124 753 sint
2145 710 2411 768 inhospitales
2432 714 2612 755 maxime

1510 773 1716 826 moribus,
1736 783 1779 817 et
1794 777 1944 819 animia
1962 776 2163 834 factisque
2179 781 2358 822 maxime
2377 779 2566 831 barbari,

1509 853 1601 894 quae
1618 849 1759 896 gente·
1773 844 1966 886 maxime
1980 852 2023 886 et
2043 845 2230 889 vin-orum
2246 849 2365 903 eopia
2385 848 2582 904 pollentes
2594 880 2604 899 ,

1508 922 1600 963 quae
1620 909 1702 951 sint
1719 909 1827 965 leges
1845 911 2017 966 singulis
2032 920 2075 954 et
2090 914 2206 968 quod
2228 916 2320 958 vitae
2337 931 2465 971 genus
2479 948 2491 967 ‚

1507 978 1791 1032 emporiorum
1812 987 1917 1035 quot
1935 981 2020 1022 sint
2034 980 2379 1037 fortunatissima,

1508 1045 1818 1103 insularumque
1839 1048 1965 1090 situm
1987 1050 2194 1102 omnium,
2213 1064 2306 1107 quae
2321 1052 2375 1094 ad
2391 1054 2601 1112 Europam
2616 1087 2627 1106 ‚

1507 1123 1548 1155 et
1571 1114 1723 1158 deinde
1743 1131 1836 1172 quae
1852 1126 1951 1159 sunt
1971 1118 2079 1160 Asiae
2099 1120 2246 1162 vieinae
2259 1151 2271 1171 ,

1506 1192 1547 1224 et
1566 1198 1658 1240 quae
1679 1185 1724 1226 in
1742 1186 1792 1227 iis
1811 1185 2003 1228 seruntur
2025 1186 2149 1229 urbes
2166 1187 2366 1240 conditae,

1506 1252 1827 1310 simpliciterque
1844 1256 2038 1297 omnium
2056 1256 2202 1298 scitam
2220 1258 2521 1313 expositionem

1505 1329 1546 1362 et
1566 1322 1694 1364 totius
1713 1331 1833 1365 terrae
1851 1324 2074 1366 circuitum
2094 1325 2237 1381 paucis
2257 1326 2443 1368 versibus
2458 1358 2469 1376 ‚

1505 1404 1631 1445 quem
1650 1390 1823 1440 audiens
1843 1406 1930 1434 non
1947 1392 2083 1434 solum
2101 1391 2387 1445 delectabitur,

1504 1458 1576 1500 sed
1593 1458 1777 1502 fructum
1794 1458 1919 1503 simul
1940 1461 2101 1504 discens
2118 1461 2278 1505 auferet
2293 1464 2509 1520 perutilem
2535 1479 2543 1506 :

1504 1532 1536 1570 si
1561 1530 1663 1572 nihil
1684 1530 1819 1582 aliud,
1840 1540 1887 1573 ut
1903 1532 2043 1583 aiunt,
2064 1541 2107 1574 at
2125 1532 2295 1575 ubinam
2312 1535 2365 1575 sit
2388 1542 2615 1586 terrarum,

1502 1606 1542 1639 ct
1562 1599 1604 1639 in
1621 1599 1772 1654 quibus
1788 1599 1888 1641 locis
1907 1601 2028 1641 sitam
2045 1600 2194 1643 habeat
2210 1602 2407 1657 patriam,

1502 1675 1543 1708 et
1563 1682 1587 1708 a
1609 1667 1858 1724 quibusnam
1877 1667 1976 1709 olim
1999 1667 2233 1720 conditam,

1503 1734 1710 1792 urbeque
1731 1734 1785 1777 ad
1802 1749 2003 1792 quasnam
2026 1737 2315 1790 cognationem
2335 1737 2486 1780 reserat
2497 1754 2511 1789 ς

1502 1811 1549 1844 ιιι
1569 1802 1819 1860 compendio
1836 1812 1976 1846 autem
1993 1803 2146 1857 dioem,
2166 1819 2253 1847 non
2275 1805 2430 1862 Ulyssis

1501 1873 1742 1929 suscipiens,
1766 1881 1814 1915 ut
1830 1874 1948 1916 aiunt
1966 1873 2137 1926 rabulae,
2162 1890 2346 1928 errores,

1502 1939 1575 1981 sed
1596 1939 1727 1982 domu
1745 1954 1916 1983 manens
1938 1941 2078 1994 beate,

1502 2023 1586 2050 non
1603 2009 1738 2051 solum
1760 2008 1932 2051 diversae
1953 2011 2092 2066 stirpis
2110 2010 2329 2053 hominum
2346 2012 2471 2054 vitam
2487 2044 2499 2062 ‚

1500 2077 1573 2120 sed
1591 2079 1781 2120 omnium
1802 2079 1988 2133 gentium
2007 2078 2131 2120 urbes
2150 2078 2339 2135 legesque
2357 2089 2518 2123 noscet.

1500 2147 1579 2189 Hic
1596 2156 1735 2190 autem
1759 2147 1865 2190 liber
1882 2156 2028 2190 nactus
2047 2148 2370 2190 illustrissimum

1498 2214 1649 2257 ducem
1665 2224 1707 2258 et
1727 2224 1951 2272 patronum
1973 2217 2202 2271 optimum,

1498 2283 1683 2340 prodibit
1703 2292 1827 2340 partu
1844 2283 1976 2340 probe
1994 2282 2206 2325 sublevato
2231 2284 2273 2325 in
2291 2283 2426 2326 lucem
2439 2315 2452 2336 ,

1497 2360 1709 2408 tuamque,
1730 2366 1819 2402 rex,
1839 2352 2000 2394 cunctis
2013 2350 2254 2408 praedicabit
2272 2351 2467 2408 gloriam,

1497 2422 1775 2463 transmittens
1794 2421 1838 2462 in
1853 2419 1980 2462 alium
1998 2434 2050 2462 ex
2069 2419 2149 2462 alio
2165 2419 2305 2463 locum

1497 2490 1558 2531 vel
1578 2488 1725 2546 procul
1746 2489 1916 2531 remotis
1939 2488 2090 2532 famam
2117 2490 2338 2544 egregiam.

1550 2562 1575 2601 J
1577 2574 1643 2602 am
1662 2574 1761 2602 vero
1779 2558 1832 2601 ad
1851 2559 2016 2601 initium
2035 2559 2281 2615 progredior
2299 2561 2458 2616 operis,

1492 2627 1711 2684 scriptores
1732 2642 1964 2683 exponens,
1988 2627 2139 2683 quibus
2158 2642 2255 2668 usus
2277 2642 2368 2669 sum
2381 2659 2393 2679 ,

1493 2706 1539 2738 ut
1564 2698 1606 2738 in
1628 2696 1754 2738 fidem
1775 2697 1912 2738 veniat
1933 2710 2071 2737 sermo
2089 2696 2332 2747 historicusg

1491 2764 1781 2821 geographiam
1800 2765 1911 2806 enim
1930 2764 2003 2819 qui
2023 2763 2336 2818 diligentissime

1490 2834 1674 2890 scripsit,
1698 2832 1814 2889 quod
1830 2832 1995 2874 climata
2011 2841 2053 2873 ct
2074 2832 2223 2887 figuras
2247 2842 2451 2876 terrarum
2473 2837 2641 2889 attinet,
2788 2842 2802 2901 ἒ

1491 2901 1752 2943 Eratostheni
1772 2901 1951 2942 maxime
1967 2900 2065 2942 fisus
2083 2914 2174 2941 sum
2186 2932 2197 2952 ,
2790 2902 2802 2916 ‘*

1490 2969 1742 3025 Ephoroque
1759 2977 1815 3020 et,
1836 2969 1908 3024 qui
1931 2966 1984 3010 de
2003 2967 2176 3010 urbibus
2194 2968 2373 3011 conditis

1490 3038 1595 3079 dixit
1613 3038 1797 3093 quinque
1814 3036 1945 3087 libris,
1966 3035 2225 3079 Chalcidensi
2251 3039 2451 3095 Dionysio
2465 3071 2477 3091 ,

1488 3226 1666 3282 scriptor
1707 3232 1862 3329 aperte
1874 3165 2084 3279 glorietur
2121 3226 2300 3281 optimos
2339 3225 2474 3269 sontes
2505 3236 2723 3275 auctorum
2793 3230 2802 3274 f

1486 3289 1503 3341 (
1526 3301 1566 3329 v.
1595 3300 1689 3329 ιιι.
1862 3286 1991 3342 ορικδν
2018 3286 2069 3336 εἰς
2088 3288 2213 3329 πίστιν
2234 3287 2446 3346 ἀναπέμπω
2467 3289 2640 3348 λόγον).
2655 3292 2755 3341 8Ξο

1484 3364 1583 3392 vero
1605 3362 1745 3391 versus
1770 3348 1987 3391 claudicat.
2010 3350 2237 3393 unissima
2257 3353 2432 3395 mutatio
2462 3352 2599 3397 foret:
2738 3371 2754 3394 ⁷.
2770 3390 2781 3399 .

1484 3415 1584 3462 κῶς,
1608 3419 1848 3469 opportune,
1875 3413 2126 3469 tempestive,
2150 3412 2228 3465 vel,
2247 3413 2362 3470 quod
2381 3414 2538 3468 malim,
2557 3414 2727 3474 ὡρικήν,
2740 3407 2808 3495 *3

1488 3475 1505 3530 ΙΙ
1530 3498 1587 3507 -
1608 3475 1679 3530 93.
1696 3473 2012 3531 ὦφέλειανςοά.;
2030 3490 2113 3518 em.
2130 3477 2279 3528 Meinq
2268 3475 2394 3519 ·dein
2414 3476 2581 3521 aazias&
2602 3474 2762 3548 0οᾶ.’3.

1482 3549 1565 3578 m.
1597 3538 1797 3579 Lemno.
1819 3538 1836 3593 ΙΙ
1870 3561 1928 3569 -
1952 3541 2022 3593 94.
2045 3537 2079 3580 εἰ
2108 3537 2199 3594 μήθ’
2220 3538 2360 3595 ἕτερον
2390 3538 2506 3591 cod.;
2536 3554 2620 3584 em.
2642 3531 2760 3597 Iao-⁴1}

1482 3605 1624 3641 tronn.
1639 3601 1749 3642 Tum
1771 3600 1885 3656 φασὶν
1900 3599 1945 3642 οὗ
1967 3600 2060 3644 πότε
2087 3616 2166 3643 εστι
2186 3600 2274 3658 (sic
2297 3601 2312 3659 )
2336 3601 2451 3654 cod.;
2477 3616 2560 3644 em.
2585 3596 2762 3647 Πτῶ-

1482 3661 1581 3704 εἰιιιι.
1612 3664 1629 3718 ΙΙ
1657 3686 1714 3695 -
1735 3663 1806 3718 95.
1830 3663 1901 3705 κᾶν
1921 3678 1998 3706 τισι
2022 3663 2136 3715 cod.;
2165 3678 2248 3707 em.
2273 3665 2475 3707 Lenonn.
2500 3665 2597 3720 11-
2619 3663 2714 3711 ton.

1482 3722 1706 3777 ἅστυοοά.;
1730 3740 1813 3768 em.
1834 3726 2026 3782 Scaliger.
2066 3726 2269 3781 {1—105.
2296 3726 2371 3777 ἴξει
2396 3711 2739 3783 Bfflxoueooss}

1481 3794 1523 3828 et
1536 3786 1654 3838 edd,
1680 3787 1795 3844 quod
1819 3802 2094 3831 sensuearere
2120 3789 2285 3832 monuit
2306 3788 2553 3832 Meiuekius.
2571 3786 2714 3833 Ptoeo-
2798 3821 2800 3843 r

1480 3847 1586 3901 lons,
1608 3851 1671 3892 vir
1691 3850 1788 3893 clar.
1796 3859 1993 3907 ,rogatus
2016 3851 2102 3894 haec
2119 3852 2368 3908 proposuit.
2385 3851 2477 3905 ἥξει
2495 3849 2559 3893 διὰ
2573 3837 2757 3917 ³41&

1482 3881 1657 3965 ἔπιτέλὴς
1675 3911 1727 3962 εἰς
1747 3913 1814 3955 τὸν
1836 3914 1937 3969 βίον,
1950 3913 2013 3957 vel
2031 3914 2185 3957 etiam:
2202 3913 2276 3964 ἔξει
2299 3914 2506 3971 διαδόχους

1480 3977 1525 4018 τὸ
1543 3976 1708 4032 βιὸλίον.
1733 3977 1824 4032 11-
1847 3981 1941 4020 106.
1965 3979 2150 4020 τοσοῦτον
2169 3976 2344 4031 tecod.;
2363 3991 2447 4021 em.
2464 3977 2660 4020 lm
2685 3971 2707 4029 Ι

1479 4062 1535 4071 -
1557 4043 1650 4082 ιι6.
1673 4039 1835 4081 Χαλκίδι
1856 4039 1952 4083 cod.
