2808 4342
40 329 106 355 ονν
138 311 422 372 Εὐρυμέδοντα
447 311 604 356 στάδιοι
629 311 680 373 ρ’.

103 395 180 424 218.
216 381 232 440 [
257 379 344 425 Ἀπ’
369 379 673 440 Εὐρυμέδοντος
696 382 751 432 εἷς
770 383 1024 446 Κυνοσάριον
1049 385 1207 432 στάδιοι
1223 383 1280 449 ⁴²]

102 463 179 493 219.
218 446 316 493 Ἀπὸ
342 449 635 509 Κυνοσαρίου’
618 467 684 493 επι
708 450 894 509 ποταμὸν
917 452 1166 512 καλούμενον
1194 453 1277 499 Κέ-

0 534 9 567 3
41 533 159 577 στρον
197 517 353 561 στάδιοι
386 516 434 569 ξ’.
507 517 829 564 Ἀναπλεύσαντι
860 518 928 564 τὸν
952 521 1138 580 ποταμὸν
1165 523 1279 574 πόλις

39 583 124 630 ἐστι
143 584 301 643 Πέργη.

100 670 175 700 2211.
215 654 376 715 [Ἀπὸ]
409 659 477 699 τοῦ
505 655 733 716 Κέστρου’
716 656 783 700 επὶ
821 654 1104 703 Ῥουσκόποδα
1138 659 1275 719 [στά-

0 721 147 771 δῆιοι’(
166 724 201 783 ].

0 790 13 812 ²
99 807 176 837 221.
215 791 313 836 Ἀπὸ
328 791 662 843 Ρουσκόποδος’
645 792 711 837 επὶ
736 793 961 855 Μάσουραν
980 813 1050 839 και
1068 814 1158 846 τους
1184 798 1272 841 Κα·

0 861 243 927 Βταράκτας
261 861 416 905 στάδιοι
436 861 485 906 ν’.

0 922 6 984 3
96 944 172 974 222.
211 928 309 973 Ἀπὸ
334 930 564 990 Μασούρας
585 933 639 982 εἷς
667 933 898 992 Μυγδάλην
921 933 1076 978 στάδιοι
1096 933 1145 979 ο’.

0 991 4 1011 ³
98 1013 176 1042 223.
215 997 313 1042 Ἀπὸ
339 999 571 1059 Μυγδάλων
592 1003 646 1051 εἷς
670 1001 904 1047 Ἀττάλειαν
923 1003 1080 1047 στάδιοι
1110 1003 1148 1048 ι’.

97 1082 175 1111 221.
213 1066 311 1111 Ἀπὸ
330 1066 566 1147 ’ᾼτταλείας
583 1070 649 1114 ἐπὶ
669 1071 820 1132 χωρίον
841 1072 1016 1117 Τένεδον
1043 1071 1199 1116 στάδιοι
1216 1071 1267 1117 κ’.

42 1162 434 1170 ...-————-——-—

0 1206 169 1270 {⁴§217
184 1205 370 1257 sequitur
397 1220 440 1244 στ
444 1207 501 1244 αδ
497 1206 559 1245 ἴων
592 1210 640 1260 ρ’,
673 1208 706 1246 51
726 1207 778 1247 ad
798 1222 880 1247 0116
906 1209 1122 1248 maritimae
1140 1209 1271 1262 longi-

0 1246 221 1305 tudinem
261 1265 438 1316 1³·,efe1as
471 1269 656 1322 conrupti
695 1268 852 1319 soient,
886 1283 1014 1322 quum
1037 1284 1060 1309 a
1092 1269 1186 1309 Side
1219 1270 1268 1310 ad

0 1327 385 1380 Eurymedontem
421 1330 503 1369 sint
540 1329 669 1370 stadia
717 1344 809 1371 100.
861 1331 985 1371 Haud
1027 1331 1153 1371 dubie
1195 1333 1270 1385 igi

0 1383 99 1430 *tur
123 1389 305 1430 Seleucia
323 1399 409 1430 erat
428 1392 526 1431 urbs
550 1391 870 1443 mediterranea,
904 1395 956 1434 80
986 1408 1009 1433 a
1028 1393 1122 1433 Side
1144 1394 1271 1434 stadia

31 1450 205 1502 distans,
238 1451 343 1492 adeo
368 1461 416 1493 ut
448 1456 470 1505 5
497 1467 577 1506 217
610 1455 652 1494 in
683 1455 851 1510 paraplo
884 1454 1140 1510 pergendum
1172 1455 1270 1497 fuis·

19 1521 91 1553 *set
112 1526 121 1553 z
145 1512 219 1554 ἀπὸ
243 1513 371 1565 Σίδης.
400 1515 543 1569 Scylax
572 1530 615 1570 p.
641 1517 690 1568 75
719 1517 826 1556 inter
851 1516 1204 1571 Eurymedontem
1232 1527 1272 1558 et

21 1574 152 1615 ‘Siden
176 1584 381 1616 memorat
415 1576 618 1627 Σύλλειον,
655 1586 695 1617 et
719 1579 920 1619 Arrianus
946 1594 1111 1632 quoque
1134 1580 1267 1620 Anah.

0 1635 2 1637 ’
30 1638 65 1686 Ι,
97 1641 174 1687 26,
205 1652 222 1677 1
250 1639 329 1678 iter
363 1638 588 1679 Alexandri
615 1639 671 1687 ita
694 1638 911 1689 describit,
944 1649 991 1680 ut
1012 1640 1180 1694 Syllium
1211 1643 1271 1680 in-

29 1707 91 1739 ter
131 1699 255 1740 Sideri
300 1709 340 1741 et
376 1701 619 1756 Aspendum
659 1701 901 1756 ponendum
942 1717 1027 1742 esse
1068 1702 1268 1754 videatur.

0 1788 9 1817 .ss
24 1763 168 1813 Quare
198 1764 242 1802 in
267 1770 355 1802 not.
386 1762 438 1802 ad
459 1763 665 1816 Scylacem
690 1761 945 1816 conjeceram
964 1763 1134 1817 Syllium
1162 1764 1271 1803 istud

0 1822 7 1834 ²
27 1832 165 1878 postea
179 1824 348 1864 fortasse
360 1823 582 1863 Seleuciam
598 1823 749 1864 dictam
764 1838 865 1874 esse,
881 1824 943 1864 vel
955 1839 1031 1879 pro
1045 1824 1270 1865 Σελεύκειαν

0 1884 246 1939 legendum
275 1884 477 1926 Σύλλειον.
504 1888 558 1926 At
579 1900 660 1926 sec.
682 1886 839 1940 reliqua
864 1901 955 1941 quae
974 1886 1026 1927 de
1049 1887 1172 1941 Syllio
1192 1896 1273 1928 tra-

29 1945 216 1987 duntur
207 1962 249 1986 in
276 1947 380 1987 Tab.
404 1949 521 1988 Peut.
548 1956 588 1987 et
604 1947 715 2002 apud
737 1948 981 1994 Strabonem
999 1963 1042 2003 p.
1067 1952 1146 2002 667
1166 1950 1181 2000 (
1199 1949 1270 1990 ubi

0 2021 180 2060 §unomen
202 2010 327 2050 Συλλε
312 2025 387 2050 ιον
408 2009 562 2051 excidit
581 2012 596 2063 )
620 2019 660 2050 et
679 2019 851 2060 ceteros,
875 2011 952 2051 sita
970 2011 1071 2051 urbs
1096 2025 1181 2051 esse
1199 2011 1271 2052 de-

0 2062 150 2116 {hebet
180 2087 264 2113 non
292 2073 349 2113 ita
373 2073 493 2126 longe
522 2088 546 2113 a
577 2075 720 2126 Perge,
756 2072 808 2113 ad
840 2087 1013 2128 eamque
1047 2073 1271 2114 referendae

29 2140 125 2175 sunt
168 2135 321 2184 ruinae,
375 2150 467 2189 quae
507 2144 707 2175 vocantur
743 2136 866 2176 Sarek
911 2137 927 2187 (
962 2135 1072 2175 Vide
1118 2137 1195 2190 Sp1
1196 2145 1266 2176 att

28 2198 83 2246 11,
107 2211 160 2239 20
173 2211 235 2252 sq.
255 2199 287 2251 ).
310 2199 500 2251 Denique
520 2212 604 2237 non
621 2199 677 2237 ita
692 2212 839 2250 magna
858 2206 917 2236 est
934 2197 1109 2251 Scylacis
1130 2207 1269 2238 aucto-

2 2260 125 2311 -fitas
153 2259 205 2300 de
231 2260 406 2300 urbibus
434 2259 766 2309 mediterraneis,
788 2266 923 2313 neque
945 2258 1175 2313 quidquam
1195 2263 1270 2301 Ar·

8 2351 10 2354 ψ
26 2323 132 2362 riani
150 2323 387 2362 narratione
402 2321 636 2372 dirimitur3
654 2336 750 2362 nam
776 2321 1008 2362 Alexander
1027 2337 1050 2362 a
1071 2322 1165 2362 Side
1184 2324 1270 2377 Syl-

28 2382 151 2433 lium,
178 2383 317 2424 relicta
341 2398 361 2423 a
385 2384 558 2423 sinistris
585 2382 797 2437 Aspendo,
822 2383 1027 2437 proficisci
1046 2384 1196 2437 potuit,
1232 2393 1271 2425 ct

28 2454 247 2500 postquam
266 2446 317 2486 ad
335 2446 503 2501 Syllium
521 2445 572 2485 de
592 2445 898 2500 Aspendiorum
918 2445 1100 2485 tumultu
1120 2447 1270 2486 certior

31 2505 157 2548 factus
176 2517 295 2557 esset,
314 2517 425 2548 retro
445 2517 574 2548 castra
597 2523 764 2548 movere
783 2517 926 2548 contra
954 2508 1211 2564 Aspendum.

83 2574 105 2623 5
128 2575 225 2613 218.
258 2572 357 2610 Haec
378 2571 564 2625 supplevi
586 2570 842 2611 dubitanter.
865 2570 1026 2623 Quodsi
1060 2572 1102 2611 in
1133 2575 1155 2624 5
1189 2586 1268 2625 219

14 2647 224 2673 111111161115
244 2631 272 2680 ξ’
295 2640 405 2672 recte
425 2632 563 2681 habet,
591 2633 825 2687 Κυνοσάριον
843 2632 895 2673 311
915 2634 1051 2687 ipsum
1068 2635 1269 2688 Euryme-

28 2694 197 2735 dontem
219 2695 402 2749 positum
426 2709 511 2735 esse
526 2695 588 2734 vel
608 2696 782 2735 minimo
801 2695 1015 2735 intervallo
1035 2694 1268 2749 sejunctum

27 2770 113 2796 esse
128 2757 318 2798 debebat.
341 2757 454 2796 Nihil
484 2758 608 2810 igitur
623 2772 824 2812 repugno,
847 2759 879 2797 si
904 2761 925 2809 g
943 2771 1022 2811 217
1041 2757 1165 2798 fuisse
1185 2773 1267 2798 ma-

26 2819 122 2860 velis
148 2819 251 2868 εἷς...
282 2819 550 2875 Εὐρυμέδοντα
576 2820 590 2873 s
614 2821 678 2860 καὶ
700 2821 949 2876 Κυνοσάριον.
971 2821 986 2874 ]

83 2885 104 2933 §
143 2887 239 2924 219.
283 2882 343 2921 Ku
358 2897 407 2922 vo
422 2882 624 2936 σαρίου]
655 2884 712 2922 sic
745 2882 900 2932 codex;
935 2881 1166 2936 Κυνοσθρίου
1200 2883 1265 2923 611.

0 2946 160 2985 “-Ῑ’1’ἰ31·1.
175 2946 336 2984 Nomen
347 2944 512 2984 aliunde
526 2959 609 2985 non
623 2954 784 2985 notum.
799 2947 910 2985 Num
923 2953 1008 2985 erat
1017 2944 1135 2991 Κυνὸς
1143 2943 1266 2999 ἤριον,

11 3007 149 3047 ‘chais
165 3016 480 3054 monumentum,
502 3008 622 3047 sicuti
644 3006 763 3054 Κυνὸς
782 3010 888 3062 σῆμα
906 3007 1033 3047 habes
1050 3008 1090 3046 in
1107 3021 1180 3046 ora
1195 3009 1270 3047 Ca-

27 3069 110 3109 rica
133 3068 309 3122 (Strabo
329 3082 370 3122 p.
389 3067 495 3123 656)
517 3076 557 3108 et
573 3068 726 3122 Libyca
744 3070 759 3121 (
777 3068 842 3108 Id.
857 3083 900 3123 p.
923 3084 1020 3122 799.
1039 3076 1080 3108 et
1094 3070 1236 3109 Hecat.
1253 3069 1265 3124 )

14 3138 66 3170 ⁴et
76 3132 118 3170 in
133 3131 388 3171 Chersoneso
402 3130 632 3171 Thracica?
651 3133 713 3171 De
726 3132 866 3184 Pergae
880 3132 1029 3180 ruinis,
1047 3139 1094 3170 ut
1111 3131 1267 3171 mittam

25 3193 291 3246 antiquioreS,
313 3206 352 3232 V.
379 3193 529 3246 Spratt.
547 3192 576 3232 l.
599 3192 626 3233 l.
644 3194 700 3242 II,
722 3207 764 3247 p.
796 3196 861 3235 18.

81 3257 102 3306 S
127 3258 223 3296 220.
244 3253 407 3293 Inclusa
425 3254 629 3308 supplevit
648 3255 820 3295 Gailius.
848 3253 1118 3305 Ῥουσκόπους,
1141 3255 1267 3296 modo

23 3325 133 3356 recte
166 3331 316 3356 nomen
341 3316 504 3365 habeat,
541 3316 710 3357 fortasse
737 3327 797 3358 est
819 3320 1178 3372 promontorium,
1216 3319 1267 3359 ad

18 3378 137 3432 quod
157 3378 256 3419 hod.
281 3386 341 3417 est
364 3380 502 3417 Laura
524 3379 652 3419 vicus.
675 3381 808 3420 Distat
827 3395 851 3420 3
877 3382 1008 3420 Cestri
1032 3381 1145 3420 fluvii
1162 3383 1268 3422 ostio

26 3441 156 3481 stadia
190 3442 257 3491 30,
295 3455 319 3480 a
341 3441 562 3480 Cataractae
584 3441 700 3480 fluvii
738 3443 843 3481 ostio
875 3443 1054 3482 maxime
1080 3444 1266 3484 orientali

26 3502 133 3542 circa
169 3501 300 3542 stadia
323 3501 389 3543 50.
425 3503 577 3556 Spratt.
609 3502 636 3542 l.
673 3502 701 3542 l.
732 3517 825 3543 611111
850 3503 951 3544 11011.
990 3507 1130 3544 Luam
1162 3506 1267 3546 111316

0 3597 1 3601 ,
27 3564 237 3618 componit
253 3563 493 3618 Macydum.

21 3619 27 3623 ’
84 3627 106 3677 S
134 3630 231 3667 221.
258 3625 424 3666 Μάσου
438 3641 492 3680 ρα
506 3627 556 3681 ν]
576 3627 654 3666 Hic
677 3640 843 3679 quoque
858 3626 971 3666 locus
992 3626 1157 3668 aliunde
1183 3643 1266 3670 non

28 3694 149 3726 notus
170 3695 245 3737 est,
287 3686 549 3728 collocandus
579 3686 631 3727 ad
661 3686 857 3727 orientale
888 3688 1130 3729 Catarractae
1153 3689 1265 3730 fluvii

29 3749 44 3799 (
61 3748 224 3788 Dadeu-
208 3751 314 3802 -S1c)
359 3749 534 3799 05111111·1
578 3750 762 3804 Μάγυδος
804 3749 1010 3789 Ptolemaei
1048 3764 1130 3790 non
1173 3766 1266 3793 cum

26 3809 215 3859 Masum,
245 3810 315 3851 sed
337 3826 431 3851 cum
465 3811 655 3866 Μ)ς11316
681 3810 897 3852 Stadiasmi
928 3813 1264 3866 componendus,

28 3873 224 3912 suadente
251 3874 554 3926 1101111116.ΙΙ--
590 3889 694 3920 τους
724 3873 986 3927 Καταράκτ
996 3889 1044 3921 ας
1066 3876 1083 3928 ]
1102 3890 1168 3915 τον
1191 3876 1266 3916 Κα-

2 3935 220 3988 vtapo'tztnv
242 3949 321 3975 sec.
341 3935 568 3990 Scylacem,
594 3936 760 3984 Melam,
786 3912 981 3985 Plinium,
1006 3937 1264 3989 Strabonem,

6 3995 131 4047 *quos
168 3994 283 4046 vide3
319 3997 388 4037 sed
422 4006 515 4052 apte
540 3997 706 4052 pluralis
741 3996 924 4038 adhiberi
952 3999 1107 4052 potuit,
1132 4014 1260 4054 quum

877 144 1260 209 STADlASMUSv
1294 146 1490 200 MAms
1517 150 1738 196 MAGNi.

107 258 184 289 217.
224 241 321 287 Ἀπὸ
342 242 584 293 Σελευκείας
607 244 662 293 εἷς
685 244 870 302 ποταμὸν
893 246 1055 292 πλωτὸν
1083 248 1282 306 καλούμε-

2482 167 2601 207 489-

1371 251 1375 258 ’
1414 271 1511 313 217.
1547 261 1583 300 A
1603 259 1700 301 Side
1724 259 1849 316 (Ἀπὸ
1871 261 2013 315 Σίδης)
2043 261 2095 303 ad
2129 263 2301 304 fluvium
2324 266 2595 320 navigabilem

1353 340 1474 380 quern
1495 337 1644 369 vocant
1665 329 2040 384 Eurymedontem,
2066 331 2197 373 stadia
2225 346 2316 374 100.

1409 397 1504 436 218.
1542 396 1640 449 [Ab
1665 397 1961 452 Eurymedonta»
1983 398 2041 438 acl
2062 400 2323 452 Cynosurinm
2342 403 2541 444 stadia*?
2556 407 2591 460 J.

1409 476 1504 516 219.
1539 466 1574 505 Α
1598 466 1823 519 Cynosario
1846 465 1896 506 ad
1923 467 2096 508 fluvium
2119 469 2307 509 Cestrum
2330 469 2487 512 dictum
2509 481 2568 513 sta

1350 529 1417 573 dia
1435 534 1511 580 603
1531 531 1702 572 adverso
1722 533 1848 574 fluvio
1864 548 2026 575 sursum
2043 535 2247 589 naviganti
2265 539 2446 578 occurrit
2464 541 2589 594 Perge

1349 598 1462 638 urbs.
1639 604 1643 608 '

1406 679 1499 707 220.
1533 670 1568 707 A
1587 668 1730 708 Cestro
1750 668 1802 709 ad
1825 670 2142 725 Rhuscopodem
2167 672 2337 726 [stadia
2357 673 2464 728 35?]

1404 813 1499 841 221.
1533 804 1568 842 A
1614 802 1889 857 Rhuscopode
1936 803 1988 844 ad
2030 805 2240 845 Masuram
2282 815 2322 846 et
2357 807 2589 848 cataractas

1346 870 1474 910 stadia
1498 871 1562 912 50.

1402 950 1496 978 222.
1532 941 1566 979 Α
1587 941 1754 980 Masura
1773 939 1825 980 ad
1848 941 2063 995 Mygdalen
2092 942 2221 982 stadia
2249 943 2295 983 15
2316 944 2333 996 (
2352 943 2421 983 ιεῬ
2439 948 2470 997 ).

1403 1007 1498 1045 223.
1530 1009 1562 1046 Α
1584 1006 1784 1061 Mygdalis
1801 1007 2074 1062 (Mygdaleae’)
2093 1009 2144 1049 ad
2165 1010 2353 1051 Attaliam
2374 1011 2502 1054 stadia
2519 1028 2585 1056 10.

1402 1076 1496 1120 224.
1531 1073 1595 1113 Ab
1616 1074 1768 1114 Attalia
1789 1074 1840 1114 ad
1859 1075 1996 1115 locum
2016 1075 2234 1116 Tenedum
2257 1079 2387 1119 stadia
2414 1094 2481 1121 20.

1336 1210 1519 1262 quinque
1539 1210 1652 1248 ostiis
1675 1209 1825 1248 fluvius
1854 1210 1870 1261 (
1890 1210 2039 1250 Duden
2066 1215 2152 1264 Su)
2175 1225 2248 1266 per
2268 1226 2382 1252 oram
2402 1227 2585 1254 saxosam

1350 1279 1664 1310 catarractarum
1694 1271 1738 1309 in
1760 1285 1917 1311 morem
1936 1282 2183 1326 erumperet.

1406 1335 1428 1384 S
1455 1335 1552 1374 222.
1586 1332 1885 1386 Μυγῧάλην]
1918 1334 2038 1385 §223
2068 1333 2142 1374 ἀπὸ
2183 1335 2405 1389 Μυγδάλων
2436 1338 2582 1379 codex.

1349 1396 1380 1433 F
1383 1402 1462 1434 ort.
1484 1403 1593 1434 erat:
1613 1394 1853 1449 Μύγδαλιν..
1874 1394 1947 1435 ἀπὸ
1961 1395 2418 1450 111υγδάλεως,11101161116
2434 1399 2581 1439 Gailio.

1349 1452 1440 1494 Alia
1475 1458 1654 1497 nominis
1687 1457 1819 1497 forma
1841 1466 1900 1497 est
1926 1457 2107 1511 Μάγυδος
2121 1474 2132 1508 ;
2153 1466 2347 1513 praeterea
2370 1459 2411 1499 in
2435 1460 2585 1501 codici-

1348 1517 1424 1557 bus
1448 1527 1674 1559 occurrunt
1699 1519 1843 1559 sormae
1866 1533 1874 1559 :
1901 1519 2095 1570 Μάσυδος,
2121 1521 2308 1575 Μαγίδιον
2322 1522 2430 1568 πόλις
2450 1531 2490 1563 et
2507 1524 2588 1564 Mas-

1347 1580 1468 1632 γαλος
1481 1612 1492 1630 ,
1515 1581 1567 1621 311
1590 1581 1702 1636 quod
1725 1583 1913 1636 proxime
1943 1582 2100 1623 accedit
2132 1592 2317 1628 nostrum
2349 1585 2582 1637 Μυγδάλην.

1347 1642 1402 1681 V.
1442 1652 1528 1683 not.
1564 1643 1616 1683 ad
1656 1644 1810 1698 Scylac.
1842 1658 1885 1697 p.
1929 1644 1979 1697 75
1994 1676 2004 1693 ,
2042 1644 2113 1684 ubi
2146 1644 2251 1685 adde
2291 1647 2458 1687 Leontis
2487 1649 2582 1703 Sap.

1346 1704 1480 1745 Indic.
1506 1706 1659 1746 Eccles.
1677 1721 1720 1760 p.
1740 1709 1791 1754 48
1813 1720 1821 1746 :
1848 1706 1868 1745 ὅ
1893 1705 2126 1756 Ἀτταλείας,
2146 1706 2166 1746 ὁ
2187 1707 2344 1751 Μάνδου
2371 1707 2474 1759 (leg.
2496 1709 2585 1750 Μα-

1347 1765 1482 1818 γύδου)
1501 1768 1517 1820 Η
1532 1768 1734 1806 ’-σταδ.
1766 1767 1817 1822 ο’]
1838 1777 2057 1822 corruptus
2075 1783 2271 1808 numerus
2310 1769 2374 1810 Ab
2398 1771 2584 1811 orientali

1347 1828 1587 1867 Catarractae
1613 1829 1719 1867 ostio
1739 1828 1790 1867 ad
1822 1829 2012 1868 Attaliam
2037 1830 2078 1868 in
2111 1830 2277 1883 Sprattii
2311 1845 2458 1885 mappa
2488 1843 2585 1874 sunt

1347 1888 1477 1928 stadia
1508 1888 1575 1928 25.
1597 1891 1742 1943 Itaque
1758 1889 2021 1929 scribendum
2039 1899 2180 1930 nostro
2202 1891 2291 1931 loeo
2312 1896 2370 1933 ιε’.

1404 1954 1425 2002 S
1453 1955 1548 1993 223.
1577 1950 1772 1991 Ἀτάλειαν
1794 1954 1868 2003 615
1889 1955 1967 2000 224
1995 1951 2186 1999 Ἄταλείας
2212 1953 2305 1993 cod.
2322 1955 2443 1995 Nunc
2466 1957 2583 1997 Ada-

1347 2012 1420 2052 lia.
1451 2014 1602 2067 Spratt.
1618 2016 1653 2062 I,
1679 2028 1722 2068 p.
1750 2027 1825 2053 211
1851 2027 1859 2053 ε
1889 2015 2005 2053 «The
2025 2015 2172 2054 houses
2192 2016 2272 2055 and
2291 2017 2400 2056 walls
2418 2021 2583 2064 contain

1346 2089 1469 2129 many
1486 2075 1710 2128 fragments
1730 2075 1778 2116 of
1792 2075 2014 2130 sculpture,
2038 2077 2245 2127 columns,
2275 2078 2356 2118 and
2380 2080 2586 2122 inscribed

1345 2136 1511 2186 blocks,
1547 2137 1768 2177 indicative
1791 2138 1840 2177 of
1855 2138 1923 2177 the
1957 2140 2120 2179 ancient
2154 2131 2292 2180 extent
2324 2142 2406 2181 and
2432 2144 2586 2198 impor-

1346 2206 1462 2238 tance
1485 2198 1534 2237 of
1546 2199 1614 2238 the
1634 2199 1761 2239 site...
1783 2199 1872 2238 The
1902 2200 2001 2253 style
2027 2200 2076 2239 of
2089 2201 2199 2246 these
2218 2201 2335 2242 relies
2355 2204 2387 2242 is
2407 2204 2582 2245 invaria-

1345 2260 1413 2314 bly
1439 2263 1614 2310 Roman,
1641 2261 1723 2301 and
1761 2260 1809 2300 of
1825 2276 1847 2301 a
1874 2260 1967 2300 date
1990 2263 2180 2315 agreeing
2209 2263 2306 2303 with
2332 2264 2419 2304 that
2438 2265 2486 2305 os
2513 2267 2585 2307 the

1348 2322 1593 2362 foundation
1614 2322 1664 2362 of
1691 2322 1878 2363 Attaleia.
1913 2324 2036 2363 From
2059 2323 2109 2363 all
2132 2324 2244 2363 these
2267 2325 2494 2377 evidences,
2520 2343 2585 2368 we

1344 2399 1412 2424 are
1428 2384 1620 2438 disposed
1637 2393 1678 2424 to
1686 2384 1811 2439 adopt
1824 2385 1891 2424 the
1905 2386 2073 2439 opinion
2088 2385 2311 2427 osColonel
2323 2388 2471 2439 Leake,
2486 2390 2581 2430 who

1345 2458 1540 2500 supposes
1564 2445 1709 2487 Adalia
1732 2455 1774 2486 to
1797 2453 2006 2501 represent
2026 2447 2066 2486 in
2087 2447 2188 2487 both
2210 2463 2330 2488 name
2349 2450 2431 2489 and
2450 2452 2576 2506 place,

1344 2507 1412 2546 the
1431 2508 1511 2562 city
1535 2506 1718 2548 founded
1742 2508 1795 2562 by
1814 2507 1972 2548 Attalus
1995 2508 2304 2563 Philadelphus3
2330 2510 2411 2550 and
2430 2526 2490 2552 we
2506 2512 2581 2553 feel

1344 2570 1522 2610 satisfied
1563 2571 1650 2610 that
1686 2571 1858 2624 Captain
1893 2570 2086 2612 Beaufort
2118 2571 2239 2611 could
2278 2581 2351 2612 not
2380 2574 2482 2614 have
2518 2590 2580 2616 re-

1344 2630 1494 2684 garded
1517 2633 1549 2671 it
1567 2646 1610 2671 as
1629 2631 1750 2671 Olbia
1773 2632 1788 2682 (
1805 2632 1846 2670 in
1873 2631 2009 2671 which
2029 2632 2198 2685 opinion
2222 2633 2274 2673 he
2289 2634 2361 2674 has
2385 2634 2487 2675 been
2504 2636 2583 2676 fol·

1342 2693 1474 2734 lowed
1507 2694 1560 2748 by
1593 2697 1669 2734 Dr.
1703 2694 1927 2748 Cramer),
1961 2693 2043 2733 11311
2073 2694 2123 2734 116
2153 2694 2255 2735 been
2285 2697 2503 2751 permitted
2538 2707 2585 2739 to

1343 2756 1461 2796 make
1483 2772 1525 2796 as
1545 2756 1651 2796 close
1670 2755 1752 2796 31111
1771 2757 1977 2796 extensive
1999 2757 2276 2796 examination
2289 2757 2337 2797 of
2353 2759 2423 2799 the
2440 2759 2521 2814 city
2537 2775 2579 2800 as

1342 2811 1404 2859 we
1415 2834 1522 2860 were
1534 2818 1707 2859 enabled
1719 2828 1761 2859 to
1775 2819 1845 2859 do.
1872 2839 1887 2854 »
1910 2818 2034 2873 Apud
2052 2819 2295 2861 Strabonem
2307 2821 2350 2861 in
2366 2821 2578 2863 codicibus

1342 2883 1398 2922 ita
1420 2882 1569 2935 legitur
1591 2895 1600 2922 :
1633 2880 1829 2921 Ἀττάλεια
1845 2912 1854 2930 ,
1879 2881 2075 2936 ἐπώνυμος
2089 2884 2156 2921 τοῦ
2172 2883 2369 2931 κτίσαντος
2384 2884 2578 2925 Φιλαδέλ-

1344 2957 1411 2995 φου
1428 2943 1493 2984 καὶ
1508 2942 1722 2991 οἰκίσαντος
1740 2942 1789 2990 εἰς
1810 2943 1988 2997 Κώρυκον
2006 2943 2209 2998 πολίχνιον
2234 2945 2359 2996 ἄλλην
2383 2947 2576 2986 κατοικίαν

1342 3007 1486 3061 ὅμορον
1504 3006 1569 3046 καὶ
1586 3007 1705 3060 μείζω
1720 3005 1923 3060 περίὸολον
1944 3007 2171 3060 περιθέντος.
2191 3007 2428 3059 Legendum
2448 3017 2574 3061 puto:

1411 3069 1694 3116 συνοικίσαντος
1711 3068 1760 3115 εἰς
1784 3066 1934 3122 [αὐτὴν]
1955 3069 2133 3123 Κώρυκον
2150 3069 2353 3122 πολίχνιον
2367 3070 2431 3108 καὶ
2451 3070 2574 3121 ἄλλην

1344 3130 1356 3185 (
1379 3131 1438 3171 vel
1457 3131 1522 3171 καὶ
1546 3130 1764 3185 Ἄλλόειραν
1783 3130 2009 3183 )κατοικίαν
2035 3131 2192 3184 ὅμορον.
2213 3130 2275 3170 Cf.
2295 3131 2432 3184 steph.
2450 3134 2572 3186 Byz.:

1346 3192 1594 3235 Ἀττάλεια...
1614 3194 1796 3248 πρότερον
1823 3191 2052 3246 Ἀγρόειραῆ
2073 3191 2282 3246 Ἀλλόειρα,
2302 3192 2338 3231 οἱ
2361 3193 2400 3233 δὲ
2416 3191 2484 3244 τὴν
2509 3194 2585 3233 Iit--

1340 3256 1462 3303 λικίας
1478 3257 1656 3310 Κώρυκον
1680 3255 1779 3294 οὕτω
1795 3254 1885 3308 φασὶ
1903 3254 2097 3309 λέγεσθαι.
2120 3255 2183 3294 Cf.
2210 3255 2344 3295 Schol.
2370 3254 2422 3295 ad
2441 3258 2569 3296 Leon.

1341 3318 1428 3358 ind.
1454 3319 1608 3358 Eccles.
1630 3332 1672 3371 p.
1696 3319 1747 3364 48
1773 3330 1782 3356 ;
1812 3316 2028 3356 ὑπόκεινται
2050 3320 2098 3372 τῇ
2117 3317 2245 3372 Πέργῃ
2270 3317 2333 3356 καὶ
2357 3349 2385 3357 ..
2414 3317 2434 3357 ὅ
2453 3319 2581 3373 Λαγίι

1341 3396 1415 3420 νων
1437 3381 1501 3421 καὶ
1517 3380 1536 3419 ὁ
1558 3379 1858 3425 Παλαιοπόλεως
1882 3377 1967 3429 ἤτοι
1992 3377 2189 3433 Ἄλεερῶν.
2221 3378 2364 3419 Suidas
2388 3394 2427 3421 v.
2447 3380 2574 3435 Κωρυ-

1339 3446 1448 3491 καῖος
1488 3445 1694 3498 Corycum
1733 3455 1818 3480 esse
1850 3441 2181 3494 promontorium
2206 3455 2335 3495 prope
2373 3442 2578 3483 Attaleam

1338 3505 1478 3545 refert.
1508 3504 1697 3543 Ceterum
1719 3503 1772 3542 G.
1798 3503 1897 3541 Rav.
1921 3503 1976 3551 V,
1999 3516 2022 3555 7
2043 3501 2382 3556 interMagydum
2402 3510 2441 3542 et
2458 3506 2572 3543 Atta-

1338 3567 1433 3607 liam
1458 3566 1625 3606 collocat
1644 3563 1826 3604 Erimtdi
1848 3563 2000 3603 locum.

1395 3633 1532 3681 §224-
1558 3627 1789 3679 Τένεδος]
1823 3626 2054 3679 Stephanus
2079 3640 2116 3666 v.
2149 3627 2305 3673 Τένεδος
2339 3640 2347 3666 ;
2394 3626 2471 3666 ἔστι
2508 3627 2571 3665 καὶ

1339 3691 1449 3738 πόλις
1475 3690 1631 3735 Τένεδος
1660 3688 1750 3742 πρὸς
1785 3690 1834 3743 τῇ
1863 3688 1993 3742 Λυκίᾳ.
2032 3687 2315 3743 Ἀπολλόδωρος
2342 3687 2381 3727 δὲ
2411 3688 2570 3741 Παμφυ-

1338 3752 1422 3799 λίας
1443 3749 1558 3800 αὐτὴν
1577 3748 1677 3789 εἶναί
1698 3765 1805 3804 φησι.
1828 3749 1965 3790 Stadia
1996 3764 2049 3791 20
2075 3750 2231 3790 ducunt
2254 3750 2303 3790 ad
2336 3750 2472 3788 ruinas
2494 3749 2569 3789 loci

1338 3815 1496 3868 egregie
1519 3821 1664 3853 natura
1680 3822 1720 3853 et
1737 3821 1822 3853 arte
1846 3813 1992 3852 muniti
2010 3813 2062 3853 ad
2075 3814 2204 3866 ripam
2226 3813 2426 3851 sinistram
2453 3811 2569 3850 Arab

1337 3877 1467 3916 fluvii.
1485 3874 1678 3915 Tenedus
1695 3889 1717 3914 3
1737 3874 1902 3928 reliquis
1918 3875 2186 3929 scriptoribus
2204 3888 2284 3913 non
2302 3881 2568 3913 memoratur.

1337 3938 1530 3979 Proxime
1564 3937 1615 3976 ab
1637 3936 1785 3977 Attalia
1810 3937 1912 3976 urbe
1935 3935 2043 3991 apud
2081 3936 2179 3975 alios
2210 3936 2380 3990 ponitur
2408 3933 2586 3987 ’OlsslozL

1342 4001 1439 4055 μέγα
1467 3998 1586 4053 ἔρυμα
1611 3998 1624 4054 (
1644 3998 1803 4039 Strabo.
1828 4012 1868 4053 p.
1888 4002 1966 4050 (567
1984 4000 2016 4050 ),
2043 4011 2164 4051 quam
2188 4011 2210 4036 6
2226 3997 2390 4050 regione
2403 3995 2577 4050 111391111-
