2808 4342
4 91 19 109 ‘A

6 159 25 196 ³
216 155 219 159 ⁵
283 247 286 249 v
547 142 550 144 V
875 176 1257 223 srAmASMUS
1294 177 1488 222 MARIs
1524 176 1744 222 MAGNr.
2495 181 2587 220 453

0 294 19 343 g}
106 299 181 330 131.
218 280 316 328 Ἀπὸ
337 277 590 342 ἀκρωτηρίου
615 278 782 324 Πάλτου
804 278 1043 340 κάμψαντος
1065 282 1128 324 ἐπ’
1150 280 1278 340 ἀκρω-

0 343 10 403 Ξ
39 351 180 414 τήριον
206 349 398 411 Βραχίων
423 349 543 394 σταδ.
574 348 615 392 ι’.

0 407 6 430 ἱ.
216 416 228 433 2
295 417 304 430 x
574 420 598 429 a·
656 416 674 433 ar
803 419 814 434 ³
851 420 861 435 ς
914 419 925 433 a
984 417 994 434 t
1098 419 1109 435 a
1214 416 1224 434 ι

107 435 180 465 132.
225 422 314 463 Απο
338 416 378 461 δὲ
404 418 626 463 Βαλανεων
648 435 775 479 ακρας
797 436 848 462 επ
887 421 1043 468 ευθειας
1077 436 1131 469 εις
1156 419 1278 463 Παλ-

42 506 109 534 τον
133 487 286 532 στάδιοι
310 485 364 532 σ’.

0 566 24 617 ᾖ
105 559 159 603 Οἱ
183 556 331 607 πάντες
349 559 395 601 ἐκ
411 554 715 614 Πτολεμαΐδος,
732 553 845 615 παρὰ
864 557 939 614 γῆν
957 553 1279 615 παραπλέοντας,

11 656 19 684 5,
45 626 59 688 (
72 628 258 678 εἷςελθεῖν
276 627 288 686 )
317 627 372 677 εἷς
394 625 561 671 Πάλτον
583 623 740 668 στάδιοι
761 626 815 683 [β.

311 742 398 776 ΚΑΙ
430 739 628 774 ΑΟΙΠΟΝ
662 711 822 771 KO‘i'AH
853 737 1008 772 ΣΥΡΙΑ.

0 708 23 775 3

0 782 14 817 ²³.

0 799 21 903 ἱ
107 860 179 890 133.
219 843 317 888 Ἀπὸ
340 841 507 887 Πάλτου
529 839 596 884 ἐπὶ
619 838 769 900 χωρίον
789 840 1020 894 Παλτηνῶν
1042 839 1199 884 στάδιοι
1222 839 1281 883 λ’.

0 902 27 977 Β,
107 928 183 958 134.
221 910 322 957 Ἀπὸ
360 911 593 964 Παλτηνῶν
625 908 692 953 ἐπὶ
725 908 872 965 λιμένα
910 908 1094 965 κείμενον
1120 910 1182 952 ἐπ’
1209 909 1281 951 αἷ-

0 978 200 1046 wicum,
226 979 373 1041 ἔχοντα
398 980 488 1023 καθ’
509 978 629 1023 αὑτὸν
649 976 840 1040 φάραγγα
854 1013 866 1036 ,
889 978 1046 1023 στάδιοι
1066 977 1120 1022 κ’.

107 1066 181 1096 135.
220 1049 319 1095 Ἀπὸ
344 1050 574 1102 Παλτηνῶν
600 1049 654 1099 εἷς
678 1046 854 1093 Γάὸαλα
879 1046 1036 1090 στάδιοι
1058 1045 1112 1091 λ’.

18 1171 19 1175 ¹
107 1135 182 1166 136.
222 1117 320 1164 ’Λπὸ
357 1117 564 1164 Γαὸάλων
587 1118 642 1168 εἷς
666 1115 849 1175 ποταμὸν
883 1113 1044 1159 πλωτὸν
1067 1114 1281 1173 καλούμε-

0 1197 15 1232 ‚³-
39 1207 107 1234 νον
123 1190 146 1212 ⁴²
160 1224 172 1244 ‚
196 1189 351 1233 στάδιοι
375 1186 433 1246 μ’.

0 1251 12 1267 *
105 1273 180 1303 137.
219 1256 317 1301 Ἀπὸ
331 1255 349 1273 *
364 1256 530 1300 πλωτοῧ
549 1258 735 1312 ποταμοῦ
757 1255 810 1303 εἷς
831 1252 975 1314 ἄκραν,
1001 1252 1061 1314 ἐφ’
1080 1246 1127 1307 ἧς
1149 1255 1282 1297 κεῖται

0 1331 23 1374 ξδ’
42 1326 158 1376 πόλις
198 1324 422 1370 Λαοδίκεια
437 1359 449 1378 ,
473 1324 630 1368 στάδιοι
651 1322 703 1366 σ’·
725 1322 806 1366 ἀπὸ
837 1320 879 1366 δὲ
913 1325 982 1365 τοῦ
1016 1324 1203 1378 ποταμοῦ
1228 1322 1282 1370 εἷς

42 1393 253 1443 Βαλανέας
291 1394 448 1437 στάδιοι
482 1391 528 1436 ο’·
565 1390 646 1436 ἀπὸ
683 1392 901 1436 Βαλανεῶν
941 1390 996 1440 εἷς
1034 1388 1279 1435 Λαοδίκειαν

43 1464 354 1525 εὖθυδρομοῖἱντι
387 1460 615 1522 λευκονότῳ
637 1459 703 1504 ἐπὶ
726 1458 777 1503 τὰ
799 1458 895 1520 πρὸς
927 1461 990 1513 ἠῶ
1011 1457 1026 1521 [
1046 1458 1182 1519 μέρη]
1212 1460 1283 1511 τῆς

47 1532 217 1595 ἄρκτου,
242 1530 400 1576 στάδιοι
424 1530 478 1577 α’.

43 1707 197 1747 eminet
218 1721 347 1762 prope
369 1708 474 1747 Joba
499 1707 687 1748 fluvium.
715 1705 731 1757 Η
755 1728 810 1735 —-
830 1702 868 1757 la]
887 1704 902 1757 ]
921 1703 978 1742 sic
1000 1701 1129 1741 codex
1142 1717 1153 1750 ;
1173 1700 1213 1748 ς’
1227 1701 1281 1740 10-

14 1789 19 1794 v
43 1778 156 1822 gerat
176 1770 336 1809 Iriarte.

100 1834 121 1884 §
143 1836 237 1873 131.
264 1830 548 1884 κάμψαντος
569 1830 582 1882 ]
617 1828 832 1882 κάμψαντες
865 1824 958 1865 cod.
985 1826 1178 1864 Ceterum
1198 1824 1285 1862 nul-

36 1895 128 1935 ium
164 1893 283 1933 video
307 1892 659 1947 promontorium,
692 1889 743 1929 ad
767 1887 880 1943 quod
904 1887 1136 1927 referantur
1164 1886 1287 1925 verba

3 1989 15 2005 ·:
42 1956 217 2009 vulgata.
238 1955 346 1996 Male
363 1968 461 1994 sana
476 1968 562 1994 esse
575 1962 678 2007 puto
697 1962 737 1993 et
755 1953 867 1993 hunc
883 1953 924 1992 in
939 1951 1112 1993 modum
1129 1959 1285 1990 restau-

39 2017 169 2057 randa
196 2031 205 2057 :
230 2015 316 2057 Ἀπὸ
331 2015 567 2071 ἀκρωτηρίου
583 2015 754 2065 Πάλτου,
778 2014 997 2069 κάμψαντος
1015 2013 1028 2068 (
1044 2012 1287 2067 νο1κάμψαν-

0 2072 20 2098 >¹1
43 2095 79 2120 τι
98 2089 110 2134 )
143 2079 187 2119 τὸ
212 2077 448 2133 ἀκρωτήριον
471 2077 560 2131 (Cf.
584 2081 606 2130 S
631 2078 754 2133 139),
778 2077 904 2131 βράχη
925 2077 975 2123 ὡς
997 2075 1160 2115 σταδίων
1185 2074 1209 2114 ι’
1225 2074 1288 2114 vel

5 2154 11 2163 ⁵
43 2142 220 2196 βραχέων
247 2142 394 2182 στάδιοι
412 2140 451 2180 ι’.
475 2140 539 2183 Cf.
559 2143 581 2192 ὃ
601 2154 693 2193 177.

100 2207 121 2257 §
143 2209 237 2247 132.
277 2203 326 2251 εἰς
348 2204 520 2252 Πάλτον,
554 2217 611 2242 50.
638 2202 688 2249 εἰς
711 2201 948 2255 ἀκρωτήριον
979 2201 1152 2239 Πάλτον.
1194 2201 1209 2253 Η
1232 2223 1288 2230 -

0 2271 3 2274 ’
45 2266 231 2306 στάδιοί
256 2264 317 2321 ο’]
338 2266 500 2306 Falsum
519 2279 739 2305 numerum
760 2279 846 2303 esse
862 2264 1013 2317 liquet3
1038 2271 1177 2303 ortum
1198 2277 1221 2301 σ
1238 2277 1288 2301 ex

43 2344 67 2368 ο
89 2329 104 2382 ll
136 2353 193 2358 —
223 2327 372 2374 εἰςελθ
389 2328 486 2381 εῖν]
521 2326 667 2366 inclusi
691 2340 834 2366 vocem
862 2340 953 2379 quae
983 2326 1040 2364 sie
1062 2324 1180 2364 nihili
1211 2332 1283 2363 est.

46 2392 159 2431 Fort.
186 2403 194 2431 t
220 2391 289 2437 ἕως
306 2389 450 2430 ἐλθεῖν.
481 2390 568 2442 11-
586 2388 648 2443 β’]
664 2390 870 2429 Numerus
890 2385 1058 2427 nimius.
1083 2387 1165 2426 Vix
1183 2386 1289 2426 ultra

51 2457 156 2494 1600
171 2461 266 2493 sunt
283 2452 431 2493 stadia.

103 2519 125 2568 S
155 2521 248 2557 133.
279 2515 582 2569 Παλτηνῶν]
608 2514 658 2561 εἰς
684 2529 727 2568 χ.
746 2513 951 2564 Πελλήταν
979 2521 1019 2553 01
1043 2516 1064 2565 S
1087 2514 1180 2561 134.
1212 2512 1287 2552 135

49 2577 122 2619 ἀπὸ
138 2578 351 2630 Πελλητῶν
376 2577 528 2627 codex,
553 2577 703 2631 quibus
726 2578 830 2617 nihil
857 2576 968 2617 aliud
985 2577 1136 2630 signari
1156 2585 1290 2632 potest

48 2641 125 2680 nisi
152 2640 290 2681 Paltus
310 2639 528 2694 oppidum,
554 2639 666 2693 quod
698 2640 884 2693 sequitur
902 2647 995 2693 post
1020 2639 1179 2679 Paltum
1196 2654 1287 2693 pro-

50 2703 320 2743 montorium.
358 2704 420 2742 De
449 2702 564 2742 Palto
598 2701 610 2756 (
639 2701 764 2742 hodie
806 2701 967 2754 Baldo)
995 2701 1080 2741 vid.
1116 2702 1286 2750 Plinius,

49 2765 193 2804 Strabo
212 2779 255 2819 p.
279 2764 357 2819 753
387 2773 425 2804 et
446 2766 526 2818 728
552 2777 561 2804 :
594 2766 760 2818 ταφῆναι
777 2763 817 2804 δὲ
837 2764 992 2818 λέγεται
1019 2765 1186 2819 Μέμνων
1207 2765 1292 2819 περὶ

49 2827 203 2867 Πάλτον
224 2826 325 2881 παρὰ
346 2827 472 2866 ΒαΟοῖν
491 2827 680 2880 ποταμόν.
695 2827 801 2867 Mela
821 2841 986 2880 quoque
1003 2829 1038 2876 I,
1065 2841 1113 2866 12
1130 2828 1289 2868 Paltum

42 2889 196 2928 ‘urbem
226 2890 458 2928 et-ssuvium
481 2895 696 2928 memorat.
730 2888 793 2928 Cf.
813 2889 1043 2943 Stephanus
1068 2904 1106 2929 v.
1139 2890 1290 2938 Πάλτος

45 2960 89 2991 01
113 2952 264 3006 Κάρνη,
297 2952 556 3000 Ptolemaeus,
587 2952 691 2991 Tal).
729 2953 936 3004 Peuting„
978 2953 1131 3005 Geogr.
1168 2955 1286 3003 Rav.,

49 3015 193 3055 Malala
215 3030 256 3070 p.
277 3018 357 3063 448
382 3028 391 3055 :
425 3013 469 3054 ‘O
494 3014 604 3061 αὐτὸς
622 3015 797 3069 βασιλεὺς
814 3016 829 3067 (
845 3017 867 3055 J
873 3016 1100 3055 ustinianus
1119 3018 1135 3069 )
1157 3015 1292 3071 ἀπεμέ-

47 3092 151 3131 ρισεν
178 3076 252 3117 ἀπὸ
287 3075 515 3130 Ἀντιοχείας
543 3080 610 3128 τῆς
633 3079 785 3131 πρώτης
812 3077 947 3131 Συρίας
970 3077 1195 3118 Λαοδίκειαν
1228 3079 1292 3118 καὶ

51 3139 207 3178 Γάὸαλα
223 3139 287 3180 καὶ
298 3139 453 3179 Πάλτον
468 3138 533 3186 τὰς
546 3139 688 3186 πόλεις.
709 3142 744 3179 Α
757 3139 940 3179 Balaneis
951 3138 1055 3179 urbe
1067 3138 1118 3178 ad
1130 3140 1291 3180 Paltum

44 3202 206 3242 Tabula
227 3202 415 3254 Peuting.
435 3210 544 3242 recte
559 3202 683 3242 habet
698 3202 811 3241 milia
829 3204 867 3242 8.
894 3203 909 3255 ll
933 3226 989 3231 —
1002 3202 1164 3241 Titulus
1182 3203 1212 3241 Κ
1227 3219 1246 3242 ο
1260 3204 1289 3243 ί-

46 3263 107 3315 λη
135 3265 191 3303 Συ
207 3280 226 3318 ρ
242 3265 286 3303 ία
312 3278 411 3303 num
435 3272 544 3304 recte
572 3265 628 3304 ita
650 3265 915 3319 interpositus
938 3265 990 3304 sit
1017 3272 1063 3304 ut
1082 3265 1291 3307 Phoenicia

51 3327 254 3380 pertineat
285 3340 414 3379 usque
443 3326 495 3365 ad
520 3326 681 3366 Paltum
710 3327 1068 3381 promontorium,
1089 3327 1289 3382 oppidum

53 3403 148 3428 vero
188 3387 452 3428 Paltenorum
479 3386 567 3441 jam
607 3396 867 3428 accenseatur
907 3389 1148 3438 Phoeniciae‚
1196 3389 1291 3443 jure

53 3449 232 3490 dubites.
273 3449 508 3489 Verisimile
540 3457 600 3488 est
639 3450 773 3503 ipsum
808 3464 973 3503 quoque
1003 3451 1202 3504 oppidum
1241 3468 1289 3493 ex

29 3513 190 3552 --Nostri
211 3512 411 3552 sententia
423 3512 642 3552 Phoeniciae
658 3526 740 3551 orae
760 3512 1118 3552 annumerandum
1143 3513 1264 3555 fuisse
1276 3547 1287 3565 ,

54 3587 181 3627 quum
203 3574 348 3613 Strabo
360 3573 510 3615 reserat
525 3573 703 3621 Paltum,
722 3573 913 3612 Balaneas
929 3582 968 3613 et
991 3575 1172 3614 Carnum
1192 3591 1292 3616 con-

47 3637 230 3676 stituisse
269 3635 337 3686 τὴν
371 3636 529 3690 περαίαν
559 3639 634 3675 τῶν
661 3634 856 3689 Ἀραδίων,
882 3635 984 3675 adeo
1015 3644 1061 3675 ut
1086 3651 1168 3677 una
1195 3653 1290 3679 cum

55 3697 195 3737 Arado
219 3698 342 3737 etiam
374 3698 461 3737 haec
482 3698 702 3737 Phoeniciae
725 3698 850 3736 tribui
878 3697 989 3737 velis.
1027 3697 1197 3738 Plurimi
1221 3702 1291 3755 Sy-

51 3758 124 3797 =riae
163 3758 264 3797 fines
304 3760 430 3811 magis
470 3758 685 3798 meridiem
720 3773 860 3798 versus
892 3759 1134 3803 extendunt.
1167 3762 1290 3816 Apud

33 3874 36 3875 γ
54 3820 231 3859 Plinium
249 3822 381 3860 Carne
394 3822 551 3875 primus
564 3822 688 3874 Syriae
703 3821 816 3860 100115
827 3837 837 3870 ;
858 3821 1097 3862 Ptolemaeus
1109 3825 1289 3877 primum

53 3882 179 3934 Syriae
208 3882 410 3935 oppidum
456 3890 548 3935 post
576 3883 841 3923 Eleutherum
880 3883 1050 3924 fluvium
1092 3896 1292 3927 memorat

0 3947 3 4003 Ξ
56 3942 268 3991 Balaneas;
305 3943 490 3983 similiter
521 3944 786 3984 Itinerarium
806 3946 1027 3995 Hierosoh,
1053 3947 1109 3986 ita
1135 3956 1287 3998 tamen,

0 4011 2 4013 ’
52 4012 100 4043 ut
126 4003 358 4044 Antaradus
373 4013 412 4045 et
426 4007 638 4046 Maraccus
661 4006 672 4062 (
690 4007 866 4047 Mat-hab
881 4010 896 4061 )
919 4007 1056 4049 adhuc
1074 4010 1154 4050 sint
1170 4011 1290 4051 Phoc·

1411 286 1502 326 131.
1535 293 1571 326 Α
1590 285 1704 325 Palto
1733 282 2044 338 promontorio,
2067 282 2137 322 ubi
2158 280 2318 325 flexeris
2343 290 2588 336 promonto-

1349 354 1458 392 rium
1471 384 1481 402 ,
1501 352 1644 393 brevia
1661 360 1760 392 sunt
1782 350 2012 391 stadiorum
2034 363 2099 392 10.

1411 421 1504 460 132.
1537 422 1573 460 A
1608 419 1878 459 Balanearum
1917 417 2206 472 promontorio
2244 417 2296 457 ad
2327 417 2488 458 Paltum
2524 419 2595 470 via,

1351 495 1462 527 recta
1481 486 1611 527 stadia
1628 501 1681 541 70
1706 485 1718 541 (
1737 489 1769 526 o'
1787 489 1819 539 ).

1406 557 1455 593 In
1484 569 1644 594 summa
1666 569 1688 594 a
1710 552 1960 595 Ptolemaide
1992 552 2044 593 ad
2066 553 2227 594 Paltum
2242 584 2253 602 ,
2279 554 2311 592 si
2328 551 2448 606 juxta
2471 568 2586 593 oram

1351 624 1603 677 navigaveris
1616 655 1626 672 ‚
1649 632 1744 663 sunt
1760 622 1888 663 stadia
1908 636 2031 663 2000.

1676 740 1911 781 SEQUlTUR
1948 741 2078 771 CAVA
2107 741 2265 771 SYRIA.

1412 841 1505 880 133.
1534 842 1571 880 Α
1587 840 1702 881 Palto
1720 839 1772 880 ad
1791 839 1992 894 oppidum
2018 840 2280 880 Paltenorum
2302 840 2431 881 stadia
2451 842 2518 882 30.

1412 896 1503 943 134.
1538 899 1573 936 Α
1597 895 1859 936 Paltenorum
1881 895 2034 949 oppido
2049 895 2100 935 ad
2125 904 2292 950 portum
2312 897 2354 935 in
2374 896 2493 937 litore
2509 897 2586 937 hu-

1351 951 1437 1014 mili
1460 952 1585 990 situm
1604 982 1614 999 ,
1645 951 1716 1005 qui
1742 965 1764 990 e
1786 951 1952 1003 regione
1975 952 2037 990 sui
2072 952 2293 991 convallem
2326 951 2474 1002 habet,
2508 961 2585 993 sta-

1353 1005 1517 1101 d1211323·
1539 1064 1574 1102 A
1594 1062 1855 1102 Paltenorum
1875 1061 2029 1115 oppido
2052 1062 2104 1101 ad
2127 1062 2280 1102 Gabala
2299 1062 2427 1103 stadia
2451 1064 2518 1104 30.

1414 1118 1506 1158 136.
1540 1120 1574 1157 A
1599 1117 1764 1158 Gabalis
1787 1117 1839 1166 ad
1862 1117 2035 1157 fluvium
2057 1118 2348 1171 navigabilem,
2371 1119 2443 1172 qui
2470 1134 2588 1160 voca·

1351 1195 1419 1227 tur
1433 1187 1468 1235 *,
1489 1186 1623 1226 stadia
1643 1189 1695 1228 80
1718 1188 1806 1240 (π’).

1413 1254 1505 1306 137.
1552 1258 1587 1294 A
1627 1254 1754 1293 ssuvio
1790 1253 2006 1306 navigabili
2042 1253 2094 1294 ad
2128 1255 2493 1309 promontorium,
2522 1259 2587 1297 cui

1352 1322 1544 1375 imposita
1575 1321 1675 1360 urbs
1711 1320 1928 1369 Laodicea,
1958 1320 2086 1361 stadia
2117 1335 2170 1375 70
2202 1322 2287 1375 (0').
2347 1323 2412 1363 Ab
2444 1324 2588 1364 eodem

2266 1393 2302 1430 A
2324 1391 2507 1431 Balaneis
2539 1393 2589 1432 ad

1355 1458 1602 1498 Laodiceam
1634 1472 1758 1498 cursu
1783 1465 1897 1497 recto
1925 1472 2021 1496 cum
2054 1457 2272 1497 leuconoto
2297 1467 2419 1498 vento
2454 1474 2592 1500 versus

1355 1526 1681 1580 septentrionalis
1703 1526 1829 1580 plagae
1848 1533 1982 1579 partes
2006 1525 2222 1565 orientales
2243 1525 2370 1565 stadia
2394 1541 2490 1567 200.
2507 1522 2515 1533 ⁸

1352 1391 1480 1430 ssuvio
1513 1389 1565 1429 ad
1595 1390 1789 1430 Balaneas
1821 1389 1951 1430 stadia
1980 1403 2056 1443 170
2094 1389 2204 1444 (ρὰ).

1354 1702 1487 1741 niciae.
1509 1703 1662 1741 Contra
1691 1702 1903 1740 Hecataeus
1933 1701 1994 1740 vel
2020 1701 2172 1741 Gabala
2196 1701 2339 1741 urbem
2373 1702 2592 1743 Phoeniciae

1355 1764 1576 1803 accensuit.

1412 1827 1434 1876 S
1459 1829 1550 1866 134.
1578 1825 1762 1878 Κειμὲνην
1789 1833 1828 1864 01
1850 1826 2002 1878 φάραγα
2025 1838 2167 1878 apogr.
2189 1826 2362 1864 Iriartis.
2388 1827 2449 1864 De
2468 1835 2594 1879 portu

1356 1886 1435 1926 hoc
1451 1887 1552 1926 mihi
1571 1901 1656 1926 non
1681 1894 1854 1926 constat.

1413 1952 1434 2001 S
1460 1954 1552 1991 135.
1573 1949 1664 1988 Γά6
1680 1949 1817 1989 αλα..
1844 1947 2104 2002 Γαὸάλων]
2131 1948 2315 1995 Τάλὸας..
2341 1949 2502 1989 Tama»,
2527 1965 2594 1990 co-

1357 2011 1459 2060 dex;
1480 2027 1559 2052 cm.
1587 2012 1694 2052 Gail.
1716 2013 1906 2051 Hecataeo
1923 2025 1989 2064 ap.
2011 2013 2069 2050 St.
2097 2012 2192 2064 Byz.
2226 2011 2324 2050 urbs
2345 2020 2404 2051 est
2423 2011 2445 2062 ἣ
2470 2013 2593 2051 Γάδα-

1357 2074 1422 2124 λα,
1445 2075 1579 2115 Plinio
1599 2076 1654 2124 V,
1678 2077 1726 2115 18
1748 2074 1917 2114 Gabale.
1936 2073 2072 2126 Vulgo
2090 2072 2137 2112 τὰ
2164 2073 2319 2112 Γάὸαλα
2339 2075 2355 2127 (
2375 2074 2474 2114 hod.
2501 2078 2594 2129 Dje-

1359 2136 1434 2175 bili
1455 2136 1486 2191 ).
1509 2139 1565 2177 V.
1601 2136 1768 2185 Strabo,
1802 2136 1925 2184 Ptol.,
1962 2136 2007 2174 Τ,
2050 2137 2115 2184 Ρ.,
2143 2135 2362 2175 Pausanias
2390 2137 2445 2185 ΙΙ,
2479 2151 2515 2185 1,
2541 2152 2591 2190 73

1357 2198 1541 2237 Socrates
1557 2200 1610 2238 H.
1634 2197 1743 2237 Eccl.
1779 2199 1853 2246 VI,
1892 2211 1963 2245 11;
1992 2196 2200 2236 Hierocles
2217 2210 2258 2250 p.
2285 2211 2379 2249 711.
2405 2198 2608 2239 Theodo--

1358 2269 1468 2299 retus
1488 2262 1644 2300 Histor.
1661 2260 1789 2313 Relig.
1816 2274 1852 2299 c.
1876 2261 1927 2299 28
1945 2259 2057 2299 πόλιν
2082 2258 2242 2313 σμικρὰν
2260 2258 2324 2298 καὶ
2337 2262 2592 2314 χαριεστάτην

1358 2321 1480 2370 dicit,
1503 2337 1627 2376 quam
1650 2322 1726 2361 sub
1747 2321 1938 2361 Basilisco
1956 2322 2057 2375 imp.
2076 2329 2194 2362 terrae
2208 2328 2342 2360 motus
2362 2323 2589 2375 quassavit,

1358 2393 1457 2424 teste
1479 2385 1623 2425 Malala
1648 2400 1690 2439 p.
1714 2386 1809 2438 378.
1836 2383 1900 2424 Cf.
1923 2384 2033 2424 idem
2050 2398 2092 2438 p.
2121 2386 2216 2431 448.
2240 2384 2475 2424 Secundum
2492 2387 2589 2426 Itin.

1358 2448 1520 2487 Hieros,
1548 2462 1571 2487 a
1592 2448 1775 2487 Balaneis
1791 2446 1914 2486 distat
1941 2447 1987 2486 13
2014 2446 2159 2495 millia;
2179 2460 2259 2486 500.
2280 2447 2377 2487 11111.
2402 2449 2590 2501 provinc.

1360 2514 1410 2558 24
1439 2510 1451 2565 (
1475 2510 1561 2564 lege
1588 2514 1668 2563 14)
1692 2510 1791 2550 mill.
1813 2510 1917 2549 Tab.
1943 2509 2132 2561 Peuting.
2159 2523 2181 2549 a
2211 2508 2326 2551 Palto
2359 2509 2411 2549 ad
2439 2510 2593 2552 Gabala

1361 2582 1547 2613 numerat
1569 2573 1696 2613 millia
1716 2574 1756 2622 8,
1773 2586 1920 2626 parum
1936 2579 2137 2610 accurate.

1417 2637 1438 2686 S
1470 2639 1564 2677 136.
1604 2634 1796 2675 πλωτὸν
1816 2636 1829 2686 ]
1862 2634 1970 2673 Hinc
2007 2633 2147 2678 Plotus
2187 2633 2335 2673 fluvius
2375 2636 2415 2673 in
2446 2649 2594 2690 mappa

1360 2697 1628 2750 Kiepertiana
1647 2696 1831 2749 fingitur,
1855 2710 1985 2749 quum
2003 2708 2154 2734 nomen
2171 2694 2286 2734 fluvii
2310 2695 2507 2736 excidisse
2522 2711 2593 2751 pa-

1360 2767 1456 2808 tcat,
1479 2768 1523 2798 ut
1548 2762 1568 2811 §
1593 2762 1672 2813 247
1698 2758 1757 2799 ἐπὶ
1772 2758 1945 2812 ποταμὸν
1970 2756 2124 2799 πλωτὸν
2146 2757 2323 2810 [Ξάνθον
2339 2758 2373 2812 ].
2391 2757 2527 2799 Stadia
2542 2762 2594 2807 4ο

1360 2820 1519 2862 (11101101
1535 2823 1587 2862 ad
1604 2822 1783 2862 Metheik
1799 2821 2012 2861 fluviolum
2031 2821 2074 2859 in
2090 2821 2215 2874 Syriae
2229 2834 2378 2875 mappa
2388 2821 2595 2875 Berghau-

1360 2885 1494 2934 siana;
1521 2885 1696 2938 Lapieus
1723 2885 1873 2937 signari
1907 2891 2024 2937 putat
2045 2882 2144 2922 hod.
2173 2883 2341 2931 Chobar,
2370 2883 2495 2924 alium
2518 2886 2594 2924 ssu-

1362 2946 1532 2996 violum,
1554 2946 1606 2986 ad
1626 2960 1748 3000 quem
1772 2944 2000 2987 stadiorum
2020 2959 2216 2985 numerus
2266 2947 2360 2986 satis
2404 2946 2591 2999 quadrat.

1361 3010 1414 3047 At
1433 3017 1628 3048 neutrum
1652 3009 1801 3048 Noster
1818 3008 1955 3048 dicere
1983 3008 2119 3061 potuit
2139 3006 2421 3059 navigabilem.
2443 3009 2594 3047 Intelli-

1361 3070 1517 3123 gendus
1546 3080 1606 3111 est
1645 3085 1816 3123 magnus
1849 3071 2020 3118 ssuvius,
2057 3070 2127 3123 qui
2169 3068 2360 3123 deinceps
2393 3071 2591 3123 sequitur,

1360 3134 1482 3174 Nalm·
1502 3134 1540 3173 el
1558 3133 1695 3173 Kebir.
1715 3134 1796 3172 Pro
1812 3133 1919 3171 σταδ.
1939 3130 1980 3185 μ’
2000 3129 2217 3183 legendum
2233 3130 2342 3170 σταδ.
2369 3129 2421 3170 π’.

1418 3199 1438 3248 §
1465 3201 1558 3238 137.
1583 3195 1633 3250 ο’]
1657 3196 1755 3234 vitio
1777 3202 1940 3248 aperto,
1966 3194 2052 3246 lege
2075 3191 2124 3241 0',
2144 3200 2188 3231 ut
2210 3195 2232 3243 ς
2262 3192 2354 3231 132.
2384 3194 2399 3245 ΙΙ
2433 3216 2488 3222 —
2519 3193 2592 3247 ἐφ’

1360 3254 1443 3314 ἧς]
1465 3258 1501 3307 ἐξ
1523 3255 1566 3310 ἧς
1588 3258 1700 3309 c0d.;
1730 3271 1810 3297 em.
1829 3257 1934 3299 Gail.
1963 3257 1977 3308 Η
1997 3280 2052 3285 -
2070 3254 2161 3295 ἀπὸ
2189 3253 2263 3308 δὲ]
2290 3253 2329 3293 δὲ
2344 3267 2429 3294 om.
2450 3269 2589 3308 apogr.

1359 3323 1518 3362 Iriarte.
1549 3322 1563 3375 ΙΙ
1586 3345 1641 3351 --
1657 3321 1840 3359 στάδιοι
1860 3318 1923 3373 ο’]
1948 3318 2024 3370 leg.
2053 3316 2123 3371 ρο’.
2149 3319 2211 3356 Ex
2234 3317 2431 3365 numeris,
2458 3319 2594 3370 quales

1361 3385 1662 3431 constituimus,
1690 3398 1711 3422 a
1722 3380 1998 3437 promontorio
2016 3379 2198 3419 Balaneis
2217 3387 2313 3418 sunt
2330 3378 2459 3419 stadia
2479 3394 2530 3432 70
2548 3386 2596 3432 -l-

1362 3448 1415 3489 30
1439 3448 1487 3495 -l-
1510 3448 1561 3487 30
1580 3451 1627 3496 -l—
1658 3448 1709 3486 80
1732 3464 1781 3480 :-
1806 3457 1908 3493 210,
1932 3442 2033 3482 adeo
2066 3450 2112 3481 ut
2134 3441 2185 3481 ab
2210 3442 2305 3481 urbe
2327 3441 2592 3482 Balanearum

1361 3508 1636 3564 computanda
1651 3508 1731 3547 sint
1752 3521 1843 3559 170.
1866 3507 1881 3559 11
1907 3530 1962 3535 -
1978 3520 2061 3544 στα
2074 3505 2115 3543 δ.
2139 3503 2176 3542 σ’
2193 3505 2207 3558 ]
2227 3504 2367 3545 Paullo
2387 3504 2518 3558 major
2536 3514 2595 3545 est

1361 3574 1551 3613 distantia
1571 3586 1593 3610 a
1618 3570 1801 3610 Balaneis
1816 3568 1866 3608 ad
1891 3572 1974 3623 Cap
2000 3566 2220 3608 Laclikialz.
2245 3567 2260 3620 ΙΙ
2285 3567 2466 3621 -πρὸς
2499 3566 2564 3618 ἠῶ
2578 3570 2590 3621 Ι·

1361 3634 1631 3689 Exspectabas
1654 3631 1744 3685 πρὸς
1764 3632 1834 3680 ἕω;
1857 3630 1927 3670 sed
1951 3629 2028 3680 ἠὼς
2047 3644 2096 3670 00
2119 3643 2242 3670 5011511
2259 3638 2457 3684 usurpant
2473 3631 2592 3669 ctiam

1360 3698 1593 3751 Xenophon
1615 3704 1653 3734 01
1672 3693 1865 3748 Polybius
1884 3702 1923 3733 01
1938 3693 2084 3733 Strabo
2104 3707 2147 3747 p.
2175 3695 2267 3733 166.
2287 3691 2383 3739 455.
2407 3692 2484 3744 739
2508 3693 2591 3742 (V.

1362 3761 1499 3815 Steph.
1526 3760 1650 3799 Thes,
1673 3773 1706 3797 5.
1729 3772 1767 3798 v.
1787 3765 1827 3796 et
1842 3756 2031 3796 Meiiieke
2053 3755 2222 3795 Vindio.
2246 3755 2436 3795 strabon.
2454 3768 2494 3807 p.
2516 3758 2536 3801 4
2557 3757 2589 3806 ).

1362 3822 1520 3863 Deinde
1550 3821 1699 3860 inserui
1730 3820 1844 3874 μέρη,
1877 3834 1993 3859 11511111
2026 3820 2164 3858 Nostri
2192 3826 2370 3857 secutus.
2402 3817 2591 3856 Ceterum

1362 3900 1432 3925 ora
1456 3885 1509 3924 ita
1541 3882 1695 3922 directa
1734 3890 1808 3931 est,
1848 3890 1894 3922 ut
1926 3897 1948 3922 a
1983 3882 2167 3921 Balaneis
2196 3879 2247 3919 ad
2281 3881 2363 3933 Cap
2387 3877 2592 3918 Lada-lale

1364 3961 1445 3987 non
1470 3948 1709 3985 Leuconoto
1736 3945 1819 3983 sive
1856 3944 2084 3991 Libonoto,
2110 3941 2181 3981 sed
2214 3942 2428 3980 Euronoto
2457 3940 2593 3993 potius

1365 4009 1424 4049 ἐπὶ
1444 4007 1489 4048 τὰ
1505 4006 1595 4060 πρὸς
1613 4005 1767 4060 ἑσπέραν
1798 4006 1889 4060 μέρη
1921 4008 1986 4056 τῆς
2016 4005 2154 4059 ἄρκτου
2179 4001 2450 4056 navigandum
2472 4009 2591 4042 esset.
