2808 4342
723 110 764 151 Ο

193 186 286 225 818

190 278 241 343 (ε)
259 278 332 326 καὶ
349 276 463 331 θεοὺς
484 251 620 325 eiam
642 274 706 321 ὅτι
733 271 889 325 ἐδίδαξε
907 268 1102 320 Διόνυσος
1121 267 1269 320 ἄλλους
1284 286 1333 315 τε
1349 269 1422 317 καὶ

189 347 373 409 μάλιστα
396 345 448 403 δὴ
469 344 619 393 ἑωυτὸν
642 340 968 404 κυμὸαλίζοντας
985 337 1057 383 καὶ
1081 336 1424 398 τυμπανίζοντας·

189 417 260 463 καὶ
290 417 464 479 ὄρχησιν
491 413 535 460 δὲ
558 409 766 463 ἰκδιδάξαι
788 406 862 462 τὴν
881 403 1127 469 σατυρικὴν,
1149 405 1219 450 τὸν
1237 403 1425 468 κόρδακα

188 484 289 546 παρ’
321 482 507 538 Ἕλλησι
538 477 801 537 καλεόμενον·
837 473 888 537 (ο)
921 472 994 520 καὶ
1022 479 1158 537 κομᾷν
1179 470 1335 527 Ἰνδοὺς
1364 476 1424 538 τῷ

147 564 168 593 s
190 554 294 614 θεῷ,
321 547 604 613 μιτρηφορέειν
635 563 682 591 τε
704 542 938 604 ἀναδεῖξαι,
970 540 1045 589 καὶ
1077 541 1219 606 μύρων
1252 541 1425 607 ἀλοιφὰς

187 619 419 678 ἐκδιδάξαι,
445 616 552 662 ὥστε
570 614 642 660 καὶ
668 615 722 667 εἰς
740 613 1004 676 Ἀλέξανδρον
1022 611 1084 659 ἔτι
1098 611 1179 659 ὑπὸ
1196 612 1425 674 κυμὸάλων

187 707 232 735 τε
250 689 319 734 καὶ
342 683 571 745 τυμπάνων
590 683 632 736 ἐς
652 681 726 735 τὰς
745 681 885 746 μάχας
902 680 1028 730 Ἰνδοὶ
1046 681 1314 731 κατίσταντο.

249 757 379 802 vul.
419 751 613 800 Ἀπιόντα
632 749 676 797 δὲ
698 752 746 798 ἐκ
775 754 849 808 τῆς
869 750 1012 799 Ἰνδῶν
1028 753 1129 814 γῆς,
1147 749 1202 804 ὥς
1226 753 1266 798 οἱ
1290 755 1424 798 ταῦτα

186 822 468 885 κεκοσμέατο,
486 824 752 877 καταστῆσαι
772 819 949 883 βασιλέα
971 822 1045 877 τῆς
1066 820 1207 884 χώρης
1222 819 1424 883 Σπατέμ-

126 907 162 936 ιο
189 895 284 951 δαν,
308 895 390 940 τῶν
411 891 584 956 ἑταίρων
612 890 708 950 ἕνα,
743 890 815 937 τὸν
841 889 1200 954 βακχωδέστατον·
1230 888 1425 947 τελευτή·-

187 981 333 1015 σαντος
356 962 399 1007 δὲ
430 958 668 1021 Σπατέμὸα
695 958 773 1018 τὴν
802 958 1024 1023 βασιληίην
1046 958 1286 1014 ἐκδέξασθαι
1319 962 1424 1007 Βου-

186 1032 285 1079 δύαν
308 1031 379 1078 τὸν
396 1030 541 1078 τούτου
560 1032 705 1077 παῖδα·
728 1031 779 1093 (2)
803 1029 875 1077 καὶ
894 1029 963 1076 τὸν
982 1027 1057 1089 μὲν
1076 1028 1332 1086 πεντήκοντα
1351 1029 1424 1076 καὶ

186 1101 256 1149 δύο
278 1100 371 1149 ἔτεα
387 1101 633 1164 βασιλεῦσαι
650 1100 817 1157 Ἰνδῶν,
835 1099 905 1146 τὸν
919 1098 1082 1163 πατέρα
1098 1134 1111 1156 ,
1128 1098 1198 1145 τὸν
1214 1097 1258 1145 δὲ
1276 1099 1423 1156 παῖδα,

186 1172 334 1218 εἴκοσιν
362 1169 471 1217 ἔτεα·
493 1169 566 1217 καὶ
590 1169 734 1217 τούτου
758 1170 891 1216 παῖδα
924 1167 1163 1222 ἐκδέξασθαι
1196 1166 1270 1224 τὴν
1297 1170 1422 1230 βασι-

125 1261 163 1291 15
185 1238 306 1297 ληΐην
343 1239 579 1302 Κραδεύαν·
606 1238 656 1303 (3)
681 1239 753 1285 καὶ
783 1238 831 1285 τὸ
850 1237 936 1284 ἀπὸ
960 1238 1077 1284 τοῦδε
1102 1236 1148 1283 τὸ
1171 1236 1323 1283 πολλὸν
1348 1235 1423 1297 μὲν

185 1310 292 1357 κατὰ
313 1310 426 1372 γένος
448 1308 636 1370 ἄμείὸειν
670 1309 744 1366 τὴν
766 1303 989 1371 βασιληίην
1006 1343 1020 1367 ‚
1044 1308 1173 1353 παῖδα
1202 1305 1318 1369 παρὰ
1340 1325 1421 1352 πα·

184 1380 276 1443 τρὸς
298 1379 577 1440 ἐκδεκόμενον·
595 1381 630 1425 εἰ
650 1379 693 1426 δὲ
710 1380 890 1427 ἐκλείποι
907 1378 954 1425 τὸ
971 1377 1108 1439 γένος,
1127 1376 1235 1425 οὕτω
1256 1375 1306 1434 δὴ
1327 1378 1422 1440 ἀρι-

186 1449 351 1506 στίνδην
366 1448 640 1495 κατίστασθαι
657 1448 823 1496 Ἰνδοῖσι
849 1447 1061 1510 βασιλέας.
1133 1448 1185 1508 (ε)
1209 1446 1423 1509 Ἡρακλέα

186 1516 229 1565 δὲ
243 1554 256 1576 ,
285 1517 432 1564 ’ὅντινα
457 1520 498 1571 ἐς
519 1518 673 1571 Ἰνδοὺς
695 1516 915 1564 ἀπικέσθαι
938 1516 1056 1578 λόγος
1094 1515 1287 1579 κατέχει,
1324 1514 1422 1578 παρ’

120 1607 164 1639 ,a
185 1586 366 1633 αὐτοῖσιν
402 1586 567 1633 Ἰνδοῖσι
589 1585 765 1648 γηγενέα
802 1585 1014 1646 λέγεσθαι.
1087 1586 1138 1647 (ο)
1170 1587 1327 1632 Τοῦτον
1354 1583 1424 1630 τὸν

185 1654 400 1718 Ἡρακλέα
446 1656 630 1716 μάλιστα
669 1653 770 1717 πρὸς
818 1657 1095 1718 Σουρασηνῶν
1134 1653 1422 1718 γεραίρεσθαι,

186 1724 358 1772 Ἰνδικοῦ
391 1723 634 1783 ἔθνεος,ἵνα
668 1725 738 1771 δύο
772 1725 909 1776 πόλιες
940 1724 1145 1786 μεγάλαι,
1180 1721 1348 1784 Μέθορά
1366 1741 1424 1782 ,τε

184 1794 256 1840 καὶ
283 1793 570 1857 Κλεισόὸορα,
588 1794 660 1839 καὶ
692 1792 879 1854 ποταμὸς
899 1792 1105 1855 Ἰωὸάρης
1126 1791 1287 1845 πλωτὸς
1309 1793 1422 1854 διαρ-

189 1863 272 1926 ρέει
313 1862 387 1919 τὴν
430 1862 573 1926 χώρην
612 1864 761 1909 αὐτῶν.
832 1863 882 1923 (ο)
918 1861 1008 1917 Τὴν
1040 1862 1188 1916 σκευὴν
1227 1860 1270 1907 δὲ
1309 1853 1424 1913 οὗτος

52 1932 57 1937 ’
123 1955 166 1985 as
186 1935 210 1978 ὃ
227 1931 461 1997 Ἠρακλέης
482 1932 625 1990 ἥντινα
638 1931 777 1997 ἐφόρεε
791 1931 1060 1993 Μεγασθένης
1073 1931 1183 1991 λέγει
1201 1930 1263 1976 ὅτι
1279 1930 1423 1990 ὁμοίην

185 2004 246 2066 τῷ
262 2001 444 2067 Θηὸαίῳ
461 2000 685 2067 Ἡρακλέϊ,
710 2005 765 2055 ὣς
789 2003 906 2047 αὐτοὶ
927 2002 1047 2049 Ἰνδοὶ
1067 2001 1333 2063 ἀπηγέονται·
1353 2000 1424 2047 καὶ

186 2072 319 2136 τούτῳ
343 2073 518 2135 ἄρσενας
542 2072 616 2134 μὲν
640 2073 791 2125 παῖδας
812 2070 989 2124 πολλοὺς
1011 2072 1144 2135 κάρτα
1168 2070 1355 2133 γενέσθαι
1382 2073 1422 2117 ἐν

185 2145 239 2205 τῇ
261 2141 404 2189 Ἰνδῶν
423 2146 492 2205 γῇ·
510 2143 689 2203 πολλῇσι
709 2140 788 2203 γὰρ
809 2140 858 2196 δὴ
882 2139 1062 2202 γυναιξὶν
1082 2142 1121 2193 ές
1138 2140 1271 2201 γάμον
1294 2141 1423 2186 ἐλθεῖν

186 2212 257 2258 καὶ
294 2215 438 2258 τοῦτον
465 2210 535 2257 τὸν
562 2210 791 2273 *Ηρακλέω
821 2208 1025 2272 θυγατέρα
1054 2207 1097 2255 δὲ
1140 2208 1422 2270 μουνογενέην·

122 2298 165 2329 ao
188 2280 239 2341 (7)
265 2277 419 2339 οὕνομα
443 2277 485 2323 δὲ
510 2270 616 2324 εἶναι
640 2281 690 2340 τῇ
710 2278 827 2323 παιδὶ
847 2277 1065 2334 Πανδαίην
1088 2278 1159 2323 καὶ
1181 2278 1257 2333 τὴν
1279 2276 1423 2340 χώρην

184 2347 252 2394 ἵνα
286 2366 330 2394 τε
364 2347 524 2409 ἐγένετο
558 2347 630 2393 καὶ
660 2341 822 2404 ἧστινος
856 2347 1078 2411 ἐπέτρεψεν
1115 2345 1246 2404 αὐτὴν
1279 2346 1423 2410 ἄρχειν

187 2416 420 2481 Ἡρακλέης
441 2417 679 2475 Πανδαίην,
701 2420 774 2474 τῆς
791 2416 936 2469 παιδὸς
954 2415 1184 2477 ἐπώνυμον·
1206 2415 1423 2478 καὶταύτῃ

122 2640 129 2646 ,
187 2599 346 2633 rectum
378 2599 440 2633 est
461 2590 615 2647 ἀρίοισι.
655 2591 672 2646 ss
696 2614 752 2623 —
774 2603 816 2632 2.
845 2589 998 2646 μᾶλλον
1027 2604 1105 2647 pro
1139 2590 1307 2647 μάλιστα
1326 2592 1377 2632 L.
1407 2591 1423 2645 ΙΙ

188 2678 244 2687 -
265 2656 306 2696 3.
333 2653 519 2702 ἔνδιδάξαι
538 2657 598 2706 Α,
620 2653 768 2702 διδάξαι
789 2655 839 2696 L.
866 2654 884 2708 Ι(
906 2677 963 2685 —
982 2653 1022 2695 5.
1051 2653 1186 2709 μίτρην
1212 2654 1358 2709 φορέειν
1376 2655 1425 2694 L.

193 2719 210 2772 l}
235 2740 292 2749 -
307 2732 348 2770 7.
372 2718 600 2758 κατίσταντο
623 2718 759 2767 1.AD;
783 2716 1034 2757 καθίστασθαι
1054 2717 1136 2757 BC.

246 2780 372 2829 vm,
395 2795 436 2834 9.
458 2780 709 2835 Σπαρτέμὸαν
729 2788 770 2821 et
786 2793 884 2820 mox
900 2779 1130 2835 Σπαρτὲμὸα
1147 2779 1268 2820 BCD.
1287 2778 1430 2832 Quod-

190 2844 224 2884 si
256 2843 380 2884 missa
414 2841 555 2883 seceris
586 2856 678 2897 qua:
709 2841 762 2883 de
793 2841 955 2883 Baccho
988 2850 1029 2882 et
1058 2842 1234 2883 Hercule
1266 2842 1431 2896 regibus

121 2952 131 2961 ⁶
188 2904 473 2961 Megasthenes
507 2903 652 2945 Indica
684 2918 780 2944 cum
817 2904 972 2945 Graecis
1003 2905 1178 2945 miscens
1207 2905 1427 2959 praemisit,

190 2968 348 3025 reliqua
365 2965 478 3009 haud
499 2965 627 3007 dubie
644 2967 850 3022 pertinent
874 2965 927 3006 ad
943 2979 1056 3019 reges
1079 2965 1299 3016 Magadhoe
1315 2967 1428 3019 regni

191 3040 291 3074 tunc
318 3030 508 3073 omnium
537 3028 828 3085 potentissimi,
853 3025 970 3082 cujus
996 3035 1118 3082 caput
1133 3035 1250 3067 erant
1268 3027 1430 3069 Palibo-

196 3094 304 3137 thra.
327 3094 378 3136 In
413 3091 629 3134 annalibus
650 3089 738 3147 ejus
769 3090 909 3146 stirpis
934 3090 1054 3143 regia:
1085 3097 1229 3130 auctor
1257 3089 1451 3132 habetur·

192 3160 341 3207 Manu,
360 3163 479 3213 pater
496 3154 574 3197 1!oe
591 3153 699 3206 filiae,
722 3167 773 3196 ex
796 3166 879 3209 qua
896 3151 1042 3194 Budha
1063 3153 1079 3206 (
1098 3152 1329 3193 Mercurius
1348 3153 1431 3208 pla-

193 3227 287 3262 neta
302 3219 518 3275 >primum
530 3215 843 3258 Praeislielianoe
852 3226 991 3268 regem
1001 3214 1256 3256 Puravanam
1273 3215 1429 3268 genuit.

192 3285 255 3325 Ex
274 3282 339 3325 his
360 3280 551 3324 Budham
569 3276 822 3336 respondere
838 3276 992 3334 Budyae
1013 3275 1288 3332 Megasthenis
1309 3290 1431 3318 nemo

193 3345 377 3402 negabit;
402 3343 594 3401 Κραδεῦας
614 3350 752 3384 autem
780 3354 933 3383 nomen
951 3346 1196 3396 corruptum
1210 3352 1296 3380 esse
1318 3338 1432 3381 vide-

194 3417 262 3450 tur
275 3423 325 3451 ex
340 3407 534 3464 Πραρείιας
550 3407 567 3460 (
582 3408 831 3447 Puravanas
844 3401 1049 3445 Indorum
1065 3403 1097 3458 ).
1112 3402 1303 3457 Denique
1316 3401 1432 3458 quod

194 3470 455 3528 Spatcmbam
486 3470 648 3519 attinet,
679 3466 894 3524 probabile
918 3473 979 3508 est
1008 3464 1313 3521 megasthenem
1337 3477 1432 3506 cum

194 3535 330 3590 primo
357 3535 486 3574 Manu
508 3530 743 3574 confudisse
778 3530 1017 3586 septimum,
1038 3526 1345 3584 svajamblmva
1366 3526 1432 3568 di·

193 3603 325 3645 ctum,
342 3595 412 3649 qui
432 3602 576 3634 auctor
593 3592 773 3635 habetur
789 3606 934 3648 regum
951 3590 1080 3633 aetatis
1092 3588 1318 3647 presentis.
1336 3589 1433 3631 Haec

197 3657 335 3700 notavi
364 3670 414 3697 ex
437 3655 619 3697 Lasscnii
639 3654 735 3696 IncI.
761 3654 944 3696 Alter-th.
964 3655 1000 3705 1,
1027 3667 1071 3710 p.
1097 3653 1204 3708 509;
1231 3648 1360 3693 lusius
1379 3650 1433 3693 de

195 3733 241 3762 re
255 3717 366 3761 idem
384 3717 448 3758 vir
461 3715 722 3758 doctissimus
737 3718 907 3772 exponit
923 3717 965 3758 in
981 3712 1272 3770 Zeitsclzrtsss.
1290 3712 1434 3756 Kcmde

197 3780 269 3823 des
282 3777 574 3834 Morgenlands
587 3779 644 3830 V,
661 3792 704 3834 p.
723 3780 804 3820 232
823 3793 904 3834 sq„
925 3777 995 3820 ubi
1012 3786 1058 3819 tu
1073 3776 1225 3819 videas.
1238 3776 1432 3819 Ceterum

196 3846 253 3886 ita
277 3842 403 3886 habet
418 3839 630 3884 Diodorus
651 3842 708 3891 11,
730 3842 783 3883 38
800 3849 907 3882 extr.
929 3854 939 3881 ε
959 3840 1247 3883 Βασιλεύσαντα
1260 3837 1303 3881 δὶ
1320 3837 1435 3893 (Διό-

197 3909 344 3962 νυσον)
370 3906 494 3959 πάσης
509 3906 578 3958 τῆς
608 3902 772 3955 Ἰνδικῆς
793 3902 860 3956 ἔτη
883 3903 951 3944 δύο
979 3903 1071 3959 πρὸς
1093 3905 1175 3952 τοῖς
1195 3901 1434 3955 πεντήκοντα

196 3970 300 4027 γήρᾳ
326 3969 574 4021 τελευτῆσαι·
613 3965 885 4022 διαδεξάμενον
910 3965 951 4007 δὲ
979 3966 1064 4015 τοὺς
1091 3966 1193 4015 oieb<
1223 3965 1339 4008 αὺτοῦ
1361 3962 1431 4016 τὴν

196 4031 409 4088 ἡγεμονίαν
435 4030 495 4073 ἀεὶ
515 4031 598 4079 τοῖς
625 4027 688 4085 ἀφ’
722 4027 865 4070 tautam
893 4026 1098 4071 ἀπολιπεῖν
1122 4026 1191 4080 τὴν
1215 4026 1359 4084 ἀρχήν·
1386 4026 1432 4068 τὸ

1325 169 1585 219 samam

1493 277 1557 336 (8)
1575 286 1618 321 et
1632 279 1792 323 cultum
1813 293 1946 337 quum
1965 280 2144 324 aliorum
2164 281 2340 325 deorum
2358 291 2447 325 tum
2466 283 2531 325 sui
2546 285 2749 331 maxime&
2760 314 2771 332 τ

1493 345 1624 403 ipsius
1652 345 1870 399 docuisse,
1902 362 2029 405 quem
2048 349 2334 407 cymbalorum
2360 360 2400 393 et
2430 360 2627 408 tympano

1491 413 1617 470 pulsu
1642 413 1732 457 lieri
1747 412 1932 471 jusserit.
1989 415 2253 461 stitutionem
2280 420 2402 462 etiam
2424 421 2641 476 satyricam
2664 421 2675 432 ‘

1493 479 1680 533 duxisse,
1704 496 1831 539 quam
1847 484 1983 527 Greci
2000 484 2220 529 cordacem
2241 496 2403 529 vocant.
2463 488 2526 544 (9)
2554 488 2619 530 Ad
2640 488 2667 530 h

1492 563 1656 592 comam
1673 548 1754 593 deo
1772 552 1956 604 unu-ire,
1989 553 2156 595 min-am
2177 568 2319 609 gerere
2340 556 2645 612 unguentisque
2666 558 2727 599 uti

1493 616 1719 661 ostendisse
1731 618 1939 662 Bacchum
1957 633 1968 663 :
1985 619 2091 663 adeo
2106 629 2153 664 ut
2166 621 2220 664 ad
2239 621 2461 668 Alexandri
2478 637 2610 679 usquc
2624 633 2729 666 tem·

1492 698 1596 741 pora
1616 700 1713 728 eum
1742 687 1938 744 cymbalis
1968 697 2009 731 et
2030 690 2236 746 tympanis
2256 690 2394 747 praelia
2422 690 2519 732 Indi
2541 692 2724 751 inierint.
2805 704 2808 732 ῖ

1547 759 1666 802 VIII.
1692 760 1980 804 Discedeutem
1996 776 2095 804 vcro
2112 776 2161 804 ex
2176 762 2297 805 India
2314 764 2513 806 Liberum
2533 763 2658 807 rebus
2673 766 2729 808 ita
2806 758 2808 771 ⁵

1493 839 1727 882 constitutis
1746 854 1886 896 regem
1904 841 2021 884 Indis
2038 842 2267 900 piasecisse
2287 844 2571 902 Spatcmbam‚
2597 858 2730 889 unum
2787 826 2808 1059 ἰ

1493 933 1546 961 ex
1567 921 1738 972 amicis,
1768 934 1911 963 rerum
1940 923 2235 968 Bau-bimum
2263 927 2573 983 peritissimum.
2633 930 2738 982 Quo
2773 914 2789 950 ''-

1494 1007 1662 1042 mortuo
1694 998 1747 1042 ad
1780 999 1972 1059 Budyam
2006 1002 2096 1058 ejus
2129 1003 2262 1047 filium
2297 1020 2473 1062 regnum
2505 1008 2727 1050 transiisse.
2802 1057 2808 1069 .

1493 1081 1556 1139 (a)
1581 1082 1635 1123 Et
1648 1082 1910 1138 Spatembam
1931 1082 2102 1139 quidem
2120 1098 2252 1127 annos
2268 1100 2329 1127 ut
2342 1086 2459 1129 Indis
2480 1088 2700 1145 imperasse
2718 1103 2727 1130 ;
2800 1106 2808 1137 ,ς

1492 1162 1681 1220 Budyam
1704 1162 1793 1219 ejus
1814 1164 1947 1207 filium
1980 1180 2054 1207 xx.
2113 1164 2250 1221 Hujus
2271 1166 2403 1209 fllium
2435 1167 2666 1213 (kadeuam
2689 1170 2732 1211 in
2801 1142 2808 1161 ⁴¹

1492 1258 1671 1299 regnum
1692 1245 1960 1297 successisse3
1980 1246 2044 1300 (3)
2071 1253 2194 1301 atque
2215 1245 2365 1288 exinde
2382 1246 2628 1303 plerumque
2643 1262 2735 1290 suc-
2780 1222 2808 1274 ’Δ

1493 1326 1676 1368 cessione
1709 1340 1886 1382 regnum
1905 1341 1930 1369 a
1959 1326 2146 1383 patribus
2179 1327 2222 1369 in
2247 1327 2352 1369 lilios
2374 1342 2449 1384 per
2479 1342 2627 1371 manus
2649 1341 2737 1371 esse
2776 1343 2784 1362 ι·

1492 1406 1707 1450 traditum.
1766 1409 1810 1450 Si
1826 1422 1924 1450 vero
1939 1422 2076 1464 regem
2091 1408 2246 1465 absque
2260 1409 2407 1451 liberis
2423 1409 2623 1452 decedere
2636 1424 2736 1453 eon-
2776 1422 2780 1428 ⁴

1493 1489 1682 1543 tingeret,
1714 1488 1897 1546 optimos
1912 1501 2100 1546 quosque
2117 1488 2170 1531 ab
2183 1488 2299 1531 Indis
2321 1503 2434 1545 reges
2448 1498 2607 1532 creatos
2628 1503 2731 1532 esse.
2798 1472 2808 1507 ’Ῑ

1497 1568 1559 1625 (4)
1574 1568 1795 1611 Herculem
1824 1583 1953 1626 porro
1966 1601 1979 1620 ,
2002 1583 2127 1625 quem
2145 1569 2198 1611 ad
2225 1568 2353 1612 Indos
2374 1571 2608 1627 pervenisse
2623 1569 2732 1612 sama

1493 1653 1569 1697 eet,
1590 1646 1836 1700 terrigenam
1851 1645 1962 1702 ipsos
1975 1644 2103 1687 Indos
2131 1659 2310 1688 vocasse.
2374 1646 2436 1704 (5)
2464 1650 2602 1703 Atque
2620 1646 2736 1689 hunc

1493 1735 1517 1762 a
1536 1721 1751 1763 Surasenis
1775 1719 1923 1763 Indica
1943 1730 2063 1777 gente
2097 1723 2306 1779 praecipue
2326 1722 2406 1764 coli
2421 1754 2433 1774 ,
2465 1723 2539 1779 qui
2560 1720 2733 1778 quidem

1493 1797 1598 1839 duas
1636 1811 1805 1853 magnas
1833 1798 1957 1840 urbes
1990 1798 2158 1849 habent,
2199 1798 2391 1841 Methora
2432 1807 2474 1841 et
2506 1798 2733 1843 Clisobora.

1493 1875 1660 1917 Iobares
1679 1875 1833 1917 fluvius
1854 1875 2093 1931 navigabilis
2124 1890 2198 1932 per
2220 1890 2366 1917 eorum
2389 1877 2599 1931 regionem
2623 1876 2730 1919 fluit.

1495 1954 1559 2006 (6)
1579 1953 1658 1995 Hic
1675 1951 1875 1995 Hercula
1890 1983 1902 2003 ‚
1924 1960 1972 1994 ut
2000 1960 2146 1993 auctor
2170 1959 2229 1992 est
2256 1950 2562 2006 Megasthenoe,
2586 1950 2733 1993 eodem

1489 2029 1610 2072 cultu
1630 2030 1817 2087 corporis
1833 2043 1919 2085 quo
1935 2028 2159 2071 Thebanus
2175 2027 2371 2069 Hercula
2392 2027 2603 2078 utebatur,
2621 2026 2734 2083 quod

1494 2109 1591 2151 Indi
1611 2111 1687 2167 ipsi
1710 2117 1904 2161 narrant;
1926 2109 2162 2165 multosque
2182 2107 2410 2150 admodum
2432 2108 2470 2149 ei
2490 2107 2640 2149 liberos
2653 2121 2738 2149 ma-

1494 2201 1561 2229 ια
1578 2187 1623 2228 in
1643 2186 1765 2228 India
1779 2185 1903 2228 fuisse
1924 2184 2026 2227 dicit
2047 2184 2223 2239 (multas
2241 2186 2353 2226 enim
2372 2198 2525 2226 uxores
2545 2183 2737 2226 habuisse

1495 2263 1620 2304 etiam
1643 2262 1758 2304 bunc
1775 2260 2049 2315 Herculem),
2081 2260 2207 2302 filiam
2231 2274 2331 2302 vcro
2350 2261 2541 2312 unicam,
2569 2260 2738 2303 nomine

1495 2338 1745 2382 Pandaeam:
1779 2337 1842 2395 (7)
1870 2338 2082 2393 regionem
2104 2350 2273 2393 quoque
2305 2337 2348 2378 in
2378 2350 2461 2392 qua
2481 2343 2576 2378 nata
2591 2343 2674 2388 est,
2697 2342 2739 2378 et

1497 2414 1616 2471 cujus
1634 2415 1810 2472 imperio
1825 2428 1915 2456 eam
1933 2412 2115 2471 praefecit
2130 2412 2327 2455 Hercules
2338 2443 2351 2464 ‚
2372 2410 2592 2455 Pandam
2610 2425 2635 2453 a
2647 2410 2740 2455 filie

1501 2589 1542 2632 δὲ
1561 2590 1784 2632 τελευταῖον
1817 2588 1985 2637 πολλαῖς
2018 2589 2170 2644 γενεαῖς
2202 2587 2358 2643 ὓστερον
2377 2585 2652 2638 καταλυθείσης
2672 2587 2757 2639 τῆς,

1499 2651 1711 2709 ἡγεμονίας
1739 2651 2081 2708 δημοκρατηθῆναι
2101 2649 2168 2699 τὰς
2197 2649 2341 2698 πόλεις.
2364 2647 2460 2705 Περὶ
2481 2646 2549 2704 μὶν
2579 2642 2737 2696 οὖντοῦ
2799 2653 2808 2659 “

1499 2716 1684 2756 Διονύσου
1702 2714 1767 2756 καὶ
1788 2719 1865 2755 τῶν
1895 2713 2100 2769 ἀπογόνων
2124 2711 2240 2754 αὖτοῦ
2273 2715 2431 2754 τοιαῦτα
2454 2709 2735 2767 μυθολογοῦσιν

1499 2778 1537 2819 οἱ
1566 2776 1636 2829 τὴν
1654 2774 1805 2833 ὀρεινὴν
1828 2779 1896 2828 τῆς
1922 2774 2084 2828 Ἰνδικῆς
2107 2768 2388 2824 κατοικοῦντες.
2407 2775 2457 2815 In
2478 2770 2631 2829 quibus
2658 2785 2736 2827 pro

1497 2839 1716 2897 Spatemba
1752 2839 1838 2895 ipse
1872 2838 2056 2880 Bacchus
2090 2838 2273 2894 ponitur.
2315 2838 2332 2891 (Ι
2365 2859 2422 2868 -
2458 2847 2524 2877 11.
2564 2833 2734 2876 Βονόύαν

1500 2904 1619 2946 ABG.
1647 2903 1663 2956 Ι(
1688 2901 1754 2944 15.
1770 2900 1816 2943 τὶ)
1830 2908 1926 2942 ante
1949 2899 2024 2942 ἀπὸ
2044 2903 2096 2942 Α.
2118 2898 2279 2941 Deinde
2299 2898 2343 2940 τὸ
2365 2896 2466 2940 πολῦ
2490 2893 2615 2938 codd.
2642 2894 2735 2938 ubi·

1499 2978 1601 3020 que,
1619 2962 1733 3020 quod
1749 2964 1791 3005 in
1810 2962 1959 3005 πολλὸν
1972 2962 2145 3003 mutavit
2161 2960 2351 3003 Diibner.
2367 2960 2384 3013 ΙΙ
2404 2970 2540 3000 -2ι,
2558 2956 2736 3013 Σουρα-

1499 3032 1660 3080 σηνῶν
1686 3027 1701 3083 ]
1723 3040 1877 3068 sanscr.
1901 3024 2199 3082 Curasti-nahas.
2231 3025 2288 3065 V.
2316 3020 2503 3065 Wilson.
2534 3020 2731 3063 sanserit.

1499 3090 1608 3130 Dict.
1630 3103 1664 3130 s.
1683 3102 1723 3131 ν.
1740 3088 1963 3145 Curascna.
1991 3090 2007 3141 1(
2026 3111 2083 3119 -
2097 3100 2166 3128 22.
2186 3084 2252 3127 Cf.
2270 3084 2426 3128 Plinius
2443 3083 2521 3134 VI,
2544 3095 2597 3125 22
2613 3085 2701 3138 §69
2721 3096 2731 3125 z

1498 3150 1650 3193 Amnis
1681 3153 1873 3194 Iomanes
1901 3149 1943 3190 in
1976 3152 2155 3201 Gangem
2183 3161 2262 3204 per
2294 3145 2559 3188 Palibothros
2580 3146 2598 3199 (
2616 3144 2732 3201 quod

1498 3227 1596 3254 eave
1623 3226 1674 3253 nc
1692 3211 1745 3253 de
1774 3210 1870 3252 urbe
1898 3209 2144 3252 Palibothris
2167 3208 2396 3265 intelligas)
2428 3205 2610 3249 decurrit
2630 3205 2738 3250 inter

1498 3272 1655 3331 oppida
1681 3272 1869 3315 Methora
1900 3281 1938 3313 ee
1965 3271 2233 3313 charisobom
2262 3272 2279 3324 (
2301 3269 2551 3328 σισεοόριι,
2577 3267 2735 3324 cyn‘so-
2775 3311 2778 3314 ,
2803 3277 2808 3325 ‘j

1499 3336 1621 3378 horca
1641 3349 1748 3377 varr.
1769 3334 1880 3384 lect.;
1914 3334 2120 3376 clisobom
2145 3349 2196 3375 ex
2227 3334 2404 3376 Arriano
2421 3330 2491 3374 ed.
2521 3328 2735 3384 Harduim
2788 3326 2805 3377 js

1502 3397 1749 3454 chonober-a
1780 3396 1892 3451 Sillig
1921 3411 1972 3439 ex
2000 3396 2185 3438 Bohleno
2203 3395 2297 3438 Ale.
2335 3394 2434 3438 lud.
2464 3396 2500 3445 1,
2530 3407 2575 3451 p.
2605 3394 2736 3450 232).
2770 3376 2805 3479 ,ἑ

1498 3460 1690 3504 Methura
1731 3474 1842 3502 nunc
1874 3459 2086 3508 Motlmra,
2126 3459 2198 3501 ubi
2231 3460 2354 3501 ctiam
2390 3455 2516 3500 hodie
2549 3457 2739 3506 Crisnan
2790 3454 2808 3502 ,“

1500 3526 1517 3579 (
1537 3525 1621 3566 sive
1637 3522 1885 3580 Herculem)
1913 3522 2007 3565 Indi
2034 3531 2177 3564 natum
2199 3530 2363 3579 putant.
2395 3519 2535 3564 Altera
2551 3518 2668 3573 urbs,
2685 3516 2742 3563 do
2788 3534 2793 3541 ·

1499 3602 1581 3644 qua
1599 3601 1683 3629 non
1710 3587 1804 3628 satis
1835 3585 1980 3642 liquet,
2005 3584 2175 3628 sortasse
2208 3584 2265 3627 ab'
2281 3585 2371 3641 ipso
2405 3584 2552 3626 Crisna
2586 3594 2738 3632 nomen
2785 3631 2789 3635 ,

1501 3650 1661 3700 habuit,
1687 3649 1974 3706 Crisnapuera,
2001 3646 2253 3704 Κρισνόὸορα.
2286 3647 2343 3691 V.
2366 3642 2660 3689 Schwanbedn.
2682 3641 2739 3687 ad

1502 3714 1552 3755 sr.
1588 3712 1790 3768 Megasth.
1831 3726 1875 3768 p.
1909 3714 2006 3762 420.
2037 3714 2117 3768 Ap.
2155 3707 2332 3752 Diodor.
2369 3710 2437 3760 11,
2469 3708 2522 3763 39
2543 3703 2738 3757 Hercul.
2775 3707 2779 3711 ’

1502 3784 1641 3817 noster
1657 3784 1806 3831 praetcr
1826 3773 1924 3816 alias
1942 3772 2067 3815 urbes
2093 3773 2216 3815 etiam
2244 3769 2496 3821 Palibothra,
2516 3766 2655 3812 sedem
2675 3779 2744 3819 εγ.
2774 3810 2777 3811 ⁷

1500 3839 1624 3892 giam,
1646 3835 1878 3880 condidisse
1903 3843 2111 3878 narratur.
2137 3835 2154 3890 ΙΙ
2183 3858 2240 3866 -
2262 3834 2332 3875 25.
2358 3831 2513 3888 ἔφόρεσε
2530 3830 2614 3873 BC·
2644 3828 2771 3884 ils-*s

1503 3902 1570 3942 30.
1598 3898 1700 3942 εἶναι
1718 3913 1804 3941 om.
1839 3899 1890 3941 L.
1928 3898 1946 3953 (1
1967 3921 2024 3929 -
2055 3897 2124 3938 32.
2151 3894 2430 3949 Πανδαίην]
2457 3891 2599 3935 Deliis
2616 3884 2797 3946 εἰμί’

1504 3964 1552 4003 iis
1570 3977 1661 4018 quze
1679 3978 1716 4004 c.
1746 3977 1788 4016 9.
1813 3963 1836 4014 S
1868 3974 1886 4001 ι
1910 3960 2103 4015 leguntur
2124 3957 2178 4000 cf.
2207 3955 2384 4000 Diodor.
2415 3955 2443 3997 l.
2467 3954 2515 4007 l.;
2538 3950 2732 4006 Pht-uuo·

1506 4026 1655 4067 Min-al).
1674 4039 1712 4068 c.
1732 4025 1782 4067 33
1798 4041 1809 4076 ;
1831 4022 2010 4080 Polyaen.
2025 4023 2197 4076 Strateg.
2215 4021 2251 4073 1,
2270 4021 2310 4071 3,
2330 4022 2353 4069 4
2365 4034 2378 4071 ;
2395 4012 2730 4064 Pliniusvmm-
