2808 4342
535 0 628 75 Χ]

133 183 208 234 με,
220 179 296 240 ιο.)

631 311 636 316 -
667 279 824 323 Τοῦτον
847 277 904 328 εἷς
919 275 1043 322 τόπον
1064 277 1168 331 τινές

220 351 292 403 τῆς
309 347 519 408 Ταυρικῆς
538 343 725 404 λέγουσιν
743 343 961 407 ἀφικέσθαι
983 344 1084 389 ποτέ

132 431 200 462 830
220 418 448 461 κλαπεῖσαν
469 411 714 475 Ἰφιγένειαν
733 413 781 457 ἐκ
796 415 868 467 τῆς
886 412 1079 464 Αὐλίδος.
1107 450 1118 462 .
1143 446 1154 457 .

221 481 339 530 Εἰσὶν
360 479 402 526 δὲ
415 486 499 533 τοῖς
520 479 703 542 ὄχλοισιν
726 482 763 526 οἱ
787 482 944 541 Ταῦροι
964 481 1133 543 συχνοί,

219 549 304 611 βίον
322 549 358 593 δ’
382 548 555 610 ἐνόρειον
574 548 734 608 νομάδα
755 548 791 594 τ’
814 548 1085 604 ἐζηλωκότες,

221 617 294 672 τὴν
312 618 346 662 δ’
367 616 564 677 ὠμότητα
590 616 795 680 βάρὸαροί
811 635 854 662 τε
877 617 947 662 καὶ
965 621 1119 680 φονεῖς,

217 684 481 745 ἱλασκόμενοι
501 685 554 731 τὰ
574 691 662 732 θεῖα
681 692 762 738 τοῖς
786 684 1064 745 ἀσεὸήμασιν.

125 837 192 870 835
215 822 379 880 Ἐπειτ’
404 824 470 868 ἐπ’
488 824 610 868 αὐτοῦ
626 826 696 868 τοῦ
720 821 924 882 στόματος
939 822 1174 876 Μαιώτιδος

215 891 360 953 λίμνης
383 892 428 938 τὸ
446 892 761 938 Παντικάπαιόν
782 894 892 938 ἐστιν
917 891 1110 954 ἔσχατον,

215 965 284 1007 τοῦ
307 961 521 1023 Βοσπόρου
547 961 752 1023 βασίλειον
773 961 1139 1022 ὠνομασμένον..,.

212 1027 365 1076 Ἄνωθε
382 1030 534 1076 τούτων
557 1035 584 1086 ἡ
611 1031 760 1082 Σκυθὶς
777 1035 830 1091 γῆ
850 1030 1056 1093 βάρὸαρος

212 1099 313 1163 πρὸς
335 1099 408 1156 τὴν
431 1100 620 1156 ἀοίκητον
646 1101 895 1163 συνορίζουσ’
924 1101 1010 1145 ἐστὶ
1028 1103 1104 1162 γῆν

129 1184 195 1216 840
217 1169 288 1215 καὶ
310 1176 414 1215 πᾶσι
437 1176 519 1222 τοῖς
537 1168 743 1226 ρΈλλησιν
770 1168 1061 1230 ἀγνοουμένην.

280 1239 475 1301 Πρώτους
492 1238 534 1284 δὲ
557 1239 671 1301 παρὰ
693 1239 762 1284 τὸν
778 1236 940 1302 Ἵστρον
959 1232 1065 1285 εἶναι
1090 1240 1306 1302 Καρπίδας

214 1309 374 1371 εἴρηκεν
393 1308 592 1373 Ἔφορος,
614 1302 718 1354 εἶτεν
738 1309 958 1371 Ἀροτῆρας
981 1308 1123 1371 πρόσω

212 1377 392 1438 Νευρούς
414 1395 458 1421 τε
482 1377 606 1439 μέχρι
625 1380 699 1437 γῆς
717 1377 842 1422 πάλιν
861 1377 1015 1441 ἐρήμου
1036 1376 1102 1422 διὰ
1118 1378 1263 1438 πάγον,

215 1445 314 1506 πρὸς
333 1445 535 1496 ἀνατολὰς
555 1447 591 1490 δ’
613 1445 782 1492 ἐκὸάντι
797 1447 864 1491 τὸν
886 1446 1141 1509 Βορυσθένην

127 1530 190 1560 345
213 1513 287 1568 τὴν
311 1513 735 1573 λεγομένην,”Υλαιαν
755 1518 965 1567 οἰκοῦντας
986 1515 1148 1567 Σκύθας

211 1576 336 1638 εἶναι,
356 1582 566 1645 Γεωργοὺς
583 1584 617 1627 δ’
635 1582 851 1645 ἐχομένους
870 1585 1025 1630 τούτων
1050 1584 1152 1642 ἄνω,

211 1651 354 1697 ἔπειτα
377 1652 501 1697 πάλιν
523 1652 675 1714 ἔρημον
703 1653 771 1698 ἐπὶ
789 1653 916 1699 πολὺν
931 1653 1073 1713 τόπον,

209 1721 312 1784 ὑπὲρ
332 1720 372 1766 δὲ
391 1721 541 1778 ταύτην
557 1722 839 1786 Ἀνδροφάγων
858 1725 1028 1769 Σκυθῶν
1048 1723 1176 1778 ἔθνος,

213 1790 400 1836 ἐπέκεινα
421 1791 455 1835 δ’
473 1784 577 1836 εἶναι
593 1791 717 1837 πάλιν
744 1791 896 1855 ἔρημον
920 1792 1134 1853 ἐχομένην.

125 2020 195 2072 τὴν
217 2022 263 2062 Χ.
290 2021 404 2062 dedit
431 2023 696 2063 Letronnius,
734 2024 749 2077 Η
780 2047 837 2054 -
857 2025 1058 2078 827-833.
1085 2026 1221 2066 Anon.
1262 2039 1312 2079 p.
1340 2027 1364 2064 6

126 2084 282 2134 Hads„
296 2099 346 2140 p.
367 2088 464 2135 216,
484 2088 507 2127 8
529 2084 661 2136 Gail.‚
684 2085 757 2126 uhi
779 2095 920 2127 nostra
935 2086 1261 2127 introducuntur
1277 2100 1367 2126 ver-

127 2147 216 2189 bis:
251 2146 318 2193 ’Ey
339 2147 458 2203 ταύτῃ
481 2151 531 2203 τῇ
556 2149 669 2203 χώρᾳ
695 2149 712 2201 (
741 2162 832 2202 quae
854 2157 916 2188 est
953 2148 1005 2188 ad
1025 2150 1323 2202 Criumetopon
1348 2150 1364 2201 )

126 2212 192 2261 τῆς
205 2210 391 2264 Ταυρικῆς
405 2207 501 2255 τινὲς
517 2207 694 2263 λέγουσιν
715 2207 925 2263 ἀφικέσθαι.
954 2211 1003 2249 In
1026 2223 1221 2249 numeros
1247 2208 1365 2249 rede-

125 2273 186 2325 git
200 2271 428 2312 Fabricius.
450 2272 501 2310 In
516 2279 673 2310 anteco.
691 2272 936 2325 Anonymus
954 2279 1092 2312 narrat
1110 2285 1133 2311 a
1156 2271 1365 2325 Lampade

124 2333 179 2374 ad
208 2334 522 2387 Criumetopum
555 2331 686 2372 stadia
721 2347 807 2373 esse
843 2346 948 2383 2203
973 2348 1065 2387 quae
1097 2334 1197 2373 item
1219 2332 1365 2373 iambis

126 2395 297 2436 excudit
331 2394 592 2444 Holstenius;
625 2402 666 2434 at
692 2409 804 2434 mere
836 2394 1102 2435 Holsteniana
1134 2395 1222 2435 haee
1258 2409 1359 2445 esse,

125 2473 211 2499 non
231 2465 362 2512 poetae
380 2457 511 2497 nostri
525 2464 636 2496 recte
651 2465 823 2498 monent
843 2457 1000 2497 Gailius
1019 2465 1059 2497 et
1077 2456 1302 2497 Fabricius.
1342 2459 1356 2510 ll

124 2541 181 2551 -—-
203 2520 297 2560 831.
332 2517 467 2572 ὄχλοις
485 2519 656 2568 Anom.;
685 2531 768 2557 em.
798 2515 1011 2569 Meineke;
1035 2517 1171 2573 ὄχλοις
1194 2517 1260 2572 μὲν
1284 2519 1361 2558 Le-

125 2590 264 2622 tronn.
295 2581 311 2634 ll
343 2603 400 2611 —-
419 2580 515 2621 832.
548 2579 694 2634 ἐνόριον
714 2582 815 2630 An.;
841 2594 921 2620 em.
952 2582 1062 2628 Bast.
1089 2582 1151 2621 De
1169 2580 1292 2620 rebus
1321 2596 1358 2621 v.

125 2643 271 2684 Ukert.
285 2645 361 2692 III,
374 2655 414 2692 2,
428 2656 472 2697 p.
493 2645 573 2691 463
589 2655 680 2697 sqq.
705 2642 720 2695 Η
739 2666 796 2672 -
809 2644 907 2683 Post
923 2657 962 2682 v.
975 2643 1055 2691 834
1068 2657 1222 2683 novum
1234 2651 1364 2697 poetae

125 2705 402 2759 fragmentum
424 2712 623 2744 eruerunt
651 2718 702 2743 ex
721 2706 875 2745 Anom.
906 2718 949 2759 p.
977 2704 999 2744 5
1027 2706 1100 2755 H.,
1132 2719 1175 2759 p.
1204 2718 1301 2754 212,
1339 2709 1363 2745 6

124 2768 250 2818 Gaii„
273 2766 387 2822 quod
405 2781 471 2821 ap.
491 2767 765 2807 Letronnium
791 2766 994 2810 itahabet
1020 2780 1029 2806 :
1059 2765 1136 2807 Ἀπ’
1168 2762 1235 2812 οὖν
1264 2765 1365 2819 Ἀθη-

125 2836 284 2878 ναιῶνος
303 2830 395 2885 ἄχρι
411 2834 486 2870 τῶν
504 2829 635 2870 Κυτῶν
657 2830 664 2882 l
686 2829 828 2869 Σκύθαι
853 2832 1098 2869 κατοικοῦσι·
1129 2828 1225 2884 μετὰ
1244 2832 1364 2870 ταῦτα

125 2894 319 2948 Βόσπορος
337 2892 562 2948 [Κιμμέριός
582 2891 700 2942 ἐστιν,
723 2891 802 2942 ἥτε
820 2891 1004 2946 Κιμμερὶς
1014 2891 1138 2939 πόλις.
1166 2894 1174 2947 Ι
1202 2890 1363 2933 Ἐνταῦ-

127 2957 173 2996 θα
203 2959 334 2996 ναῦσιν
366 2956 484 3010 ὅρμος
511 2955 594 3002 τοῖς
616 2953 677 3008 ἀφ’
703 2952 857 3008 ἑσπέρας
881 2956 886 3008 Ι
907 2952 1008 2994 ἐστὶν
1046 2953 1216 3009 ἀνέμοις·
1251 2953 1290 2994 ἐν
1317 2958 1364 3011 τῇ

127 3018 296 3075 θαλάττῃ
319 3018 353 3058 δ’
381 3017 580 3072 ἅντικρυςΙ
619 3019 730 3068 νῆσοι
759 3017 963 3071 πετρώδεις
994 3016 1038 3056 οὗ
1069 3017 1166 3057 πάνυ
1195 3017 1363 3072 μεγάλαι

125 3080 208 3131 δύο,
233 3081 239 3133 Ι
263 3080 399 3135 ὀλίγον
427 3078 491 3120 ἀπ’
517 3078 674 3134 ἠπείρου
690 3079 939 3133 διέχουσαι...
965 3081 1014 3119 In
1030 3080 1119 3134 ipso
1141 3081 1364 3134 Anonymo

127 3157 223 3184 sane
244 3158 331 3184 non
350 3144 406 3183 ita
428 3143 517 3183 haec
533 3143 740 3196 leguntur,
772 3151 812 3183 at
837 3143 976 3196 negari
996 3151 1133 3183 tamen
1155 3145 1298 3197 nequit
1321 3145 1363 3184 in

127 3206 333 3247 nonnullis
352 3207 581 3246 orationem
604 3207 782 3261 speciem
799 3204 1008 3260 quandam
1024 3205 1207 3260 praebere
1222 3206 1363 3246 metri-

126 3282 233 3308 cam.
254 3269 398 3323 Itaque
430 3277 595 3324 poetam
629 3277 818 3309 nostrum
841 3267 1007 3308 subesse
1036 3282 1122 3308 non
1158 3282 1360 3323 perneg0;

126 3338 235 3370 certe
252 3329 364 3370 unde
384 3345 458 3371 sua
478 3331 670 3370 sumserit
685 3333 929 3385 Anonymus
947 3331 1168 3371 nescimuS.
1187 3333 1242 3371 At
1263 3345 1362 3371 con-

128 3391 272 3432 sultius
286 3391 386 3432 duxi
404 3392 492 3432 haec
509 3392 741 3446 relinquere
759 3394 925 3443 intacta,
946 3395 1007 3434 uti
1024 3392 1207 3434 fecerunt
1223 3393 1363 3434 Fabri-

129 3455 215 3494 cius
229 3462 270 3493 et
293 3454 536 3504 Meinekius,
555 3455 627 3508 qui
638 3462 776 3494 tamen
796 3453 911 3494 illum
928 3454 1081 3506 locum,
1100 3455 1173 3495 ubi
1185 3456 1363 3495 Cimme-

129 3517 202 3556 rici
218 3516 390 3570 Bospori
410 3517 563 3556 mentio
575 3515 637 3565 fit,
654 3517 698 3556 in
716 3517 958 3570 Scymniana
978 3526 1237 3573 receperunt,
1250 3518 1362 3558 hunc

128 3584 349 3630 pangentes
378 3577 612 3616 trimetrum
648 3589 659 3616 :
697 3574 741 3616 Ὃ
772 3576 977 3631 Κιμμέριός
1001 3577 1080 3619 ἐστι
1100 3574 1213 3633 ’μετὰ
1242 3583 1362 3620 ταῦτα

129 3637 337 3690 Βόσπορος.
359 3635 409 3675 Id
425 3651 524 3676 vero
539 3637 691 3677 imitari
709 3637 839 3679 nolui.
859 3639 966 3679 Nam
976 3640 1009 3679 si
1024 3640 1181 3694 reliqua
1196 3642 1362 3697 Scymni

129 3713 214 3740 non
237 3706 354 3747 sunt,
380 3698 484 3737 nihil
501 3707 562 3738 est
586 3712 660 3738 cur
680 3700 951 3741 Cimmerium
965 3703 1212 3757 Bosporum,
1238 3717 1361 3758 quem

127 3774 251 3800 nemo
267 3759 455 3799 omittere
469 3767 643 3813 poterat,
662 3774 684 3800 e
703 3762 881 3816 Scymno
899 3764 1036 3817 potius
1052 3777 1177 3818 quam
1196 3763 1361 3805 aliunde

128 3825 399 3877 Anonymum
414 3835 643 3862 memorare
657 3831 863 3877 putemus.
887 3825 903 3878 Η
919 3848 976 3855 —
991 3826 1040 3866 83
1048 3826 1191 3880 5-874.
1217 3832 1338 3870 Aaou
1350 3860 1362 3872 ,

121 3899 172 3940 p.
198 3885 221 3924 3
245 3887 322 3932 H.,
353 3898 403 3939 p.
429 3885 524 3934 208,
561 3887 706 3934 6-211,
736 3885 759 3925 3
791 3885 904 3926 Gail.
925 3887 1062 3927 Versu
1092 3889 1171 3942 837
1206 3891 1287 3936 τοῖς
1312 3890 1354 3929 ss.

131 3948 168 4001 β.
189 3947 527 4001 ἐπωνομασμένον,
541 3960 622 3986 em.
636 3948 758 3987 Voss.
773 3945 813 3988 et
829 3948 1015 3990 Holsten.
1039 3950 1055 4003 ΙΙ
1075 3973 1131 3981 —-
1146 3953 1241 3992 838.
1260 3951 1359 3991 ἅνω-

127 4010 194 4051 θεν
217 4008 258 4049 ’δὲ
276 4008 420 4068 τούτων
453 4010 552 4059 An.;
580 4009 751 4049 mutavit
771 4011 918 4061 Mein.;
951 4011 1030 4051 ἄνω
1054 4011 1093 4052 δὲ
1115 4012 1260 4054 τούτων
1284 4015 1358 4054 Fa-

1113 176 1290 254 omn-s
1322 177 1692 228 DESCRIPTIO.

2579 211 2667 255 231

1972 288 2153 330 Huncin
2175 291 2310 334 locum

1441 350 1627 391 Tauricae
1648 352 1817 406 quidam
1831 353 1977 395 dicunt
1998 355 2097 396 olim
2116 359 2272 399 venisse

1443 416 1680 472 subreptam
1694 434 1743 460 ex
1762 420 1911 462 Aulide
1927 422 2199 477 Iphigeniam.
2210 458 2218 465 .
2229 457 2237 465 .

1441 485 1682 528 Numerosis
1697 497 1834 530 autem
1847 490 1975 531 Tauri
1993 491 2125 532 turbis
2140 494 2315 548 pollent,

1444 553 1536 594 vitae
1558 564 1763 597 montanae
1783 571 1974 612 vagaeque
1996 557 2147 611 dediti,

1442 621 1682 664 crudelitate
1696 623 1956 679 caedibusque
1968 625 2154 677 barbari,

1441 698 1658 730 exorantes
1676 691 1848 732 numina
1872 692 2008 747 impiis
2024 693 2257 738 sceleribus.

1442 826 1603 868 Deinde
1624 827 1677 868 ad
1695 828 1830 883 ipsum
1847 830 1999 870 ostium
2013 832 2216 874 Maeotidis

1441 895 1601 950 paludis
1622 898 1926 953 Panticapaeum
1947 897 2056 953 jacet
2076 901 2282 954 ultimum,

1442 980 1533 1020 quae
1550 967 1722 1021 Bospori
1744 968 1855 1021 regia
1878 970 2243 1022 cognominatur...

1441 1034 1573 1089 Supra
1595 1034 1682 1075 haec
1700 1043 1760 1075 est
1781 1035 1970 1090 Scythica
1987 1038 2100 1090 regio
2115 1038 2301 1091 barbara,

1441 1104 1698 1144 contermina
1715 1112 1834 1145 terrae
1855 1104 2000 1146 incolis
2024 1108 2179 1148 carenti

1441 1178 1481 1209 et
1502 1171 1660 1211 cunctis
1680 1172 1834 1212 Graecis
1855 1173 2086 1226 incognitae.

1494 1240 1657 1281 Primos
1672 1255 1770 1282 vero
1787 1240 1907 1296 juxta
1922 1244 2077 1283 Istrum
2095 1258 2180 1286 esse
2192 1246 2386 1301 Carpidas

1440 1306 1545 1348 dixit
1558 1308 1766 1363 Ephorus,
1788 1308 1939 1350 deinde
1951 1312 2160 1363 Aroteres,
2178 1313 2428 1370 ulteriusque

1438 1378 1599 1418 Neuros
1616 1392 1748 1433 usque
1769 1379 1818 1420 ad
1837 1379 2040 1422 desertam
2057 1381 2111 1422 ob
2130 1382 2257 1437 frigus
2276 1387 2506 1439 regionem5

1439 1445 1641 1486 orientem
1662 1455 1798 1487 autem
1820 1462 1961 1489 versus
1979 1452 2205 1492 transeunti
2226 1454 2521 1508 Borysthenem

1438 1528 1656 1555 occurrere
1672 1516 1840 1570 Scythas
1857 1517 2040 1572 Hylaeam
2055 1518 2207 1560 dictam
2228 1514 2450 1563 incolentes
2464 1540 2476 1574 ;

1436 1582 1500 1622 his
1520 1583 1799 1623 conterminos
1814 1598 1900 1624 esse
1919 1586 2103 1639 Georgos
2118 1601 2258 1628 versus
2273 1589 2585 1642 mediterranea,

1436 1649 1587 1690 deinde
1604 1665 1746 1691 rursus
1762 1651 1969 1692 desertum
1985 1655 2098 1708 sequi
2114 1654 2233 1709 longe
2251 1644 2392 1711 patens
2407 1674 2418 1708 ;

1436 1733 1560 1774 supra
1571 1719 1670 1760 illud
1690 1729 1827 1761 autem
1841 1730 2002 1775 gentem
2019 1724 2262 1779 Scytharum
2278 1726 2669 1783 Androphagorum,

1434 1799 1475 1831 et
1488 1790 1595 1832 ultra
1613 1792 1687 1831 hos
1710 1791 1846 1832 denuo
1868 1807 1953 1834 esse
1969 1794 2246 1837 solitudinem.

1434 2024 1610 2076 bricius;
1627 2025 1753 2067 ἐπάνω
1767 2025 1806 2066 δὲ
1825 2042 1862 2066 τ.
1889 2028 2089 2068 Letronn.
2109 2028 2124 2081 ll
2144 2052 2200 2058 --
2216 2026 2414 2080 ἣΣκυθικὴ
2439 2030 2547 2084 βαρὸ.
2568 2025 2668 2083 Αη.’;

1434 2101 1515 2128 em.
1551 2089 1771 2138 Letronn.;
1801 2088 1900 2130 fort.
1924 2088 2002 2142 leg.
2024 2089 2166 2128 Σκυθία
2195 2091 2246 2143 γῆ
2278 2089 2386 2144 conj.
2417 2092 2546 2133 Mein.
2577 2093 2591 2146 Η
2615 2117 2671 2124 -

1435 2151 1531 2198 841.
1557 2149 1752 2196 Καλπίδας
1788 2151 1951 2204 scripsit
1992 2151 2263 2202 Letronnius,
2297 2151 2596 2205 Niebuhrium,
2625 2163 2672 2195 ut

1434 2209 1611 2261 videtur,
1645 2218 1830 2260 secutus,
1856 2212 1928 2264 qui
1961 2211 2005 2250 in
2031 2213 2185 2266 Opusc.
2225 2215 2268 2262 1,
2301 2228 2342 2268 p.
2371 2215 2450 2267 398
2481 2215 2670 2270 Καρπίδας

1432 2262 1590 2325 ΙᾩΙωτί
1613 2286 1699 2312 esse
1738 2272 1975 2319 Καλλιπίδας
1998 2273 2221 2324 Herodoti,
2240 2283 2281 2315 et
2303 2275 2346 2315 in
2381 2274 2453 2316 εἶτ’
2478 2276 2669 2330 ἐναρωτῆ-

1435 2347 1502 2387 ρα,
1529 2333 1642 2387 quod
1672 2332 1803 2374 codex
1828 2337 1982 2374 Anom.
2001 2334 2177 2388 praebet,
2200 2335 2323 2375 latere
2347 2334 2420 2376 εἴτ’
2455 2334 2670 2387 Ἇλάζωνας

1433 2395 1517 2435 sive
1528 2395 1727 2436 Alazones
1748 2395 1965 2446 Herodoti,
1987 2397 2161 2436 censuit.
2180 2399 2235 2437 At
2251 2396 2330 2437 hoc
2346 2396 2514 2451 quidem
2529 2408 2668 2454 aperte

1431 2465 1519 2496 erat
1549 2455 1651 2497 εἶτεν
1685 2456 1908 2512 Ἂροτῆρας,
1937 2459 1998 2497 uti
2018 2457 2106 2512 jam
2138 2459 2374 2499 Gronovius
2398 2459 2500 2500 vidit
2519 2460 2667 2504 eodem

1431 2518 1786 2570 duce'Herodoto,
1812 2521 1884 2574 qui
1900 2521 1986 2575 ipse
2012 2535 2177 2575 quoque
2198 2524 2392 2563 Aroteras
2411 2523 2534 2565 hosce
2552 2540 2666 2568 com-

1431 2590 1646 2622 memorat.
1673 2581 1891 2636 Callipides
1920 2589 2057 2622 autem
2092 2581 2260 2623 eosdem
2285 2597 2370 2624 esse
2398 2598 2495 2626 cum
2515 2588 2666 2631 nostris

1431 2642 1677 2698 Carpidibus
1702 2643 1816 2683 haud
1836 2657 1941 2697 nego
1962 2643 2153 2698 quidem,
2184 2659 2270 2685 non
2289 2653 2428 2687 tamen
2449 2657 2667 2703 propterea

1432 2705 1659 2760 quidquam
1674 2705 1922 2746 mutandum
1940 2705 2132 2747 duxerim
2142 2723 2154 2757 ;
2176 2721 2272 2747 nam
2288 2707 2322 2747 si
2340 2708 2532 2763 Ephorus
2543 2710 2587 2751 in
2600 2712 2665 2754 his

1431 2769 1550 2809 sicuti
1570 2769 1613 2809 in
1628 2783 1742 2823 seqq.
1764 2767 1816 2809 ad
1831 2767 2067 2810 Herodotea
2082 2770 2127 2809 in
2148 2769 2353 2824 plerisque
2368 2770 2538 2821 accedit,
2554 2773 2666 2815 haud

1430 2845 1562 2885 pauca
1582 2839 1721 2872 tamen
1746 2830 1886 2881 habet,
1922 2845 2012 2886 quae
2046 2832 2089 2871 in
2108 2831 2323 2872 Herodoto
2347 2847 2433 2873 non
2456 2833 2663 2887 leguntur.

1432 2893 1588 2935 Gailius
1607 2891 1804 2948 Carpides
1826 2893 1915 2933 illos
1937 2892 2019 2934 dici
2040 2908 2064 2934 a
2081 2894 2204 2949 Carpi
2233 2894 2361 2936 fluvio
2392 2897 2564 2947 censuit,
2589 2898 2665 2939 im-

1430 2955 1632 3011 probante
1649 2954 1808 2996 Ukerto
1830 2957 1892 2994 111
1906 2986 1917 3005 ‚
1949 2968 1990 3005 2,
2021 2969 2065 3010 Ρ.
2091 2956 2187 3006 436,
2213 2970 2342 3010 quum
2374 2957 2517 3012 Carpis
2539 2957 2580 2998 ἐκ
2599 2962 2666 3011 τῆς

1431 3018 1641 3072 καθύπερθε
1675 3018 1805 3071 χώρας
1845 3015 2063 3072 Ὀμὸρικῶν
2100 3016 2114 3073 (
2143 3017 2344 3059 Herodot.
2368 3020 2443 3068 IV,
2490 3020 2580 3075 49)
2619 3022 2664 3062 in

1430 3083 1584 3121 Istrum
1599 3079 1760 3129 influat,
1787 3078 1963 3133 ideoque
1987 3078 2040 3119 ad
2058 3080 2264 3134 Scythicas
2279 3087 2416 3133 gentes
2435 3094 2517 3120 non
2539 3083 2663 3134 perti·

1431 3151 1539 3184 neat.
1574 3144 1665 3197 Ipse
1691 3140 1889 3196 Carpidas
1922 3155 2007 3180 esse
2039 3149 2155 3195 putat
2181 3155 2283 3195 quos
2312 3149 2453 3195 postea
2486 3143 2662 3183 Romani

1432 3207 1587 3262 Carpos
1610 3203 1810 3244 vocabant
1833 3203 1847 3259 (
1867 3203 2035 3257 Vopisc.
2058 3203 2126 3255 39.
2152 3202 2292 3243 Aurel.
2318 3203 2357 3241 V
2359 3203 2427 3243 iet.
2447 3203 2499 3255 39
2518 3211 2597 3244 ete.
2624 3203 2659 3260 ).

1431 3269 1624 3309 Ceterum
1659 3279 1754 3306 cum
1795 3272 1936 3305 nostro
1975 3264 2223 3319 populorum
2269 3264 2449 3317 catalogo
2489 3265 2661 3307 omnino

1431 3328 1707 3385 comparanda
1729 3336 1824 3368 sunt
1851 3341 1942 3382 quae
1966 3326 2171 3367 simillima
2185 3325 2376 3380 leguntur
2394 3325 2505 3381 apud
2530 3329 2662 3370 Hero·

1430 3394 1577 3434 dotum
1605 3393 1682 3440 IV,
1712 3404 1760 3444 17
1798 3404 1878 3444 sq.,
1916 3403 2041 3443 quem
2066 3389 2258 3443 Ephorus
2284 3402 2369 3443 prae
2394 3389 2536 3430 ceteris
2565 3397 2660 3430 ante

1430 3455 1570 3496 oculos
1605 3452 1793 3493 habuisse
1836 3450 2015 3492 videtur.
2056 3451 2119 3490 De
2151 3449 2319 3504 singulis
2362 3463 2459 3490 vero
2497 3449 2659 3504 populis

1430 3515 1643 3557 adeundus
1668 3513 1864 3553 Ukertus.
1893 3512 1909 3566 ll
1935 3536 1992 3542 —-
2019 3512 2115 3560 843.
2143 3511 2342 3567 νευροῦτας
2362 3526 2403 3552 τε
2421 3511 2534 3566 μέχρι
2555 3513 2655 3561 An.;

1430 3594 1510 3619 em.
1524 3577 1717 3626 Vossius;
1733 3574 1899 3630 Νεύρους
1909 3575 1943 3615 τ’
1956 3574 2067 3629 ἄχρις
2078 3576 2278 3615 Lctronn.
2298 3574 2315 3628 ΙΙ
2333 3598 2391 3605 -
2404 3574 2538 3628 πάγων
2555 3575 2655 3623 An.;

1430 3655 1510 3680 em.
1548 3637 1728 3678 Meinek.
1773 3638 1788 3690 {l
1815 3661 1873 3668 —
1908 3638 2005 3686 844.
2041 3636 2239 3677 stasmi?
2258 3636 2454 3678 Meineke.
2475 3636 2579 3676 Sane
2602 3635 2658 3674 ita

1430 3699 1663 3743 Herodotus
1684 3700 1760 3749 IV,
1797 3700 1845 3740 18
1879 3712 1888 3739 ε
1918 3697 2013 3754 ἀτὰρ
2032 3699 2208 3739 διαὸάντι
2238 3698 2304 3739 τὸν
2327 3698 2559 3752 Βορυσθένεα
2582 3694 2656 3736 ἀπὸ

1432 3763 1623 3814 θαλάσσης
1645 3766 1793 3816 πρῶτον
1824 3760 1890 3816 μὲν
1917 3760 1941 3812 ἣ
1968 3759 2106 3813 Ὑλαίη
2121 3793 2133 3812 ,
2159 3761 2233 3802 ἀπὸ
2252 3760 2292 3802 δὲ
2306 3760 2443 3811 ταύτης
2464 3758 2656 3811 ἅνθρωποι

1430 3825 1594 3865 οἰκέουσι
1622 3824 1763 3864 Σκύθαι
1787 3823 1973 3878 Γεωργοί.
2020 3824 2036 3877 ΙΙ
2071 3847 2128 3854 -
2160 3823 2255 3871 845.
2287 3821 2372 3868 τοὺς
2406 3818 2474 3869 τὴν
2509 3818 2652 3872 λεγομ.

1427 3890 1599 3936 Anom.;
1613 3900 1694 3926 em.
1707 3885 1954 3926 Meinekius.
1969 3884 2130 3926 Deinde
2145 3883 2295 3923 ἽἘλαν
2309 3885 2408 3931 Αι].;
2431 3895 2512 3920 em.
2529 3880 2652 3921 Voss.

1427 3965 1477 3990 ex
1500 3948 1730 3989 Herodoto.
1757 3949 1772 4002 Η
1793 3973 1850 3979 --
1869 3950 1964 3996 846.
1988 3946 2089 3988 εἶναι
2103 3946 2143 3987 δὲ
2159 3944 2351 4000 γεωργοὺς
2371 3942 2430 3996 ἐχ.
2451 3945 2551 3991 An.;
2569 3955 2652 3982 em.

1426 4012 1554 4053 Mein.
1569 4012 1673 4051 Dein
1683 4011 1768 4059 τοὺς
1780 4015 1854 4052 τῶν
1868 4010 1947 4051 ἅνω
1959 4012 2057 4061 An.;
2068 4023 2148 4049 em.
2162 4007 2346 4048 Holsten.
2366 4006 2382 4059 Η
2395 4030 2450 4036 -
2462 4007 2557 4058 849.
2574 4003 2657 4044 ἐπέ·
