2782 4348
97 152 167 216 (το,
170 168 227 199 20.
233 152 246 213 )

700 200 716 215 O

97 255 313 318 περιόδους
331 252 482 304 ταύτας
506 249 805 311 συναχθόμενος
824 248 961 308 ἔλεγε,
987 249 1222 293 δοκουσιν”
1196 268 1244 293 αν
1260 269 1327 308 μοι

95 326 272 387 γελάσαι
295 323 363 368 τὸν
387 321 603 383 γράψαντα
623 317 693 363 καὶ
717 317 865 400 τρόπον
891 316 980 362 τινὰ
1011 319 1145 361 αὑτῶν
1169 320 1326 363 ὑπολα-

99 396 186 441 ὅεῖν
225 390 484 450 ἀθλιώτερον.
522 385 670 432 Αλλου
704 383 842 444 γένους
879 383 1078 446 ἁψώμεθα
1103 385 1170 430 τὸν
1206 386 1328 431 αὐτὸν

97 463 315 535 ἡγούμενοι
347 454 565 520 σοφιστήν·
591 475 610 495 «
634 453 819 500 Δεινὸν
843 452 928 508 τὴν
951 454 1146 537 χώρανΝ
1160 453 1328 500 ἄσπο-

61 551 182 595 ερον
219 522 477 580 εἶναιτὴν
507 522 625 575 τους
662 521 949 610 Σπαρτοῗυς
984 527 1323 570 τεκοῦσαν.»

96 599 205 647 Ἀλλ’
225 599 303 658 οὐχ
324 593 450 645 οὕτως
479 595 500 636 ὁ
532 590 822 652 Δημοσθένης,
858 595 903 636 οὗ
927 590 1001 646 τὴν
1029 590 1197 653 γνώμην
1216 595 1330 643 οὗτος

96 668 170 715 ἐπὶ
186 666 233 712 τὸ
268 671 404 727 χεῖρον
435 660 653 722 μετέθηκε·
679 660 825 745 γράφει
849 659 891 705 δὲ
927 659 1054 705 δεινὸν
1097 660 1327 720 μηλόὸοτον

94 736 281 800 γενέσθαι
309 733 382 788 τὴν
406 730 593 786 Ἀττικὴν
573 749 611 788 ν,
636 729 663 784 ἣ
700 728 843 791 πρώτη
870 730 950 781 τοῖς
975 729 1112 781 ἄλλοις
1141 729 1330 815 ἐξήνεγκε

93 806 161 852 τὸν
178 805 330 865 ἥμερον
354 799 530 862 καρπόν.
566 798 619 846 Ὁ
644 797 686 844 δὲ
715 798 849 861 φήσας
882 797 1006 843 δεινὸν
1032 791 1139 844 εἶναι
1160 799 1233 855 τὴν
1253 802 1328 859 γῆν

30 887 71 918 10
96 876 272 934 ἄσπορον
295 867 571 932 γενέσθαιτὴν
589 867 680 919 τους
704 866 922 930 Σπαρτους
945 886 1157 925 τεκουσαν,
1182 871 1227 912 ἐκ
1248 871 1327 912 τῶν

92 944 303 1006 ὀνομάτων
322 939 395 995 τὴν
417 937 651 984 ἐναντίωσιν
677 937 857 1001 εἴληφεν,
881 939 955 983 οὐκ
975 939 1021 982 ἐκ
1040 942 1109 983 τοῦ
1130 936 1328 1000 πράγμα-

91 1034 174 1066 τος.
200 1011 273 1060 Διὸ
296 1010 366 1056 καὶ
389 1007 631 1072 ψυχρότητα
657 1006 836 1070 ἐσχάτην
862 1009 1074 1069 ἐμφαίνει,
1100 1007 1240 1070 ὥσπερ
1259 1006 1329 1052 καὶ

93 1079 380 1146 Ἑρμησιάναξ
401 1082 421 1124 ὃ
445 1078 519 1133 τὴν
539 1078 710 1133 Ἀθηνᾶν
731 1077 994 1138 ἐγκωμιάσας
1021 1076 1168 1129 οὕτως·
1195 1099 1213 1118 «
1236 1077 1330 1124 Ἐκ

92 1154 193 1215 γὰρ
246 1155 339 1207 τῆς
391 1152 477 1194 τοῦ
529 1146 652 1199 Διὸς
698 1147 1030 1209 γεγενημένη
1087 1149 1329 1210 κεφαλῆς

35 1237 74 1268 15
94 1221 301 1272 εἰκότως
322 1219 434 1281 ἔχει
457 1221 549 1273 τῆς
569 1215 900 1276 εὐδαιμονίας
919 1216 972 1261 τὸ
996 1216 1291 1278 κεφάλαιον.
1309 1238 1328 1256 υ

94 1295 290 1339 Τοιοῦτον
317 1288 388 1334 καὶ
421 1286 467 1333 τό
506 1307 525 1325 «
561 1285 657 1336 Τίς
694 1284 728 1330 δ’
775 1284 829 1330 ἂν
860 1284 1078 1330 δύναιτο
1115 1287 1329 1340 ποιῆσαι

94 1361 190 1417 τὴν
224 1359 396 1421 ’Κύρου
421 1356 563 1401 δόσιν
588 1348 805 1416 ἄκυρον,
830 1376 846 1394 n
887 1353 958 1399 καὶ
983 1354 1075 1399 τόδε
1106 1353 1147 1399 δὲ
1167 1353 1327 1414 ὅμοιον·

95 1453 115 1470 «ι
147 1429 320 1478 Τόπος
345 1424 394 1470 δὲ
433 1426 539 1474 πῶς
578 1423 770 1483 γένοιτ’
812 1442 871 1467 αν
900 1423 1121 1479 ἄὸατος,
1162 1422 1327 1484 βάτου

93 1494 500 1562 περικειμένου,
529 1512 547 1532 »
570 1491 738 1548 Πάντα,
764 1510 885 1554 φησιν
906 1494 927 1536 ὃ
948 1491 1329 1554 Ἀγαθαρχίδης,τὰ

30 1583 75 1613 20
92 1572 262 1615 τοιαῦτα
286 1563 488 1621 ἀδόκιμα·
506 1560 596 1606 ἀλλ’
618 1562 652 1605 εἰ
673 1560 746 1620 μὲν
763 1561 863 1622 πρὸς
883 1560 1176 1621 ἐλεεινολογίαν
1192 1560 1326 1621 λέγοι,

93 1637 212 1699 ἐγγυς
231 1639 300 1681 τοῦ
322 1632 548 1696 πρέποντος
568 1629 764 1686 ἵσταται,
795 1631 829 1674 εἰ
853 1629 895 1675 δὲ
928 1630 1028 1693 πρὸς
1053 1637 1194 1676 πᾶσαν
1217 1629 1328 1676 ἰδέαν

93 1707 231 1768 λόγου,
266 1706 339 1749 οὖκ
375 1705 500 1765 ὀρθῶς
532 1704 583 1761 τῇ
613 1699 743 1761 κρίσει
774 1698 966 1744 ἐπέὸαλε.
1008 1700 1127 1755 Πλὴν
1161 1700 1329 1762 προστί-

96 1781 191 1831 θησι
221 1793 292 1820 και
319 1773 437 1857 ε’τερα
462 1774 542 1817 τῶν
567 1769 795 1839 εἰρημένων
828 1767 965 1829 ὅμοια,
1002 1769 1080 1815 ὑπὸ
1103 1770 1177 1825 τὴν
1202 1772 1329 1825 αὐτὴν

96 1843 167 1888 καὶ
193 1861 322 1888 ταυτα
347 1842 478 1904 φέρων
517 1838 729 1894 διαὸολὴν,
754 1841 858 1882 οἷον·
896 1860 911 1877 α
946 1838 1214 1893 Θηὸαῖοι’
1197 1857 1246 1883 εν
1270 1858 1328 1901 τῃ

29 1925 74 1955 25
97 1911 237 1975 μάχῃ
257 1930 315 1973 τῃ
335 1908 463 1983 πρρς
484 1906 799 1958 Μακεδόνας
823 1905 954 1970 ὑπὲρ
982 1926 1092 1961 τους
1118 1907 1331 1971 μυρίους

95 1981 488 2065 ἀνετράπησαν.
534 2001 553 2019 ι»
591 1970 651 2024 Ὠ
675 1979 805 2032 καλῆς
848 1977 1087 2039 ἐμφάσεωςέ
1124 1976 1329 2040 ἄνθρωποι

95 2070 277 2097 τοσουτοι
327 2047 575 2112 παραλόγως
618 2046 988 2109 ἀνατετραμμένοι.
1051 2046 1136 2093 Καὶ
1178 2047 1327 2092 πάλιν·

95 2124 228 2176 «Τῆς
250 2119 340 2181 μὲν
364 2119 571 2170 πόλεως
598 2116 1036 2179 κατασκαφείσης
1070 2115 1227 2176 οἱμὲν
1253 2116 1328 2161 ἄν·

95 2193 207 2252 δρες
241 2188 446 2234 παίδων
488 2184 753 2247 συμφορὰς
790 2184 1167 2244 ὑπομένουσιν,
1207 2188 1255 2230 αἱ
1280 2185 1329 2230 δὲ

28 2276 74 2309 :30
98 2266 331 2319 γυναῖκες
371 2255 703 2317 μετήχθησαν
742 2256 818 2306 εἰς
860 2254 1201 2311 Μακεδονίαν,
1238 2254 1328 2310 τὴν

95 2327 252 2374 πόλιν
287 2331 307 2372 θ
323 2325 517 2387 άψασαί
536 2343 651 2369 τινα
684 2323 921 2385 τρόπον.»
963 2321 1137 2385 Ἕτερον
1166 2323 1327 2382 ὅμοιον·

97 2421 114 2437 «
132 2397 187 2444 ‘H
206 2397 255 2442 δὲ
272 2392 466 2458 φάλαγξ
489 2397 585 2439 τῶν
611 2392 922 2439 Μακεδόνων
949 2392 1328 2453 εἰσὸιασαμένη

97 2473 201 2518 τοῖς
249 2465 426 2515 ὅπλοις
466 2461 611 2513 ἐντὸς
646 2461 855 2523 τείχους
894 2461 982 2517 τὴν
1019 2460 1164 2506 πόλιν
1202 2464 1330 2507 ἀπέ-

98 2554 313 2581 κτεινεν.
336 2555 353 2574 »
418 2533 538 2579 Ἐκεῖ
560 2532 632 2592 μὲν
656 2531 765 2592 ταφὴ
790 2531 970 2587 πόλεως,
991 2532 1164 2576 ἐνταῦθα
1185 2530 1227 2576 δὲ
1253 2533 1329 2577 θά-

27 2624 73 2654 35
98 2622 240 2655 νατος·
280 2601 421 2648 λοιπὸν
459 2600 635 2664 ἐκφορὰν
672 2601 734 2644 δεῖ
765 2599 1014 2661 προσθέντας
1045 2601 1331 2662 ἐπιγράμματι

96 2674 348 2737 χρήσασθαι,
382 2689 453 2715 και
482 2667 685 2724 παντελὴς
718 2673 743 2724 ἡ
777 2668 939 2731 πρᾶξις.
1011 2668 1129 2724 Πλὴν
1152 2674 1224 2726 τ’ἧς
1258 2670 1331 2730 μὲν

96 2744 239 2790 τούτου
269 2738 590 2803 κομψότητος,’
576 2758 639 2783 ινα
668 2736 726 2798 μὴ
759 2738 906 2797 μανίας
936 2737 1061 2784 εἷπων
1096 2740 1334 2803 πικρότερος

99 2815 239 2876 φανῶ,
263 2809 579 2868 διεληλύθαμεν,
609 2806 724 2869 φησί,
745 2827 797 2852 τα
829 2809 1019 2855 πλεῖστα.
1086 2809 1260 2870 Εἰσάγει
1291 2809 1332 2855 δὲ

101 2881 205 2943 μετὰ
227 2878 451 2943 σαφηνείας
482 2878 553 2923 καὶ
575 2881 646 2932 τῆς
665 2877 902 2940 πρεπούσης
931 2876 1040 2938 λόγῳ
1063 2878 1334 2937 κοσμιότητος

33 2973 78 3004 ⁴0
103 2955 156 3004 εἷς
178 2952 245 2997 τὸν
267 2952 405 3011 ὅμοιον
428 2947 617 2999 εἰπόντας
635 2946 759 2992 τόπον
786 2947 1052 3009 Στρατοκλέα
1086 2946 1158 3006 μὲν
1184 2946 1332 2999 οὕτως·

103 3022 382 3084 «Ἀροῧται
416 3018 502 3064 καὶ
535 3017 807 3080 σπείρεται
840 3017 896 3062 τὸ
918 3017 1160 3072 Θηὸαίων
1189 3018 1331 3077 ἄστυ,

102 3094 197 3136 τῶν
230 3086 748 3149 συναγωνισαμένων
785 3090 899 3146 ὑμῖν
947 3087 1034 3132 τὸν
1069 3087 1194 3151 πρὸς
1230 3089 1334 3135 Φί-

104 3164 286 3205 λιππον
316 3159 558 3216 πόλεμον.
581 3178 598 3197 »
646 3155 785 3215 Ἅμα,
804 3156 932 3219 φησί,
957 3157 1150 3210 τὸπάθος
1169 3161 1242 3214 τῆς
1261 3159 1337 3203 πό-

103 3227 410 3286 λεωςέὖσήμως
434 3227 614 3283 ἐξέθηκε,
635 3225 706 3270 καὶ
725 3230 797 3281 τῆς
814 3229 893 3271 τῶν
913 3226 1180 3289 ἠτυχηκότων
1201 3227 1336 3290 φιλίας

40 3315 86 3344 145
107 3297 344 3357 ὑπεμνήσθη
360 3315 369 3325 ·
396 3297 442 3342 τὸ
466 3295 592 3341 δεινὸν
614 3294 694 3358 γὰρ
718 3296 854 3358 εὐνοίᾳ
885 3297 1113 3358 παρατεθὲν
1144 3297 1335 3359 ἐμὸριθε-

109 3365 271 3426 στέρους
299 3364 412 3409 εἴωθε
432 3364 522 3415 τοὺς
541 3363 698 3416 οἴκτους
715 3365 860 3409 ποιεῖν.
932 3366 1052 3411 Μετὰ
1072 3365 1336 3427 Στρατοκλέα

110 3431 259 3492 ὁμοίως
280 3432 482 3492 Αἰσχίνην
520 3432 676 3493 εἰσάγει
711 3432 905 3493 λέγοντα·
938 3454 956 3473 «
992 3433 1148 3484 Πόλις
1183 3436 1339 3478 ἀστυ-

106 3597 210 3641 ἷᾶπως
224 3595 272 3633 Β.
296 3594 311 3645 11
335 3616 390 3623 —-
410 3606 446 3632 1.
469 3595 754 3649 συναχθομένας
771 3596 857 3635 ΑΒ.
883 3595 900 3649 H
922 3619 979 3626 -
1003 3596 1043 3636 3.
1063 3595 1236 3651 ἇψόμεθα
1250 3598 1298 3638 C.
1322 3597 1337 3650 Η

109 3681 165 3687 -
187 3670 251 3696 10.
276 3654 452 3708 γενέσθαι
471 3669 554 3695 om.
579 3658 627 3696 B.
651 3657 666 3709 Η
687 3656 1029 3711 -Σπαρτοὶις]
1055 3659 1087 3697 Β
1107 3666 1146 3698 et
1165 3667 1338 3699 correct.

110 3721 173 3766 A;
199 3716 363 3771 καρποὺς
387 3729 477 3768 ng.
515 3717 530 3769 Η
566 3718 631 3757 13.
663 3717 922 3772 Ἑρμησιάναξ
944 3719 958 3773 ]
991 3717 1198 3774 Ἑρμησίας
1220 3721 1241 3760 ὁ
1264 3721 1344 3761 Νά-

108 3780 185 3827 ξιος
204 3781 251 3820 Β.
273 3787 312 3818 et
346 3785 518 3818 correct.
557 3780 608 3818 A.
630 3779 812 3830 Quinam
837 3780 891 3819 sit
911 3780 1219 3831 Hermesianax,
1241 3797 1342 3822 num

107 3840 416 3895 Colophonius,
453 3853 576 3892 quem
610 3847 806 3893 tanquam
841 3849 1004 3895 poetam
1027 3844 1238 3894 novimus,
1273 3859 1341 3894 an,

106 3903 225 3958 quod
242 3902 394 3952 malim,
412 3901 553 3940 rhetor
570 3900 737 3955 quidam
752 3901 916 3943 aliunde
930 3918 1014 3943 non
1030 3913 1152 3945 notus
1166 3937 1177 3956 ‚
1196 3920 1343 3961 parum

109 3967 253 4020 liquet.
285 3965 300 4018 Η
329 3989 385 3994 ——
411 3967 475 4012 1l..
498 3966 564 4014 τῆς
586 3978 670 4003 om.
693 3967 743 4004 A.
769 3964 784 4018 ll
811 3989 866 3995 —
893 3970 957 4005 16.
987 3966 1030 4006 τὸ
1053 3968 1238 4023 post-zai
1256 3983 1341 4009 om.

1023 149 1113 193 DE·
1137 150 1294 196 MARI
1328 152 1701 214 ERYTHRAEO.

2545 179 2625 220 121

1401 259 1751 314 nemhujusmodi
1767 260 1962 316 periodos
1977 262 2200 305 condolens
2215 270 2434 321 recitasset,
2450 276 2633 320 videt-en.

1399 340 1469 372 tur
1490 335 1592 374 mihi
1610 336 1853 390 scriptorem
1875 336 2053 376 derisuri
2070 345 2111 377 et
2132 339 2439 391 quodammodo
2454 348 2635 391 miserio-

1399 418 1488 444 rem
1507 407 1604 460 ipsis
1621 396 1892 449 existimaturi
1907 408 2046 450 fuisse.
2107 410 2233 451 Aliud
2252 426 2377 465 genus
2393 418 2635 471 attingamus

1400 491 1451 516 ex
1473 474 1621 518 eodem
1656 480 1839 534 sophista
1865 493 1875 521 :
1904 483 2064 530 Grave,
2100 482 2297 534 regionem
2329 500 2406 525 non
2439 491 2636 533 consitam

1399 561 1495 596 esse,
1521 563 1611 603 qaae
1628 553 1747 590 Satos
1768 550 1948 592 homines
1963 552 2122 603 genuit.
2182 554 2262 594 Sed
2287 570 2372 596 non
2408 559 2465 598 sic
2486 562 2637 603 Demo-

1399 620 1564 662 sthenes
1580 653 1591 672 ,
1626 622 1743 676 cujus
1779 624 1845 665 ille
1874 626 2117 666 sententiam
2157 627 2200 667 in
2233 627 2411 671 deterius
2449 638 2634 678 mutavit.

1398 693 1550 734 Scribit
1571 695 1683 734 enim
1706 709 1827 748 grave
1845 710 1931 737 esse
1949 698 2131 738 Atticam
2150 700 2289 741 ovium
2308 702 2395 744 fieri
2417 719 2608 759 pascuam
2623 741 2634 760 ‚

1399 779 1492 820 quae
1513 766 1648 821 prima
1682 768 1872 808 omnium
1904 769 2113 810 mitiorem
2147 771 2285 813 tulerit
2314 774 2507 818 fructum.
2567 780 2638 821 Ille

1399 852 1497 878 vero
1520 837 1622 879 dum
1651 837 1753 880 dicit
1772 854 1894 894 grave
1913 854 1999 882 esse
2021 841 2174 883 terram
2197 858 2279 885 non
2300 849 2498 890 consitam
2521 866 2607 892 esse
2621 883 2632 902 ,

1399 925 1491 966 quae
1509 912 1624 953 Satos
1645 912 1835 953 homines
1858 913 2118 969 produxerit,
2141 930 2191 956 ex
2214 919 2346 960 verbis
2361 952 2371 971 ,
2397 937 2482 962 non
2513 938 2563 964 ex
2592 939 2637 965 re

1399 988 1703 1043 oppositionem
1722 990 1880 1044 petivit.
1913 990 2022 1031 Hinc
2040 995 2344 1045 quammaxime
2360 996 2496 1051 friget,
2516 1001 2635 1040 sicuti

1399 1065 1523 1106 etiam
1542 1066 1852 1117 Hermesianax‚
1874 1068 1945 1122 qui
1970 1068 2202 1109 Minervam
2221 1069 2389 1112 laudans
2412 1073 2516 1115 dixit
2547 1077 2602 1116 ita
2623 1090 2633 1117 :

1399 1145 1470 1182 Ex
1487 1142 1607 1183 Iovis
1632 1142 1738 1183 enim
1767 1143 1905 1199 eapite
1915 1153 2127 1199 prognata
2155 1146 2297 1188 merito
2318 1149 2397 1189 tale
2421 1150 2541 1191 habet
2569 1167 2637 1192 ca-

1395 1227 1476 1273 put
1488 1217 1734 1271 felicitatis.
1796 1219 1915 1260 Idem
1939 1233 1948 1260 :
1979 1220 2082 1272 Quis
2097 1222 2238 1277 possit
2263 1225 2352 1278 Cyri
2383 1225 2639 1269 donationem

1400 1294 1561 1335 reddere
1580 1294 1718 1350 ἄκυρον
1737 1297 1753 1348 (
1769 1286 1933 1336 irritam
1947 1295 1983 1353 )?
1998 1299 2051 1338 Et
2069 1298 2256 1340 similiter
2274 1313 2283 1340 t
2302 1304 2430 1342 Locus
2445 1304 2639 1358 quomodo

1399 1386 1482 1411 esse
1498 1372 1640 1427 possit
1662 1372 1801 1413 invias
1831 1372 2001 1429 (ὀίὸατος
2016 1373 2048 1430 ),
2081 1389 2206 1429 qaum
2228 1376 2288 1416 sit
2310 1377 2418 1418 vado
2450 1379 2640 1422 cinctus?

1406 1448 1523 1489 Talia
1541 1449 1703 1500 omnia,
1727 1449 2052 1503 Agatharchides
2072 1451 2143 1501 ait,
2166 1461 2261 1492 sunt
2284 1453 2335 1493 ab
2355 1468 2433 1495 usu
2455 1465 2637 1507 remota3

1400 1525 1464 1564 sin
1484 1524 1536 1565 ad
1556 1526 1962 1568 commiserationem
1980 1527 2230 1569 movendam
2245 1528 2369 1580 dicta,
2392 1545 2476 1572 non
2498 1534 2641 1587 procul

1400 1617 1423 1643 a
1442 1601 1594 1644 decoro
1613 1603 1784 1655 absunt3
1811 1605 1843 1645 si
1863 1606 1955 1660 quis
1975 1621 2071 1647 vero
2090 1606 2143 1647 ad
2160 1621 2328 1648 omnem
2347 1609 2543 1650 orationis
2559 1610 2642 1651 for·

1402 1694 1512 1720 mam
1534 1695 1582 1721 ea
1606 1680 1790 1731 adhibet,
1813 1681 1925 1722 haud
1949 1687 2058 1724 reete
2077 1682 2284 1738 judicium
2307 1686 2497 1726 instituit.
2530 1689 2638 1728 Prae·

1400 1764 1511 1797 terea
1529 1756 1603 1797 alia
1616 1757 1743 1798 allatis
1762 1758 1912 1799 similia
1926 1760 2099 1814 apponit
2114 1759 2339 1815 eademque
2354 1762 2640 1804 criminatione

1399 1835 1681 1888 prosequitur,
1714 1835 1790 1892 uti*
1812 1835 1923 1876 istud
1962 1849 1971 1876 ·.
2016 1836 2198 1878 Thebani
2244 1837 2285 1877 in
2317 1839 2466 1893 praelio
2501 1849 2642 1880 eontra

1400 1908 1642 1950 Macedones
1667 1910 1881 1958 commisso
1889 1911 1990 1967 plus
2012 1927 2136 1967 qaam
2155 1912 2288 1954 decem
2314 1913 2449 1955 millia
2477 1916 2641 1956 sabver-

1401 1994 1552 2026 terant.
1613 1988 1650 2027 O
1673 1987 1858 2041 pulcram
1879 1989 2211 2043 expressionem!
2233 1991 2314 2031 Tot
2335 1991 2522 2031 homines
2540 2006 2641 2046 prae·

1402 2070 1463 2102 ter
1505 2064 1709 2106 rationem
1743 2064 1942 2105 subversi.
2004 2067 2057 2105 Et
2097 2066 2247 2106 iterum
2283 2080 2293 2107 :
2338 2068 2442 2107 Urbe
2473 2082 2636 2117 eversa,

1399 2138 1487 2179 viri
1512 2139 1674 2194 quidem
1701 2139 1916 2180 liberorum
1945 2141 2206 2182 calamitates
2228 2142 2525 2192 sustinuerunt,
2549 2159 2636 2184 ma-

1401 2215 1517 2254 lieres
1549 2230 1643 2255 vero
1682 2215 1723 2256 in
1763 2215 2051 2257 Macedoniam
2094 2217 2308 2257 translatae
2343 2228 2441 2258 sant
2456 2251 2467 2267 ,
2505 2220 2639 2259 urbem

2061 2292 2187 2333 Aliud
2226 2293 2356 2333 simile
2395 2307 2405 2334 :

1400 2365 1670 2407 Macedonum
1705 2366 1751 2406 vi
1772 2381 1978 2406 armorum
2017 2366 2129 2407 intra
2151 2382 2287 2408 maros
2324 2368 2480 2410 irruens
2503 2371 2639 2410 arbem

1399 2290 1694 2345 quodammodo
1737 2292 1985 2347 sepelientes.
2447 2295 2639 2336 Phalanx

1403 2441 1622 2495 interfecit.
1682 2442 1769 2482 Illic
1802 2440 2036 2496 sepulcrum
2062 2443 2202 2493 urbis,
2238 2444 2306 2484 hic
2337 2459 2433 2485 vero
2463 2454 2639 2487 mortem

1400 2517 1548 2568 habes;
1574 2526 1696 2558 restat
1732 2526 1777 2558 ut
1800 2517 1995 2572 adjuncta
2027 2517 2182 2558 funeris
2206 2519 2402 2570 elatione,
2439 2522 2640 2575 epigram-

1402 2602 1511 2634 mate
1545 2602 1726 2644 utamur‚
1758 2602 1798 2634 et
1828 2595 1986 2647 integra
2005 2609 2069 2634 res
2105 2603 2180 2635 est.
2242 2597 2485 2636 Festivitatis
2517 2597 2641 2651 hujus

1403 2671 1638 2725 scriptoris,
1667 2685 1719 2710 ne
1742 2671 1909 2711 insaniae
1927 2670 2068 2727 dicens
2088 2671 2275 2712 acerbior
2302 2671 2457 2722 videar,
2481 2674 2552 2723 ait,
2579 2689 2641 2714 re-

1403 2747 1637 2787 censuimus
1659 2746 1853 2802 plurima.
1915 2747 2148 2788 Introducit
2168 2762 2265 2789 vero
2284 2749 2407 2788 etiam
2428 2763 2523 2789 cum
2549 2763 2641 2803 per-

1404 2823 1619 2878 spicuitate
1641 2831 1681 2863 et
1698 2822 1812 2877 Justo
1832 2825 2029 2864 orationis
2049 2832 2200 2864 ornatu
2217 2823 2270 2864 de
2285 2823 2428 2864 eadem
2447 2839 2491 2865 re
2505 2824 2643 2865 dicen-

1405 2907 1490 2948 tes3
1527 2899 1769 2940 Stratoclem
1801 2899 1971 2953 quidem
1994 2900 2078 2940 ita:
2115 2902 2279 2940 Aratus·
2300 2901 2394 2954 jam
2424 2910 2463 2940 et
2493 2902 2645 2941 seritur

1411 2975 1692 3017 Thebanorum
1716 2975 1886 3025 civitas,
1913 2976 1985 3031 qni
2007 2975 2217 3016 nobiscum
2237 2986 2380 3017 eontra
2403 2971 2642 3031 Philippam

1406 3066 1524 3091 arma
1539 3060 1815 3107 sumpserant.
1877 3051 2022 3102 Simul,
2041 3052 2112 3101 ait,
2134 3066 2275 3092 casum
2297 3051 2410 3092 urbis
2434 3051 2643 3103 evidenter

2554 3131 2641 3168 Du-

1407 3219 1503 3245 rum
1539 3204 1651 3245 enim
1690 3204 1982 3244 benevolentiae
2023 3204 2256 3258 appositum
2301 3202 2500 3257 majorem
2541 3204 2641 3244 solet

1407 3129 1612 3183 exposuit,
1645 3136 1686 3168 et
1708 3127 1933 3168 infelicium
1953 3128 2140 3168 amicitiae
2162 3127 2400 3168 recordatus
2419 3137 2492 3168 est.

1408 3282 1807 3322 commiserationem
1825 3294 2005 3319 movere.
2066 3281 2163 3320 Post
2187 3279 2426 3320 Stratoclem
2457 3280 2642 3321 similiter

1407 3359 1642 3399 AEschinein
1664 3356 1823 3396 inducit
1847 3356 2080 3395 dicentem:
2112 3355 2216 3395 Urbs
2249 3355 2499 3395 contermina
2516 3371 2535 3395 e
2563 3371 2640 3396 me-

1409 3434 1482 3474 dia
1506 3431 1668 3474 Graecia
1688 3432 1856 3472 sublata
1888 3440 1963 3471 est.
2023 3431 2214 3485 Optime,
2235 3430 2336 3471 dicit
2350 3462 2361 3480 ‚
2397 3431 2642 3472 celeritatem

1414 3597 1460 3636 C.
1491 3596 1506 3648 Η
1533 3619 1589 3625 ——-
1611 3607 1675 3648 17.
1700 3590 1768 3643 τὴν
1788 3595 1862 3633 τοῦ
1881 3592 2002 3647 Κύρου
2026 3606 2118 3646 vgo.
2146 3593 2161 3646 ΙΙ
2187 3616 2244 3622 -
2267 3593 2354 3633 τόδε
2384 3592 2423 3633 δὲ
2444 3595 2538 3642 AB;
2559 3593 2644 3631 τόδε

1413 3658 1457 3698 τὸ
1477 3659 1523 3698 C.
1549 3657 1564 3711 ΙΙ
1587 3658 1726 3697 ---18.
1748 3656 1919 3710 βάτου]
1942 3670 1993 3695 an
2010 3654 2152 3709 βατοῦΡ
2174 3655 2188 3708 ΙΙ
2212 3679 2270 3685 -
2287 3668 2356 3697 20.
2379 3655 2468 3709 πρὸς
2488 3654 2646 3694 ἐλεεινο-

1412 3720 1550 3774 λογίαν
1568 3721 1580 3773 ]
1604 3721 1699 3769 ΑΒ;
1721 3718 1947 3772 προσελθεῖν
1969 3717 2183 3773 ὁμολογίαν
2201 3718 2248 3758 C.
2279 3718 2294 3770 ΙΙ
2318 3742 2373 3748 —-
2392 3718 2458 3765 34.
2478 3716 2645 3757 ἀπέκτει-

1414 3798 1481 3822 ναν
1503 3784 1588 3823 ΑΒ.
1615 3782 1629 3834 Η
1656 3805 1713 3811 —-
1732 3781 1799 3821 38.
1821 3780 1911 3834 φασὶ
1933 3780 1980 3820 C.
2008 3780 2025 3832 Η
2052 3782 2192 3828 -40,
2216 3778 2370 3819 εἰπόντα
2387 3780 2434 3818 B.
2463 3778 2477 3830 {l
2500 3776 2642 3816 -τό-

1415 3859 1499 3885 πον
1527 3844 1542 3898 ]
1566 3844 1691 3892 ABC;
1714 3843 1853 3896 τρόπον
1878 3856 1969 3895 vgo.
2003 3843 2066 3881 De
2088 3840 2284 3882 stratocle
2305 3838 2528 3890 demagogo
2552 3851 2643 3877 ora-

1417 3915 1518 3955 tore,
1535 3905 1703 3945 fortasse
1715 3905 1836 3944 etiam
1849 3904 2061 3952 historico,
2072 3917 2111 3942 v.
2125 3901 2389 3942 Demosthen.
2402 3913 2442 3953 p.
2457 3900 2550 3951 980,
2567 3912 2613 3938 21
2630 3914 2641 3948 3

1413 3966 1622 4007 Plutarch.
1645 3968 1827 4006 Demetr.
1854 3980 1889 4005 c.
1915 3979 1978 4004 11.
2002 3977 2067 4004 12.
2086 3967 2153 4002 26.
2176 3964 2237 4001 De
2258 3962 2298 4001 X
2317 3961 2447 4000 Oratt.
2465 3973 2508 4014 p.
2534 3958 2640 4010 8525
