2808 4342
97 235 248 281 κο’λπον
300 235 368 280 τὸν
410 235 663 294 καλούμενον
709 238 960 300 Παράγοντα
1011 242 1328 303 προειρήκαμεν.

95 302 219 350 Ἔστι
241 303 281 349 δὲ
304 307 325 349 ὃ
345 311 424 354 πᾶς
442 303 662 365 περίπλους
685 307 809 352 αὐτοῦ
834 309 915 353 ἀπὸ
939 309 1185 369 Καρπέλλης
1206 311 1333 374 ἄκρας

97 375 152 423 εἷς
177 372 446 434 Ἀλαμὸατὴρ
468 374 720 436 ἀκρωτήριον
744 377 920 422 σταδίων
946 378 1043 440 Ιδψᾝ

30 484 31 489 ,
161 459 216 487 29.
256 441 354 487 Ἀπὸ
373 442 413 486 δὲ
434 447 503 488 τοῦ
527 443 795 506 Ἀλαμίῗατὴρ
816 446 1071 507 ἀκρωτηρίου
1091 452 1145 502 εἷς
1161 449 1331 511 Δερενό·

97 508 241 554 διλλαν
263 510 419 555 στάδιοι
437 510 512 555 σν’.
583 512 789 558 Ἐνταῦθα
815 514 1062 573 παράκειται
1078 520 1197 572 νῆσος
1217 517 1332 579 Κάρ-

26 587 27 590 ’
95 597 193 637 μινα
216 578 462 637 καλουμένη.
531 580 630 626 Ἀπὸ
653 580 695 625 δὲ
721 582 1013 641 Δερενοὸίλλης
1039 586 1094 635 εἷς
1122 584 1330 647 Κώφαντα

93 647 239 707 λιμένα
266 649 424 694 στάδιοι
464 650 542 695 σν’.
612 649 710 694 Ἀπὸ
746 649 787 694 δὲ
824 649 1048 713 Κώφαντος
1084 653 1247 712 λιμένος
1277 657 1331 706 εἷς

93 715 315 777 Ζοράμὸου
339 722 528 776 ποταμοῦ
551 716 724 768 ἐκὸολὰς
760 718 916 763 στάδιοι
938 718 993 766 σ’.
1064 721 1164 766 Ἀπὸ
1188 723 1229 767 δὲ
1259 725 1338 769 τοῦ

30 826 34 829 .
93 785 316 845 Ζοράμὸου
341 790 531 843 ποταμοῦ
558 788 614 838 εἷς
636 786 809 848 Βάδαρα
834 789 992 834 στάδιοι
1017 789 1095 837 σν’.
1165 791 1263 837 Ἀπὸ
1287 792 1329 838 δὲ

27 863 70 895 10
91 855 292 916 Βαδάρων
316 855 370 905 εἷς
387 854 613 916 Μουσάρνα
636 854 755 900 πόλιν
791 858 949 902 στάδιοι
968 859 1023 904 τ’.

16 1034 20 1047 x
90 994 145 1053 Ιζ,
172 991 218 1036 τὸ
239 990 281 1035 δὲ
300 991 454 1044 πλάτος
477 994 579 1055 [αφ’.
646 991 767 1055 Ἔχει
793 996 834 1040 δὲ
855 995 946 1050 ἔθνη
965 997 1054 1052 ἤτοι
1078 999 1330 1060 σατραπείας

92 1060 132 1116 ι’,
155 1061 295 1112 πόλεις
315 1060 357 1105 δὲ
379 1061 605 1120 ἐπισήμους
626 1062 696 1107 καὶ
714 1061 857 1121 κώμας
881 1065 964 1123 κγ’,
987 1065 1059 1126 ὄρη
1076 1067 1262 1127 ἐπίσημα
1279 1074 1327 1126 γ’,

10 1188 14 1192 ᾖ
90 1128 300 1189 ποταμοὺς
325 1130 550 1187 ἐπισήμους
574 1131 615 1186 ι’,
641 1131 878 1194 ἀκρωτήρια
904 1133 1088 1192 ἐπίσημα
1112 1136 1150 1195 γ’
1166 1171 1177 1192 ,
1207 1136 1328 1195 λιμέ-

4 1192 66 1247 *15
89 1218 159 1250 νας
191 1196 420 1258 ἐπισήμους
454 1198 505 1246 ε’.
574 1202 629 1246 Οἳ
664 1201 813 1252 πάντες
856 1202 936 1246 ἀπὸ
970 1209 1039 1248 τοῦ
1080 1205 1329 1265 Καρπέλλης

19 1290 28 1323 g
89 1268 346 1330 ἀκρωτηρίου
371 1268 495 1331 μέχρι
531 1270 791 1331 Μουσάρνων
827 1271 984 1322 πόλεως
1019 1277 1090 1317 τοῦ
1127 1274 1327 1334 περίπλου

93 1339 165 1392 τῆς
196 1338 438 1398 Καρμανίας
462 1342 534 1393 τῆς
560 1340 674 1401 παρὰ
700 1339 746 1383 τὸ
770 1339 943 1385 Ἰνδικὸν
967 1340 1145 1401 πέλαγος
1168 1342 1326 1388 στάδιοι

90 1405 225 1466 lewv'.
290 1408 345 1451 Οἱ
380 1405 422 1451 δὲ
446 1406 684 1466 σύμπαντες
712 1407 792 1452 ἀπὸ
816 1413 886 1453 τοῦ
915 1411 1114 1470 Βαγράδα
1138 1416 1327 1471 ποταμοῦ

35 1507 37 1510 -
91 1473 214 1535 μέχρι
231 1476 487 1536 Μουσάρνων
506 1475 658 1527 πόλεως
684 1481 754 1521 τοῦ
775 1477 977 1537 περίπλου
997 1477 1133 1535 πάσης
1153 1483 1224 1535 τῆς
1246 1484 1326 1525 τῶν

20 1559 63 1581 ⁹
92 1545 329 1605 Καρμανῶν
348 1545 554 1606 παραλίας
574 1545 733 1590 στάδιοι
758 1545 870 1607 Πασ’.

405 1673 672 1707 ΓΕΔΡΩΣΙΑΣ
707 1674 824 1707 ΠΕΡΙ
835 1674 1009 1710 [ΙΛΟΥΣ.

150 1785 205 1816 31.
246 1769 313 1816 ‘H‘
334 1770 546 1831 Γεδρωσία
570 1771 844 1832 περιορίζεται
870 1771 951 1815 ἀπὸ
990 1771 1062 1829 μὲν
1089 1772 1248 1832 ἄρκτων
1272 1777 1323 1836 τῇ

0 1852 2 1854 ’
20 1864 29 1870 ’·
86 1841 327 1900 Δραγγιανῇ
346 1837 418 1882 καὶ
433 1842 484 1899 τῇ
506 1838 543 1883 Ἀ
555 1839 764 1901 ραχωσίᾳ,
787 1839 868 1884 ἀπὸ
889 1839 930 1902 δὲ
954 1839 1104 1892 δύσεως
1123 1845 1173 1899 τῇ
1189 1860 1333 1901 προειι

7 1906 10 1958 ἶ
35 1966 37 1970 ᾖ
88 1906 245 1969 ρημένῃ
262 1907 488 1969 Καρμανία
505 1908 627 1969 μέχρι
644 1907 872 1966 Θαλάσσης,
899 1910 980 1953 ἀπὸ
997 1909 1037 1954 δὲ
1053 1912 1259 1955 ἀνατολῶν
1270 1914 1327 1973 τῷ

86 1979 158 2031 τῆς
186 1976 363 2032 Ἰνδικῆς
384 1976 497 2039 μέρει
520 1980 578 2039 τῷ
601 1977 716 2040 παρὰ
749 1977 818 2022 τὸν
838 1977 967 2024 Ἰνδὸν
993 1979 1180 2038 ποταμὸν
1205 1980 1327 2042 μέχρι

87 2050 157 2091 τοῦ
181 2046 281 2106 πρὸς
311 2049 362 2107 τῇ
386 2047 723 2109 μνημονευθείσῃ
747 2046 984 2110 Ἀραχωσία
1010 2048 1148 2110 ὁρίου,
1176 2049 1256 2094 ἀπὸ
1284 2049 1325 2094 δὲ

4 2111 9 2168 ,⁴
35 2134 37 2137 ⁴
87 2115 348 2177 μεσημὸρίας
372 2119 429 2178 τῷ
449 2116 612 2178 Ἰνδικῷ
636 2116 825 2176 πελάγει.
898 2118 984 2162 Καὶ
1007 2122 1032 2172 ἡ
1053 2117 1126 2176 μὲν
1152 2117 1226 2174 ὅλη
1247 2138 1324 2162 πε-

2 2197 32 2237 ῖῑ,
88 2185 264 2247 ριγραφὴ
288 2185 457 2239 τοιαύτη
473 2222 484 2241 ,
507 2185 559 2229 τὰ
587 2185 629 2230 δὲ
652 2185 762 2230 κατὰ
790 2183 912 2246 μέρος
933 2185 1058 2236 οὕτως
1091 2185 1194 2247 ἔχει.

32 2302 33 2310 ¹
147 2270 203 2301 32.
242 2254 342 2300 Ἀπὸ
363 2254 621 2314 Μουσάρνων
642 2254 799 2304 πόλεως
822 2256 876 2304 εἷς
905 2254 1113 2315 Ἀρτάὸιος
1129 2260 1321 2313 ποταμοῦ

86 2322 259 2374 ἕκὸολὰς
278 2324 435 2368 στάδιοι
460 2323 555 2386 Ιατ’.
625 2322 974 2374 Ἀναπλεύσαντος
998 2322 1040 2368 δὲ
1063 2326 1122 2385 τῷ
1144 2327 1319 2386 ποταμῷ

11 2404 37 2432 ’.τ
84 2390 201 2443 πόλις
228 2393 267 2435 ἐν
291 2391 401 2453 δεξιᾷ
423 2389 531 2435 κατὰ
549 2389 615 2434 τὸν
636 2390 845 2435 ἀνάπλουν
861 2397 993 2435 κεῖται
1012 2389 1054 2434 Ἄ
1065 2391 1149 2450 ρὸις
1169 2392 1315 2436 καλου-

28 2480 32 2486 “
85 2459 203 2518 μένη·
228 2459 299 2505 καὶ
323 2459 382 2504 ἔτι
415 2459 615 2522 ἀνώτερον
640 2460 790 2519 ὁμοίως
809 2462 847 2504 ἐν
881 2459 990 2522 δεξιᾷ
1013 2464 1084 2504 τοῦ
1111 2464 1316 2520 ποταμοῦ,

833 137 1126 185 PERIPLUS
1161 140 1350 208 MAms
1382 144 1619 194 EXTERI.
1656 148 1830 195 LIBER
1868 152 1905 198 I.

154 939 210 969 30.
245 921 369 969 Ἔστι
409 923 450 967 δὲ
474 927 546 979 τῆς
572 924 819 985 Καρμανίας
853 926 899 971 τὸ
920 929 993 986 μὲν
1014 933 1143 986 μῆκος
1172 932 1330 982 στάδιοι
1376 944 1378 946 “

2546 170 2634 209 533

1399 268 1422 294 a
1443 255 1626 311 Carpella
1646 261 1933 312 promontorio
1964 261 2014 301 ad
2039 263 2274 306 Alambater
2302 271 2635 321 promontorium

1400 349 1628 391 stadiorum
1650 355 1776 406 4700.

1455 463 1524 504 29.
1553 454 1586 492 A
1607 456 1894 507 promontorio
1907 457 2142 500 Alambater
2160 459 2211 500 ad
2235 463 2538 506 Derenobillam
2555 476 2635 509 sta-

1399 529 1467 571 dia
1490 530 1588 574 250.
1650 533 1714 574 Ibi
1733 533 1891 589 adjacet
1912 537 2041 578 insula
2068 539 2259 581 Carmina
2282 554 2533 599 nuncupata.
2594 551 2631 588 A

1399 613 1660 654 Derenobilla
1689 614 1741 655 ad
1777 617 2030 672 Cophantem
2069 629 2235 674 portum
2269 623 2399 664 stadia
2441 625 2538 668 250.
2597 630 2633 668 A

1397 701 1521 746 portu
1555 694 1768 748 Copbante
1791 696 1843 736 ad
1873 699 1975 738 ostia
2004 700 2195 741 Zorambi
2229 702 2343 743 fluvii
2366 704 2495 746 stadia
2528 719 2624 749 200.

1398 773 1463 814 Ab
1485 775 1690 815 Zorambo
1714 776 1840 816 ssuvio
1863 778 1915 818 ad
1945 778 2100 820 Badara
2132 781 2262 822 stadia
2284 782 2380 825 250.
2444 788 2476 826 A
2503 786 2632 828 Bada-

1396 855 1452 893 ris
1474 854 1525 894 ad
1548 856 1743 896 Musarna
1761 856 1907 897 urbem
1939 857 2067 899 stadia
2096 859 2190 901 300.

1455 932 1521 972 30.
1550 934 1666 973 Patet
1695 941 1832 973 autem
1867 934 2083 975 Carmania
2106 937 2147 975 in
2171 937 2468 990 longitudinem
2501 943 2631 985 stadia

1398 1014 1520 1054 7000,
1544 1001 1587 1041 in
1611 1002 1868 1043 latitudinem
1888 1003 2018 1044 stadia
2041 1004 2158 1046 1500.
2221 1008 2374 1049 Gentes
2404 1011 2488 1050 sive
2506 1020 2630 1053 satra-

1394 1067 1482 1122 pias
1503 1068 1627 1109 habet
1651 1082 1714 1118 10,
1741 1069 1861 1110 urbes
1880 1070 2058 1124 insignes
2080 1081 2120 1112 et
2139 1074 2247 1113 vicos
2264 1075 2331 1124 23,
2355 1084 2518 1118 montes
2533 1079 2630 1119 insi-

1395 1148 1493 1188 gnes
1523 1137 1563 1185 3,
1602 1136 1748 1177 fluvios
1771 1137 1949 1190 insignes
1975 1152 2040 1188 10,
2075 1143 2358 1194 promontoria
2382 1144 2554 1198 insignia
2586 1147 2624 1194 3,

1394 1212 1538 1258 portus
1564 1206 1741 1258 insignes
1765 1219 1806 1256 2,
1830 1207 1980 1247 insulas
2005 1208 2182 1262 insignes
2209 1213 2247 1251 5.
2308 1213 2533 1254 Carmaniae
2558 1217 2626 1255 In-

1395 1270 1489 1310 dico
1512 1271 1655 1325 pelago
1678 1271 1901 1326 adjacentis
1917 1275 2117 1329 periplus,
2145 1291 2168 1316 a
2188 1278 2369 1332 Carpella
2390 1291 2630 1334 promonto-

1395 1342 1457 1381 rio
1473 1355 1603 1395 usque
1622 1340 1674 1382 ad
1688 1343 1884 1382 Musarna
1900 1343 2104 1384 civitatem
2116 1359 2319 1387 summam
2334 1348 2457 1390 habet
2478 1351 2630 1392 stadio·

1395 1425 1487 1450 rum
1507 1410 1628 1463 5950.
1689 1411 1839 1466 Peripli
1860 1412 1984 1451 totius
2007 1413 2232 1454 Carmaniae
2251 1429 2332 1455 01*ae
2351 1419 2564 1459 maritimae
2579 1451 2590 1469 ,
2607 1435 2630 1461 a

1394 1478 1577 1530 Bagrada
1614 1478 1740 1518 ssuvio
1760 1477 1826 1528 ⁴ad
1854 1480 2048 1520 Musarna
2080 1481 2254 1531 urbem,
2287 1483 2415 1524 stadia
2443 1487 2630 1528 universa

1398 1553 1494 1584 sunt
1521 1558 1667 1587 10200.

1743 1680 1994 1711 GEDROSIAE
2032 1682 2280 1714 PERIPLUS.

1454 1780 1476 1819 3
1486 1793 1522 1819 1.
1538 1779 1739 1820 Gedrosia
1753 1781 1997 1820 terminatur
2007 1783 2382 1836 aseptentrionibus
2394 1786 2627 1839 Drangiana

1396 1856 1436 1888 et
1455 1848 1700 1898 Arachosia,
1726 1849 1778 1889 ab
1810 1864 1956 1890 occasu
1975 1852 2190 1892 Carmania
2209 1852 2402 1907 praedicta
2419 1867 2548 1907 usque
2575 1854 2627 1895 ad

1396 1932 1524 1967 mare,
1546 1917 1598 1958 ab
1615 1918 1772 1958 oriente
1790 1918 1919 1959 Indiae
1937 1928 2051 1974 parte
2060 1919 2178 1974 juxta
2191 1921 2344 1962 Indum
2368 1923 2538 1962 fluvium
2558 1937 2626 1963 us-

1368 1999 1370 2001 *
1396 2000 1476 2039 que
1491 1984 1541 2025 ad
1561 1985 1734 2026 limitem
1749 1985 2081 2041 Arachosiae-jam
2094 1997 2344 2040 memoratae,
2364 1989 2535 2030 meridie
2553 2004 2626 2030 au·

1395 2061 1477 2093 tem
1496 2052 1642 2093 Indico
1660 2053 1817 2107 pelago.
1880 2056 2015 2107 Atque
2041 2055 2236 2108 generalis
2261 2056 2429 2110 quidem
2451 2057 2626 2097 circum·

1394 2124 1562 2176 scriptio
1585 2123 1672 2162 haee
1694 2131 1768 2173 est,
1794 2123 2052 2177 particularis
2088 2133 2225 2165 autem
2263 2125 2315 2166 ad
2355 2125 2468 2167 hunc
2505 2126 2627 2167 habet

1393 2189 1582 2230 modum.

1450 2258 1518 2297 32.
1549 2260 1584 2298 A
1614 2258 1822 2297 Musarnis
1845 2258 2007 2298 civitate
2029 2257 2081 2297 ad
2100 2258 2201 2298 ostia
2222 2258 2385 2299 Artabis
2406 2260 2422 2311 (
2434 2261 2622 2313 Arabis)

1391 2325 1504 2364 fluvii
1521 2324 1650 2364 stadia
1666 2325 1785 2365 1300.
1832 2326 1880 2364 In
1898 2325 2025 2364 fluvio
2046 2339 2207 2364 sursum
2224 2326 2430 2379 naviganti
2446 2341 2468 2366 a
2480 2326 2625 2367 dextra

1384 2391 1496 2446 jacet
1524 2392 1623 2431 urbs
1651 2391 1768 2431 Arbis
1804 2393 2028 2441 nominata,
2065 2401 2104 2432 et
2133 2393 2320 2447 superius
2350 2392 2402 2433 ad
2433 2393 2625 2434 dextrum

14 2650 26 2665 .
85 2617 217 2658 insula
240 2626 410 2658 vocatur
431 2618 541 2658 Αίὸα.
570 2618 585 2671 Η
616 2642 672 2648 —-
696 2619 737 2658 3.
758 2619 792 2674 ,ὃ
805 2617 844 2672 ψ’
866 2619 880 2672 ]
898 2617 1083 2673 ‘cryc-od.
1105 2620 1139 2658 E
1155 2618 1324 2671 singulis

6 2672 25 2737 J
85 2682 268 2721 numeris
284 2681 532 2734 colliguntur
547 2681 676 2721 stadia
696 2684 820 2734 4700.

140 2745 163 2796 §
180 2747 247 2792 29,
266 2743 295 2784 l.
311 2746 352 2792 4.
374 2743 633 2798 Δερενόὸιλλα
655 2743 769 2793 0οἀ.;
785 2743 1053 2797 Δερανοίὸιλα,
1075 2742 1220 2798 Δεράνη
1235 2743 1320 2783 δίλ-

0 2778 35 2911 ἒ
74 2805 152 2856 Δλα,
172 2806 473 2860 Μοδερανίὸηλα
487 2838 498 2856 ,
521 2805 668 2860 Δεράνα
683 2807 813 2859 κώμη,
831 2805 1068 2860 Δερανόίίιλα
1084 2804 1207 2845 codd.
1231 2807 1325 2846 Pto-

7 2883 31 2920 „i
85 2867 229 2908 lemaei.
255 2870 303 2907 In
322 2869 499 2908 Arriano
514 2868 610 2907 Ind.
630 2869 727 2921 27‚3
747 2868 1000 2922 Δενδρώὸοσα
1018 2868 1131 2908 100115
1145 2882 1167 2907 a
1184 2876 1324 2907 nostro

0 2930 33 3047 Ξ
84 2944 167 2969 11011
181 2929 364 2969 diversus
376 2944 461 2970 esse
471 2929 687 2969 videbatur
700 2929 906 2983 plurimis.
923 2929 939 2982 11
953 2930 1056 2969 —5.
1069 2928 1099 2968 K
1112 2929 1134 2967 ά
1147 2943 1166 2982 ρ
1182 2943 1230 2982 μι
1243 2943 1261 2967 ν
1276 2930 1320 2982 α]

5 3066 26 3172 Ξ

85 2991 282 3046 Κάρμιννα
325 2991 482 3041 codex;
516 2991 693 3045 Κάρμινα
727 2991 868 3046 Steph.
907 2993 1005 3046 Byz.
1047 2999 1087 3030 et
1115 2990 1323 3031 Ptolemaei

71 3052 246 3093 codices
258 3053 467 3106 Wilbergi
490 3061 586 3102 treS‚
606 3051 678 3092 ubi
691 3052 812 3105 vulgo
828 3052 1025 3107 Κάρμιννα
1047 3051 1200 3092 editur.
1223 3051 1323 3104 Καρ-

70 3113 168 3165 4δίνη
186 3122 226 3154 01
246 3114 411 3169 Καρνίνη
429 3113 553 3154 codd.
589 3114 756 3154 Arriani
780 3113 875 3154 Ind.
904 3118 1018 3164 26,6,
1039 3114 1111 3153 ubi
1135 3112 1228 3152 vide
1247 3127 1323 3152 no-

83 3183 180 3216 tata.
208 3177 225 3230 ΙΙ
249 3201 306 3207 -
327 3179 368 3216 6.
403 3176 677 3231 Κώφαντα]
701 3177 760 3216 sic
784 3177 950 3217 Arrian.
977 3190 1046 3229 27,
1068 3178 1109 3224 4.
1138 3175 1323 3229 Ιὶωφάντα

83 3236 281 3292 cod.;ap.
306 3238 573 3278 Ptolemaeum
602 3246 663 3278 est
694 3237 885 3292 Κωφάντα
921 3237 1041 3292 λιμήν
1075 3252 1152 3292 pro
1189 3237 1323 3291 Ιίώφας

12 3299 31 3323 ‘³'
83 3299 218 3353 λιμήν.
241 3300 258 3352 ll
277 3322 334 3330 —
352 3301 391 3339 8.
413 3299 499 3353 Ζορ
512 3299 606 3352 άμ6
620 3300 703 3354 ου]
729 3314 797 3353 ap.
817 3299 924 3340 Ptol.
942 3300 1063 3353 vulgo
1078 3299 1316 3353 Ζωράμὸου;

82 3361 277 3414 Wilberg
306 3375 329 3400 0
360 3361 443 3400 suis
471 3359 594 3400 codd.
627 3361 842 3415 Ζορόμὸου.
875 3363 890 3414 ΙΙ
920 3386 976 3392 -
999 3378 1039 3414 9.
1063 3361 1113 3409 εἷς
1134 3362 1319 3415 Βάραδα..

0 3418 24 3458 l*
84 3422 159 3464 ἀπὸ
195 3423 378 3477 Βαδάρων
416 3421 568 3471 codex;
594 3422 708 3461 locus
730 3423 927 3462 scribitur
951 3423 1108 3476 Βαδάρα
1140 3423 1324 3476 (Βὸὖαρα

81 3485 221 3527 Wilb.
242 3487 257 3538 )
278 3499 344 3540 ap.
383 3484 575 3532 Ptolem„
602 3483 758 3537 Βάλαρα
786 3482 899 3537 apud
921 3484 1174 3533 Philostrat.‚
1198 3485 1323 3537 Βάρνα

83 3562 150 3602 ap.
178 3548 345 3598 Arrian.
365 3545 460 3587 Ind.
494 3559 594 3599 27,2
617 3545 689 3585 ubi
717 3544 810 3584 vide
830 3553 983 3585 notata.
1007 3546 1022 3598 Η
1042 3569 1098 3575 -
1117 3559 1181 3585 10.
1200 3546 1323 3585 Μου-

85 3611 169 3665 σάρ
182 3624 201 3650 ν
215 3625 238 3649 α
253 3611 269 3665 ]
292 3610 350 3650 sic
376 3610 499 3649 etiam
517 3608 711 3656 Ptolem.;
735 3607 922 3660 Μόσαρνα
939 3607 1138 3646 Arrianus
1154 3607 1181 3646 l.
1207 3606 1234 3646 l.

138 3676 242 3726 530,
261 3673 287 3713 l.
308 3686 372 3712 12.
393 3671 599 3726 σατραπείας
610 3669 702 3710 cod.
725 3670 740 3723 ΙΙ
757 3693 813 3699 -
827 3669 892 3708 13.
909 3667 935 3707 ι’
949 3669 964 3722 ]
979 3669 1138 3708 Scilicet
1152 3668 1321 3716 Σωξόται

83 3735 120 3775 οἳ
141 3735 449 3790 καμηλοὸοσκοί,
468 3733 491 3784 ἣ
514 3731 733 3783 Ῥουδιανή,
751 3730 775 3782 ἢ
797 3730 1028 3784 Ἀγδηνῖτις,
1046 3730 1321 3785 ἣΠαραιπαφῖ·

82 3812 152 3846 τις,
167 3797 204 3837 οἱ
227 3796 346 3851 Ἄραι,
372 3797 409 3837 oi
424 3796 631 3850 Χαράδραι,
654 3793 678 3844 ἢ
702 3792 955 3847 Καμὲαδηνή,
973 3792 996 3843 ἣ
1018 3793 1263 3843 Κανθωνική,
1284 3794 1319 3833 οἱ

19 3903 31 3912 ..
82 3860 350 3915 Πασαργάδαι,
372 3859 409 3899 οἱ
430 3857 722 3911 Χελωνοφάγοι.
747 3856 801 3895 V.
824 3854 929 3895 Ptol.
961 3856 1036 3903 VI,
1059 3856 1083 3895 8
1106 3869 1148 3908 p.
1175 3857 1271 3902 415.
1297 3857 1312 3908 Η

62 3930 140 3952 ’·-
161 3921 264 3976 κγ’]
296 3935 365 3971 22,
384 3935 450 3976 ap.
472 3919 754 3961 Ptolemaeum.
778 3918 793 3970 ΙΙ
813 3941 869 3947 -
886 3916 970 3970 ὅρη
997 3915 1065 3970 γ’]
1085 3917 1316 3956 Semirami-

85 3982 150 4023 dis
167 3998 299 4034 1110115,
322 3983 471 4024 Parsici
496 3989 654 4021 montes
679 3988 720 4020 et
744 3979 809 4019 alii
843 3979 884 4018 in
916 3978 1050 4018 media
1073 3978 1311 4027 Carmania,

1393 2461 1489 2500 item
1507 2459 1620 2499 ssuvii
1635 2459 1739 2499 latus
1754 2460 1887 2500 Parsis
1909 2459 2120 2500 Gedrosiae
2135 2460 2386 2514 metropolis.
2447 2463 2481 2501 A
2500 2462 2624 2502 fluvio

1392 2633 1572 2672 quorum
1590 2633 1739 2658 nomen
1756 2617 1997 2658 Ptolemaeus
2016 2632 2099 2657 non
2119 2619 2322 2672 apposuit.
2345 2619 2360 2672 ll
2376 2643 2432 2650 —
2447 2619 2511 2660 15.
2531 2621 2626 2676 Καρ-

1392 2680 1516 2720 πέλλα
1538 2679 1632 2720 cod.
1680 2681 1694 2734 Η
1720 2704 1778 2710 -
1802 2682 1866 2720 18.
1903 2678 2054 2734 ,ε7ὸν’]
2077 2678 2169 2734 ‘etv'
2191 2678 2336 2719 codex.
2367 2679 2622 2734 Colliguntur

1398 2742 1506 2795 5900
1522 2741 1666 2782 stadia.
1689 2742 1804 2794 Siglae
1819 2740 1855 2781 τ’
1874 2750 1913 2781 01
1930 2740 1981 2780 733¹
1996 2741 2111 2781 facile
2126 2741 2500 2783 confundebantur.
2521 2745 2621 2784 Por-

1392 2819 1440 2844 ro
1462 2818 1634 2857 sequens
1657 2817 1853 2843 numerus
1877 2802 1983 2858 nond,
2015 2816 2162 2853 10200,
2196 2802 2389 2858 postulat,
2415 2812 2462 2844 ut
2483 2814 2623 2846 nostro

1392 2866 1483 2906 loco
1512 2866 1594 2905 sint
1608 2864 1737 2905 stadia
1758 2864 1880 2918 5950,
1906 2863 2111 2919 siquidem
2139 2863 2617 2919 10200=4250÷595Q

1392 2927 1514 2968 Redit
1533 2941 1732 2967 numerus
1759 2926 1867 2980 5950
1883 2927 1924 2966 in
1941 2927 2297 2968 consummatione
2316 2927 2620 2970 intervallorum

1391 2992 1413 3041 S
1438 2991 1484 3029 51
1500 3020 1512 3038 ‚
1545 2990 1602 3029 ita
1617 2997 1759 3039 *tamen
1780 2997 1825 3029 ut
1850 2987 2053 3044 ΡιὈἸεᾎΝ
2079 2997 2274 3043 corrupte
2293 2988 2421 3028 codex
2444 2991 2621 3043 praebeat

1432 3051 1440 3079 ,
1477 3050 1486 3064 1

1389 3066 1470 3166 ἐγξ
1490 3082 1558 3156 al.
1574 3112 1673 3152 Vid.
1688 3112 1930 3153 Ptolemaeus
1944 3114 2019 3161 VI,
2038 3125 2104 3152 20.
2125 3112 2140 3165 1}
2156 3135 2212 3141 —
2223 3124 2290 3151 22.
2310 3109 2357 3150 Ἣ
2373 3120 2465 3152 ante
2476 3113 2621 3168 Γεδρω-

1392 3177 1455 3217 σία
1466 3191 1551 3217 om.
1567 3175 1700 3216 Miller
1710 3191 1721 3224 ;
1739 3175 1861 3214 habet
1876 3173 2020 3214 codex.
2041 3175 2124 3227 ῘΙ-
2136 3174 2204 3213 23.
2223 3172 2455 3227 Ἂραχωσίου
2471 3175 2615 3217 codex.

1446 3240 1544 3291 532.
1561 3238 1795 3291 Μουσαρνῶν
1808 3235 1902 3276 cod.
1920 3236 1935 3289 Η
1949 3259 2006 3266 —·
2021 3234 2056 3275 'A
2067 3235 2180 3289 ρτάδ
2192 3250 2202 3274 ι
2214 3250 2234 3274 ο
2245 3236 2284 3290 ς]
2298 3237 2616 3278 Inconstantiam

1390 3302 1606 3341 nominum
1632 3297 1802 3353 ’Άρταῧις
1818 3298 1987 3351 ποταμός
2001 3328 2011 3346 ,
2035 3297 2157 3351 ’Άρῧις
2175 3297 2300 3345 πόλις,
2328 3296 2530 3351 Ἀραὸιτῶν
2548 3305 2618 3339 κῶ-

1392 3376 1459 3415 μαι
1481 3359 1726 3412 corrigendo
1749 3357 1968 3398 tollendam
2001 3373 2086 3397 esse
2117 3357 2227 3397 haud
2262 3357 2451 3398 dixerim.
2491 3360 2618 3410 Quod

1390 3423 1576 3462 omnium
1595 3421 1771 3460 maxime
1790 3419 1963 3460 offendit
1984 3420 2092 3459 fluvii
2115 3433 2264 3458 nomen
2285 3419 2468 3474 ’Άρταὸις,
2485 3434 2616 3473 quum

1392 3485 1452 3525 vel
1475 3484 1621 3538 ’Άραδις
1636 3483 1696 3522 vel
1714 3482 1832 3535 ’Άρδις
1850 3490 2070 3535 exspectes,
2095 3496 2177 3521 non
2198 3495 2282 3521 0550
2298 3481 2479 3535 sphalma
2495 3481 2615 3523 libra-

1392 3548 1457 3595 rii,
1479 3545 1639 3597 colligas
1671 3558 1720 3583 ex
1759 3543 1979 3584 Ammiano
2010 3542 2248 3582 Marcellino
2270 3543 2428 3590 XXIII,
2469 3545 2564 3596 6,73
2603 3558 2612 3584 :

1393 3605 1622 3648 Gedrosia..
1653 3604 1758 3644 inler
1785 3603 1957 3643 minores
1980 3603 2085 3643 ulios
2106 3603 2283 3643 Artabio
2301 3602 2461 3643 uberim·
2470 3604 2615 3655 stami-

1391 3684 1452 3709 ne.
1477 3670 1523 3707 In
1548 3666 1752 3707 Ptolenuei
1783 3664 1905 3705 codd.
1929 3664 2053 3704 habes
2071 3663 2222 3719 ’Άραὸιν
2246 3679 2315 3704 seu
2348 3663 2525 3717 Ἀράὸιον
2544 3680 2614 3704 πο-

1391 3730 1528 3784 ταμὸν,
1559 3727 1767 3781 ’Λραδιτῶν
1791 3726 1803 3780 (
1829 3725 2011 3779 Ἀρδιτῶν
2031 3740 2069 3766 v.
2094 3725 2122 3766 l.
2147 3727 2163 3778 )
2186 3730 2326 3780 κῶμαι,
2355 3725 2512 3778 ’Άρὸιτα
2544 3725 2612 3779 ὄρη

1392 3795 1407 3844 <
1430 3789 1646 3832 Bar-bitum·
1675 3798 1827 3828 montes
1856 3803 1922 3842 ap.
1952 3789 2157 3829 Ammian.
2177 3787 2204 3835 l.
2225 3785 2458 3840 1.);”Λρ8ιν
2482 3786 2610 3827 πόλιν.

1390 3853 1452 3894 Cf.
1473 3852 1524 3891 de
1546 3851 1608 3891 liis
1628 3851 1864 3890 nominibus
1882 3859 1921 3890 et
1950 3849 2001 3889 de
2032 3850 2214 3889 locorum
2232 3849 2388 3888 ratione
2412 3856 2547 3889 notata
2562 3848 2614 3889 ad

1388 3911 1657 3955 Λ1·1’ἱ«’111.ῐ·1111.
1673 3927 1708 3961 0.
1731 3925 1798 3960 22,
1813 3926 1856 3966 p.
1873 3912 1966 3952 338.
1991 3911 2079 3963 11-
2091 3911 2156 3950 30.
2180 3909 2480 3956 ἀναπλεύσαντες
2498 3908 2610 3958 cod.;

1387 3973 1664 4015 ἀναπλεύσαντι
1680 3973 1827 4012 Miller.
1856 3973 1871 4026 Η
1887 3997 1940 4002 —
1959 3972 2024 4011 31.
2047 3970 2174 4017 πόλεις
2190 3971 2305 4023 ω(Ι,]]
2325 3994 2380 4000 -
2397 3971 2464 4011 31.
2487 3968 2612 4025 ’Λρὸἷς
