2808 4342
157 206 246 246 82⁴

546 251 590 295 Ο

151 300 288 363 γένεος
314 300 372 353 εἰς
393 297 528 361 ἕτερον
543 332 557 355 ,
577 290 661 343 οἷον
694 292 919 357 γεωργικὸν
944 294 993 339 ἐκ
1019 290 1161 352 νομέος
1179 291 1392 353 γενέσθαι,

152 368 183 426 ἢ
204 367 335 429 νομέα
356 369 403 413 ἐκ
425 366 734 428 δημιουργικοῦ.
804 360 857 423 (ο)
881 363 1048 408 Μοῦνον
1071 359 1210 423 σφίσιν
1232 361 1393 408 ἀνεῖται

153 435 351 500 σοφιστὴν
382 437 430 483 ἐκ
458 433 610 483 παντὸς
646 430 783 492 γένεος
814 427 1020 490 γενέσθαι·
1039 427 1103 474 ὅτι
1128 429 1175 475 οὗ
1194 429 1392 489 μαλθακὰ

158 508 268 552 τοῖσι
292 506 532 568 σοφιστῇσιν
560 500 639 545 εἰσὶ
656 497 710 543 τὰ
725 498 980 560 πρήγματα,
1002 495 1113 543 ἀλλὰ
1130 498 1297 544 πάντων
1314 517 1391 546 τα·

108 591 129 621 ε
150 573 464 637 λαιπωρότατα.

211 644 347 690 xllt.
382 641 555 698 Θηρῶσι
579 635 624 682 δὲ
651 633 776 683 Ἰνδοὶ
798 633 853 680 τὰ
876 632 952 695 μὶν
975 633 1084 681 ἄλλα
1104 634 1231 699 ἄγρια
1246 637 1388 700 θηρία,

148 710 336 770 κατάπερ
358 706 430 753 καὶ
447 705 665 761 Ἕλληνες·
682 708 711 761 ἡ
734 701 778 750 δὲ
800 706 886 750 τῶν
908 704 1143 768 ἐλεφάντων
1165 706 1260 770 σφὶν
1281 706 1388 770 θήρη

148 778 262 824 οὐδέν
288 793 327 821 τι
344 774 451 835 ἄλλῃ
474 772 604 820 ἐοικεν
620 809 635 833 ,
649 772 713 819 ὅτι
738 774 812 819 καὶ
828 777 964 820 ταῦτα
981 772 1035 820 τὰ
1051 772 1175 835 θηρία
1190 775 1391 835 οὐδαμοῖ-

148 864 211 893 σιν
242 843 405 890 άλλοισι
435 842 632 903 θηρίοισιν
657 841 863 891 ἐπέοικεν.
931 841 983 905 (a)
1008 841 1135 889 Ἀλλὰ
1162 841 1287 889 τόπον
1308 842 1390 908 γὰρ

86 933 125 964 to
146 913 431 973 ἐπιλεξάμενοι
453 911 607 959 ἄπεδον
623 911 695 958 καὶ
710 910 994 973 καυματώδεα
1013 912 1056 957 ἐν
1074 910 1216 975 κύκλῳ
1232 911 1388 978 τάφρον

145 984 410 1048 ὀρύσσουσιν,
434 981 528 1028 ὅσον
565 981 736 1045 μεγάλῳ
759 979 1030 1046 στρατοπέδῳ
1064 980 1385 1031 ἐπαυλίσασθαι.

144 1057 235 1111 Τῆς
257 1052 301 1100 δὲ
322 1052 480 1117 τάφρου
511 1051 558 1097 τὸ
591 1045 707 1115 εὖρος
732 1053 772 1104 ἐς
793 1050 917 1098 πέντε
949 1050 1115 1113 ὀργυιὰς
1147 1050 1384 1114 ποιέονται,
1421 1107 1431 1115 ⁶

149 1122 272 1185 βάθος
290 1140 336 1168 τε
359 1124 401 1174 ἐς
421 1119 642 1183 τέσσαρας.
713 1122 763 1182 (3)
781 1119 866 1168 Τὸν
889 1120 932 1167 δὲ
950 1120 1049 1184 χόον
1072 1120 1209 1167 ὅντινα
1232 1121 1389 1168 ἐκὸάλ-

142 1196 282 1238 λουσιν
302 1193 350 1238 ἐκ
374 1194 447 1237 τοῦ
479 1189 734 1253 ὀρύγματος,
759 1190 828 1235 ἐπὶ
855 1189 909 1236 τὰ
935 1190 1080 1253 χείλεα
1109 1189 1287 1254 ἑκάτερα
1316 1193 1390 1247 τῆς

85 1277 121 1306 15
144 1261 299 1325 τάφρου
353 1259 699 1324 ἐπιφορήσαντες,
762 1260 852 1306 ἀντὶ
906 1259 1063 1323 τείχεος
1112 1258 1388 1323 διαχρέονται·

146 1332 196 1392 (4)
219 1330 335 1378 αὐτοὶ
358 1331 402 1377 δὲ
423 1330 492 1376 ἐπὶ
514 1332 574 1392 τῷ
593 1328 763 1392 χώματι
783 1333 853 1375 τοῦ
874 1327 1103 1392 ἐπιχειλέος
1124 1333 1196 1375 τοῦ
1219 1329 1298 1384 ἔξω
1314 1333 1388 1387 τῆς

142 1399 299 1464 τάφρου
320 1398 472 1455 σκηνάς
492 1416 586 1461 σφιν
605 1397 778 1460 ὀρυκτὰς
795 1398 1026 1456 ποιέονται,
1043 1398 1115 1444 καὶ
1128 1397 1195 1445 διὰ
1210 1398 1386 1446 τουτέων

142 1468 248 1522 ὀπὰς
266 1468 570 1516 ὑπολείπονται·
595 1468 646 1513 δι’
665 1461 722 1514 ὧν
749 1470 833 1528 φῶς
864 1487 909 1514 τε
934 1469 1094 1514 αὐτοῖσι
1124 1468 1386 1532 συνεισέρχε-

141 1555 214 1583 ται
246 1535 393 1583 καὶτὰ
415 1536 538 1599 θηρία
562 1536 824 1598 προσάγοντα
861 1535 933 1582 καὶ
959 1534 1232 1582 ἐσελαύνοντα
1265 1539 1306 1590 ἐς
1339 1535 1387 1584 τὸ

78 1622 120 1652 20
144 1606 260 1670 ἕρκος
275 1605 536 1652 σκέπτονται.
607 1607 656 1666 (ο)
673 1605 880 1652 Ἐνταῦθα
897 1605 1009 1658 ἐντὸς
1023 1609 1093 1651 τοῦ
1110 1604 1248 1669 ἕρκεος
1262 1625 1389 1653 κατα-

144 1674 370 1730 στήσαντες
390 1677 472 1720 τῶν
494 1692 609 1725 τινας
640 1674 799 1730 θηλέων
832 1674 941 1737 τρεῖς
963 1673 991 1730 ἢ
1026 1672 1257 1737 τέσσαρας,
1287 1673 1387 1722 ’ὅσαι

145 1744 328 1806 μάλιστα
350 1742 420 1790 τὸν
454 1743 584 1803 θυμὸν
605 1743 863 1807 χειροήθεες,
888 1743 988 1804 μίαν
1014 1742 1169 1791 εἴσοδον
1203 1746 1385 1806 ἀπολιμ-

143 1813 322 1860 πάνουσι
344 1811 453 1860 κατὰ
474 1813 550 1869 τὴν
584 1813 736 1877 τάφρον
751 1848 764 1870 ,
786 1811 1098 1876 γεφυρώσαντες
1116 1812 1191 1869 τὴν
1216 1813 1384 1877 τάφρον·

142 1882 216 1929 καὶ
233 1882 363 1945 ταύτῃ
378 1882 478 1944 χόον
495 1900 539 1927 τε
561 1882 632 1927 καὶ
654 1882 776 1938 ποίην
795 1882 952 1938 πολλὴν
972 1881 1211 1945 ἐπιφέρουσι
1228 1886 1301 1929 τοῦ
1324 1883 1384 1945 μὴ

76 1970 119 2000 25
145 1950 340 2015 ἀρίδηλον
372 1947 477 1997 εἶναι
503 1951 611 1997 τοῖσι
644 1950 822 2014 θηρίοισι
855 1950 932 2007 τὴν
968 1950 1176 2015 γέφυραν,
1200 1951 1259 2013 μή
1292 1971 1385 1999 τινα

145 2021 263 2068 δόλον
307 2023 517 2068 ὀϊσθῶσιν.
586 2022 637 2082 (ο)
677 2021 808 2068 Αὐτοὶ
845 2021 920 2082 μὲν
953 2016 1022 2068 οὖν
1060 2021 1245 2068 ἐκποδὼν
1279 2030 1384 2086 σφᾶς

143 2089 287 2153 ἔχουσι
308 2089 418 2136 κατὰ
438 2092 521 2136 τῶν
549 2089 733 2145 σκηνέων
755 2093 836 2137 τῶν
860 2090 941 2137 ὑπὸ
964 2094 1016 2155 τῇ
1042 2090 1187 2156 τάφρῳ
1210 2091 1383 2138 δεδυκό-

139 2177 218 2213 τες.
283 2161 340 2207 Οἱ
368 2158 449 2221 γὰρ
478 2157 613 2221 ἄγριοι
636 2158 851 2222 ἐλέφαντες
885 2158 1044 2222 ἡμέρης
1074 2158 1149 2219 μὲν
1172 2160 1218 2206 οὗ
1250 2159 1382 2205 πελά-

141 2232 255 2284 ζουσι
284 2234 415 2275 τοῑσιν
448 2227 741 2287 οἰκεομένοισι,
775 2227 936 2292 νύκτωρ
982 2227 1026 2273 δὲ
1064 2227 1305 2275 πλανῶνταί
1338 2247 1383 2275 τε

75 2307 118 2338 80
139 2297 273 2354 πάντη
294 2297 365 2343 καὶ
385 2296 585 2358 ἀγεληδὸν
605 2295 799 2358 νέμονται
819 2300 880 2358 τῷ
901 2297 1084 2360 μεγίστῳ
1106 2297 1178 2343 καὶ
1194 2316 1381 2360 γενναιο-

138 2366 252 2428 τάτῳ
274 2367 388 2429 σφῶν
412 2364 634 2426 ἑπόμενοι,
654 2364 840 2427 κατάπερ
861 2368 904 2411 αἱ
926 2366 1016 2428 βόες
1030 2367 1136 2412 τοῖσι
1149 2365 1376 2429 ταύροισιν.

142 2437 192 2497 (7)
213 2433 369 2482 Ἐπεὰν
393 2428 450 2481 ὧν
473 2438 532 2495 τῷ
552 2434 664 2497 ἕρκεϊ
687 2434 928 2492 πελάσωσι,
948 2435 1024 2490 τήν
1046 2454 1089 2481 τε
1110 2434 1246 2499 φωνὴν
1265 2435 1388 2483 ἀκού-

138 2522 248 2557 οντες
263 2506 342 2550 τῶν
358 2504 514 2561 θηλέων
532 2503 603 2550 καὶ
622 2507 674 2567 τῇ
695 2505 804 2567 ὀδμῇ
822 2504 1074 2565 αἰσθόμενοι,
1095 2505 1236 2569 δρόμῳ
1253 2504 1384 2551 ἵενται

138 2576 194 2626 ὥς
216 2573 285 2619 ἐπὶ
308 2573 379 2619 τὸν
403 2576 540 2637 χῶρον
563 2573 632 2619 τὸν
652 2572 957 2636 πεφραγμένον·
978 2574 1306 2638 ἐκπεριελθόντες
1342 2573 1385 2620 δὲ

74 2657 115 2688 ³5
140 2645 212 2700 τῆς
225 2643 381 2707 τάφρου
395 2644 447 2689 τὰ
466 2643 610 2706 χείλεα
630 2636 712 2689 εἶτ’
726 2643 776 2690 ἂν
791 2644 1010 2709 τῇγεφύρῃ
1027 2644 1268 2706 ἐπιτύχωσι,
1276 2642 1385 2689 κατὰ

139 2712 294 2768 ταύτην
318 2714 358 2764 ἐς
379 2712 425 2757 τὸ
449 2712 563 2775 ἕρκος
585 2711 797 2760 ὠθέονται.
867 2714 918 2774 (a)
939 2716 995 2761 Οἱ
1022 2713 1065 2759 δὲ
1086 2713 1295 2776 ἄνθρωποι
1318 2716 1383 2759 αῖ·

140 2780 330 2841 σθόμενοι
347 2780 422 2837 τὴν
439 2782 577 2828 ἔσοδον
597 2786 678 2829 τῶν
699 2782 930 2846 ἐλεφάντων
948 2786 1029 2829 τῶν
1049 2783 1228 2847 ἀγρίων,
1251 2785 1288 2830 οἱ
1309 2782 1383 2843 μὲν

141 2850 278 2895 αὐτῶν
297 2848 372 2905 τὴν
392 2850 572 2913 γέφυραν
596 2851 716 2904 ὀξέως
734 2853 922 2915 ἀφεῖλον,
950 2855 988 2898 οἱ
1008 2852 1049 2898 δὲ
1076 2853 1145 2899 ἐπὶ
1162 2851 1236 2905 τὰς
1259 2852 1385 2905 πέλας

139 2918 286 2979 κώμας
301 2921 610 2982 ἀποδραμόντες
627 2921 873 2981 ἀγγέλλουσι
895 2921 989 2973 τοὺς
1012 2923 1236 2984 ἐλέφαντας
1257 2923 1320 2967 ὅτι
1343 2925 1384 2968 ἐν

76 3004 120 3036 40
140 2991 200 3053 τῷ
216 2988 328 3053 ἕρκεῖ
346 2989 525 3052 ἔχονται·
548 2993 596 3049 (⁹)
618 2992 655 3036 οἱ
689 2988 730 3035 δὲ
754 2989 1002 3042 ἀκούσαντες
1022 2990 1281 3036 ἐπιὸαίνουσι
1304 2993 1384 3035 τῶν

139 3058 371 3122 κρατίστων
390 3076 435 3104 τε
456 3058 524 3105 τὸν
544 3059 674 3119 θυμὸν
704 3058 776 3105 καὶ
810 3062 889 3105 τῶν
920 3059 1272 3122 χειροηθεστάτων
1298 3060 1384 3104 ἐλε·

139 3127 329 3191 φάντων,
350 3127 568 3181 ἐπιὸάντες
588 3128 630 3175 δὲ
647 3127 885 3175 ἐλαύνουσιν
905 3131 960 3181 ὡς
979 3128 1048 3174 ἐπὶ
1065 3126 1111 3173 τὸ
1130 3127 1246 3190 ἕρκος
1260 3163 1273 3187 ,
1295 3127 1386 3172 ἐλά·

140 3214 284 3251 σαντες
301 3195 343 3243 δὲ
364 3198 439 3244 οὗκ
460 3197 610 3244 αὐτίκα
650 3198 792 3261 μάχης
816 3195 1038 3253 ἅπτονται,
1062 3198 1154 3243 ἀλλ’
1184 3199 1281 3242 ἐῶσι
1304 3195 1383 3258 γὰρ

138 3267 250 3330 λιμῷ
279 3284 324 3312 τε
347 3267 723 3330 ταλαῖπωρηθῆναι
755 3265 850 3320 τοὺς
880 3264 1043 3328 ἀγρίους
1066 3265 1290 3330 ἐλέφαντας
1310 3265 1381 3310 καὶ

78 3346 120 3377 ει
142 3334 219 3380 ὑπὸ
238 3337 298 3398 τῷ
320 3334 429 3399 δίψεϊ
454 3337 724 3392 δουλωθῆναι.
795 3337 867 3398 (ιο)
896 3330 995 3386 Εἶτ’
1032 3334 1082 3382 ἂν
1103 3334 1146 3382 δὲ
1171 3334 1285 3423 σφίσι
1305 3353 1380 3380 κα-

137 3405 220 3454 κῶς
242 3403 351 3466 ἔχειν
376 3405 549 3452 δοκέωσι
567 3441 580 3466 ,
600 3409 828 3461 τηνικαῦτα
852 3404 1150 3461 ἐπιστήσαντες
1173 3407 1287 3456 αυθις
1304 3401 1380 3459 τὴν

138 3470 318 3534 γέφυραν
333 3473 547 3520 ἐλαύνουσί
562 3493 606 3520 τε
623 3477 678 3527 ὡς
698 3477 737 3527 ἐς
755 3475 802 3521 τὸ
820 3474 936 3537 ἕρκος
949 3509 963 3535 ‚
983 3475 1054 3521 καὶ
1071 3472 1125 3519 τὰ
1142 3471 1217 3534 μὶν
1233 3475 1378 3535 πρῶτα

138 3539 260 3602 μάχη
285 3539 452 3587 ἵσταται
477 3543 657 3607 καρτερὴ
675 3547 805 3591 τοῖσιν
834 3545 1026 3608 ἡμέροισι
1045 3546 1126 3591 τῶν
1146 3541 1377 3606 ἐλεφάντων

197 3671 318 3715 xm.
343 3674 407 3715 De
435 3674 749 3731 elephantorum
776 3679 994 3720 venatione
1026 3692 1123 3721 cum
1149 3676 1310 3720 Nostris
1327 3674 1382 3718 cs.

138 3732 333 3777 strabon.
348 3749 393 3792 p.
418 3740 497 3791 704
517 3746 558 3779 et
577 3738 753 3781 Diodor.
772 3742 829 3791 11,
850 3743 903 3790 42
926 3742 943 3794 (
958 3740 1213 3795 Megasthen.
1234 3738 1381 3794 fragm.

138 3808 184 3852 p.
204 3798 287 3846 406
308 3804 352 3839 et
384 3799 463 3848 431
486 3802 615 3858 sqq.)
644 3802 772 3856 etqui
806 3801 953 3843 eodem
985 3802 1250 3857 Megasthene
1282 3814 1382 3843 usus

1300 192 1565 242 Annum

1461 303 1546 348 lam
1558 318 1611 348 ex
1630 313 1819 363 pastore,
1834 315 1908 350 aut
1922 316 2129 365 pastorem
2146 325 2197 353 ex
2212 311 2359 368 opifice
2374 312 2477 356 lieri.
2534 314 2595 373 (9)
2613 318 2703 361 Hoc
2731 338 2762 379 μ’

1461 395 1625 431 tantum
1649 390 1919 446 permittitur,
1953 392 2180 450 sophistam
2198 410 2251 439 ex
2268 411 2533 456 quocumque
2555 416 2707 456 genere

1457 471 1568 519 fieri.
1626 473 1774 529 Neque
1801 474 1913 517 enim
1937 475 2071 519 mollis
2098 486 2162 521 est
2191 481 2469 537 sophistarum
2492 487 2594 537 vita,
2629 486 2703 530 sed

1459 561 1651 605 omnium
1667 562 2002 608 laboriosissima.

1515 647 1635 690 XIII.
1664 649 1886 692 Venantur
1898 658 2037 693 autem
2052 650 2147 693 Indi
2162 651 2340 709 reliquas
2356 653 2461 697 seras
2474 623 2670 702 ut-Grawi
2689 674 2701 702 :

1457 735 1501 770 at
1527 727 1843 785 elephantorum
1873 731 1986 788 apud
2010 746 2082 775 eos
2115 734 2278 775 venatio
2308 734 2411 776 nihil
2439 749 2611 792 prorsus
2632 738 2697 782 alii
2786 754 2808 776 ι’

1458 807 1638 850 venandi
1666 809 1794 852 modo
1813 811 1959 854 similis
1985 821 2062 865 est,
2086 813 2294 870 siquidem
2316 823 2357 856 et
2377 815 2440 858 hae
2459 815 2555 859 scrae
2583 818 2705 868 nullis

1458 887 1611 931 similes
1627 898 1741 933 sunt.
1803 890 1866 947 (α)
1882 891 2080 948 Deliguut
2096 903 2309 937 venatores
2326 896 2462 938 locum
2479 897 2648 953 planum
2663 907 2705 941 et

1457 969 1644 1024 apricum
1659 1000 1671 1020 ,
1695 971 1836 1026 magni
1855 972 2062 1014 exercitus
2079 987 2294 1030 capacem,
2318 977 2365 1018 in
2385 976 2504 1033 cujus
2525 980 2702 1022 circuitu

1458 1047 1609 1091 fossam
1623 1048 1799 1092 ducunt.
1836 1053 1971 1094 Fossae
1992 1051 2167 1096 latitudo
2182 1053 2236 1096 ad
2250 1057 2435 1113 quinque
2448 1060 2611 1115 orgyias
2624 1068 2699 1112 cst,
2789 1068 2791 1070 ’

1457 1129 1631 1173 altitudo
1652 1139 1794 1173 autem
1819 1132 1985 1174 circiter
2006 1141 2200 1189 quatuor.
2263 1134 2324 1192 (3)
2356 1137 2553 1191 Terram,
2577 1154 2702 1196 quam

1458 1209 1656 1254 fodiendo
1674 1220 1845 1264 eruunt,
1878 1213 2091 1270 utrimque
2110 1213 2164 1256 ad
2180 1214 2294 1257 labra
2316 1214 2434 1260 sossae
2454 1229 2701 1275 congerunt,
2788 1239 2791 1244 ·

1456 1306 1587 1349 eaque
1611 1307 1689 1349 pro
1711 1306 1834 1336 muro
1852 1301 2044 1337 utuntur.
2106 1295 2172 1350 (4)
2190 1296 2274 1352 Ipsi
2297 1305 2436 1339 autem
2460 1298 2503 1340 in
2525 1300 2704 1343 exterio·

1457 1374 1516 1415 ris
1534 1373 1637 1416 labri
1663 1389 1811 1431 aggere
1830 1377 2007 1418 tentoria
2039 1376 2118 1419 sibi
2148 1377 2300 1420 fossilia
2323 1378 2495 1432 faciunt,
2519 1389 2563 1423 et
2597 1382 2707 1426 sora-

1456 1453 1569 1495 mina
1590 1455 1634 1496 in
1656 1456 1732 1507 iis,
1763 1470 1838 1512 per
1865 1470 1959 1512 quae
1986 1457 2131 1499 lucum
2157 1457 2401 1512 admittant,
2426 1460 2699 1517 relinquunt,
2785 1486 2787 1489 ·

1456 1535 1618 1591 ipsique
1638 1550 1690 1578 ex
1719 1537 1769 1578 iis
1792 1537 1898 1579 seras
1930 1540 2308 1595 appropinquantes
2329 1548 2453 1597 atque
2471 1542 2513 1583 in
2535 1552 2698 1599 septum

1455 1598 1735 1671 ingredientes
1755 1626 2035 1674 prospectant.
2097 1620 2160 1674 (5)
2189 1621 2311 1663 Tunc
2333 1629 2414 1663 tres
2437 1633 2510 1666 aut
2523 1633 2703 1680 quatuor

1455 1694 1702 1751 elephantos
1730 1695 1912 1740 soeminei
1929 1712 2050 1740 sexus
2067 1713 2119 1741 ex
2141 1702 2480 1744 mansuetissimis
2501 1711 2618 1760 septo
2640 1706 2705 1747 in·

1454 1774 1669 1818 cludentes
1683 1807 1695 1828 ,
1716 1790 1855 1819 unum
1871 1792 1945 1834 per
1969 1778 2118 1820 fossam
2139 1778 2298 1823 aditum
2314 1781 2571 1838 relinquunt,
2595 1783 2703 1827 sossa

1454 1864 1583 1911 ponte
1599 1854 1746 1912 juncta
1760 1889 1771 1908 ,
1790 1872 1914 1914 quem
1941 1859 2071 1902 multa
2090 1868 2201 1903 terra
2219 1870 2257 1903 et
2278 1862 2409 1905 multo
2428 1865 2581 1920 cespite
2597 1873 2701 1907 ster-

1458 1943 1580 1987 nunt,
1598 1949 1652 1978 ne
1668 1938 1851 1993 conspici
1870 1952 1895 1979 a
1922 1938 2017 1981 seris
2039 1954 2166 1997 pons,
2190 1949 2231 1983 et
2251 1941 2372 1984 dolus
2390 1944 2532 1986 sentiri
2552 1941 2697 2001 possit.

1457 2015 1522 2072 (6)
1545 2017 1775 2059 Venatores
1795 2027 1933 2061 autem
1949 2022 2097 2063 remoti
2122 2036 2210 2064 sese
2227 2023 2270 2065 in
2290 2025 2476 2066 cavernis
2494 2039 2602 2082 pone
2621 2025 2702 2068 sos-

1453 2111 1541 2139 sam
1561 2098 1791 2141 continent.
1849 2101 1956 2142 Nam
1987 2099 2062 2142 seri
2085 2101 2291 2158 elephanti
2315 2102 2404 2145 loca
2423 2102 2606 2147 habitata
2635 2107 2699 2147 in·

1454 2175 1591 2219 terdiu
1603 2192 1688 2220 non
1700 2178 1856 2221 adeunt
1867 2210 1880 2231 ,
1893 2188 2022 2222 noctu
2035 2194 2132 2223 vero
2142 2182 2294 2238 passim
2302 2191 2487 2226 errantes
2497 2187 2699 2241 gregatim

1453 2265 1695 2313 pascuntur,
1715 2273 1897 2316 eumque
1914 2259 2065 2303 ducem
2087 2270 2320 2318 sequuntur
2337 2264 2410 2319 qui
2430 2273 2472 2306 ct
2493 2266 2700 2309 maximus

1457 2346 1519 2380 est
1539 2347 1581 2381 et
1595 2340 1937 2395 generosissimus
1949 2373 1961 2394 ,
1983 2357 2068 2384 non
2083 2342 2200 2385 aliter
2217 2358 2265 2386 ac
2282 2352 2422 2387 tauros
2440 2359 2572 2389 vacce
2585 2348 2700 2404 sequi

1455 2429 1705 2463 cernuntur.
1766 2423 1830 2477 (7)
1849 2424 2073 2479 Postquam
2098 2425 2223 2481 septis
2257 2426 2472 2482 propiores
2501 2426 2595 2470 sacti
2628 2427 2702 2472 soe·

1455 2502 1664 2543 minarum
1689 2516 1833 2545 vocem
1853 2503 2091 2557 audierunt,
2116 2520 2268 2562 easque
2293 2520 2367 2563 per
2395 2505 2617 2551 odoratum
2633 2522 2703 2553 oo·

1457 2597 1660 2638 gnovere,
1678 2598 1804 2626 cursu
1825 2584 2016 2628 seruntur
2039 2586 2092 2628 ad
2121 2595 2256 2644 septa,
2281 2596 2322 2630 et
2344 2587 2460 2631 sossae
2480 2589 2594 2633 labra
2621 2592 2702 2635 cir·
2791 2607 2795 2637 i

1457 2673 1698 2707 cumeuntes
1716 2680 1849 2722 quum
1867 2665 1921 2708 ad
1939 2675 2109 2723 pontem
2130 2669 2411 2731 pervenerint,
2442 2683 2517 2725 per
2534 2684 2632 2713 eum
2656 2673 2699 2714 in

1454 2753 1571 2801 septa
1603 2754 1747 2787 ruunt.
1810 2745 1873 2802 (8)
1902 2747 2132 2788 venatores
2163 2747 2234 2789 ubi
2260 2749 2462 2803 ingressos
2484 2748 2591 2793 seros
2621 2750 2701 2794 ele·

1455 2827 1634 2883 phantos
1655 2827 1856 2877 sentiunt,
1892 2826 1960 2869 alii
1993 2827 2195 2870 continuo
2227 2837 2397 2884 pontem
2432 2830 2696 2882 subtrahunt,

1455 2906 1522 2948 alii
1540 2907 1753 2963 proximos
1773 2920 1899 2963 pagos
1923 2915 2107 2963 petentes
2126 2907 2364 2964 elephantos
2382 2918 2498 2966 septo
2520 2911 2699 2954 inclusos

1456 3002 1543 3029 oese
1564 2989 1771 3030 nuntiant.
1831 2989 1895 3043 (9)
1915 2990 2013 3042 Quo
2041 2989 2208 3044 cognito
2230 2990 2448 3046 populares
2479 2993 2698 3037 confestim

1457 3069 1699 3124 elephantos
1720 3069 2044 3111 animosissimos
2062 3084 2110 3111 ac
2131 3073 2483 3114 mansuetissimos
2499 3088 2696 3117 conscen-

1455 3142 1576 3195 dunt,
1600 3151 1724 3199 atque
1745 3142 1796 3184 ad
1817 3151 1979 3199 septum
2006 3142 2221 3187 accedunt.
2283 3146 2369 3187 Nec
2389 3155 2524 3189 tamen
2557 3150 2695 3205 primo

1454 3225 1590 3267 statim
1620 3224 1801 3266 adventu
1822 3238 1917 3266 cum
1937 3225 2164 3279 agrestibus
2180 3226 2408 3283 elephantis
2434 3242 2614 3285 pugnant
2629 3245 2697 3285 ag·

1451 3305 1712 3361 grediuntur,
1730 3304 1801 3347 sed
1828 3305 1917 3347 iilos
1932 3305 2187 3362 aliquamdiu
2214 3307 2319 3350 same
2339 3310 2542 3352 macerari
2564 3324 2612 3353 ae
2630 3311 2695 3354 siti

1452 3386 1613 3429 domari
1639 3387 1784 3429 sinunt
1803 3399 1813 3428 ε
1832 3389 1924 3441 (io)
1944 3400 2160 3444 quumque
2170 3387 2259 3444 jam
2274 3388 2551 3445 languidiora
2570 3392 2697 3434 factos

1453 3462 1609 3515 vident,
1633 3477 1778 3505 rursus
1802 3463 1986 3506 immisso
2001 3472 2130 3520 ponte
2146 3473 2260 3522 septa
2282 3465 2589 3523 ingrediuntur.
2642 3468 2696 3510 Et

1449 3540 1587 3595 primo
1606 3538 1774 3595 quidem
1794 3554 1887 3581 acre
1902 3547 2110 3581 certamen
2131 3540 2175 3582 {it
2190 3541 2298 3584 inter
2311 3541 2493 3586 domitos
2505 3543 2695 3601 clephim·

1459 3677 1528 3715 τοῦ
1549 3672 1610 3716 ἐπὶ
1626 3673 1778 3728 χείλεος
1793 3674 1915 3715 BCD.
1937 3674 2124 3715 Fortasse
2149 3687 2158 3716 z
2181 3678 2238 3730 τῷ
2258 3673 2321 3718 ἐπὶ
2338 3679 2406 3717 τοῦ
2420 3676 2573 3732 χείλεος
2596 3690 2632 3719 τ.
2655 3674 2696 3718 ἔ.

1460 3737 1477 3791 Ι(
1499 3760 1556 3768 -—
1581 3750 1650 3791 27.
1687 3735 1822 3790 ἔχουσι
1847 3751 1870 3777 e
1899 3734 2010 3791 conj.
2044 3734 2265 3793 Raphaeli}
2293 3736 2397 3779 ἐοῦσι
2426 3738 2550 3781 codd.
2586 3740 2603 3794 Ι(
2636 3761 2692 3771 -

1453 3801 1521 3842 28.
1545 3799 1582 3840 οἱ
1602 3798 1676 3854 γὰρ
1700 3799 1789 3855 ἄγρ.
1821 3801 1877 3850 L;
1899 3798 1936 3839 oi
1956 3798 1998 3840 δὲ
2020 3798 2109 3855 ἅγρ.
2132 3801 2294 3843 ABCD.
2321 3803 2337 3855 ΙΙ
2355 3825 2417 3847 ,-
2438 3802 2507 3844 32.
2531 3799 2597 3843 ἐὰν
2614 3814 2692 3857 pro

2742 3853 2776 3871 l

138 3870 227 3900 esse
244 3857 409 3906 videtur
421 3860 605 3903 AElianus
619 3863 672 3905 N.
691 3865 744 3905 A.
757 3864 854 3914 XII,
869 3867 938 3913 44.
960 3866 1078 3915 XIII,
1097 3879 1138 3919 7.
1157 3867 1198 3907 8.
1215 3865 1293 3915 111,
1308 3867 1377 3914 46.
1451 3860 1565 3903 ἐπεὰν
1586 3863 1634 3903 L.
1661 3863 1678 3916 ΙΙ
1695 3885 1751 3893 -
1770 3862 1839 3903 33.
1857 3860 2130 3917 αἰσθανόμενοι
2150 3863 2199 3903 L.
2220 3862 2237 3917 ΙΙ
2261 3862 2456 3905 -ἵενται
2471 3862 2547 3915 ἐπὶ,
2565 3863 2691 3908 misso
2763 3890 2808 3900 .-

139 3920 190 3962 In
207 3921 447 3965 universum
471 3938 511 3965 v.
544 3925 677 3967 Ritter
696 3926 751 3976 V,
776 3939 817 3980 p.
841 3927 1051 3981 903-923;
1084 3928 1252 3972 Lassen.
1279 3925 1376 3968 lud.

140 3981 234 4024 Alt.
263 3984 301 4036 1,
330 3998 375 4041 p.
414 3986 612 4029 303-315.
651 3987 669 4042 1(
694 4010 751 4019 -
770 3989 812 4030 8.
842 3987 949 4029 οὐδὲν
979 3991 1028 4044 τῇ
1046 3988 1150 4045 ἄλλῃ
1171 3990 1253 4031 BC.
1284 3990 1300 4043 ΙΙ
1322 4012 1379 4021 -

145 4043 211 4085 13.
238 4043 280 4087 δὲ
297 4060 383 4090 om.
404 4051 457 4091 A.
488 4050 504 4104 1(
527 4073 584 4082 -—
609 4053 676 4093 16.
703 4052 772 4093 τοῦ
793 4049 854 4093 ἐπὶ
872 4053 939 4092 τοῦ
961 4050 1113 4107 χείλεος
1131 4053 1199 4093 τοῦ
1224 4050 1296 4101 ἔξω
1314 4054 1374 4103 A;

1448 3923 1514 3974 ὡς,
1534 3926 1653 3966 ABC.
1680 3926 1695 3979 Ι(
1718 3948 1774 3956 -
1794 3925 1863 3978 39.
1883 3923 2154 3979 ἐπιδραμόντες
2172 3925 2262 3966 LD.
2290 3925 2306 3979 (1
2332 3948 2389 3957 -
2403 3928 2472 3976 44.
2498 3925 2698 3968 ταλαιπω·

1449 3987 1596 4042 ρεῖσθαι
1614 3988 1662 4028 L.
1689 3988 1705 4042 Ι(
1729 4010 1785 4019 —
1801 3990 1870 4041 49.
1888 3983 2049 4042 καρτερὴ
2068 3987 2121 4037 D,
2139 3983 2299 4042 κρατερὴ
2322 3994 2418 4029 cett.
