2782 4348
470 0 523 45 0
783 40 789 42 ,,

686 76 733 122 0

162 193 223 233 48
466 224 469 227 ,
504 219 552 264 ·

167 287 423 351 Ὀρχομενὸς
449 290 492 334 ἰν
516 287 728 350 μεσογείᾳ.
798 284 896 334 Εἰσὶ
925 283 968 331 δὲ
989 282 1061 330 καὶ
1089 283 1216 329 ἄλλαι
1238 281 1393 335 πόλεις.

165 358 419 421 Παράπλους
434 356 477 404 δὲ
496 361 569 413 τῆς
593 355 792 407 Βοιωτίας
810 353 950 416 χώρας
974 352 1059 398 ἀπὸ
1077 351 1234 409 Δηλίου
1272 351 1399 415 μέχρι

106 422 110 426 ”
163 430 246 474 τῶν
265 430 437 490 Λοκρῶν
458 427 579 490 ὁρίων
598 425 745 471 στάδια
766 423 839 468 σν’.
1266 452 1271 459 -

226 513 285 545 αι.
323 501 532 544 Aom’ot.
573 492 697 541 Μετὰ
716 492 759 537 δὲ
779 490 983 543 Βοιωτούς
999 492 1078 536 εἶσι
1095 490 1248 555 Λοκροὶ
1266 490 1393 543 ἔθνος.

167 566 251 612 Καί
272 567 352 611 εἶσι
386 565 479 609 κατ’
510 561 690 608 Εὔὸοιαν
714 561 852 611 αὐτοῖς
869 560 1008 611 πόλεις
1032 558 1136 606 αἵδε·
1167 559 1397 623 Λάρυμνα,

202 636 318 687 ῧνος,
349 633 524 684 Ὀποῦς,
548 628 717 684 Ἀλόπη·
741 628 820 674 εἶσὶ
840 628 884 674 δὲ
898 628 972 675 καὶ
995 628 1122 676 ἄλλαι
1143 628 1297 676 πολλαὶ
1313 632 1395 676 Λο-

161 707 284 765 κροῖς.
352 699 605 761 Παράπλους
624 698 667 744 δὲ
690 702 763 755 τῆς
786 696 928 762 χώρας
947 700 1083 745 αὐτῶν
1107 699 1258 746 στάδια
1277 699 1332 746 σ’.

221 787 276 830 οι.
311 771 520 815 ΦΩΚΕΙΣ.
563 766 686 815 Μετὰ
708 766 751 814 δὲ
779 766 965 830 Λοκρούς
987 770 1068 815 εἰσι
1094 770 1274 822 Φωκεῖς·
1299 768 1395 823 διή-

159 858 273 886 κουσι
303 837 383 900 γὰρ
413 838 484 882 καὶ
507 830 616 884 οὗτοι
649 839 706 890 εἷς
730 837 807 893 τὴν
830 838 1044 884 θάλασσαν
1074 838 1244 893 ταύτην.
1312 837 1398 885 Καὶ

158 909 297 960 πόλεις
321 909 457 959 αὐτοῖς
475 907 578 952 εἰσὶν
602 906 718 952 αἵδε·
737 907 915 968 Θρόνιον
930 942 943 966 ,
969 907 1157 967 Κνημὶς,
1183 905 1399 964 Ἐλάτεια,

163 976 392 1029 Πανοπεύς.
460 975 557 1023 Εἰσὶ
580 977 623 1022 δὲ
645 975 717 1022 καὶ
743 975 869 1022 ἄλλαι
894 975 1034 1027 πόλεις
1054 976 1192 1027 αὐτοῖς
1211 977 1252 1022 ἓν
1273 993 1398 1036 μεσο-

158 1047 265 1111 γεία.
303 1069 316 1080 ·
337 1046 590 1110 Παράπλους
615 1046 650 1092 δ’
680 1046 768 1093 ἐστὶ
795 1050 869 1103 τῆς
902 1045 1091 1094 Φωκέων
1117 1047 1257 1109 χώρας
1284 1044 1398 1091 στά-

158 1118 224 1162 δια
249 1115 304 1164 α’.

219 1203 276 1234 οε.
320 1188 551 1232 ΜΗΛΙΕΙΣ.
587 1185 708 1232 Μετὰ
742 1185 785 1231 δὲ
813 1185 980 1237 Φωκεῖς
1012 1183 1091 1230 εἰσὶ
1123 1184 1298 1239 Μηλιεῖς
1326 1183 1395 1230 καὶ

157 1259 180 1301 ὁ
201 1254 352 1306 κόλπος
378 1258 400 1300 ὁ
426 1253 627 1311 Μηλιεύς.
696 1255 714 1317 (
730 1254 804 1302 Ἐν
824 1253 956 1316 τούτῳ
977 1253 995 1316 [
1013 1254 1107 1316 τῷ]
1128 1253 1272 1316 κόλπῳ
1295 1252 1396 1299 εἰσὶν

158 1324 196 1369 οἱ
221 1324 492 1386 Λιμοδωριεῖς
515 1323 763 1383 καλούμενοι
782 1322 880 1368 οἵδε·
915 1322 1123 1385 Ἐρινεὸς,
1144 1324 1262 1369 Βοῑον
1276 1357 1289 1379 ,
1312 1324 1396 1368 Κυ·

158 1455 242 1496 sica
272 1462 460 1510 tempora
488 1454 692 1495 conflatus
720 1462 781 1495 est
808 1453 989 1507 (Strabo
1016 1455 1104 1504 IX,
1136 1468 1179 1509 p.
1212 1454 1342 1508 403),
1377 1468 1401 1495 a

159 1516 380 1558 Ptolemaeo
401 1515 597 1567 demum,
620 1517 817 1571 Antigoni
847 1516 954 1557 duce
968 1548 980 1567 ,
1017 1516 1223 1558 moenibus
1241 1524 1302 1557 est
1337 1518 1400 1558 in-

158 1586 364 1630 structus,
404 1578 572 1635 Olymp.
613 1592 706 1633 117,
736 1592 773 1620 1.
811 1580 891 1620 312
928 1580 1047 1621 a.·C.
1082 1578 1184 1620 Vid.
1220 1578 1396 1622 Diodor.

158 1644 277 1692 xlx,
302 1656 372 1698 77,
395 1644 436 1691 4.
462 1644 573 1684 Ante
586 1642 766 1683 Gailium
777 1641 1009 1698 jungebant
1029 1643 1162 1697 τεῖχος
1182 1641 1330 1694 Θῆὸαι,
1349 1657 1399 1684 ex

158 1719 291 1761 eoque
323 1703 562 1747 Dodwellus
602 1703 887 1746 demonstrare
918 1703 1111 1746 studebat
1156 1697 1399 1761 scriptorem

158 1776 348 1809 nostrum
383 1775 477 1823 post
501 1780 664 1808 eversas
694 1767 859 1808 Thebas
890 1768 1052 1810 vixisse.
1082 1767 1098 1820 ΙΙ
1121 1791 1179 1799 -
1203 1768 1398 1823 Λοκρῶν

158 1830 338 1886 ὁρίων]
360 1830 508 1879 λευκῶν
528 1830 643 1886 ὁρίων
663 1829 794 1871 codex
811 1847 821 1880 ;
843 1844 925 1871 em.
948 1830 1189 1872 Palmerius.

215 1895 239 1947 S
272 1897 340 1935 6ο.
382 1892 559 1942 Κῦνος,
605 1890 815 1947 Ὀποῦς]
848 1892 1087 1948 Κυνοσοῦρος
1121 1891 1280 1944 codex;
1313 1908 1395 1935 em.

159 1956 412 1998 Gronovius.
448 1955 643 1996 Ceterum
672 1955 790 2010 Opus
822 1964 917 1996 ante
938 1956 1102 2011 Cynum
1131 1954 1399 1996 memoranda

158 2025 261 2059 erat.
284 2021 300 2072 ΙΙ
324 2041 382 2049 -
405 2015 474 2071 o']
491 2019 527 2059 A
553 2018 762 2072 Larymna
783 2016 835 2058 ad
855 2017 1015 2073 Alopen
1035 2017 1141 2059 linea
1172 2024 1284 2058 recta
1303 2026 1401 2059 sunt

158 2079 211 2122 ad
230 2079 313 2122 250
334 2078 490 2130 stadia,
521 2079 587 2120 sin
614 2078 822 2121 anfractus
854 2079 986 2121 litoris
1017 2080 1221 2135 sequaris,
1246 2079 1310 2123 vel
1331 2094 1399 2121 su-

158 2156 234 2199 pra
256 2142 352 2185 350.
386 2143 402 2195 Ιξ
426 2166 484 2173 -
519 2142 780 2197 Λάρυμνα]
815 2156 874 2183 se.
897 2141 923 2194 ἡ
952 2142 1033 2183 ἄνω
1061 2143 1269 2198 Λάρυμνα,
1308 2156 1401 2199 quae

159 2204 349 2247 Locridis
376 2212 465 2246 erat
495 2217 507 2246 ε
534 2204 601 2245 καὶ
629 2204 705 2260 γὰρ
735 2203 843 2260 ἑτέρα
866 2203 968 2246 ἐστὶν
999 2204 1060 2247 ἐπὶ
1077 2207 1126 2263 τῇ
1150 2204 1351 2263 θαλάσσῃ,
1374 2205 1399 2258 ἦ

159 2266 365 2319 Βοιωτικὴ,
386 2264 411 2325 ᾖ
430 2268 664 2324 προσέθεσαν
689 2266 881 2323 Ῥωμαῖοι
909 2266 980 2320 τὴν
1003 2268 1085 2309 ἄνω
1108 2268 1288 2323 (Strabo
1320 2270 1397 2321 IX,

157 2345 201 2387 p.
227 2334 308 2380 406
330 2338 457 2380 extr„
476 2329 546 2371 ubi
570 2344 610 2371 v.
635 2329 870 2372 Groskurd.
889 2333 922 2384 ).
947 2330 1013 2373 Cf.
1038 2330 1197 2373 Plinius
1213 2332 1291 2382 IV,
1321 2344 1397 2383 123

157 2393 379 2435 Pausanias
405 2393 488 2443 IX,
514 2393 595 2443 23,
630 2407 682 2447 73
712 2392 803 2434 Gell
834 2392 941 2434 ltin.
967 2392 1022 2447 of
1044 2396 1189 2435 Graece
1220 2407 1264 2450 p.
1292 2407 1396 2449 117;

157 2455 324 2496 Ulrichs
347 2454 492 2497 Reisen
516 2455 558 2496 in
581 2454 879 2497 Griechenland
903 2457 945 2506 Ῑ,
970 2470 1012 2511 p.
1044 2469 1126 2511 229
1149 2469 1240 2512 sqq.

214 2521 238 2572 S
259 2522 326 2559 61.
350 2517 584 2573 Θρόνιον,
619 2517 712 2570 Κνη
730 2517 1081 2572 μὶς]1)εί)εὶπη;
1109 2518 1400 2575 Κνημὶς(Κνί-

161 2594 221 2634 μις
253 2578 347 2620 cod.
367 2578 402 2635 ),
428 2578 606 2634 Θρόνιον.
644 2581 706 2620 Ac
733 2579 971 2621 Thronium
990 2579 1160 2636 quidem
1175 2611 1187 2631 ,
1212 2582 1401 2636 quamvis

143 2654 215 2689 ao
236 2640 366 2682 stadia
384 2641 436 2682 ab
459 2655 534 2682 ora
551 2640 759 2691 dissitum,
780 2640 853 2683 sed
872 2651 999 2697 portu
1017 2650 1157 2684 tamen
1179 2656 1276 2684 cum
1295 2646 1399 2685 mari

155 2701 365 2758 junctum,
391 2703 499 2743 inter
517 2703 726 2744 maritima
747 2702 837 2745 loca
870 2705 1072 2745 recenseri
1094 2712 1281 2760 poterat;
1305 2706 1401 2747 reli-

159 2765 253 2820 quis
270 2763 435 2806 duobus
450 2764 739 2820 praemittenda
753 2774 871 2807 erant
892 2766 1018 2808 verba
1035 2779 1046 2808 z
1072 2766 1111 2808 ἐν
1135 2768 1320 2824 μεσογείᾳ
1341 2770 1396 2811 δέ.

160 2829 353 2869 Ceterum
365 2828 546 2878 Cnemis,
558 2828 792 2869 Thronium
801 2837 1029 2884 ceteraeque
1036 2829 1161 2871 urbes
1170 2831 1399 2873 Locrorum

159 2888 546 2945 Epicnemidiorum
567 2890 610 2930 in
633 2897 877 2945 potestatem
904 2891 1180 2933 Phocensium
1203 2903 1401 2935 venerant

160 2958 347 3009 tempore
365 2950 458 2994 belli
478 2951 599 2993 sacri.
620 2950 720 3006 Ejus
734 2966 845 2993 anno
864 2953 988 2993 tertio
1007 2951 1093 3006 (Ol.
1120 2956 1212 3002 106,
1237 2956 1278 3002 4.
1299 2954 1399 3009 353)

72 3046 85 3054 .
161 3013 451 3056 Onomarchus
467 3014 703 3055 Thronium
726 3014 978 3069 expugnavit
997 3013 1231 3069 incolasque
1252 3016 1292 3055 in
1315 3030 1399 3058 ser-

161 3077 337 3118 vitutem
359 3075 498 3131 abegit
511 3074 708 3130 (Diodor.
727 3076 847 3127 xvl,
870 3077 939 3128 33,
961 3077 985 3118 3
1003 3078 1019 3131 )
1039 3092 1051 3126 ;
1075 3090 1187 3117 anno
1210 3079 1397 3132 sequenti

159 3138 353 3195 Phayllus
369 3138 548 3194 reliquas
563 3138 689 3180 urboe
715 3139 825 3195 cepit
842 3138 1054 3194 diruitque
1084 3141 1100 3193 (
1117 3138 1244 3181 Diod.
1269 3141 1348 3182 XV
1351 3143 1372 3183 1
1386 3173 1398 3193 ,

162 3202 232 3252 30,
250 3202 274 3243 3
295 3215 388 3258 sqq.
407 3203 440 3256 ).
462 3200 528 3243 Cf.
550 3201 764 3243 AEschinoe
779 3202 844 3244 De
862 3200 951 3243 sals.
975 3201 1054 3257 leg.
1075 3215 1119 3258 p.
1137 3202 1207 3253 45,
1228 3203 1279 3244 33
1304 3218 1396 3260 sqq.

162 3265 272 3305 Hinc
284 3263 370 3319 jam
389 3263 617 3307 Palmerius
636 3265 826 3319 (Graecia
845 3273 933 3306 ant.
962 3278 1006 3321 p.
1033 3265 1113 3307 566
1132 3278 1195 3320 sq.
1215 3267 1231 3319 )
1257 3268 1399 3308 rectis·

161 3328 263 3368 sime
277 3326 440 3381 collegit
455 3326 667 3383 Periplum
696 3335 886 3369 nostrum
907 3341 994 3370 non
1017 3340 1104 3369 esse
1131 3326 1218 3369 istis
1240 3335 1399 3384 tempo-

162 3388 277 3429 ribus
313 3390 609 3445 antiquiorem.
657 3388 887 3446 Respondit
925 3390 1296 3442 Sancto·Crucius,
1338 3393 1401 3434 vir

163 3449 458 3505 ἀκριτικώτατος
494 3454 652 3505 (Me‘m.
686 3452 736 3494 de
768 3452 935 3495 I'Acad.
971 3462 1002 3495 t.
1026 3454 1163 3505 xm,
1184 3466 1228 3510 p.
1269 3454 1350 3495 366
1364 3457 1397 3508 )‚

163 3511 272 3552 haud
294 3527 343 3553 ex
367 3513 560 3555 AEschine
577 3513 829 3557 documenta
849 3530 923 3557 sua
941 3516 1132 3572 petivisse
1164 3515 1370 3573 Scylacem
1385 3547 1397 3568 ,

159 3586 363 3629 posseque
379 3575 554 3617 Thr-onii
582 3579 931 3632 expugnationem
965 3577 1016 3619 ad
1036 3580 1176 3635 priora
1213 3587 1400 3636 tempora

159 3637 382 3677 removeri.
434 3640 625 3679 Attamen
674 3640 766 3681 belli
829 3641 1162 3697 Peloponnesiaci
1215 3650 1401 3699 tempore

161 3697 396 3740 Thronium
429 3712 512 3739 non
539 3709 624 3740 erat
657 3702 931 3743 Pboeensium
948 3735 959 3753 ,
994 3703 1065 3744 sed
1103 3706 1370 3747 Locrensium
1385 3736 1398 3757 ,

163 3766 267 3802 teste
282 3758 529 3815 Thucydide
542 3762 598 3811 11,
614 3766 683 3811 26,
701 3763 792 3804 coll.
815 3764 1004 3805 Di'odoro
1018 3766 1115 3815 XII,
1132 3769 1201 3817 44,
1224 3779 1240 3807 1
1266 3779 1275 3808 :
1297 3766 1401 3809 adeo

162 3829 211 3864 ut
244 3820 310 3864 bis
331 3821 509 3865 Locride
530 3823 761 3865 Phocenses
785 3827 934 3881 petitos
969 3841 1055 3868 esse
1081 3828 1178 3882 fingi
1212 3827 1397 3871 deberet.

157 3882 322 3926 Gailius
340 3898 440 3926 vero
450 3892 505 3926 nt
520 3884 671 3941 probet
695 3887 818 3928 verba
840 3887 1016 3944 Scylacis
1035 3889 1208 3940 διήκουσι
1230 3890 1306 3946 γὰρ
1334 3887 1399 3932 οὗ·

162 3960 224 3987 τοι
244 3944 298 3995 εἰς
314 3945 384 3999 τὴν
401 3946 599 3989 θάλασσαν
615 3947 758 4001 ταύτην
780 3951 1092 3991 vetustissimam
1110 3952 1287 4007 prodere
1304 3966 1400 4008 geo·

164 4008 375 4065 graphiam
392 4040 404 4061 ‚
429 4009 673 4053 Strabonem
691 4010 827 4064 affert,
848 4013 918 4069 qui
939 4013 1032 4067 (IX
1047 4044 1058 4065 ,
1091 4027 1133 4070 p.
1163 4017 1275 4070 416)
1301 4028 1312 4057 :
1351 4014 1399 4057 ‘ll

1041 179 1328 251 scructs
1362 180 1822 236 marmanum

2538 179 2696 249 ‹sm›
2733 192 2774 283 4

1466 290 1755 335 Orchomenus
1774 293 1817 334 in
1830 291 2132 334 mediterraneo
2148 299 2295 333 tractu.
2354 291 2459 333 Sunt
2475 292 2599 336 etiam
2612 291 2747 353 alia-„42
2770 308 2775 311 ’

1465 361 1605 404 nrbes.
1663 363 2023 419 Patefmvigauo
2044 376 2142 404 vero
2157 362 2323 404 Boeouae
2335 362 2529 415 regionis,
2546 377 2570 404 ι
2582 363 2673 407 ωε
2684 349 2778 423 uss-⁵4²

1466 443 1597 487 usque
1610 429 1663 473 ad
1679 432 1909 474 locrorum
1927 431 2141 480 terminos,
2165 429 2392 471 stadiorum
2408 438 2469 471 est
2492 430 2588 472 250.
2710 429 2778 453 '⁴

1524 501 1593 541 60.
1618 500 1773 541 Locar.
1800 500 1898 542 Post
1924 500 2090 541 Boeotos
2114 506 2210 540 sunt
2236 499 2373 540 Locri.
2398 497 2533 539 Urbes

1467 566 1636 610 Euboeoe
1650 566 1822 623 objeetae
1837 575 1934 610 sunt
1956 581 1965 609 ε
1984 569 2205 624 Larymna,
2226 568 2379 623 Cynos,
2400 568 2532 623 OpuS,
2548 566 2703 624 Alop03
2729 568 2760 627 „t

1467 635 1620 678 habent
1642 651 1740 679 vero
1771 638 1893 680 Locri
1915 638 2039 679 etiam
2065 637 2162 679 alias
2191 636 2314 678 urbes
2343 636 2505 678 multas.
2531 639 2704 680 Pia-ter·

1467 705 1601 747 vectio
1617 719 1763 747 eorum
1785 706 1964 760 regionis
1985 713 2046 747 oet
2067 705 2295 747 stadiorum
2315 718 2411 747 2οο.

1523 775 1592 814 61.
1616 774 1875 814 Paucum.
1894 775 2051 816 Locros
2068 782 2299 829 sequuntur
2327 772 2584 815 Phocenses:
2611 788 2706 816 uam

1467 838 1510 881 hi
1529 854 1696 896 quoque
1709 840 1762 882 ad
1777 840 1858 882 hoc
1869 855 1982 883 mare
1995 842 2249 897 pertingunt.
2310 842 2443 883 Urbes
2454 856 2599 883 eorum
2611 851 2707 884 sunt
2741 829 2749 846 ²

1467 907 1531 950 hae
1549 921 1560 949 :
1579 908 1830 959 Thronium,
1858 909 2041 959 Cnemis,
2065 908 2231 960 Elataea,
2255 911 2485 967 Panopeus.
2546 910 2707 953 Habent

1466 989 1635 1031 quoque
1659 975 1756 1017 alias
1779 975 1962 1017 civitates
1991 975 2035 1017 in
2065 975 2367 1020 mediterraneo
2389 986 2539 1021 tractu.
2600 980 2708 1021 Prae-

1467 1044 1665 1085 tervectio
1690 1043 1967 1085 Phocensium
1985 1043 2165 1098 regionis
2181 1052 2243 1085 est
2260 1044 2487 1089 stadiorum
2507 1046 2709 1089 ducento-
2755 1047 2782 1101 ‘A

1466 1125 1578 1153 rum.

1524 1184 1592 1222 62.
1620 1181 1877 1222 Mumnsns.
1907 1180 2006 1221 Post
2027 1178 2258 1222 Phocenses
2290 1187 2389 1221 sunt
2410 1180 2625 1223 Melienses
2655 1184 2710 1224 si-

1468 1264 1629 1306 nusque
1645 1249 1855 1291 Meliacus.
1918 1248 2014 1303 (Ad
2033 1249 2146 1291 hune
2163 1250 2300 1291 sinum
2320 1257 2417 1291 sunt
2434 1251 2505 1305 qui
2517 1249 2713 1294 dicuntur

1470 1319 1804 1363 Limodorienses
1818 1350 1829 1370 ,
1854 1332 2035 1375 quorum
2062 1318 2186 1360 urbes
2211 1327 2307 1360 sunt
2327 1319 2502 1361 Erineus
2515 1350 2528 1371 ,
2548 1321 2711 1372 Boeum,

1473 1452 1605 1501 Φωκίς
1620 1451 1715 1502 ἐστι,
1731 1452 1881 1507 inquit,
1897 1450 1990 1507 πρὸς
2000 1451 2139 1507 ἄρκτον
2152 1450 2473 1507 παραὸεὸλημὲνη
2488 1454 2537 1508 τῇ
2549 1451 2715 1508 Βοιωτίᾳ

1472 1515 1747 1572 παραπλησίως
1773 1513 1848 1557 ἀπὸ
1869 1514 2063 1568 θαλάσσης
2078 1513 2130 1562 εἰς
2151 1513 2366 1565 θάλασσαν,
2389 1514 2434 1555 τό
2453 1530 2499 1570 γε
2528 1514 2708 1558 παλαιόν.
2780 1568 2782 1571 Ι

1471 1578 1577 1619 Sane
1599 1577 1768 1634 quidem
1795 1578 1941 1633 priscis
1975 1576 2231 1632 temporibus
2257 1576 2488 1619 Phocenses
2514 1577 2566 1620 ad
2595 1593 2712 1621 oram
2779 1586 2782 1588 “

1470 1639 1677 1682 borealem
1702 1641 2018 1697 pertinuerunt,
2042 1639 2339 1695 Daphnuutem
2368 1638 2424 1681 ibi
2451 1639 2596 1682 urbem
2619 1655 2713 1698 pos-
2756 1658 2782 1693 „¹

1472 1701 1667 1754 sidentes,
1681 1701 1798 1759 cujus
1808 1701 1968 1744 ditione
1981 1704 2206 1744 Locrenses
2221 1702 2497 1758 Epicnemidii
2509 1702 2561 1744 ab
2568 1705 2716 1760 Opun-

1473 1765 1540 1806 tiis
1558 1764 1862 1808 dirimebantur
1878 1767 1894 1820 (
1909 1765 1974 1808 Cf.
2005 1765 2165 1817 Plinius,
2181 1766 2258 1817 IV,
2285 1766 2333 1807 13
2357 1778 2367 1807 :
2384 1765 2583 1808 Phocidis
2602 1766 2646 1809 in
2661 1767 2715 1810 11·-

1473 1835 1558 1868 tore
1575 1842 1701 1870 unum
1715 1828 1950 1885 Daphnds)
1968 1843 1979 1878 ;
2000 1826 2152 1869 deinde
2172 1842 2270 1868 vero
2286 1827 2539 1883 Daphnunte
2557 1827 2711 1881 diruta,
2775 1862 2782 1902 ε

1472 1889 1560 1932 haec
1591 1891 1705 1946 regio
1742 1891 2013 1933 Locrensium
2050 1890 2155 1931 sacta
2182 1898 2256 1931 est.
2293 1888 2376 1931 Sed
2408 1887 2510 1946 quid
2542 1890 2630 1933 haec
2660 1892 2717 1934 ad·
2778 1914 2782 1947 i

1470 1951 1706 2008 Scylacem?
1734 1953 1806 2008 qui
1830 1967 1915 1994 non
1945 1952 2052 1995 hanc
2079 1951 2207 1994 modo
2235 1953 2469 2006 regionem,
2501 1951 2553 1994 ad
2584 1962 2713 1997 totam
2780 1951 2782 1963 '

1471 2028 1604 2065 oram,
1624 2028 1716 2071 quae
1734 2016 2005 2057 Locrensium
2031 2014 2179 2066 suerat,
2201 2014 2484 2057 Phoceusihus
2505 2016 2713 2059 attribuit.

1470 2101 1529 2109 -—
1548 2077 1705 2120 Cnemis
1724 2077 1824 2121 urbs
1849 2079 1973 2121 etiam
1991 2078 2126 2121 Plinio
2158 2086 2327 2120 vocatur
2356 2078 2465 2133 (IV,
2487 2090 2536 2120 12
2553 2080 2596 2132 );
2618 2080 2711 2122 reli-

1470 2132 1564 2194 qu‘is
1591 2139 1799 2196 Κνημῗδες.
1830 2142 1887 2182 V.
1920 2140 2066 2183 Strabo
2093 2154 2136 2197 p.
2168 2143 2275 2191 246,
2308 2138 2484 2183 Ptolem.
2516 2141 2602 2192 111,
2634 2143 2709 2192 153

1469 2200 1578 2244 Mela
1596 2204 1654 2254 II,
1676 2203 1718 2254 3,
1739 2206 1781 2245 6.
1803 2203 1820 2256 ΙΙ
1838 2227 1897 2235 —
1915 2203 2164 2257 Φωκέων]
2194 2203 2388 2244 Φωκαίων
2410 2201 2559 2246 codex.

1528 2267 1637 2319 562.
1657 2266 1882 2322 Λιμοδωρ
1897 2280 1938 2307 ιε
1951 2267 2023 2320 ῖς]
2042 2265 2271 2322 Hesychius
2290 2278 2300 2307 :
2325 2265 2588 2322 Λιμοδωριεῖς·
2610 2265 2713 2307 οὕτω

1471 2325 1691 2380 ἐκλήθησαν
1714 2327 1752 2368 οἱ
1778 2326 1854 2370 ἀπὸ
1880 2325 2206 2379 Πελοποννήσου,
2239 2325 2396 2384 ἀφορίας
2422 2326 2599 2383 χαλεπῆς
2633 2327 2720 2371 ἐκεῖ

1470 2390 1697 2446 γενομένης,
1712 2388 1994 2439 ἀποικισθέντες
2006 2389 2071 2431 διὰ
2088 2389 2230 2443 ταύτην
2251 2388 2321 2442 τὴν
2340 2388 2483 2442 αἰτίαν,
2502 2390 2570 2432 καὶ
2582 2405 2714 2433 κατοι·
2775 2415 2778 2419 -

1471 2451 1660 2503 κτίσαντες
1677 2453 1764 2509 περὶ
1784 2451 1921 2495 Ῥόδον
1941 2452 2007 2495 καὶ
2021 2452 2176 2495 Κνίδον.
2195 2454 2359 2510 Δίδυμος
2378 2451 2420 2495 δὲ
2439 2452 2528 2502 τοὺς
2544 2453 2630 2510 περὶ
2643 2451 2714 2507 τὴν

1471 2513 1592 2569 Οἴτην
1615 2515 1738 2573 (ότην
1749 2515 1844 2558 cod.
1868 2515 1882 2573 )
1907 2518 2174 2565 κατοικοῦντες
2187 2516 2288 2558 οὕτω
2309 2515 2493 2573 λέγεσθαι
2507 2514 2572 2558 διὰ
2589 2515 2636 2559 τὸ
2650 2514 2712 2558 λι-

1474 2580 1638 2634 μώττειν
1658 2578 1723 2620 καὶ
1741 2577 1946 2634 μοχθηρὰν
1964 2578 2070 2635 ἔχειν
2090 2578 2234 2632 ταῦτην
2256 2576 2353 2633 [τὴν
2373 2581 2448 2634 γῆν
2465 2581 2494 2633 ].
2525 2580 2712 2623 Priorem

1475 2642 1659 2683 nominis
1684 2641 1999 2697 explicationem
2017 2640 2163 2684 Suidas
2178 2656 2344 2698 quoque
2360 2649 2402 2683 et
2417 2640 2587 2683 Photius
2608 2658 2642 2684 s.
2669 2658 2710 2686 v.

1471 2703 1670 2745 exhibent
1684 2734 1695 2753 ‚
1720 2702 1872 2757 quibus
1899 2701 2006 2744 adde
2021 2702 2285 2745 Plutarchum
2311 2703 2353 2743 in
2375 2701 2573 2745 Proverb.
2593 2706 2634 2755 1,
2654 2706 2706 2756 34

1475 2780 1520 2822 p.
1572 2766 1653 2807 326
1689 2765 1757 2807 ed.
1792 2764 2051 2807 Schneidew.
2089 2774 2131 2807 et
2164 2764 2358 2808 Leutsch.
2397 2777 2408 2806 :

1473 2828 1670 2876 Σιτοδείας
1703 2826 1803 2883 zei-t}⁸
1816 2828 2026 2883 γενομένης
2058 2826 2098 2869 ἐν
2122 2826 2433 2883 Πελοποννήσῳ,

1472 2890 1659 2939 λαὸόντες
1687 2889 1836 2945 ἀπῆραν
1857 2906 1865 2914 ·
1885 2889 2149 2946 πλανομένους
2171 2889 2212 2931 δὲ
2230 2888 2366 2937 αὖτοὺς
2396 2888 2607 2938 &maiza-:0
2624 2890 2647 2943 ἢ
2668 2892 2709 2936 ἔν
2775 2943 2777 2947 ι

1477 2951 1603 3010 Ῥόδῳ
1632 2952 1817 3008 τρίπολις.
1860 2950 2106 3005 Ἐκλήθησαν
2133 2951 2174 2994 δὲ
2206 2951 2270 2993 διὰ
2295 2956 2411 2994 τοῦτο
2443 2953 2706 3009 Λιμοδωριεῖς.
2768 2984 2782 3008 ,,

1470 3016 1662 3058 Severior
1683 3015 1854 3057 historia
1877 3029 1961 3056 non
1985 3015 2102 3056 novit
2122 3014 2231 3057 hanc
2246 3014 2388 3071 populi
2405 3013 2714 3059 denominatio·
2752 3013 2782 3071 ζ

1470 3091 1592 3129 nem,
1620 3091 1712 3133 quae
1740 3078 1997 3119 comicorum
2026 3076 2209 3119 dicteriis
2239 3077 2302 3119 vel
2320 3077 2510 3135 populari
2546 3077 2710 3122 facetia·
2744 3071 2782 3227 i

1470 3154 1566 3182 rum
1597 3139 1736 3182 studio
1767 3138 1909 3182 deberi
1946 3138 2124 3181 videtur.
2160 3141 2303 3195 Neque
2333 3141 2375 3181 in
2406 3148 2549 3182 nostro
2574 3140 2716 3185 libello
2779 3187 2782 3190 Α

1470 3203 1628 3244 mentio
1661 3216 1802 3243 earum
1835 3201 1887 3243 ab
1921 3203 2009 3258 ipso
2044 3202 2194 3259 Peripli
2217 3211 2385 3244 auctore
2412 3202 2596 3259 prosecta
2623 3218 2716 3248 esse
2744 3215 2747 3217 ’
2771 3251 2778 3254 Δ

1469 3267 1599 3323 possit
1619 3267 1859 3308 existimari.
1884 3268 2005 3308 Certe
2028 3268 2187 3308 ratione
2206 3266 2530 3309 introducuntur
2553 3268 2706 3325 inepta,
2743 3218 2782 3377 ξ

1471 3342 1603 3384 quum
1650 3327 1809 3384 tripolis
1845 3329 1997 3370 Dorica
2038 3330 2080 3371 in
2114 3330 2427 3372 mediterraneis
2467 3344 2577 3387 pone
2617 3328 2746 3375 Ma—
2764 3382 2767 3387 y

1471 3390 1617 3433 lienses
1632 3392 1709 3433 sita
1723 3399 1843 3443 esset,
1863 3393 2119 3449 minimeque
2132 3392 2185 3435 ad
2207 3408 2323 3435 oram
2342 3394 2593 3436 maritimam
2614 3405 2711 3451 per«-

1471 3455 1636 3505 tineret,
1655 3452 1696 3495 id
1719 3453 1832 3510 quod
1857 3469 1908 3497 ex
1930 3455 2066 3497 verbis
2082 3455 2120 3498 iv
2140 3456 2265 3514 τούτῳ
2285 3459 2299 3511 [
2316 3459 2396 3514 τῷ]
2414 3456 2550 3514 κόλπῳ
2567 3464 2709 3501 rernm

1471 3517 1602 3571 ignari
1645 3515 1836 3572 colligere
1868 3517 2089 3560 debebant.
2129 3518 2370 3562 Clausenius
2401 3517 2573 3576 quidem
2618 3516 2706 3562 hnc

1471 3588 1582 3620 recte
1598 3578 1749 3621 habere
1777 3589 1913 3622 censet
1934 3594 1944 3622 :
1980 3601 1997 3616 ι
2016 3580 2158 3638 Scylax
2175 3613 2186 3633 ,
2204 3582 2286 3633 ait,
2307 3595 2330 3623 a
2346 3579 2627 3624 Phocensibn·
2649 3574 2704 3622 ad

1472 3640 1751 3682 enarrandum
1771 3642 1907 3684 sinum
1927 3643 2165 3686 Maliensem
2195 3645 2355 3701 pergit,
2377 3642 2554 3700 ideoque
2571 3651 2708 3701 popl·

1471 3702 1557 3744 lum
1585 3718 1607 3744 a
1637 3718 1721 3759 quo
1744 3718 1895 3747 nomen
1929 3706 1963 3747 is
1999 3707 2227 3763 acceperit,
2259 3711 2570 3748 commemorat.
2593 3701 2700 3746 Tum

1472 3766 1658 3807 meminit
1692 3769 1983 3820 Doriensium,
2014 3785 2183 3826 quorum
2217 3767 2327 3811 ditio
2360 3775 2536 3822 anganseo
2566 3771 2703 3807 (metu

1471 3842 1598 3884 aesque
1618 3828 1677 3869 ml
1696 3829 1801 3872 hunc
1819 3830 1958 3873 sinum
1978 3831 2195 3885 excurrit(
2213 3829 2415 3873 Herodot.
2439 3827 2566 3878 vm,
2582 3823 2632 3868 ³1
2650 3825 2668 3879 )
2687 3824 2721 3875 ἴ

1470 3890 1622 3946 quihus
1654 3890 1869 3948 descriptis
1898 3891 1952 3934 de
1979 3893 2078 3950 ipsis
2106 3891 2209 3934 dicit
2234 3890 2513 3935 Maliensibus.
2542 3884 2702 3930 florum

1470 3954 1581 3995 enim
1598 3953 1768 3996 ditionis
1790 3963 1888 3997 sunt
1903 3954 2215 4012 Thermopylae,
2224 3953 2417 4005 Trachis,
2429 3952 2552 4000 OEta,
2572 3945 2704 3989 Hm-

1471 4016 1557 4058 clea
1586 4025 1625 4059 et
1666 4019 1799 4059 amnis
1827 4018 2063 4075 Sperchius.
2101 4037 2117 4055 ι
2158 4019 2212 4061 At
2241 4013 2440 4058 Herodoti
2469 4011 2562 4054 loco
2600 4005 2707 4050 nihil
