2808 4342
1091 187 1384 236 HISTORIA
1419 191 1641 238 INDICA-

107 289 261 337 ἀτόπου
281 291 397 345 δῆθεν
416 285 702 347 ἀπηγήσομαι·
723 284 815 331 οὐδὲ
838 286 941 349 ὑπὲρ
962 289 1043 332 τῶν
1061 287 1246 343 πιθήκων
1266 295 1337 335 τοῦ

105 358 317 421 μεγέθεος,
335 356 360 411 ἢ
377 354 440 408 ὅτι
462 353 582 401 καλοὶ
602 357 706 416 παρ’
728 354 875 408 Ἰνδοῖς
894 355 1063 412 πίθηκοί
1095 359 1217 415 εἰσιν,
1246 357 1336 403 οὐδὲ

104 428 207 480 ὅκως
228 427 430 488 θηρῶνται
445 421 562 485 ἐρέω.
632 423 717 470 Καὶ
740 423 820 486 γὰρ
843 429 973 470 ταῦτα
997 424 1184 488 γνώριμα
1209 426 1334 488 ἐρέω,

102 494 211 551 πλήν
239 512 284 554 γε
323 492 397 549 δὴ,
433 492 495 537 ὅτι
518 491 639 537 καλοί
668 509 747 537 που
777 492 943 548 πίθηκοί
973 495 1068 542 εἶσι.
1141 495 1212 556 (10)
1252 495 1337 541 Καὶ

67 564 218 627 εὸφιας
249 561 290 607 δὲ
323 560 434 622 λέγει
468 559 658 622 Νέαρχος
682 564 926 622 θηρευθῆναι
963 561 1122 614 αἰόλους
1157 562 1231 622 μὲν
1265 562 1337 608 καὶ

100 650 204 694 ταχε
188 630 268 683 ζ·ας
305 629 472 692 μέγεθος
497 627 560 685 δὲ,
595 627 638 672 ὃν
677 627 750 688 μὲν
774 627 885 689 λέγει
913 631 1000 674 ἑλε
962 648 1018 675 ειν
1056 630 1247 677 Πείθωνα
1269 630 1337 677 τὸν

55 724 76 736 η
101 699 368 761 Ἀντιγένεος,
405 697 574 760 πήχεων
611 698 666 748 ὡς
708 696 942 749 ἑκκαίδεκα·
983 699 1131 751 αὐτοὺς
1163 699 1205 745 δὲ
1246 699 1337 753 τους

101 768 254 821 Ἰνδους
281 767 386 814 πολυ
423 766 594 828 μέζονας
623 764 775 811 τούτων
799 766 930 854 λέγειν
966 760 1070 813 εἶναι
1094 768 1185 821 τους
1215 769 1336 832 μεγί-

102 856 219 891 στους
239 838 370 900 ὄφιας.
440 834 511 898 (1111)
536 834 753 882 εὈσοιδὲ’
743 835 873 899 ιητροὶ
889 832 1118 895 αΕλληνες,
1135 836 1335 884 τούτοισιν

43 927 79 955 ιο
102 907 215 953 οὐδὲν
237 906 331 958 ἄκος
355 904 544 967 ἓξευρητο
576 904 686 958 ὅστις
717 906 796 951 ὑπὸ
820 905 929 968 ὄφιος
954 907 1124 969 δηχθείη
1148 907 1336 954 Ἰνδικοῦ·

101 977 192 1022 ἀλλ’
218 975 332 1021 αὐτοὶ
348 975 428 1037 γὰρ
451 977 488 1021 οἱ
508 974 633 1021 Ἰνδοὶ
658 976 777 1036 ἰῶντο
796 974 889 1027 τοὺς
913 975 1158 1037 πληγέντας·
1180 977 1251 1023 καὶ
1270 977 1336 1024 ε’πὶ

101 1046 204 1108 τῷδε
227 1045 417 1108 Νέαρχος
436 1043 562 1104 λέγει·
588 1043 934 1104 συλλελεγμένους
956 1047 1059 1108 ἀμφ’
1081 1045 1206 1092 αὐτὸν
1229 1039 1337 1109 εἶχεν

102 1114 362 1176 Ἀλέξανδρος
386 1114 530 1160 Ἰνδῶν
556 1112 643 1159 ὅσοι
675 1113 864 1176 ἰητρικὴν
891 1113 1146 1177 σοφώτατοι,
1171 1116 1242 1161 καὶ
1268 1135 1338 1163 κε-

102 1184 282 1246 κήρυκτο
304 1182 382 1228 ἀνὰ
417 1182 463 1227 τὸ
488 1181 787 1244 στρατόπεδον,
822 1182 932 1235 ὅστις
956 1184 1125 1246 δηχθείη
1140 1220 1152 1244 ,
1174 1185 1242 1230 ἐπὶ
1261 1185 1338 1241 :it->w

41 1271 79 1300 15
105 1251 258 1308 σκηνὴν
298 1259 439 1315 φοιτᾶν
459 1250 533 1307 τὴν
558 1250 758 1313 βασιλέος.
828 1252 899 1314 (12)
928 1254 983 1299 Οἱ
1013 1251 1055 1298 δὲ
1087 1253 1202 1299 αὐτοὶ
1229 1258 1338 1300 ουτοι

102 1322 174 1367 καὶ
206 1324 286 1367 τῶν
311 1320 446 1366 ἄλλων
471 1319 626 1365 νούσων
664 1339 707 1366 τε
744 1319 814 1366 καὶ
847 1320 1010 1367 παθέων
1043 1321 1176 1384 ἰητροὶ
1212 1326 1334 1377 ἠσαν.

103 1391 166 1438 Οὐ
189 1388 324 1436 πολλὰ
348 1387 390 1433 δὲ
426 1389 467 1431 ἓν
496 1387 666 1433 Ἰνδοῖσι
695 1387 830 1434 πάθεα
863 1388 1050 1450 γίνεται,
1076 1409 1137 1436 οτι
1161 1393 1203 1436 αἱ
1233 1395 1339 1453 ὧραι

103 1457 333 1520 σύμμετροί
364 1459 464 1502 εἰσιν
485 1457 638 1503 αυτόθι·
665 1460 701 1503 εἰ
728 1457 772 1503 δέ
792 1478 831 1503 τι
855 1459 973 1519 μέζον
998 1462 1339 1521 καταλαμὸάνοι,

101 1534 206 1574 τοῖσι
231 1529 470 1590 σοφιστῇσιν
513 1527 805 1572 ἀνεκοινοῦντο·
847 1529 918 1573 καὶ
954 1532 1100 1576 ἐκεῖνοι
1133 1532 1206 1576 οὐκ
1244 1530 1339 1576 ἄνευ

42 1618 82 1649 20
102 1599 191 1642 θεοῦ
215 1595 373 1642 ἐδόκεον
394 1597 535 1650 ἰῆσθαι
555 1592 581 1639 ὅ
596 1612 634 1638 τι
654 1612 731 1655 περ
754 1594 938 1655 ἰήσιμον.

164 1667 291 1714 XVI.
326 1665 501 1720 Ἐσθῆτι
527 1661 570 1708 δὲ
605 1663 728 1709 Ἰνδοὶ
753 1663 866 1726 λινέῃ
902 1665 1118 1728 χρέονται,
1152 1667 1340 1729 κατάπερ

101 1734 211 1797 λέγει
230 1733 418 1796 Νέαρχος
432 1771 444 1790 ,
460 1732 572 1778 λίνου
591 1736 664 1778 τοῦ
684 1732 766 1778 ἀπὸ
781 1735 860 1778 τῶν
880 1734 1076 1796 δένδρεων
1089 1770 1102 1795 ,
1117 1734 1220 1797 ὑπὲρ
1239 1735 1340 1781 ὅτων

103 1822 174 1865 μοι
195 1804 274 1860 ἤδη
301 1804 509 1848 λέλεκται.
577 1801 637 1849 Τὸ
658 1800 700 1846 δὲ
722 1801 830 1847 λίνον
852 1807 972 1849 τοῦτο
996 1803 1022 1859 ἢ
1055 1804 1340 1866 λαμπρότερον

104 1870 179 1928 τὴν
199 1870 347 1933 χροιήν
371 1872 477 1916 ἐστιν
504 1869 629 1915 ἄλλου
654 1870 765 1916 λίνου
789 1872 961 1929 παντὸς,
987 1872 1013 1928 ἢ
1040 1873 1208 1933 μέλανες
1229 1873 1342 1918 αὐτοὶ

38 1962 79 1990 25
107 1941 237 1993 ἐόντες
284 1939 571 2003 λαμπρότερον
612 1940 657 1985 τὸ
706 1940 814 1986 λίνον
862 1941 1075 2004 φαίνεσθαι
1116 1943 1338 1990 ποιέουσιν.

107 2009 155 2072 (2)
179 2008 304 2056 Ἔστι
338 2008 380 2055 δὲ
409 2013 532 2055 κιθὼν
555 2008 686 2061 λίνεος
708 2012 889 2056 αὐτοῖσιν
911 2011 1001 2057 ἔστε
1027 2012 1094 2057 ἐπὶ
1113 2011 1243 2072 μέσην
1267 2012 1340 2068 τὴν

103 2078 284 2140 κνήμην,
300 2071 398 2139 εἷμα
416 2078 516 2123 δὲτὸ
530 2078 603 2139 μὲν
621 2079 714 2141 περὶ
730 2081 856 2126 τοῖσιν
874 2079 1026 2141 ὤμοισι
1041 2082 1340 2144 περιὸεὸλημέ·

80 2140 171 2194 ’νον
188 2183 201 2208 ,
227 2147 274 2193 τὸ
301 2148 344 2193 δὲ
368 2147 464 2210 περὶ
494 2152 589 2210 τῇσι
616 2151 845 2211 κεφαλῇσιν
868 2151 1111 2212 εἰλιγμένον.
1182 2153 1230 2211 (3)
1255 2151 1341 2197 Καὶ

107 2217 253 2263 ἐνώτια
275 2217 397 2263 Ἰνδοὶ
421 2216 633 2280 φορέουσιν
667 2217 904 2280 ἐλέφαντος,
927 2218 1014 2264 ὅσοι
1043 2219 1175 2281 κάρτα
1207 2220 1341 2264 εὐδαί-

42 2310 81 2338 3υ
105 2305 234 2348 μονες·
260 2289 303 2331 οὐ
337 2286 416 2348 γὰρ
454 2286 603 2338 πάντες
641 2287 764 2333 Ἰνδοὶ
801 2288 1002 2350 φορέουσι.
1073 2291 1120 2349 (4)
1159 2288 1266 2340 Τοὺς
1299 2287 1341 2333 δὲ

103 2358 306 2417 πώγωνας
337 2354 448 2415 λέγει
471 2355 660 2417 Νέαρχος
681 2355 742 2401 ὅτι
769 2356 995 2417 βάπτονται
1024 2356 1171 2414 Ἰνδοὶ,
1197 2356 1341 2418 χροιὴν

104 2426 147 2471 δὲ
167 2424 228 2470 ὅτι
248 2425 379 2480 ἄλλην
400 2424 470 2470 καὶ
491 2424 619 2480 ἄλλην
633 2460 645 2484 ,
672 2428 707 2471 οἱ
733 2425 807 2484 μὲν
835 2428 888 2477 ὡς
910 2425 1080 2477 λευκοὺς
1101 2425 1340 2488 φαίνεσθαι,

104 2493 211 2546 οἵους
244 2492 515 2545 λευκοτάτους
534 2529 547 2552 ,
572 2495 609 2538 οἱ
643 2493 686 2538 δὲ
709 2494 914 2546 κυανέους·
935 2493 1027 2546 τοὺς
1058 2494 1100 2539 δὲ
1123 2494 1344 2555 φοινικέους

106 2557 236 2620 εἶναι,
271 2561 364 2614 τοὺς
394 2561 436 2607 δὲ
473 2562 545 2607 καὶ
575 2563 852 2626 πορφυρέους,
876 2563 1026 2615 ἄλλους
1059 2564 1339 2624 πρασοειδέας.

42 2650 81 2679 33
111 2631 157 2695 (5)
185 2631 271 2678 Καὶ
300 2631 466 2677 σκιάδια
494 2631 555 2676 ὅτι
579 2631 883 2693 προὸάλλονται
908 2638 977 2678 τοῦ
1003 2632 1135 2694 θέρεος
1158 2630 1246 2678 ὅσοι
1268 2634 1341 2679 οὐκ

105 2700 362 2762 ἠμελημένοι
384 2702 542 2748 Ἰνδῶν.
611 2701 889 2761 Ὑποδήματα
914 2702 956 2746 δὲ
974 2705 1119 2747 λευκοῦ
1145 2702 1343 2763 δέρματος

104 2770 315 2833 φορέουσι,
337 2772 541 2832 περισσῶς
558 2770 628 2815 καὶ
652 2775 784 2815 ταῦτα
804 2770 1037 2831 ἠσκημένα·
1062 2771 1132 2816 καὶ
1149 2771 1200 2815 τὰ
1223 2774 1341 2833 ἴχνεα

104 2843 184 2885 τῶν
209 2840 486 2900 ὑποδημάτων
521 2841 682 2886 αὐτοῖσι
705 2841 873 2886 ποικίλα
897 2841 967 2887 καὶ
987 2841 1151 2905 ὑψηλὰ,
1174 2846 1243 2887 τοῦ
1268 2842 1340 2902 μέ·

107 2911 224 2962 ζονας
260 2909 488 2971 φαίνεσθαι.
559 2910 606 2972 (6)
651 2909 864 2963 Ὁπλίσιος
902 2910 943 2955 δὲ
980 2915 1053 2966 τῆς
1089 2911 1229 2957 Ἰνδῶν
1269 2914 1341 2957 οὐκ

45 2990 85 3020 4ο
104 2977 232 3030 ὦϋτὸς
265 2971 320 3029 εἷς
343 2978 520 3041 τρόπος,
553 2980 645 3024 ἀλλ’
675 2981 710 3024 οἱ
741 2979 814 3038 μὲν
837 2978 951 3032 πεζοὶ
980 2981 1139 3025 αὐτοῖσι
1161 2979 1273 3033 τόξον
1296 2998 1342 3025 τε

109 3178 240 3231 μένους
256 3180 374 3220 ABC.
391 3180 596 3235 πεταμίους
614 3182 668 3221 D.
689 3181 704 3235 ΙΙ
724 3205 780 3212 —-
795 3197 816 3221 ο
828 3180 880 3221 ἷδ
894 3197 918 3221 α
936 3183 951 3237 ]
970 3181 1079 3223 οἴδεα
1093 3184 1126 3222 Β
1140 3213 1152 3233 ,
1169 3181 1271 3223 εἴδεα
1289 3186 1342 3234 Α,

109 3237 235 3279 εἴδεσιν
269 3241 316 3281 C.
343 3242 360 3295 l}
384 3265 442 3280 —.
460 3242 511 3290 ὣς
539 3257 624 3284 om.
652 3244 700 3284 C.
732 3244 747 3298 Η
778 3268 834 3275 --
859 3258 896 3285 1.
918 3245 1157 3301 διηγήσομαι
1175 3247 1227 3286 Λ.
1255 3245 1271 3299 ΙΙ
1289 3269 1347 3276 --

108 3305 183 3341 τῶν
210 3304 272 3352 Α,
291 3317 375 3343 om.
393 3312 488 3345 cett.
510 3305 527 3359 ll
552 3329 608 3336 ——
622 3304 710 3346 οὐδὲ
728 3315 807 3347 etc.
825 3321 955 3362 usque
973 3307 1027 3348 ad
1051 3307 1174 3348 verba
1190 3307 1347 3360 πίθηκοί

110 3362 181 3403 εἶσι
204 3377 286 3403 om.
308 3366 362 3404 D.
382 3367 445 3406 De
470 3367 599 3407 simiis
613 3367 768 3408 Indicis
798 3383 1024 3424 earumque
1052 3371 1270 3411 venatione
1287 3370 1341 3411 cf.

110 3425 255 3465 Strabo
272 3440 316 3481 p.
335 3427 444 3481 703,
434 3444 443 3453 ·
461 3428 609 3469 AElian.
634 3430 688 3471 N.
714 3432 767 3471 A.
784 3431 923 3482 XVII,
943 3433 1011 3486 39.
1031 3433 1148 3482 XVI,
1175 3447 1225 3474 10
1241 3434 1344 3486 (Me-

110 3488 323 3541 gasthenes
344 3488 397 3530 fr.
422 3503 473 3531 10
490 3499 531 3531 et
550 3504 596 3531 11
623 3492 662 3545 );
685 3493 837 3533 Ctesias
860 3507 903 3548 p.
932 3495 985 3535 80
1006 3502 1046 3534 et
1069 3496 1143 3545 88;
1165 3494 1342 3535 Diodor.

110 3551 247 3599 XV,II
266 3565 302 3590 c.
315 3564 382 3604 90.
394 3553 456 3592 De
470 3552 728 3608 serpentibus
740 3553 795 3594 ef.
811 3555 1066 3609 Megasthen.
1078 3555 1130 3596 fr.
1146 3570 1215 3606 10,
1234 3558 1345 3597 One-

112 3606 238 3652 sicliti
258 3612 360 3668 s1.7
389 3629 432 3669 p.
461 3614 534 3665 503
557 3616 784 3657 Aristobuli
809 3616 862 3658 fr.
885 3619 937 3658 32
965 3633 1009 3673 p.
1043 3618 1145 3669 1053
1167 3619 1342 3662 Diodor.

111 3675 187 3715 XV
194 3677 249 3724 ΙΙ,
283 3689 360 3728 9ος
396 3676 548 3717 Ctesias
580 3691 623 3733 p.
650 3680 702 3720 82
722 3686 763 3718 et
794 3681 862 3733 983
897 3679 1078 3721 Pseudo·
1081 3680 1345 3722 Callisthenes

110 3739 187 3787 III,
228 3751 294 3779 10.
336 3737 352 3791 Η
375 3760 439 3788 ,-
471 3742 510 3780 6.
554 3739 814 3795 Πείθωνα]
854 3742 907 3792 C;
937 3741 1102 3783 Πύθωνα
1124 3751 1219 3784 cett.
1249 3744 1266 3798 ΙΙ
1288 3768 1345 3775 -

116 3813 179 3841 10.
198 3798 390 3855 ἐξεύρηται
408 3803 460 3842 Α.
487 3801 503 3855 n
526 3824 584 3832 —·
602 3815 667 3843 11.
690 3803 777 3851 τοὺς
795 3804 1006 3858 δηχθέντας
1028 3807 1080 3846 Α.
1104 3805 1120 3860 ll
1139 3829 1196 3836 —-
1214 3806 1279 3847 15.
1300 3822 1339 3862 φ.

113 3865 180 3901 τοῦ
203 3862 387 3916 βασιλέως
403 3864 492 3904 BD.
523 3864 540 3918 ΙΙ
562 3887 619 3895 -
648 3866 714 3906 18.
735 3865 1023 3922 καταλαμῧάνει
1042 3868 1130 3918 DC,
1155 3876 1196 3908 et
1217 3869 1255 3908 D
1275 3883 1343 3909 su-

112 3937 185 3979 pra
202 3925 352 3980 scripto
367 3925 676 3981 καταλαμῧάνοι.

169 3988 285 4038 XVI,
305 4001 373 4029 22.
395 3987 484 4044 ὑπὲρ
504 3989 582 4046 ὅτῳ
600 3991 656 4043 (ἰ.
678 4005 715 4031 e.
732 3991 937 4049 &zo-offic.
955 3993 1145 4034 Ceterum
1159 3992 1210 4034 de
1227 3994 1344 4035 arbo-

2546 217 2627 256 327

1407 311 1487 352 que
1501 298 1554 340 de
1567 300 1784 341 simiarum
1803 301 2112 356 magnitudine,
2130 303 2193 344 vel
2209 305 2321 358 quod
2332 308 2511 361 pulchrae
2529 316 2637 367 apud

1404 365 1532 406 Indos
1565 368 1693 408 simiae
1722 370 1828 419 sint,
1868 369 1931 409 vel
1971 369 2183 424 quomodo
2216 374 2446 426 capiantur,
2486 378 2635 422 dicam.

1403 433 1511 475 Nota
1542 436 1654 476 enim
1690 437 1884 478 omnibus
1913 437 2137 479 dixerim:
2166 449 2314 494 praete1
2317 456 2440 496 quam
2473 446 2639 490 sortasse

1405 500 1518 554 quod
1544 502 1726 556 pulchrae
1744 504 1839 544 sint.
1902 505 1992 558 (10)
2015 505 2166 546 Scribit
2182 508 2303 548 etiam
2329 510 2536 554 Nearchus
2557 530 2640 557 ser-

1404 579 1547 624 pentes
1569 571 1723 612 ibidem
1739 574 1830 628 capi
1846 574 2077 615 maculosos
2092 590 2330 632 magnaeque
2346 579 2581 632 velocitatis,
2604 593 2642 625 et

1404 650 1501 677 eum
1517 651 1642 691 quem
1663 638 1815 679 Pithon
1835 640 2049 694 Antigenis
2066 641 2171 682 filius
2186 645 2308 699 cepit,
2338 644 2462 687 fuisse
2484 648 2641 691 cubito-

1404 718 1500 745 rum
1515 706 1679 746 circiter
1694 721 1770 747 xV1
1789 719 1798 747 ε
1816 707 1945 748 Indos
1965 723 2062 750 vero
2077 709 2296 762 affirmare,
2317 714 2449 755 multo
2468 716 2641 770 majores

1404 773 1468 814 his
1480 774 1592 829 apud
1611 788 1654 815 se
1672 776 1783 816 nasci
1799 790 1868 817 eos
1888 778 1960 832 qui
1979 780 2147 820 maximi
2163 781 2257 823 sint.
2320 784 2409 838 (11)
2426 785 2640 828 Neminem

1405 849 1544 883 autem
1580 842 1823 885 Graecorum
1865 845 2126 888 medicorum
2167 849 2399 892 remedium
2447 853 2640 895 adversus

1405 923 1591 951 morsum
1610 911 1744 952 Indici
1762 914 1964 968 serpentis
1980 915 2183 957 invenisse
2203 930 2212 957 :
2231 918 2495 974 ipsos‚tamen
2516 922 2641 964 Indos

1405 992 1475 1018 eos
1488 980 1558 1033 qui
1575 980 1702 1021 morsi
1715 989 1848 1021 essent
1861 995 2039 1024 curasse.
2100 984 2230 1026 Addit
2240 987 2451 1028 Nearchus
2467 989 2640 1031 Alexan-

1405 1045 1530 1087 drum
1547 1047 1674 1088 Indos
1693 1057 1900 1104 quotquot
1919 1050 2132 1092 medicinae
2148 1054 2384 1107 peritissimi
2401 1066 2516 1098 erant
2532 1059 2640 1113 apud

1405 1128 1448 1154 se
1463 1114 1653 1157 habuisse
1667 1147 1678 1168 ‚
1695 1125 1735 1158 et
1754 1131 1828 1174 per
1844 1131 2079 1174 praeconem
2092 1120 2134 1161 in
2149 1122 2289 1163 castris
2306 1122 2490 1166 edictum
2501 1124 2638 1177 fuisse,

1406 1192 1455 1224 ut
1472 1185 1659 1240 quisquis
1678 1201 1702 1227 a
1724 1196 1914 1243 serpente
1936 1189 2040 1230 ictus
2056 1199 2173 1241 esset,
2198 1190 2250 1231 ad
2273 1193 2377 1246 regis
2400 1194 2640 1236 tabernacu-

1405 1252 1494 1294 lum
1516 1256 1688 1296 veniret.
1750 1258 1840 1311 (12)
1864 1258 1918 1298 Hi
1941 1258 2018 1312 ipsi
2034 1259 2182 1300 medici
2201 1261 2324 1301 etiam
2348 1263 2514 1318 reliquis
2534 1279 2643 1306 mor-

1406 1321 1470 1362 bis
1491 1322 1777 1365 medebantur.
1839 1327 1896 1367 At
1918 1340 2003 1367 non
2029 1327 2148 1367 multi
2170 1329 2213 1368 in
2241 1328 2362 1370 India
2379 1331 2513 1371 morbi
2537 1347 2642 1385 gras-

1408 1399 1568 1442 santur,
1604 1391 1720 1447 quod
1753 1401 1941 1448 tempora
1966 1395 2063 1435 anni
2092 1395 2197 1436 bene
2226 1404 2449 1451 temperata
2472 1399 2520 1438 iis
2542 1399 2643 1440 locis

1407 1471 1520 1512 sunt.
1582 1464 1624 1504 Si
1641 1478 1722 1518 qua
1741 1478 1840 1505 vero
1855 1465 1988 1520 major
2003 1468 2062 1507 vis
2082 1468 2292 1521 ingrueret
2304 1499 2316 1519 ,
2335 1469 2533 1524 sophistas
2548 1486 2644 1512 con-

1407 1535 1610 1588 sulebant,
1629 1538 1741 1592 iique
1756 1554 1842 1580 non
1861 1540 1949 1580 sine
1968 1542 2160 1592 numine,
2183 1542 2383 1598 quicquid
2406 1543 2643 1586 medicabile

1408 1619 1528 1662 esset,
1551 1626 1698 1653 curare
1720 1613 1981 1655 videbantur.

1462 1685 1580 1725 XVI.
1613 1686 1744 1726 Linea
1763 1695 1872 1727 veste
1893 1695 2070 1728 utuntur
2098 1688 2215 1739 Indi,
2239 1697 2287 1730 ut
2318 1691 2376 1731 ait
2402 1692 2612 1732 Nearchus
2629 1724 2640 1742 ,

1408 1751 1493 1792 lino
1513 1767 1564 1793 ex
1589 1753 1806 1794 arboribus
1830 1754 1935 1796 facto
1949 1787 1960 1806 ,
1996 1756 2048 1796 de
2077 1757 2226 1811 quibus
2255 1758 2357 1798 mihi
2375 1758 2462 1813 jam
2485 1759 2642 1801 dictum

1409 1827 1469 1858 est
1490 1833 1498 1859 :
1524 1828 1564 1860 et
1585 1820 1665 1861 hoc
1694 1821 1862 1875 quidem
1891 1822 2023 1863 linum
2046 1832 2115 1863 aut
2144 1824 2312 1879 reliquis
2338 1827 2531 1867 omnibus
2552 1828 2644 1868 linis

1409 1890 1628 1932 candidius
1661 1901 1736 1943 est,
1775 1901 1846 1934 aut
1866 1894 1974 1948 nigri
2011 1895 2089 1950 ipsi
2119 1910 2249 1948 quum
2283 1898 2380 1949 sint,
2413 1897 2569 1940 faciunt
2599 1908 2646 1939 ut

1410 1964 1625 2006 candidius
1649 1966 1691 2006 id
1711 1981 1835 2021 quam
1853 1975 1913 2007 est
1946 1982 2032 2008 esse
2056 1967 2258 2010 videatur.
2321 1971 2383 2025 (2)
2410 1972 2484 2012 Est
2509 1980 2646 2014 autem

1410 2040 1506 2095 ipsis
1518 2041 1828 2083 subuculalinea
1841 2057 1960 2083 crure
1973 2043 2110 2085 medio
2122 2052 2241 2086 tenus
2256 2047 2498 2087 :amiculum
2511 2056 2645 2089 autem

1409 2115 1559 2166 partim
1587 2114 1773 2155 humeris
1797 2114 2110 2170 circumjectum
2125 2148 2137 2168 ,
2161 2119 2313 2173 partim
2336 2121 2458 2174 capiti
2486 2121 2644 2161 involu-

1410 2196 1514 2227 tum.
1578 2186 1640 2242 (3)
1668 2190 1838 2227 Inaures
1871 2189 1994 2228 etiam
2016 2188 2110 2229 Indi
2134 2198 2291 2243 gestant
2312 2206 2362 2231 ex
2395 2191 2542 2243 ebore,
2575 2195 2645 2248 qui

1410 2259 1638 2301 admodum
1651 2260 1874 2316 locupletes
1903 2270 2026 2313 sunt;
2047 2276 2182 2317 neque
2202 2264 2312 2303 enim
2336 2264 2477 2318 vulgus
2497 2266 2544 2305 iis
2566 2267 2646 2307 uti-

1410 2341 1493 2373 tur.
1554 2331 1615 2388 (4)
1636 2331 1789 2372 Barbas
1810 2346 1978 2387 quoque
1999 2334 2120 2373 variis
2140 2334 2345 2374 coloribus
2366 2334 2503 2376 fucare
2519 2336 2644 2378 Indos

1408 2406 1619 2447 Nearchus
1648 2405 1790 2446 scribit
1806 2436 1818 2456 ‚
1850 2414 1896 2446 ut
1925 2406 2011 2446 aliis
2047 2421 2172 2462 quam
2200 2409 2378 2448 maxime
2400 2409 2489 2449 alba
2521 2425 2644 2466 appa-

1408 2488 1511 2530 reat,
1533 2479 1620 2520 aliis
1632 2478 1746 2519 fusca
1760 2509 1771 2528 ,
1789 2478 1876 2519 aliis
1888 2493 2098 2535 purpurea
2110 2511 2121 2530 ‚
2136 2479 2224 2520 aliis
2242 2479 2399 2521 viridis.
2464 2481 2525 2538 (5)
2544 2485 2646 2524 Um·

1409 2550 1579 2592 bracula
1597 2564 1764 2606 quoque
1781 2565 1866 2605 prae
1888 2565 1930 2591 se
1963 2559 2118 2605 gestare
2139 2559 2274 2592 aestate
2293 2566 2362 2593 eos
2384 2553 2455 2607 qui
2477 2553 2645 2608 alicujus

1411 2623 1591 2664 nominis
1614 2623 1711 2663 sint.
1773 2622 1940 2663 Calceos
1963 2638 2012 2664 ex
2043 2624 2157 2664 corio
2190 2624 2283 2665 albo
2302 2632 2475 2678 gestant,
2497 2640 2646 2681 eosque

1412 2702 1601 2736 accurate
1629 2703 1751 2749 atque
1773 2694 1976 2748 eleganter
2004 2695 2234 2747 confectos;
2266 2695 2385 2736 soleae
2419 2696 2644 2739 calceorum

1413 2764 1524 2820 apud
1545 2780 1614 2805 eos
1651 2767 1772 2806 variis
1795 2765 2001 2806 coloribus
2030 2764 2231 2806 distinctae
2263 2774 2374 2817 sunt,
2406 2775 2447 2807 et
2471 2767 2647 2808 calcibus

1413 2837 1650 2889 altioribus,
1683 2853 1768 2893 quo
1800 2838 2056 2893 proceriores
2085 2852 2171 2878 esse
2193 2837 2425 2880 videantur.
2487 2841 2548 2893 (6)
2573 2842 2648 2881 Ar-

1412 2917 1583 2950 maturae
1595 2918 1731 2951 autem
1746 2909 1900 2950 Indicae
1914 2924 1999 2950 non
2013 2923 2121 2950 unus
2136 2918 2258 2965 atque
2277 2909 2387 2951 idem
2405 2919 2463 2952 est
2482 2911 2644 2954 modus.

1412 2981 1575 3022 Pedites
1593 2982 1703 3021 enim
1721 2979 1817 3021 Indi
1839 2995 1981 3021 arcum
1996 2981 2164 3032 habent,
2190 2981 2372 3034 ejusdem
2389 2997 2484 3023 cum
2507 2998 2556 3023 eo
2576 2985 2645 3038 qui

1414 3184 1532 3224 ribus
1556 3183 1727 3224 liniferis
1750 3183 1828 3233 vel,
1864 3190 1909 3222 ut·
1936 3182 2121 3236 plerique
2150 3181 2309 3231 dicunt,
2342 3181 2520 3222 laniferis
2544 3182 2646 3222 nihil

1414 3244 1585 3298 legimus
1604 3246 1646 3285 in
1673 3252 1827 3285 antece.
1854 3245 1960 3285 Nam
1989 3257 2079 3298 quae
2108 3258 2145 3283 c.
2177 3258 2217 3297 7,
2240 3244 2262 3283 3
2297 3242 2348 3283 de
2377 3243 2469 3283 taba
2499 3243 2645 3284 arbore

1415 3316 1589 3357 exstant,
1608 3306 1691 3348 huc
1713 3321 1797 3347 non
1819 3315 1915 3347 sunt
1936 3305 2151 3346 trahenda.
2178 3308 2262 3346 Aut
2280 3305 2405 3359 igitur
2438 3306 2480 3345 in
2510 3320 2599 3361 cap.
2619 3321 2643 3360 7

1415 3369 1613 3410 nonnulla
1648 3368 1903 3419 exciderunt,
1922 3376 1992 3409 aut
2020 3366 2159 3408 fefellit
2178 3366 2401 3408 Arrianum
2426 3368 2639 3408 memoria.

1416 3431 1479 3472 Cf.
1505 3431 1556 3472 de
1586 3431 1800 3472 arboribus
1822 3431 1907 3471 istis
1940 3428 2166 3471 Aristobul.
2202 3427 2254 3468 fr.
2281 3428 2333 3470 30
2371 3443 2422 3469 ex
2451 3429 2640 3470 Strabon.

1414 3508 1457 3549 p.
1485 3496 1585 3548 6943
1609 3492 1826 3534 Onesicrit.
1857 3491 1908 3531 fr.
1949 3503 2001 3531 22
2021 3505 2045 3531 a
2065 3505 2087 3530 e
2121 3491 2262 3531 Servio
2287 3489 2340 3530 ad
2371 3490 2518 3543 Virgil.
2548 3491 2640 3531 AEn.

1415 3559 1450 3606 Ι,
1478 3557 1582 3607 6533
1607 3554 1805 3596 Herodot.
1826 3556 1903 3603 111,
1932 3556 2024 3594 166.
2058 3554 2156 3603 VII,
2185 3552 2263 3603 653
2288 3552 2560 3607 Theophrast.
2588 3555 2640 3593 H.

1416 3621 1476 3662 Pl.
1494 3622 1569 3670 IV,
1593 3634 1639 3674 73
1660 3619 1815 3659 Plinius
1838 3618 1935 3668 XII,
1962 3630 2029 3667 21;
2047 3616 2205 3657 Bohlen
2227 3615 2373 3657 Indica
2395 3618 2451 3666 II,
2471 3630 2513 3670 p.
2543 3618 2640 3666 168;

1417 3684 1579 3723 Lassen.
1603 3680 1700 3721 Incl.
1724 3681 1817 3721 Alc.
1837 3682 1874 3731 Ι,
1896 3695 1939 3736 p.
1970 3679 2067 3721 250.
2090 3680 2181 3734 11-
2199 3691 2268 3733 29.
2293 3677 2541 3732 ἐλέφαντος...
2571 3676 2643 3717 Ἰν-

1415 3744 1476 3783 δοὶ
1490 3743 1663 3799 φορέουσι
1678 3756 1763 3782 om.
1781 3743 1828 3783 C.
1852 3742 1869 3796 Η
1891 3765 1948 3772 -
1964 3742 2032 3782 32.
2051 3741 2110 3782 ὅτι
2124 3755 2210 3782 om.
2227 3742 2319 3782 AD.
2338 3748 2377 3779 et
2391 3739 2526 3792 vulgo.
2557 3739 2644 3792 11—

1416 3806 1483 3847 35.
1515 3806 1715 3846 σκιάδια
1744 3806 1759 3859 ]
1799 3804 1853 3845 cf.
1879 3804 2023 3845 Strabo
2052 3818 2095 3859 p.
2129 3817 2225 3857 709.
2262 3818 2278 3840 «
2318 3801 2642 3854 Descriptionem

1415 3866 1754 3908 umbraculorum
1766 3865 2004 3907 indicorum
2017 3865 2159 3906 videin
2172 3862 2392 3919 Sprengelii
2410 3861 2643 3902 Gesclzichte

1415 3930 1486 3971 der
1516 3927 1650 3970 wicht.
1677 3943 1813 3981 geogr.
1844 3928 1975 3970 Eutd.
1999 3943 2040 3982 p.
2082 3940 2173 3969 101.
2199 3945 2215 3961 n
2246 3926 2509 3966 scammum.
2549 3923 2564 3976 ΙΙ
2587 3946 2643 3954 -

1417 3994 1501 4034 ὅσοι
1537 4007 1620 4033 oin.
1659 3994 1712 4031 D.
1755 3992 1771 4045 ΙΙ
1797 4016 1852 4022 —-
1876 3994 1942 4040 [10.
1981 3989 2032 4037 εἰς
2052 4004 2136 4029 om.
2162 3990 2223 4037 A;
2259 3982 2304 4034 ἧν
2328 3999 2404 4040 pro
2434 3982 2485 4032 εἷς
2506 3985 2587 4025 BC.
2620 3985 2635 4039 [Ι
