2808 4342
0 173 34 221 t

97 155 189 215 (17.)

66 277 73 286 ²
95 260 150 308 ὡς
187 256 344 306 πόλεως
370 253 563 314 Ξενοφῶν
593 250 896 310 ἐμνημόνευσε,
922 251 992 296 καὶ
1029 251 1139 312 λέγει
1177 255 1321 299 Σινω-

52 546 72 575 5

30 889 68 918 10

29 1230 66 1259 15

95 322 204 370 πέων
227 322 395 368 ἄποικον
420 313 534 365 εἶναι·
568 323 635 364 νῦν
660 318 702 364 δὲ
723 319 845 380 κώμη
865 320 975 376 ἐστὶ,
1011 320 1082 365 καὶ
1103 320 1194 366 οὐδὲ
1218 320 1322 376 αὐτὴ

97 391 268 453 μεγάλη.
334 388 434 436 Ἀπὸ
456 387 686 450 Κοτυώρων
708 389 746 440 ἐς
764 388 993 434 Μελάνθιον
1018 388 1203 450 ποταμὸν
1223 388 1325 434 στά-

95 462 170 506 διοι
186 461 365 517 μάλιστα
386 456 597 512 ἑξήκοντα.

153 545 208 576 24.
239 527 430 575 Ἐνθένδε
449 528 503 578 εἷς
521 525 832 588 Φαρματηνὸν,
854 525 978 571 ἄλλον
1000 525 1186 586 ποταμὸν
1202 563 1215 585 ,
1236 545 1326 572 πεν·

89 596 266 652 τήκοντα
298 596 369 642 καὶ
406 594 570 642 ἑκατόν.
640 593 727 641 Καὶ
750 593 859 638 ἔνθεν
889 595 944 645 εἷς
974 594 1241 655 Φαρνάκειαν
1266 594 1326 640 εἴ·-

89 684 180 711 κοσι
217 666 286 711 καὶ
310 664 468 711 ἑκατόν.
532 663 651 718 Αὕτη
688 662 933 725 Φαρνάκεια
955 663 1087 708 πάλαι
1116 665 1326 725 Κερασοῦς

91 737 301 791 ἐκαλεῖτο,
334 732 557 781 Σινωπέων
585 733 656 778 καὶ
688 731 793 788 αὕτη
821 731 1003 784 ἄποικος.
1071 731 1262 778 Ἐνθένδε
1286 734 1326 784 ἐς

91 802 163 859 τὴν
192 802 411 866 Ἀρητιάδα
433 805 556 857 νῆσον
583 802 819 863 τριάκοντα.
891 800 977 847 Καὶ
1000 799 1108 848 ἔνθεν
1133 802 1172 854 ἐς
1194 801 1325 865 Ζεφύ·

92 890 173 933 ριον
194 871 322 918 εἴκοσι
344 870 415 917 καὶ
437 870 581 917 ἑκατόν
599 888 609 899 ·
633 869 753 932 ὅρμος
776 868 935 914 ναυσίν.
1004 868 1104 916 Ἀπὸ
1127 870 1168 915 δὲ
1193 873 1323 934 Ζεφυ-

93 940 178 1002 ρίου
213 941 270 992 εἷς
309 939 510 1001 Τρίπολιν
542 938 701 984 στάδιοι
744 937 1001 993 ἐνενήκοντα.
1070 938 1256 986 Ἐνθένδε
1288 943 1326 991 ἐς

87 1006 140 1053 τὰ
171 1006 361 1070 Ἀργύρια
397 1008 554 1053 στάδιοι
589 1007 732 1052 εἴκοσι.
802 1006 883 1053 Ἐκ
920 1006 961 1051 δὲ
995 1009 1074 1051 τῶν
1102 1006 1323 1069 Ἀργυρίων

90 1077 145 1128 εἷς
183 1076 464 1123 Φιλοκάλειαν
503 1075 759 1131 ἐνενήκοντα.
830 1073 1016 1120 Ἐνθένδε
1057 1077 1095 1127 ἐς
1128 1075 1325 1138 Κόραλλα

90 1143 248 1189 ἑκατόν.
328 1143 427 1190 Ἀπὸ
468 1144 508 1189 δὲ
542 1144 767 1204 Κοράλλων
804 1142 1015 1205 εἷςἹερὸν
1053 1143 1143 1207 ὅρος
1173 1144 1324 1199 πεντή-

92 1232 213 1259 κοντα
237 1213 306 1258 καὶ
330 1212 491 1260 ἑκατόν.
558 1212 658 1259 Ἀπὸ
682 1213 717 1257 δ’
741 1212 868 1275 Ἱεροῦ
891 1213 1005 1274 ὄρους
1030 1214 1084 1265 εἷς
1110 1211 1323 1275 Κορδύλην

91 1371 182 1411 σίων
195 1402 206 1418 ,
232 1373 380 1411 στάδιοι
398 1370 585 1425 τ’,.μίλια
606 1370 660 1426 μ’.
681 1374 777 1424 Quo
804 1380 940 1412 tamen
961 1372 1003 1411 in
1020 1371 1110 1412 loco
1122 1371 1197 1412 'vel
1215 1386 1324 1412 erra·

90 1440 179 1472 tum
195 1432 348 1486 aliquid
366 1432 427 1472 vel
446 1441 691 1487 corruptum
707 1442 781 1474 est.
799 1434 905 1474 Nam
929 1433 1051 1474 verba
1066 1433 1210 1488 χωρίον
1227 1434 1325 1488 Τρα-

91 1493 301 1539 πεζουσίων
318 1492 482 1532 nonnisi
512 1492 565 1532 ad
583 1494 902 1534 Hermonassam
930 1493 1072 1535 referri
1098 1503 1320 1549 nequeunt,

91 1568 214 1609 quam
253 1555 453 1595 Arrianus
484 1557 506 1606 S
540 1557 591 1602 24
623 1564 846 1605 memorat,
884 1559 937 1596 60
969 1556 1100 1597 stadia
1135 1572 1324 1598 occasum

91 1630 231 1656 versus
268 1631 292 1657 a
318 1617 575 1670 Trapezunte
606 1614 843 1657 distantem.
878 1618 1102 1671 Hucusque
1135 1627 1272 1658 autem
1302 1633 1326 1659 a

92 1680 280 1733 Cotyoris
324 1692 448 1733 supra
490 1677 598 1720 mille
637 1686 733 1718 sunt
769 1678 912 1718 stadia.
961 1682 1099 1731 Quare
1131 1681 1324 1721 Manner-

93 1749 159 1782 tus
176 1742 252 1790 VI,
276 1754 315 1790 2,
333 1755 376 1795 p.
399 1741 496 1794 392,
514 1740 596 1790 alii,
615 1754 835 1781 numerum
852 1740 1080 1781 stadiorum
1095 1742 1139 1781 in
1157 1745 1325 1798 Anony-

93 1817 162 1843 mo
183 1811 426 1857 corruptum
445 1816 531 1842 esse
554 1801 714 1852 dicunt,
737 1801 863 1857 idque
885 1811 999 1843 tanto
1032 1803 1322 1856 confidentius,

93 1878 222 1918 quum
241 1863 452 1904 Strabonis
472 1864 597 1904 verba
614 1864 642 1904 l.
660 1864 687 1905 l.
712 1864 864 1905 auxilio
880 1864 1080 1913 advocare
1094 1865 1227 1906 liceat.
1250 1869 1324 1907 At-

92 1934 229 1966 tamen
248 1925 351 1966 nihil
364 1940 413 1966 eo
430 1925 557 1966 modo
579 1926 802 1967 lucramur.
820 1927 926 1967 Nam
949 1928 1181 1982 cuicunque
1206 1942 1325 1969 accu-

91 1988 218 2028 ratior
235 1987 366 2028 litoris
395 1987 613 2029 delineatio
628 1988 678 2029 ad
702 2002 848 2029 manus
863 1997 938 2039 est,
968 1990 1149 2044 primum
1167 1990 1323 2045 patebit

93 2050 287 2104 ineptiam
324 2063 465 2103 agere,
498 2050 530 2089 si
559 2050 651 2104 quis
680 2051 794 2089 sinus
822 2049 992 2104 alicujus
1018 2052 1216 2092 terminos
1252 2066 1324 2106 po·

92 2112 216 2153 suerit
233 2112 411 2168 Cotyora
426 2120 466 2154 et
479 2112 800 2154 Hermonassam
819 2113 1157 2168 Trapezuntiam3
1175 2114 1325 2156 deinde

92 2175 344 2228 intelligitur,
367 2176 521 2225 sinum,
546 2174 664 2229 cujus
688 2176 854 2214 initium
875 2189 898 2215 a
917 2177 1106 2229 Cotyoris
1131 2177 1322 2227 sumitur,

94 2238 303 2277 terminari
322 2237 527 2291 Zephyrio
549 2237 860 2291 promontorio,
880 2245 1121 2291 partemque
1153 2252 1238 2277 esse
1260 2239 1324 2278 in-

93 2299 284 2339 teriorem
303 2297 469 2353 majoris
484 2299 612 2349 sinus,
638 2299 710 2352 qui
729 2313 752 2339 a
766 2301 791 2339 J
792 2299 934 2339 asonio
949 2300 1235 2353 promontorio
1257 2314 1325 2340 us·

94 2374 173 2416 que
194 2360 246 2400 ad
269 2361 428 2401 Coralla
446 2360 509 2400 vel
527 2360 580 2400 ad
600 2361 755 2401 Hieron
773 2362 1107 2415 promontorium
1130 2362 1321 2415 pertinet.

93 2426 130 2464 A
151 2424 339 2478 Cotyoris
361 2431 498 2463 autem
522 2437 650 2477 usque
670 2422 720 2463 ad
742 2421 990 2479 Zephyrium
1008 2437 1073 2478 pr.
1094 2424 1199 2464 linea
1216 2433 1326 2465 recta

94 2494 189 2526 sunt
207 2487 286 2527 300
306 2485 449 2536 stadia,
481 2493 583 2539 quot
601 2493 769 2540 exputat
800 2488 1060 2540 AnonymuS.
1081 2489 1219 2538 Quare
1247 2501 1323 2527 nu·

94 2562 254 2587 merum
284 2548 396 2587 hunc
418 2548 704 2602 incorruptum
731 2547 887 2598 habe03
912 2562 961 2588 eo
981 2556 1117 2587 autem
1132 2556 1190 2588 .et
1211 2551 1326 2589 Ano-

94 2606 242 2664 nymus
265 2617 409 2650 auctor
426 2618 466 2648 et
480 2609 626 2649 Strabo
642 2623 796 2649 errasse
813 2609 1004 2650 videntur
1023 2609 1135 2663 quod
1154 2611 1327 2651 Hermo-

92 2685 253 2712 nassam
271 2671 323 2712 ad
344 2671 594 2726 Zephyrium
617 2685 751 2725 prom.
778 2672 897 2712 sitam
927 2671 1206 2712 confuderunt
1229 2687 1323 2713 cum

93 2734 214 2775 altera
243 2734 519 2774 Hermonassa
553 2734 838 2789 Trapezuntiis
875 2734 1009 2774 vicina
1050 2733 1063 2789 (
1080 2748 1203 2788 quam
1242 2737 1327 2790 ipse

94 2800 338 2852 Anonymus
369 2810 533 2850 quoque
566 2805 783 2847 memorat,
819 2795 892 2836 sed
922 2794 1115 2851 Ἑρμύσην
1158 2801 1323 2851 vocat).

99 2863 230 2914 Atque
252 2859 338 2899 haec
367 2858 537 2912 quidem
556 2858 744 2899 confusio
774 2866 889 2899 tanto
912 2857 1068 2898 facilior
1087 2867 1187 2908 erat,
1214 2859 1327 2913 quod

95 2923 216 2962 etiam
253 2922 495 2962 Cerasuntes
528 2920 620 2960 duae.
653 2922 696 2960 in
727 2921 803 2961 hac
836 2934 908 2961 ora
936 2929 1175 2971 occurrunt,
1205 2921 1328 2962 altera

96 2992 234 3038 postea
267 2983 494 3024 Pharnacia
515 2982 645 3033 dicta,
667 2982 790 3038 altera
822 2997 907 3023 non
941 2983 997 3023 ita
1025 2982 1144 3036 longe
1174 2997 1197 3023 a
1225 2984 1327 3024 Tra-

95 3053 269 3099 pezunte
289 3045 380 3085 sita.
399 3046 512 3097 Quas
530 3044 651 3084 urbes
667 3045 763 3084 item
782 3044 972 3085 confusas
991 3059 1075 3085 esse
1089 3044 1141 3084 ab
1157 3046 1327 3100 Anony-

98 3120 166 3146 mo
183 3115 348 3147 auctore
363 3115 484 3161 atque
501 3106 597 3147 hinc
612 3106 899 3161 explicandum
916 3121 1001 3147 esse
1013 3106 1242 3147 dissensum
1257 3108 1328 3162 qui

98 3167 150 3212 de
182 3168 428 3222 populorum
450 3169 722 3209 barbarorum
744 3169 971 3210 ditionibus
990 3170 1204 3224 Anonymo
1233 3184 1328 3210 cum

99 3229 260 3283 Scylace
283 3230 512 3280 intercedit,
542 3231 586 3270 in
605 3232 712 3271 notis
744 3231 796 3272 ad
815 3231 1020 3286 Scylacem
1042 3232 1228 3286 exposui.
1253 3233 1328 3273 Ce-

102 3298 234 3329 terum
261 3291 578 3331 Hermonassam
597 3295 806 3347 Anonymi
826 3293 997 3333 habebis
1016 3294 1138 3333 etiam
1158 3293 1199 3332 in
1220 3294 1329 3335 Geo-

101 3351 255 3406 grapho
274 3353 524 3402 Ravennate‚
545 3367 668 3406 quem
691 3355 845 3394 mirum
868 3355 910 3394 in
934 3354 1106 3395 modum
1126 3355 1203 3394 viri
1219 3355 1329 3396 docti

102 3413 301 3466 negligere
318 3413 461 3454 solent.
485 3414 615 3454 Series
632 3414 688 3454 ibi
711 3415 877 3455 urbium
898 3429 907 3456 :
934 3417 1222 3466 Polemonimn,
1243 3420 1330 3458 Me-

104 3475 190 3514 lant
196 3475 293 3523 ium,
312 3478 512 3524 Gerasam,
528 3478 795 3525 Parnassum,
813 3481 850 3516 Z
852 3477 1074 3532 (phytiam,
1093 3482 1327 3528 Cerasanm,

103 3535 348 3584 Philocalia,
373 3536 551 3589 Cordule,
577 3540 814 3592 Trapezam.
843 3541 892 3577 In
911 3539 1060 3592 quibus
1079 3543 1332 3581 Parnassum

105 3597 213 3637 istud
236 3598 341 3637 inter
363 3598 586 3638 Cerasunta
603 3606 645 3638 et
677 3600 928 3653 Zephyrium
955 3599 1137 3641 medium
1168 3604 1331 3642 nonnisi

104 3672 199 3698 cum
228 3659 501 3699 Hermonassa
529 3661 738 3714 Anonymi
757 3661 948 3714 componi
976 3669 1123 3715 potest.
1158 3665 1206 3703 In
1225 3664 1328 3705 Tab.

104 3720 418 3774 Peutingeriana
444 3729 537 3775 post
565 3721 808 3762 Melantium
838 3722 895 3762 ’36
921 3722 1094 3763 millium
1122 3724 1331 3765 intervallo

105 3783 275 3836 ponitur
312 3785 532 3832 Carnasso,
564 3783 677 3837 quod
708 3785 971 3824 Cerasuntem
1001 3798 1086 3824 esse
1118 3786 1195 3826 viri
1220 3786 1330 3827 docti

106 3851 331 3897 putarunt,
378 3845 603 3899 praesertim
636 3859 764 3899 quum
797 3845 988 3885 distantia
1025 3861 1106 3886 non
1140 3848 1194 3888 ita
1226 3849 1332 3889 mut-

108 3913 195 3944 tum
219 3905 271 3945 ab
290 3906 456 3946 Arriani
478 3907 705 3947 rationibus
730 3906 908 3947 recedat.
932 3909 986 3948 At
1008 3907 1134 3948 dubia
1162 3924 1226 3950 res
1246 3918 1330 3959 est,

108 3980 238 4021 quum
261 3970 459 4010 Car-nasso
478 3983 629 4010 nomen
649 3970 785 4024 potius
807 3970 857 4009 sit
873 3972 1130 4012 ‚Parnassum
1153 3972 1333 4025 Geogra-

969 150 1268 198 PERIPLUS
1301 151 1487 198 PONTI
1520 153 1714 199 EUXIN
1722 153 1734 196 l
1742 186 1752 196 .

2534 173 2611 212 391

1396 259 1520 315 hujus
1538 269 1734 316 tanquam
1759 261 1870 301 urbis
1893 275 1915 301 a
1937 262 2212 316 Xenophonte
2237 263 2350 318 (An.
2375 267 2412 315 5,
2438 269 2474 317 5,
2503 271 2523 310 3
2542 275 2557 323 )
2579 274 2619 314 fit

1397 330 1578 378 mentio,
1616 343 1787 383 eamque
1810 330 2099 383 Sinopensium
2129 330 2328 371 coloniam
2352 333 2477 384 dicit5
2502 336 2625 380 hodie

1394 409 1492 435 vero
1509 410 1638 450 pagus
1649 405 1723 444 est,
1737 410 1869 450 neque
1884 395 1948 435 ille
1963 395 2131 449 quidem
2148 411 2332 451 magnus·
2393 404 2424 441 A
2440 403 2625 459 Cotyoris

1393 463 1446 504 ad
1466 464 1739 504 Melanthium
1762 464 1933 503 fluvium
1949 463 2078 504 stadia
2097 465 2204 506 circa
2222 469 2440 521 sexaginta.

1450 534 1520 578 24.
1553 530 1656 570 Inde
1677 530 1730 570 ad
1748 531 2067 571 Pharmatenum
2082 562 2092 582 ,
2111 532 2235 572 alium
2256 534 2442 586 fluvium,
2464 547 2624 580 centum

1394 613 1434 645 et
1467 606 1791 660 quinquaginta,
1817 614 1857 646 et
1879 605 1974 646 inde
1998 606 2049 647 ad
2078 607 2354 651 Pharnaceam
2389 620 2553 654 centum
2588 624 2628 655 et

1394 682 1556 734 viginti.
1620 683 1718 722 Haec.
1736 682 1970 723 Pharnacea
1988 683 2066 724 suit
2087 685 2183 725 olim
2203 687 2375 728 Cerasus
2394 687 2518 740 dicta,
2543 690 2627 744 ipsa

2159 763 2266 803 Hinc
2302 763 2353 804 ad
2392 765 2626 807 Aretiadem

1394 834 1571 875 insulam
1603 835 1792 888 triginta;
1818 843 1857 875 et
1881 835 1976 876 inde
2011 836 2063 877 ad
2091 838 2341 893 Zephyrium
2383 849 2550 886 centum
2587 851 2628 884 et

1396 911 1568 964 viginti3
1591 910 1648 951 ibi
1683 911 1802 951 statio
1823 912 2010 953 navibus.
2071 916 2106 954 A
2129 914 2331 969 Zephyrio
2352 915 2404 957 ad
2426 918 2625 972 Tripolim

1864 987 1966 1027 Inde
2011 987 2062 1028 ad
2098 991 2270 1044 Argyria
2303 990 2431 1032 stadia
2466 994 2622 1047 viginti.

2430 1069 2537 1109 Hinc
2573 1071 2623 1111 ad

1820 1141 1855 1179 A
1875 1139 2042 1180 Corallis
2062 1140 2112 1180 ad
2136 1142 2303 1182 Sacrum
2324 1152 2508 1187 montem
2530 1160 2624 1186 cen-

1395 771 1562 813 quoque
1594 759 1883 814 Sinopensium
1918 760 2092 801 colonia.

1395 986 1527 1027 stadia
1567 987 1803 1040 nonaginta.

1395 1062 1462 1102 Ab
1499 1063 1683 1117 Argyriis
1719 1062 1771 1102 ad
1807 1063 2076 1105 Philocaleam
2117 1067 2349 1119 nonaginta.

1396 1138 1555 1178 Coralla
1577 1146 1757 1178 centum.

1396 1221 1486 1254 tum
1517 1222 1557 1255 et
1590 1215 1901 1269 qulnquaginta.
1976 1218 2012 1256 A
2048 1216 2170 1256 Sacro
2206 1225 2346 1257 monte
2387 1218 2439 1258 ad
2471 1219 2627 1275 Cordy-

1394 1371 1465 1425 phi
1495 1372 1763 1422 Ravennatis,
1790 1371 1992 1412 distantiae
2028 1386 2126 1413 vero
2159 1380 2255 1413 nota
2285 1374 2327 1412 in
2355 1373 2432 1414 hac
2460 1374 2626 1417 Tabulae

1393 1440 1525 1487 parte,
1558 1433 1630 1473 ubi
1651 1433 1771 1487 longe
1803 1433 1981 1488 plurima
2009 1433 2220 1474 salsissima
2247 1442 2358 1485 sunt,
2387 1438 2627 1478 anctoritate

1395 1501 1544 1533 careat.
1563 1495 1762 1549 Praeterea
1780 1495 2097 1534 Hermonassam
2112 1503 2294 1535 nostram
2314 1506 2515 1538 memorat
2533 1500 2625 1540 Pto-

1393 1555 1573 1607 ler'naeus,
1595 1556 1666 1597 sed
1684 1557 1864 1610 neglecta
1885 1558 1987 1598 serie
1998 1557 2200 1608 locorum,
2218 1572 2341 1612 quam
2357 1560 2413 1601 ita
2430 1561 2595 1603 exhibet
2615 1576 2623 1602 τ

1394 1618 1596 1673 Κοτύωρον
1617 1618 1630 1674 (
1648 1621 1721 1673 670
1741 1618 1808 1660 35’
1822 1621 1854 1673 ),
1876 1617 2132 1674 Ἕρμώνασσα
2152 1619 2252 1675 (670
2273 1620 2338 1662 50'
2351 1621 2383 1677 ),
2408 1620 2626 1677 Ἰσχόπολις

1396 1681 1499 1732 (680
1519 1680 1631 1736 20')‚
1662 1681 1849 1735 Κερασοῦς
1876 1682 1978 1734 (680
2003 1680 2069 1722 50'
2084 1684 2116 1735 ),
2140 1682 2340 1737 Φαρνακία
2371 1685 2477 1738 (690
2499 1685 2595 1742 20')
2611 1717 2622 1737 ‚

1394 1741 1541 1782 ‘'i‘wou
1557 1741 1677 1799 λιμὴν
1695 1745 1787 1797 (700
1805 1742 1908 1799 45’),
1921 1744 2135 1798 Τραπεζοῦς
2155 1743 2242 1800 (70⁰
2258 1744 2356 1797 50').
2382 1747 2467 1799 11-
2480 1748 2519 1787 3.
2533 1748 2626 1789 Με-

1395 1804 1511 1844 λάνθ
1529 1820 1570 1846 ιο
1584 1821 1603 1846 ν
1620 1809 1634 1861 ]
1656 1807 1937 1846 Meminerunt
1955 1805 2041 1859 ejus
2063 1814 2210 1860 praeter
2228 1808 2366 1847 Anon.
2384 1808 2488 1848 Tab.
2505 1811 2622 1850 Peut.

1394 1873 1434 1906 et
1452 1867 1606 1921 Geogr.
1643 1869 1744 1907 Rav.
1769 1875 1810 1907 et
1832 1866 1988 1907 Plinius
2003 1868 2079 1916 VI,
2103 1869 2144 1915 4.
2163 1865 2298 1906 Hodie
2318 1867 2442 1908 Melet
2464 1871 2620 1910 Irmak.

1450 1930 1473 1980 S
1496 1932 1566 1979 24,
1586 1928 1614 1969 l.
1639 1928 1678 1969 5.
1699 1928 1802 1983 Φαρ
1817 1943 1943 1983 ματη
1959 1943 1977 1968 ν
1991 1927 2040 1968 ὸν
2060 1929 2076 1983 ]
2098 1927 2332 1983 Φαρμαντὸν
2366 1931 2623 1986 Anonymus.

1392 1989 1514 2030 Nunc
1529 1993 1665 2031 Basar
1680 1994 1748 2031 Sa.
1772 1991 1788 2044 ss
1806 2014 1862 2020 —
1875 1994 1914 2031 6.
1930 1989 2030 2044 Φαρ
2043 2003 2062 2030 ν
2076 1990 2130 2030 άκ
2143 2005 2160 2030 ε
2175 1991 2277 2046 ιαν]
2297 1990 2526 2046 Φαρμακίαν
2542 1992 2627 2044 ἤτοι

1393 2048 1462 2101 τὴν
1482 2051 1698 2107 λεγομένην
1717 2051 1939 2106 Φαρνακίαν
1956 2054 2214 2107 Anonymus,
2229 2052 2271 2092 in
2285 2067 2368 2106 quo
2384 2053 2591 2108 Φαρμακία
2606 2069 2628 2094 e

1394 2114 1534 2154 vitiato
1555 2115 1692 2169 aliquo
1715 2114 1820 2154 libro
1839 2114 2004 2154 fluxisse
2029 2113 2206 2154 videtur.
2239 2114 2302 2155 Cf.
2326 2114 2377 2154 de
2403 2116 2628 2157 Pharnacia

1394 2175 1602 2215 Plutarch.
1615 2175 1774 2216 Lucull.
1788 2189 1825 2214 c.
1849 2177 1913 2224 183
1931 2174 2077 2215 Strabo
2086 2189 2128 2229 p.
2149 2174 2244 2227 549;
2258 2176 2396 2229 Steph.
2411 2178 2458 2216 B.
2475 2191 2513 2217 v.
2525 2178 2629 2232 Φαρ-

1395 2237 1542 2286 νάκεια,
1563 2237 1718 2278 Plinius
1732 2238 1808 2286 VI,
1828 2239 1850 2284 4
1869 2249 1878 2276 :
1896 2236 1963 2276 Ab
1980 2235 2127 2277 Amiso
2140 2236 2287 2288 (voluit
2307 2250 2315 2276 :
2333 2251 2360 2276 a
2378 2238 2624 2292 Polemonio)

1396 2299 1448 2338 80
1464 2296 1568 2337 mill.
1577 2311 1697 2353 pass.
1718 2298 1785 2347 (=
1803 2299 1884 2345 640
1902 2296 2007 2337 stad.
2014 2313 2025 2347 ;
2039 2297 2152 2351 quod
2164 2311 2331 2351 prorsus
2343 2298 2516 2352 quadrat
2531 2314 2626 2341 cum

1394 2361 1559 2399 Arriani
1581 2361 1808 2413 computo)
1841 2359 2078 2398 Pharnacea
2100 2358 2310 2413 oppidum,
2347 2360 2528 2415 Tripolis
2553 2376 2622 2402 ca-

1393 2422 1556 2462 stellam
1572 2430 1611 2461 et
1614 2420 1795 2476 flavias.
1815 2423 1922 2460 Item
1933 2419 2166 2461 Philocalea
2181 2429 2220 2460 et
2237 2420 2325 2461 sine
2327 2422 2466 2475 flavio
2484 2422 2625 2464 Livio-

1387 2483 1525 2537 polis,
1549 2492 1586 2523 et
1615 2498 1642 2523 α
1663 2482 1901 2524 Pharnacea
1923 2494 2000 2522 100
2022 2480 2125 2521 mill.
2145 2495 2264 2537 pass.
2289 2480 2370 2537 (=
2388 2497 2467 2537 700
2496 2484 2620 2535 stad.;

1395 2559 1475 2585 sec.
1514 2548 1610 2586 Arr.
1647 2546 1726 2600 745
1761 2544 1866 2585 stad.
1890 2544 1903 2597 ξι
1941 2547 2161 2593 Trapezus.
2203 2544 2409 2586 Ptolemaei
2447 2548 2625 2588 rationes

1395 2608 1652 2661 perturbatas
1680 2607 1847 2647 exhibui
1869 2620 2006 2661 supra.
2029 2607 2220 2646 Ceterum
2251 2605 2303 2646 de
2318 2607 2540 2649 Cerasunte
2561 2623 2627 2650 ve-

1397 2677 1482 2708 tere
1500 2670 1736 2710 Pharnaciae
1756 2670 1924 2709 nomine
1947 2682 2022 2708 nec
2042 2682 2125 2708 non
2147 2667 2200 2707 de
2219 2667 2410 2708 Aretiade
2431 2669 2509 2710 ins.
2534 2670 2625 2710 vide

1396 2738 1484 2770 not.
1506 2731 1558 2775 ad
1573 2731 1725 2786 Scylac.
1744 2733 1766 2782 §
1783 2732 1850 2771 86.
1875 2731 1890 2782 Η
1910 2754 1967 2760 —
1983 2744 2024 2782 9.
2043 2729 2069 2768 Z
2083 2729 2305 2784 εφῦριον]
2333 2729 2397 2770 Cf.
2416 2732 2515 2780 An.‚
2533 2733 2627 2786 Scy-

1396 2791 1460 2832 lax
1479 2795 1565 2844 §86
1583 2793 1682 2847 ibiq.
1702 2800 1788 2832 not.
1796 2823 1807 2842 ,
1825 2792 1930 2832 Tab.
1949 2793 2086 2839 Peut.,
2105 2792 2257 2845 Geogr.
2280 2793 2380 2832 Rav.
2399 2800 2439 2832 et
2453 2793 2624 2835 Ptolem.

1395 2867 1438 2908 p.
1461 2854 1556 2908 337,
1579 2859 1619 2905 6,
1644 2855 1715 2894 ubi
1745 2854 1995 2908 Zephyrium
2013 2854 2149 2906 inepte
2165 2854 2207 2892 in
2226 2852 2534 2894 mediterraneis
2553 2869 2626 2909 po-

1396 2917 1524 2956 nitur.
1538 2918 1660 2957 Nunc
1671 2915 1858 2971 Sephreh.
1880 2917 1895 2970 ΙΙ
1916 2940 1971 2946 -
1990 2929 2054 2955 11.
2073 2915 2132 2969 Τρ
2150 2915 2259 2955 ίπολ
2274 2931 2284 2954 ι
2297 2916 2332 2970 ν]
2356 2915 2418 2956 Cf.
2434 2918 2571 2957 Anon.
2587 2926 2626 2958 et

1396 2978 1501 3019 Plin.
1514 2980 1542 3020 l.
1554 2980 1580 3020 l.
1594 2981 1716 3019 Nunc
1734 2977 2013 3029 Tireboli.ll—
2024 2990 2088 3017 12.
2108 2975 2150 3016 ’A
2161 2977 2244 3031 ργύ
2255 2979 2342 3031 ρια]
2363 2975 2516 3031 Ἄργυρὰ
2532 2978 2646 3018 cod.-

1397 3041 1536 3081 Anon.
1563 3042 1625 3081 De
1650 3041 1809 3094 argenti
1834 3039 1984 3080 fodinis
2008 3039 2051 3078 in
2074 3038 2148 3078 hac
2174 3039 2338 3090 regione
2354 3051 2392 3076 v.
2415 3039 2625 3079 Hamilton

1396 3104 1432 3151 Ι,
1457 3116 1499 3156 p.
1520 3101 1617 3155 259.
1648 3104 1661 3154 Η
1686 3125 1741 3131 -
1763 3101 1828 3140 13.
1847 3098 2212 3152 Φιλοκάλειαν]
2234 3097 2296 3138 Cf.
2323 3099 2479 3146 Anon.,
2498 3099 2622 3148 Ptin„

1395 3164 1499 3205 Tab.
1525 3166 1643 3205 Peut.
1662 3162 1795 3203 Hodie
1812 3160 1946 3202 Eleln'.
1973 3160 1988 3211 ll
2002 3184 2058 3190 —
2077 3159 2108 3198 Κ
2120 3160 2168 3213 ὀρ
2182 3158 2336 3212 αλλα]
2358 3158 2456 3198 hod.
2476 3159 2621 3199 Kereli.

1402 3229 1489 3280 11-
1504 3229 1568 3274 14.
1591 3224 1747 3279 Ἱερὸν
1772 3225 1794 3264 ὅ
1807 3239 1855 3278 ρο
1866 3223 1896 3277 ς]
1908 3222 2097 3263 Meminit
2107 3220 2193 3275 ejus
2206 3220 2395 3274 Apollon.
2409 3220 2544 3261 Rhod.
2567 3223 2622 3272 11,

1403 3288 1523 3337 1015,
1543 3287 1613 3327 ubi
1636 3286 1761 3327 schol.
1781 3299 1790 3325 :
1809 3286 2010 3339 Μέμνηται
2033 3282 2147 3322 αὐτοῦ
2168 3284 2263 3334 (τοῦ
2286 3279 2403 3336 Ἱεροῦ
2420 3282 2541 3335 ὄρους)
2562 3283 2626 3323 καὶ

1400 3350 1563 3402 Κτησίας
1587 3348 1624 3389 ἐν
1645 3354 1699 3404 τῷ
1719 3348 1757 3387 α’
1785 3348 1976 3402 Περιόδων
1997 3346 2061 3386 καὶ
2083 3344 2241 3390 Σουΐδας
2270 3344 2307 3384 ἐν
2345 3343 2400 3397 β’,
2435 3345 2518 3399 περὶ
2540 3346 2626 3393 τοὺς

1399 3413 1630 3468 λεγομένους
1648 3411 1861 3464 Μάκρωνας
1877 3424 1885 3432 ·
1921 3408 2183 3462 ἀκριὸέστερον
2203 3405 2243 3446 δὲ
2261 3405 2282 3445 ὁ
2309 3404 2477 3460 Ἀγάθων
2502 3405 2540 3446 ἐν
2570 3411 2625 3463 τῷ

1400 3479 1467 3516 τοῦ
1487 3475 1634 3515 Πόντου
1658 3472 1853 3526 Περίπλῳ,
1875 3471 1915 3518 ’ὸς
1934 3469 1998 3510 καὶ
2017 3467 2051 3523 ρ’
2066 3467 2220 3522 ἀπέχειν
2239 3468 2412 3515 σταδίους
2429 3467 2520 3515 αὐτό
2535 3483 2625 3523 φησι

1400 3541 1466 3588 τῆς
1488 3536 1783 3589 Τραπεζοῦντος.
1805 3534 1892 3574 Sec.
1918 3534 2014 3573 Arr.
2035 3529 2157 3570 distat
2178 3544 2202 3570 a
2222 3529 2479 3584 Trapezunte
2498 3529 2625 3570 stadia

1405 3599 1496 3648 145,
1520 3597 1641 3650 idque
1656 3596 1760 3635 bene
1775 3594 1910 3635 habet.
1926 3594 2175 3634 Etiamnunc
2190 3599 2359 3632 vocatur
2369 3594 2500 3633 loros.
2518 3594 2627 3632 Ano-

1403 3674 1549 3715 nymus
1572 3660 1677 3698 inter
1699 3656 1856 3697 Coralla
1874 3664 1914 3696 et
1937 3656 2109 3696 Hierum
2128 3668 2263 3709 prom.
2287 3662 2486 3694 memorat
2505 3655 2623 3694 Cera-

1403 3731 1563 3763 suntem
1581 3719 1726 3760 urbem
1744 3727 1785 3759 et
1804 3718 1974 3758 fluvium
1986 3748 1998 3768 ,
2027 3732 2050 3758 a
2071 3716 2239 3758 Corallis
2263 3719 2329 3766 60,
2354 3715 2405 3755 ab
2427 3716 2552 3754 Hiero
2571 3728 2625 3767 90

1403 3784 1541 3825 stadiis
1559 3782 1762 3822 dissitum.
1789 3782 1886 3822 Haec
1904 3789 1963 3821 est
1994 3780 2166 3820 Cerasus
2180 3810 2191 3828 ,
2217 3777 2268 3817 de
2290 3790 2371 3830 quo
2390 3775 2623 3829 Xenophon

1404 3847 1445 3885 in
1463 3844 1595 3886 Anab.
1612 3844 1668 3892 V,
1692 3843 1730 3882 3.
1753 3842 1815 3883 Cf.
1839 3850 1926 3883 not.
1951 3840 2003 3882 ad
2018 3841 2171 3895 Scylac.
2195 3854 2238 3894 p.
2261 3842 2327 3887 64.
2347 3837 2511 3877 Fluvius
2526 3851 2625 3887 yero

1405 3907 1469 3947 illc
1480 3907 1599 3946 ctiam
1613 3919 1724 3944 nuuc
1737 3908 1918 3944 Kerasan
1933 3906 2035 3943 Dere
2050 3909 2232 3942 vocatur.
2256 3901 2271 3953 ΙΙ
2289 3924 2345 3930 -
2361 3913 2377 3938 1
2387 3899 2424 3939 5.
2445 3899 2473 3937 Κ
2486 3914 2536 3954 ορ
2549 3900 2569 3938 δ
2582 3900 2623 3939 ι’)-

1405 3970 1490 4021 λην
1507 3970 1522 4023 ]
1538 3976 1686 4023 porlus
1712 3965 1876 4007 Cordule
1895 3965 2048 4006 Plinius
2065 3966 2142 4012 VI,
2163 3966 2201 4010 4.
2231 3960 2383 4002 Cordile
2407 3965 2454 4001 16
2481 3961 2580 4002 mill.
2602 3977 2625 4002 a
