2756 4354
153 190 276 224 xxvi
416 222 463 265 ο

151 281 201 327 in
216 276 473 340 majoribus
490 273 720 321 distantiis
744 269 907 316 Noster
930 282 1024 312 non
1044 265 1207 311 utitur.
1229 263 1386 310 Altera

152 370 255 415 quae
272 351 444 398 excidit
471 348 688 396 distantia
718 354 840 407 patet
864 343 1002 388 fuisse
1032 339 1215 385 dierum
1239 339 1388 400 quin-

153 443 269 489 que3
289 441 394 473 nam
418 441 444 470 a
466 424 627 470 Carico
650 435 783 466 muro
807 417 864 463 ad
894 412 1065 471 Ten-cist
1095 413 1286 461 fluvium
1303 429 1387 476 po·

154 502 306 551 nendo
345 515 491 562 usque
525 498 581 544 ad
610 497 774 542 Lixum
807 499 913 537 sunt
933 487 1082 535 stadia
1103 487 1389 552 amoc).—

153 581 331 627 Cernen
354 576 568 629 insulam,
587 573 667 632 qui
693 585 751 615 ex
770 569 872 629 ipso
892 565 1118 612 Hannone
1139 566 1277 613 situm
1290 567 1387 625 ejus

153 655 345 702 definire
367 650 665 699 studuerunt,
695 653 745 690 ut
775 641 1043 697 Ramusius,
1077 641 1385 699 D’Anvillius,

158 727 403 775 Rennelius
418 758 431 780 ,
450 722 668 774 Ukertus‚
681 717 959 773 Moversius,
975 715 1077 773 alii,
1099 716 1149 763 in
1165 715 1390 762 hodierna

156 807 351 860 Argouin
375 805 628 857 agnoscunt
642 828 655 850 ,
678 793 793 840 adeo
814 803 867 839 ut
883 797 1109 851 navigate‘o
1128 808 1281 836 versus
1304 807 1391 836 me·

152 881 309 924 rddtem
329 875 554 936 pertineat
570 886 711 931 usque
729 869 787 915 ad
799 871 899 930 Cap
911 872 1073 927 Blanc,
1092 868 1231 926 unde,
1247 878 1390 911 ortum

154 970 305 1000 versus
320 967 403 997 ora
418 950 699 1003 deflectente‚
714 955 821 1008 post
838 950 927 998 400
943 943 1091 990 stadia
1106 947 1303 1002 Argoeaein
1320 943 1391 987 in-

154 1029 253 1075 sula
291 1026 507 1073 occurrit.
553 1023 712 1082 ltaque
746 1035 888 1081 quum
923 1018 980 1064 ad
1016 1020 1113 1077 Cap
1157 1020 1302 1060 Blanc
1333 1016 1392 1062 ab

153 1107 317 1147 Acasse
340 1099 483 1144 fluvio
510 1097 604 1142 sint
624 1098 744 1140 circa
769 1093 890 1150 5700
911 1090 1082 1150 stadia,
1106 1106 1193 1150 pro
1227 1091 1394 1135 duobus

152 1176 315 1222 diebus
356 1174 561 1232 vulgat-Is
610 1168 858 1228 navigandi
895 1166 1014 1213 ratio
1061 1166 1263 1228 postulat
1295 1165 1394 1214 dies

152 1254 398 1298 duodecim.
423 1249 548 1305 Quin
581 1247 722 1294 falsus
750 1246 810 1293 sit
833 1259 1050 1292 numerus
1079 1259 1213 1305 quem
1249 1243 1395 1289 codex

155 1328 350 1392 praebet,
370 1326 573 1373 dubitari
605 1325 788 1385 nequit3
825 1323 1051 1384 suspicari
1091 1336 1204 1367 vero
1245 1322 1395 1382 possis

155 1421 259 1451 eum
297 1404 548 1467 profectum
589 1417 687 1447 esse
715 1400 773 1446 ab
814 1401 916 1461 ipso
945 1409 1129 1445 auctore
1168 1398 1396 1443 versionis

158 1497 332 1541 graecae.
367 1479 543 1525 Etenim
571 1477 796 1522 Arrianus
828 1477 876 1520 in
901 1474 1072 1519 lndicis
1095 1490 1136 1520 e.
1166 1474 1221 1527 43
1257 1473 1397 1519 refert

161 1557 427 1603 Hannonem
453 1555 676 1600 orientem
702 1567 867 1598 versus
893 1551 1134 1610 navigasse
1155 1548 1230 1601 τὰς
1259 1548 1398 1601 πάσας

157 1631 275 1677 πέντε
303 1630 375 1676 καὶ
407 1630 627 1691 τριήκοντα
660 1627 844 1690 ἡμέρας,
881 1625 1048 1671 deinde
1081 1640 1209 1680 vero,
1254 1640 1395 1685 quum

160 1710 206 1753 in
223 1706 478 1763 meridiem,
502 1709 530 1751 i.
551 1721 593 1752 e.
617 1705 664 1750 in
685 1703 1032 1749 meridionalem
1051 1702 1221 1747 Africae
1236 1717 1397 1747 excur-

159 1800 277 1839 sum,
303 1782 578 1838 deflexisset,
613 1782 661 1826 in
695 1796 881 1841 magnas
914 1778 1133 1825 incidisse
1166 1778 1398 1838 angustias

159 1859 221 1905 ob
242 1874 372 1919 aquae
397 1858 635 1919 penuriam
664 1868 707 1902 et
727 1867 883 1902 aestum
908 1865 953 1901 et
974 1855 1133 1914 igneos
1158 1864 1397 1900 torrentes.

159 1935 263 1981 Jam
285 1934 416 1979 facile
442 1933 717 1991 intelligitur
738 1933 959 1977 adornata
979 1931 1076 1977 haec
1095 1946 1192 1977 esse
1215 1930 1271 1977 ad
1288 1930 1398 1976 Era·

161 2009 384 2055 tostbenis
406 2008 463 2053 de
495 2007 652 2068 Libyae
678 2009 823 2067 figura
859 2007 1154 2068 opinionem,
1179 2007 1398 2066 angulum

160 2099 272 2130 vero
292 2100 384 2145 quo
408 2084 690 2130 occidentale
711 2094 753 2128 et
778 2083 1079 2129 meridionale
1102 2081 1260 2141 Libyae
1282 2082 1400 2128 latus

159 2159 509 2222 dirimerentur,
534 2163 643 2223 poni
669 2161 724 2206 ad
748 2159 955 2222 Ἑσπέρου
995 2158 1141 2222 κέρας;
1165 2158 1401 2220 hucusque

162 2237 306 2296 igitur
316 2237 656 2300 pertinentdies
676 2238 752 2283 isti
778 2238 855 2297 35,
874 2237 955 2298 qui
968 2252 1160 2299 prorsus
1176 2237 1403 2297 quadrant

161 2314 209 2359 in
234 2315 332 2361 dies
358 2315 413 2368 34
435 2319 510 2373 ·l‚,
532 2330 649 2375 quos
669 2330 752 2360 nos
769 2329 954 2375 quoque
975 2329 1122 2374 usque
1137 2313 1193 2358 ad
1211 2313 1401 2374 Hesperi

160 2404 286 2435 ceras
309 2399 699 2450 computaremus,
725 2390 766 2434 si
796 2404 906 2435 sana
931 2399 1050 2434 esset
1078 2389 1282 2447 vulgatas
1312 2389 1403 2433 Aut

161 2465 301 2524 igitur
312 2464 429 2510 hanc
444 2464 539 2524 jam
558 2465 731 2525 reperit
746 2464 867 2525 apud
887 2463 1228 2509 Eratosthenem
1251 2463 1403 2508 Arria·

162 2556 248 2586 nus
265 2550 309 2586 et
327 2539 646 2584 Eratosthenes
666 2540 713 2583 in
744 2538 933 2598 Ophelae
957 2539 1163 2598 periplo,
1182 2547 1259 2582 aut
1283 2537 1403 2598 apud

164 2615 411 2660 Arrianum
435 2629 523 2674 pro
554 2613 774 2672 τριήκοντα
797 2612 1091 2657 scribendum
1123 2621 1190 2657 est
1209 2612 1403 2672 τετταρά-

165 2706 308 2735 κοντα.
335 2688 444 2733 Sive
459 2687 545 2732 hoc
562 2689 658 2731 sive
672 2685 790 2732 illud
809 2687 1041 2742 statueris,
1064 2686 1227 2732 ilanno
1248 2703 1274 2733 a
1290 2687 1405 2733 Lixo

167 2764 223 2811 ad
254 2764 433 2811 Cernen
457 2775 744 2825 computasse
774 2762 909 2809 debet
938 2763 1036 2809 dies
1063 2763 1321 2812 duodecim.
1350 2767 1406 2810 At

164 2841 475 2887 nihilominus
512 2840 654 2885 haeret
690 2839 916 2885 dubitatio
954 2856 1011 2885 an
1055 2856 1216 2886 revera
1258 2841 1406 2887 Cerne

169 2915 407 2961 Hannonis
431 2915 479 2960 in
503 2914 730 2960 hodierna
756 2915 908 2960 insula
937 2919 1136 2973 Argom‘n
1161 2916 1407 2976 quaerenda

168 2990 245 3037 sit.
270 2989 382 3036 Nam
406 2994 604 3049 Argow'n
637 2989 783 3034 multo
804 2989 953 3050 major
978 3000 1045 3035 est
1072 3006 1208 3051 quam
1229 2990 1405 3037 Cernen

170 3065 311 3113 fuisse
339 3066 502 3112 Hanno
548 3066 685 3122 dicit;
716 3066 882 3112 deinde
922 3065 1065 3111 multo
1099 3067 1280 3127 longius
1317 3073 1405 3112 At·-

169 3148 306 3203 goeee‘n
329 3157 356 3188 a
390 3142 506 3188 sreto
543 3141 774 3187 Gaditano
809 3141 945 3187 distat
981 3157 1117 3202 quam
1151 3141 1403 3203 Carthago,

169 3219 278 3264 dum
310 3217 474 3265 Hanno
506 3209 686 3264 Cernen
712 3227 756 3263 et
778 3217 1098 3276 Carthaginem
1127 3218 1285 3264 eodem
1316 3219 1407 3264 sere

173 3293 418 3340 intervallo
436 3293 545 3340 inde
556 3293 742 3340 dissitas
757 3309 855 3340 esse
875 3304 1029 3339 narrat
1042 3312 1054 3351 ;
1069 3310 1210 3355 porro
1224 3311 1249 3340 a
1260 3294 1408 3342 Cerne

171 3385 315 3430 usque
338 3370 395 3415 ad
415 3379 593 3416 montes
619 3369 817 3416 silvosos
837 3371 965 3431 (Cap
986 3373 1114 3431 Vere)
1140 3381 1406 3433 computan-

173 3456 247 3492 tur
283 3446 382 3492 dies
410 3449 651 3501 duodecim,
696 3462 837 3507 quum
874 3446 1090 3493 distantia
1126 3446 1248 3494 linea
1289 3458 1408 3494 reeta

31 3534 34 3536 ’
65 3558 120 3594 ,Ξῖ
173 3522 361 3569 nonnisi
387 3523 508 3568 3600
533 3524 785 3568 stadiorum
809 3523 886 3579 sit,
909 3522 1021 3567 adeo
1049 3533 1098 3568 ut
1125 3524 1172 3568 in
1203 3523 1408 3585 singulos

107 3582 131 3615 'a
171 3594 273 3644 dies
293 3596 627 3644 dinumeranda
649 3598 796 3643 forent
814 3597 961 3643 stadia
986 3599 1092 3653 300,
1111 3597 1219 3643 dum
1240 3598 1288 3644 in
1323 3615 1408 3644 an-
1466 3606 1469 3609 '

174 3683 287 3721 teec.
307 3673 398 3719 500
421 3672 567 3720 stadia
586 3674 764 3719 diurnae
789 3673 1071 3733 navigationi
1093 3673 1405 3722 attribuimus.

1168 161 1646 211 momeliam.

1453 263 1572 310 Sane
1593 261 1781 322 quidem
1796 261 1845 307 in
1867 261 1929 308 iis
1942 275 2127 323 quoque
2142 274 2244 322 quae
2255 268 2360 321 post
2383 260 2478 318 cap
2498 260 2606 305 Vere
2670 277 2682 311 ;

1455 348 1677 401 quuntur,
1702 339 1750 384 in
1774 337 1982 397 singulos
1999 337 2099 384 dies
2116 336 2301 382 nonnisi
2325 336 2529 389 3oo·l.oo
2544 344 2601 381 st
2615 342 2617 348 ’
2642 355 2668 372 >

1456 415 1716 478 computari
1739 423 1927 477 possunt
1942 448 1957 474 ,
1982 423 2032 459 ut
2060 422 2183 459 recte
2204 411 2383 457 monuit
2414 407 2641 457 Benneli

1457 505 1542 536 nec
1574 490 1685 535 latet
1715 488 1819 549 ejus
1855 491 1923 535 rei
1949 503 2111 546 causa;
2137 504 2239 535 nani
2272 503 2417 548 usque
2440 487 2496 532 ad
2530 486 2613 532 Lix
2651 486 2670 494 ‘⁷

1459 565 1652 612 fluvium
1672 565 1829 611 omnia
1844 574 1952 612 nota
1965 574 2113 622 erant,
2138 574 2379 625 sequentes
2401 578 2512 609 vero
2525 555 2676 608 tract

1458 658 1581 689 nunc
1611 642 1812 704 primum
1849 642 2172 705 explorarunt5
2210 644 2256 685 in
2281 640 2376 686 illis
2399 640 2542 699 igitur
2565 654 2623 685 na
2670 628 2685 699 ,⁴¹

1459 717 1628 778 gabant
1646 733 1784 780 quani
1811 712 1921 764 fieri*
1951 727 2130 779 poterat
2168 716 2425 771 celerrime,
2465 715 2514 760 in
2547 714 2621 760 bis
2649 735 2678 779 0>

1459 793 1688 839 industria
1709 792 2020 855 procedebant
2049 793 2233 839 lentius.
2269 792 2402 838 Cadit
2425 792 2580 852 itaque
2600 790 2643 837 le

1461 868 1553 914 tior
1573 869 1808 927 navigatio
1829 873 1964 914 etiam
1986 870 2034 914 iu
2051 878 2243 915 tractum
2270 869 2352 930 qui
2374 878 2443 914 est
2461 883 2487 913 a
2507 866 2623 913 Lixo
2641 882 2682 932 a·

1461 942 1667 998 Cernen,
1695 953 1742 988 at
1758 958 1852 989 non
1874 944 1997 990 cadit
2017 945 2069 989 in
2089 944 2189 990 dies
2214 943 2478 1004 duodecim,
2503 943 2584 1005 qui
2600 958 2673 989 .es

1462 1018 1680 1064 dicuntur
1708 1032 1734 1063 a
1750 1017 1897 1063 Cerne
1919 1017 1976 1063 ad
1998 1027 2175 1064 montes
2197 1018 2419 1077 silvosos;
2446 1034 2550 1066 nam
2581 1018 2655 1065 bis
2679 1004 2686 1015 ⁸

1463 1093 1610 1140 Cerne
1638 1094 1790 1139 insula
1826 1093 1989 1139 Hanno
2021 1092 2253 1154 prosectus
2269 1102 2361 1151 θεὶς
2384 1094 2435 1141 in
2454 1095 2607 1157 prima
2623 1110 2682 1141 ex

1462 1172 1700 1235 peditione
1726 1170 1986 1232 exploravit
2014 1168 2181 1215 fluvios
2208 1170 2255 1214 S.
2285 1171 2402 1214 Jean
2422 1178 2469 1215 et
2486 1171 2703 1229 Senegal

1464 1248 1669 1310 adeoque
1703 1257 1840 1292 totam
1867 1246 1960 1292 fere
1984 1262 2111 1292 oram
2140 1261 2242 1306 quae
2261 1255 2328 1291 est
2344 1260 2490 1306 usque
2517 1244 2575 1291 ad

1465 1328 1589 1381 Vere,
1615 1340 1709 1371 non
1733 1334 1908 1369 constat
1923 1339 2015 1384 quo
2037 1321 2257 1384 temporis
2273 1321 2440 1382 spatie,
2462 1320 2673 1367 lustravit
2695 1339 2705 1358 -2

1467 1416 1676 1448 reversus
1695 1400 1862 1447 deinde
1892 1400 1942 1445 in
1969 1398 2147 1444 Cernen
2172 1398 2369 1444 insulam
2395 1407 2441 1443 et
2469 1413 2578 1444 mox
2596 1397 2689 1444 alt

1467 1494 1563 1525 ram
1602 1477 1959 1540 expeditionem,
1987 1490 2079 1535 qua
2100 1474 2245 1533 magis
2274 1472 2511 1519 meridiem
2550 1487 2680 1520 versu

1467 1564 1739 1617 penetraret,
1750 1553 2023 1614 suscipiens,
2038 1561 2187 1595 nocam
2194 1556 2297 1607 jam
2308 1566 2432 1595 oram
2444 1565 2538 1595 uno
2550 1559 2680 1595 tenor
2690 1580 2696 1588 ·

1468 1629 1871 1692 praeternavigavit
1889 1641 2033 1687 usque
2054 1625 2111 1671 ad
2137 1627 2231 1685 Cap
2255 1627 2379 1670 Vert.
2400 1622 2536 1670 Nulla
2565 1624 2680 1684 igitu

1469 1722 1604 1754 causa
1625 1716 1722 1752 erat
1741 1721 1824 1751 cur
1845 1704 1893 1749 in
1911 1688 2215 1762 hoRrajectu
2242 1701 2519 1748 celeritatem
2550 1716 2710 1748 cursus

1469 1782 1715 1830 inhiberet.
1756 1781 1870 1836 Quae
1905 1795 2046 1841 quum
2082 1779 2145 1823 ita
2176 1776 2390 1834 habeant,
2414 1775 2524 1823 vide
2555 1791 2614 1823 an
2643 1777 2709 1824 ita

1471 1860 1627 1923 potius
1643 1858 1935 1904 statuendum
1957 1856 2032 1901 sit.
2051 1855 2089 1899 A
2107 1854 2223 1899 Lixo
2244 1852 2570 1915 solvensjuxta
2586 1855 2712 1914 igno-

1471 1946 1566 1983 tum
1582 1935 1692 1981 litus
1714 1933 2001 1995 explorator,
2025 1940 2205 1976 trecena
2220 1931 2312 1976 sere
2327 1930 2525 1991 singulis
2545 1928 2721 1979 diebus

1473 2011 1619 2059 stadia
1633 2010 1854 2058 emetiens
1870 2043 1883 2066 ,
1902 2008 2143 2054 duodecim
2164 2006 2342 2053 dierum
2358 2007 2526 2053 itinere
2539 2010 2710 2069 perve-

1476 2090 1546 2135 nit
1571 2103 1717 2149 usque
1736 2089 1791 2133 ad
1808 2084 2175 2149 promontorium
2191 2117 2203 2139 ,
2231 2083 2354 2144 quod
2378 2093 2546 2129 vocant
2558 2088 2713 2143 pointe

1475 2164 1723 2222 Durnford3
1738 2178 1831 2224 quo
1843 2160 2138 2207 circumflexo
2148 2160 2380 2219 ingressus
2392 2169 2460 2205 est
2469 2169 2711 2219 angustum

1474 2256 1702 2287 recessum
1722 2240 1804 2301 qui
1817 2239 2005 2285 boream
2018 2246 2222 2283 etortum
2245 2250 2407 2282 versus
2424 2249 2508 2297 per
2525 2235 2614 2281 250
2623 2245 2713 2282 sta-

1474 2317 1551 2363 dia
1565 2319 1801 2379 pertinens
1823 2316 1872 2361 in
1896 2315 2075 2361 intumo
2097 2312 2265 2372 angulo
2286 2310 2422 2357 habet
2437 2310 2603 2357 ostium
2629 2311 2714 2358 flu·

1475 2394 1542 2438 vii
1572 2396 1655 2437 RIo
1686 2395 1744 2436 clo
1781 2394 1895 2437 Oum
1926 2399 2062 2449 atque
2088 2401 2360 2449 perparvam
2386 2384 2583 2432 insulam
2611 2401 2715 2448 quae

1475 2478 1669 2515 vocatur
1700 2469 1845 2526 Heme
1867 2464 1954 2525 (¹'“).
1977 2464 2102 2509 Hanc
2140 2479 2239 2510 esse
2270 2462 2449 2509 Cernen
2474 2462 2715 2510 Hannonis

1478 2554 1581 2589 ante
1597 2542 1753 2588 omnia
1768 2541 1928 2587 suadet
1950 2555 2115 2585 nomen
2130 2573 2142 2595 ‚
2169 2539 2336 2584 deinde
2364 2538 2528 2584 insulae
2547 2538 2718 2599 magni·

1480 2619 1615 2674 tudo,
1639 2628 1734 2663 tum
1760 2618 1875 2662 situs
1910 2619 1951 2661 ἐν
1975 2617 2098 2677 μυχῷ
2118 2633 2222 2666 τινος
2259 2616 2412 2660 κόλπου
2429 2648 2443 2671 ,
2467 2624 2561 2661 tunt
2590 2615 2714 2677 quod

1477 2693 1643 2739 eaedem
1669 2693 1759 2738 sere
1773 2708 1799 2737 a
1825 2692 1938 2737 freto
1953 2690 2182 2737 Gaditano
2205 2690 2261 2736 ad
2282 2693 2456 2736 Her-nen
2473 2690 2716 2739 etCartha-

1478 2772 1628 2830 ginem
1649 2779 1755 2815 sunt
1777 2768 2033 2825 distantiae3
2053 2783 2193 2829 porro
2217 2767 2255 2813 si
2275 2766 2430 2814 abbae
2445 2767 2597 2815 insula
2613 2782 2720 2831 pro-
2752 2785 2756 2811 .='

1482 2847 1622 2892 sectus
1647 2845 1808 2891 ilanno
1829 2846 2030 2906 primum
2055 2844 2318 2905 exploravit
2334 2859 2465 2890 oram
2489 2858 2637 2906 usque
2657 2837 2716 2891 ad
2748 2838 2756 2906 ,7

1478 2924 1675 2979 Sem-'gal
1695 2920 1912 2977 fluvium,
1941 2930 1986 2965 et
2015 2919 2180 2965 deinde
2195 2919 2385 2965 eandem
2411 2918 2564 2966 denuo
2593 2933 2719 2983 proe-
2745 2909 2756 2973 l

1482 2998 1785 3058 ternavigavit
1823 3013 1970 3058 usque
2006 2996 2061 3042 ad
2095 2999 2193 3057 Cap
2217 3000 2346 3054 Vere,
2370 2997 2438 3043 'in
2472 2996 2717 3046 secundam
2750 2979 2756 3018 ε

1479 3074 1595 3119 hanc
1631 3074 1968 3133 navigationem
2004 3058 2191 3119 dierum⁶
2223 3074 2466 3120 duodecim
2496 3073 2614 3120 bene
2642 3089 2719 3122 ct·
2752 3079 2756 3100 ¹

1480 3149 1547 3193 dit
1570 3159 1810 3210 computus
1827 3148 2031 3207 vulgaris
2044 3185 2055 3204 ,
2073 3164 2128 3193 ex
2143 3164 2234 3208 quo
2253 3149 2343 3194 500
2367 3147 2511 3194 stadia
2527 3148 2576 3195 in
2593 3147 2721 3196 dieni‘
2739 3145 2756 3158 ’¹

1482 3234 1805 3279 numeramur3
1832 3238 1935 3268 nain
1963 3239 1987 3267 a
2007 3225 2152 3267 Heme
2169 3224 2227 3268 ad
2250 3226 2347 3283 Cap
2366 3225 2475 3268 Vere
2494 3233 2602 3270 sunt
2625 3223 2719 3272 sere

1482 3300 1604 3343 6000
1628 3299 1773 3344 stadia
1799 3299 1895 3343 sive
1919 3314 1971 3342 ia
1998 3307 2052 3349 ><
2077 3298 2182 3344 500.
2209 3297 2321 3352 Quae
2337 3298 2494 3344 omnia
2515 3297 2564 3344 in
2592 3298 2719 3346 Han·

1483 3374 1620 3419 nonis
1645 3374 1949 3419 narrationem
1976 3374 2148 3435 optime
2166 3372 2417 3434 quadrant3
2437 3389 2715 3436 quamquam
2752 3363 2756 3365 ⁵

1483 3449 1625 3495 fateor
1665 3454 1859 3506 Argouin
1901 3449 2095 3494 insulam
2139 3464 2195 3493 eo
2232 3463 2330 3493 sese
2370 3449 2716 3507 commendare,

1481 3523 1603 3585 quod
1615 3524 1670 3569 ad
1684 3524 1954 3568 commercia
1969 3523 2185 3569 nectenda
2197 3525 2341 3570 multo
2358 3526 2537 3586 aptiore
2553 3525 2602 3572 in
2615 3525 2718 3573 loco

1482 3600 1628 3661 posita
1642 3598 2019 3658 sit.—1tetiquam
2038 3600 2346 3659 navigationis
2360 3611 2532 3663 partem
2545 3603 2719 3665 optime

1481 3675 1730 3737 explicavit
1773 3674 2042 3732 llennelius,
2090 3675 2221 3737 cujus
2272 3677 2472 3724 rationes
2498 3676 2632 3724 etiam
2661 3692 2717 3725 eo

225 3794 277 3844 (⁴)
295 3794 426 3835 stadia
451 3795 489 3834 ln
518 3794 677 3845 gradum
699 3795 991 3844 geographicum
1012 3798 1278 3845 computamus
1301 3803 1384 3838 600.
1405 3798 1515 3843 Quod
1533 3808 1607 3837 non
1631 3798 1876 3842 monuissem,
1894 3797 1962 3836 nisi
1984 3798 2203 3838 etiamnunc
2230 3801 2365 3849 passim
2383 3800 2627 3839 occurrerent
2644 3797 2715 3839 viri

175 3848 293 3898 docti,
311 3850 420 3890 varia
436 3849 528 3889 olim
543 3850 751 3889 stadiorum
770 3860 904 3899 genera
920 3861 990 3889 usu
1012 3852 1219 3890 obtinuisse
1231 3853 1503 3891 existimantes.
1522 3854 1567 3891 V.
1590 3853 1709 3893 Ultert
1739 3855 1876 3902 Gcoqr.
1900 3856 1929 3892 t.
1950 3856 1978 3900 1,
1996 3864 2035 3903 [ι.
2057 3858 2103 3893 67
2126 3865 2212 3904 sqq.

225 3904 297 3955 (”)
311 3905 393 3945 noe
405 3914 547 3945 nomen
562 3905 656 3944 milii
675 3905 829 3944 exhibet
842 3906 971 3945 tabula
990 3907 1140 3945 nautica
1155 3917 1241 3955 qua·
1254 3907 1471 3957 nuperrime
1490 3906 1627 3956 prodiit
1646 3907 1794 3946 Parisiis
1810 3918 1819 3944 ε
1837 3908 1931 3947 cene
1941 3909 2193 3948 occidentale
2208 3908 2432 3958 dumque.
2451 3908 2595 3947 Parae
2612 3917 2717 3947 com·

176 3963 287 4011 prise
303 3963 420 4003 entre
434 3962 472 4003 le
492 3964 580 4013 cap
598 3961 777 4012 BoJudor
797 3964 837 4002 ee
861 3962 1050 4012 lcflcuve
1067 3962 1116 4002 dc
1142 3965 1281 4002 δέοντα
1315 3966 1449 4003 Leone.
1476 3962 1601 4013 θύραι
1625 3962 1795 4011 cenem(
1821 3962 1870 4001 de
1892 3963 1934 4002 Ia
1957 3967 2129 4013 marine,
2163 3966 2271 4003 ¹852.
2295 3963 2356 4003 Uti
2379 3973 2438 4011 ea,
2457 3971 2535 4012 quo
2552 3963 2723 4013 tempor·

179 4019 458 4059 annotationem
468 4017 694 4068 scribebam,
706 4017 876 4058 nondum
891 4019 1007 4058 licuit.
1026 4018 1136 4065 Quod
1149 4019 1271 4059 doleo.
