2808 4342
67 176 136 236 (33,
151 178 228 236 34.)

152 279 269 324 πόλιν
291 278 488 340 μεγίστην
507 279 587 322 τῶν
607 278 649 322 ἐν
667 278 772 338 αὐτῇ
792 277 1005 333 Χαλκίδα,

65 364 126 393 575
151 347 303 394 Αἴκλον
325 347 359 391 δ’
378 345 593 407 Ἐρέτριαν
607 380 619 401 ,
640 343 721 390 ὅντ’
740 344 948 400 Ἀθηναῖον
973 347 1101 406 γένει,

150 416 223 471 τὴν
246 415 280 460 δ’
299 413 463 460 ἐναλίαν
482 412 686 474 Κήρινθον
703 412 901 465 ὡσαύτως
919 413 1048 459 Κόθον
1062 451 1072 470 ,

149 482 338 546 Δρύοπας
353 481 395 527 δὲ
415 481 488 537 τὴν
512 481 728 544 Κάρυστον
749 481 1065 542 ὠνομασμένην·

146 557 170 607 ἡ
192 553 227 596 δ’
245 549 439 598 ΥἙστίαιοι
456 549 596 612 γέγονε
621 551 868 614 Περραιὸῶν
889 551 1037 605 κτίσις.

148 624 315 667 Κεῖνται
332 619 374 665 δὲ
391 619 461 665 καὶ
475 620 636 676 νησῖδες
650 621 775 677 αὐτῆς
793 620 969 674 πλησίον
984 658 996 678 ,

62 707 124 736 580
149 691 319 751 Σκῦρος,
343 689 605 751 Πεπάρηθος,
626 688 826 746 Σκίαθος,
847 682 904 735 ὧν
925 692 1087 751 Κρῆτες
1109 688 1182 750 μὲν
1198 692 1233 736 οἱ

144 757 249 818 μετὰ
273 758 491 821 Σταφύλου
510 757 724 812 διαὸάντες
747 759 793 804 ἐκ
816 760 1019 804 Κνωσσοῦ
1041 777 1139 805 ποτε

144 827 392 890 Πεπάρηθον
413 826 531 888 ἐγγὺς
551 826 743 888 κειμένην
766 829 802 873 τ’
824 829 950 884 αὐτῆς
964 825 1074 876 Ἴκον

146 900 268 952 νῆσον
291 897 565 952 συνοικίζουσι
579 934 590 955 ,
611 896 683 953 τὴν
701 899 861 958 Σκῦρον
880 896 922 943 δὲ
943 897 1014 943 καί

146 963 257 1032 [τὴν]
279 966 455 1013 Σκίαθον
474 969 520 1012 ἐκ
535 966 703 1032 Θρᾴκης
721 966 965 1027 διαὸάντες,
990 969 1045 1020 ὡς
1062 966 1203 1030 λόγος,

58 1052 120 1083 585
143 1038 451 1096 Πελασγιῶται·
473 1036 575 1083 πάλι
592 1038 627 1082 δ’
644 1036 819 1099 ἐρήμους
842 1036 1061 1098 γενομένας

145 1104 270 1157 αὐτὰς
290 1105 456 1158 ἁπάσας
478 1106 698 1158 Χαλκιδεῖς
722 1102 970 1168 συνῴκισαν.

144 1174 357 1221 Ἀπέναντι
380 1177 415 1222 δ’
440 1175 620 1227 Εὗὸοίας
638 1179 896 1222 κατοικοῦσιν
919 1175 1093 1239 Λοκροί,

142 1238 198 1290 ὧν
220 1248 377 1307 πρῶτος
398 1238 540 1307 ἧρξεν,
565 1248 618 1298 ὡς
639 1244 824 1306 λέγουσ’,
849 1244 1107 1308 Ἀμφικτύων

143 1315 164 1357 ὁ
189 1313 493 1369 Δευκαλίωνος,
521 1313 713 1375 ἐχόμενος
736 1315 770 1358 δ’
799 1315 870 1376 ἀφ’
890 1311 1068 1374 αἵματος

61 1398 125 1428 590
149 1382 357 1442 Αἰτωλὸς,
377 1375 464 1428 εἶτα
489 1383 678 1440 Φύσκος,
702 1383 743 1435 ὃς
764 1391 886 1446 γεννᾷ
909 1383 1066 1446 Λοκρόν
1081 1419 1094 1442 ,

58 1515 184 1568 igitur
202 1529 296 1554 cum
313 1515 484 1569 Ephoro
501 1517 717 1556 Proxenus
740 1516 881 1556 fecisse
896 1515 1074 1566 videtur,-
1091 1530 1138 1556 ac
1162 1515 1298 1557 omni-

58 1590 113 1616 no
130 1575 236 1616 varia
260 1575 312 1616 de
333 1577 479 1617 Atticis
502 1577 545 1616 in
561 1576 720 1617 Euboea
735 1576 907 1616 coloniis
925 1576 1175 1618 ferebantur.
1200 1576 1217 1631 ss
1243 1600 1300 1607 —

59 1637 154 1692 574.
182 1638 372 1692 χαλκίδαν
407 1638 521 1689 cod.;
555 1654 635 1679 em.
671 1639 877 1680 Hoeschel.
912 1641 975 1680 De
1005 1653 1050 1680 re
1080 1639 1137 1679 ita
1171 1638 1295 1680 habet

56 1700 202 1740 Strabo
217 1701 272 1750 X,
300 1715 343 1755 p.
379 1704 460 1755 447
485 1715 494 1742 :
523 1700 747 1756 Ἀμφότεραι
762 1700 803 1742 δὲ
835 1700 1022 1757 (Chalcis
1044 1709 1084 1741 et
1104 1701 1297 1755 Eretria)

56 1763 129 1817 πρὸ
155 1767 231 1803 τῶν
258 1763 437 1818 Τρωικῶν
472 1763 533 1805 ὕπ’
575 1763 782 1816 Ἀθηναίων
807 1763 977 1806 ἐκτίσθαι
997 1763 1205 1819 λέγονται,
1234 1764 1298 1804 καὶ

58 1825 153 1880 μετὰ
168 1825 215 1866 τὰ
230 1825 382 1881 Τρωικὰ
403 1823 549 1874 Αἶκλος
571 1826 636 1867 καὶ
658 1827 779 1875 Κόθος
800 1825 836 1875 ἐξ
855 1826 1020 1879 Ἀθηνῶν
1051 1826 1293 1882 ὁρμηθέντες,

55 1888 77 1928 ὁ
91 1888 157 1943 μὲν
173 1887 367 1944 Ἐρέτριαν
381 1888 512 1945 ᾤκισε,
529 1889 650 1937 Κόθος
661 1888 782 1941 δὲτὴν
795 1889 983 1931 Χαλκίδα.
1001 1887 1118 1930 Idem
1130 1903 1173 1944 p.
1187 1890 1265 1938 445
1283 1902 1293 1930 ;

56 1951 129 1993 Καὶ
150 1949 340 1993 Ἑλλοπία
357 1952 390 1992 δ’
411 1951 610 2008 ὀνομάσθη
635 1952 850 2008 (Euboea)
868 1951 942 1994 ἀπὸ
973 1951 1195 2003 εΈλλοπος,
1226 1955 1294 1992 τοῦ

58 2013 211 2061 Ἴωνος·
249 2015 286 2054 οἱ
315 2013 355 2055 δὲ
377 2013 566 2056 Αἴκλου
601 2015 681 2056 καὶ
719 2015 878 2056 Κόθου
908 2014 1073 2070 ἀδελφόν
1099 2029 1227 2070 φασιν,
1255 2015 1297 2062 ὃς

55 2076 119 2115 καὶ
140 2074 208 2126 τὴν
253 2074 467 2118 Ἓλλοπίαν
506 2076 632 2117 κτίσαι
667 2077 875 2133 λέγεται...
906 2077 971 2118 καὶ
1004 2074 1073 2128 τὴν
1114 2075 1294 2117 Ἱστίαιαν

55 2137 367 2192 προσκτήσασθαι
385 2138 451 2179 καὶ
473 2137 542 2189 τὴν
566 2138 736 2193 Περιάδα
752 2138 817 2179 καὶ
834 2137 1024 2193 Κήρινθον
1041 2138 1128 2179 κτλ.
1145 2138 1208 2179 Cf.
1232 2138 1292 2180 id.

58 2201 109 2249 X,
134 2215 177 2255 p.
204 2201 280 2241 321
309 2213 318 2241 :
340 2200 414 2240 Καὶ
431 2199 504 2241 ἀπὸ
528 2204 604 2240 τῶν
624 2199 828 2254 ὀνομάτων
848 2199 889 2240 δὲ
907 2198 1018 2241 ἐνίων
1041 2199 1086 2242 τὸ
1104 2200 1293 2255 βάρὸαρον

57 2258 294 2317 ἐμφαίνεται·
326 2262 472 2317 Κέκροψ
491 2261 556 2302 καὶ
581 2261 725 2317 Κόδρος
746 2262 811 2302 καὶ
842 2259 1022 2310 Αἶκλος
1049 2261 1115 2303 καὶ
1146 2262 1296 2311 Κόθος

55 2323 141 2363 κτλ.
165 2324 422 2374 Plutarchus,
441 2327 526 2376 Qu.
549 2338 610 2377 gr.
631 2338 668 2364 c.
687 2337 740 2364 22
756 2337 766 2364 :
781 2324 845 2372 Τίς
864 2323 885 2364 ὁ
897 2324 1052 2365 Παίδων
1067 2324 1182 2379 τάφος
1194 2324 1295 2379 παρὰ

55 2385 305 2436 Χαλκιδεῦσι;
330 2386 450 2433 Κόθος
470 2386 535 2426 καὶ
550 2385 704 2440 ’Άρκλος
720 2387 737 2438 <
756 2387 844 2440 sic)
865 2386 902 2426 οἱ
925 2386 1073 2427 Ξούθου
1091 2387 1223 2434 παῖδες
1245 2387 1295 2435 εἷς

57 2448 222 2489 Εόὃοιαν
239 2442 333 2500 ἧκον
351 2447 583 2499 οἰκήσοντες,
599 2447 767 2489 Αἰολέων
792 2450 879 2489 τότε
898 2448 945 2489 τὰ
960 2449 1125 2491 πλεῖστα
1142 2453 1209 2502 τῆς
1232 2451 1295 2503 νή-

56 2526 123 2551 σου
140 2511 402 2565 κατεχόντων.
421 2511 616 2566 Stephan.
634 2513 731 2566 Byz.
755 2524 765 2551 :
793 2510 1028 2567 Ἐλευθερὶς,
1047 2511 1157 2560 πόλις
1173 2513 1294 2553 Βοιω·

54 2574 149 2624 τίας,
167 2572 345 2629 Ὠρωποῦ
357 2572 539 2625 πλησίον,
552 2573 676 2613 Κόθου
688 2572 753 2614 καὶ
760 2571 908 2613 Αἶκλου
921 2573 996 2630 (sic
1005 2574 1151 2615 Berkel
1161 2591 1172 2624 ;
1182 2573 1296 2631 Ἐγκ-

54 2635 142 2677 λέου
156 2634 306 2692 codd.)
329 2635 530 2691 [κτίσμα].
546 2635 801 2691 Θεόπομπος(
814 2635 865 2677 fr.
881 2638 990 2690 226)
1006 2635 1060 2692 μ’.
1076 2637 1130 2677 Τὸ
1145 2635 1292 2679 ἐθνικὸν

63 2696 342 2752 Ἐλευθερίτης.
362 2699 460 2738 Haec
475 2706 572 2738 sunt
584 2712 675 2752 quae
694 2697 745 2738 de
759 2698 874 2738 AEclo
897 2707 938 2739 et
959 2699 1093 2740 Cotho
1109 2707 1293 2741 veterum

55 2761 288 2801 testimonia
309 2768 493 2810 exstant,
513 2774 691 2814 quorum
712 2760 874 2801 nullum
897 2775 993 2802 cum
1007 2762 1159 2802 Nostro
1176 2776 1294 2817 pror-

32 2820 122 2862 *sus
151 2822 348 2864 concinit.
383 2822 448 2863 Cf.
480 2821 659 2877 Vellejus
687 2825 723 2873 Ι,
763 2826 786 2872 4
808 2836 818 2863 :
843 2822 1111 2865 Athenienses
1138 2823 1180 2864 in
1205 2828 1292 2866 Ea-

56 2885 140 2926 boea
159 2884 386 2927 Chalcidem
405 2894 444 2926 et
463 2885 671 2926 Eretriam
694 2885 847 2926 colonis
874 2901 1121 2942 occupavere
1133 2904 1149 2936 ;
1171 2890 1293 2928 Laee-

55 2946 247 2989 doemonii
271 2948 313 2989 in
334 2947 444 2989 Asia
467 2948 742 3000 Magnesiam.
763 2951 849 2990 Nec
868 2949 996 2989 multo
1011 2958 1112 3005 post
1137 2950 1294 2992 chalci-

54 3008 243 3051 denses...
287 3009 450 3052 Atticis
489 3010 693 3066 Hippocle
729 3020 769 3051 et
802 3011 1064 3063 Megasthene
1097 3011 1288 3063 ducibus,

58 3074 201 3112 Cumas
225 3071 267 3113 in
293 3071 427 3113 Italia
450 3071 733 3115 condiderant.
761 3073 777 3128 ll
806 3097 863 3104 —
890 3072 986 3128 675.
1009 3072 1156 3115 Αἶκλον
1179 3074 1219 3115 δὲ
1235 3090 1294 3130 ρε-

55 3134 205 3186 τριανόν
231 3134 264 3175 τ’
297 3133 497 3188 Ἀθηναῖον
526 3135 638 3186 cod.;
676 3151 757 3177 em.
797 3138 1030 3187 Letronne‚
1067 3138 1145 3178 nisi
1179 3137 1293 3192 quod

55 3194 283 3236 Meinekius
301 3210 379 3251 pro
405 3195 551 3238 Αἶκλον
575 3197 690 3239 dedit
723 3197 892 3249 ’Ά”ι’κλον,
925 3218 942 3233 α
968 3198 1082 3253 quod
1111 3213 1263 3239 nomen
1276 3230 1289 3250 ‚

57 3256 213 3310 inquit,
238 3271 287 3297 ex
315 3256 464 3311 Ἀϊκλῆς
493 3260 509 3313 (
532 3258 697 3312 Ἀεικλῆς
715 3262 732 3314 )
752 3260 997 3311 formatum,
1028 3270 1075 3302 ut
1100 3261 1289 3316 Πρόκλος,

58 3317 278 3372 Πάτροκλος
295 3328 335 3360 et
360 3320 452 3362 alia.
479 3338 494 3359 »
524 3322 539 3376 11
566 3346 623 3353 —-
650 3322 745 3376 576.
772 3324 854 3364 Pro
885 3321 1039 3364 ἐναλίαν
1062 3323 1292 3365 Meinekius

58 3381 182 3421 scrib.
206 3389 322 3435 putat
345 3381 518 3438 ἐφαλίαν,
538 3399 779 3440 comparans
795 3388 921 3428 Hom.
942 3387 991 3428 Il.
1014 3402 1055 3438 2,
1080 3388 1158 3428 538
1183 3401 1192 3428 z
1219 3387 1293 3440 Κή-

59 3443 184 3496 ρινθόν
209 3444 242 3483 τ’
267 3443 424 3498 ἔφαλον.
452 3446 530 3487 Sed
550 3461 679 3502 quum
694 3447 841 3489 eodem
860 3463 983 3490 sensu
998 3451 1119 3491 etiam
1142 3449 1292 3499 ἐνάλιος

58 3504 194 3545 dicere
212 3505 328 3547 liceat
351 3508 367 3559 (
392 3522 432 3548 ν.
457 3509 597 3564 Steph.
626 3510 751 3551 Thes.
773 3525 806 3551 S.
827 3525 866 3552 V.
888 3514 920 3565 ),
950 3513 1178 3553 mutatione
1203 3528 1289 3553 non

58 3583 162 3623 opus
186 3576 259 3609 est.
286 3569 302 3623 ss
325 3593 381 3600 —
397 3571 478 3610 Pro
500 3570 624 3611 Κόθον
650 3570 782 3613 codex
797 3572 956 3623 Κόθων;
975 3588 1056 3615 em.
1081 3574 1286 3616 Hoeschel.

64 3631 79 3684 Η
106 3655 162 3661 —
194 3630 288 3684 577.
314 3633 375 3671 De
402 3645 446 3671 re
465 3631 558 3672 vide
580 3632 757 3675 Diodor.
795 3636 872 3685 IV,
908 3635 978 3689 37,
1017 3648 1057 3676 2.
1095 3636 1286 3692 Thucyd.

56 3693 154 3742 VII,
185 3691 252 3746 57,
286 3696 327 3741 4.
366 3694 541 3734 Pausan.
565 3695 642 3745 IV,
668 3696 736 3744 34.
778 3697 795 3750 Η
831 3720 888 3728 —
920 3696 1061 3752 578.ἣ
1099 3697 1140 3739 δὲ
1165 3700 1291 3740 στιαία

58 3754 171 3803 cod.;
193 3769 274 3795 em.
310 3754 520 3805 Meineke;
549 3770 626 3809 vgo
658 3756 682 3808 ἣ
706 3758 739 3797 δ’
770 3756 942 3799 Ἱστιαία.
969 3759 1130 3801 Deinde
1160 3760 1291 3802 codex

58 3817 205 3871 γέγωνε
225 3817 439 3872 Περρέῧων.
464 3818 553 3858 Sec.
579 3819 769 3860 Strabon.
794 3821 870 3870 IX,
892 3835 935 3876 p.
961 3823 1041 3876 437
1076 3823 1203 3875 (coll.
1231 3824 1287 3874 X,

57 3891 100 3933 p.
141 3878 219 3927 445
242 3878 254 3934 )
281 3880 488 3920 Perrhaebi
523 3895 605 3920 non
634 3881 911 3923 condiderunt
938 3885 1177 3936 Hestiaeam,
1218 3885 1290 3926 sed

57 3944 267 3996 regionem
289 3942 376 3997 ejus
397 3943 682 3993 devastarunt,
701 3944 935 3999 incolasque
964 3945 1223 3989 deduxerunt
1247 3950 1290 3989 in

56 4005 303 4046 Thessaliam
317 4038 327 4057 ‚
368 4006 439 4047 ubi
476 4007 704 4048 Hestiaeotis
744 4009 856 4061 regio
877 4008 927 4048 ab
964 4009 1012 4049 iis
1051 4018 1194 4052 vocata
1222 4013 1288 4051 sit.

1042 177 1227 233 oRBIS,
1239 178 1623 226 DESCRIPTIO.

2508 205 2595 244 219

1362 288 1599 330 Chalcidem
1617 289 1765 330 urbem
1786 290 1830 331 in
1849 290 1981 331 insula
2002 292 2238 343 maximam,

1362 356 1540 408 Aiclum,
1558 358 1850 400 Atheniensem
1869 373 2030 414 genere,
2051 362 2268 411 Eretriam,

1363 424 1613 465 maritimam
1629 427 1873 467 Cerinthum
1885 427 2039 482 pariter
2053 428 2233 469 Cothum
2248 460 2258 478 ,

1363 491 1552 545 Dryopes
1573 493 1807 548 Carystum,
1831 508 1923 549 quae
1941 502 2112 535 vocatur
2124 511 2135 545 ;

1363 560 1538 602 Hestiaea
1556 560 1734 617 denique
1749 578 1773 603 a
1789 563 2018 604 Perrhaebis
2037 563 2218 606 condita.

1363 631 1387 669 J
1389 636 1509 669 acent
1526 628 1651 670 etiam
1668 643 1805 684 parvae
1822 644 1952 685 prope
1973 630 2175 672 Euboeam
2195 633 2351 685 insulae,

1364 697 1529 752 Scyrus,
1545 697 1810 752 Peparethus,
1829 697 2031 748 Sciathus,
2055 697 2107 739 de
2130 700 2279 754 quibus
2299 703 2509 745 Cretenses

1365 779 1460 806 cum
1476 764 1673 821 Staphylo
1691 780 1714 807 e
1733 767 1891 807 Cnosso
1918 765 2018 806 olim
2034 771 2252 810 transvecti

1363 832 1639 888 Peparethum
1661 841 1702 874 et
1719 833 1998 888 propinquam
2015 835 2052 875 ei
2074 836 2191 876 Icum

1365 902 1540 943 insulam
1556 901 1712 943 colonis
1735 900 2064 958 frequentarunt,
2086 905 2257 959 Scyrum
2276 921 2372 948 vero

1366 978 1406 1011 et
1424 971 1635 1011 Sciathum
1653 985 1676 1011 e
1692 970 1871 1011 Thracia
1890 972 2123 1023 transvecti,
2141 981 2188 1013 ut
2209 973 2353 1026 fertur,

1368 1040 1630 1095 Pelasgiotae3
1654 1054 1798 1082 rursus
1817 1049 1955 1082 autem
1977 1040 2156 1083 desertas
2176 1042 2298 1085 factas

1367 1123 1510 1149 omnes
1530 1109 1616 1149 illas
1632 1107 1948 1164 frequentarunt
1966 1109 2268 1153 Chalcidenses.

1369 1178 1433 1217 Ex
1457 1175 1629 1217 adverso
1650 1176 1819 1218 Euhoeae
1840 1176 2029 1218 habitant
2048 1179 2187 1230 Locri,

1368 1245 1518 1300 quibus
1532 1246 1692 1300 primus
1710 1245 1942 1302 imperavit,
1959 1254 2007 1287 ut
2025 1247 2155 1298 aiunt,
2174 1249 2422 1304 Amphictyo

1370 1313 1647 1364 Deucalionis,
1672 1315 1888 1368 proximus
1907 1322 1996 1355 tum
2018 1316 2216 1369 sanguine

1371 1380 1543 1431 AEtolus‚
1562 1380 1713 1422 deinde
1731 1381 1913 1437 Physcus
1927 1397 1938 1432 ;
1954 1382 2024 1423 hic
2038 1383 2167 1437 gignit
2186 1382 2382 1434 Loc'rum,

1369 1516 1523 1555 Contra
1533 1515 1762 1570 Stephanus
1782 1530 1815 1555 s.
1836 1530 1875 1556 v,
1891 1516 2108 1556 Hestiaeam
2126 1516 2295 1558 Euboeae
2310 1532 2462 1559 nomen
2478 1519 2603 1560 habe-

1373 1591 1418 1617 re
1436 1576 1537 1618 dicit
1563 1576 1637 1619 ἀπὸ
1663 1580 1730 1630 τῆς
1747 1578 1833 1633 περὶ
1855 1578 1920 1619 τὸν
1945 1577 2151 1633 ’Ὄλυμπον
2182 1577 2387 1628 Ἑστιαίας.
2417 1583 2605 1637 Denique

1366 1639 1557 1681 Strabon.
1574 1641 1630 1691 X,
1654 1655 1696 1695 p.
1718 1640 1800 1689 ’445
1822 1654 1832 1681 :
1856 1640 1983 1681 Ἔνιοι
2002 1641 2036 1680 δ’
2059 1640 2120 1682 ὑπ’
2147 1639 2352 1694 Ἀθηναίων
2376 1642 2599 1696 ἀποικισθῆ-

1368 1702 1533 1757 ναίφασι
1551 1700 1620 1754 τὴν
1651 1701 1845 1743 Ἑστίαιαν
1867 1701 1940 1744 ἀπὸ
1963 1705 2030 1743 τοῦ
2050 1702 2175 1758 δήμου
2201 1706 2268 1744 τοῦ
2295 1702 2518 1756 Ἱστιαιέων,
2545 1707 2595 1755 ὡς

1367 1764 1431 1805 καὶ
1460 1764 1534 1806 ἀπὸ
1557 1768 1625 1806 τοῦ
1653 1764 1856 1821 Ἐρετρίων
1887 1764 1956 1817 τὴν
1983 1765 2193 1821 Ἐρέτριαν.
2226 1767 2242 1821 ΙΙ
2268 1791 2325 1798 -
2352 1767 2447 1809 581.
2482 1769 2603 1810 Στα-

1367 1827 1552 1883 φύλου]
1587 1828 1650 1870 Cf.
1687 1828 1862 1869 Diodor.
1895 1830 1958 1869 VI
1990 1843 2059 1883 79,
2088 1842 2113 1869 2
2137 1841 2147 1868 :
2176 1829 2260 1869 Τῶν
2298 1828 2339 1869 δὲ
2361 1829 2492 1870 ἄλλων
2525 1836 2600 1872 τῶν

1367 1891 1452 1946 περὶ
1477 1890 1590 1932 αὖτὸν
1620 1890 1825 1947 ἣγεμόνων
1857 1890 2005 1947 ἑκάστῳ
2028 1894 2144 1943 νῆσον
2169 1891 2192 1943 ἢ
2216 1891 2328 1933 πόλιν
2359 1892 2603 1947 δωρήσασθαι

1366 1952 1523 2008 λέγουσι
1546 1954 1611 1994 τὸν
1639 1952 1924 2009 Ῥαθάμανθον,
1948 1953 2091 1994 Θόαντι
2118 1953 2185 2009 μὲν
2207 1955 2381 2010 Λῆμνον,
2410 1953 2544 1998 Ἐνυεῖ
2561 1959 2600 1999 δὲ

1365 2015 1510 2070 Κύρνον
1525 2017 1594 2070 (Ρ),
1605 2016 1666 2057 Στ
1679 2017 1764 2072 αφύ
1777 2017 1802 2056 λ
1814 2034 1846 2073 ῳ
1860 2016 2086 2072 (Παμφύλῳ
2098 2015 2240 2067 codd.;
2263 2016 2407 2071 quode
2423 2019 2600 2074 Scymno

1363 2079 1543 2118 correxit
1589 2079 1773 2133 Heynius
1800 2080 1817 2131 )
1845 2077 1896 2118 δὲ
1925 2077 2237 2134 Πεπάρηθον,
2280 2078 2367 2120 κτλ.
2410 2081 2472 2120 De
2514 2082 2599 2122 Sta-

1362 2139 1487 2194 phylo
1507 2140 1657 2180 Bacchi
1675 2148 1716 2180 et
1734 2139 1935 2180 Ariadnes
1951 2140 2036 2180 filio
2055 2154 2094 2181 v.
2116 2139 2291 2181 Diodor.
2312 2142 2367 2190 V,
2388 2145 2438 2182 62
2446 2158 2456 2191 ;
2478 2145 2601 2198 Apol-

1363 2201 1496 2242 lodor.
1518 2203 1558 2251 Ι,
1579 2217 1620 2254 9,
1656 2205 1730 2252 163
1755 2201 1883 2241 schol.
1906 2201 2041 2255 Apoll.
2061 2202 2141 2242 Rh.
2168 2204 2245 2251 III,
2269 2217 2366 2256 9975
2390 2203 2594 2244 Plutarch.

1361 2263 1483 2304 Thes.
1501 2279 1537 2303 c.
1560 2277 1634 2313 203
1658 2263 1851 2304 Parthen.
1870 2265 1987 2303 Erot.
2003 2278 2039 2304 c.
2062 2277 2107 2313 13
2125 2264 2334 2318 Lycophr.
2351 2264 2452 2318 57ο;
2467 2265 2594 2306 schol.

1362 2325 1575 2380 Aristoph.
1601 2325 1711 2366 Plut.
1749 2338 1878 2374 10223
1907 2324 2013 2364 Plin.
2042 2325 2139 2374 VH,
2167 2324 2239 2374 563
2263 2326 2414 2379 Hygin.
2441 2325 2469 2365 f.
2496 2326 2593 2374 130;

1363 2386 1486 2428 Ovid.
1504 2389 1605 2428 Met.
1631 2388 1708 2436 VI,
1742 2386 1834 2426 125.
1865 2386 1881 2439 Η
1900 2410 1956 2417 -
1976 2386 2244 2440 Κνωσσοῦ]
2275 2384 2317 2426 ἐκ
2339 2388 2486 2427 νώσσου
2506 2391 2597 2430 ποτέ

1363 2448 1457 2490 cod.
1488 2450 1503 2503 ΙΙ
1536 2474 1593 2480 —-
1613 2449 1708 2497 584.
1728 2446 1797 2498 τὴν
1822 2449 1941 2488 omis.
1975 2447 2130 2498 codex3
2153 2447 2250 2489 add.
2283 2447 2400 2489 editt.
2424 2452 2526 2502 Quae
2545 2450 2596 2491 de

1362 2511 1439 2551 hac
1459 2511 1593 2552 insula
1609 2510 1736 2551 tradit
1758 2512 1921 2560 Noster,
1945 2509 2110 2551 aliunde
2129 2524 2214 2550 non
2237 2518 2335 2550 nota
2361 2519 2470 2551 sunt.
2503 2513 2517 2565 Η
2541 2537 2597 2544 —

1365 2574 1459 2615 585.
1480 2575 1596 2616 πάλιν
1621 2574 1715 2615 cod.
1743 2574 1760 2628 ΙΙ
1782 2598 1838 2604 -
1859 2574 1954 2615 588.
1971 2573 2149 2629 λέγουσιν
2174 2571 2268 2614 cod.
2289 2574 2377 2627 11-
2393 2574 2488 2628 590.
2513 2575 2595 2615 Αἰ-

1361 2637 1456 2676 τωλ
1466 2638 1486 2677 ό
1500 2654 1515 2685 ς
1531 2640 1544 2690 ]
1563 2637 1720 2678 AEtolus
1735 2651 1785 2676 ex
1800 2636 1956 2689 vulgari
1975 2636 2208 2690 genealogia
2222 2644 2416 2690 quattuor
2433 2650 2597 2689 genera·

1362 2700 1543 2740 tionibus
1567 2699 1871 2754 Amphictyone
1889 2699 2093 2753 posterior
2106 2714 2117 2749 3
2140 2712 2273 2752 neque
2295 2697 2382 2752 ejus
2397 2700 2596 2740 memine-

1360 2770 1459 2802 runt
1491 2762 1562 2816 qui
1598 2760 1650 2801 de
1685 2760 1832 2801 eodem
1865 2769 2079 2801 stemmate
2110 2768 2252 2814 agunt,
2291 2760 2528 2800 Eustathius
2558 2770 2598 2801 et

1360 2823 1619 2864 Plutarchus.
1647 2825 1842 2876 Quorum
1871 2822 1937 2863 ille
1966 2821 2020 2863 ad
2040 2822 2090 2863 Il.
2107 2836 2151 2877 p.
2177 2834 2274 2876 277,
2303 2834 2378 2876 17:
2403 2821 2451 2861 Οἱ
2470 2821 2510 2862 δὲ
2531 2838 2598 2863 πα-

1360 2885 1466 2926 λαιοί
1490 2901 1580 2941 φασι
1595 2885 1810 2927 καὶταῦτα.
1846 2884 2115 2941 Ἀμφικτύονος
2132 2883 2198 2926 καὶ
2214 2883 2483 2940 Χθονοπάτρας
2501 2883 2596 2926 ἀπό-

1360 2963 1474 3004 γονος
1501 2948 1668 2998 Φύσκος,
1692 2945 1736 2988 οὗ
1772 2948 1935 3003 Λοκρός·
1970 2943 2026 2989 ὧν
2065 2946 2140 2989 ἀπὸ
2169 2945 2236 3002 μὲν
2269 2946 2425 2987 Φύσκου
2449 2947 2597 2988 Φύσκοι

1360 3012 1507 3067 πρῴην,
1532 3009 1607 3052 ἀπὸ
1622 3009 1664 3051 δὲ
1684 3010 1833 3065 Λοκροῦ
1855 3009 2000 3065 Λοκροὶ
2023 3008 2060 3050 οἱ
2080 3008 2188 3050 αὖτοὶ
2202 3008 2500 3064 ὠνομάσθησαν.
2519 3010 2594 3049 Λο-

1360 3076 1452 3129 κροῦ
1468 3073 1509 3115 δὲ
1539 3072 1703 3121 Ὀποῦς·
1723 3073 1815 3129 πρὸς
1838 3074 1882 3114 ’ὸν
1907 3071 2114 3127 διενεχθεὶς
2129 3071 2150 3112 ὁ
2171 3068 2450 3126 πατὴρΛοκρὸς
2467 3069 2512 3124 ἐᾷ’
2527 3071 2593 3125 μὲν

1361 3137 1494 3192 ἄρχειν
1516 3135 1681 3187 ἐκεῖνον,
1709 3135 1819 3182 αὔτὸς
1841 3134 1881 3175 δὲ
1908 3134 2012 3175 οἰκεῖ
2030 3133 2077 3175 τὰ
2102 3133 2193 3188 πρὸς
2223 3132 2381 3187 ἑσπέραν
2401 3134 2468 3172 τοῦ
2493 3132 2594 3187 Παρ-
2656 3182 2661 3186 Δ

1361 3202 1503 3240 νασσοῦ
1518 3231 1529 3250 ,
1550 3198 1653 3254 ἔχων
1674 3197 1721 3253 ὗφ
1738 3197 1870 3239 ἑαυτὸν
1888 3197 1975 3244 τοὺς
1991 3195 2084 3247 ἐκεῖ,
2104 3196 2143 3236 οἳ
2160 3194 2324 3250 ἓσπέριοί
2344 3209 2384 3235 τε
2396 3193 2461 3234 καὶ
2486 3192 2595 3242 Ὀζό-

1359 3262 1428 3303 λαι
1443 3261 1706 3304 ἐκαλοῦντο...
1737 3260 1798 3316 ἀφ’
1838 3256 1892 3301 ὧν
1911 3259 2067 3314 ὕστερον
2091 3258 2155 3300 καὶ
2174 3257 2327 3300 ἀποικία
2346 3254 2396 3304 εἰς
2423 3254 2592 3297 Ἰταλίαν

1360 3323 1518 3378 ἐστάλη.
1541 3323 1748 3365 Plutarch.
1779 3326 1864 3375 QU.
1896 3336 1957 3376 gr.
1979 3337 2016 3362 c.
2055 3320 2120 3371 15,
2154 3335 2197 3375 p.
2219 3322 2316 3373 294,
2338 3319 2373 3358 Ε
2404 3331 2414 3359 :
2436 3318 2592 3359 Φύσκου

1365 3387 1471 3443 (vgo
1492 3387 1662 3427 Φυσκίου
1684 3387 1700 3440 )
1726 3387 1792 3426 τοῦ
1816 3383 2079 3440 Ἀμφικτύονος
2099 3382 2177 3430 υἱὸς
2195 3379 2241 3434 ἦν
2263 3381 2284 3422 ὁ
2308 3380 2470 3435 Λοκρός·
2495 3379 2536 3421 ἐκ
2552 3381 2593 3422 δὲ

1361 3450 1496 3491 τούτου
1520 3449 1584 3490 καὶ
1603 3447 1751 3500 Καθύης
1771 3447 1932 3502 Λοκρός·
1960 3446 2052 3501 πρὸς
2075 3447 2119 3486 ’ὸν
2145 3445 2166 3485 ὁ
2189 3441 2312 3498 πατὴρ
2331 3442 2589 3497 διενεχθεὶς,..

1359 3512 1446 3568 περὶ
1475 3511 1646 3559 ἀποικίας
1669 3510 1910 3565 ἐμαντεύετο,
1929 3509 2016 3550 κτλ.
2040 3509 2145 3549 Cum
2162 3508 2315 3548 Nostro
2334 3513 2474 3546 autem
2499 3504 2594 3546 facit

1360 3574 1590 3630 Stephanus
1626 3586 1636 3614 ε
1662 3572 1827 3621 Φύσκος,
1859 3571 1970 3619 πόλις
2005 3570 2211 3626 Λοκρίδος,
2245 3567 2319 3609 ἀπὸ
2343 3566 2497 3607 Φύσκου
2527 3570 2594 3607 τοῦ

1359 3637 1533 3678 Αἰτώλου
1554 3637 1675 3691 [τοῦ]
1703 3633 1998 3689 Ἀμφικτύονος,
2015 3636 2083 3675 τοῦ
2103 3630 2417 3678 Δευκαλίωνος...
2436 3629 2595 3683 Λέγεται

1362 3700 1426 3742 καὶ
1447 3699 1662 3754 ἀρσενικῶς.
1688 3713 1704 3734 (ι
1727 3696 1879 3743 Φύσκος
1901 3694 1942 3737 δὲ
1965 3694 2027 3750 ἀφ’
2062 3692 2108 3735 οὗ
2141 3694 2178 3735 οἳ
2203 3693 2364 3748 Λέλεγες
2382 3691 2419 3731 οἷ
2438 3692 2595 3731 νῦν”Λο-

1362 3761 1459 3816 κροί.
1483 3778 1499 3798 »
1528 3761 1721 3800 Ceterum
1747 3756 1799 3798 de
1819 3759 1954 3798 Locro
1969 3755 2138 3811 ejusque
2166 3755 2250 3796 filio
2272 3755 2383 3795 varia
2396 3751 2590 3793 narratio.

1361 3826 1416 3864 V.
1441 3821 1678 3864 Aristoteles
1698 3819 1750 3861 fr.
1777 3822 1853 3861 118
1874 3834 1936 3874 sq.
1955 3834 2023 3874 ap.
2044 3818 2173 3859 schol.
2191 3815 2360 3859 Pindar.
2378 3816 2425 3855 P.
2450 3827 2510 3862 1x,
2541 3814 2592 3853 86

1361 3895 1400 3927 et
1421 3885 1539 3940 plura
1572 3898 1639 3938 ap.
1674 3881 1845 3924 Boeckh.
1888 3882 2010 3937 Expl.
2046 3880 2168 3922 Pind.
2200 3893 2242 3933 p.
2287 3890 2355 3930 191
2374 3892 2386 3926 ;
2419 3874 2590 3923 Clavier‚

1361 3942 1546 3988 Histoire
1568 3944 1637 3984 cles
1661 3959 1792 3999 prem.
1823 3953 1952 3999 temps
1983 3942 2032 3983 cle
2055 3942 2095 3982 Ia
2116 3945 2189 3982 Gr.
2210 3942 2254 3990 Ι,
2280 3953 2323 3994 p.
2350 3938 2418 3991 93.
2444 3935 2594 3975 Raoui-

1364 4009 1574 4058 Rochettc,
1602 4006 1744 4047 Etabl.
1779 4008 1835 4056 ΙΙ,
1869 4021 1911 4060 p.
1949 4004 2021 4055 15;
2049 4004 2229 4045 Clinton.
2258 4003 2303 4041 F.
2339 4001 2392 4039 H.
2429 4006 2529 4038 tom.
2557 3999 2591 4046 Ι,
