2808 4342
533 17 581 70 Ο

746 103 790 150 Ο

210 225 298 265 356
563 245 608 289 .

205 321 288 367 rev
307 318 415 382 ἀμφὶ
429 318 500 364 τὸν
515 318 728 381 Νέαρχον,
746 314 838 362 οὐδὲ
854 312 971 360 αὐτοὶ
987 312 1221 374 ἐπανῄεσαν
1232 347 1245 370 ,
1265 313 1442 360 ἐνταῦθα

207 387 258 445 δὴ
290 388 360 435 τὸν
383 386 460 449 μὲν
479 387 691 450 ἄνθρωπον
714 386 891 439 ἐκεῖνον,
913 385 969 433 ὣς
989 380 1090 427 κενά
1117 399 1162 428 τε
1191 381 1442 443 ἀγγείλαντα

205 457 278 503 καὶ
297 455 556 520 λυπηρότερά
574 457 611 501 οἱ
628 453 680 499 τὰ
702 451 932 514 πρήγματα
955 448 1188 506 ποιήσαντα
1205 455 1258 515 τῇ
1283 451 1442 515 ματαίῃ

206 523 461 589 εὐφροσύνῃ,
498 521 717 570 συλλαὸεἶν
755 520 915 566 κελεύει
946 518 1221 583 Ἀλέξανδρος·
1251 521 1373 573 αὐτὸς
1398 522 1441 567 δὲ

164 611 185 639 ε
206 598 259 658 τῇ
280 613 324 640 τε
344 594 414 656 ὄψι
435 592 507 638 καὶ
527 595 579 652 τῇ
602 588 749 651 γνώμῃ
769 591 892 645 δῆλος
905 582 958 647 ἦν
980 589 1152 654 μεγάλῳ
1170 589 1265 653 ἄχεί·
1284 590 1443 653 βεὸλη-

207 666 344 724 μένος.
415 661 468 721 (ο)
492 660 563 705 Ἰίν
585 657 718 722 τούτῳ
743 657 785 704 δὲ
807 661 890 705 τῶν
917 677 1022 712 τινες
1052 658 1161 706 κατὰ
1181 659 1351 717 ζήτησιν
1371 665 1443 707 τοῦ

204 732 398 792 Νεάρχου
419 726 684 788 ἐσταλμένων
702 726 854 781 ἵππους
876 746 922 775 τε
947 727 1018 775 ἐπὶ
1035 729 1187 793 κομιδῇ
1212 730 1347 775 αὐτῶν
1371 730 1443 775 καὶ

205 799 365 853 ἀπήνας
387 796 431 844 δὲ
463 797 630 859 ἄγοντες
650 798 945 861 ἐντυγχάνουσι
967 798 1078 846 κατὰ
1101 798 1178 855 τὴν
1212 797 1303 844 ὁδὸν
1330 800 1443 862 αὐτῷ

200 886 243 914 τε
274 867 456 932 Νεάρχῳ
493 867 566 914 καὶ
602 870 660 931 τῷ
683 867 827 932 Ἀρχίῃ
851 868 923 915 καὶ
956 868 1080 916 πέντε
1109 868 1137 925 ἢ
1164 866 1204 922 ἓξ
1240 867 1329 927 ἅμα
1367 869 1440 915 αὖ·

139 953 179 985 10
203 941 323 985 τοῖσι·
348 938 456 998 μετὰ
481 938 687 984 τοσούτων
707 938 789 1002 γὰρ
813 939 946 1001 ἀνῄει.
1018 940 1074 1000 (7)
1096 940 1181 987 Καὶ
1208 938 1445 1001 ἐντυχόντες

198 1006 293 1054 οὔτε
315 1007 439 1054 αὐτὸν
463 1007 688 1072 ἐγνώρισαν
709 1007 803 1054 οὔτε
822 1009 891 1054 τὸν
910 1008 1092 1072 Ἀρχίην·
1105 1006 1212 1055 οὕτω
1230 1026 1292 1054 τοι
1308 1010 1443 1072 κάρτα

199 1079 357 1124 ἀλλοῖοι
392 1076 632 1143 ἐφάνησαν,
655 1077 887 1137 κομόωντές
923 1097 968 1124 τε
1002 1077 1073 1124 καὶ
1112 1077 1339 1141 ῥυπόωντες
1372 1078 1443 1126 καὶ

199 1147 342 1209 μεστοὶ
364 1147 524 1209 ἅλμης,
555 1149 628 1194 καὶ
658 1148 789 1211 ῥικνοὶ
810 1147 864 1194 τὰ
889 1148 1067 1209 σώματα
1081 1185 1094 1207 ,
1115 1149 1187 1195 καὶ
1210 1149 1340 1212 ὠχροὶ
1362 1149 1443 1195 ὑπὸ

198 1214 425 1281 ἀγρυπνίης
450 1236 495 1263 τε
522 1217 593 1263 καὶ
617 1221 690 1274 τῆς
718 1218 847 1275 ἄλλης
868 1218 1168 1283 ταλαιπωρίης.
1241 1219 1292 1282 (a)
1317 1218 1443 1266 Ἀλλὰ

134 1302 173 1333 15
196 1288 425 1350 ἐρομένοισι
454 1286 532 1351 γὰρ
554 1289 736 1335 αὐτοῖσιν
758 1287 911 1352 ἵναπερ
936 1287 999 1346 εἴη
1025 1288 1309 1352 Ἀλέξανδρος,
1333 1291 1439 1335 ἀπο-

196 1358 435 1420 κρινάμενοι
467 1359 536 1403 τὸν
564 1361 704 1421 χῶρον
737 1357 821 1404 οἵδε
841 1359 1126 1422 παρήλαυνον.
1198 1361 1245 1421 (ο)
1278 1358 1443 1421 Ἀρχίης

197 1428 239 1475 δὲ
259 1429 521 1493 ἐπιφρασθεὶς
541 1429 653 1491 λέγει
684 1429 785 1491 πρὸς
809 1429 1026 1493 Νέαρχον,
1046 1422 1110 1477 Ὦ
1135 1429 1325 1493 Νέαρχε,
1348 1430 1441 1476 τού-

196 1514 291 1551 τους
326 1497 420 1551 τοὺς
454 1498 693 1560 ἀνθρώπους
723 1499 776 1544 δι’
797 1499 971 1561 ἐρημίης
992 1499 1174 1545 ἐλαύνειν
1203 1497 1280 1555 τὴν
1311 1498 1440 1554 αὐτὴν

194 1566 296 1627 ἡμῖν
316 1566 408 1612 ὁδὸν
430 1567 506 1612 οὐκ
533 1568 599 1612 ἐπ’
623 1566 741 1630 ἄλλῳ
763 1566 841 1612 τινὶ
861 1567 1080 1626 συντίθημι
1108 1567 1134 1623 ἢ
1158 1566 1220 1613 ὅτι
1240 1566 1299 1627 μὴ
1331 1567 1440 1614 κατὰ

131 1648 173 1678 20
194 1637 364 1693 ζήτησιν
386 1635 461 1692 τὴν
485 1635 694 1699 ἡμετέρην
711 1636 1058 1697 ἀπεσταλμένους·
1083 1636 1155 1700 (ιο)
1173 1637 1236 1683 ὅτι
1254 1637 1298 1684 δὲ
1312 1639 1357 1684 οὗ
1375 1656 1439 1701 γι-

192 1704 419 1752 νώσκουσιν
434 1705 583 1765 ἡμέας,
601 1707 676 1753 οὐκ
693 1708 733 1752 ἐν
757 1706 920 1769 θώματι
942 1707 1151 1769 ποιέομαι·
1167 1706 1273 1754 οὕτω
1298 1708 1380 1771 γάρ
1399 1726 1440 1754 τι

194 1773 344 1837 ἔχομεν
366 1778 530 1833 κακῶς,
554 1779 610 1828 ὡς
633 1777 836 1836 ἄγνωστοι
867 1770 989 1823 εἶναι·
1010 1777 1236 1841 φράσωμεν
1257 1778 1438 1823 αὐτοῖσιν

193 1842 338 1898 οἵτινες
361 1837 492 1906 εἶμεν·
513 1845 586 1891 καὶ
605 1844 698 1899 τοὺς
715 1847 903 1909 ἐρώμεθα
923 1849 1015 1893 καθ’
1033 1846 1058 1892 8
1071 1865 1110 1892 τι
1129 1846 1283 1904 ταύτην
1310 1848 1438 1894 ἐλαύ-

193 1932 343 1962 νουσιν.
410 1914 484 1975 (ιι)
509 1911 660 1968 Ἔδοξε
692 1917 751 1979 τῷ
777 1915 958 1979 Νεάρχῳ
981 1916 1173 1977 ἐναίσιμα
1195 1916 1343 1978 λέγειν·
1367 1918 1438 1963 καὶ

131 1992 172 2022 2⁵
193 1981 365 2047 ἤροντο,
383 1983 471 2030 ὅκοι
493 1983 746 2031 ἐλαύνουσιν·
781 1987 818 2031 οἱ
846 1985 887 2032 δὲ
910 1986 1223 2050 ἀποκρίνονται,
1244 1988 1305 2032 ὅτι
1329 1987 1436 2033 κατὰ

194 2052 365 2111 ζήτησιν
402 2054 601 2116 Νεάρχου
634 2073 679 2102 τε
703 2054 774 2100 καὶ
808 2060 878 2102 τοῦ
913 2061 1090 2118 στρατοῦ
1123 2061 1195 2102 τοῦ
1225 2062 1434 2104 ναυτικοῦ.

193 2123 267 2185 (ta)
304 2122 360 2171 ‘O
394 2124 458 2181 δὲ,
492 2118 650 2185 Οὗτος,
682 2123 784 2187 ἔφη,
815 2124 898 2185 ἐγὼ
935 2125 1146 2188 Νέαρχος,
1169 2126 1241 2173 καὶ
1274 2126 1438 2190 Ἀρχίης

191 2185 321 2246 οὗτος·
343 2195 437 2239 ἀλλ’
463 2193 584 2254 ἄγετε
606 2193 754 2253 ἡμέας·
771 2197 893 2254 ἡμεῖς
911 2195 954 2240 δὲ
971 2194 1023 2239 τὰ
1038 2195 1141 2256 ὑπὲρ
1156 2198 1227 2251 τῆς
1243 2201 1438 2259 στρατιῆς

191 2260 444 2325 Ἀλεξάνδρῳ
464 2261 785 2323 ἀπηγησόμεθα.

127 2345 170 2377 ³0
254 2333 444 2380 XXXV.
483 2331 777 2385 Ἀναλαὸόντες
807 2331 850 2378 δὲ
884 2331 1031 2385 αὐτοὺς
1053 2333 1120 2379 ἐπὶ
1149 2331 1222 2385 τὰς
1251 2332 1436 2391 ἀπήνας,

190 2401 325 2447 ὀπίσω
342 2401 538 2459 ἤλαυνον·
562 2402 636 2447 καί
656 2420 761 2455 τινες
778 2404 913 2449 αὐτῶν
930 2402 1084 2449 τούτων
1102 2403 1339 2468 ὑποφθάσαι
1358 2405 1439 2452 ἐθε·

190 2471 392 2527 λήσαντες
417 2470 492 2528 τὴν
517 2473 737 2535 ἀγγελίην,
760 2473 1069 2536 προδραμόντες
1091 2474 1279 2538 λέγουσιν
1313 2474 1438 2520 Ἀλε-

192 2540 373 2605 ξάνδρῳ,
393 2540 455 2588 ὅτι
478 2536 610 2595 Οὗτός
632 2562 694 2589 τοι
715 2542 926 2606 Νέαρχος,
951 2543 1023 2590 καὶ
1047 2543 1119 2590 σὺν
1142 2545 1254 2607 αὐτῷ
1272 2544 1439 2607 Ἀρχίης

190 2610 263 2656 καὶ
283 2610 404 2657 πέντε
427 2612 547 2658 ἄλλοι
563 2612 803 2672 κομίζονται
821 2613 938 2676 παρὰ
957 2613 1015 2659 σέ·
1036 2613 1143 2677 ὑπὲρ
1163 2613 1205 2660 δὲ
1222 2618 1292 2660 τοῦ
1311 2632 1439 2676 στρα-

128 2686 170 2718 35
192 2683 264 2726 τοῦ
280 2681 430 2734 παντὸς
443 2682 556 2728 οὐδὲν
574 2675 685 2745 εἶχον
704 2683 1019 2747 ὑποκρίνασθαι.
1090 2685 1140 2744 (2)
1158 2686 1293 2731 Τοῦτο
1308 2686 1437 2731 ἐκεῖνο

138 2794 145 2801 ,
192 2749 351 2801 συνθεὶς
369 2753 391 2795 ὃ
411 2751 670 2815 Ἀλέξανδρος
685 2752 777 2805 τοὺς
796 2754 871 2814 μὲν
886 2754 1137 2817 παραλόγως
1156 2755 1437 2811 ἀποσωθῆναι,

190 2817 267 2874 τὴν
290 2819 487 2882 στρατιὴν
522 2821 564 2866 δὲ
589 2829 730 2867 πᾶσαν
761 2824 1001 2887 διεφθάρθαι
1028 2825 1164 2886 αὐτῷ,
1198 2825 1242 2869 οὖ
1270 2823 1436 2869 τοσόνδε

190 2890 263 2935 τοῦ
286 2887 483 2951 Νεάρχου
506 2908 550 2934 τε
574 2890 646 2935 καὶ
668 2896 739 2936 τοῦ
760 2892 934 2953 Ἀρχίεω
964 2897 1014 2954 τῇ
1040 2892 1223 2955 σωτηρίῃ
1249 2892 1437 2955 ἔχαιρεν,

191 2955 288 3007 ὅσον
332 2959 500 3005 ἐλύπεεν
547 2959 669 3006 αὐτὸν
717 2962 957 3020 ἀπολομένη
987 2965 1034 3022 ,ἡ
1081 2962 1254 3023 στρατιὴ
1299 2971 1432 3010 πᾶσα.

126 3040 171 3072 ⁴0
194 3028 248 3090 (a)
274 3026 410 3079 Οὔπω
431 3027 572 3074 πάντα
594 3032 726 3074 ταῦτα
752 3028 918 3090 εἴρητο,
943 3030 1014 3074 καὶ
1036 3032 1057 3074 ὁ
1086 3030 1273 3091 Νέαρχός
1300 3048 1342 3075 τε
1367 3031 1435 3075 καὶ

190 3101 214 3144 ὃ
237 3097 404 3161 Ἀρχίης
421 3101 648 3161 προσῆγον.
716 3097 825 3151 Τοὺς
846 3097 888 3144 δέ
911 3098 1028 3160 μόγις
1053 3097 1126 3159 μὲν
1147 3100 1218 3143 καὶ
1237 3101 1434 3160 χαλεπῶς

183 3281 246 3298 ,-
258 3270 300 3299 2.
323 3257 375 3307 ὣς
389 3258 483 3299 κενά
500 3258 538 3299 οἷ
558 3260 608 3303 L.
631 3259 723 3314 (1-
737 3260 777 3301 8.
797 3258 863 3300 καὶ
878 3256 945 3300 ἀπ.
963 3272 1049 3299 om.
1070 3259 1118 3300 1..
1144 3259 1161 3313 ΙΙ
1177 3281 1233 3289 -
1254 3257 1351 3299 κατὰ
1368 3258 1434 3299 τὸν

191 3318 351 3378 αὖτῷτε
368 3321 424 3362 D.
454 3321 471 3374 ΙΙ
497 3343 556 3353 —-
582 3335 620 3363 1.
644 3319 748 3377 αὗτῷ
766 3336 808 3362 τε
832 3320 898 3363 καὶ
915 3322 968 3363 Ν.
986 3322 1035 3363 C.
1059 3322 1169 3363 Ante
1188 3319 1434 3362 Dfibnerum

191 3380 311 3424 editt.
325 3380 432 3438 αὖτῷ
443 3397 485 3423 τε
499 3387 555 3439 τῷ
564 3384 617 3425 Ν,
631 3383 865 3426 Articulum
876 3397 1010 3439 neque
1021 3383 1152 3425 nostri
1161 3380 1289 3425 codd.
1303 3397 1436 3439 neque

190 3442 439 3499 Bodlejanus
453 3444 626 3487 habent.
649 3447 738 3499 11-
756 3459 820 3488 10.
843 3445 908 3487 καὶ
928 3444 1026 3502 μετὰ
1042 3444 1236 3487 τοσούτων
1252 3442 1329 3501 γὰρ
1345 3447 1395 3487 Λ.
1416 3446 1432 3501 ΙΙ

191 3527 251 3537 -
273 3519 338 3547 11.
359 3507 425 3548 τὸν
442 3516 538 3550 ante
561 3507 713 3565 Ἀρχίην
729 3523 815 3551 om.
834 3512 886 3552 A.
911 3510 1006 3564 11-
1026 3509 1091 3550 1⁵.
1114 3507 1250 3564 δποκρ.
1270 3510 1321 3550 A.
1347 3509 1363 3563 Ι]
1382 3532 1438 3540 -

193 3578 268 3610 2ο.
293 3566 363 3619 τὴν
389 3584 439 3611 ex
474 3574 510 3613 A
532 3571 630 3614 add.
662 3571 852 3613 Diibner.
875 3572 893 3627 u
915 3596 972 3604 -
988 3585 1059 3614 21.
1084 3571 1162 3628 γάρ
1182 3585 1220 3612 τι
1239 3571 1342 3622 AD;
1362 3571 1436 3626 γάρ

178 3629 338 3672 -τοιΒΟ
356 3645 448 3685 vgo.
473 3634 490 3686 11
512 3657 569 3665 —
587 3636 658 3676 23.
683 3634 825 3688 ταύτην
850 3637 906 3686 L;
939 3634 1059 3692 ταύτῃ
1088 3634 1235 3678 ABCD
1257 3641 1298 3675 et
1315 3633 1437 3688 vulgo

193 3695 290 3733 ante
306 3689 447 3734 Schm.
470 3695 487 3747 ΙΙ
510 3717 567 3725 -
582 3696 651 3736 25.
665 3695 799 3751 ὓποκρ.
823 3699 875 3739 A.
896 3698 912 3751 Ι(
930 3721 989 3729 -
1003 3710 1072 3751 27.
1094 3695 1175 3753 ἐγὼ
1190 3694 1364 3751 Νέαρχος
1378 3696 1433 3746 1,;

194 3748 277 3808 ἐγὼ
298 3751 333 3795 εἰ
354 3751 408 3811 μὴ
423 3754 477 3796 Ν.
503 3757 648 3798 ABCD
664 3766 705 3798 ct
723 3759 845 3813 vulgo
865 3767 960 3801 ante
975 3760 1118 3801 Schm.
1138 3782 1196 3791 -
1225 3777 1242 3795 ι
1263 3759 1437 3800 Prorsus

193 3811 400 3859 diversam
420 3815 475 3860 de
494 3818 671 3860 Nearchi
692 3821 803 3875 apud
826 3821 1108 3863 Alexandrum
1133 3820 1314 3863 adventu
1342 3834 1438 3863 nar·

193 3877 399 3922 rationem
437 3879 561 3923 habet
597 3882 808 3924 Diodorus
846 3885 992 3935 XVII,
1025 3889 1119 3927 106.
1158 3886 1271 3926 Dum
1298 3898 1372 3926 rex
1393 3884 1436 3926 in

194 3941 403 3984 maritima
419 3942 597 3999 quadam
622 3944 742 3997 urbe,
767 3946 834 3987 cui
851 3960 1003 3988 nomen
1027 3947 1246 3998 Salmunti,
1270 3960 1435 4003 permo-

194 4010 371 4056 ramur,
392 4013 434 4046 et
460 4007 644 4049 scenicos
666 4007 708 4049 in
739 4007 900 4051 theatro
933 4008 1052 4050 ludos
1070 4010 1311 4060 exhiberet,
1338 4022 1435 4051 cum

197 4061 320 4106 classe
341 4080 416 4111 sua
431 4068 657 4125 appellunt,
678 4071 750 4127 qui
769 4070 822 4113 ad
844 4070 965 4114 litora
983 4073 1135 4114 Oceani
1157 4068 1436 4127 investiganda

1344 213 1604 262 Annum

1513 334 1612 364 vero
1632 324 1838 379 progressi
1851 323 2026 370 ulta-ius
2041 335 2085 371 et
2101 329 2338 373 Nearchum
2362 345 2446 372 uon
2466 330 2722 375 offendentes
2736 335 2795 388 ,³3

1512 391 1660 448 ne'ipsi
1684 390 1857 447 quidem
1877 388 2210 441 reverta-eninr:
2231 399 2294 456 (5)
2315 408 2405 443 tum
2423 400 2654 444 Alexander
2675 391 2808 451 lio-235³-

1513 459 1668 501 minem
1706 460 1822 503 illum
1859 469 2060 519 tanquam
2094 465 2304 510 mendacis
2338 471 2475 512 nuntii
2509 452 2808 583 auctorem,²

1512 529 1668 584 quique
1693 543 1816 572 suum
1843 545 2065 574 moerorem
2099 547 2206 575 vano
2230 534 2301 577 illo
2332 537 2483 591 gaudio
2504 539 2749 596 duplicarant,

1512 598 1808 654 comprehendi
1822 597 1945 655 jubet
1958 630 1970 651 ,
1998 602 2291 659 ingentemque
2310 601 2497 648 dolorem
2516 615 2560 649 et
2578 609 2694 651 vultu
2710 619 2753 652 et
2806 599 2808 603 Α

1512 666 1654 709 animo
1674 681 1760 724 prae
1788 681 1834 709 se
1853 667 2023 711 serebat.
2085 671 2150 725 (6)
2167 672 2330 713 Interea
2348 673 2535 716 nonnulli
2561 678 2633 732 qui
2654 691 2750 720 cum

1511 736 1628 791 equis
1659 744 1702 778 et
1738 737 1936 780 vehiculis
1970 738 2022 780 ad
2064 739 2337 795 quaerendum
2373 740 2752 805 adducendumque

1510 803 1747 846 Nearchum
1779 806 1892 847 missi
1924 805 2103 859 fuerant,
2140 809 2182 849 in
2219 809 2308 865 ipso
2331 810 2477 851 itinere
2507 811 2755 858 Nearchoet

1513 872 1677 916 Archiae
1698 874 1811 917 obvii
1833 874 1929 918 sacti
1947 884 2046 919 sunt
2065 890 2077 919 ε
2096 878 2168 933 qui
2187 878 2357 933 quidem
2376 879 2464 920 aliis
2481 881 2665 937 quinque
2682 891 2755 926 aut

1512 956 1584 983 sex
1606 942 1705 984 viris
1735 944 1922 986 comitati
1952 945 2187 988 veniebant.
2250 947 2313 1003 (7)
2341 949 2488 1004 Neque
2520 958 2658 992 tamen
2692 950 2756 995 vel

1510 1009 1748 1052 Nearchum
1767 1010 1832 1053 vel
1861 1012 2063 1070 Archiam
2087 1023 2348 1068 agnoverunt
2370 1030 2382 1059 t
2413 1015 2518 1059 adeo
2546 1018 2752 1062 immutati

1512 1086 1635 1134 atque
1650 1078 1703 1121 ab
1721 1093 1765 1121 se
1787 1081 1885 1137 ipsis
1907 1079 2060 1124 diversi
2085 1091 2218 1134 erant,
2238 1083 2388 1127 hirsuti
2404 1093 2447 1127 et
2466 1086 2623 1129 sordidi
2643 1119 2654 1139 ,
2679 1089 2752 1130 sal·
2801 1099 2808 1123 ἐ

1511 1148 1739 1205 sugineque
1760 1149 1903 1206 repleti
1930 1159 2055 1207 atque
2074 1151 2279 1194 macilenti
2301 1162 2343 1196 et
2368 1168 2420 1196 ex
2441 1155 2580 1198 multis
2608 1158 2754 1212 vigiliis
2806 1144 2808 1146 -

1511 1217 1805 1275 laboribusque
1826 1218 1983 1276 pallidi.
2046 1220 2106 1278 (8)
2132 1222 2487 1277 Interrogantibus
2514 1225 2626 1267 enim
2649 1225 2751 1276 illis,

1512 1285 1683 1328 ubinam
1708 1295 1812 1329 oeset
1843 1286 2092 1341 Alexander,
2117 1289 2347 1344 significato
2382 1290 2493 1342 loco,
2523 1292 2602 1333 iter
2629 1306 2750 1335 suum
2795 1306 2808 1348 ς

1510 1356 1715 1410 persecuti
1733 1365 1846 1397 sunt.
1910 1357 1974 1412 (9)
1995 1358 2106 1399 Tum
2130 1358 2304 1400 Archias
2329 1359 2613 1402 animadversa
2633 1375 2677 1402 re
2701 1362 2754 1403 ad
2784 1391 2795 1423 4,

1508 1424 1746 1466 Nearchum
1770 1440 1995 1468 conversus
2022 1428 2102 1478 ait,
2133 1447 2150 1463 ι
2175 1428 2376 1469 Homines
2409 1430 2520 1481 istos,
2542 1430 2752 1482 Nearche,
2787 1423 2796 1434 'v

1510 1490 1655 1534 eadem
1686 1507 1770 1549 qua
1787 1508 1864 1537 nos
1885 1495 1950 1536 via
1968 1509 2043 1552 per
2071 1494 2233 1538 deserta
2253 1495 2503 1539 contendere
2533 1511 2616 1539 non
2634 1497 2753 1541 aliam
2804 1491 2808 1506 ⁵

1509 1560 1565 1602 ob
1589 1575 1754 1603 causam
1774 1560 1943 1618 judico,
1978 1577 2103 1618 quam
2137 1563 2251 1619 quod
2282 1578 2358 1606 nos
2389 1565 2607 1620 quaesitum
2640 1567 2752 1608 missi

1509 1631 1607 1671 sint.
1670 1631 1761 1684 (ιο)
1794 1629 1923 1683 Quod
1947 1644 2045 1671 vero
2069 1644 2145 1671 nos
2176 1645 2260 1673 non
2281 1641 2527 1686 agnoscunt,
2559 1632 2752 1689 equidem
2801 1660 2808 1695 γ

1508 1709 1594 1738 non
1609 1696 1740 1738 miror
1761 1708 1772 1737 t
1790 1696 1847 1738 ita
1861 1697 1972 1738 enim
1988 1695 2093 1738 male
2107 1699 2333 1754 comparati
2348 1713 2508 1749 sumus,
2526 1708 2574 1740 ut
2587 1702 2753 1754 agnosci

1508 1776 1594 1804 non
1612 1761 1831 1819 possimus.
1891 1762 2176 1817 Signilioemus
2194 1764 2318 1818 igitur
2329 1764 2403 1815 eis,
2420 1765 2592 1820 quinam
2607 1765 2752 1819 simus,

1510 1842 1665 1884 eosque
1686 1836 1996 1886 percontemur,
2019 1842 2144 1884 quam
2165 1828 2218 1870 ad
2249 1844 2337 1871 rem
2357 1830 2438 1872 hoc
2461 1831 2608 1873 itinere
2625 1833 2752 1889 proli-
2796 1703 2808 1949 1

1507 1897 1730 1939 ciscantur.
1752 1915 1769 1932 ι
1797 1894 1888 1952 (1¹)
1915 1895 2106 1938 Nearcho
2129 1896 2292 1938 Archiae
2314 1897 2533 1939 consilium
2552 1913 2753 1956 perquam

1508 1970 1793 2020 opportunum
1821 1969 1883 2002 est
1916 1961 2064 2002 visum.
2127 1963 2341 2016 Rogarunt
2377 1964 2533 2019 itaque,
2568 1979 2752 2021 quonam
2794 2015 2797 2018 Α

1508 2026 1897 2084 proficiscerentur?
1924 2026 2191 2091 Respondent
2211 2028 2266 2069 illi
2293 2029 2529 2071 Nearchum
2551 2044 2595 2073 se
2616 2040 2658 2074 et
2679 2048 2751 2076 na·

1508 2094 1638 2137 valem
1657 2096 1883 2137 exercitum
1899 2095 2117 2150 quaesitum
2135 2096 2208 2137 ire.
2271 2097 2363 2150 (12)
2383 2098 2462 2138 Hic
2483 2111 2596 2148 vero,
2621 2115 2636 2136 «ι
2665 2101 2754 2157 Ego

1509 2158 1618 2213 ipse,
1639 2158 1711 2209 ait,
1732 2172 1825 2199 sum
1847 2157 2059 2199 Nearchus
2074 2189 2085 2208 ,
2109 2166 2151 2199 et
2171 2158 2240 2199 hic
2261 2159 2460 2200 Archias:
2478 2168 2519 2201 at
2539 2174 2609 2201 vos
2633 2162 2753 2205 nobis

1507 2219 1635 2261 duces
1671 2221 1829 2261 itineris
1861 2228 2012 2270 oetote5
2038 2234 2114 2261 nos
2148 2220 2384 2263 Alexandro
2415 2220 2469 2263 de
2501 2222 2625 2265 classe
2648 2226 2752 2267 rese·

1508 2296 1663 2323 remus,
1692 2301 1709 2317 ι

1566 2345 1747 2385 XXXV.
1777 2342 1861 2384 Illis
1885 2342 2023 2398 itaque
2050 2343 2091 2383 in
2116 2342 2299 2385 vehicula
2321 2346 2517 2402 exceptis,
2541 2346 2595 2389 ad
2614 2361 2753 2404 regem

1509 2421 1792 2456 revertuntur.
1852 2411 2050 2454 Nonnulli
2087 2413 2239 2455 horum
2257 2445 2268 2466 ,
2315 2415 2510 2457 nuntium
2549 2415 2754 2462 eeleritate

1508 2491 1755 2540 praevertere
1769 2482 1981 2539 cupientes
1994 2513 2005 2534 ,
2022 2489 2322 2539 praecurrentes
2338 2482 2575 2526 Alexandro
2590 2487 2752 2529 nuntia·

1508 2560 1609 2594 runt
1621 2550 1859 2594 Nearchum
1882 2550 2019 2607 ipsum
2037 2558 2079 2592 et
2097 2564 2193 2592 cum
2213 2564 2264 2592 eo
2282 2550 2478 2593 Archiam
2496 2566 2544 2594 ac
2567 2553 2754 2611 quinqua
2800 2603 2808 2606 -

1508 2620 1608 2663 alios
1622 2618 1843 2662 adventare
1865 2631 1875 2660 ε
1901 2617 1954 2660 de
1968 2619 2153 2661 exercitu
2175 2633 2273 2661 vero
2288 2619 2483 2662 universo
2511 2620 2615 2663 nihil
2636 2629 2751 2679 pote-
2797 2612 2808 2660 ’Ϊ

1507 2696 1602 2729 rant
1627 2685 1895 2744 respondere.
1955 2687 2019 2740 (2)
2041 2686 2105 2727 Ex
2134 2685 2215 2726 hoc
2247 2686 2336 2741 ipso
2367 2686 2517 2728 nuntio
2539 2686 2752 2743 colligebat
2787 2669 2808 2758 i

1509 2753 1759 2806 Alexander,
1779 2752 2017 2795 Nearchum
2033 2751 2203 2809 quidem
2219 2761 2261 2794 et
2280 2752 2477 2796 Archiam
2496 2763 2645 2811 praeter
2659 2758 2750 2814 opi·
2793 2764 2808 2825 f

1509 2826 1677 2867 nionem
1699 2832 1741 2866 et
1761 2822 1933 2865 fortuito
1961 2830 2142 2864 servatos
2162 2836 2271 2874 esse,
2296 2824 2523 2866 exercitum
2543 2838 2642 2868 vero
2660 2828 2751 2870 uni·
2799 2829 2808 2883 ss

1509 2907 1674 2935 versum
1696 2892 1879 2949 periisse.
1940 2892 2085 2948 Neque
2099 2898 2259 2933 tantum
2279 2890 2418 2946 gaudii
2440 2906 2491 2935 ex
2513 2893 2688 2937 Nearchi
2709 2903 2753 2939 et

1510 2962 1673 3005 Archiae
1691 2961 1820 3003 salute
1834 2961 2032 3018 percepit,
2056 2968 2258 3016 quantum
2278 2975 2327 3002 ex
2347 2961 2495 3004 amissa
2508 2961 2634 3005 classe
2647 2978 2750 3007 moe·

1509 3033 1629 3074 roris.
1692 3033 1755 3087 (3)
1791 3029 1980 3073 Necdum
2017 3030 2105 3071 haec
2138 3030 2279 3071 omnia
2314 3028 2425 3071 dicta
2457 3039 2589 3083 erant,
2617 3035 2748 3087 quum
2794 3023 2808 3069 ἑ

1506 3100 1717 3141 Nearchus
1738 3108 1779 3140 ct
1803 3099 1974 3141 Archias
1993 3096 2236 3148 adveniunt,
2257 3111 2363 3152 quos
2387 3096 2620 3141 Alexander
2641 3098 2750 3141 diffi-

1508 3257 1620 3298 missi
1660 3256 1834 3297 fuerant.
1861 3256 1945 3307 Qui
1970 3255 2170 3295 continuo
2200 3253 2405 3296 theatrum
2431 3255 2618 3310 ingressi,
2642 3257 2748 3300 salu-

1507 3327 1592 3360 tato
1611 3332 1727 3373 rege,
1749 3332 1840 3373 quac
1859 3316 2106 3367 effecissent,
2127 3317 2380 3358 renuntiant.
2401 3318 2540 3359 Gavisi
2563 3320 2761 3363 virorum·

1506 3379 1688 3422 adventu
1712 3379 1975 3429 Macedones,
2005 3378 2159 3432 ingenti
2190 3378 2441 3434 voluptatem
2463 3392 2580 3422 suam
2603 3380 2749 3437 plausu

1507 3450 1804 3485 contestantur.
1844 3464 1860 3478 -
1899 3443 2166 3483 Smmmnm.
2202 3439 2364 3495 Rejecta
2390 3440 2548 3498 reliqua
2574 3442 2764 3488 Diodori

1507 3507 1765 3557 narratione,
1801 3503 2040 3546 retinendus
2069 3502 2229 3545 Salinus
2261 3502 2390 3555 locus,
2422 3518 2507 3560 quo
2538 3506 2754 3550 Nearchus·

1508 3567 1789 3611 Alexandrum
1806 3568 2015 3609 convenit.
2033 3567 2127 3608 Non
2147 3564 2352 3609 diversam
2370 3566 2423 3609 ab
2440 3566 2652 3611 Salmunte
2661 3583 2758 3625 esse,

1506 3631 1632 3674 Sabin
1646 3631 1790 3674 urbem
1805 3629 2147 3672 mediterraneam
2160 3643 2228 3686 ap.
2243 3628 2528 3683 Ptolemaeum,
2541 3638 2582 3673 et
2596 3630 2747 3676 lechin

1508 3695 1627 3737 Plinii
1651 3695 1678 3737 l.
1707 3695 1735 3737 l.
1757 3699 1780 3750 S
1805 3709 1896 3751 107,
1915 3695 2057 3737 statuit
2071 3694 2314 3735 Mannertus
2332 3694 2388 3744 V,
2413 3707 2454 3745 2,
2474 3707 2517 3750 p.
2537 3698 2604 3737 62.
2633 3695 2767 3753 Oete-V

1507 3772 1600 3799 rum
1620 3759 1723 3800 situs
1740 3757 1819 3800 loci
1842 3759 2025 3813 ignotus.
2776 3792 2790 3808 s

1562 3822 1742 3871 XXXV,
1762 3822 1829 3863 30.
1850 3819 2110 3868 ἀναλαὸὀντες
2126 3817 2168 3861 δὶ
2186 3816 2323 3867 αὖτοὺς
2337 3816 2469 3870 1432.
2490 3817 2626 3868 αὖτοὺς
2643 3821 2744 3872 Αῠε
2762 3801 2801 3911 ι

1506 3883 1572 3925 καὶ
1591 3882 1652 3925 ἀν.
1679 3883 1815 3933 αὖτοὺς
1843 3885 1936 3935 BC,
1959 3882 2021 3925 ἀν.
2041 3877 2098 3925 ὧν
2128 3879 2264 3930 αὖτοὺς
2281 3894 2359 3937 vgo
2381 3889 2476 3923 ante
2490 3881 2629 3924 Schm.
2648 3882 2665 3937 Ι(
2682 3900 2808 3949 -7-3.

1508 3947 1577 3988 31.
1600 3946 1746 3989 τούτων
1776 3961 1862 3989 om.
1907 3948 1957 3988 L.
1988 3946 2004 4001 ΙΙ
2041 3968 2100 3977 —
2131 3945 2201 3987 32.
2236 3942 2544 4000 προσδραμόντες
2565 3944 2615 3986 L.
2650 3944 2667 3999 ΙΙ
2687 3964 2745 3976 -
2777 3954 2779 3958 ⁴

1509 4010 1576 4058 34.
1597 4011 1698 4065 παρά
1716 4025 1777 4051 σοι
1796 4011 1846 4052 L.
1870 4009 1958 4063 11-
1977 4007 2046 4049 35.
2069 4005 2206 4062 ἀποκρ.
2224 4006 2307 4049 BC.
2328 4006 2406 4061 ΙΙ-
2421 4006 2488 4049 36.
2511 4005 2534 4048 ὁ
2551 4013 2646 4049 ante
2661 4002 2738 4048 Ἇλ.

2778 4157 2808 4342 l

1507 4085 1591 4113 om.
1620 4075 1670 4115 A.
1697 4073 1879 4127 11-41.
1913 4069 1980 4127 μὲν
2006 4068 2104 4112 add.
2129 4083 2178 4111 ex
2202 4068 2284 4110 BC.
