<?xml version="1.0" encoding="UTF-8"?>
<!DOCTYPE html PUBLIC "-//W3C//DTD XHTML 1.0 Transitional//EN"
    "http://www.w3.org/TR/xhtml1/DTD/xhtml1-transitional.dtd">
<html xmlns="http://www.w3.org/1999/xhtml" xml:lang="en" lang="en">
 <head>
  <title>
</title>
<meta http-equiv="Content-Type" content="text/html;charset=utf-8" />
  <meta name='ocr-system' content='tesseract 3.04.00' />
  <meta name='ocr-capabilities' content='ocr_page ocr_carea ocr_par ocr_line ocrx_word'/>
</head>
<body>
  <div class='ocr_page' id='page_1' title='image "./geographigraeci00mueluoft_0121.png"; bbox 0 0 2756 4354; ppageno 0'>
   <div class='ocr_carea' id='block_1_1' title="bbox 0 257 1306 2497">
    <p class='ocr_par' dir='ltr' id='par_1_1' title="bbox 8 257 1306 612">
     <span class='ocr_line' id='line_1_1' title="bbox 8 257 1306 321; baseline -0.002 -17"><span class='ocrx_word' id='word_1_1' title='bbox 8 257 11 260; x_wconf 54' lang='grc'>’</span> <span class='ocrx_word' id='word_1_2' title='bbox 31 287 33 290; x_wconf 83' lang='lat'><em>.</em></span> <span class='ocrx_word' id='word_1_3' title='bbox 80 265 336 321; x_wconf 80' lang='lat' dir='ltr'><em>Augustum.</em></span> <span class='ocrx_word' id='word_1_4' title='bbox 363 261 486 304; x_wconf 84' lang='lat' dir='ltr'><em>Nunc</em></span> <span class='ocrx_word' id='word_1_5' title='bbox 496 262 686 316; x_wconf 80' lang='lat' dir='ltr'><em>primum</em></span> <span class='ocrx_word' id='word_1_6' title='bbox 708 271 733 299; x_wconf 87' lang='lat' dir='ltr'><em>e</em></span> <span class='ocrx_word' id='word_1_7' title='bbox 754 271 900 314; x_wconf 79' lang='lat' dir='ltr'><em>groeco</em></span> <span class='ocrx_word' id='word_1_8' title='bbox 912 271 1111 300; x_wconf 83' lang='lat' dir='ltr'><em>sermone</em></span> <span class='ocrx_word' id='word_1_9' title='bbox 1132 262 1175 300; x_wconf 84' lang='lat' dir='ltr'><em>in</em></span> <span class='ocrx_word' id='word_1_10' title='bbox 1200 260 1306 302; x_wconf 86' lang='lat' dir='ltr'><em>lati—-</em></span> 
     </span>
     <span class='ocr_line' id='line_1_2' title="bbox 73 332 1306 394; baseline -0.004 -13"><span class='ocrx_word' id='word_1_11' title='bbox 73 353 178 381; x_wconf 87' lang='lat' dir='ltr'><em>num</em></span> <span class='ocrx_word' id='word_1_12' title='bbox 199 351 350 380; x_wconf 83' lang='lat' dir='ltr'><em>versus</em></span> <span class='ocrx_word' id='word_1_13' title='bbox 358 336 642 394; x_wconf 79' lang='lat' dir='ltr'><em>plurimisque</em></span> <span class='ocrx_word' id='word_1_14' title='bbox 663 332 831 374; x_wconf 86' lang='lat' dir='ltr'><em>mendis</em></span> <span class='ocrx_word' id='word_1_15' title='bbox 851 340 1124 388; x_wconf 75' lang='lat' dir='ltr'><em>repurgatus·</em></span> <span class='ocrx_word' id='word_1_16' title='bbox 1153 335 1306 376; x_wconf 85' lang='lat' dir='ltr'><em>Acces-</em></span> 
     </span>
     <span class='ocr_line' id='line_1_3' title="bbox 73 406 1295 462; baseline -0.006 -7"><span class='ocrx_word' id='word_1_17' title='bbox 73 420 228 455; x_wconf 81' lang='lat' dir='ltr'><em>serunt</em></span> <span class='ocrx_word' id='word_1_18' title='bbox 261 419 305 453; x_wconf 87' lang='lat' dir='ltr'><em>et</em></span> <span class='ocrx_word' id='word_1_19' title='bbox 339 407 533 460; x_wconf 41' lang='lat' dir='ltr'><em>Scholia(</em></span> <span class='ocrx_word' id='word_1_20' title='bbox 591 421 693 462; x_wconf 85' lang='lat' dir='ltr'><em>quoe</em></span> <span class='ocrx_word' id='word_1_21' title='bbox 740 406 1002 447; x_wconf 80' lang='lat' dir='ltr'><em>luculentam</em></span> <span class='ocrx_word' id='word_1_22' title='bbox 1043 407 1295 461; x_wconf 76' lang='lat' dir='ltr'><em>Regionum,</em></span> 
     </span>
     <span class='ocr_line' id='line_1_4' title="bbox 81 481 1295 538; baseline -0.005 -8"><span class='ocrx_word' id='word_1_23' title='bbox 81 487 298 538; x_wconf 88' lang='lat' dir='ltr'><em>Gentium,</em></span> <span class='ocrx_word' id='word_1_24' title='bbox 347 483 620 533; x_wconf 88' lang='lat' dir='ltr'><em>Insularum,</em></span> <span class='ocrx_word' id='word_1_25' title='bbox 680 481 948 538; x_wconf 79' lang='lat' dir='ltr'><em>Oppidorum</em></span> <span class='ocrx_word' id='word_1_26' title='bbox 959 513 970 533; x_wconf 91' lang='lat'><em>‚</em></span> <span class='ocrx_word' id='word_1_27' title='bbox 1033 482 1075 522; x_wconf 89' lang='lat' dir='ltr'><em>F</em></span> <span class='ocrx_word' id='word_1_28' title='bbox 1073 482 1295 534; x_wconf 84' lang='lat' dir='ltr'><em>luminum,</em></span> 
     </span>
     <span class='ocr_line' id='line_1_5' title="bbox 75 556 1304 612; baseline -0.004 -9"><span class='ocrx_word' id='word_1_29' title='bbox 75 562 286 603; x_wconf 73' lang='lat' dir='ltr'><em>Mercium</em></span> <span class='ocrx_word' id='word_1_30' title='bbox 349 565 694 612; x_wconf 73' lang='lat' dir='ltr'><em>caeterarumque</em></span> <span class='ocrx_word' id='word_1_31' title='bbox 747 569 905 597; x_wconf 89' lang='lat' dir='ltr'><em>rerum-</em></span> <span class='ocrx_word' id='word_1_32' title='bbox 955 556 1304 598; x_wconf 76' lang='lat' dir='ltr'><em>memorabilium</em></span> 
     </span>
    </p>

    <p class='ocr_par' dir='ltr' id='par_1_2' title="bbox 30 630 1306 991">
     <span class='ocr_line' id='line_1_6' title="bbox 32 630 1306 689; baseline -0.004 -12"><span class='ocrx_word' id='word_1_33' title='bbox 32 651 34 653; x_wconf 62' lang='grc'><strong><em>’</em></strong></span> <span class='ocrx_word' id='word_1_34' title='bbox 71 637 285 689; x_wconf 72' lang='lat' dir='ltr'><em>utriusque</em></span> <span class='ocrx_word' id='word_1_35' title='bbox 302 630 470 688; x_wconf 84' lang='lat' dir='ltr'><em>Peripli</em></span> <span class='ocrx_word' id='word_1_36' title='bbox 490 632 824 687; x_wconf 79' lang='lat' dir='ltr'><em>descriptionem</em></span> <span class='ocrx_word' id='word_1_37' title='bbox 838 632 1081 680; x_wconf 82' lang='lat' dir='ltr'><em>continent,</em></span> <span class='ocrx_word' id='word_1_38' title='bbox 1107 643 1165 670; x_wconf 79' lang='lat' dir='ltr'><em>ex</em></span> <span class='ocrx_word' id='word_1_39' title='bbox 1179 644 1306 672; x_wconf 90' lang='lat' dir='ltr'><em>accu-</em></span> 
     </span>
     <span class='ocr_line' id='line_1_7' title="bbox 67 703 1301 750; baseline -0.001 -1"><span class='ocrx_word' id='word_1_40' title='bbox 67 716 169 750; x_wconf 81' lang='lat' dir='ltr'><em>rata</em></span> <span class='ocrx_word' id='word_1_41' title='bbox 189 715 383 748; x_wconf 81' lang='lat' dir='ltr'><em>veterum</em></span> <span class='ocrx_word' id='word_1_42' title='bbox 410 720 464 746; x_wconf 93' lang='lat' dir='ltr'><em>ac</em></span> <span class='ocrx_word' id='word_1_43' title='bbox 481 709 768 748; x_wconf 82' lang='lat' dir='ltr'><em>recentiorum</em></span> <span class='ocrx_word' id='word_1_44' title='bbox 787 703 1018 747; x_wconf 81' lang='lat' dir='ltr'><em>authorum</em></span> <span class='ocrx_word' id='word_1_45' title='bbox 1051 705 1301 748; x_wconf 85' lang='lat' dir='ltr'><em>collatione.</em></span> 
     </span>
     <span class='ocr_line' id='line_1_8' title="bbox 30 781 1304 839; baseline -0.001 -15"><span class='ocrx_word' id='word_1_46' title='bbox 30 792 32 794; x_wconf 78' lang='grc'>’</span> <span class='ocrx_word' id='word_1_47' title='bbox 60 782 231 825; x_wconf 70' lang='lat' dir='ltr'><em>&#39;Addita</em></span> <span class='ocrx_word' id='word_1_48' title='bbox 251 790 495 839; x_wconf 79' lang='lat' dir='ltr'><em>estproeter</em></span> <span class='ocrx_word' id='word_1_49' title='bbox 512 782 627 834; x_wconf 89' lang='lat' dir='ltr'><em>loca,</em></span> <span class='ocrx_word' id='word_1_50' title='bbox 651 783 696 822; x_wconf 88' lang='lat' dir='ltr'><em>in</em></span> <span class='ocrx_word' id='word_1_51' title='bbox 721 795 823 837; x_wconf 80' lang='lat' dir='ltr'><em>quoe</em></span> <span class='ocrx_word' id='word_1_52' title='bbox 838 781 974 823; x_wconf 87' lang='lat' dir='ltr'><em>solers</em></span> <span class='ocrx_word' id='word_1_53' title='bbox 999 781 1304 824; x_wconf 75' lang='lat' dir='ltr'><em>Lusitanorum</em></span> 
     </span>
     <span class='ocr_line' id='line_1_9' title="bbox 59 858 1295 915; baseline 0 -15"><span class='ocrx_word' id='word_1_54' title='bbox 59 861 310 915; x_wconf 84' lang='lat' dir='ltr'><em>penetravit</em></span> <span class='ocrx_word' id='word_1_55' title='bbox 341 860 564 913; x_wconf 74' lang='lat' dir='ltr'><em>navigatio</em></span> <span class='ocrx_word' id='word_1_56' title='bbox 572 890 583 909; x_wconf 85' lang='lat'><em>‚</em></span> <span class='ocrx_word' id='word_1_57' title='bbox 626 861 820 899; x_wconf 87' lang='lat' dir='ltr'><em>omnium</em></span> <span class='ocrx_word' id='word_1_58' title='bbox 864 871 960 898; x_wconf 88' lang='lat' dir='ltr'><em>cum</em></span> <span class='ocrx_word' id='word_1_59' title='bbox 1005 858 1295 914; x_wconf 82' lang='lat' dir='ltr'><em>Oppidnrum,</em></span> 
     </span>
     <span class='ocr_line' id='line_1_10' title="bbox 66 932 1304 991; baseline 0 -15"><span class='ocrx_word' id='word_1_60' title='bbox 66 949 166 991; x_wconf 81' lang='lat' dir='ltr'><em>quoe</em></span> <span class='ocrx_word' id='word_1_61' title='bbox 200 934 427 976; x_wconf 83' lang='lat' dir='ltr'><em>Danubius</em></span> <span class='ocrx_word' id='word_1_62' title='bbox 461 937 639 989; x_wconf 76' lang='lat' dir='ltr'><em>irrigat,</em></span> <span class='ocrx_word' id='word_1_63' title='bbox 670 942 758 975; x_wconf 91' lang='lat' dir='ltr'><em>tum</em></span> <span class='ocrx_word' id='word_1_64' title='bbox 784 932 1019 988; x_wconf 74' lang='lat' dir='ltr'><em>fluviorum</em></span> <span class='ocrx_word' id='word_1_65' title='bbox 1043 937 1121 989; x_wconf 86' lang='lat' dir='ltr'><em>qui</em></span> <span class='ocrx_word' id='word_1_66' title='bbox 1147 937 1192 975; x_wconf 89' lang='lat' dir='ltr'><em>in</em></span> <span class='ocrx_word' id='word_1_67' title='bbox 1208 948 1304 976; x_wconf 90' lang='lat' dir='ltr'><em>eum</em></span> 
     </span>
    </p>

    <p class='ocr_par' dir='ltr' id='par_1_3' title="bbox 18 1010 1304 1068">
     <span class='ocr_line' id='line_1_11' title="bbox 18 1010 1304 1068; baseline 0 -16"><span class='ocrx_word' id='word_1_68' title='bbox 18 1056 26 1061; x_wconf 58' lang='grc'><strong>,</strong></span> <span class='ocrx_word' id='word_1_69' title='bbox 61 1010 354 1063; x_wconf 78' lang='lat' dir='ltr'><em>devolvuntur,</em></span> <span class='ocrx_word' id='word_1_70' title='bbox 385 1011 581 1066; x_wconf 82' lang='lat' dir='ltr'><em>diligens</em></span> <span class='ocrx_word' id='word_1_71' title='bbox 603 1020 650 1052; x_wconf 88' lang='lat' dir='ltr'><em>et</em></span> <span class='ocrx_word' id='word_1_72' title='bbox 660 1011 863 1064; x_wconf 88' lang='lat' dir='ltr'><em>jucunda</em></span> <span class='ocrx_word' id='word_1_73' title='bbox 890 1011 1144 1062; x_wconf 76' lang='lat' dir='ltr'><em>observatio,</em></span> <span class='ocrx_word' id='word_1_74' title='bbox 1171 1026 1304 1068; x_wconf 78' lang='lat' dir='ltr'><em>prce—</em></span> 
     </span>
    </p>

    <p class='ocr_par' dir='ltr' id='par_1_4' title="bbox 0 1084 1304 1142">
     <span class='ocr_line' id='line_1_12' title="bbox 0 1084 1304 1142; baseline 0 -15"><span class='ocrx_word' id='word_1_75' title='bbox 0 1084 13 1132; x_wconf 59' lang='lat' dir='ltr'>s</span> <span class='ocrx_word' id='word_1_76' title='bbox 57 1094 186 1127; x_wconf 72' lang='lat' dir='ltr'><em>terea</em></span> <span class='ocrx_word' id='word_1_77' title='bbox 205 1089 339 1142; x_wconf 82' lang='lat' dir='ltr'><em>ipsius</em></span> <span class='ocrx_word' id='word_1_78' title='bbox 364 1086 497 1127; x_wconf 83' lang='lat' dir='ltr'><em>Ponti</em></span> <span class='ocrx_word' id='word_1_79' title='bbox 529 1084 885 1142; x_wconf 76' lang='lat' dir='ltr'><em>chorographica</em></span> <span class='ocrx_word' id='word_1_80' title='bbox 913 1085 1079 1129; x_wconf 88' lang='lat' dir='ltr'><em>tabula.</em></span> <span class='ocrx_word' id='word_1_81' title='bbox 1104 1087 1172 1129; x_wconf 91' lang='lat' dir='ltr'><em>Io.</em></span> <span class='ocrx_word' id='word_1_82' title='bbox 1198 1086 1304 1127; x_wconf 84' lang='lat' dir='ltr'><em>Gui-</em></span> 
     </span>
    </p>

    <p class='ocr_par' dir='ltr' id='par_1_5' title="bbox 7 1146 1304 1743">
     <span class='ocr_line' id='line_1_13' title="bbox 7 1146 1304 1219; baseline 0 -16"><span class='ocrx_word' id='word_1_83' title='bbox 7 1146 9 1149; x_wconf 28' lang='lat'><strong><em>¹</em></strong></span> <span class='ocrx_word' id='word_1_84' title='bbox 67 1162 210 1203; x_wconf 71' lang='lat' dir='ltr'><em>neimo</em></span> <span class='ocrx_word' id='word_1_85' title='bbox 240 1160 415 1203; x_wconf 75' lang='lat' dir='ltr'><em>Stuckio</em></span> <span class='ocrx_word' id='word_1_86' title='bbox 438 1163 648 1216; x_wconf 79' lang='lat' dir='ltr'><em>Tigurino</em></span> <span class='ocrx_word' id='word_1_87' title='bbox 675 1160 877 1203; x_wconf 74' lang='lat' dir='ltr'><em>authore.</em></span> <span class='ocrx_word' id='word_1_88' title='bbox 904 1161 1009 1204; x_wconf 90' lang='lat' dir='ltr'><em>Cum</em></span> <span class='ocrx_word' id='word_1_89' title='bbox 1033 1164 1211 1219; x_wconf 86' lang='lat' dir='ltr'><em>gemino</em></span> <span class='ocrx_word' id='word_1_90' title='bbox 1231 1164 1304 1203; x_wconf 91' lang='lat' dir='ltr'><em>in-</em></span> 
     </span>
     <span class='ocr_line' id='line_1_14' title="bbox 59 1237 1303 1293; baseline 0.001 -16"><span class='ocrx_word' id='word_1_91' title='bbox 59 1237 164 1277; x_wconf 78' lang='lat' dir='ltr'><em>dice</em></span> <span class='ocrx_word' id='word_1_92' title='bbox 195 1250 336 1292; x_wconf 81' lang='lat' dir='ltr'><em>rerum</em></span> <span class='ocrx_word' id='word_1_93' title='bbox 363 1239 474 1277; x_wconf 82' lang='lat' dir='ltr'><em>scitu</em></span> <span class='ocrx_word' id='word_1_94' title='bbox 510 1237 758 1291; x_wconf 78' lang='lat' dir='ltr'><em>dignarum,</em></span> <span class='ocrx_word' id='word_1_95' title='bbox 787 1250 888 1292; x_wconf 85' lang='lat' dir='ltr'><em>quoe</em></span> <span class='ocrx_word' id='word_1_96' title='bbox 925 1238 972 1276; x_wconf 88' lang='lat' dir='ltr'><em>in</em></span> <span class='ocrx_word' id='word_1_97' title='bbox 1006 1245 1186 1292; x_wconf 86' lang='lat' dir='ltr'><em>utroque</em></span> <span class='ocrx_word' id='word_1_98' title='bbox 1217 1250 1303 1293; x_wconf 84' lang='lat' dir='ltr'><em>pe—</em></span> 
     </span>
     <span class='ocr_line' id='line_1_15' title="bbox 63 1309 1299 1369; baseline 0 -15"><span class='ocrx_word' id='word_1_99' title='bbox 63 1314 179 1369; x_wconf 81' lang='lat' dir='ltr'><em>riplo</em></span> <span class='ocrx_word' id='word_1_100' title='bbox 225 1314 514 1369; x_wconf 77' lang='lat' dir='ltr'><em>explicantur.</em></span> <span class='ocrx_word' id='word_1_101' title='bbox 577 1312 794 1367; x_wconf 80' lang='lat' dir='ltr'><em>Lugduni.</em></span> <span class='ocrx_word' id='word_1_102' title='bbox 853 1309 1015 1354; x_wconf 79' lang='lat' dir='ltr'><em>Barth.</em></span> <span class='ocrx_word' id='word_1_103' title='bbox 1055 1311 1098 1352; x_wconf 90' lang='lat' dir='ltr'><em>V</em></span> <span class='ocrx_word' id='word_1_104' title='bbox 1100 1314 1299 1354; x_wconf 81' lang='lat' dir='ltr'><em>icentius.</em></span> 
     </span>
     <span class='ocr_line' id='line_1_16' title="bbox 63 1383 1304 1444; baseline 0.001 -16"><span class='ocrx_word' id='word_1_105' title='bbox 63 1387 406 1430; x_wconf 81' lang='lat' dir='ltr'><em>MDLXXVII.</em></span> <span class='ocrx_word' id='word_1_106' title='bbox 433 1384 510 1428; x_wconf 87' lang='lat' dir='ltr'><em>fol.</em></span> <span class='ocrx_word' id='word_1_107' title='bbox 534 1384 650 1429; x_wconf 90' lang='lat' dir='ltr'><em>Aliis</em></span> <span class='ocrx_word' id='word_1_108' title='bbox 676 1384 726 1428; x_wconf 91' lang='lat' dir='ltr'><em>in</em></span> <span class='ocrx_word' id='word_1_109' title='bbox 749 1383 947 1444; x_wconf 87' lang='lat' dir='ltr'><em>exempl.</em></span> <span class='ocrx_word' id='word_1_110' title='bbox 985 1384 1154 1443; x_wconf 88' lang='lat' dir='ltr'><em>legitur</em></span> <span class='ocrx_word' id='word_1_111' title='bbox 1181 1402 1190 1428; x_wconf 90' lang='lat'>:</span> <span class='ocrx_word' id='word_1_112' title='bbox 1226 1387 1304 1429; x_wconf 87' lang='lat' dir='ltr'><em>Ge-</em></span> 
     </span>
     <span class='ocr_line' id='line_1_17' title="bbox 63 1459 1302 1516; baseline 0.002 -16"><span class='ocrx_word' id='word_1_113' title='bbox 63 1474 185 1501; x_wconf 76' lang='lat' dir='ltr'><em>nevae</em></span> <span class='ocrx_word' id='word_1_114' title='bbox 208 1461 332 1516; x_wconf 86' lang='lat' dir='ltr'><em>apud</em></span> <span class='ocrx_word' id='word_1_115' title='bbox 348 1459 626 1501; x_wconf 77' lang='lat' dir='ltr'><em>Eustachium</em></span> <span class='ocrx_word' id='word_1_116' title='bbox 650 1461 692 1500; x_wconf 91' lang='lat' dir='ltr'><em>V</em></span> <span class='ocrx_word' id='word_1_117' title='bbox 693 1463 841 1516; x_wconf 80' lang='lat' dir='ltr'><em>ignon.</em></span> <span class='ocrx_word' id='word_1_118' title='bbox 865 1461 1097 1503; x_wconf 80' lang='lat' dir='ltr'><em>MDLXX</em></span> <span class='ocrx_word' id='word_1_119' title='bbox 1103 1461 1199 1503; x_wconf 92' lang='lat' dir='ltr'><em>VII</em></span> <span class='ocrx_word' id='word_1_120' title='bbox 1205 1493 1214 1503; x_wconf 93' lang='lat'><em>.</em></span> <span class='ocrx_word' id='word_1_121' title='bbox 1239 1487 1302 1494; x_wconf 93' lang='lat'><strong>—</strong></span> 
     </span>
     <span class='ocr_line' id='line_1_18' title="bbox 59 1532 1302 1594; baseline 0.002 -17"><span class='ocrx_word' id='word_1_122' title='bbox 59 1532 213 1578; x_wconf 90' lang='lat' dir='ltr'><em>Editio</em></span> <span class='ocrx_word' id='word_1_123' title='bbox 232 1547 379 1593; x_wconf 85' lang='lat' dir='ltr'><em>neque</em></span> <span class='ocrx_word' id='word_1_124' title='bbox 400 1532 541 1578; x_wconf 86' lang='lat' dir='ltr'><em>verba</em></span> <span class='ocrx_word' id='word_1_125' title='bbox 563 1533 804 1594; x_wconf 76' lang='lat' dir='ltr'><em>scriptonis</em></span> <span class='ocrx_word' id='word_1_126' title='bbox 826 1535 970 1579; x_wconf 90' lang='lat' dir='ltr'><em>multo</em></span> <span class='ocrx_word' id='word_1_127' title='bbox 993 1535 1302 1580; x_wconf 80' lang='lat' dir='ltr'><em>emendatiora</em></span> 
     </span>
     <span class='ocr_line' id='line_1_19' title="bbox 57 1607 1301 1668; baseline 0.002 -16"><span class='ocrx_word' id='word_1_128' title='bbox 57 1607 247 1668; x_wconf 86' lang='lat' dir='ltr'><em>praebet,</em></span> <span class='ocrx_word' id='word_1_129' title='bbox 281 1623 427 1666; x_wconf 89' lang='lat' dir='ltr'><em>neque</em></span> <span class='ocrx_word' id='word_1_130' title='bbox 458 1623 612 1653; x_wconf 88' lang='lat' dir='ltr'><em>rerum</em></span> <span class='ocrx_word' id='word_1_131' title='bbox 637 1608 987 1667; x_wconf 83' lang='lat' dir='ltr'><em>intelligentiam</em></span> <span class='ocrx_word' id='word_1_132' title='bbox 1009 1608 1202 1668; x_wconf 82' lang='lat' dir='ltr'><em>&#39;juvavit</em></span> <span class='ocrx_word' id='word_1_133' title='bbox 1235 1610 1301 1654; x_wconf 91' lang='lat' dir='ltr'><em>in-</em></span> 
     </span>
     <span class='ocr_line' id='line_1_20' title="bbox 53 1683 790 1743; baseline 0.004 -16"><span class='ocrx_word' id='word_1_134' title='bbox 53 1683 193 1728; x_wconf 81' lang='lat' dir='ltr'><em>sulsa·</em></span> <span class='ocrx_word' id='word_1_135' title='bbox 207 1683 521 1728; x_wconf 90' lang='lat' dir='ltr'><em>commentarii</em></span> <span class='ocrx_word' id='word_1_136' title='bbox 546 1684 790 1743; x_wconf 84' lang='lat' dir='ltr'><em>farragine.</em></span> 
     </span>
    </p>

    <p class='ocr_par' dir='ltr' id='par_1_6' title="bbox 49 1758 1298 2497">
     <span class='ocr_line' id='line_1_21' title="bbox 126 1758 1295 1822; baseline 0.004 -19"><span class='ocrx_word' id='word_1_137' title='bbox 126 1761 167 1805; x_wconf 80' lang='lat'><em>3.</em></span> <span class='ocrx_word' id='word_1_138' title='bbox 191 1759 399 1822; x_wconf 76' lang='grc' dir='ltr'>Ἀρριανοῦ</span> <span class='ocrx_word' id='word_1_139' title='bbox 417 1759 542 1821; x_wconf 77' lang='grc' dir='ltr'>τέχνη</span> <span class='ocrx_word' id='word_1_140' title='bbox 559 1761 753 1818; x_wconf 77' lang='grc' dir='ltr'>τακτικὴ,</span> <span class='ocrx_word' id='word_1_141' title='bbox 771 1758 969 1813; x_wconf 68' lang='grc' dir='ltr'>’Έκταξις</span> <span class='ocrx_word' id='word_1_142' title='bbox 988 1764 1078 1806; x_wconf 87' lang='grc' dir='ltr'>κατ’</span> <span class='ocrx_word' id='word_1_143' title='bbox 1099 1762 1295 1820; x_wconf 81' lang='grc' dir='ltr'>Ἀλανῶν,</span> 
     </span>
     <span class='ocr_line' id='line_1_22' title="bbox 61 1834 1298 1900; baseline 0.002 -19"><span class='ocrx_word' id='word_1_144' title='bbox 61 1834 293 1896; x_wconf 86' lang='grc' dir='ltr'>Περίπλους</span> <span class='ocrx_word' id='word_1_145' title='bbox 322 1834 470 1880; x_wconf 85' lang='grc' dir='ltr'>πόντου</span> <span class='ocrx_word' id='word_1_146' title='bbox 495 1834 689 1888; x_wconf 78' lang='grc' dir='ltr'>Εὐξείνου</span> <span class='ocrx_word' id='word_1_147' title='bbox 704 1870 716 1891; x_wconf 88' lang='grc'><em>,</em></span> <span class='ocrx_word' id='word_1_148' title='bbox 744 1836 979 1899; x_wconf 85' lang='grc' dir='ltr'>Περίπλους</span> <span class='ocrx_word' id='word_1_149' title='bbox 1003 1841 1075 1892; x_wconf 84' lang='grc' dir='ltr'>τ’ῆς</span> <span class='ocrx_word' id='word_1_150' title='bbox 1098 1838 1298 1900; x_wconf 81' lang='grc' dir='ltr'>Ἐρυθρᾶς</span> 
     </span>
     <span class='ocr_line' id='line_1_23' title="bbox 51 1909 1294 1974; baseline 0.003 -20"><span class='ocrx_word' id='word_1_151' title='bbox 51 1909 609 1970; x_wconf 56' lang='grc' dir='ltr'><em>ΑΘαλάσσης,’Κυνηγετικός,</em></span> <span class='ocrx_word' id='word_1_152' title='bbox 634 1911 890 1966; x_wconf 82' lang='grc' dir='ltr'>Ἐπικτήτου</span> <span class='ocrx_word' id='word_1_153' title='bbox 932 1912 1195 1974; x_wconf 81' lang='grc' dir='ltr'>ἐγχειρίδιον,</span> <span class='ocrx_word' id='word_1_154' title='bbox 1226 1918 1294 1958; x_wconf 79' lang='grc' dir='ltr'><em>τοῦ</em></span> 
     </span>
     <span class='ocr_line' id='line_1_24' title="bbox 58 1983 1297 2049; baseline 0.003 -20"><span class='ocrx_word' id='word_1_155' title='bbox 58 1987 178 2030; x_wconf 74' lang='grc' dir='ltr'>αὐτοῦ</span> <span class='ocrx_word' id='word_1_156' title='bbox 192 1983 509 2047; x_wconf 85' lang='grc' dir='ltr'>Ἀποφθέγματα</span> <span class='ocrx_word' id='word_1_157' title='bbox 522 1984 592 2030; x_wconf 79' lang='grc' dir='ltr'><em>καὶ</em></span> <span class='ocrx_word' id='word_1_158' title='bbox 614 1985 929 2046; x_wconf 83' lang='grc' dir='ltr'>ἀποσπάσματα</span> <span class='ocrx_word' id='word_1_159' title='bbox 947 1987 997 2031; x_wconf 83' lang='grc' dir='ltr'><em>τὰ</em></span> <span class='ocrx_word' id='word_1_160' title='bbox 1015 1989 1054 2031; x_wconf 83' lang='grc' dir='ltr'><em>ἐν</em></span> <span class='ocrx_word' id='word_1_161' title='bbox 1075 1991 1132 2049; x_wconf 82' lang='grc' dir='ltr'><em>τῷ</em></span> <span class='ocrx_word' id='word_1_162' title='bbox 1151 1987 1297 2033; x_wconf 77' lang='grc' dir='ltr'>Ἰωάν-</span> 
     </span>
     <span class='ocr_line' id='line_1_25' title="bbox 58 2059 1295 2123; baseline 0.002 -19"><span class='ocrx_word' id='word_1_163' title='bbox 58 2078 125 2105; x_wconf 89' lang='grc' dir='ltr'><em>νου</em></span> <span class='ocrx_word' id='word_1_164' title='bbox 145 2059 351 2106; x_wconf 73' lang='grc' dir='ltr'>Στοὸαίου</span> <span class='ocrx_word' id='word_1_165' title='bbox 375 2060 599 2121; x_wconf 84' lang='grc' dir='ltr'>ἀνθολογίῳ</span> <span class='ocrx_word' id='word_1_166' title='bbox 625 2060 696 2104; x_wconf 69' lang='grc' dir='ltr'><em>καὶ</em></span> <span class='ocrx_word' id='word_1_167' title='bbox 720 2062 760 2105; x_wconf 82' lang='grc' dir='ltr'><em>ἐν</em></span> <span class='ocrx_word' id='word_1_168' title='bbox 792 2068 879 2112; x_wconf 86' lang='grc' dir='ltr'>ταῖς</span> <span class='ocrx_word' id='word_1_169' title='bbox 912 2061 1117 2122; x_wconf 82' lang='grc' dir='ltr'>Ἀγελλίου</span> <span class='ocrx_word' id='word_1_170' title='bbox 1135 2064 1295 2123; x_wconf 84' lang='grc' dir='ltr'>ἀγρυπ-</span> 
     </span>
     <span class='ocr_line' id='line_1_26' title="bbox 49 2135 1297 2194; baseline 0.002 -15"><span class='ocrx_word' id='word_1_171' title='bbox 49 2135 157 2187; x_wconf 70' lang='grc' dir='ltr'>νίαις</span> <span class='ocrx_word' id='word_1_172' title='bbox 185 2138 368 2187; x_wconf 79' lang='grc' dir='ltr'><strong>ἀττικαῒς</strong></span> <span class='ocrx_word' id='word_1_173' title='bbox 389 2136 618 2194; x_wconf 81' lang='grc' dir='ltr'>σωζόμενα.</span> <span class='ocrx_word' id='word_1_174' title='bbox 642 2140 829 2181; x_wconf 83' lang='lat' dir='ltr'><em>Arriani</em></span> <span class='ocrx_word' id='word_1_175' title='bbox 854 2154 927 2180; x_wconf 90' lang='lat' dir='ltr'><em>ars</em></span> <span class='ocrx_word' id='word_1_176' title='bbox 950 2143 1126 2192; x_wconf 75' lang='lat' dir='ltr'><em>metica,</em></span> <span class='ocrx_word' id='word_1_177' title='bbox 1166 2141 1297 2181; x_wconf 85' lang='lat' dir='ltr'><em>Acies</em></span> 
     </span>
     <span class='ocr_line' id='line_1_27' title="bbox 56 2216 1296 2272; baseline 0.001 -17"><span class='ocrx_word' id='word_1_178' title='bbox 56 2225 207 2256; x_wconf 89' lang='lat' dir='ltr'><em>contra</em></span> <span class='ocrx_word' id='word_1_179' title='bbox 242 2216 434 2266; x_wconf 87' lang='lat' dir='ltr'><em>Alanos,</em></span> <span class='ocrx_word' id='word_1_180' title='bbox 478 2216 674 2270; x_wconf 85' lang='lat' dir='ltr'><em>Periplus</em></span> <span class='ocrx_word' id='word_1_181' title='bbox 708 2216 839 2256; x_wconf 86' lang='lat' dir='ltr'><em>Ponti</em></span> <span class='ocrx_word' id='word_1_182' title='bbox 874 2217 1061 2267; x_wconf 74' lang='lat' dir='ltr'><em>Euxini,</em></span> <span class='ocrx_word' id='word_1_183' title='bbox 1092 2217 1296 2272; x_wconf 82' lang='lat' dir='ltr'><em>Periplus</em></span> 
     </span>
     <span class='ocr_line' id='line_1_28' title="bbox 58 2290 1293 2347; baseline 0.001 -16"><span class='ocrx_word' id='word_1_184' title='bbox 58 2295 193 2331; x_wconf 88' lang='lat' dir='ltr'><em>maris</em></span> <span class='ocrx_word' id='word_1_185' title='bbox 216 2290 457 2346; x_wconf 68' lang='lat' dir='ltr'><em>Erythraei,</em></span> <span class='ocrx_word' id='word_1_186' title='bbox 490 2291 616 2331; x_wconf 88' lang='lat' dir='ltr'><em>Liber</em></span> <span class='ocrx_word' id='word_1_187' title='bbox 634 2291 691 2333; x_wconf 82' lang='lat' dir='ltr'><em>dc</em></span> <span class='ocrx_word' id='word_1_188' title='bbox 721 2292 765 2331; x_wconf 92' lang='lat' dir='ltr'><em>V</em></span> <span class='ocrx_word' id='word_1_189' title='bbox 760 2295 979 2342; x_wconf 70' lang='lat' dir='ltr'><em>emmone,</em></span> <span class='ocrx_word' id='word_1_190' title='bbox 1006 2292 1192 2347; x_wconf 81' lang='lat' dir='ltr'><em>Epicteti</em></span> <span class='ocrx_word' id='word_1_191' title='bbox 1208 2306 1293 2332; x_wconf 90' lang='lat' dir='ltr'><em>en-</em></span> 
     </span>
     <span class='ocr_line' id='line_1_29' title="bbox 56 2363 1283 2421; baseline 0 -15"><span class='ocrx_word' id='word_1_192' title='bbox 56 2365 288 2418; x_wconf 75' lang='lat' dir='ltr'><em>chiridion,</em></span> <span class='ocrx_word' id='word_1_193' title='bbox 315 2366 507 2419; x_wconf 86' lang='lat' dir='ltr'><em>ejusdem</em></span> <span class='ocrx_word' id='word_1_194' title='bbox 526 2364 916 2421; x_wconf 75' lang='lat' dir='ltr'><em>Apoplztlzegmata</em></span> <span class='ocrx_word' id='word_1_195' title='bbox 942 2374 983 2406; x_wconf 88' lang='lat' dir='ltr'><em>et</em></span> <span class='ocrx_word' id='word_1_196' title='bbox 995 2363 1283 2420; x_wconf 77' lang='lat' dir='ltr'><em>fragmenta,</em></span> 
     </span>
     <span class='ocr_line' id='line_1_30' title="bbox 57 2439 1295 2497; baseline 0 -17"><span class='ocrx_word' id='word_1_197' title='bbox 57 2455 154 2497; x_wconf 82' lang='lat' dir='ltr'><em>quoe</em></span> <span class='ocrx_word' id='word_1_198' title='bbox 190 2444 235 2480; x_wconf 90' lang='lat' dir='ltr'><em>in</em></span> <span class='ocrx_word' id='word_1_199' title='bbox 276 2440 460 2481; x_wconf 76' lang='lat' dir='ltr'><em>loannis</em></span> <span class='ocrx_word' id='word_1_200' title='bbox 499 2439 665 2481; x_wconf 81' lang='lat' dir='ltr'><em>Stoboei</em></span> <span class='ocrx_word' id='word_1_201' title='bbox 701 2441 940 2495; x_wconf 81' lang='lat' dir='ltr'><em>Florilegio</em></span> <span class='ocrx_word' id='word_1_202' title='bbox 974 2449 1017 2480; x_wconf 90' lang='lat' dir='ltr'><em>et</em></span> <span class='ocrx_word' id='word_1_203' title='bbox 1048 2443 1091 2480; x_wconf 89' lang='lat' dir='ltr'><em>in</em></span> <span class='ocrx_word' id='word_1_204' title='bbox 1130 2441 1295 2497; x_wconf 83' lang='lat' dir='ltr'><em>Agellii</em></span> 
     </span>
    </p>
   </div>
   <div class='ocr_carea' id='block_1_2' title="bbox 530 153 2152 218">
    <p class='ocr_par' dir='ltr' id='par_1_7' title="bbox 530 153 2152 218">
     <span class='ocr_line' id='line_1_31' title="bbox 530 153 2152 218; baseline 0.01 -17"><span class='ocrx_word' id='word_1_205' title='bbox 530 156 608 201; x_wconf 90' lang='lat' dir='ltr'><em>DE</em></span> <span class='ocrx_word' id='word_1_206' title='bbox 642 153 896 199; x_wconf 82' lang='lat' dir='ltr'><strong>ARRIANI</strong></span> <span class='ocrx_word' id='word_1_207' title='bbox 932 153 1382 202; x_wconf 84' lang='lat' dir='ltr'><strong>NICOMEDENSIS</strong></span> <span class='ocrx_word' id='word_1_208' title='bbox 1417 159 1680 206; x_wconf 85' lang='lat' dir='ltr'><em>PERlPLO</em></span> <span class='ocrx_word' id='word_1_209' title='bbox 1713 163 1893 210; x_wconf 84' lang='grc' dir='ltr'><strong>ΡΟΝΤΙ</strong></span> <span class='ocrx_word' id='word_1_210' title='bbox 1929 167 2152 218; x_wconf 82' lang='lat' dir='ltr'><em>EUXlNI.</em></span> 
     </span>
    </p>
   </div>
   <div class='ocr_carea' id='block_1_3' title="bbox 1364 205 2607 2410">
    <p class='ocr_par' dir='ltr' id='par_1_8' title="bbox 1374 205 2598 617">
     <span class='ocr_line' id='line_1_32' title="bbox 2508 205 2588 237; baseline 0.038 -3"><span class='ocrx_word' id='word_1_211' title='bbox 2508 205 2588 237; x_wconf 79' lang='lat' dir='ltr'><em>cxl</em></span> 
     </span>
     <span class='ocr_line' id='line_1_33' title="bbox 1374 262 2591 334; baseline 0.019 -32"><span class='ocrx_word' id='word_1_212' title='bbox 1374 262 1587 304; x_wconf 85' lang='lat' dir='ltr'><em>Noctibus</em></span> <span class='ocrx_word' id='word_1_213' title='bbox 1607 265 1766 306; x_wconf 82' lang='lat' dir='ltr'><em>Atticis</em></span> <span class='ocrx_word' id='word_1_214' title='bbox 1782 278 2024 323; x_wconf 82' lang='lat' dir='ltr'><em>supersunt.</em></span> <span class='ocrx_word' id='word_1_215' title='bbox 2049 272 2156 315; x_wconf 89' lang='lat' dir='ltr'><em>Cum</em></span> <span class='ocrx_word' id='word_1_216' title='bbox 2186 279 2477 334; x_wconf 80' lang='lat' dir='ltr'><em>interpretibus</em></span> <span class='ocrx_word' id='word_1_217' title='bbox 2494 290 2591 330; x_wconf 80' lang='lat' dir='ltr'><em>lati.</em></span> 
     </span>
     <span class='ocr_line' id='line_1_34' title="bbox 1375 340 2591 403; baseline 0.021 -26"><span class='ocrx_word' id='word_1_218' title='bbox 1375 340 1442 377; x_wconf 90' lang='lat' dir='ltr'><em>nis</em></span> <span class='ocrx_word' id='word_1_219' title='bbox 1466 346 1510 379; x_wconf 87' lang='lat' dir='ltr'><em>et</em></span> <span class='ocrx_word' id='word_1_220' title='bbox 1527 343 1656 381; x_wconf 87' lang='lat' dir='ltr'><em>notis.</em></span> <span class='ocrx_word' id='word_1_221' title='bbox 1681 340 1754 381; x_wconf 69' lang='lat' dir='ltr'><em>Ea:</em></span> <span class='ocrx_word' id='word_1_222' title='bbox 1785 355 1870 385; x_wconf 82' lang='lat' dir='ltr'><em>rec.</em></span> <span class='ocrx_word' id='word_1_223' title='bbox 1897 351 1942 384; x_wconf 88' lang='lat' dir='ltr'><em>et</em></span> <span class='ocrx_word' id='word_1_224' title='bbox 1972 358 2116 388; x_wconf 84' lang='lat' dir='ltr'><em>museo</em></span> <span class='ocrx_word' id='word_1_225' title='bbox 2137 349 2312 392; x_wconf 86' lang='lat' dir='ltr'><em>Nicolai</em></span> <span class='ocrx_word' id='word_1_226' title='bbox 2338 356 2591 403; x_wconf 85' lang='lat' dir='ltr'><em>Blancardi.</em></span> 
     </span>
     <span class='ocr_line' id='line_1_35' title="bbox 1374 413 2595 479; baseline 0.022 -28"><span class='ocrx_word' id='word_1_227' title='bbox 1374 413 1557 457; x_wconf 88' lang='lat' dir='ltr'><em>Amstel.</em></span> <span class='ocrx_word' id='word_1_228' title='bbox 1574 428 1647 471; x_wconf 83' lang='lat' dir='ltr'><em>ap.</em></span> <span class='ocrx_word' id='word_1_229' title='bbox 1670 416 1876 461; x_wconf 86' lang='lat' dir='ltr'><em>Jansson.</em></span> <span class='ocrx_word' id='word_1_230' title='bbox 1909 418 1975 461; x_wconf 93' lang='lat' dir='ltr'><em>W</em></span> <span class='ocrx_word' id='word_1_231' title='bbox 1973 420 2158 475; x_wconf 81' lang='lat' dir='ltr'><em>oesberg.</em></span> <span class='ocrx_word' id='word_1_232' title='bbox 2186 423 2456 470; x_wconf 82' lang='lat' dir='ltr'><em>MDCLXX</em></span> <span class='ocrx_word' id='word_1_233' title='bbox 2455 434 2499 473; x_wconf 82' lang='lat' dir='ltr'><em>X</em></span> <span class='ocrx_word' id='word_1_234' title='bbox 2506 437 2595 479; x_wconf 89' lang='lat' dir='ltr'><em>III.</em></span> 
     </span>
     <span class='ocr_line' id='line_1_36' title="bbox 1378 485 2598 563; baseline 0.015 -35"><span class='ocrx_word' id='word_1_235' title='bbox 1378 485 1445 530; x_wconf 88' lang='lat'><em>8⁰.</em></span> <span class='ocrx_word' id='word_1_236' title='bbox 1469 485 1629 531; x_wconf 88' lang='lat' dir='ltr'><em>Versio</em></span> <span class='ocrx_word' id='word_1_237' title='bbox 1663 498 1730 533; x_wconf 88' lang='lat' dir='ltr'><em>est</em></span> <span class='ocrx_word' id='word_1_238' title='bbox 1751 489 1943 548; x_wconf 82' lang='lat' dir='ltr'><em>Stuckii,</em></span> <span class='ocrx_word' id='word_1_239' title='bbox 1979 507 2036 536; x_wconf 87' lang='lat' dir='ltr'><em>ex</em></span> <span class='ocrx_word' id='word_1_240' title='bbox 2063 508 2154 552; x_wconf 90' lang='lat' dir='ltr'><em>quo</em></span> <span class='ocrx_word' id='word_1_241' title='bbox 2176 496 2311 539; x_wconf 87' lang='lat' dir='ltr'><em>etiam</em></span> <span class='ocrx_word' id='word_1_242' title='bbox 2345 501 2391 542; x_wconf 88' lang='lat' dir='ltr'><em>in</em></span> <span class='ocrx_word' id='word_1_243' title='bbox 2417 504 2598 563; x_wconf 80' lang='lat' dir='ltr'><em>reliquis</em></span> 
     </span>
     <span class='ocr_line' id='line_1_37' title="bbox 1376 559 2025 617; baseline 0.014 -15"><span class='ocrx_word' id='word_1_244' title='bbox 1376 559 1574 617; x_wconf 89' lang='lat' dir='ltr'><em>pendere</em></span> <span class='ocrx_word' id='word_1_245' title='bbox 1598 562 1713 606; x_wconf 90' lang='lat' dir='ltr'><em>solet</em></span> <span class='ocrx_word' id='word_1_246' title='bbox 1735 563 2025 612; x_wconf 86' lang='lat' dir='ltr'><em>Blancardus.</em></span> 
     </span>
    </p>

    <p class='ocr_par' dir='ltr' id='par_1_9' title="bbox 1375 633 2603 845">
     <span class='ocr_line' id='line_1_38' title="bbox 1441 633 2598 706; baseline 0.016 -30"><span class='ocrx_word' id='word_1_247' title='bbox 1441 640 1481 686; x_wconf 81' lang='grc'><em>4.</em></span> <span class='ocrx_word' id='word_1_248' title='bbox 1509 633 1562 677; x_wconf 90' lang='lat' dir='ltr'><em>ln</em></span> <span class='ocrx_word' id='word_1_249' title='bbox 1584 638 1781 680; x_wconf 85' lang='lat' dir='ltr'><em>Hudsoni</em></span> <span class='ocrx_word' id='word_1_250' title='bbox 1807 638 1973 698; x_wconf 84' lang='lat' dir='ltr'><em>Geogr.</em></span> <span class='ocrx_word' id='word_1_251' title='bbox 2010 640 2119 684; x_wconf 91' lang='lat' dir='ltr'><em>min.</em></span> <span class='ocrx_word' id='word_1_252' title='bbox 2145 651 2254 687; x_wconf 91' lang='lat' dir='ltr'><em>tom.</em></span> <span class='ocrx_word' id='word_1_253' title='bbox 2277 643 2326 699; x_wconf 90' lang='lat' dir='ltr'><em>l,</em></span> <span class='ocrx_word' id='word_1_254' title='bbox 2359 660 2429 691; x_wconf 89' lang='lat' dir='ltr'><em>an.</em></span> <span class='ocrx_word' id='word_1_255' title='bbox 2467 652 2598 706; x_wconf 88' lang='lat'><strong>1798,</strong></span> 
     </span>
     <span class='ocr_line' id='line_1_39' title="bbox 1376 707 2603 777; baseline 0.014 -27"><span class='ocrx_word' id='word_1_256' title='bbox 1376 722 1479 751; x_wconf 86' lang='lat' dir='ltr'><em>cum</em></span> <span class='ocrx_word' id='word_1_257' title='bbox 1498 707 1721 754; x_wconf 84' lang='lat' dir='ltr'><em>Dodwelli</em></span> <span class='ocrx_word' id='word_1_258' title='bbox 1741 710 2056 758; x_wconf 82' lang='lat' dir='ltr'><em>dissertatione</em></span> <span class='ocrx_word' id='word_1_259' title='bbox 2067 718 2132 758; x_wconf 87' lang='lat' dir='ltr'><em>De</em></span> <span class='ocrx_word' id='word_1_260' title='bbox 2146 727 2277 760; x_wconf 83' lang='lat' dir='ltr'><em>oetate</em></span> <span class='ocrx_word' id='word_1_261' title='bbox 2287 724 2453 777; x_wconf 80' lang='lat' dir='ltr'><em>peripli</em></span> <span class='ocrx_word' id='word_1_262' title='bbox 2471 729 2603 767; x_wconf 80' lang='lat' dir='ltr'><em>maris</em></span> 
     </span>
     <span class='ocr_line' id='line_1_40' title="bbox 1375 785 2106 845; baseline 0.008 -18"><span class='ocrx_word' id='word_1_263' title='bbox 1375 785 1598 842; x_wconf 69' lang='lat' dir='ltr'><em>Erythraei</em></span> <span class='ocrx_word' id='word_1_264' title='bbox 1617 788 1893 845; x_wconf 74' lang='lat' dir='ltr'><em>ejusdemque</em></span> <span class='ocrx_word' id='word_1_265' title='bbox 1917 800 2106 835; x_wconf 87' lang='lat' dir='ltr'><em>auctore.</em></span> 
     </span>
    </p>

    <p class='ocr_par' dir='ltr' id='par_1_10' title="bbox 1375 860 2600 996">
     <span class='ocr_line' id='line_1_41' title="bbox 1441 860 2600 935; baseline 0.013 -31"><span class='ocrx_word' id='word_1_266' title='bbox 1441 860 1483 906; x_wconf 87' lang='lat'><em>5.</em></span> <span class='ocrx_word' id='word_1_267' title='bbox 1519 861 1573 905; x_wconf 89' lang='lat' dir='ltr'><em>In</em></span> <span class='ocrx_word' id='word_1_268' title='bbox 1626 862 1900 924; x_wconf 80' lang='lat' dir='ltr'><em>geographis</em></span> <span class='ocrx_word' id='word_1_269' title='bbox 1947 864 2054 908; x_wconf 86' lang='lat' dir='ltr'><em>edit.</em></span> <span class='ocrx_word' id='word_1_270' title='bbox 2110 864 2368 916; x_wconf 83' lang='lat' dir='ltr'><em>vindobon.</em></span> <span class='ocrx_word' id='word_1_271' title='bbox 2422 873 2513 919; x_wconf 89' lang='lat' dir='ltr'><em>vol.</em></span> <span class='ocrx_word' id='word_1_272' title='bbox 2556 873 2600 935; x_wconf 86' lang='lat' dir='ltr'><em>I,</em></span> 
     </span>
     <span class='ocr_line' id='line_1_42' title="bbox 1375 952 1660 996; baseline 0.004 -15"><span class='ocrx_word' id='word_1_273' title='bbox 1375 952 1420 996; x_wconf 89' lang='lat' dir='ltr'><em>p.</em></span> <span class='ocrx_word' id='word_1_274' title='bbox 1446 952 1531 994; x_wconf 84' lang='lat'><em>297</em></span> <span class='ocrx_word' id='word_1_275' title='bbox 1560 952 1660 996; x_wconf 82' lang='lat' dir='ltr'><em>sqq.</em></span> 
     </span>
    </p>

    <p class='ocr_par' dir='ltr' id='par_1_11' title="bbox 1370 1012 2607 1827">
     <span class='ocr_line' id='line_1_43' title="bbox 1439 1012 2606 1081; baseline 0.01 -26"><span class='ocrx_word' id='word_1_276' title='bbox 1439 1012 1482 1056; x_wconf 87' lang='grc'><em>6.</em></span> <span class='ocrx_word' id='word_1_277' title='bbox 1510 1013 1600 1055; x_wconf 77' lang='lat' dir='ltr'><em>The</em></span> <span class='ocrx_word' id='word_1_278' title='bbox 1623 1028 1797 1070; x_wconf 79' lang='lat' dir='ltr'><em>voyage</em></span> <span class='ocrx_word' id='word_1_279' title='bbox 1813 1013 1870 1069; x_wconf 89' lang='lat' dir='ltr'><em>of</em></span> <span class='ocrx_word' id='word_1_280' title='bbox 1888 1015 2116 1058; x_wconf 80' lang='lat' dir='ltr'><em>Nearchus</em></span> <span class='ocrx_word' id='word_1_281' title='bbox 2137 1019 2230 1058; x_wconf 85' lang='lat' dir='ltr'><em>and</em></span> <span class='ocrx_word' id='word_1_282' title='bbox 2255 1019 2326 1061; x_wconf 79' lang='lat' dir='ltr'><em>the</em></span> <span class='ocrx_word' id='word_1_283' title='bbox 2343 1022 2541 1081; x_wconf 80' lang='lat' dir='ltr'><em>Periplus</em></span> <span class='ocrx_word' id='word_1_284' title='bbox 2555 1026 2606 1079; x_wconf 81' lang='lat' dir='ltr'><em>os</em></span> 
     </span>
     <span class='ocr_line' id='line_1_44' title="bbox 1376 1087 2603 1153; baseline 0.01 -25"><span class='ocrx_word' id='word_1_285' title='bbox 1376 1087 1447 1128; x_wconf 78' lang='lat' dir='ltr'><em>the</em></span> <span class='ocrx_word' id='word_1_286' title='bbox 1472 1088 1719 1144; x_wconf 63' lang='lat' dir='ltr'><em>Etytltrean</em></span> <span class='ocrx_word' id='word_1_287' title='bbox 1748 1104 1836 1142; x_wconf 90' lang='lat' dir='ltr'><em>sea,</em></span> <span class='ocrx_word' id='word_1_288' title='bbox 1882 1092 2127 1133; x_wconf 87' lang='lat' dir='ltr'><em>translated</em></span> <span class='ocrx_word' id='word_1_289' title='bbox 2139 1089 2264 1145; x_wconf 88' lang='lat' dir='ltr'><em>from</em></span> <span class='ocrx_word' id='word_1_290' title='bbox 2293 1094 2362 1136; x_wconf 73' lang='lat' dir='ltr'><em>tlte</em></span> <span class='ocrx_word' id='word_1_291' title='bbox 2394 1097 2525 1139; x_wconf 74' lang='lat' dir='ltr'><em>Greek</em></span> <span class='ocrx_word' id='word_1_292' title='bbox 2549 1101 2603 1153; x_wconf 87' lang='lat' dir='ltr'><em>by</em></span> 
     </span>
     <span class='ocr_line' id='line_1_45' title="bbox 1377 1163 2601 1222; baseline 0.008 -16"><span class='ocrx_word' id='word_1_293' title='bbox 1377 1163 1584 1206; x_wconf 67' lang='lat' dir='ltr'><em>[Villium</em></span> <span class='ocrx_word' id='word_1_294' title='bbox 1606 1165 1645 1204; x_wconf 83' lang='lat' dir='ltr'><em>V</em></span> <span class='ocrx_word' id='word_1_295' title='bbox 1648 1168 1805 1208; x_wconf 81' lang='lat' dir='ltr'><em>incent.</em></span> <span class='ocrx_word' id='word_1_296' title='bbox 1825 1163 2003 1219; x_wconf 66' lang='lat' dir='ltr'><em>Ooeford</em></span> <span class='ocrx_word' id='word_1_297' title='bbox 2018 1164 2148 1222; x_wconf 85' lang='lat'><em>1809.</em></span> <span class='ocrx_word' id='word_1_298' title='bbox 2163 1165 2317 1211; x_wconf 88' lang='lat' dir='ltr'><em>Graeca</em></span> <span class='ocrx_word' id='word_1_299' title='bbox 2328 1183 2383 1211; x_wconf 92' lang='lat' dir='ltr'><em>ex</em></span> <span class='ocrx_word' id='word_1_300' title='bbox 2394 1169 2601 1216; x_wconf 87' lang='lat' dir='ltr'><em>Blancar·</em></span> 
     </span>
     <span class='ocr_line' id='line_1_46' title="bbox 1375 1237 2602 1304; baseline 0.009 -24"><span class='ocrx_word' id='word_1_301' title='bbox 1375 1237 1511 1281; x_wconf 91' lang='lat' dir='ltr'><em>diana</em></span> <span class='ocrx_word' id='word_1_302' title='bbox 1526 1237 1596 1283; x_wconf 93' lang='lat' dir='ltr'><em>ed.</em></span> <span class='ocrx_word' id='word_1_303' title='bbox 1615 1249 1900 1298; x_wconf 88' lang='lat' dir='ltr'><em>repetuntur.</em></span> <span class='ocrx_word' id='word_1_304' title='bbox 1916 1238 2071 1284; x_wconf 86' lang='lat' dir='ltr'><em>Versio</em></span> <span class='ocrx_word' id='word_1_305' title='bbox 2085 1241 2261 1299; x_wconf 85' lang='lat' dir='ltr'><em>anglica</em></span> <span class='ocrx_word' id='word_1_306' title='bbox 2272 1241 2441 1288; x_wconf 85' lang='lat' dir='ltr'><em>Stuckii</em></span> <span class='ocrx_word' id='word_1_307' title='bbox 2452 1247 2602 1304; x_wconf 90' lang='lat' dir='ltr'><em>potius</em></span> 
     </span>
     <span class='ocr_line' id='line_1_47' title="bbox 1374 1312 2602 1376; baseline 0.007 -21"><span class='ocrx_word' id='word_1_308' title='bbox 1374 1312 1515 1356; x_wconf 89' lang='lat' dir='ltr'><em>latina</em></span> <span class='ocrx_word' id='word_1_309' title='bbox 1538 1329 1672 1373; x_wconf 90' lang='lat' dir='ltr'><em>quam</em></span> <span class='ocrx_word' id='word_1_310' title='bbox 1691 1329 1835 1371; x_wconf 78' lang='lat' dir='ltr'><em>graeca</em></span> <span class='ocrx_word' id='word_1_311' title='bbox 1854 1317 2049 1359; x_wconf 81' lang='lat' dir='ltr'><em>auctoris</em></span> <span class='ocrx_word' id='word_1_312' title='bbox 2068 1315 2206 1360; x_wconf 75' lang='lat' dir='ltr'><em>verba</em></span> <span class='ocrx_word' id='word_1_313' title='bbox 2228 1317 2454 1376; x_wconf 85' lang='lat' dir='ltr'><em>exprimit.</em></span> <span class='ocrx_word' id='word_1_314' title='bbox 2475 1319 2602 1364; x_wconf 89' lang='lat' dir='ltr'><em>Cete-</em></span> 
     </span>
     <span class='ocr_line' id='line_1_48' title="bbox 1374 1388 2601 1452; baseline 0.007 -21"><span class='ocrx_word' id='word_1_315' title='bbox 1374 1404 1474 1432; x_wconf 88' lang='lat' dir='ltr'><em>rum</em></span> <span class='ocrx_word' id='word_1_316' title='bbox 1503 1388 1559 1433; x_wconf 92' lang='lat' dir='ltr'><em>de</em></span> <span class='ocrx_word' id='word_1_317' title='bbox 1582 1389 1956 1450; x_wconf 86' lang='lat' dir='ltr'><em>interpretatione</em></span> <span class='ocrx_word' id='word_1_318' title='bbox 1976 1391 2144 1451; x_wconf 91' lang='lat' dir='ltr'><em>peripli</em></span> <span class='ocrx_word' id='word_1_319' title='bbox 2169 1393 2339 1452; x_wconf 89' lang='lat' dir='ltr'><em>optime</em></span> <span class='ocrx_word' id='word_1_320' title='bbox 2359 1393 2601 1442; x_wconf 88' lang='lat' dir='ltr'><em>Vincentus</em></span> 
     </span>
     <span class='ocr_line' id='line_1_49' title="bbox 1372 1464 2607 1525; baseline 0.006 -18"><span class='ocrx_word' id='word_1_321' title='bbox 1372 1464 1540 1508; x_wconf 90' lang='lat' dir='ltr'><em>meruit</em></span> <span class='ocrx_word' id='word_1_322' title='bbox 1557 1479 1695 1524; x_wconf 89' lang='lat' dir='ltr'><em>opere</em></span> <span class='ocrx_word' id='word_1_323' title='bbox 1708 1466 1835 1525; x_wconf 90' lang='lat' dir='ltr'><em>quod</em></span> <span class='ocrx_word' id='word_1_324' title='bbox 1850 1465 2144 1512; x_wconf 86' lang='lat' dir='ltr'><em>inscribitur:</em></span> <span class='ocrx_word' id='word_1_325' title='bbox 2169 1468 2260 1511; x_wconf 78' lang='lat' dir='ltr'><em>The</em></span> <span class='ocrx_word' id='word_1_326' title='bbox 2271 1484 2504 1513; x_wconf 89' lang='lat' dir='ltr'><em>commerce</em></span> <span class='ocrx_word' id='word_1_327' title='bbox 2515 1474 2607 1514; x_wconf 88' lang='lat' dir='ltr'><em>and</em></span> 
     </span>
     <span class='ocr_line' id='line_1_50' title="bbox 1371 1539 2599 1600; baseline 0.006 -19"><span class='ocrx_word' id='word_1_328' title='bbox 1371 1545 1625 1596; x_wconf 76' lang='lat' dir='ltr'><em>navigation</em></span> <span class='ocrx_word' id='word_1_329' title='bbox 1649 1539 1709 1595; x_wconf 88' lang='lat' dir='ltr'><em>of</em></span> <span class='ocrx_word' id='word_1_330' title='bbox 1732 1541 1805 1583; x_wconf 82' lang='lat' dir='ltr'><em>tlte</em></span> <span class='ocrx_word' id='word_1_331' title='bbox 1832 1546 2027 1584; x_wconf 87' lang='lat' dir='ltr'><em>ancients</em></span> <span class='ocrx_word' id='word_1_332' title='bbox 2062 1546 2106 1584; x_wconf 84' lang='lat' dir='ltr'><em>in</em></span> <span class='ocrx_word' id='word_1_333' title='bbox 2132 1542 2204 1585; x_wconf 79' lang='lat' dir='ltr'><em>the</em></span> <span class='ocrx_word' id='word_1_334' title='bbox 2230 1545 2397 1586; x_wconf 89' lang='lat' dir='ltr'><em>Indian</em></span> <span class='ocrx_word' id='word_1_335' title='bbox 2426 1546 2599 1600; x_wconf 88' lang='lat' dir='ltr'><em>Ocean,</em></span> 
     </span>
     <span class='ocr_line' id='line_1_51' title="bbox 1371 1616 2600 1673; baseline 0.005 -15"><span class='ocrx_word' id='word_1_336' title='bbox 1371 1618 1427 1672; x_wconf 74' lang='lat' dir='ltr'><em>by</em></span> <span class='ocrx_word' id='word_1_337' title='bbox 1452 1616 1654 1662; x_wconf 84' lang='lat' dir='ltr'><em>William</em></span> <span class='ocrx_word' id='word_1_338' title='bbox 1680 1619 1720 1659; x_wconf 89' lang='lat' dir='ltr'><em>V</em></span> <span class='ocrx_word' id='word_1_339' title='bbox 1722 1623 1875 1670; x_wconf 87' lang='lat' dir='ltr'><em>incent‚</em></span> <span class='ocrx_word' id='word_1_340' title='bbox 1898 1619 2012 1660; x_wconf 84' lang='lat' dir='ltr'><em>dean</em></span> <span class='ocrx_word' id='word_1_341' title='bbox 2025 1616 2085 1673; x_wconf 85' lang='lat' dir='ltr'><em>of</em></span> <span class='ocrx_word' id='word_1_342' title='bbox 2085 1619 2154 1663; x_wconf 92' lang='lat' dir='ltr'><em>W</em></span> <span class='ocrx_word' id='word_1_343' title='bbox 2150 1623 2406 1664; x_wconf 87' lang='lat' dir='ltr'><em>estminster.</em></span> <span class='ocrx_word' id='word_1_344' title='bbox 2423 1623 2600 1664; x_wconf 86' lang='lat' dir='ltr'><em>London</em></span> 
     </span>
     <span class='ocr_line' id='line_1_52' title="bbox 1376 1692 2598 1754; baseline 0.004 -20"><span class='ocrx_word' id='word_1_345' title='bbox 1376 1692 1509 1749; x_wconf 88' lang='lat'>1807,</span> <span class='ocrx_word' id='word_1_346' title='bbox 1538 1710 1562 1736; x_wconf 84' lang='lat'><strong>2</strong></span> <span class='ocrx_word' id='word_1_347' title='bbox 1588 1693 1682 1738; x_wconf 92' lang='lat' dir='ltr'><em>vol.</em></span> <span class='ocrx_word' id='word_1_348' title='bbox 1715 1697 1779 1746; x_wconf 78' lang='lat'><em>4⁰.</em></span> <span class='ocrx_word' id='word_1_349' title='bbox 1806 1693 2060 1750; x_wconf 86' lang='lat' dir='ltr'><em>Secundum</em></span> <span class='ocrx_word' id='word_1_350' title='bbox 2085 1694 2237 1754; x_wconf 90' lang='lat' dir='ltr'><em>operis</em></span> <span class='ocrx_word' id='word_1_351' title='bbox 2255 1695 2467 1739; x_wconf 86' lang='lat' dir='ltr'><em>volumen</em></span> <span class='ocrx_word' id='word_1_352' title='bbox 2492 1697 2598 1739; x_wconf 88' lang='lat' dir='ltr'><em>titu-</em></span> 
     </span>
     <span class='ocr_line' id='line_1_53' title="bbox 1370 1757 2533 1827; baseline 0.002 -16"><span class='ocrx_word' id='word_1_353' title='bbox 1370 1768 1462 1812; x_wconf 89' lang='lat' dir='ltr'><em>lum</em></span> <span class='ocrx_word' id='word_1_354' title='bbox 1486 1757 1623 1813; x_wconf 82' lang='lat' dir='ltr'><em>habet</em></span> <span class='ocrx_word' id='word_1_355' title='bbox 1645 1785 1654 1811; x_wconf 75' lang='grc' dir='ltr'>ε</span> <span class='ocrx_word' id='word_1_356' title='bbox 1686 1769 1778 1811; x_wconf 72' lang='lat' dir='ltr'><em>The</em></span> <span class='ocrx_word' id='word_1_357' title='bbox 1791 1771 1992 1827; x_wconf 77' lang='lat' dir='ltr'><em>periplus</em></span> <span class='ocrx_word' id='word_1_358' title='bbox 2012 1767 2072 1824; x_wconf 88' lang='lat' dir='ltr'><em>of</em></span> <span class='ocrx_word' id='word_1_359' title='bbox 2081 1769 2153 1812; x_wconf 77' lang='lat' dir='ltr'><em>the</em></span> <span class='ocrx_word' id='word_1_360' title='bbox 2171 1769 2418 1825; x_wconf 80' lang='lat' dir='ltr'><em>Erythrean</em></span> <span class='ocrx_word' id='word_1_361' title='bbox 2441 1786 2533 1814; x_wconf 86' lang='lat' dir='ltr'><em>sea.</em></span> 
     </span>
    </p>

    <p class='ocr_par' dir='ltr' id='par_1_12' title="bbox 1366 1846 2598 2051">
     <span class='ocr_line' id='line_1_54' title="bbox 1433 1846 2589 1904; baseline 0.001 -17"><span class='ocrx_word' id='word_1_362' title='bbox 1433 1860 1456 1898; x_wconf 95' lang='lat'><strong>7</strong></span> <span class='ocrx_word' id='word_1_363' title='bbox 1467 1879 1476 1888; x_wconf 93' lang='lat'><em>.</em></span> <span class='ocrx_word' id='word_1_364' title='bbox 1496 1847 1680 1886; x_wconf 84' lang='lat' dir='ltr'><em>Arriani</em></span> <span class='ocrx_word' id='word_1_365' title='bbox 1694 1846 1996 1887; x_wconf 76' lang='lat' dir='ltr'><em>Alexandrini</em></span> <span class='ocrx_word' id='word_1_366' title='bbox 2005 1848 2202 1904; x_wconf 78' lang='lat' dir='ltr'><em>periplus</em></span> <span class='ocrx_word' id='word_1_367' title='bbox 2214 1850 2348 1887; x_wconf 88' lang='lat' dir='ltr'><em>maris</em></span> <span class='ocrx_word' id='word_1_368' title='bbox 2359 1847 2398 1887; x_wconf 90' lang='lat' dir='ltr'><em>E</em></span> <span class='ocrx_word' id='word_1_369' title='bbox 2398 1846 2589 1902; x_wconf 74' lang='lat' dir='ltr'><em>tytlzroei‚</em></span> 
     </span>
     <span class='ocr_line' id='line_1_55' title="bbox 1367 1918 2598 1963; baseline 0.002 -3"><span class='ocrx_word' id='word_1_370' title='bbox 1367 1923 1580 1961; x_wconf 87' lang='lat' dir='ltr'><em>recensuit</em></span> <span class='ocrx_word' id='word_1_371' title='bbox 1603 1929 1645 1961; x_wconf 88' lang='lat' dir='ltr'><em>et</em></span> <span class='ocrx_word' id='word_1_372' title='bbox 1670 1918 1783 1961; x_wconf 78' lang='lat' dir='ltr'><em>brevi</em></span> <span class='ocrx_word' id='word_1_373' title='bbox 1807 1924 2089 1963; x_wconf 84' lang='lat' dir='ltr'><em>annotatione</em></span> <span class='ocrx_word' id='word_1_374' title='bbox 2118 1924 2325 1962; x_wconf 69' lang='lat' dir='ltr'><em>instruxit</em></span> <span class='ocrx_word' id='word_1_375' title='bbox 2359 1923 2412 1963; x_wconf 91' lang='lat' dir='ltr'><em>B.</em></span> <span class='ocrx_word' id='word_1_376' title='bbox 2438 1923 2598 1963; x_wconf 87' lang='lat' dir='ltr'><em>Fabri-</em></span> 
     </span>
     <span class='ocr_line' id='line_1_56' title="bbox 1366 1994 1834 2051; baseline 0.002 -16"><span class='ocrx_word' id='word_1_377' title='bbox 1366 1998 1473 2037; x_wconf 89' lang='lat' dir='ltr'><em>cius.</em></span> <span class='ocrx_word' id='word_1_378' title='bbox 1495 1995 1678 2035; x_wconf 83' lang='lat' dir='ltr'><em>Dresdoe</em></span> <span class='ocrx_word' id='word_1_379' title='bbox 1702 1994 1834 2051; x_wconf 74' lang='lat'><em>1849.</em></span> 
     </span>
    </p>

    <p class='ocr_par' dir='ltr' id='par_1_13' title="bbox 1364 2066 2594 2410">
     <span class='ocr_line' id='line_1_57' title="bbox 1431 2066 2594 2127; baseline -0.001 -16"><span class='ocrx_word' id='word_1_380' title='bbox 1431 2066 1642 2111; x_wconf 90' lang='lat' dir='ltr'><em>Codicem</em></span> <span class='ocrx_word' id='word_1_381' title='bbox 1653 2067 1824 2127; x_wconf 86' lang='lat' dir='ltr'><em>peripli</em></span> <span class='ocrx_word' id='word_1_382' title='bbox 1837 2067 2234 2125; x_wconf 86' lang='lat' dir='ltr'><em>Heidelbergensis</em></span> <span class='ocrx_word' id='word_1_383' title='bbox 2243 2078 2346 2127; x_wconf 89' lang='lat' dir='ltr'><em>post</em></span> <span class='ocrx_word' id='word_1_384' title='bbox 2357 2067 2594 2111; x_wconf 89' lang='lat' dir='ltr'><em>Gelenium</em></span> 
     </span>
     <span class='ocr_line' id='line_1_58' title="bbox 1366 2141 2594 2202; baseline 0.002 -17"><span class='ocrx_word' id='word_1_385' title='bbox 1366 2141 1517 2185; x_wconf 91' lang='lat' dir='ltr'><em>denuo</em></span> <span class='ocrx_word' id='word_1_386' title='bbox 1535 2143 1727 2186; x_wconf 90' lang='lat' dir='ltr'><em>contulit</em></span> <span class='ocrx_word' id='word_1_387' title='bbox 1764 2142 2105 2201; x_wconf 87' lang='lat' dir='ltr'><em>Bernhardyus,</em></span> <span class='ocrx_word' id='word_1_388' title='bbox 2146 2143 2443 2202; x_wconf 89' lang='lat' dir='ltr'><em>selectamque</em></span> <span class='ocrx_word' id='word_1_389' title='bbox 2466 2158 2521 2186; x_wconf 90' lang='lat' dir='ltr'><em>ex</em></span> <span class='ocrx_word' id='word_1_390' title='bbox 2543 2159 2594 2187; x_wconf 93' lang='lat' dir='ltr'><em>eo</em></span> 
     </span>
     <span class='ocr_line' id='line_1_59' title="bbox 1365 2216 2591 2275; baseline 0.003 -16"><span class='ocrx_word' id='word_1_391' title='bbox 1365 2216 1576 2260; x_wconf 91' lang='lat' dir='ltr'><em>lectionis</em></span> <span class='ocrx_word' id='word_1_392' title='bbox 1596 2217 1860 2261; x_wconf 81' lang='lat' dir='ltr'><em>varietatem</em></span> <span class='ocrx_word' id='word_1_393' title='bbox 1885 2217 2008 2260; x_wconf 87' lang='lat' dir='ltr'><em>dedit</em></span> <span class='ocrx_word' id='word_1_394' title='bbox 2023 2218 2071 2260; x_wconf 91' lang='lat' dir='ltr'><em>in</em></span> <span class='ocrx_word' id='word_1_395' title='bbox 2107 2218 2333 2262; x_wconf 89' lang='lat' dir='ltr'><em>Analectis</em></span> <span class='ocrx_word' id='word_1_396' title='bbox 2354 2219 2402 2261; x_wconf 89' lang='lat' dir='ltr'><em>in</em></span> <span class='ocrx_word' id='word_1_397' title='bbox 2425 2217 2591 2275; x_wconf 87' lang='lat' dir='ltr'><em>Geogr.</em></span> 
     </span>
     <span class='ocr_line' id='line_1_60' title="bbox 1365 2290 2591 2351; baseline 0.002 -19"><span class='ocrx_word' id='word_1_398' title='bbox 1365 2291 1477 2336; x_wconf 87' lang='lat' dir='ltr'><em>min.</em></span> <span class='ocrx_word' id='word_1_399' title='bbox 1498 2291 1620 2334; x_wconf 87' lang='lat' dir='ltr'><em>Halae</em></span> <span class='ocrx_word' id='word_1_400' title='bbox 1643 2290 1776 2334; x_wconf 84' lang='lat'><em>1852.</em></span> <span class='ocrx_word' id='word_1_401' title='bbox 1793 2291 1885 2348; x_wconf 84' lang='lat' dir='ltr'><em>Ego</em></span> <span class='ocrx_word' id='word_1_402' title='bbox 1899 2292 2377 2351; x_wconf 86' lang='lat' dir='ltr'><em>postimpressamjam</em></span> <span class='ocrx_word' id='word_1_403' title='bbox 2393 2303 2591 2336; x_wconf 89' lang='lat' dir='ltr'><em>nostram</em></span> 
     </span>
     <span class='ocr_line' id='line_1_61' title="bbox 1364 2364 2590 2410; baseline 0.003 -4"><span class='ocrx_word' id='word_1_404' title='bbox 1364 2364 1610 2407; x_wconf 88' lang='lat' dir='ltr'><em>editionem</em></span> <span class='ocrx_word' id='word_1_405' title='bbox 1637 2365 1837 2409; x_wconf 82' lang='lat' dir='ltr'><em>codicem</em></span> <span class='ocrx_word' id='word_1_406' title='bbox 1860 2375 2016 2409; x_wconf 89' lang='lat' dir='ltr'><em>nactus</em></span> <span class='ocrx_word' id='word_1_407' title='bbox 2042 2366 2262 2409; x_wconf 91' lang='lat' dir='ltr'><em>nonnulla</em></span> <span class='ocrx_word' id='word_1_408' title='bbox 2280 2381 2333 2409; x_wconf 89' lang='lat' dir='ltr'><em>ex</em></span> <span class='ocrx_word' id='word_1_409' title='bbox 2355 2381 2407 2410; x_wconf 88' lang='lat' dir='ltr'><em>eo</em></span> <span class='ocrx_word' id='word_1_410' title='bbox 2425 2366 2590 2410; x_wconf 85' lang='lat' dir='ltr'><em>notabo</em></span> 
     </span>
    </p>
   </div>
   <div class='ocr_carea' id='block_1_4' title="bbox 1364 2439 1685 2484">
    <p class='ocr_par' dir='ltr' id='par_1_14' title="bbox 1364 2439 1685 2484">
     <span class='ocr_line' id='line_1_62' title="bbox 1364 2439 1685 2484; baseline 0.006 -2"><span class='ocrx_word' id='word_1_411' title='bbox 1364 2439 1412 2482; x_wconf 93' lang='lat' dir='ltr'><em>in</em></span> <span class='ocrx_word' id='word_1_412' title='bbox 1440 2439 1685 2484; x_wconf 88' lang='lat' dir='ltr'><em>Addendis.</em></span> 
     </span>
    </p>
   </div>
   <div class='ocr_carea' id='block_1_5' title="bbox 535 2554 2110 2619">
    <p class='ocr_par' dir='ltr' id='par_1_15' title="bbox 535 2554 2110 2619">
     <span class='ocr_line' id='line_1_63' title="bbox 535 2554 2110 2619; baseline -0.001 0"><span class='ocrx_word' id='word_1_413' title='bbox 535 2573 788 2619; x_wconf 84' lang='lat' dir='ltr'><strong>ARRIANI</strong></span> <span class='ocrx_word' id='word_1_414' title='bbox 825 2554 1281 2618; x_wconf 83' lang='lat' dir='ltr'>NICOMEDENSIS</span> <span class='ocrx_word' id='word_1_415' title='bbox 1317 2573 1614 2619; x_wconf 85' lang='lat' dir='ltr'><em>PERIPLUS</em></span> <span class='ocrx_word' id='word_1_416' title='bbox 1650 2573 1838 2618; x_wconf 89' lang='grc' dir='ltr'><strong>ΡΟΝΤΙ</strong></span> <span class='ocrx_word' id='word_1_417' title='bbox 1873 2573 2110 2618; x_wconf 88' lang='lat' dir='ltr'><em>EUXINI.</em></span> 
     </span>
    </p>
   </div>
   <div class='ocr_carea' id='block_1_6' title="bbox 51 2712 1294 3840">
    <p class='ocr_par' dir='ltr' id='par_1_16' title="bbox 51 2712 1294 3840">
     <span class='ocr_line' id='line_1_64' title="bbox 123 2712 1287 2772; baseline -0.007 -9"><span class='ocrx_word' id='word_1_418' title='bbox 123 2721 223 2770; x_wconf 77' lang='lat'><em>184.</em></span> <span class='ocrx_word' id='word_1_419' title='bbox 243 2717 436 2761; x_wconf 60' lang='lat' dir='ltr'><em>,Flavius</em></span> <span class='ocrx_word' id='word_1_420' title='bbox 457 2717 680 2759; x_wconf 87' lang='lat' dir='ltr'><em>Arrianus</em></span> <span class='ocrx_word' id='word_1_421' title='bbox 706 2712 1066 2767; x_wconf 82' lang='lat' dir='ltr'><em>Nicomedensis,</em></span> <span class='ocrx_word' id='word_1_422' title='bbox 1092 2712 1287 2772; x_wconf 88' lang='lat' dir='ltr'><em>Epicteti</em></span> 
     </span>
     <span class='ocr_line' id='line_1_65' title="bbox 53 2787 1287 2856; baseline -0.009 -14"><span class='ocrx_word' id='word_1_423' title='bbox 53 2796 332 2856; x_wconf 86' lang='lat' dir='ltr'><em>discipulus,</em></span> <span class='ocrx_word' id='word_1_424' title='bbox 359 2794 479 2838; x_wconf 89' lang='lat' dir='ltr'><em>inter</em></span> <span class='ocrx_word' id='word_1_425' title='bbox 498 2791 624 2835; x_wconf 84' lang='lat' dir='ltr'><em>varia</em></span> <span class='ocrx_word' id='word_1_426' title='bbox 655 2804 811 2849; x_wconf 83' lang='lat' dir='ltr'><em>opera,</em></span> <span class='ocrx_word' id='word_1_427' title='bbox 841 2803 940 2847; x_wconf 86' lang='lat' dir='ltr'><em>quae</em></span> <span class='ocrx_word' id='word_1_428' title='bbox 975 2803 1132 2832; x_wconf 88' lang='lat' dir='ltr'><em>omnes</em></span> <span class='ocrx_word' id='word_1_429' title='bbox 1156 2787 1287 2831; x_wconf 91' lang='lat' dir='ltr'><em>novi-</em></span> 
     </span>
     <span class='ocr_line' id='line_1_66' title="bbox 53 2863 1286 2928; baseline -0.011 -9"><span class='ocrx_word' id='word_1_430' title='bbox 53 2890 176 2928; x_wconf 85' lang='lat' dir='ltr'><em>mus,</em></span> <span class='ocrx_word' id='word_1_431' title='bbox 211 2871 416 2916; x_wconf 89' lang='lat' dir='ltr'><em>condidit</em></span> <span class='ocrx_word' id='word_1_432' title='bbox 453 2865 935 2923; x_wconf 57' lang='lat' dir='ltr'><em>Indicamjnistoriam</em></span> <span class='ocrx_word' id='word_1_433' title='bbox 978 2874 1021 2907; x_wconf 90' lang='lat' dir='ltr'><em>et</em></span> <span class='ocrx_word' id='word_1_434' title='bbox 1054 2863 1286 2922; x_wconf 86' lang='lat' dir='ltr'><em>Periplum</em></span> 
     </span>
     <span class='ocr_line' id='line_1_67' title="bbox 52 2939 1293 3004; baseline -0.01 -9"><span class='ocrx_word' id='word_1_435' title='bbox 52 2950 187 2995; x_wconf 85' lang='lat' dir='ltr'><em>Ponti</em></span> <span class='ocrx_word' id='word_1_436' title='bbox 207 2947 390 2993; x_wconf 84' lang='lat' dir='ltr'><em>Euxini.</em></span> <span class='ocrx_word' id='word_1_437' title='bbox 413 2946 498 2990; x_wconf 89' lang='lat' dir='ltr'><em>llla</em></span> <span class='ocrx_word' id='word_1_438' title='bbox 513 2944 644 3004; x_wconf 89' lang='lat' dir='ltr'><em>quasi</em></span> <span class='ocrx_word' id='word_1_439' title='bbox 666 2941 1031 3003; x_wconf 80' lang='lat' dir='ltr'><em>supplementum</em></span> <span class='ocrx_word' id='word_1_440' title='bbox 1050 2950 1116 2985; x_wconf 85' lang='lat' dir='ltr'><em>est</em></span> <span class='ocrx_word' id='word_1_441' title='bbox 1136 2939 1293 2985; x_wconf 84' lang='lat' dir='ltr'><em>Histo-</em></span> 
     </span>
     <span class='ocr_line' id='line_1_68' title="bbox 55 3017 1291 3076; baseline -0.011 -5"><span class='ocrx_word' id='word_1_442' title='bbox 55 3028 134 3071; x_wconf 87' lang='lat' dir='ltr'><em>riae</em></span> <span class='ocrx_word' id='word_1_443' title='bbox 173 3023 419 3069; x_wconf 80' lang='lat' dir='ltr'><em>Alexandri</em></span> <span class='ocrx_word' id='word_1_444' title='bbox 447 3031 490 3065; x_wconf 88' lang='lat' dir='ltr'><em>et</em></span> <span class='ocrx_word' id='word_1_445' title='bbox 527 3021 576 3064; x_wconf 89' lang='lat' dir='ltr'><em>in</em></span> <span class='ocrx_word' id='word_1_446' title='bbox 609 3017 847 3063; x_wconf 84' lang='lat' dir='ltr'><em>codicibus</em></span> <span class='ocrx_word' id='word_1_447' title='bbox 870 3028 1086 3076; x_wconf 85' lang='lat' dir='ltr'><em>tanquam</em></span> <span class='ocrx_word' id='word_1_448' title='bbox 1106 3027 1291 3059; x_wconf 87' lang='lat' dir='ltr'><em>octavus</em></span> 
     </span>
     <span class='ocr_line' id='line_1_69' title="bbox 53 3089 1294 3152; baseline -0.012 -3"><span class='ocrx_word' id='word_1_449' title='bbox 53 3089 309 3152; x_wconf 70' lang='grc' dir='ltr'>Ἀναὸάσεως</span> <span class='ocrx_word' id='word_1_450' title='bbox 328 3099 447 3145; x_wconf 89' lang='lat' dir='ltr'><em>liber</em></span> <span class='ocrx_word' id='word_1_451' title='bbox 464 3095 676 3142; x_wconf 72' lang='lat' dir='ltr'><em>exhiberi</em></span> <span class='ocrx_word' id='word_1_452' title='bbox 700 3094 828 3140; x_wconf 91' lang='lat' dir='ltr'><em>solet.</em></span> <span class='ocrx_word' id='word_1_453' title='bbox 851 3093 1047 3151; x_wconf 84' lang='lat' dir='ltr'><em>Collegit</em></span> <span class='ocrx_word' id='word_1_454' title='bbox 1065 3107 1162 3136; x_wconf 89' lang='lat' dir='ltr'><em>eam</em></span> <span class='ocrx_word' id='word_1_455' title='bbox 1186 3090 1294 3135; x_wconf 87' lang='lat' dir='ltr'><em>scri-</em></span> 
     </span>
     <span class='ocr_line' id='line_1_70' title="bbox 54 3166 1291 3239; baseline -0.011 -15"><span class='ocrx_word' id='word_1_456' title='bbox 54 3189 158 3239; x_wconf 87' lang='lat' dir='ltr'><em>ptor</em></span> <span class='ocrx_word' id='word_1_457' title='bbox 181 3194 235 3222; x_wconf 87' lang='lat' dir='ltr'><em>ex</em></span> <span class='ocrx_word' id='word_1_458' title='bbox 254 3175 543 3235; x_wconf 86' lang='lat' dir='ltr'><em>Megasthene</em></span> <span class='ocrx_word' id='word_1_459' title='bbox 568 3182 612 3216; x_wconf 88' lang='lat' dir='ltr'><em>et</em></span> <span class='ocrx_word' id='word_1_460' title='bbox 628 3170 835 3217; x_wconf 87' lang='lat' dir='ltr'><em>Nearcho</em></span> <span class='ocrx_word' id='word_1_461' title='bbox 872 3179 916 3214; x_wconf 90' lang='lat' dir='ltr'><em>et</em></span> <span class='ocrx_word' id='word_1_462' title='bbox 936 3169 1009 3213; x_wconf 93' lang='lat' dir='ltr'><em>his</em></span> <span class='ocrx_word' id='word_1_463' title='bbox 1034 3167 1147 3228; x_wconf 90' lang='lat' dir='ltr'><em>ipsis</em></span> <span class='ocrx_word' id='word_1_464' title='bbox 1167 3166 1291 3211; x_wconf 92' lang='lat' dir='ltr'><em>inni-</em></span> 
     </span>
     <span class='ocr_line' id='line_1_71' title="bbox 52 3245 1293 3303; baseline -0.01 -4"><span class='ocrx_word' id='word_1_465' title='bbox 52 3264 173 3298; x_wconf 80' lang='lat' dir='ltr'><em>tente</em></span> <span class='ocrx_word' id='word_1_466' title='bbox 210 3252 526 3297; x_wconf 83' lang='lat' dir='ltr'><em>Eratosthene:</em></span> <span class='ocrx_word' id='word_1_467' title='bbox 564 3248 681 3293; x_wconf 78' lang='lat' dir='ltr'><em>adeo</em></span> <span class='ocrx_word' id='word_1_468' title='bbox 706 3258 755 3292; x_wconf 90' lang='lat' dir='ltr'><em>ut</em></span> <span class='ocrx_word' id='word_1_469' title='bbox 791 3245 940 3290; x_wconf 87' lang='lat' dir='ltr'><em>omnis</em></span> <span class='ocrx_word' id='word_1_470' title='bbox 981 3245 1036 3289; x_wconf 93' lang='lat' dir='ltr'><em>de</em></span> <span class='ocrx_word' id='word_1_471' title='bbox 1066 3260 1119 3288; x_wconf 90' lang='lat' dir='ltr'><em>eo</em></span> <span class='ocrx_word' id='word_1_472' title='bbox 1157 3258 1293 3303; x_wconf 90' lang='lat' dir='ltr'><em>opere</em></span> 
     </span>
     <span class='ocr_line' id='line_1_72' title="bbox 51 3315 1288 3387; baseline -0.011 -14"><span class='ocrx_word' id='word_1_473' title='bbox 51 3328 334 3387; x_wconf 82' lang='lat' dir='ltr'><em>disquisitio,</em></span> <span class='ocrx_word' id='word_1_474' title='bbox 353 3327 392 3372; x_wconf 89' lang='lat' dir='ltr'><em>si</em></span> <span class='ocrx_word' id='word_1_475' title='bbox 405 3326 588 3371; x_wconf 85' lang='lat' dir='ltr'><em>missam</em></span> <span class='ocrx_word' id='word_1_476' title='bbox 602 3323 762 3368; x_wconf 78' lang='lat' dir='ltr'><em>seceris</em></span> <span class='ocrx_word' id='word_1_477' title='bbox 776 3315 1058 3381; x_wconf 84' lang='lat' dir='ltr'><em>excerptoris</em></span> <span class='ocrx_word' id='word_1_478' title='bbox 1076 3318 1288 3379; x_wconf 83' lang='lat' dir='ltr'><em>opellam,</em></span> 
     </span>
     <span class='ocr_line' id='line_1_73' title="bbox 56 3393 1291 3456; baseline -0.01 -8"><span class='ocrx_word' id='word_1_479' title='bbox 56 3404 113 3448; x_wconf 89' lang='lat' dir='ltr'><em>ad</em></span> <span class='ocrx_word' id='word_1_480' title='bbox 131 3403 267 3447; x_wconf 84' lang='lat' dir='ltr'><em>duces</em></span> <span class='ocrx_word' id='word_1_481' title='bbox 289 3403 400 3447; x_wconf 90' lang='lat' dir='ltr'><em>istos</em></span> <span class='ocrx_word' id='word_1_482' title='bbox 433 3399 692 3446; x_wconf 82' lang='lat' dir='ltr'><em>revocanda</em></span> <span class='ocrx_word' id='word_1_483' title='bbox 728 3399 803 3453; x_wconf 92' lang='lat' dir='ltr'><em>sit,</em></span> <span class='ocrx_word' id='word_1_484' title='bbox 842 3397 897 3441; x_wconf 92' lang='lat' dir='ltr'><em>de</em></span> <span class='ocrx_word' id='word_1_485' title='bbox 930 3394 1099 3456; x_wconf 86' lang='lat' dir='ltr'><em>quibus</em></span> <span class='ocrx_word' id='word_1_486' title='bbox 1121 3394 1218 3438; x_wconf 87' lang='lat' dir='ltr'><em>dixi</em></span> <span class='ocrx_word' id='word_1_487' title='bbox 1242 3393 1291 3437; x_wconf 90' lang='lat' dir='ltr'><em>in</em></span> 
     </span>
     <span class='ocr_line' id='line_1_74' title="bbox 57 3474 1292 3537; baseline -0.008 -12"><span class='ocrx_word' id='word_1_488' title='bbox 57 3480 236 3536; x_wconf 81' lang='lat' dir='ltr'><em>Fragm.</em></span> <span class='ocrx_word' id='word_1_489' title='bbox 255 3477 373 3522; x_wconf 82' lang='lat' dir='ltr'><em>Hist.</em></span> <span class='ocrx_word' id='word_1_490' title='bbox 395 3488 504 3525; x_wconf 87' lang='lat' dir='ltr'><em>tom.</em></span> <span class='ocrx_word' id='word_1_491' title='bbox 522 3477 567 3523; x_wconf 87' lang='lat'><em>11</em></span> <span class='ocrx_word' id='word_1_492' title='bbox 584 3479 688 3522; x_wconf 89' lang='lat' dir='ltr'><em>etin</em></span> <span class='ocrx_word' id='word_1_493' title='bbox 708 3476 893 3537; x_wconf 88' lang='lat' dir='ltr'><em>Scriptt.</em></span> <span class='ocrx_word' id='word_1_494' title='bbox 914 3474 1081 3519; x_wconf 86' lang='lat' dir='ltr'><em>Rerum</em></span> <span class='ocrx_word' id='word_1_495' title='bbox 1100 3474 1292 3517; x_wconf 83' lang='lat' dir='ltr'><em>Alexan-</em></span> 
     </span>
     <span class='ocr_line' id='line_1_75' title="bbox 51 3548 1292 3611; baseline -0.006 -12"><span class='ocrx_word' id='word_1_496' title='bbox 51 3555 147 3599; x_wconf 85' lang='lat' dir='ltr'><em>dri.</em></span> <span class='ocrx_word' id='word_1_497' title='bbox 175 3553 371 3611; x_wconf 92' lang='lat' dir='ltr'><em>Proprio</em></span> <span class='ocrx_word' id='word_1_498' title='bbox 398 3554 541 3611; x_wconf 83' lang='lat' dir='ltr'><em>magis</em></span> <span class='ocrx_word' id='word_1_499' title='bbox 557 3553 701 3598; x_wconf 88' lang='lat' dir='ltr'><em>Marte</em></span> <span class='ocrx_word' id='word_1_500' title='bbox 720 3568 815 3598; x_wconf 91' lang='lat' dir='ltr'><em>rem</em></span> <span class='ocrx_word' id='word_1_501' title='bbox 847 3551 986 3610; x_wconf 84' lang='lat' dir='ltr'><em>gessit</em></span> <span class='ocrx_word' id='word_1_502' title='bbox 1003 3550 1226 3595; x_wconf 90' lang='lat' dir='ltr'><em>Arrianus</em></span> <span class='ocrx_word' id='word_1_503' title='bbox 1243 3548 1292 3592; x_wconf 91' lang='lat' dir='ltr'><em>in</em></span> 
     </span>
     <span class='ocr_line' id='line_1_76' title="bbox 56 3623 1287 3688; baseline -0.005 -15"><span class='ocrx_word' id='word_1_504' title='bbox 56 3627 245 3688; x_wconf 90' lang='lat' dir='ltr'><em>Periplo</em></span> <span class='ocrx_word' id='word_1_505' title='bbox 279 3626 415 3670; x_wconf 90' lang='lat' dir='ltr'><em>Ponti</em></span> <span class='ocrx_word' id='word_1_506' title='bbox 442 3627 627 3674; x_wconf 88' lang='lat' dir='ltr'><em>Euxini.</em></span> <span class='ocrx_word' id='word_1_507' title='bbox 669 3627 800 3681; x_wconf 86' lang='lat' dir='ltr'><em>Hunc</em></span> <span class='ocrx_word' id='word_1_508' title='bbox 827 3641 939 3671; x_wconf 89' lang='lat' dir='ltr'><em>vero</em></span> <span class='ocrx_word' id='word_1_509' title='bbox 978 3625 1042 3670; x_wconf 90' lang='lat' dir='ltr'><em>ita</em></span> <span class='ocrx_word' id='word_1_510' title='bbox 1071 3623 1287 3678; x_wconf 85' lang='lat' dir='ltr'><em>instituit,</em></span> 
     </span>
     <span class='ocr_line' id='line_1_77' title="bbox 56 3699 1291 3764; baseline -0.006 -14"><span class='ocrx_word' id='word_1_511' title='bbox 56 3715 106 3750; x_wconf 85' lang='lat' dir='ltr'><em>ut</em></span> <span class='ocrx_word' id='word_1_512' title='bbox 128 3704 325 3764; x_wconf 87' lang='lat' dir='ltr'><em>primum</em></span> <span class='ocrx_word' id='word_1_513' title='bbox 352 3717 378 3746; x_wconf 90' lang='lat' dir='ltr'><em>a</em></span> <span class='ocrx_word' id='word_1_514' title='bbox 398 3701 683 3762; x_wconf 81' lang='lat' dir='ltr'><em>Trapezunte</em></span> <span class='ocrx_word' id='word_1_515' title='bbox 711 3718 854 3762; x_wconf 88' lang='lat' dir='ltr'><em>usque</em></span> <span class='ocrx_word' id='word_1_516' title='bbox 878 3702 935 3747; x_wconf 88' lang='lat' dir='ltr'><em>ad</em></span> <span class='ocrx_word' id='word_1_517' title='bbox 955 3699 1291 3760; x_wconf 87' lang='lat' dir='ltr'><em>Sebastopolim</em></span> 
     </span>
     <span class='ocr_line' id='line_1_78' title="bbox 56 3776 1289 3840; baseline -0.004 -16"><span class='ocrx_word' id='word_1_518' title='bbox 56 3778 301 3840; x_wconf 87' lang='lat' dir='ltr'><em>procedat,</em></span> <span class='ocrx_word' id='word_1_519' title='bbox 329 3777 489 3822; x_wconf 88' lang='lat' dir='ltr'><em>deinde</em></span> <span class='ocrx_word' id='word_1_520' title='bbox 513 3792 538 3821; x_wconf 91' lang='lat' dir='ltr'><em>a</em></span> <span class='ocrx_word' id='word_1_521' title='bbox 562 3778 767 3837; x_wconf 83' lang='lat' dir='ltr'><em>Bosporo</em></span> <span class='ocrx_word' id='word_1_522' title='bbox 793 3778 996 3823; x_wconf 87' lang='lat' dir='ltr'><em>Thracio</em></span> <span class='ocrx_word' id='word_1_523' title='bbox 1024 3777 1081 3822; x_wconf 87' lang='lat' dir='ltr'><em>ad</em></span> <span class='ocrx_word' id='word_1_524' title='bbox 1119 3776 1158 3820; x_wconf 89' lang='lat' dir='ltr'>T</span> <span class='ocrx_word' id='word_1_525' title='bbox 1162 3791 1289 3836; x_wconf 90' lang='lat' dir='ltr'><em>rape-</em></span> 
     </span>
    </p>
   </div>
   <div class='ocr_carea' id='block_1_7' title="bbox 55 3912 1638 4078">
    <p class='ocr_par' dir='ltr' id='par_1_17' title="bbox 55 3912 1638 4078">
     <span class='ocr_line' id='line_1_79' title="bbox 105 3912 1542 3965; baseline -0.007 -11"><span class='ocrx_word' id='word_1_526' title='bbox 105 3916 154 3965; x_wconf 80' lang='lat'><em>(*)</em></span> <span class='ocrx_word' id='word_1_527' title='bbox 177 3916 283 3964; x_wconf 82' lang='lat' dir='ltr'><em>Apud</em></span> <span class='ocrx_word' id='word_1_528' title='bbox 303 3915 547 3954; x_wconf 64' lang='lat' dir='ltr'><em>Ptolemaeum</em></span> <span class='ocrx_word' id='word_1_529' title='bbox 567 3915 616 3959; x_wconf 91' lang='lat' dir='ltr'><em>V,</em></span> <span class='ocrx_word' id='word_1_530' title='bbox 642 3920 663 3951; x_wconf 88' lang='grc'><strong>6</strong></span> <span class='ocrx_word' id='word_1_531' title='bbox 696 3924 760 3951; x_wconf 86' lang='lat' dir='ltr'><em>ora</em></span> <span class='ocrx_word' id='word_1_532' title='bbox 785 3914 1030 3962; x_wconf 78' lang='lat' dir='ltr'><em>cappadociae</em></span> <span class='ocrx_word' id='word_1_533' title='bbox 1058 3915 1165 3962; x_wconf 79' lang='lat' dir='ltr'><em>Juxta</em></span> <span class='ocrx_word' id='word_1_534' title='bbox 1189 3912 1375 3962; x_wconf 80' lang='lat' dir='ltr'><em>regionem</em></span> <span class='ocrx_word' id='word_1_535' title='bbox 1399 3912 1542 3948; x_wconf 86' lang='lat' dir='ltr'><em>Leucos</em></span> 
     </span>
     <span class='ocr_line' id='line_1_80' title="bbox 56 3963 1546 4020; baseline -0.008 -9"><span class='ocrx_word' id='word_1_536' title='bbox 56 3971 357 4020; x_wconf 72' lang='lat' dir='ltr'><em>Cappadocicum</em></span> <span class='ocrx_word' id='word_1_537' title='bbox 375 3970 566 4019; x_wconf 83' lang='lat' dir='ltr'><em>pertinens</em></span> <span class='ocrx_word' id='word_1_538' title='bbox 589 3968 724 4006; x_wconf 87' lang='lat' dir='ltr'><em>desinit</em></span> <span class='ocrx_word' id='word_1_539' title='bbox 745 3969 780 4006; x_wconf 88' lang='lat' dir='ltr'><em>in</em></span> <span class='ocrx_word' id='word_1_540' title='bbox 804 3969 1103 4017; x_wconf 74' lang='lat' dir='ltr'><em>sebastopolim,</em></span> <span class='ocrx_word' id='word_1_541' title='bbox 1120 3971 1164 4008; x_wconf 90' lang='lat' dir='ltr'><em>ut</em></span> <span class='ocrx_word' id='word_1_542' title='bbox 1178 3969 1278 4018; x_wconf 88' lang='lat' dir='ltr'><em>apud</em></span> <span class='ocrx_word' id='word_1_543' title='bbox 1297 3965 1514 4009; x_wconf 86' lang='lat' dir='ltr'><em>Arrianum,</em></span> <span class='ocrx_word' id='word_1_544' title='bbox 1536 3963 1546 4000; x_wconf 89' lang='grc' dir='ltr'>ἰ</span> 
     </span>
     <span class='ocr_line' id='line_1_81' title="bbox 55 4019 1638 4078; baseline -0.008 -10"><span class='ocrx_word' id='word_1_545' title='bbox 55 4031 286 4078; x_wconf 83' lang='lat' dir='ltr'><em>ponaturque</em></span> <span class='ocrx_word' id='word_1_546' title='bbox 306 4030 371 4066; x_wconf 85' lang='lat'><em>44⁰</em></span> <span class='ocrx_word' id='word_1_547' title='bbox 391 4027 448 4067; x_wconf 79' lang='lat'><em>45¹</em></span> <span class='ocrx_word' id='word_1_548' title='bbox 469 4027 533 4065; x_wconf 88' lang='lat' dir='ltr'><em>lat.</em></span> <span class='ocrx_word' id='word_1_549' title='bbox 553 4026 648 4064; x_wconf 88' lang='lat' dir='ltr'><em>inter</em></span> <span class='ocrx_word' id='word_1_550' title='bbox 667 4025 762 4064; x_wconf 87' lang='lat' dir='ltr'><em>ostia</em></span> <span class='ocrx_word' id='word_1_551' title='bbox 782 4026 958 4075; x_wconf 75' lang='lat' dir='ltr'><em>Apsorrlii</em></span> <span class='ocrx_word' id='word_1_552' title='bbox 978 4026 1080 4064; x_wconf 87' lang='lat' dir='ltr'><em>ssuvii</em></span> <span class='ocrx_word' id='word_1_553' title='bbox 1098 4026 1111 4074; x_wconf 91' lang='lat'>(</span> <span class='ocrx_word' id='word_1_554' title='bbox 1131 4028 1197 4064; x_wconf 77' lang='lat'><em>44⁰</em></span> <span class='ocrx_word' id='word_1_555' title='bbox 1225 4024 1310 4073; x_wconf 82' lang='lat'>40&#39;)</span> <span class='ocrx_word' id='word_1_556' title='bbox 1336 4023 1374 4062; x_wconf 87' lang='lat' dir='ltr'><em>et</em></span> <span class='ocrx_word' id='word_1_557' title='bbox 1391 4019 1556 4059; x_wconf 83' lang='lat' dir='ltr'><em>Phasidis</em></span> <span class='ocrx_word' id='word_1_558' title='bbox 1578 4020 1638 4067; x_wconf 81' lang='lat'><em>(45</em></span> 
     </span>
    </p>
   </div>
   <div class='ocr_carea' id='block_1_8' title="bbox 1358 2710 2589 3755">
    <p class='ocr_par' dir='ltr' id='par_1_18' title="bbox 1359 2710 2589 3436">
     <span class='ocr_line' id='line_1_82' title="bbox 1360 2710 2588 2770; baseline 0.001 -14"><span class='ocrx_word' id='word_1_559' title='bbox 1360 2722 1539 2757; x_wconf 89' lang='lat' dir='ltr'><em>zuntem</em></span> <span class='ocrx_word' id='word_1_560' title='bbox 1582 2727 1708 2756; x_wconf 90' lang='lat' dir='ltr'><em>oram</em></span> <span class='ocrx_word' id='word_1_561' title='bbox 1749 2712 1892 2769; x_wconf 85' lang='lat' dir='ltr'><em>legat,</em></span> <span class='ocrx_word' id='word_1_562' title='bbox 1934 2721 2027 2755; x_wconf 89' lang='lat' dir='ltr'><em>tum</em></span> <span class='ocrx_word' id='word_1_563' title='bbox 2056 2727 2082 2755; x_wconf 92' lang='lat' dir='ltr'><em>a</em></span> <span class='ocrx_word' id='word_1_564' title='bbox 2123 2710 2406 2770; x_wconf 89' lang='lat' dir='ltr'><em>Sebastopoli</em></span> <span class='ocrx_word' id='word_1_565' title='bbox 2441 2711 2588 2757; x_wconf 88' lang='lat' dir='ltr'><em>denuo</em></span> 
     </span>
     <span class='ocr_line' id='line_1_83' title="bbox 1361 2784 2589 2846; baseline 0 -16"><span class='ocrx_word' id='word_1_566' title='bbox 1361 2802 1549 2831; x_wconf 90' lang='lat' dir='ltr'><em>exorsus</em></span> <span class='ocrx_word' id='word_1_567' title='bbox 1569 2787 1797 2846; x_wconf 89' lang='lat' dir='ltr'><em>reliquum</em></span> <span class='ocrx_word' id='word_1_568' title='bbox 1814 2786 1950 2830; x_wconf 91' lang='lat' dir='ltr'><em>Ponti</em></span> <span class='ocrx_word' id='word_1_569' title='bbox 1973 2786 2082 2830; x_wconf 87' lang='lat' dir='ltr'><em>litus</em></span> <span class='ocrx_word' id='word_1_570' title='bbox 2101 2784 2344 2830; x_wconf 85' lang='lat' dir='ltr'><em>describat.</em></span> <span class='ocrx_word' id='word_1_571' title='bbox 2364 2788 2472 2841; x_wconf 85' lang='lat' dir='ltr'><em>Quae</em></span> <span class='ocrx_word' id='word_1_572' title='bbox 2490 2787 2589 2844; x_wconf 89' lang='lat' dir='ltr'><em>qui-</em></span> 
     </span>
     <span class='ocr_line' id='line_1_84' title="bbox 1361 2861 2589 2922; baseline -0.002 -16"><span class='ocrx_word' id='word_1_573' title='bbox 1361 2862 1461 2906; x_wconf 89' lang='lat' dir='ltr'><em>dem</em></span> <span class='ocrx_word' id='word_1_574' title='bbox 1488 2872 1644 2906; x_wconf 88' lang='lat' dir='ltr'><em>rerum‘</em></span> <span class='ocrx_word' id='word_1_575' title='bbox 1666 2862 1909 2922; x_wconf 90' lang='lat' dir='ltr'><em>dispositio</em></span> <span class='ocrx_word' id='word_1_576' title='bbox 1924 2894 1936 2916; x_wconf 91' lang='lat'>‚</span> <span class='ocrx_word' id='word_1_577' title='bbox 1957 2871 2007 2905; x_wconf 88' lang='lat' dir='ltr'><em>ut</em></span> <span class='ocrx_word' id='word_1_578' title='bbox 2026 2861 2241 2920; x_wconf 88' lang='lat' dir='ltr'><em>perplexa</em></span> <span class='ocrx_word' id='word_1_579' title='bbox 2263 2869 2329 2904; x_wconf 89' lang='lat' dir='ltr'><em>est</em></span> <span class='ocrx_word' id='word_1_580' title='bbox 2348 2869 2390 2903; x_wconf 89' lang='lat' dir='ltr'><em>et</em></span> <span class='ocrx_word' id='word_1_581' title='bbox 2413 2874 2438 2903; x_wconf 87' lang='lat' dir='ltr'><em>a</em></span> <span class='ocrx_word' id='word_1_582' title='bbox 2466 2876 2589 2904; x_wconf 89' lang='lat' dir='ltr'><em>more</em></span> 
     </span>
     <span class='ocr_line' id='line_1_85' title="bbox 1361 2933 2588 2997; baseline -0.003 -14"><span class='ocrx_word' id='word_1_583' title='bbox 1361 2937 1723 2997; x_wconf 82' lang='lat' dir='ltr'><em>geographorum</em></span> <span class='ocrx_word' id='word_1_584' title='bbox 1738 2936 1925 2992; x_wconf 83' lang='lat' dir='ltr'><em>recedit,</em></span> <span class='ocrx_word' id='word_1_585' title='bbox 1941 2935 2009 2981; x_wconf 90' lang='lat' dir='ltr'><em>sic</em></span> <span class='ocrx_word' id='word_1_586' title='bbox 2021 2950 2073 2980; x_wconf 83' lang='lat' dir='ltr'><em>ex</em></span> <span class='ocrx_word' id='word_1_587' title='bbox 2089 2935 2263 2981; x_wconf 73' lang='lat' dir='ltr'><em>ratione</em></span> <span class='ocrx_word' id='word_1_588' title='bbox 2279 2934 2424 2979; x_wconf 85' lang='lat' dir='ltr'><em>nostri</em></span> <span class='ocrx_word' id='word_1_589' title='bbox 2445 2933 2588 2979; x_wconf 88' lang='lat' dir='ltr'><em>libelli</em></span> 
     </span>
     <span class='ocr_line' id='line_1_86' title="bbox 1361 3011 2586 3075; baseline -0.004 -16"><span class='ocrx_word' id='word_1_590' title='bbox 1361 3016 1493 3060; x_wconf 88' lang='lat' dir='ltr'><em>facile</em></span> <span class='ocrx_word' id='word_1_591' title='bbox 1512 3013 1870 3075; x_wconf 83' lang='lat' dir='ltr'><em>explicatu1·.Vel</em></span> <span class='ocrx_word' id='word_1_592' title='bbox 1894 3013 2134 3072; x_wconf 89' lang='lat' dir='ltr'><em>inscriptio</em></span> <span class='ocrx_word' id='word_1_593' title='bbox 2162 3028 2172 3057; x_wconf 91' lang='lat'>:</span> <span class='ocrx_word' id='word_1_594' title='bbox 2201 3011 2406 3072; x_wconf 84' lang='grc' dir='ltr'>Ἀρριανοῦ</span> <span class='ocrx_word' id='word_1_595' title='bbox 2428 3011 2586 3054; x_wconf 82' lang='grc' dir='ltr'>ἕπιστο·</span> 
     </span>
     <span class='ocr_line' id='line_1_87' title="bbox 1359 3080 2587 3151; baseline -0.005 -18"><span class='ocrx_word' id='word_1_596' title='bbox 1359 3088 1411 3144; x_wconf 82' lang='grc' dir='ltr'><em>λὴ</em></span> <span class='ocrx_word' id='word_1_597' title='bbox 1440 3089 1539 3151; x_wconf 75' lang='grc' dir='ltr'>πρὸς</span> <span class='ocrx_word' id='word_1_598' title='bbox 1563 3089 1767 3151; x_wconf 83' lang='grc' dir='ltr'>Τραϊανὸν</span> <span class='ocrx_word' id='word_1_599' title='bbox 1797 3086 2015 3149; x_wconf 80' lang='grc' dir='ltr'>Ἀδριανὸν,</span> <span class='ocrx_word' id='word_1_600' title='bbox 2032 3090 2071 3131; x_wconf 80' lang='grc' dir='ltr'><em>ἓν</em></span> <span class='ocrx_word' id='word_1_601' title='bbox 2098 3080 2126 3145; x_wconf 71' lang='grc' dir='ltr'>ἧ</span> <span class='ocrx_word' id='word_1_602' title='bbox 2164 3085 2233 3130; x_wconf 80' lang='grc' dir='ltr'><em>καὶ</em></span> <span class='ocrx_word' id='word_1_603' title='bbox 2256 3084 2471 3146; x_wconf 86' lang='grc' dir='ltr'>περίπλους</span> <span class='ocrx_word' id='word_1_604' title='bbox 2496 3085 2587 3129; x_wconf 79' lang='grc' dir='ltr'><em>Εὖ-</em></span> 
     </span>
     <span class='ocr_line' id='line_1_88' title="bbox 1361 3158 2586 3223; baseline -0.007 -14"><span class='ocrx_word' id='word_1_605' title='bbox 1361 3163 1486 3216; x_wconf 86' lang='grc' dir='ltr'>ξείνου</span> <span class='ocrx_word' id='word_1_606' title='bbox 1507 3163 1683 3218; x_wconf 88' lang='grc' dir='ltr'>Πόντου,</span> <span class='ocrx_word' id='word_1_607' title='bbox 1709 3163 1864 3223; x_wconf 89' lang='lat' dir='ltr'><em>prodit</em></span> <span class='ocrx_word' id='word_1_608' title='bbox 1888 3178 1980 3207; x_wconf 89' lang='lat' dir='ltr'><em>rem</em></span> <span class='ocrx_word' id='word_1_609' title='bbox 2009 3160 2142 3205; x_wconf 89' lang='lat' dir='ltr'><em>nobis</em></span> <span class='ocrx_word' id='word_1_610' title='bbox 2164 3174 2260 3204; x_wconf 90' lang='lat' dir='ltr'><em>esse</em></span> <span class='ocrx_word' id='word_1_611' title='bbox 2276 3173 2375 3202; x_wconf 92' lang='lat' dir='ltr'><em>cum</em></span> <span class='ocrx_word' id='word_1_612' title='bbox 2398 3158 2586 3216; x_wconf 89' lang='lat' dir='ltr'><em>epistola</em></span> 
     </span>
     <span class='ocr_line' id='line_1_89' title="bbox 1360 3235 2584 3300; baseline -0.007 -16"><span class='ocrx_word' id='word_1_613' title='bbox 1360 3251 1402 3284; x_wconf 91' lang='lat' dir='ltr'><em>et</em></span> <span class='ocrx_word' id='word_1_614' title='bbox 1427 3240 1655 3300; x_wconf 89' lang='lat' dir='ltr'><em>periplum</em></span> <span class='ocrx_word' id='word_1_615' title='bbox 1686 3236 2036 3282; x_wconf 87' lang='lat' dir='ltr'><em>fundilibertate</em></span> <span class='ocrx_word' id='word_1_616' title='bbox 2066 3235 2171 3289; x_wconf 90' lang='lat' dir='ltr'><em>ista,</em></span> <span class='ocrx_word' id='word_1_617' title='bbox 2202 3248 2334 3292; x_wconf 88' lang='lat' dir='ltr'><em>quam</em></span> <span class='ocrx_word' id='word_1_618' title='bbox 2361 3246 2584 3275; x_wconf 87' lang='lat' dir='ltr'><em>commer-</em></span> 
     </span>
     <span class='ocr_line' id='line_1_90' title="bbox 1362 3307 2583 3376; baseline -0.009 -15"><span class='ocrx_word' id='word_1_619' title='bbox 1362 3317 1420 3361; x_wconf 88' lang='lat' dir='ltr'><em>cii</em></span> <span class='ocrx_word' id='word_1_620' title='bbox 1450 3315 1677 3376; x_wconf 85' lang='lat' dir='ltr'><em>epistolici</em></span> <span class='ocrx_word' id='word_1_621' title='bbox 1714 3311 2009 3358; x_wconf 89' lang='lat' dir='ltr'><em>familiaritati</em></span> <span class='ocrx_word' id='word_1_622' title='bbox 2029 3308 2334 3354; x_wconf 89' lang='lat' dir='ltr'><em>concedimus.</em></span> <span class='ocrx_word' id='word_1_623' title='bbox 2364 3307 2450 3351; x_wconf 80' lang='lat' dir='ltr'><em>Res</em></span> <span class='ocrx_word' id='word_1_624' title='bbox 2472 3321 2583 3350; x_wconf 81' lang='lat' dir='ltr'><em>vero</em></span> 
     </span>
     <span class='ocr_line' id='line_1_91' title="bbox 1360 3383 2463 3436; baseline -0.006 -1"><span class='ocrx_word' id='word_1_625' title='bbox 1360 3392 1421 3436; x_wconf 89' lang='lat' dir='ltr'><em>ita</em></span> <span class='ocrx_word' id='word_1_626' title='bbox 1437 3390 1584 3435; x_wconf 88' lang='lat' dir='ltr'><em>habet.</em></span> <span class='ocrx_word' id='word_1_627' title='bbox 2458 3383 2463 3387; x_wconf 74' lang='grc'><strong>’</strong></span> 
     </span>
    </p>

    <p class='ocr_par' dir='ltr' id='par_1_19' title="bbox 1358 3457 2581 3755">
     <span class='ocr_line' id='line_1_92' title="bbox 1428 3457 2581 3522; baseline -0.012 -9"><span class='ocrx_word' id='word_1_628' title='bbox 1428 3468 1528 3513; x_wconf 87' lang='lat'><em>185.</em></span> <span class='ocrx_word' id='word_1_629' title='bbox 1555 3466 1775 3511; x_wconf 77' lang='lat' dir='ltr'><em>Arrianus</em></span> <span class='ocrx_word' id='word_1_630' title='bbox 1799 3479 1889 3522; x_wconf 87' lang='lat' dir='ltr'><em>quo</em></span> <span class='ocrx_word' id='word_1_631' title='bbox 1915 3472 2115 3519; x_wconf 89' lang='lat' dir='ltr'><em>tempore</em></span> <span class='ocrx_word' id='word_1_632' title='bbox 2145 3460 2225 3503; x_wconf 88' lang='lat' dir='ltr'><em>has</em></span> <span class='ocrx_word' id='word_1_633' title='bbox 2259 3459 2317 3502; x_wconf 91' lang='lat' dir='ltr'><em>ad</em></span> <span class='ocrx_word' id='word_1_634' title='bbox 2333 3457 2581 3520; x_wconf 82' lang='lat' dir='ltr'><em>Adrianum</em></span> 
     </span>
     <span class='ocr_line' id='line_1_93' title="bbox 1359 3529 2581 3602; baseline -0.014 -13"><span class='ocrx_word' id='word_1_635' title='bbox 1359 3546 1514 3589; x_wconf 87' lang='lat' dir='ltr'><em>literas</em></span> <span class='ocrx_word' id='word_1_636' title='bbox 1539 3541 1740 3602; x_wconf 81' lang='lat' dir='ltr'><em>scripsit,</em></span> <span class='ocrx_word' id='word_1_637' title='bbox 1765 3538 2001 3599; x_wconf 79' lang='lat' dir='ltr'><em>praefectus</em></span> <span class='ocrx_word' id='word_1_638' title='bbox 2027 3544 2122 3580; x_wconf 87' lang='lat' dir='ltr'><em>erat</em></span> <span class='ocrx_word' id='word_1_639' title='bbox 2138 3531 2451 3594; x_wconf 83' lang='lat' dir='ltr'><em>Cappadociae.</em></span> <span class='ocrx_word' id='word_1_640' title='bbox 2477 3529 2581 3583; x_wconf 84' lang='lat' dir='ltr'><em>Quae</em></span> 
     </span>
     <span class='ocr_line' id='line_1_94' title="bbox 1359 3606 2580 3682; baseline -0.016 -17"><span class='ocrx_word' id='word_1_641' title='bbox 1359 3618 1598 3682; x_wconf 89' lang='lat' dir='ltr'><em>provincia</em></span> <span class='ocrx_word' id='word_1_642' title='bbox 1623 3626 1729 3661; x_wconf 91' lang='lat' dir='ltr'><em>tunc</em></span> <span class='ocrx_word' id='word_1_643' title='bbox 1756 3623 1919 3674; x_wconf 83' lang='lat' dir='ltr'><em>praeter</em></span> <span class='ocrx_word' id='word_1_644' title='bbox 1941 3611 2029 3656; x_wconf 86' lang='lat' dir='ltr'><em>alia</em></span> <span class='ocrx_word' id='word_1_645' title='bbox 2067 3608 2325 3654; x_wconf 83' lang='lat' dir='ltr'><em>Armeniam</em></span> <span class='ocrx_word' id='word_1_646' title='bbox 2361 3606 2580 3649; x_wconf 88' lang='lat' dir='ltr'><em>minorem</em></span> 
     </span>
     <span class='ocr_line' id='line_1_95' title="bbox 1358 3678 2581 3755; baseline -0.017 -14"><span class='ocrx_word' id='word_1_647' title='bbox 1358 3691 1740 3755; x_wconf 89' lang='lat' dir='ltr'><em>complectebatur</em></span> <span class='ocrx_word' id='word_1_648' title='bbox 1762 3699 1805 3734; x_wconf 90' lang='lat' dir='ltr'><em>et</em></span> <span class='ocrx_word' id='word_1_649' title='bbox 1828 3689 1876 3732; x_wconf 89' lang='lat' dir='ltr'><em>in</em></span> <span class='ocrx_word' id='word_1_650' title='bbox 1899 3702 1980 3731; x_wconf 86' lang='lat' dir='ltr'><em>ora</em></span> <span class='ocrx_word' id='word_1_651' title='bbox 2001 3686 2109 3730; x_wconf 90' lang='lat' dir='ltr'><em>inde</em></span> <span class='ocrx_word' id='word_1_652' title='bbox 2131 3683 2188 3728; x_wconf 85' lang='lat' dir='ltr'><em>ab</em></span> <span class='ocrx_word' id='word_1_653' title='bbox 2209 3682 2364 3726; x_wconf 86' lang='lat' dir='ltr'><em>Amiso</em></span> <span class='ocrx_word' id='word_1_654' title='bbox 2385 3678 2581 3739; x_wconf 88' lang='lat' dir='ltr'><em>pertine-</em></span> 
     </span>
    </p>
   </div>
   <div class='ocr_carea' id='block_1_9' title="bbox 2525 3750 2541 3765">
    <p class='ocr_par' dir='ltr' id='par_1_20' title="bbox 2525 3750 2541 3765">
     <span class='ocr_line' id='line_1_96' title="bbox 2525 3750 2541 3765; baseline 0 0"><span class='ocrx_word' id='word_1_655' title='bbox 2525 3750 2541 3765; x_wconf 62' lang='lat' dir='ltr'><strong>t</strong></span> 
     </span>
    </p>
   </div>
   <div class='ocr_carea' id='block_1_10' title="bbox 1357 3751 2575 3828">
    <p class='ocr_par' dir='ltr' id='par_1_21' title="bbox 1357 3751 2575 3828">
     <span class='ocr_line' id='line_1_97' title="bbox 1357 3751 2575 3828; baseline -0.02 -12"><span class='ocrx_word' id='word_1_656' title='bbox 1357 3771 1434 3816; x_wconf 88' lang='lat' dir='ltr'><em>bat</em></span> <span class='ocrx_word' id='word_1_657' title='bbox 1452 3783 1596 3828; x_wconf 85' lang='lat' dir='ltr'><em>usque</em></span> <span class='ocrx_word' id='word_1_658' title='bbox 1614 3766 1670 3811; x_wconf 85' lang='lat' dir='ltr'><em>ad</em></span> <span class='ocrx_word' id='word_1_659' title='bbox 1692 3761 2036 3809; x_wconf 87' lang='lat' dir='ltr'><em>Dioscuriadem</em></span> <span class='ocrx_word' id='word_1_660' title='bbox 2050 3759 2147 3804; x_wconf 87' lang='lat' dir='ltr'><em>sive</em></span> <span class='ocrx_word' id='word_1_661' title='bbox 2162 3752 2488 3814; x_wconf 86' lang='lat' dir='ltr'><em>Sebastopolim</em></span> <span class='ocrx_word' id='word_1_662' title='bbox 2509 3751 2520 3811; x_wconf 97' lang='lat'>(</span> <span class='ocrx_word' id='word_1_663' title='bbox 2545 3754 2575 3810; x_wconf 84' lang='lat'><em>)‚</em></span> 
     </span>
    </p>
   </div>
   <div class='ocr_carea' id='block_1_11' title="bbox 1546 3888 2593 4066">
    <p class='ocr_par' dir='ltr' id='par_1_22' title="bbox 1546 3888 2593 4066">
     <span class='ocr_line' id='line_1_98' title="bbox 1546 3888 2579 3955; baseline -0.021 -11"><span class='ocrx_word' id='word_1_664' title='bbox 1546 3915 1699 3955; x_wconf 85' lang='lat' dir='ltr'><em>yrornm</em></span> <span class='ocrx_word' id='word_1_665' title='bbox 1722 3905 1760 3942; x_wconf 84' lang='lat' dir='ltr'><em>et</em></span> <span class='ocrx_word' id='word_1_666' title='bbox 1792 3906 1928 3941; x_wconf 85' lang='lat' dir='ltr'><em>Pontos</em></span> <span class='ocrx_word' id='word_1_667' title='bbox 1960 3898 2185 3941; x_wconf 80' lang='lat' dir='ltr'><em>Galaticum,</em></span> <span class='ocrx_word' id='word_1_668' title='bbox 2208 3891 2507 3955; x_wconf 77' lang='lat' dir='ltr'><em>Polemoniacum</em></span> <span class='ocrx_word' id='word_1_669' title='bbox 2542 3888 2579 3946; x_wconf 83' lang='lat' dir='ltr'><em>et</em></span> 
     </span>
     <span class='ocr_line' id='line_1_99' title="bbox 1550 3942 2578 4001; baseline -0.022 0"><span class='ocrx_word' id='word_1_670' title='bbox 1550 3964 1589 4000; x_wconf 87' lang='lat' dir='ltr'><em>ta</em></span> <span class='ocrx_word' id='word_1_671' title='bbox 1608 3963 1734 3999; x_wconf 80' lang='lat' dir='ltr'><em>tamen</em></span> <span class='ocrx_word' id='word_1_672' title='bbox 1749 3960 1791 3996; x_wconf 84' lang='lat' dir='ltr'><em>ut</em></span> <span class='ocrx_word' id='word_1_673' title='bbox 1813 3954 2062 4001; x_wconf 83' lang='lat' dir='ltr'><em>Sebastopolis</em></span> <span class='ocrx_word' id='word_1_674' title='bbox 2077 3963 2098 3989; x_wconf 88' lang='lat' dir='ltr'><em>a</em></span> <span class='ocrx_word' id='word_1_675' title='bbox 2117 3946 2353 3988; x_wconf 80' lang='lat' dir='ltr'><em>Dioscuriade</em></span> <span class='ocrx_word' id='word_1_676' title='bbox 2373 3944 2516 3981; x_wconf 81' lang='lat' dir='ltr'><em>diversa</em></span> <span class='ocrx_word' id='word_1_677' title='bbox 2530 3942 2578 3979; x_wconf 83' lang='lat' dir='ltr'><em>sit</em></span> 
     </span>
     <span class='ocr_line' id='line_1_100' title="bbox 1642 3995 2593 4066; baseline -0.022 -11"><span class='ocrx_word' id='word_1_678' title='bbox 1642 4018 1689 4066; x_wconf 88' lang='lat'><em>⁰),</em></span> <span class='ocrx_word' id='word_1_679' title='bbox 1709 4015 1771 4053; x_wconf 91' lang='lat' dir='ltr'><em>ubi</em></span> <span class='ocrx_word' id='word_1_680' title='bbox 1794 4014 1888 4051; x_wconf 85' lang='lat' dir='ltr'><em>alius</em></span> <span class='ocrx_word' id='word_1_681' title='bbox 1910 4020 2019 4049; x_wconf 89' lang='lat' dir='ltr'><em>nemo</em></span> <span class='ocrx_word' id='word_1_682' title='bbox 2039 4008 2148 4055; x_wconf 80' lang='lat' dir='ltr'><em>huJus</em></span> <span class='ocrx_word' id='word_1_683' title='bbox 2170 4001 2327 4043; x_wconf 85' lang='lat' dir='ltr'><em>nominis</em></span> <span class='ocrx_word' id='word_1_684' title='bbox 2345 3999 2476 4038; x_wconf 87' lang='lat' dir='ltr'><em>urbem</em></span> <span class='ocrx_word' id='word_1_685' title='bbox 2497 3995 2593 4036; x_wconf 88' lang='lat' dir='ltr'><em>me·¹</em></span> 
     </span>
    </p>
   </div>
  </div>
 </body>
</html>
