2808 4342
500 16 555 75 0
812 68 821 70 ,

562 143 566 147 .
716 104 763 152 Q

156 212 249 255 292
534 246 581 292 ⁶

150 325 295 365 στους,
319 309 532 368 ἀμπώτεις
550 325 595 352 τε
618 306 688 351 καὶ
705 304 876 363 πλήμας
901 301 1112 362 μεγίστας,
1135 303 1389 363 συναυξομέ-

149 394 222 430 νας
238 376 319 423 ὑπὸ
346 376 423 432 τὴν
442 374 647 430 ἀνατολὴν
671 373 743 419 καὶ
772 371 847 427 τὴν
870 369 1124 426 πανσέληνον
1142 370 1245 433 ἄχρι
1263 373 1388 434 τριῶν

153 446 340 507 ἡμερῶν,
371 443 444 490 καὶ
479 449 563 495 τοῖς
590 439 742 501 μεταξὺ
765 437 1065 498 καταστήμασι
1101 441 1175 495 τῆς
1213 440 1388 499 σελήνης

149 512 479 573 ἔλασσουμένας,
513 509 618 556 πολὺ
656 508 699 553 δὲ
730 507 890 565 μᾶλλον
924 509 952 561 ἡ
985 505 1095 552 κατὰ
1119 509 1387 570 Βαρυγάζων,

86 596 106 626 ι»
149 579 256 627 ὥστε
279 580 477 642 αἰφνίδιον
496 577 565 622 τόν
586 593 631 620 τε
656 574 777 636 βυθὸν
797 577 987 637 ὁρᾶσθαι,
1009 574 1080 622 καὶ
1097 576 1145 601 *⁴
1164 595 1255 623 τινα
1279 577 1386 642 με’ρη

148 651 223 704 τῆς
245 648 429 707 ἠπείρου,
454 644 553 690 ποτὲ
574 643 617 688 δὲ
637 641 742 706 ξηρὰ
762 643 815 689 τὰ
831 643 913 707 πρὸ
936 650 1085 707 μικροῦ
1106 646 1385 708 πλωῖζόμενα,

146 718 239 769 τούς
256 735 299 762 τε
330 711 543 773 ποταμοὺς
560 711 641 759 ὑπὸ
670 713 745 768 τὴν
778 712 972 771 εἰσὸολὴν
993 717 1068 771 τῆς
1095 717 1292 776 πλήμης,
1314 721 1387 764 τοῦ

145 783 348 843 πελάγους
376 781 474 828 ὅλου
497 781 831 844 συνωθουμένου,
866 784 1136 846 σφοδρότερον
1158 785 1245 831 ἀνω
1268 786 1386 850 φέρε·

146 857 239 898 σθαι
264 856 334 897 τοῦ
353 849 462 897 κατὰ
485 850 604 915 φύσιν
630 849 831 915 ῥεύματος
851 853 920 897 ἐπὶ
943 852 1160 906 πλείστους
1180 855 1384 908 σταδίους.

84 941 122 971 ιο
205 936 261 967 ιο.
298 918 373 967 Διὸ
395 918 468 966 καὶ
487 920 744 972 κινδυνώδεις
765 919 867 966 εἰσὶν
883 922 927 966 αἱ
948 923 1030 967 τῶν
1050 921 1206 968 πλοίων
1227 941 1386 985 προσα-

144 988 276 1050 γωγαὶ
295 987 367 1034 καὶ
386 987 593 1051 ἐξαγωγαὶ
611 995 693 1040 τοῖς
714 987 896 1052 ἀπείροις
910 988 983 1035 καὶ
999 987 1174 1051 πρώτως
1188 990 1384 1052 εἰσάγου-

143 1076 206 1103 σιν
230 1059 285 1110 εῖς
312 1058 361 1104 τὸ
392 1057 605 1120 ἐμπόριον.
675 1057 899 1118 Γινομένης
924 1057 1005 1121 γὰρ
1028 1060 1156 1121 ὁρμῆς
1183 1058 1265 1116 ἤδη
1289 1060 1384 1122 περὶ

143 1127 217 1183 τὴν
253 1126 426 1188 πλήμην
466 1127 582 1174 οὐδὲν
616 1127 870 1192 παριεμένης
905 1129 980 1175 οὐκ
1014 1127 1254 1190 ἀντέχουσιν
1281 1129 1383 1192 [αἱ]

147 1196 346 1259 ἄγκυραι·
385 1195 447 1243 διὸ
479 1196 550 1243 καὶ
586 1196 639 1243 τὰ
673 1195 961 1261 προληφθέντα
994 1199 1121 1244 πλοῖα
1155 1202 1207 1261 τῇ
1248 1198 1386 1261 ἰναία,

81 1282 120 1312 15
143 1266 452 1330 πλαγιασθὲντα
470 1266 639 1324 ὑπὸτῆς
653 1267 844 1325 ὀξύτητος
859 1272 929 1315 τοῦ
949 1267 1057 1333 ῥοὸς,
1074 1269 1289 1315 ἐποκέλλει
1302 1272 1386 1323 τοῖς

141 1337 329 1397 τενάγεσι
347 1336 419 1383 καὶ
442 1338 699 1398 ἀνακλᾶται,
721 1338 773 1383 τὰ
794 1338 836 1383 δὲ
862 1337 1086 1401 μικρότερα
1107 1337 1179 1383 καὶ
1198 1337 1387 1401 περιτρέ-

141 1405 408 1467 πεταιλτινὰ
433 1405 475 1452 δὲ
507 1406 579 1451 καὶ
611 1406 707 1469 περὶ
737 1406 810 1459 τὰς
847 1406 1054 1471 διώρυχας
1083 1408 1386 1454 ἀποκεκλικότα

142 1474 212 1520 διὰ
235 1475 281 1521 τὸ
302 1475 396 1538 περὶ
414 1475 488 1532 τὴν
508 1476 723 1536 ἄμπωτιν,
743 1475 842 1521 ὅταν
863 1475 921 1537 μὴ
947 1475 1165 1539 διερείσῃς,
1186 1479 1259 1532 τῆς
1281 1476 1387 1532 πλή-

142 1562 225 1605 μης
260 1544 458 1607 αἰφνίδιον
482 1545 755 1603 ἐπελθούσης,
791 1545 871 1591 ὑπὸ
904 1549 978 1602 τῆς
1011 1544 1178 1608 πρώτης
1204 1547 1387 1609 κεφαλῆς

79 1631 122 1662 2ο
142 1617 212 1660 τοῦ
233 1613 322 1677 ῥοὸς
349 1613 662 1674 ἐμπίμπλαται.
701 1616 917 1661 Τοσαῦται
938 1613 1019 1677 γὰρ
1036 1614 1132 1677 περὶ
1156 1613 1233 1671 τὴν
1255 1615 1387 1662 εἷσὸο·

139 1682 216 1739 λὴν
254 1686 327 1739 τῆς
349 1681 559 1741 θαλάσσης
594 1682 777 1745 γίνονται
810 1684 896 1747 βίαι
935 1684 1045 1730 κατὰ
1063 1683 1138 1736 τὰς
1166 1685 1384 1744 νεομηνίας

141 1751 222 1798 ὑπὸ
241 1750 315 1807 τὴν
333 1752 572 1815 νυκτερινὴν
599 1753 785 1814 μάλιστα
808 1752 997 1813 πλήμην,
1019 1752 1127 1800 ὥστε
1148 1753 1383 1815 ἀρχομένης

138 1820 220 1877 ἤδη
243 1824 316 1877 τῆς
342 1823 598 1883 εἰσαγωγῆς,
625 1821 723 1867 ὅταν
746 1825 883 1885 ἠρεμῇ
915 1822 962 1867 τὸ
991 1822 1192 1883 πέλαγος,
1218 1824 1288 1867 ὑπ’
1313 1822 1383 1867 αὖ·

138 1894 210 1936 τοῦ
240 1889 434 1954 φέρεσθαι
456 1891 540 1943 τοῖς
570 1890 639 1937 ἐπὶ
659 1895 729 1936 τοῦ
754 1891 956 1945 στόματος
976 1891 1270 1953 παραπλήσιον
1302 1894 1379 1955 βοῇ

77 1978 121 2011 25
140 1958 421 2022 στρατοπέδου
457 1959 661 2024 μακρόθεν
703 1960 933 2021 ἀκουομένῃ
948 1995 960 2017 ,
1002 1960 1073 2006 καὶ
1114 1959 1202 2020 μετ’
1243 1959 1380 2021 ὀλίγον

141 2028 270 2084 αὐτὴν
291 2027 519 2092 ἐπιτρέχειν
540 2032 624 2082 τοῖς
646 2029 838 2090 τενάγεσι
861 2030 981 2093 ῥοίζῳ
997 2029 1078 2085 τὴν
1103 2030 1334 2078 θάλασσαν.

201 2114 260 2145 47.
290 2097 527 2146 Ἐπίκειται
548 2098 590 2144 δὲ
613 2100 695 2151 τοῖς
717 2099 970 2162 Βαρυγάζοις
990 2098 1097 2144 κατὰ
1118 2098 1169 2144 τὰ
1189 2100 1385 2161 μεσόγεια

139 2165 310 2212 πλείονα
342 2166 466 2223 ἔθνη,
503 2167 551 2213 τό
587 2185 632 2212 τε
662 2170 744 2212 τῶν
771 2166 994 2227 Ἀρατρίων
1027 2168 1098 2213 καὶ
1118 2166 1386 2230 Ἀραχωσίων

138 2234 210 2282 καὶ
235 2237 270 2282 Γ
270 2234 503 2297 ανδαραίων
523 2235 594 2280 καὶ
612 2238 683 2291 τῆς
706 2232 991 2296 Προκλαΐδος,
1013 2237 1055 2281 ἐν
1074 2230 1104 2296 ᾗ
1125 2241 1151 2292 ἡ
1171 2237 1387 2300 Βουκέφα-

192 2372 307 2422 545,
341 2369 369 2410 l.
398 2382 438 2411 1.
465 2369 878 2426 συναυξομένας]
905 2373 1194 2427 συναπτομένας
1222 2373 1380 2424 codex3

135 2446 217 2472 em.
242 2430 384 2475 Stuck.
416 2432 433 2486 ΙΙ
454 2455 512 2464 -
534 2432 574 2474 5.
613 2432 697 2474 καὶ
718 2448 828 2474 τινα
862 2434 989 2489 μέρη
1010 2435 1025 2490 ]
1045 2435 1255 2477 Nonnulla
1276 2437 1385 2477 exci-

137 2493 306 2537 derunt.
323 2494 609 2551 Supplendum
629 2496 673 2539 in
702 2495 812 2537 hanc
830 2498 1102 2539 sententiam:
1122 2498 1188 2539 καὶ
1202 2498 1295 2540 ποτὲ
1315 2498 1383 2555 μὲν

139 2557 306 2613 πέλαγος
325 2555 430 2598 εἶναί
446 2573 534 2599 τινα
554 2558 647 2614 μέρη
665 2560 734 2610 τῆς
752 2556 926 2614 ἠπείρου,
956 2558 1051 2601 ποτὲ
1065 2558 1106 2601 δὲ
1131 2559 1220 2602 κτλ.

193 2622 307 2672 546,
328 2620 356 2662 Ι.
382 2621 447 2662 13.
466 2619 553 2662 οὖν.
573 2620 845 2677 ἀντέχουσι
879 2621 928 2662 αἱ
948 2620 1080 2678 ἀγκ.]
1099 2622 1139 2663 αἱ
1157 2623 1385 2678 κατέχουσιν

138 2681 228 2736 ἂγκ.
251 2683 267 2736 {l
283 2682 526 2731 —14.cod.
547 2687 606 2739 τῇ
627 2682 667 2725 ἰν
682 2698 705 2724 α
719 2684 789 2739 [qt]
807 2687 856 2741 τῇ
873 2682 973 2740 ἰνδίᾳ
993 2684 1090 2727 cod.
1105 2701 1117 2736 ;
1134 2687 1185 2742 τῇ
1205 2686 1269 2741 βίᾳ
1281 2687 1386 2727 Vin-

136 2751 253 2794 cent,
277 2743 390 2798 quod
409 2759 432 2785 a
450 2744 612 2787 traditis
630 2746 743 2787 abest
769 2745 947 2801 longius.
970 2746 1091 2789 Nulla
1109 2747 1195 2789 fere
1212 2749 1387 2790 mutatio

137 2813 221 2858 est,
245 2807 279 2847 si
318 2806 464 2848 eodem
494 2822 617 2849 sensu
651 2810 863 2864 scripseris
888 2813 938 2866 τῇ
971 2808 1089 2865 ἰναίᾳ.
1122 2810 1387 2852 Vocabulum

137 2867 220 2910 boc
236 2882 287 2909 ex
311 2882 396 2909 uno
422 2868 612 2910 laudatur
645 2872 869 2926 Hesychio,
894 2874 965 2927 qui
991 2872 1114 2914 ἰναίαν
1135 2873 1389 2929 interpratur

139 2929 318 2987 δύναμιν.
338 2931 492 2972 Nostro
510 2930 602 2972 loco
624 2930 783 2973 dictum
804 2932 911 2974 foret
928 2933 981 2974 de
996 2935 1154 2990 impetu
1173 2936 1298 2977 maris
1319 2950 1387 2980 ac·

138 2991 322 3035 cedentis
339 2994 415 3046 (ut
426 2993 464 3041 ἲς
486 2995 683 3050 ποταμοῖο
703 3008 771 3050 ap.
792 2995 965 3036 Homer.
982 2995 1014 3052 ).
1042 2998 1059 3050 ΙΙ
1077 3020 1135 3030 --
1155 2998 1219 3038 18.
1241 2998 1308 3038 διε
1325 3013 1344 3052 ρ
1358 2998 1389 3038 ί.

139 3069 196 3112 σῃ
213 3054 329 3108 cod.;
345 3053 495 3111 quodsi
513 3057 743 3112 genuinum
757 3064 834 3108 est,
854 3057 1098 3099 vertendum
1111 3057 1218 3099 foret
1232 3058 1317 3100 nisi
1326 3075 1387 3101 se-

139 3116 238 3160 ‹1qu
258 3131 435 3168 caman
457 3116 531 3159 sed
552 3126 748 3175 corrupta
768 3119 909 3175 potius
930 3133 1008 3161 vox
1035 3120 1130 3162 erit.
1153 3119 1388 3163 Dodwellus

140 3178 318 3236 conjecit
329 3180 520 3238 διερέσσῃ,
536 3179 623 3223 nisi
632 3180 973 3238 perremigentur.
992 3180 1234 3237 Legendum
1250 3183 1388 3238 potius

140 3243 339 3301 διερείσῃς.
353 3243 587 3286 Vincentus
605 3244 663 3295 11,
681 3257 726 3300 p.
750 3244 832 3299 399
853 3243 979 3287 verba
996 3258 1128 3299 graeea
1142 3243 1388 3301 plerumque

139 3318 287 3361 parum
305 3319 455 3347 curans
474 3305 532 3348 ita
545 3306 842 3362 interpretatur
861 3319 873 3348 z
900 3326 917 3343 ι
937 3307 1065 3363 Many
1082 3306 1169 3349 also
1182 3306 1270 3349 that
1285 3306 1389 3350 bave

141 3366 262 3409 taken
276 3367 419 3423 refuge
432 3368 476 3410 in
493 3368 564 3410 the
577 3367 735 3420 creeks,
752 3368 889 3411 unless
903 3369 1000 3426 they
1016 3370 1120 3412 bave
1139 3368 1388 3426 fortumtely

141 3427 326 3483 changed
341 3428 450 3471 their
466 3428 581 3486 place
595 3430 639 3472 in
654 3429 739 3473 due
757 3431 858 3474 time
875 3432 893 3487 (
911 3431 1050 3474 which
1068 3432 1102 3474 it
1115 3431 1151 3474 is
1170 3445 1268 3488 very
1282 3430 1390 3474 diffi-

141 3488 226 3531 cult
250 3497 293 3531 to
310 3490 390 3542 do,
413 3505 469 3533 on
493 3501 671 3535 account
693 3493 743 3535 of
758 3494 828 3536 the
843 3495 1155 3537 instantancous
1169 3492 1237 3536 fall
1253 3493 1299 3536 of
1317 3493 1388 3537 the

139 3553 316 3606 water),
333 3567 446 3608 upon
473 3554 543 3596 the
563 3563 708 3597 return
731 3556 782 3598 of
794 3556 863 3599 the
881 3556 967 3599 tide
986 3571 1058 3600 are
1071 3554 1182 3599 filled
1196 3555 1295 3598 with
1317 3555 1388 3599 the

140 3625 242 3669 very
256 3612 345 3655 first
358 3614 464 3657 head
479 3616 607 3659 oftbe
622 3617 750 3670 ssood,
768 3618 851 3661 and
869 3619 993 3663 sunk.
1014 3640 1032 3658 ι
1054 3620 1142 3675 ΙΙ-
1159 3632 1226 3674 19.
1245 3616 1386 3661 inex-

142 3673 345 3732 θούσης]
367 3675 610 3731 ἀπελθούσης
631 3679 725 3722 cod.
758 3682 774 3736 ΙΙ
800 3706 859 3714 -
875 3695 945 3725 21.
970 3680 1270 3738 νεομηνίας]
1291 3694 1389 3737 συμ-

145 3737 284 3793 μηνίας
311 3737 410 3781 cod.
438 3740 666 3783 Interlunia
688 3741 741 3783 ad
766 3752 887 3785 astus
909 3745 993 3786 vim
1015 3741 1248 3799 augendam
1280 3741 1385 3784 nibil

145 3798 381 3844 conferunt.
396 3802 587 3844 Rectiora
610 3804 694 3859 ipse
717 3814 862 3847 auctor
880 3808 922 3848 in
941 3815 1099 3849 antece.
1118 3805 1279 3848 docuit.
1305 3805 1386 3861 ΙΙ-

145 3865 215 3912 24.
239 3865 345 3912 τοῖς
366 3862 475 3920 ἐπὶ]
498 3868 581 3913 τοῖς
599 3863 674 3907 ἀπὸ
697 3865 792 3908 cod.
816 3869 961 3911 Sermo
979 3867 1032 3909 de
1052 3869 1160 3910 ostio
1179 3864 1385 3910 Namnadi

145 3924 276 3967 fluvii.
295 3926 314 3982 n
334 3927 747 3983 -παραπλήσιον
766 3931 779 3986 ]
801 3930 953 3972 excidit
979 3932 1124 3987 βρόμον
1144 3930 1206 3973 vel
1224 3929 1385 3987 Θόρυὸον

151 3987 214 4029 vel
235 4003 273 4030 τι
294 3989 359 4031 vel
376 3989 456 4032 tale
473 3990 592 4046 quid.
619 3992 636 4046 Η
654 4016 710 4024 -
728 3993 819 4048 βοῆς
907 3993 1143 4050 ἀκουομένης
1165 3993 1262 4036 cod.

208 4052 319 4101 547.
343 4051 372 4094 l.
393 4065 462 4108 27.
490 4056 596 4103 τοῖς
611 4054 657 4095 Β.
679 4054 796 4097 κατὰ
819 4055 899 4112 τὰ]
921 4056 1019 4098 κατὰ
1045 4056 1092 4099 τὰ
1113 4061 1161 4113 τῇ
1184 4056 1387 4112 Βαρυγάζᾳ

846 174 1149 250 'anonym
1185 200 1503 263 (Annum,
1534 203 1619 253 m·
1649 193 1929 268 rsa‘rna)

2529 210 2694 273 (nstv.)

1456 327 1506 356 ac
1530 314 1655 356 maris
1685 314 1824 357 fluxus
1842 324 1885 357 et
1903 316 2086 359 refluxus
2106 316 2330 368 maximos,
2354 318 2427 373 qui
2454 317 2694 363 subt-amm

1455 388 1608 418 novam
1620 385 1662 420 et
1675 376 1843 433 plenam
1859 377 1914 420 ad
1929 378 2117 421 triduum
2131 387 2338 430 creseunt,
2349 378 2496 421 mediis
2507 380 2615 423 tunm
2630 383 2696 426 in·
2763 383 2797 436 ‘s'jjl

1455 437 1635 479 tervallis
1651 438 1922 496 minuuntur,
1934 439 2067 483 multo
2080 441 2211 496 magis
2229 455 2328 483 vero
2346 456 2471 498 quam
2489 444 2635 486 ceteris
2649 444 2695 488 in
2753 458 2778 494 ,ἢ

1455 498 1556 541 loeis
1574 499 1661 541 istae
1682 501 1806 542 maris
1826 501 2126 545 vicissitudines
2146 504 2256 545 circa
2268 505 2473 560 Barygaza
2488 505 2692 558 obtinent.
2730 501 2741 511 ’
2772 508 2780 542 Γ

1455 559 1561 603 adeo
1596 569 1644 603 ut
1678 561 1901 620 derepente
1932 564 2191 621 profundum
2230 567 2354 608 maris
2387 577 2578 624 appareat
2595 600 2606 619 ,
2653 578 2694 612 et

1456 622 1575 664 modo
1590 623 1766 681 pelagus
1785 625 1874 667 sine
1893 625 2083 682 quaedam
2101 627 2352 669 continentis
2373 637 2511 684 partes
2530 661 2541 680 ,
2566 630 2695 673 modo
2775 628 2777 630 ’

1456 684 1564 727 sicca
1583 699 1677 742 quae
1697 686 1835 744 paullo
1861 696 1957 730 ante
1981 689 2294 744 navigabatur,
2319 699 2443 745 atque
2468 691 2583 734 fluvii
2616 694 2695 735 sub
2779 719 2782 722 «

1455 756 1577 790 aesms
1598 763 1833 802 accessum,
1858 758 1948 793 toto
1969 751 2013 792 in
2034 765 2166 794 unum
2191 752 2407 808 compulso
2431 753 2601 809 pelago,
2626 770 2694 798 ve·
2780 771 2795 806 ·y

1455 809 1690 854 hementius
1707 826 1871 854 sursum
1890 821 2035 859 contra
2050 814 2277 856 naturalem
2297 816 2359 857 sui
2379 828 2547 857 cursum
2565 816 2697 860 feran-
2773 853 2776 856 .

1456 879 1527 913 tur
1545 885 1623 928 per
1643 873 1776 916 stadia
1797 873 1993 929 plurima.
2771 913 2775 915 .

1513 928 1584 983 46.
1616 936 1755 988 Quam
1776 935 1832 976 ob
1859 950 2025 978 causam
2056 951 2174 979 reum
2201 939 2332 992 ignari
2355 941 2620 996 primumque
2643 940 2697 983 ad
2771 930 2794 980 J'

1456 1003 1692 1059 emporium
1711 1003 1813 1045 illud
1830 1005 2078 1061 appellentes
2095 1020 2247 1061 magno
2267 1008 2311 1049 in
2329 1008 2575 1052 inducendis
2597 1010 2697 1052 edu·
2772 1030 2775 1033 ·

1456 1070 1681 1127 oendisque
1698 1071 1873 1113 navibus
1894 1073 2187 1116 conflictantur
2214 1076 2414 1130 peu-iouh.
2444 1078 2551 1119 Nam
2566 1092 2696 1135 quum
2774 1076 2797 1122 '2

1460 1140 1639 1196 impetus
1656 1139 1866 1182 undarum
1884 1140 1963 1182 sub
1981 1150 2125 1183 aestum
2146 1142 2200 1183 sit
2218 1142 2331 1184 nulla
2351 1157 2397 1185 re
2417 1143 2669 1201 frangendus
2683 1179 2694 1198 ,
2783 1159 2787 1162 ’

1456 1225 1619 1252 ancorae
1636 1210 1749 1252 haud
1765 1212 1985 1262 resistunt;
2003 1211 2116 1253 unde
2131 1211 2177 1253 fit
2194 1220 2242 1253 ιιι
2256 1220 2455 1268 correptae
2471 1227 2524 1257 eo
2539 1215 2696 1272 impetu
2803 1258 2805 1262 .

1456 1292 1581 1320 naves
1608 1286 1651 1320 et
1669 1278 1805 1320 fluxus
1821 1279 2079 1321 vehementia
2101 1280 2144 1321 in
2166 1288 2445 1323 transversum
2463 1290 2591 1338 raptae
2606 1282 2700 1327 bre-
2775 1303 2777 1305 ·

1456 1346 1578 1388 vibus
1608 1347 1840 1403 impingant
1858 1356 1901 1389 et
1927 1356 2194 1404 rumpantur,
2227 1349 2410 1390 minores
2440 1349 2565 1391 etiam
2586 1364 2700 1392 ever·
2772 1383 2774 1410 :

1455 1422 1613 1467 tantur,
1651 1416 1862 1458 nonnullae
1898 1415 2103 1472 denique,
2139 1431 2232 1473 quae
2253 1418 2455 1459 refluente
2492 1419 2594 1460 mari
2625 1433 2701 1475 per
2771 1415 2782 1450 ἓ

1456 1484 1585 1527 fossas
1614 1485 1875 1528 subsidentes
1901 1487 1945 1528 in
1972 1486 2078 1528 latus
2104 1486 2363 1539 inclinarint,
2385 1488 2464 1529 nisi
2487 1487 2699 1531 suffulcias

1455 1569 1548 1607 eas,
1587 1554 1807 1597 accedente
1842 1555 1981 1598 subito
2012 1564 2113 1598 utu
2125 1587 2137 1607 ,
2161 1555 2337 1611 impletoe
2383 1557 2522 1612 primo
2560 1556 2698 1599 fluxus
2780 1600 2786 1605 ,

1456 1623 1630 1665 incursu
1662 1623 1996 1678 submergantur.
2054 1625 2187 1665 Tanta
2211 1631 2349 1665 autem
2382 1624 2426 1665 in
2459 1624 2697 1678 noviluniis,

1455 1700 1664 1734 nocturno
1694 1693 1877 1734 maxime
1906 1701 2006 1734 aestu
2024 1723 2036 1744 ,
2058 1693 2183 1733 maris
2204 1692 2436 1734 accedentis
2455 1694 2515 1734 vis
2552 1702 2629 1746 est,
2653 1703 2701 1737 ιιι
2778 1707 2781 1714 ‘

1455 1755 1633 1797 instante
1640 1753 1728 1811 jam
1744 1754 2066 1806 intromissione,
2081 1754 2251 1811 quando
2266 1754 2534 1810 tranquillum
2549 1763 2612 1797 est
2628 1769 2701 1812 pe·

1453 1821 1583 1878 lagus,
1608 1823 1707 1865 hinc
1727 1822 1780 1865 ad
1798 1838 1869 1865 cos
1890 1824 1962 1879 qui
1980 1837 2110 1879 prope
2125 1825 2276 1865 ostium
2299 1822 2476 1878 degunt,
2511 1824 2699 1880 primum

1451 1890 1653 1948 strepitus
1688 1891 1919 1947 perferatur
1950 1905 2047 1933 cum
2083 1891 2261 1933 clamore
2289 1893 2492 1933 exercitus
2526 1906 2651 1948 quem
2679 1908 2707 1935 e
2742 1901 2754 1912 ·

1453 1958 1682 2016 longinquo
1692 1959 1850 2011 audias,
1867 1958 2188 2017 comparandus,
2206 1974 2304 2002 mox
2319 1973 2416 2002 vero
2431 1960 2569 2016 ipsum
2588 1975 2702 2003 mare
2784 1988 2786 1990 v

1455 2027 1657 2071 stridente
1677 2029 1837 2085 fragore
1860 2029 1902 2071 in
1923 2029 2120 2086 palustria
2141 2030 2359 2086 irrumpat.

1513 2101 1583 2154 47.
1615 2099 1842 2141 Imminent
1861 2100 2129 2155 Barygazenae
2153 2099 2312 2154 regioni
2335 2114 2360 2140 a
2386 2099 2696 2142 mediterraneis

1458 2178 1597 2223 gentes
1625 2168 1884 2224 complures,
1917 2170 2180 2213 Aratriorum
2211 2168 2365 2211 scilicet
2382 2177 2424 2211 et
2452 2169 2702 2212 Arachosio-
2786 2219 2794 2222 Φ

1458 2252 1552 2279 rum
1582 2245 1623 2278 et
1658 2236 2011 2287 Gandaraeorum‚
2047 2246 2088 2279 et
2106 2237 2287 2280 Proclais
2311 2237 2431 2294 (sive
2455 2238 2701 2294 Peucelais)

1457 2373 1571 2423 cod.;
1586 2373 1839 2428 transposuit
1857 2371 2084 2412 Fabricius.
2105 2372 2194 2426 11-
2209 2373 2278 2413 28.
2298 2369 2576 2428 Ἀρατρίων]
2590 2371 2702 2414 Olim
2792 2415 2803 2439 ,(1

1453 2434 1655 2490 putabant
1679 2434 1803 2476 Arios
1825 2431 2020 2485 indicari;
2051 2447 2138 2474 esse
2159 2434 2231 2488 qui
2252 2434 2442 2475 sanserit.
2472 2434 2701 2484 Ardserds,

1455 2498 1624 2552 praerit.
1645 2499 1806 2539 Aratta
1820 2494 2033 2547 dicuntur,
2046 2494 2151 2537 adeo
2166 2503 2212 2537 ut
2223 2495 2368 2551 peripli
2387 2493 2574 2552 Ἆράτριοι
2587 2497 2707 2552 quasi
2768 2511 2774 2531 ἰ

1457 2558 2705 2614 mediumlocumintersanscritametpracritamnominisfor-
2767 2613 2768 2616 Ἴ
2797 2562 2803 2608 3

1457 2636 1567 2663 mam
1584 2629 1767 2673 teneant,
1775 2629 1869 2677 post
1882 2620 1982 2662 alios
1998 2620 2161 2662 monuit
2174 2618 2520 2667 Schwanbeckius
2534 2633 2578 2677 p.
2598 2620 2696 2676 339,
2769 2627 2773 2639 ³
2796 2614 2804 2671 ξ

1458 2684 1652 2726 lectorem
1686 2683 1869 2737 relegans
1898 2681 1952 2724 ad
1973 2681 2217 2725 Wilsonum
2240 2681 2282 2722 in
2301 2680 2447 2723 Asiae.
2479 2683 2573 2724 Res.
2601 2682 2682 2724 XV
2686 2713 2699 2734 ,
2768 2703 2774 2718 -.
2795 2682 2803 2733 .,’

1457 2760 1501 2802 p.
1542 2751 1617 2789 106
1640 2754 1681 2787 et
1703 2745 1945 2788 Lassenium
1970 2746 2033 2786 De
2053 2752 2266 2800 pentapot.
2308 2757 2351 2799 p.
2375 2743 2428 2786 23
2453 2750 2496 2785 et
2516 2744 2560 2785 in
2582 2743 2701 2786 Zeie-
2794 2764 2798 2803 ᾗ

1456 2809 1607 2862 scleris!
1617 2808 1662 2863 s.
1683 2807 1727 2849 cI.
1750 2806 1894 2849 Kunde
1910 2805 1981 2848 des
1997 2805 2307 2861 Mor-genlandes
2326 2807 2404 2857 111,
2420 2804 2578 2863 p.'205.
2599 2817 2696 2849 212.
2761 2823 2775 2861 3
2794 2812 2797 2836 ἓ

1457 2870 1521 2913 Cf.
1549 2869 1719 2926 Benfey.
1741 2869 1769 2911 1.
1795 2868 1823 2911 1.
1845 2882 1888 2925 p.
1913 2881 1982 2924 9²·
2004 2868 2077 2910 Isti
2097 2868 2303 2910 Ardstrds
2330 2866 2447 2910 sedes
2464 2866 2703 2912 babuerunt
2767 2896 2769 2914 ;
2799 2923 2801 2925 ,

1456 2934 1500 2975 in
1521 2932 1831 2988 Pentapotamia
1854 2929 1907 2972 ad
1925 2929 2080 2974 Indum
2106 2944 2251 2987 usque.
2278 2931 2349 2973 Sin
2372 2929 2575 2987 populum
2591 2929 2739 2984 desi-3
2766 2934 2770 2942 ”
2797 2933 2801 2944 ³

1457 2993 1576 3036 deres
1597 2993 1753 3037 Graecis
1771 2993 2051 3049 Romanisque
2072 3000 2218 3034 notum
2242 2990 2363 3048 juxta
2394 2992 2606 3035 notissima
2626 3005 2704 3035 no·
2763 2991 2767 3039 ᾗ
2801 3018 2805 3035 ι

1459 3057 1571 3098 mina
1590 3056 1913 3099 Arachosiorum
1929 3087 1940 3106 ,
1978 3053 2329 3105 Gandaraeorum,
2356 3052 2699 3107 Peucelaitarum,
2758 3079 2759 3082 =
2807 3059 2808 3062 ’

1457 3132 1534 3174 pro
1552 3118 1802 3160 ΑΡΑΤΡΙΩΝ
1835 3116 2031 3173 conjicias
2062 3114 2301 3158 APArmN.
2342 3117 2358 3170 ll
2386 3139 2442 3148 —
2473 3114 2701 3172 Ἀραχω·
2765 3123 2767 3125 ’

1458 3181 1612 3236 σίων]
1644 3179 1871 3236 Ῥαχοῦσων
1896 3178 2053 3231 codex;
2078 3193 2160 3220 em.
2196 3176 2338 3220 stuck.
2366 3178 2383 3232 ΙΙ
2408 3201 2466 3209 -
2486 3189 2558 3232 29.
2577 3177 2702 3220 Γαν-

1458 3242 1642 3298 δαραίω
1656 3259 1674 3282 ν
1720 3243 1734 3298 ]
1774 3242 2035 3297 Τανδαράγων
2081 3239 2195 3291 cod.;
2235 3253 2458 3296 quemnam
2497 3239 2701 3296 populum
2757 3273 2762 3275 >

1457 3303 1594 3346 dicere
1617 3312 1762 3346 auctor
1784 3303 1981 3354 voluerit,
2012 3301 2099 3358 jam
2119 3301 2223 3344 vidit
2258 3301 2478 3344 Salmasius
2509 3315 2552 3358 p.
2589 3299 2697 3357 698,

1456 3366 1533 3422 legi
1549 3365 1702 3423 jubens
1735 3366 1992 3423 Γανδαριδῶν.
2014 3366 2152 3407 Variae
2186 3365 2368 3407 nominis
2390 3363 2535 3407 formae
2555 3377 2704 3407 occur-
2735 3371 2738 3377 “

1456 3437 1558 3471 runt
1575 3427 1638 3470 hae
1658 3442 1667 3470 :
1693 3429 1884 3485 Γανδάραι
1899 3429 2152 3483 (Hecataeus,
2174 3426 2280 3470 Ptol.
2302 3429 2345 3482 ),
2360 3426 2563 3483 Γανδάριοι
2582 3426 2700 3484 (110-
2725 3435 2743 3486 ζ

1455 3489 1594 3533 rodot.
1609 3494 1641 3544 ),
1663 3490 1825 3547 Γάνδροι
1847 3490 1903 3547 (si
1925 3505 2018 3533 vera
2036 3490 2172 3543 lecti0,
2194 3490 2335 3547 Steph.
2352 3491 2402 3533 B.
2421 3490 2455 3544 ),
2469 3486 2743 3545 Γανδαρίδαι»

1455 3552 1738 3608 ριΓανδαρῖται
1756 3551 1969 3609 (Diodor.,
1988 3552 2197 3595 Plutarch.
2215 3551 2351 3604 Alex„
2367 3552 2544 3608 Dionys.
2557 3548 2703 3609 Pes-,n
2797 3580 2800 3584 ,

1456 3615 1645 3657 sanserit.
1660 3615 1761 3669 ling.
1782 3630 1882 3670 gens
1892 3614 2047 3657 dicitur
2065 3614 2302 3658 Gandams.
2326 3616 2343 3670 ΙΙ
2358 3638 2416 3648 —
2435 3613 2472 3655 Π
2485 3609 2738 3670 ροκλαΐ-’ϊ

1454 3677 1507 3719 δο
1520 3678 1563 3734 ς]
1578 3677 1791 3733 Προκλίδος
1807 3677 1850 3719 h.
1871 3677 1900 3719 l.
1922 3675 2069 3729 codex,
2090 3676 2163 3719 sed
2182 3676 2291 3719 infra
2305 3674 2563 3733 Προκλαΐδος.
2586 3675 2697 3718 Gon·
2716 3696 2718 3698 -
2737 3698 2739 3702 ⁴
2786 3710 2788 3715 .

1454 3740 1578 3781 sentit
1603 3739 1656 3781 de
1682 3741 1849 3782 nomine
1878 3739 2122 3782 Ptolemaeus
2143 3740 2241 3790 vn,
2274 3752 2312 3790 1,
2340 3740 2411 3789 44,
2435 3737 2509 3779 ubi
2530 3733 2699 3780 Ganda-
2718 3752 2730 3801 (ς
2793 3759 2796 3761 >

1454 3816 1595 3844 rarum
1629 3802 1729 3844 urbs
1748 3802 1943 3859 Προκλαΐς
1967 3800 2170 3857 (Ποκλαΐς
2201 3815 2243 3844 ν.
2264 3800 2293 3843 Ι.
2315 3800 2330 3858 )
2351 3806 2621 3842 memoratur.
2643 3792 2732 3855 Mys*

1455 3864 1572 3907 fallor
1587 3865 1702 3921 Προ..
1720 3865 1987 3908 librariorum
2002 3878 2144 3911 errore
2159 3871 2301 3905 ortum
2318 3869 2447 3904 estex
2465 3860 2589 3912 nm..;
2613 3873 2657 3916 q
2695 3876 2749 3913 ι’,-

1454 3926 1650 3978 admisso,
1687 3930 1860 3985 propius
1897 3927 2012 3971 abest
2035 3926 2160 3970 altera
2197 3924 2379 3968 nominis
2409 3923 2564 3974 forma,

1456 4006 1526 4033 eos
1541 3991 1661 4034 obvia
1673 3993 1743 4047 qui
1759 4007 1807 4033 ex
1825 3990 2049 4035 Alexandri
2063 4004 2203 4032 rerum
2215 3986 2486 4044 scriptoribus
2495 3981 2703 4043 pendent.
2728 4014 2741 4017 „

1460 4056 1629 4110 Legitur
1649 4054 1701 4097 de
1716 4063 1861 4110 gente:
1887 4053 2100 4102 Πευκαλεῗς
2122 4053 2139 4106 (
2161 4066 2229 4108 ap.
2247 4051 2374 4092 Dion.
2402 4051 2495 4092 Per.
2528 4044 2632 4097 1143
2653 4044 2690 4099 >9
