2756 4354
114 224 234 259 „XVI
468 208 514 255 Ο

120 308 261 354 verba
274 316 318 352 et
340 304 455 351 vitia
476 299 882 349 orationis'eadem
915 293 1129 342 exhibeat
1160 309 1263 354 quae
1278 308 1355 355 pe·

116 372 267 446 riplus
311 379 560 440 Anonymi,
598 393 658 423 ex
678 376 765 421 lioc
797 374 899 433 ipso
936 368 1233 432 repetendum
1265 378 1350 416 est.

118 460 327 504 Attamen
349 470 491 517 quum
528 454 667 507 ratio,
696 463 788 509 qua
805 445 948 493 stadia
972 445 1022 489 in
1045 443 1242 489 miliaria
1264 442 1354 489 Ro-

118 547 253 578 mana
280 537 627 581 convertuntur,
656 523 747 569 alia
775 524 823 567 in
859 521 1113 579 fragmento
1136 518 1245 579 isto,
1265 518 1358 565 alia

120 608 172 654 in
210 606 392 669 periplo
431 605 523 650 sit:
560 600 785 662 quaeritur
816 611 875 642 an
912 595 1012 641 baec
1046 594 1358 657 discrepantia

122 682 339 743 imputari
385 677 546 724 debeat
585 672 751 720 scribae
789 670 1059 731 fragmenti,
1104 685 1162 716 an
1199 671 1357 732 plures

125 756 293 803 suerint
307 753 406 814 ejus
428 750 596 814 peripli
613 748 904 795 recensiones
918 781 933 805 ,
951 742 1145 809 quai-um
1165 747 1359 807 singulae

124 846 204 877 sua
230 827 434 889 quaedam
459 825 650 887 propria
663 822 901 870 haberent.
930 816 1029 869 Hoc
1053 822 1167 868 mihi
1191 822 1359 868 verisi-

124 906 278 952 milius
287 919 384 951 esse
398 902 595 948 videtur.
608 899 1004 955 Quemadmodum
1014 898 1243 945 Chronica
1251 913 1361 944 non·

124 981 249 1027 nulla
262 979 509 1041 Byzantina
521 988 564 1023 et
580 976 690 1022 libri
704 975 761 1021 de
776 974 1131 1036 antiquitatibus
1145 973 1364 1019 Constan-

125 1054 442 1117 tinopolitanis
472 1064 517 1098 et
547 1051 767 1097 fabulosae
798 1045 1048 1095 Alexandri
1071 1048 1132 1096 M.
1154 1048 1360 1094 historiae

123 1143 167 1178 et
196 1132 234 1177 si
263 1146 365 1192 quae
387 1139 494 1176 sunt
522 1128 713 1183 similia,
750 1125 940 1172 fundum
972 1139 1166 1186 quaeque
1194 1123 1365 1170 habent

124 1220 429 1262 communem,
454 1220 589 1266 quem
620 1203 836 1263 deinceps
860 1199 1026 1246 scribae
1064 1215 1150 1261 pro
1169 1198 1365 1244 arbitrio

125 1294 169 1329 ct
202 1282 391 1342 ingenio
435 1280 508 1326 vel
547 1288 756 1333 servant,
795 1277 869 1321 vel
906 1285 1099 1332 mutant,
1136 1275 1364 1331 minuunt,

126 1369 291 1419 augent
313 1358 410 1403 :sic
430 1355 619 1403 eandem
650 1363 819 1400 sortem
845 1362 976 1398 nacta
997 1352 1090 1398 sint
1116 1352 1367 1413 Byzantina

127 1443 284 1481 nostra
305 1432 363 1478 de
407 1432 556 1478 Ponto
600 1429 781 1476 Euxino
821 1427 1120 1483 collectanea;
1170 1426 1369 1487 indeque

127 1507 449 1571 explicandum
484 1505 623 1552 fuerit
643 1503 768 1566 quod
792 1502 1051 1561 Procopius
1069 1512 1114 1547 et
1136 1500 1228 1547 Leo
1251 1500 1370 1546 Dia—

130 1598 274 1631 conus
294 1598 352 1629 ex
383 1582 581 1628 Arriano
610 1579 838 1634 asserunt,
874 1594 976 1639 quae
1011 1578 1061 1623 in
1096 1576 1295 1622 Arriano
1327 1585 1371 1621 et

130 1668 288 1705 nostro
311 1655 669 1703 Pseud-arriano
693 1654 862 1700 frustra
883 1653 1133 1714 quaerimus
1155 1650 1225 1714 ι’).

198 1748 303 1792 ¹9²·
327 1734 497 1778 Auctor
515 1729 656 1791 hujus
680 1728 1023 1790 compilationis
1037 1742 1144 1773 num
1163 1727 1263 1788 ipse
1282 1741 1373 1771 no-

131 1822 234 1853 men
261 1822 394 1853 suum
423 1805 667 1856 celaverit.
693 1820 750 1850 an
777 1804 897 1849 alius
915 1802 1101 1864 quidam
1123 1802 1369 1847 Arrianum

134 1883 176 1929 ei
203 1880 518 1937 substituerit,
563 1894 726 1942 parum
752 1879 913 1939 liquet.
939 1879 1092 1939 Opera
1114 1886 1282 1932 autem,
1317 1891 1374 1922 ex

133 1955 304 2019 quibus
323 1952 663 2017 conglutinatus
677 1954 886 2017 periplus
901 1964 981 2009 est,
1006 1953 1223 1998 novimus
1246 1952 1341 1997 haec
1360 1967 1370 1998 :

202 2050 242 2080 1.
269 2032 489 2079 Marciani
513 2033 745 2095 epitomen
770 2030 938 2092 peripli
964 2029 1214 2090 Menippei.

198 2125 243 2155 ο.
267 2108 452 2170 Arriani
480 2108 729 2170 periplum.

199 2185 243 2231 3.
264 2183 496 2246 Anonymi
516 2181 776 2245 periegesin
795 2179 1058 2244 iambicam.

182 2369 265 2409 ’Δπὸ
286 2370 326 2408 δὲ
342 2372 408 2407 τοῦ
431 2368 594 2410 Φάσιδος
613 2369 788 2415 ποταμοῦ
806 2365 875 2409 ἕως
886 2368 952 2403 τοῦ
973 2363 1132 2412 στομίου
1150 2363 1239 2412 (τῶν
1259 2364 1420 2402 σταδίων
1436 2363 1541 2412 cod.)
1557 2369 1621 2411 τῆς
1644 2365 1858 2411 Μαιώτιδος
1879 2366 2009 2416 λίμνης
2027 2367 2163 2407 στάδια
2178 2367 2276 2419 ,pr‘,
2294 2367 2399 2418 puta
2420 2373 2514 2418 Μ..
2534 2366 2612 2419 [τοι

183 2425 323 2464 Γίνεται
339 2425 378 2462 δὲ
394 2425 415 2461 ό
433 2427 505 2467 πᾶς
518 2422 716 2471 περίπλους
734 2421 906 2465 Εὐξείνου
925 2419 1076 2467 πόντου,
1102 2422 1175 2457 τῶν
1190 2419 1316 2463 δεξιῶν
1333 2422 1397 2466 τῆς
1417 2418 1538 2462 Ἀσίας
1554 2425 1674 2471 μερῶν
1691 2424 1759 2459 τοῦ
1778 2420 1923 2461 Πόντου
1943 2422 2043 2471 (τῶν
2064 2422 2285 2462 τιλευταίων
2302 2423 2317 2472 )
2341 2425 2416 2463 τῶν
2429 2434 2470 2462 τι
2490 2414 2716 2474 εὐωνύμων(

134 2485 195 2526 τῆς
223 2480 400 2528 Εὐρώπης
422 2480 490 2522 ἕως
509 2482 574 2516 τοῦ
589 2479 706 2526 Ἱεροῦ
722 2477 857 2515 στάδια
871 2476 1044 2525 δισμύρια
1063 2475 1215 2527 (τρισμ.
1237 2475 1324 2514 cod.
1343 2475 1453 2525 )φπζ’,
1469 2475 1573 2524 μίλια
1587 2474 1713 2526 ,γρμύ
2710 2484 2712 2486 ’

182 2538 228 2576 Ὀ
241 2537 284 2574 δὲ
305 2536 502 2585 περίπλους
515 2539 578 2579 τῆς
593 2534 800 2577 Μαιώτιδος
823 2533 966 2582 λίμνης,
983 2533 1034 2576 είς
1055 2534 1100 2578 ἢν
1118 2533 1241 2582 τρέπει
1258 2533 1279 2570 ό
1301 2531 1438 2576 Τάναϊς
1456 2532 1637 2579 ποταμὸς,
1653 2532 1789 2571 στάδια
1810 2532 1865 2582 ,Θ’,
1887 2534 1993 2584 μίλια
2011 2537 2096 2585 ,aest

184 2592 292 2629 Ἐστι
307 2591 345 2628 δὲ
368 2591 410 2628 τὸ
427 2590 572 2627 στάδιον
589 2589 674 2637 ἔχον
699 2593 813 2637 μῆκος
833 2587 963 2626 όποῖὁν
982 2588 1059 2626 ἐστι
1082 2588 1124 2626 τὸ
1139 2587 1382 2636 ἱπποδρόμιον
1408 2588 1447 2636 (Ι.
1465 2588 1507 2626 τὸ
1525 2591 1591 2626 τοῦ
1603 2589 1692 2636 tm).
1709 2590 1874 2627 Τοιαῦτα
1894 2591 1932 2629 δὲ
1947 2590 2042 2629 im&
2057 2589 2177 2638 μίλιον
2194 2590 2231 2630 lv
2248 2594 2435 2631 ποιοῦσιν.
2709 2629 2711 2631 .

184 2648 270 2684 Ὀτι
289 2647 511 2683 εἰκοσιπέντε
533 2645 716 2693 μυριάδων
733 2643 847 2693 [add.
872 2644 966 2682 soret
980 2644 1042 2680 καὶ
1068 2642 1288 2693 δισχιλίων]
1318 2644 1479 2682 σταδίων
1500 2644 1599 2683 ἐστὶν
1618 2646 1642 2690 ἠ
1664 2646 1879 2695 περιήγησις
1910 2647 1965 2694 (l.
1985 2647 2220 2696 περίμετρος)
2242 2652 2306 2695 τῆς
2331 2651 2414 2696 γῆς,
2437 2648 2488 2692 ὡς
2510 2650 2565 2697 τῷ
2581 2647 2692 2700 Ερα-

137 2702 297 2740 τοσθὲνιι
319 2700 432 2739 δοκεῖ.

188 2757 332 2798 Deinde
345 2757 416 2795 alia
433 2760 643 2804 sequuntur
665 2756 872 2804 fragmenta
895 2766 982 2804 qnae
1001 2766 1046 2794 ex
1064 2755 1215 2794 scholiis
1240 2753 1288 2793 ad
1320 2754 1540 2804 Dionysium
1565 2755 1622 2792 vel
1642 2764 1686 2793 ex
1714 2756 1939 2806 geographia
1959 2756 2086 2806 aliqua
2114 2757 2161 2795 ad
2188 2757 2356 2807 Dionysii
2377 2768 2514 2808 poema
2534 2766 2683 2798 aecem

140 2813 292 2853 modata
315 2812 464 2860 (utilia
482 2811 678 2859 Nicephori
701 2811 949 2857 Blemmidae)
977 2811 1184 2849 fluxerunt.

189 2871 275 2909 Jam
302 2867 403 2917 quod
429 2866 794 2905 Pontistadiasmum
824 2867 979 2914 attinet,
1004 2866 1209 2905 stadiorum
1235 2867 1381 2906 numeri
1400 2868 1437 2906 in
1458 2868 1670 2917 fragmento
1690 2870 1893 2918 superstite
1921 2870 2176 2919 cum'peripln
2199 2876 2328 2910 nostro
2354 2870 2450 2910 bene
2476 2868 2706 2920 quadrant..

141 2926 301 2974 excepto
330 2934 375 2962 eo
397 2922 462 2971 qni
483 2922 644 2970 pertinet
662 2921 709 2959 ad
738 2922 957 2959 distantiam
985 2933 1006 2958 a
1028 2921 1185 2960 Phaside
1202 2922 1249 2959 ad
1269 2922 1409 2961 ostium
1428 2923 1627 2963 Maeotidis.
1651 2926 1703 2963 Ea
1718 2925 1819 2963 enim
1839 2935 1959 2974 quum
1979 2925 2016 2963 in
2034 2925 2179 2974 periplo
2192 2936 2227 2974 p.
2248 2927 2334 2973 422,
2355 2928 2400 2965 ⁴5
2416 2925 2467 2965 sit
2482 2923 2699 2966 stadiorum⁴

142 2983 253 3030 ⁴025,
267 2979 347 3019 mil.
362 2985 432 3019 536
452 2977 563 3026 ⁸l‚,in
583 2979 794 3026 fragmento
810 2978 1034 3015 exhibentur
1049 2978 1168 3016 stadia
1186 2982 1295 3023 4150.
1318 2979 1419 3017 milia
1437 2984 1508 3019 553
1530 2980 1589 3023 'l‚.
1602 2982 1685 3024 Qua
1704 2981 1752 3019 de
1776 2992 1814 3018 re
1833 2981 1925 3019 nihil
1946 2992 2049 3019 nunc
2064 2980 2269 3029 dijudicare
2285 2980 2387 3027 licet,
2406 2989 2529 3030 quum
2557 2978 2694 3030 peripli

143 3047 244 3087 pars,
262 3046 338 3086 qua
360 3035 517 3083 singulm
539 3033 655 3081 hujus
674 3035 818 3071 tractus
836 3033 1024 3070 ‹iistantioe
1040 3032 1371 3081 enumerabantur,
1386 3034 1466 3081 jam
1493 3034 1688 3083 deperdita
1711 3035 1771 3074 sit.
1800 3038 1958 3075 Summa
1980 3036 2097 3075 totius
2116 3036 2248 3085 peripli
2268 3035 2384 3074 maris
2410 3034 2555 3075 Pontlcl
2572 3044 2624 3086 qu

143 3091 276 3133 eadem
295 3090 345 3131 eit
363 3090 401 3129 iu
421 3089 565 3140 periplo
587 3091 625 3127 et
642 3089 852 3138 fragmento
871 3091 1012 3133 nostro,
1034 3097 1152 3135 caque
1174 3086 1268 3125 bene
1280 3088 1443 3136 quadrat
1465 3090 1501 3129 in
1517 3100 1688 3128 summas
1709 3092 1839 3140 peripli
1864 3092 2107 3140 particulares
2128 3103 2135 3127 ε
2160 3091 2407 3140 consequitur
2419 3090 2461 3129 in
2487 3090 2703 3140 ramento.

143 3150 210 3187 aut
227 3147 448 3195 corruptum
467 3154 548 3184 esse
566 3143 779 3182 stadiorum
797 3153 997 3181 numerum
1020 3144 1128 3187 4150,
1147 3145 1211 3180 aut
1226 3153 1308 3180 eam
1329 3143 1562 3193 distantiam,
1582 3157 1669 3194 quoe
1685 3148 1723 3185 in
1742 3152 1885 3185 antem.
1899 3148 2056 3195 excidit,
2072 3158 2093 3185 a
2108 3146 2216 3185 nobis
2233 3150 2359 3186 autem
2374 3156 2422 3185 ex
2443 3146 2586 3196 periplo
2599 3156 2695 3196 sup·

145 3203 246 3253 pleta
263 3203 336 3248 est.
354 3200 463 3240 aliter
477 3199 652 3238 babuisse
668 3209 784 3249 quam
804 3198 842 3237 in
861 3198 1018 3247 periplo.

1149 195 1637 246 PROLEGOMENA..

1487 299 1531 349 4.
1562 292 1971 354 Pseudo-Scylacis
2003 293 2252 356 periplum.
2281 292 2284 296 ’

1492 367 1793 430 193.1·'undus
1814 367 2220 428 libriestlipitome
2239 370 2493 424 Man-{ank
2511 384 2564 416 ex
2607 380 2612 386 ·
2644 373 2645 376 ’

1424 444 1548 490 enim
1567 444 1732 491 sumsit
1754 444 1964 491 ordinem
1989 443 2156 505 peripli
2185 452 2230 489 et
2253 444 2509 504 argumenti
2541 440 2641 493 indi

1426 518 1600 567 culum.
1641 517 1849 579 Singulis
1868 519 2004 565 etiam
2038 517 2269 580 capitibus
2302 518 2413 564 olim
2439 519 2586 577 tituli,
2616 529 2669 569 ut

1427 593 1550 655 apud
1576 593 1882 650 Marcianum,
1915 593 2094 655 praetixi
2122 603 2269 648 erant,
2295 608 2491 654 quorum
2512 593 2561 639 in
2592 609 2669 642 co·

1427 668 1530 715 dice
1546 678 1704 716 nostro
1725 670 1912 716 nonnisi
1934 669 2115 731 primus
2127 667 2197 731 (·”)
2214 679 2440 730 superest,
2465 670 2670 732 reliquos

1429 742 1611 790 librarii
1631 744 1903 791 omiserunt.
1923 743 2185 790 Stadiorum
2203 759 2405 790 summas
2417 745 2671 806 particula*

1429 831 1503 863 res
1524 817 1688 864 iisdem
1719 818 1834 865 locis
1862 817 2035 879 quibus
2050 818 2312 865 Marcianus
2337 819 2531 879 colligit.
2551 818 2673 868 Loca

1431 893 1481 938 in
1506 893 1752 953 superstite
1767 892 1989 939 Marciani
2018 903 2151 955 parte
2167 906 2416 941 memorata
2438 895 2494 940 ad
2528 910 2671 942 unum

1431 965 1570 1012 habet
1583 967 1764 1024 omnia3
1779 977 1830 1013 ut
1844 967 2094 1029 plurimum
2114 969 2217 1030 ipsa
2229 970 2365 1016 etiam
2387 972 2527 1016 verba
2548 973 2672 1016 Mar·

1433 1043 1555 1090 ciani
1572 1043 1740 1091 reddit.

1507 1125 1588 1178 ¹94
1600 1154 1610 1165 .
1629 1118 1742 1173 Quae
1755 1118 1804 1164 in
1821 1124 2005 1163 Arriani
2021 1119 2204 1180 periplo
2221 1119 2325 1165 loca
2340 1130 2671 1179 memorantur,
2709 1139 2710 1142 ¹

1436 1197 1543 1242 item
1575 1194 1763 1241 exhibet
1795 1196 1952 1241 omnia
1968 1194 2090 1258 (''''¹);
2118 1211 2221 1256 quae
2250 1196 2298 1241 in
2330 1196 2528 1242 Arriano
2549 1206 2595 1243 et
2625 1197 2676 1244 in

1437 1272 1681 1333 superstite
1703 1270 1926 1316 Marciani
1959 1281 2090 1332 parte
2115 1287 2208 1316 non
2249 1282 2520 1327 occurrunt,
2548 1286 2602 1318 ea
2619 1287 2678 1319 ex

1437 1345 1657 1392 Marciani
1681 1355 1810 1406 parte
1835 1345 2076 1407 deperdita
2093 1346 2281 1392 fluxisse
2309 1346 2533 1392 censenda
2555 1357 2676 1395 sunt.

1438 1422 1664 1468 Praeterea
1681 1436 1739 1467 ex
1758 1421 1956 1467 Arriano
1979 1422 2150 1481 passim
2171 1422 2386 1468 assumsit
2408 1421 2570 1469 breves
2594 1438 2679 1470 no-

1438 1498 1561 1545 titias
1574 1497 1905 1559 geographicas
1923 1507 1968 1544 et
1983 1499 2225 1546 historicas
2241 1499 2311 1545 vel
2328 1498 2676 1560 mythologicas.

1440 1573 1668 1620 Uberiora
1690 1583 1837 1619 autem
1858 1573 1915 1620 de
1933 1574 2195 1635 originibus
2211 1574 2398 1622 urbium
2424 1586 2469 1622 et
2494 1576 2681 1638 populis

1441 1665 1695 1711 eorumque
1717 1650 1925 1696 moribus
1941 1667 2084 1712 quum
2104 1658 2251 1713 neque
2274 1652 2498 1698 Arrianus
2513 1651 2683 1712 praebe-

1440 1735 1509 1770 ret
1551 1739 1700 1785 neque
1745 1726 2007 1772 Marcianus
2044 1728 2092 1772 in
2129 1726 2419 1789 excerpendo
2462 1726 2683 1790 Menippo

1443 1803 1610 1862 (quem
1643 1801 1814 1847 scimus
1838 1802 2077 1848 historiam
2103 1819 2198 1849 non
2218 1803 2503 1867 neglexisse)
2536 1818 2723 1853 curas-³

1442 1887 1539 1923 set:
1564 1876 1727 1922 Noster
1761 1893 1814 1923 ea
1846 1878 2063 1924 assumsit
2091 1893 2149 1924 ex
2184 1878 2418 1940 Anonymi
2458 1877 2731 1941 periegesisg

1441 1951 1656 2010 iambica,
1677 1953 1814 1999 modo
1831 1955 2026 2000 servatis
2042 1953 2256 2001 versibus
2275 1954 2413 2002 modo
2427 1947 2703 2017 paullulum*¹

1444 2028 1627 2073 mutatis
1652 2028 1790 2074 modo
1813 2021 2051 2075 dissolutis
2084 2045 2270 2091 prorsus
2292 2040 2336 2076 et
2358 2044 2463 2076 cum
2495 2028 2742 2081 Arriani

1446 2113 1491 2148 et
1505 2102 1726 2149 Marciani
1744 2103 1903 2150 verbis
1925 2114 2048 2150 arcte
2065 2105 2271 2151 conflatis
2297 2105 2365 2167 (“).
2663 2155 2668 2163 ,
2717 2090 2719 2095 ¹

1517 2178 1621 2238 195.
1643 2178 1677 2224 E
1696 2182 2053 2241 Pseudoscylacu's
2071 2179 2254 2243 periplo
2275 2179 2317 2245 (S
2335 2178 2412 2244 69)
2427 2180 2563 2228 ducta
2581 2187 2689 2229 sunt
2709 2177 2712 2192 ⁵

194 3259 244 3308 (⁶)
260 3257 392 3298 Nescio
409 3266 457 3295 an
474 3256 610 3295 similis
621 3254 670 3294 sit
685 3254 873 3294 sententia
888 3253 1069 3298 Koehleii.
1084 3253 1194 3300 cujus
1218 3254 1389 3292 meminit
1413 3258 1590 3294 osannns
1605 3257 1642 3294 in
1663 3260 1742 3296 not.
1760 3257 1805 3294 ad
1825 3257 2074 3305 fragmentum
2094 3257 2235 3295 codicis
2256 3255 2472 3296 narniensis
2490 3272 2499 3295 ι
2522 3271 2542 3291 ι
2563 3257 2659 3308 Neq
2698 3251 2700 3255 ’

145 3326 245 3356 nunc
255 3313 542 3364 exploraverim.
562 3311 701 3362 inquit.
717 3311 787 3350 viri
802 3309 1053 3359 sagacissimi,
1076 3308 1243 3349 Koehleri
1257 3315 1363 3358 puto,
1379 3312 1621 3359 sententiam,
1635 3312 1701 3362 qui
1719 3312 1876 3361 periplo,
1897 3312 2018 3360 qualis
2043 3313 2155 3352 hodie
2171 3312 2326 3360 seratur,
2343 3310 2433 3350 nihil
2453 3309 2556 3350 aliud
2575 3321 2627 3362 qu
2666 3336 2668 3341 »
2685 3310 2706 3358 ,ιζ

146 3373 423 3422 antiquiorem
440 3370 701 3408 contractum
716 3366 926 3417 periplnm
940 3364 1121 3405 contineri
1137 3363 1330 3403 contendit
1344 3364 1381 3403 in
1403 3365 1498 3404 libro
1517 3367 1704 3416 Petropoli
1726 3377 1787 3406 an.
1813 3370 1903 3407 1808
1924 3367 2078 3416 vulgato
2099 3379 2115 3422 ι
2134 3367 2326 3407 Μόηιοὶνο
2343 3376 2419 3407 mr
2437 3368 2586 3418 quatre
2623 3383 2626 3394 1
2648 3388 2649 3391 =
2695 3365 2698 3367 ’

147 3424 295 3465 εἰσίασι
316 3425 373 3463 du
398 3423 596 3472 ampliore
619 3422 862 3461 Cimmerien
884 3433 919 3470 p.
940 3430 1036 3460 xxii.
1058 3436 1077 3454 υ

2 3511 7 3514 .
200 3481 271 3529 (“)
292 3480 460 3524 Βιθυνίας
474 3484 538 3526 τῆς
552 3480 640 3528 πρὸς
654 3483 708 3527 τῷ
726 3478 857 3527 Πόντῳ
877 3476 1086 3527 πιρίπλους.
1107 3478 1148 3516 ln
1169 3476 1356 3515 Marciano
1372 3476 1518 3516 nonnisi
1532 3477 1697 3522 Βιθυνίας
1713 3477 1905 3527 πιρίπλους
1922 3476 2038 3516 codex
2060 3477 2186 3517 habet.
2211 3476 2472 3527 Supplendum
2489 3487 2539 3518 ex
2554 3478 2589 3518 N
2597 3496 2602 3509 ·
2673 3444 2698 3514 1,»

22 3546 29 3551 ’
53 3542 102 3575 ἰε-
148 3537 300 3578 videtur
320 3541 384 3582 τῆς
409 3538 498 3586 πρὸς
515 3541 567 3586 τῷ
586 3536 731 3586 Πόντῳ,
753 3535 963 3585 praesertim
982 3545 1102 3585 quum
1122 3533 1160 3572 in
1184 3530 1356 3582 proxime
1375 3534 1520 3570 antece.
1539 3533 1752 3571 Marcianus
1775 3532 1901 3571 dicata
1922 3534 2029 3581 μέρος
2049 3536 2115 3570 τοῦ
2140 3533 2298 3571 Βιθυνῶν
2324 3532 2447 3576 ἔθνους
2466 3531 2511 3571 τό
2530 3531 2624 3584 πρὸς
2688 3540 2696 3578 f

150 3593 286 3642 Πόντῳ
300 3593 481 3640 κιὶμινον.

199 3648 296 3699 (·’·)
314 3647 424 3692 Quod
452 3658 526 3685 non
547 3650 733 3686 memorat
752 3646 900 3698 ᾚὸνας,
920 3645 1022 3695 quod
1042 3645 1113 3685 loci
1134 3655 1270 3683 nomen
1297 3644 1397 3693 apud
1421 3645 1616 3685 Arrianum
1637 3658 1674 3696 p.
1697 3651 1783 3692 390.
1804 3651 1826 3684 6
1852 3655 1932 3684 ωε
1957 3646 2119 3694 videtur,
2151 3645 2188 3685 id
2208 3645 2349 3684 indicat
2376 3645 2444 3684 aut
2468 3643 2585 3684 intell

150 3706 332 3747 Rostrum
346 3714 512 3742 errorem
532 3703 677 3742 Arriani
697 3705 764 3741 aut
787 3703 895 3741 aliter
923 3702 1064 3751 legisse.
1086 3703 1256 3740 Fortasse
1276 3711 1344 3750 pro
1360 3701 1401 3740 ix
1422 3702 1462 3741 δι
1483 3706 1558 3742 τῶν
1583 3704 1721 3753 ἐκροῶν
1736 3707 1799 3750 τῆς
1814 3701 1939 3752 λίμνης
1964 3702 1998 3746 i<
2032 3702 2150 3751 ῌόνοις
2173 3702 2317 3741 στάδιοι
2331 3706 2393 3741 τπ’
2413 3698 2614 3751 legendum
2634 3708 2662 3742 2·
2754 3703 2756 3714 ¹

149 3760 280 3813 λίμνης
297 3760 397 3800 ἱστί’
417 3758 519 3810 ᾞὼν
535 3760 570 3804 ἐς
588 3759 758 3803 σταδίους
775 3758 833 3797 τπ·
852 3758 911 3798 vel
933 3759 1006 3798 εἶσὶ
1028 3763 1092 3804 τῆς
1108 3757 1237 3808 ᾘόνος
1256 3757 1397 3797 στάδιοι
1412 3757 1482 3797 τπ’.

202 3817 254 3867 (’)
283 3815 391 3855 Locis
407 3825 430 3854 e
445 3815 609 3864 tieregesi
632 3814 778 3865 poetica
794 3814 920 3862 petitis
935 3813 1107 3852 addenda
1123 3816 1213 3851 sunt
1227 3823 1312 3861 quoe
1331 3814 1504 3861 leguntur
1520 3813 1543 3864 ς
1562 3820 1623 3862 51,
1642 3826 1677 3863 p.
1701 3818 1787 3861 415,
1812 3819 1858 3852 20
1877 3829 1885 3852 :
1915 3814 1952 3852 tv
1977 3813 2092 3862 ταύτῃ
2111 3814 2150 3852 δι
2166 3817 2212 3863 τῇ
2234 3810 2426 3862 eaoaoetq
2443 3809 2588 3860 λέγῃ-,ι
2642 3831 2646 3838 ,
2667 3802 2697 3871 V]
2755 3831 2756 3834 ,

151 3874 217 3913 καὶ
230 3871 392 3918 φυγάδας
409 3871 453 3909 bt
473 3874 540 3909 τοῦ
560 3869 751 3919 Βοσπόρου
767 3870 929 3915 οἰκῆσαι.
947 3869 1106 3907 Jamhos
1125 3869 1304 3916 relingere
1323 3868 1407 3908 licet
1424 3865 1498 3909 ita:

1080 3926 1147 3962 aut
1168 3938 1178 3962 z
1200 3923 1264 3962 Ἐν
1278 3922 1364 3973 τῇδε
1384 3927 1431 3974 τῇ
1443 3919 1626 3969 Θιοδοσίᾳ
1643 3916 1787 3966 λέγεταί
1802 3930 1891 3957 ποτε

1200 3978 1271 4017 Καὶ
1289 3977 1450 4028 φυγάδας
1464 3976 1615 4023 οἰκῆσαί
1632 3987 1730 4018 τινας
1744 3978 1810 4013 τοῦ
1824 3974 2033 4023 Βοσπόρου.

159 4038 238 4077 Aha
258 4038 434 4077 nonnulla
445 4037 483 4077 in
500 4041 696 4087 anonymo
714 4036 887 4086 leguntur
903 4045 990 4086 quae
1010 4034 1103 4078 item
1126 4034 1302 4073 tinxerint
1316 4045 1337 4073 e
1359 4037 1538 4083 scymno‚
1558 4041 1788 4080 quamquam
1812 4030 2009 4069 manifesta
2031 4028 2212 4069 orationis
2238 4027 2406 4067 metrica!
2439 4025 2596 4074 vestigia
2629 4041 2633 4055 ι
2654 4040 2657 4054 =

225 3927 349 3976 Ἕντῇ
375 3925 561 3977 θεοδοσίᾳ
588 3924 672 3964 ποτ’
694 3924 847 3971 οἶιιῆσαί
863 3937 955 3974 φασι

227 3983 300 4021 Καὶ
315 3981 477 4031 φυγάδος
494 3981 539 4021 ἑτι
550 3984 619 4021 τοῦ
634 3980 843 4031 Βοσπόρου.
862 4009 873 4020 .
902 4008 912 4018 .
938 3974 976 4017 .’

159 4096 371 4141 supersunt.
