2756 4354
18 93 25 104 ι·
35 95 44 99 ,
59 90 67 109 'j
640 44 682 115 ss

17 139 52 168 [7.
658 142 664 145 ἱ

16 162 58 212 Ψ

21 226 167 272 prum
204 211 359 267 fronte
394 214 437 253 in
483 221 682 269 occasum
725 221 779 248 ac
806 221 930 247 mare
969 207 1254 247 Atlanticum.

17 272 148 330 ‘'s-II.
178 285 302 329 Idem
321 282 376 341 V,
399 281 455 325 35
480 297 491 324 :
518 282 617 323 Sita
656 287 722 320 est
752 278 987 335 AEtlziopia
1015 276 1072 319 ab
1098 281 1261 319 oriente

18 352 207 406 ’siberno
229 362 294 404 ad
321 358 581 402 occidentem
612 354 857 397 hibernum.
881 353 1131 410 Merifliano
1159 366 1258 392 car-

32 515 252 556 ‘mminens
261 512 376 552 marc·
388 522 510 550 mons
519 507 717 548 excelsus
730 501 910 547 (eternis
923 504 1052 546 ardet
1070 503 1252 560 ignibus,

23 663 244 723 quatridui
265 661 330 702 ad
348 660 713 717 promontorium,
731 656 849 713 quod
875 655 1115 710 Hesperion
1138 667 1262 695 ceras

21 774 54 871 ’Ξῖ
64 810 70 826 ”
281 798 309 802 .-
975 838 1129 887 Χάσμα.

315 846 448 882 ΗΑΝΝΟ
473 858 482 881 :
584 842 678 889 Ὄρη
695 841 824 878 δασέα.

804 940 826 972 2
846 934 938 973 dies.

313 1027 418 1062 PmN.
443 1025 474 1060 11
498 1033 506 1059 :

279 1106 285 1214 ῃ

315 1207 421 1243 Pam.
440 1205 459 1242 1
482 1217 490 1240 ε
592 1201 799 1250 Hesperien
822 1210 879 1248 pr.

1022 1300 1043 1332 5
1063 1294 1156 1332 dies.

315 1385 450 1420 Poma.
467 1383 519 1419 111
536 1391 544 1417 :
590 1378 793 1428 Hesperien
812 1389 868 1426 pr.

83 1517 86 1523 ,
110 1503 145 1519 2
800 1489 820 1521 5
842 1483 921 1521 dies
945 1485 982 1522 et
1007 1486 1108 1522 noct.

28 1755 87 1826 ln
103 1767 330 1813 distantiis
349 1767 572 1827 Polybius
610 1784 636 1812 a
673 1769 835 1813 ceteris
857 1768 1041 1826 longius
1066 1767 1263 1821 recedit,

5 1835 7 1884 l
28 1830 116 1908 pro
139 1843 349 1889 undecim
374 1843 614 1889 Hannonis
639 1844 802 1889 diebus
819 1854 1088 1905 computans
1111 1843 1265 1888 decem

22 1918 128 1979 dies
157 1930 420 1980 noctesque.
445 1920 670 1966 Videntur
707 1922 901 1966 seriores
921 1920 1106 1980 quidam
1132 1921 1267 1964 inter-

6 2015 10 2065 3
32 1992 154 2056 ralla
182 1996 448 2041 ultimorum
487 1997 651 2041 horum'
694 2000 900 2042 locorum
947 1997 1003 2041 de
1040 1996 1267 2041 industria

7 2072 236 2138 effuxisse,
256 2083 308 2119 ut
330 2073 497 2133 majori
514 2091 615 2119 cum
649 2074 979 2134 probabilitate
1009 2073 1116 2118 Noti
1140 2090 1266 2118 ceras

25 2148 86 2194 ad
106 2149 370 2194 orientalem
393 2150 558 2194 Africae
574 2151 708 2195 finem
729 2151 891 2195 referri
906 2160 1073 2210 posset.
1091 2150 1266 2194 Deinde

30 2211 142 2271 vero
169 2225 503 2270 animadvertas
531 2241 628 2281 eos,
658 2227 737 2285 qui
753 2226 1027 2286 Hesperium
1053 2241 1267 2285 promon-

27 2299 198 2348 torium
216 2300 272 2343 ad
289 2311 466 2345 montes
483 2301 679 2345 silvosos
693 2302 790 2344 sive
816 2303 908 2358 Cap
930 2303 970 2343 V
970 2311 1038 2343 ert
1049 2301 1264 2353 referunt,

32 2374 82 2418 in
101 2389 204 2418 eum
231 2374 381 2418 locum
411 2391 504 2433 quo
535 2375 743 2434 Hesperu
770 2391 896 2419 ceras
922 2376 1082 2419 Hanno
1105 2376 1261 2435 ponit,

30 2448 322 2493 introducere
345 2460 544 2493 montem
572 2450 815 2495 Atlantem.
850 2449 963 2494 Nam
986 2452 1266 2511 respondere

30 2523 226 2572 Atlantis
245 2524 397 2567 locum
425 2525 677 2570 Hannoneo
704 2526 909 2585 Hesperu
930 2526 1068 2570 cerati
1090 2536 1184 2570 tum
1211 2542 1267 2570 ex

8 2597 256 2659 appositis
294 2598 500 2656 colligis,
538 2610 632 2643 tum
653 2600 759 2644 inde
789 2601 934 2659 liquet
957 2601 1082 2660 quod
1106 2601 1267 2645 Hanno

27 2673 82 2719 in
99 2688 152 2717 eo
176 2673 281 2718 sinu
307 2676 548 2735 conspexit
572 2676 702 2734 ignes
727 2687 981 2721 nocturnos
1002 2677 1268 2737 audivitque

7 2722 166 2822 Ῑφωνὴν
207 2749 356 2804 αὐλῶν,
385 2749 612 2808 κυμὸάλων
647 2769 691 2794 τε
714 2750 785 2802 καὶ
823 2750 1046 2808 τυμπάνων
1082 2751 1266 2812 πάταγον

9 2822 103 2888 καὶ
125 2823 328 2885 κραυγήν,
350 2824 531 2870 Plinius
550 2842 662 2870 vero
680 2827 834 2871 eadem
855 2828 905 2871 in
922 2828 1103 2872 Atlante
1115 2837 1268 2871 monte

30 2896 184 2954 audiri
197 2909 369 2954 narrat,
394 2899 486 2944 nisi
501 2900 625 2960 quod
645 2916 747 2945 eum
767 2917 1008 2962 perperam
1026 2902 1075 2947 in
1096 2902 1270 2947 Mauri-

31 2971 199 3023 taniam
240 2975 500 3034 transponit
542 2976 612 3033 (v,
654 2986 750 3022 not.
784 2977 841 3020 ad
886 2977 1034 3023 Hann.
1074 2994 1120 3037 p.
1158 2995 1207 3021 11
1233 2979 1266 3037 ).

13 3038 237 3095 Eundem
261 3048 501 3110 AEthiopiae
528 3038 755 3096 Atlantem
778 3063 1001 3097 memorat
1036 3052 1269 3097 Diodorus

35 3118 130 3182 111,
171 3122 247 3178 53,
289 3126 549 3185 montisque
586 3127 761 3171 accolas
786 3127 1012 3172 Atlantios
1039 3127 1092 3190 (³⁰²)
1119 3138 1267 3187 vocat,

36 3207 229 3254 quorum
255 3215 362 3259 pars
403 3201 571 3246 fuerint
604 3202 653 3246 in
679 3203 825 3248 Cerne
858 3204 1047 3262 regione
1077 3204 1269 3250 Cernaei.

36 3268 194 3316 Jacere
220 3273 287 3318 ibi
307 3275 368 3331 'ad
388 3275 625 3321 Tritonem
650 3278 841 3323 fluvium
866 3279 981 3323 dicit
1005 3279 1268 3340 Hesperiam

33 3343 233 3391 insulam
248 3365 348 3394 cum
363 3350 494 3397 Mene
513 3351 629 3398 urbe
639 3368 766 3398 sacra
780 3353 1039 3415 AEthiopum
1058 3354 1271 3413 ichthyo-

35 3420 320 3481 phagorum3
362 3442 419 3472 ex
461 3428 546 3473 hac
581 3429 733 3475 insula
770 3432 1021 3476 Amazones
1045 3431 1273 3492 profectas

34 3493 158 3539 bello
179 3499 451 3558 appetivisse
476 3504 718 3550 Atlantios.
758 3506 907 3550 Porro
940 3522 998 3551 ex
1022 3506 1113 3551 alio
1152 3506 1275 3551 sonte

34 3569 267 3616 Diodorus
302 3573 334 3617 l.
366 3574 399 3620 l.
426 3588 579 3623 monet
599 3581 647 3623 in
672 3580 981 3626 Atlantiorum
1006 3591 1129 3626 terra
1153 3584 1274 3640 μυθο-

30 3643 251 3704 λογεῖσθαι
275 3644 348 3701 τὴν
369 3651 446 3692 τῶν
471 3654 568 3695 θεῶν
592 3652 764 3714 γένεσιν,
790 3655 930 3715 idque
964 3656 1109 3701 fusius
1133 3671 1273 3717 expo-

74 3826 168 3867 appa
188 3822 300 3870 huJ'us
319 3836 397 3863 0¹·oe
416 3828 567 3865 nautica
582 3857 592 3874 ‚
618 3839 703 3877 quae
721 3833 859 3878 prodiit
887 3835 1049 3872 Parisiis.

34 3937 108 3983 pera
123 3929 158 3967 ἐν
182 3936 224 3981 τῇ
246 3935 426 3986 Αἰθιοπίᾳ.
446 3937 502 3975 Cs.
527 3940 593 3985 111,
620 3942 680 3988 27,
708 3944 786 3978 111.

795 103 874 148 DE
912 103 1200 148 HANNONE
1235 103 1783 174 CARTHAGINIENSE.

24 888 26 894 .
46 880 52 882 ,
1281 838 1462 887 Ἑσπέρου
1477 838 1585 885 κέρας
1600 838 1663 875 καὶ
1678 842 1802 883 νῆσος.

74 902 80 912 2
159 910 161 912 ,
711 890 717 928 Ι
1025 887 1030 925 ¹

0 923 1 926 ’
29 907 50 937 ᾖ
503 925 510 932 ’
1237 939 1258 971 5
1274 932 1367 971 dies.

1281 1017 1506 1064 Hesperium
1531 1028 1652 1065 prom.

2426 134 2547 169 xxix

1327 190 1530 257 vocaturg'
1540 206 1713 262 confine
1727 203 1899 260 Asricoe
1907 212 2045 261 juxta
2061 212 2284 268 AE'thtopes
2306 219 2549 273 Hesperios.

1388 277 1471 321 ΙΙΙ..
1497 278 1621 322 Idem
1647 278 1702 334 V,
1727 295 1768 334 1,
1786 293 1843 322 ex
1859 279 2054 338 Polybio
2075 298 2085 325 t
2108 286 2222 326 Inde
2241 286 2254 343 (
2270 301 2332 330 sc.
2352 303 2377 331 a
2392 289 2550 335 Theon

1328 351 1590 411 ochemate)
1615 356 1680 396 ad
1699 359 2039 411 promontorium
2063 358 2316 414 Hesperium
2334 370 2554 419 navigatio

21 437 123 480 dine
138 439 260 480 silvae
269 435 401 481 ebeno
416 433 610 486 maxime
624 433 783 473 virent.
801 429 846 470 Α
864 429 1009 470 media
1023 431 1119 482 ejus
1128 435 1261 484 parte
1325 427 1494 469 dierum
1511 442 1566 468 ac
1581 432 1767 470 noctium
1779 430 1926 471 decem
1935 443 1950 480 ;
1971 433 2015 470 in
2028 432 2168 472 medio
2184 446 2234 474 eo
2244 438 2383 489 spacio
2396 440 2551 480 Atlan-

1328 510 1413 543 tem
1436 503 1614 556 locm’it,
1638 518 1668 543 a
1699 508 1854 545 ceteris
1875 505 2072 547 omnibus
2106 509 2149 546 in
2170 512 2372 549 extremis
2387 511 2557 553 Mauri-

23 587 174 631 leedn
215 585 399 629 ochema
434 584 576 625 dictus
611 582 802 637 Groecis,
835 594 867 621 a
909 593 992 636 quo
1035 581 1262 633 navigatio
1326 579 1462 618 lanice
1473 578 1714 633 proditum.

1389 651 1536 709 Igitur
1559 651 1765 695 locorum
1789 651 2027 697 adon-natio
2051 654 2145 699 haec
2167 666 2233 700 est
2253 674 2262 700 :

1955 841 2059 876 Θεῶν
2079 840 2217 888 ὄχημα.

1788 936 1809 970 4
1828 933 1919 972 dies.

1927 1038 1930 1042 ·
1953 1017 2084 1056 TheOn
2104 1019 2275 1057 ochema.

1282 1197 1386 1234 Atlas
1405 1199 1442 1234 et
1457 1197 1620 1235 Atlantis
1640 1197 1664 1235 i.

745 1247 1420 1291 .----..--Ι

1382 1378 1498 1417 Atlas.
1959 1381 2088 1419 Theon
2106 1381 2277 1419 ochema.

1211 1482 1350 1531 [Cerne
1370 1482 1441 1520 ins.
1463 1483 1619 1532 Polyb]

1203 1539 1405 1589 [cyraunis
1425 1539 1632 1588 Herodot.]

1242 1594 1438 1643 [Hesperia
1458 1594 1564 1633 Diod
1571 1594 1593 1643 f]

1722 1490 1742 1522 5
1767 1485 1845 1522 dies
1870 1489 1907 1523 et
1930 1488 2031 1524 noct.

1332 1769 1399 1810 nit
1418 1766 1503 1825 Ill,
1542 1768 1600 1811 68
1644 1783 1729 1827 sq„
1763 1766 1846 1812 ubi
1886 1768 2142 1814 Ammonen
2189 1770 2252 1813 ait
2284 1770 2563 1817 Amaltheam

1331 1842 1564 1899 virginem
1583 1842 1832 1887 offendisse
1854 1843 2030 1898 πλησίον
2053 1845 2133 1888 τῶν
2156 1843 2392 1906 Κεραυνίων
2417 1847 2565 1892 καλου·

1332 1916 1463 1975 μένων
1488 1918 1610 1978 ὀρῶν,
1632 1917 1767 1977 eique
1796 1920 2038 1979 imperium
2067 1920 2246 1965 dedisse
2279 1924 2349 1965 τοῦ
2374 1921 2565 1982 σύνεγγυς

1330 1992 1457 2037 τόπου
1486 1992 1659 2049 παντὸς,
1680 1993 1791 2044 ὄντος
1816 1996 1873 2056 τῷ
1898 1995 2086 2056 σχήματι
2108 1995 2400 2057 παραπλησίου
2426 1996 2566 2058 κέρατι

1333 2065 1447 2126 βοὸς,
1470 2067 1537 2128 ἀφ’
1561 2061 1608 2122 ἧς
1632 2067 1765 2119 αἰτίας
1786 2067 1989 2130 Ἑσπέρου
2019 2069 2140 2131 κέρας
2162 2074 2565 2132 προσαγορευθῆναι,

1330 2141 1494 2187 deinde
1504 2158 1614 2187 vero
1625 2159 1650 2187 a
1660 2144 1845 2188 domina
1854 2144 2024 2189 dietum
2037 2160 2134 2190 esse
2147 2161 2290 2190 cornu
2300 2146 2562 2192 Amaltheae.

1330 2216 1490 2261 Natum
1506 2217 1574 2261 ibi
1591 2233 1646 2262 ex
1658 2219 1840 2276 virgine
1853 2219 2074 2279 Bacchum
2087 2219 2144 2263 ab
2155 2220 2378 2264 Ammone
2396 2220 2565 2265 Rheam

1330 2302 1556 2335 metuente
1594 2292 1862 2336 translatum
1900 2309 1996 2337 esse
2039 2294 2088 2337 in
2121 2294 2287 2352 Nysam
2321 2294 2479 2339 urbem
2516 2297 2564 2340 in

1318 2364 1482 2409 insula
1494 2364 1751 2408 Tritonidis
1765 2365 1895 2408 fluvii
1907 2367 2099 2424 positam
2109 2399 2118 2408 .
2135 2367 2412 2410 Posterioris
2430 2367 2565 2412 fabu-

1316 2439 1384 2491 >1ae
1400 2440 1532 2484 initia
1553 2439 1755 2498 quaedam
1768 2439 1862 2499 jam
1886 2440 2026 2484 habes
2046 2441 2166 2498 apud
2179 2441 2456 2485 Herodotum
2477 2441 2561 2503 (**),

1331 2514 1559 2558 Atlantem
1584 2529 1696 2558 vero
1714 2524 1913 2558 montem
1932 2530 2022 2573 qua
2034 2515 2211 2559 ratione
2228 2514 2295 2559 ibi
2311 2516 2563 2575 posuerint,

1331 2588 1502 2633 nescio.
1533 2591 1700 2633 Ansam
1721 2589 1840 2632 inter
1870 2589 1959 2632 alia
1980 2588 2088 2632 dare
2120 2589 2272 2649 potuit
2293 2590 2569 2649 geographia

1333 2661 1576 2720 Herodoti,
1610 2661 1743 2722 cujus
1766 2663 1804 2706 si
1829 2662 1970 2706 verba
1992 2678 2196 2722 premas,
2232 2663 2358 2707 Atlas
2391 2679 2520 2708 mons
2543 2680 2570 2709 a

1333 2744 1509 2790 Thebis
1526 2746 1712 2790 nonnisi
1734 2746 1789 2790 50
1818 2746 1991 2790 dlerum
2018 2746 2182 2790 itinere
2201 2746 2274 2791 vel
2305 2761 2451 2791 ioooo
2477 2747 2568 2792 fere

1334 2821 1480 2866 stadia
1515 2821 1738 2877 distabat,
1782 2822 1895 2866 adeo
1922 2833 1972 2866 ut
2002 2822 2052 2866 in
2082 2831 2240 2866 nostra
2265 2821 2350 2867 hac
2382 2823 2568 2881 regione

1332 2896 1625 2941 collocandus
1643 2896 1774 2941 foret.
1790 2897 2015 2941 Praeterea
2032 2912 2172 2956 quum
2184 2907 2327 2957 poetae
2343 2897 2567 2941 Atlantem

1333 2986 1605 3032 componere
1626 2972 1827 3016 solerent
1842 2988 1943 3016 cum
1957 2972 2104 3032 plagis
2113 2973 2340 3038 hesperiiS,
2357 2973 2568 3018 nonnulli

1333 3052 1500 3096 certius
1543 3055 1694 3097 locum
1730 3052 1968 3096 definitul-i
2010 3052 2309 3097 Hannoneum
2359 3051 2565 3113 Ἑσπέρου

1334 3125 1457 3187 κέρας
1482 3128 1732 3187 arripuisse
1758 3127 1989 3171 videntur.
2013 3154 2074 3162 -—
2091 3127 2291 3172 Insulam
2309 3143 2419 3172 vero
2434 3143 2564 3185 quam

1335 3203 1391 3246 ad
1411 3203 1614 3263 Hesperu
1636 3219 1762 3248 ceras
1781 3204 1943 3248 Hanno
1967 3203 2116 3263 ponit,
2133 3219 2158 3248 a
2178 3203 2382 3247 Diodoro
2406 3203 2565 3262 Hespe·

1336 3278 1448 3322 riam
1466 3312 1477 3333 ‚
1501 3293 1527 3321 a
1550 3278 1704 3322 Plinio
1726 3278 1782 3323 de
1809 3289 1962 3323 monte
1979 3278 2252 3322 Atlantidem
2274 3278 2456 3332 dietam,
2484 3277 2568 3320 He-

1336 3353 1528 3397 rodotus
1554 3355 1774 3410 Cyraunin
1797 3363 1954 3408 vocat,
1980 3363 2029 3397 ut
2053 3368 2192 3412 supra
2214 3352 2390 3399 monui.
2412 3351 2570 3411 Neque

1336 3429 1425 3472 alia
1448 3439 1514 3473 est
1532 3431 1672 3473 Cerne
1695 3443 1830 3487 quam
1862 3440 2013 3472 contra
2032 3432 2261 3472 Atlantem
2282 3430 2411 3489 ponit
2426 3428 2571 3487 Poly-

1335 3504 1466 3561 bius,
1494 3505 1612 3550 sicut
1636 3505 1814 3550 Cernen
1838 3505 1959 3565 apud
1983 3505 2209 3549 Atlantios
2235 3514 2454 3549 memorat
2470 3504 2573 3547 Dio-

1337 3581 1493 3626 dorus.
1525 3582 1706 3626 Plinius
1739 3582 1924 3641 quidem
1948 3581 2025 3636 Vl,
2064 3582 2120 3624 36
2153 3597 2177 3625 e
2206 3580 2405 3640 Polybio
2437 3580 2572 3624 refert

1337 3657 1535 3701 insulam
1570 3663 1615 3700 in
1645 3668 1845 3701 extrema
1873 3660 2151 3700 [Mauritania
2170 3665 2327 3701 contra
2350 3655 2570 3699 Atlantem

83 3765 132 3813 Γ)
155 3767 353 3807 Balantes
371 3772 520 3818 gentem
543 3748 712 3813 habitare
734 3776 780 3814 ad
807 3780 879 3816 Rio
918 3779 1024 3817 Geba
1050 3780 1087 3817 et
1108 3781 1180 3818 Rio
1206 3778 1367 3817 Grande
1394 3778 1474 3827 (ad
1501 3790 1596 3827 quos
1618 3780 1777 3828 pertinet
1802 3779 1993 3820 Hannonis
2023 3780 2138 3830 Κέρας
2157 3778 2383 3828 Ἑσπέρου),
2406 3777 2511 3814 video
2536 3776 2571 3812 in

39 3923 41 3930 Ι
64 3917 69 3926 „
86 3874 157 3922 (**)
175 3879 223 3923 Π,
251 3882 317 3918 146
332 3895 342 3917 2
359 3882 392 3918 N
405 3885 454 3919 ὒν
476 3882 514 3920 δὲ
531 3883 708 3929 Διρνυσον
724 3885 871 3933 λέγουσι
892 3891 927 3926 οἱ
944 3890 1116 3935 ’Έλληνες
1136 3893 1184 3935 ὡς
1201 3891 1333 3930 αὐτίκα
1348 3891 1570 3941 γενόμενον..
1593 3892 1705 3936 Ζεὺς..
1728 3894 1847 3939 ἤνεικε
1868 3894 1917 3937 εἷς
1944 3895 2070 3931 Νῦσαν
2087 3893 2150 3936 τήν
2179 3891 2267 3938 ὑπὲρ
2287 3888 2470 3935 Αἰγύπτου
2488 3886 2567 3922 ἐοῦ-
