2756 4354
2 229 44 290 εἰ
65 260 201 305 Thes.
221 276 267 304 v.
294 253 562 304 ναύπλιος.
595 252 727 307 Quod
748 251 869 312 apud
891 251 1096 296 Plinium
1120 249 1200 306 lx,
1235 254 1294 308 4'9

19 319 30 358 ΤΔ
52 333 233 394 1Ῑιὲςζίων
257 352 266 379 :
293 340 337 377 in
362 330 628 389 Propontt'de
649 329 860 372 concham
884 343 975 370 esse
1002 331 1144 370 acatii
1167 329 1295 370 modo

65 417 325 464 carinatam,
348 407 513 463 insteoea
527 421 700 464 puppe,
721 419 860 461 prora
887 413 1076 446 rostrata
1099 417 1108 444 .·
1132 406 1177 445 in
1208 402 1294 444 hac

63 489 191 529 conde·
203 485 623 541 nauplium‚atzimal
632 484 765 536 sepioe
777 480 927 530 simile,
947 477 996 521 id
1013 476 1070 520 ad
1083 491 1166 522 nos
1178 475 1290 519 nihil

65 559 211 603 facere
249 555 446 601 videtur.
482 552 644 597 Nescio
683 558 739 597 au
776 568 862 612 pro
896 551 1119 600 ναΥΠλιος
1158 550 1295 594 fuerit

62 632 306 681 ναΡΓΙλιος.
349 629 577 674 Nimirum
637 628 755 672 inter
814 641 986 670 merces
1047 625 1294 670 hodiernas

60 708 324 766 Zanguebar
337 704 538 763 regionis
550 703 755 747 Guillain
772 703 820 747 in
838 704 1035 745 Annales
1051 705 1296 744 marititues

42 781 180 833 ι1843
205 797 252 842 p.
283 781 372 825 818
392 788 594 823 recenset
611 780 729 821 huile
747 780 801 820 de
819 794 934 822 coco.
962 775 1096 835 Apud
1121 774 1294 819 Arabes

4 859 10 878 ²
29 907 32 910 ⁴
58 866 168 901 vero
186 855 342 902 Indica
356 871 477 900 cocos
494 853 696 910 accerseret
714 862 904 898 vocatur
922 854 1074 910 nargil
1092 850 1103 914 (
1120 866 1291 896 sanscr.

58 933 278 977 ndrikdla.
303 931 356 978 V.
398 931 542 976 Ritter
557 930 610 986 V,
632 945 679 991 Ρ.
721 931 826 994 836,
855 929 1041 974 Lassen.
1061 944 1108 988 p.
1138 928 1224 983 267
1250 929 1290 985 );

57 1012 274 1067 bargulus
305 1026 397 1053 nux
415 1011 577 1053 Indica
600 1023 672 1068 ap.
703 1006 925 1051 Joannem
956 1005 1012 1050 de
1040 1004 1294 1062 Mai-ignola

61 1087 163 1145 (an.
214 1087 369 1146 134ο),
418 1094 632 1130 monente
681 1083 885 1138 Ritter03
928 1082 1122 1140 denique
1172 1079 1292 1140 apud

59 1161 267 1207 Cosmam
306 1162 487 1221 lndopl.
514 1178 559 1221 p.
589 1161 676 1204 336
699 1158 1046 1220 quattuor-locis
1066 1172 1204 1201 nuces
1227 1155 1293 1200 di·
1327 1219 1330 1224 .

63 1249 224 1283 cuntur
244 1238 460 1299 ἀργέλλια,
481 1235 562 1280 ubi
575 1251 683 1280 num
710 1233 931 1296 ναργέλλια
951 1232 1106 1292 (sicuti
1129 1248 1175 1292 p.
1201 1232 1289 1287 337

57 1314 337 1375 ναρδόσταχυς
357 1329 442 1373 pro
468 1309 775 1371 ἀνδρόσταχυς)
811 1308 1103 1354 scribendum
1125 1308 1200 1363 sit,
1232 1324 1289 1352 an

56 1404 218 1449 parum
238 1388 443 1432 accurate
463 1400 629 1430 nomen
649 1384 836 1428 Cosmas
859 1383 1056 1440 noverit,
1071 1383 1121 1427 in
1140 1383 1290 1427 medio

56 1465 280 1525 relinquo.
296 1462 411 1508 Fieri
428 1462 567 1521 igitur
576 1461 707 1507 Facile
715 1461 878 1522 potuit,
891 1470 941 1504 ut
950 1460 1069 1520 apud
1079 1458 1288 1504 Nostrum

56 1556 188 1586 cocos
207 1541 406 1585 Azanica
423 1538 626 1584 nuclfera
648 1537 834 1582 nomine
856 1535 1013 1580 indico
1038 1536 1292 1596 appelletur

53 1611 199 1676 ναργιλ
241 1616 311 1660 vel
348 1613 571 1676 ναργίλιος,
614 1613 726 1658 adeo
759 1622 809 1657 ut
842 1610 1140 1656 scribendum
1173 1613 1289 1655 foret

54 1694 131 1736 aut
170 1690 374 1752 ναργίλιος
410 1689 542 1750 ὀλίγος
566 1700 644 1734 aut
670 1687 872 1751 ναργίλιος
895 1686 1044 1748 ὀλίγον.
1066 1714 1127 1721 --
1151 1686 1202 1732 ’O
1220 1686 1291 1731 θό-

53 1762 169 1820 νιονι
205 1767 251 1812 τὸ
289 1767 465 1829 Σηρικὸν
496 1782 521 1811 e
566 1766 732 1811 Thinis
774 1765 1004 1823 Barygaza
1041 1774 1085 1808 et
1128 1764 1177 1807 in
1202 1763 1290 1807 -Li-

51 1845 257 1903 myricen
302 1844 443 1889 fertur
468 1844 517 1903 (5
547 1844 662 1902 64),
690 1840 859 1887 Ἰνδικὸν
885 1841 1054 1901 χυδαῖον
1077 1838 1215 1883 ἱκανὸν
1242 1839 1291 1883 in

52 1918 215 1964 Ariace
259 1919 301 1979 (5
340 1919 417 1979 41)
464 1933 521 1962 ex
557 1918 708 1962 Ozene
750 1915 1015 1977 deportatur
1059 1915 1292 1973 Barygaza

53 1987 91 2054 (S
114 1995 214 2052 48),
245 1993 434 2038 multum
460 1992 595 2036 etiam
628 2006 653 2035 e
674 1989 866 2050 Tagaris
887 1990 926 2047 (5
946 1989 1038 2049 51).
1068 1989 1136 2034 Ex
1159 1988 1291 2033 India

51 2066 286 2127 Limyrica
316 2069 471 2114 Serica
499 2067 689 2112 othonia
721 2067 772 2111 in
810 2065 1050 2126 AEgyptum
1083 2065 1290 2109 feruntur

55 2143 95 2203 (5
119 2144 211 2203 56).
233 2144 414 2191 Ὀθόνιον
449 2146 640 2188 παντοῖον
663 2141 735 2186 καὶ
769 2141 947 2204 Σηρικὸν
978 2141 1048 2185 καὶ
1072 2140 1287 2201 μολόχινον

55 2212 295 2279 Barygazis
330 2223 380 2265 in.
418 2220 660 2279 AEgyptum
699 2215 820 2279 (49),
859 2215 1008 2261 ὀθόνιον
1043 2214 1212 2261 Ἰνδικὸν
1244 2214 1288 2258 τὸ

55 2293 319 2355 πλατύτερον,
341 2294 367 2349 ἥ
385 2312 428 2338 τε
451 2292 650 2353 λεγομένη
669 2291 722 2352 (*)
747 2289 910 2352 μοναχὴ
932 2289 945 2351 (
964 2306 1026 2335 sc.
1049 2288 1166 2343 ὀθόνη
1184 2297 1198 2349 )
1219 2288 1286 2332 καὶ

50 2372 76 2423 ἡ
96 2367 389 2427 σαγματογήνη
417 2369 488 2427 (ἲ),
514 2366 718 2410 indidem
754 2366 809 2420 inx
830 2365 1063 2408 Barbariae
1082 2363 1287 2423 emporia

55 2445 96 2504 (5
124 2446 211 2503 14),
236 2459 318 2488 nec
343 2443 498 2487 nonin
523 2440 766 2496 Arabiam,
785 2440 824 2484 si
842 2439 1025 2498 quidem
1045 2454 1101 2483 ex
1118 2437 1287 2482 Arabia

51 2528 383 2580 transportatur
414 2515 652 2574 Adulin,(S
677 2513 734 2573 6).
760 2514 966 2572 Denique
987 2512 1104 2566 ὀθόνη
1136 2511 1285 2566 Ἰνδικὴ

54 2596 197 2639 fertur
220 2594 269 2637 in
288 2591 574 2636 Dioscoridis
607 2591 817 2634 insulam.
842 2614 904 2621 —
924 2579 1020 2631 Οῗν
1033 2604 1102 2642 ος,
1132 2587 1284 2632 Λαοδι-

51 2669 169 2724 κηνὸς
188 2667 257 2712 καὶ
272 2665 487 2719 Ἰταλικὸς,
508 2666 550 2709 οὗ
571 2663 695 2714 πολύς
711 2679 768 2707 ex
789 2662 982 2721 AEgypto
1002 2661 1145 2706 fertur
1160 2661 1281 2705 Adu-

49 2747 116 2791 lin
157 2746 197 2804 (5
224 2745 295 2804 6),
336 2742 548 2787 Aualiten
575 2740 615 2802 (5
667 2741 729 2799 7),
765 2739 912 2782 Malao
942 2739 981 2796 (5
1011 2736 1070 2797 8),
1107 2737 1285 2781 Muzam

52 2821 93 2884 (5
136 2821 227 2880 24),
266 2820 420 2881 Canen
458 2820 499 2878 (5
536 2815 629 2878 28),
673 2817 722 2860 in
760 2814 1054 2859 Barbaricum
1091 2813 1287 2873 Scythiae

52 2893 96 2957 (5
121 2897 192 2956 39)
207 2914 218 2952 ,
234 2893 452 2952 Ἰταλικὸς,
476 2889 727 2946 Λαοδικηνὸς
744 2889 813 2935 καὶ
831 2888 1044 2951 Ἀραὸικὸς
1061 2889 1287 2948 Barygaza

39 2970 216 3032 (549),
249 2972 293 3015 οὗ
322 2969 447 3020 πολύς
477 2968 689 3013 Muzirim
724 2977 768 3011 et
801 2965 1079 3025 Nelcyndam
1106 2966 1146 3024 (5
1188 2964 1281 3025 56).

51 3046 195 3091 Vitem
218 3047 302 3091 fert
321 3047 450 3104 regio
475 3044 531 3089 al)
555 3044 683 3088 Oraea
715 3043 922 3102 emporio
955 3041 1286 3085 mediterranea

56 3124 98 3185 (5
119 3124 191 3183 37)
218 3134 262 3168 et
293 3123 522 3167 Muzensis
556 3123 594 3180 (5
633 3121 728 3179 24),
756 3119 878 3164 unde
914 3117 1086 3162 Arabes
1126 3117 1285 3161 vinum

53 3209 236 3259 portant
250 3201 298 3243 in
315 3200 493 3243 Azaniae
512 3197 736 3258 emporia,
756 3196 799 3239 οὗ
825 3193 923 3256 πρὸς
947 3191 1155 3253 ἐργασίαν,
1181 3191 1286 3237 ἀλλὰ

54 3272 238 3329 δαπάνης
255 3273 374 3336 χάριν
397 3276 450 3325 εἷς
468 3270 772 3336 φιλανθρωπίαν
790 3273 868 3315 τῶν
888 3267 1107 3331 βαρὸάρων
1129 3269 1169 3327 (5
1191 3285 1207 3311 1
1221 3268 1279 3328 7).

58 3349 286 3407 Barygaza
314 3350 508 3394 mittitur
545 3349 679 3392 etiam
707 3362 764 3392 ex
798 3346 986 3390 Omanis
1019 3354 1062 3389 et
1088 3344 1284 3404 Apologi

56 3424 263 3483 emporio
286 3423 326 3482 (5
353 3423 441 3484 36).
468 3419 815 3485 ι-Ὄμφακος
857 3421 1285 3475 Διοσπολιτικῆς

55 3497 217 3559 χυλός
240 3513 295 3542 ex
321 3498 512 3559 AEgypto
543 3500 592 3543 in
623 3499 832 3542 Aualiten
859 3497 899 3556 (5
926 3498 984 3555 7).
1005 3521 1068 3529 -
1088 3491 1144 3540 'O
1161 3498 1284 3556 ρυζα

59 3574 242 3633 (sanscr.
256 3574 393 3630 wilzi)
405 3574 454 3617 in
463 3573 602 3618 Oraeae
615 3574 801 3632 regione
814 3570 1027 3617 etAriace
1045 3570 1083 3631 (5
1095 3572 1168 3626 37.
1185 3577 1207 3622 4
1220 3572 1282 3628 1),

59 3650 199 3693 fertur
228 3649 470 3707 Barygazis
513 3649 562 3693 in
599 3647 827 3693 Barbariae
855 3646 1059 3707 emporia
1085 3647 1124 3706 (5
1148 3646 1215 3704 14)
1244 3655 1287 3689 et

510 139 588 186 nr:
621 102 928 183 ANoinO
963 135 1525 184 AUCTOREPERIPLl
1565 143 1753 189 uuus
1789 147 2137 201 ERYTHRAEI.

1325 524 1328 528 ,
1367 478 1441 522 Πυ
1456 478 1536 538 ρὸς
1557 481 1689 539 ὀλίγος
1706 497 1763 527 ex
1786 483 1978 545 AEgypto
2001 485 2154 531 Canen
2193 490 2386 535 mittitur
2424 498 2462 552 (g
2487 502 2555 558 σε)

2502 188 2579 219 etx

1366 252 1651 301 Dioscoridis
1674 258 1868 303 insulam
1895 260 1937 319 (5
1970 263 2058 321 31).
2078 291 2137 298 —
2162 270 2197 312 1]
2213 268 2353 330 έπερι
2385 278 2578 332 (sanscr.

1373 334 1556 387 pippale’
1571 331 1581 388 )
1602 331 1704 377 πολὺ
1724 334 2025 395 Κοττοναρικὸν
2045 350 2217 397 export.
2235 343 2396 391 Muziri
2421 362 2462 393 et
2482 354 2581 398 Nel-

1366 404 1512 462 cynda
1536 406 1576 465 (5
1597 406 1669 467 56)
1690 426 1702 462 ,
1723 408 1870 469 πέπερι
1891 410 2048 471 μακρὸν
2074 412 2312 472 Barygazis
2349 421 2385 479 (5
2410 426 2499 480 49),
2526 454 2585 462 -

1365 551 1589 597 modicam
1614 554 1714 613 ejus
1736 558 1912 617 copiam
1938 558 2023 604 fert
2044 560 2269 607 Muzensis
2294 568 2420 622 regio
2444 569 2481 626 (5
2496 574 2568 631 24)

1364 650 1429 658 —
1450 624 1713 689 Σάκχαρι.
1736 629 1839 676 Vid.
1864 623 1973 690 μέλι.
1993 636 2102 680 -Σ
2120 636 2392 694 ανδαράκη
2420 655 2472 684 ex
2494 643 2587 702 AEg.

1365 700 1595 761 Barygaza
1631 704 1673 763 (5
1715 706 1789 764 49)
1799 739 1810 760 ,
1855 706 2062 753 Muzirim
2077 743 2089 764 ‚
2141 710 2414 770 Nelcyndam
2455 718 2493 776 (5
2517 721 2589 778 56)

1366 776 1565 825 vehitur.
1588 805 1649 812 —
1678 780 1749 824 Σα
1766 780 1982 826 ντάλινα
2004 795 2046 828 et
2063 785 2270 843 σασάμινα
2295 789 2343 847 (Ρ)
2370 788 2490 841 ξύλα
2509 794 2592 838 Ba-

1365 855 1545 911 rygazis
1588 856 1635 897 in
1677 853 1851 900 Omana
1883 867 1927 901 et
1952 858 2147 918 Apologi
2177 876 2325 922 empp.
2354 865 2393 924 (5
2421 868 2511 927 36).
2530 895 2592 904 —-

1367 927 1667 988 Σησάμινον
1720 929 1922 982 ἔλαιον.
1963 936 2066 979 vid.
2099 934 2247 983 ἔλαιον.
2276 965 2335 972 —
2360 942 2593 996 Σινδόνες

1365 1005 1668 1067 διαφορώταται
1690 1009 1730 1052 αἱ
1751 1009 2010 1069 Γαγγητικαί
2033 1010 2072 1069 (5
2092 1010 2194 1072 63),
2217 1013 2316 1057 aliae
2343 1015 2390 1059 in
2413 1017 2590 1079 Tapro-

1363 1077 1481 1123 bane
1503 1081 1659 1140 (561),
1680 1082 1973 1144 μαργαρίτιδες
1991 1085 2038 1143 (Ρ)
2058 1085 2107 1129 in
2127 1086 2295 1145 Argalu
2319 1089 2415 1134 loco
2438 1091 2475 1152 (§
2501 1092 2587 1153 59);

1364 1162 1554 1199 παντοῖαι
1570 1155 1639 1201 καὶ
1652 1157 1863 1219 μολόχινοι
1879 1175 1935 1203 ex
1951 1160 2101 1205 Ozene
2117 1163 2355 1209 mittuntur
2368 1166 2590 1227 Barygaza

1367 1230 1408 1288 (5
1428 1232 1530 1291 48),
1570 1231 1583 1291 (
1609 1232 1716 1277 hinc
1739 1234 1787 1277 in
1825 1235 2059 1292 Arabiam,
2084 1238 2097 1296 )
2127 1253 2183 1281 ex
2221 1239 2388 1284 Arabia
2423 1243 2589 1289 Adulin

1363 1305 1405 1368 (5
1429 1308 1487 1366 6).
1521 1334 1582 1341 -
1604 1308 1857 1384 ΣῒτοςὲθΧ
1895 1311 2088 1372 AEgypto
2124 1314 2394 1372 importatur
2425 1320 2589 1365 Adulin

1360 1382 1399 1440 (5
1425 1382 1488 1443 7),
1525 1384 1673 1428 Malao
1706 1386 1744 1444 (5
1765 1387 1807 1446 8)
1828 1404 1839 1442 ;
1865 1388 1909 1431 οὐ
1936 1387 2059 1440 πολὺς
2089 1389 2264 1435 Muzam
2285 1391 2326 1452 (5
2347 1394 2420 1452 24)
2443 1405 2486 1437 et
2508 1395 2589 1440 Ca·

1358 1474 1446 1502 nen
1474 1460 1515 1518 (5
1533 1461 1604 1519 28)
1624 1478 1636 1516 ,
1663 1458 1751 1512 ὅσος
1777 1461 1940 1524 ἀρκέσει
1961 1470 2043 1516 τοῖς
2065 1465 2157 1527 περὶ
2182 1465 2226 1510 τὸ
2246 1467 2504 1531 ναυκλήρων,
2525 1470 2590 1514 διὰ

1359 1534 1403 1577 τὸ
1428 1532 1486 1592 μὴ
1507 1534 1599 1585 τοὺς
1613 1536 1815 1596 ἐμπόρους
1835 1539 1946 1599 αὐτῷ
1966 1542 2145 1601 χρῆσθαι
2163 1576 2174 1596 ,
2197 1541 2411 1586 Muzirim
2430 1554 2473 1588 et
2495 1543 2590 1590 Nel-

1358 1609 1550 1668 cyndam
1574 1609 1614 1673 (5
1642 1611 1737 1671 56).
1764 1613 1799 1656 E
1824 1613 2053 1674 Limyrice
2065 1627 2108 1660 et
2131 1617 2293 1662 Ariace
2317 1619 2586 1666 frumentum

1356 1684 1633 1744 importatur
1645 1689 1691 1730 in
1704 1687 1933 1733 Barbariae
1956 1692 2160 1750 emporia
2184 1693 2222 1750 (5
2247 1694 2335 1753 14),
2358 1693 2585 1739 Moscham

1356 1759 1398 1820 (5
1423 1762 1516 1820 32),
1551 1762 1839 1808 Dioscoridis
1876 1765 1966 1811 ins.
1995 1764 2038 1826 (5
2070 1764 2168 1827 32),
2194 1777 2237 1811 et
2270 1782 2295 1811 e
2326 1767 2455 1813 Muza
2478 1769 2585 1814 doni

1356 1838 1502 1894 gratia
1524 1838 1573 1881 in
1594 1839 1775 1897 Azaniae
1793 1851 1954 1898 portus
1979 1842 2017 1900 (5
2056 1843 2142 1901 17).
2162 1869 2222 1875 -
2255 1842 2463 1905 Σμύρνη
2480 1861 2582 1905 exp.

1356 1926 1380 1955 e
1410 1911 1583 1969 Malao,
1606 1913 1805 1971 Mundu,
1828 1916 2024 1976 Mosyllo
2047 1918 2087 1976 (5
2107 1918 2149 1963 8.
2165 1935 2210 1976 9.
2243 1920 2339 1978 10),
2367 1921 2580 1981 ἐλαχίστη,

1356 1985 1602 2047 διαφέρουσα
1621 1988 1661 2032 δὲ
1680 1993 1751 2045 τῆς
1771 1989 1910 2045 ἄλλης,
1934 2007 1990 2036 ex
2010 1992 2187 2036 Aualite
2201 1994 2238 2054 (5
2258 1993 2317 2053 7),
2331 1995 2499 2048 ἐκλεκτῆ
2515 1996 2583 2039 καὶ

1357 2060 1541 2116 στακτὴ,
1566 2061 1828 2123 ἀ6ειρμιναία
1868 2065 1883 2125 (
1905 2065 1993 2124 leg.
2021 2066 2310 2128 γαὸειρμιναία
2330 2070 2400 2114 vel
2426 2070 2583 2116 Γαδει-

1356 2135 1469 2196 ραία,
1489 2137 1667 2198 Μιναία)
1694 2155 1718 2183 e
1738 2140 1871 2184 Muza
1899 2141 1939 2200 (5
1964 2145 2053 2201 24).
2080 2170 2140 2176 -
2163 2143 2363 2204 Στύραξ
2379 2161 2435 2190 ex
2451 2147 2584 2207 AEgy-

1353 2221 1432 2270 pto
1457 2212 1729 2270 importatur
1753 2215 1905 2261 Canen
1932 2217 2080 2275 (528),
2108 2218 2399 2264 Barbaricum
2425 2223 2463 2280 (5
2486 2223 2577 2282 39),

1352 2286 1586 2345 Barygaza
1606 2289 1645 2346 (5
1667 2289 1758 2347 49).
1791 2316 1854 2322 —-
1874 2290 2062 2341 Φοῖνιξ
2093 2291 2218 2341 πολὺς
2247 2308 2303 2337 ex
2327 2294 2512 2339 Omanis
2537 2306 2579 2338 et

1352 2361 1548 2420 Apologi
1571 2364 1794 2422 emporiis
1823 2365 2050 2422 Barygaza
2084 2367 2279 2409 mittitur
2312 2369 2360 2425 (5
2382 2369 2453 2413 36.
2482 2369 2575 2428 37).

1395 2466 1397 2469 -
1415 2435 1488 2478 IV.
1515 2436 1723 2480 METALLA
1738 2455 1792 2481 ΕΤ
1823 2438 2095 2483 Mannum.
2114 2467 2176 2474 -—
2194 2440 2232 2483 ’A
2248 2458 2335 2501 ργυ
2351 2448 2406 2501 p&
2434 2443 2575 2498 σκεύη,

1353 2510 1631 2572 ἀργυρώματα
1690 2528 1747 2556 ex
1799 2513 1990 2573 AEgypto
2045 2524 2282 2573 portantur
2332 2514 2575 2575 Mosyllum

1354 2585 1394 2647 (5
1422 2589 1509 2644 10),
1540 2587 1838 2631 Barbaricum
1868 2587 2065 2647 Scythiae
2087 2590 2126 2648 (5
2148 2590 2243 2648 39),
2269 2591 2461 2651 τορνευτὰ
2480 2594 2577 2636 sive

1351 2661 1642 2721 τετορνευμένα
1672 2663 1848 2707 Muzam
1889 2673 2080 2722 tyranno
2109 2663 2150 2724 (5
2170 2666 2263 2722 24),
2293 2664 2443 2709 Canen
2482 2667 2576 2724 regi

1355 2737 1394 2796 (5
1419 2738 1476 2781 28
1494 2738 1534 2795 ),
1573 2737 1779 2798 βαρύτιμοι
1818 2739 2045 2798 Barygaza
2072 2740 2167 2797 regi
2202 2739 2258 2798 (5
2283 2741 2395 2799 49),
2424 2744 2577 2802 τοπικῷ

1353 2814 1491 2875 ῥυθμῷ
1515 2813 1876 2872 κατεσκευασμένα
1890 2815 2061 2861 Adulin
2081 2815 2178 2873 regi
2198 2816 2238 2875 (5
2257 2817 2317 2875 6).
2335 2844 2396 2850 --
2410 2816 2546 2878 'Apes
2560 2843 2577 2851 -

1351 2888 1489 2932 νικὸν
1513 2890 1569 2934 ex
1591 2890 1686 2948 AEg.
1714 2890 1927 2935 Muzirim
1958 2903 2001 2936 et
2041 2891 2315 2951 Nelcyndam
2342 2893 2383 2953 (5
2405 2894 2493 2953 56).
2517 2921 2577 2927 —

1351 2962 1519 3024 Δηνάρ
1533 2982 1630 3020 ιον,
1669 2964 1801 3026 ὀλίγον
1821 2965 1919 3027 πρὸς
1939 2964 2047 3016 τοὺς·
2067 2967 2380 3026 ἐπιδημοῦντας,
2405 2983 2459 3011 ex
2482 2968 2574 3026 AEg.

1351 3039 1521 3084 Adulin
1540 3041 1578 3099 (5
1601 3042 1671 3100 6),
1691 3046 1866 3102 χρυσοῦν
1888 3042 1954 3085 καὶ
1981 3044 2178 3104 ἀργυροῦν
2201 3044 2245 3087 οὐ
2265 3042 2365 3087 πολὺ
2394 3044 2441 3087 in
2472 3045 2575 3089 Bar-

1351 3107 1492 3160 bariae
1515 3118 1722 3177 emporia
1747 3118 1792 3177 (5
1809 3119 1941 3181 8513)
1961 3135 1973 3174 3
1999 3116 2091 3179 ἔχον
2117 3118 2299 3179 ἀλλαγὴν
2323 3119 2391 3163 καὶ
2415 3119 2573 3179 ἐπικέρ·

1352 3191 1461 3236 δειᾶν
1506 3196 1595 3236 τινα
1644 3192 1741 3253 πρὸς
1780 3193 1825 3237 τὸ
1864 3193 2046 3238 ἐντόπιον
2101 3193 2279 3253 νόμισμα
2295 3229 2306 3250 ,
2349 3195 2576 3253 Barygaza

1353 3268 1390 3329 (5
1411 3266 1498 3328 49).
1544 3269 1610 3315 Cf.
1650 3273 1812 3330 χρῆμα.
1836 3296 1896 3304 -
1931 3270 2150 3323 Κάλτις,
2193 3269 2372 3329 νόμισμα
2399 3275 2572 3331 χρυσοῦν

1350 3344 1398 3388 in
1435 3344 1682 3403 Gangetica
1716 3347 1755 3404 (5
1788 3347 1880 3403 63).
1914 3373 1975 3379 -—
2021 3346 2334 3407 Κασσίτερος
2376 3348 2387 3406 (
2411 3349 2573 3390 kastsra

1352 3420 1547 3479 sanscr.)
1569 3435 1625 3463 ex
1642 3420 1737 3478 AEg.
1758 3420 1806 3464 in
1822 3420 2027 3465 Aualiten
2048 3422 2087 3479 (5
2105 3422 2168 3480 7),
2190 3421 2333 3465 Malao
2349 3422 2386 3480 (5
2410 3423 2473 3480 8),
2493 3422 2576 3465 Ca·

1350 3509 1437 3538 nen
1468 3495 1505 3552 (5
1528 3496 1621 3555 28),
1650 3495 1877 3555 Barygaza
1900 3497 1939 3554 (5
1960 3497 2052 3555 49),
2073 3495 2281 3539 Muzirim
2308 3506 2350 3540 et
2383 3495 2573 3554 Nelcyn·

1351 3570 1452 3613 dam
1471 3571 1510 3630 (5
1530 3572 1618 3631 56).
1630 3572 1734 3631 Ipsa
1751 3572 1931 3631 quidem
1951 3571 2079 3616 India
2095 3582 2302 3616 stannum
2317 3571 2467 3628 habet,
2486 3587 2571 3614 non

1352 3661 1413 3690 eae
1430 3656 1577 3691 tamen
1595 3648 1802 3706 regiones
1822 3663 1933 3707 quas
1953 3647 2161 3707 AEgyptia
2178 3657 2427 3691 mercatura
2445 3646 2567 3688 adiit.

106 3817 154 3864 (*)
178 3819 233 3854 Dc
253 3814 519 3863 significatione
551 3824 685 3851 vocum
715 3819 856 3865 μοναχῆ
886 3816 923 3854 et
941 3817 1202 3864 σαγματογήνη
1223 3829 1355 3868 parum
1375 3815 1509 3863 liquet.
1534 3815 1630 3852 Vide
1655 3816 1733 3853 not.
1751 3814 1834 3863 ad§
1858 3821 1879 3853 6
1898 3826 1933 3863 p.
1958 3821 2039 3854 263.
2070 3815 2175 3853 Addo
2196 3814 2216 3862 §
2246 3819 2267 3851 6
2290 3817 2326 3849 in
2346 3811 2470 3848 codice
2495 3813 2570 3840 esse

38 3884 196 3922 ,μονοχη
222 3871 296 3931 εἰῇ
315 3874 355 3909 14
376 3873 399 3916 ή
425 3884 462 3908 τε
486 3882 647 3918 μοναχην
669 3869 682 3916 (
705 3871 783 3908 sine
800 3874 1004 3919 accentu).
1030 3871 1138 3909 Unde
1168 3873 1324 3912 sortasse
1342 3875 1467 3913 elicias
1490 3870 1687 3919 μολοχίνη,
1720 3872 1953 3910 malvarum
1982 3871 2151 3908 colorem
2171 3869 2334 3907 habens.
2355 3861 2570 3912 Sequuntur

56 3938 145 3967 sane
165 3928 281 3975 lnaecS
297 3934 318 3965 6
334 3943 342 3966 :
360 3929 421 3965 καὶ
444 3928 677 3974 περιζώματα
694 3927 756 3963 καὶ
773 3930 953 3968 καυνάκαι
969 3931 1030 3968 καὶ
1049 3930 1162 3978 μολὸ
1175 3943 1199 3979 χ
1209 3944 1281 3967 ινα
1300 3932 1362 3969 καὶ
1379 3930 1558 3980 σινδόνες,
1579 3932 1643 3969 sed
1660 3932 1695 3968 in
1712 3929 1768 3967 his
1791 3939 1940 3976 quoque
1957 3925 2214 3973 corrigendum
2230 3927 2354 3971 putem
2381 3918 2567 3968 μθλὸχῑναῑ

57 3984 227 4033 σινδόνες,
254 3995 370 4033 quum
393 3985 569 4039 μολὸχινα
593 3984 824 4023 substantive
842 3987 1008 4035 positum
1020 3986 1201 4034 offendat,
1220 3987 1257 4024 et
1281 3987 1472 4037 μολὸχιναι
1495 3988 1651 4029 σινδόνες
1675 3984 1697 4033 §
1723 3988 1767 4023 48
1783 3984 2047 4022 memorentur·
