2808 4342
504 21 556 77 0
615 16 619 21 ⁴
819 73 822 76 ,

719 108 764 154 ο

157 190 250 231 aaa

159 282 363 348 Ἁρμένην
396 252 618 338 ιεήκονὲα-
655 276 781 337 λιμὴν
822 274 977 322 afflet.
1058 273 1146 320 καὶ
1191 275 1388 335 amsa„

153 355 228 409 τῆς
252 350 448 416 Ἀρμίνης
483 349 779 411 ἐμνημόνευσε.
846 343 934 391 Καὶ
961 340 1072 388 ἔνθεν
1104 342 1162 393 εἷς
1190 341 1388 397 Σινώπην

153 418 313 466 στάδιοι
350 417 674 477 τεσσαράκοντα·
710 411 915 461 Σινωπεῖς
954 407 1176 464 Μιλησίων
1205 408 1386 457 ἄποικοι.

152 486 253 534 Ἀπὸ
276 485 320 532 δὲ
355 484 549 539 Σινώπης
572 484 627 533 εἰς
653 479 875 541 Κάρουσαν
899 475 1157 533 πεντήκοντα
1178 476 1250 523 καὶ
1280 480 1386 524 ἕκα-

111 575 131 605 s
151 554 236 603 τόν·
268 553 391 606 σάλος
422 550 579 598 ναυσίν.
648 546 834 594 Ἐνθένδε
866 549 922 598 εἰς
944 545 1150 609 Ζάγωρα,
1185 545 1306 610 ἄλλοι
1335 539 1389 592 αὖ

152 622 406 679 πεντήκοντα
429 619 499 666 καὶ
522 615 682 664 ἑκατόν.
749 614 936 664 Ἐνθένδε
958 617 1015 669 εἰς
1030 615 1101 663 τὸν
1118 614 1245 663 Ἅλυν
1263 634 1389 663 ποτα·

153 692 230 752 μὸν
253 690 493 752 τριακόσιοι.

214 775 270 806 22,
307 750 440 808 Οὗτος
462 758 484 800 ὁ
503 755 690 814 ποταμὸς
710 754 844 800 πάλαι
873 753 949 814 μὲν
973 753 1064 817 ὅρος
1086 747 1138 812 ἦν
1156 757 1229 811 τῆς
1263 754 1388 816 Κροί-

152 844 224 872 σου
246 824 458 887 βασιλείας
486 824 558 870 zat
576 824 688 886 [τῆς]
713 826 884 887 Περσῶν
901 842 913 852 ·
946 827 1017 868 νῦν
1036 823 1079 870 δὲ
1098 822 1178 869 ὑπὸ
1195 826 1247 885 τῇ
1272 822 1387 870 Ῥω-

149 958 320 1014 κοσῦρων
331 958 394 999 vel
405 957 610 1015 Ἀσσυρίων
619 959 717 1014 ἄκρα
728 974 739 1009 ;
751 973 847 1000 nam
856 972 994 1014 prom.
1005 960 1048 999 in
1058 960 1390 1014 Leucosyrorum

148 1021 316 1077 regione
335 1020 463 1063 situm
480 1029 568 1063 erat
599 1035 681 1062 sec.
701 1019 911 1076 Scylacem
928 1020 1127 1075 aliosque.
1149 1019 1215 1061 Cf.
1248 1021 1389 1061 Λευκο·

149 1085 271 1139 σύρων
285 1083 417 1141 ἀγκὼν
433 1098 565 1140 prope
579 1082 701 1124 Iridis
714 1082 828 1123 fluvii
841 1082 961 1124 ostia.
980 1083 1059 1136 ΙΙ-
1074 1095 1090 1123 1
1102 1114 1110 1122 .
1122 1080 1195 1137 Ἀρ
1210 1082 1265 1136 μέ
1277 1097 1296 1122 ν
1309 1097 1332 1135 η
1344 1083 1388 1139 ν]

154 1145 359 1202 Ἁρμένην,
372 1146 468 1188 eod.
485 1154 525 1187 et
541 1143 660 1187 editt.
677 1144 803 1200 Apud
819 1145 1096 1195 Marcianum,
1118 1143 1190 1185 ubi
1207 1143 1392 1185 Millerus

148 1211 268 1251 tacite
295 1207 474 1266 Ἁρμένην
508 1208 691 1264 reliquit,
712 1207 844 1249 codex
867 1208 1077 1249 Parisinus
1098 1215 1140 1248 et
1166 1207 1392 1248 Vaticanus

153 1270 331 1327 Ἁρμένην
346 1271 517 1321 habent,
527 1271 648 1312 sicuti
657 1269 915 1321 Ptolemaeus,
930 1270 1087 1312 Plinius
1097 1277 1138 1311 et
1148 1270 1301 1324 Geogr.
1312 1272 1391 1311 Ra·

149 1343 343 1376 vennates
360 1342 402 1376 et
417 1334 560 1390 Scylax
587 1333 601 1389 (
624 1333 695 1374 ubi
723 1332 815 1374 vide
837 1335 854 1387 )
876 1341 917 1373 et
941 1331 1144 1373 editiones
1160 1333 1392 1374 novissimae

147 1397 455 1452 Xenophontis.
494 1395 631 1438 Hodie
652 1394 852 1438 Aklt‘man
874 1394 988 1436 locus
1004 1398 1196 1436 vocatur.
1220 1394 1391 1450 Stepha-

147 1471 227 1500 nus
250 1461 265 1511 (
285 1457 487 1515 Ἀλμήνη,
508 1458 620 1506 πόλις
644 1457 736 1512 πρὸς
767 1461 825 1513 τῷ
850 1456 1014 1514 Εὐξείνῳ
1035 1457 1191 1514 πόντῳ,
1213 1457 1264 1505 ὡς
1289 1455 1331 1497 Ἀ
1345 1472 1393 1512 ρ-

148 1520 336 1578 ρζιανός)
353 1529 425 1562 aut
453 1520 602 1561 vitioso
626 1520 793 1562 Arriani
816 1518 959 1560 codice
988 1533 1087 1560 usus
1107 1533 1194 1560 aese
1209 1518 1388 1570 videtur,

149 1590 222 1624 aut
236 1583 491 1639 excerptoris
512 1581 632 1638 culpa
654 1580 808 1622 sactum
833 1589 909 1631 est,
936 1589 983 1622 ut
998 1581 1085 1622 haec
1106 1582 1286 1622 nominis
1306 1581 1390 1633 sor·

148 1658 216 1685 ma
252 1645 432 1687 Arriano
465 1643 771 1694 vindicaretur,
813 1642 1007 1698 frequens
1039 1645 1150 1685 enim
1183 1652 1244 1685 est
1287 1644 1391 1686 litte·

147 1722 286 1750 rarum
311 1724 331 1764 ρ
353 1716 396 1750 et
415 1707 443 1748 λ
462 1708 504 1749 in
533 1707 703 1748 urbium
726 1706 968 1763 nominibus
1007 1707 1279 1762 permutatio,
1322 1722 1391 1749 cu·

141 1770 211 1824 jus
246 1770 433 1826 exempla
468 1770 673 1824 congessit
703 1768 895 1810 Meineke
933 1767 986 1809 ad
1030 1768 1172 1824 Steph.
1229 1782 1272 1824 p.
1317 1773 1386 1823 76.

147 1833 382 1875 Marcianus
424 1840 465 1873 et
511 1835 758 1887 Anonymus
796 1845 928 1887 prope
967 1833 1178 1872 Armenen
1213 1832 1388 1873 fluvium

147 1902 381 1937 memorant
397 1893 651 1950 Ὀιθομάνην
667 1893 846 1949 (Αυοη.)
864 1893 925 1933 vet
940 1891 1186 1948 ’θΑοσΕάτην
1200 1895 1385 1949 (Marc),

147 1971 273 2013 quem
287 1956 467 2014 Scylaars
483 1959 536 2012 89
556 1955 644 2012 (ubi
657 1955 766 2010 vide)
787 1954 1016 2011 Ὄχὲραινον
1035 1955 1153 1997 dicit.
1172 1957 1188 2011 ΙΙ
1201 1971 1305 1998 -2,
1322 1973 1338 1998 ε
1353 1957 1388 2007 ἰς

149 2020 377 2073 Σινώπην
396 2021 412 2076 ]
432 2020 676 2063 Accuratius
698 2018 751 2059 de
774 2019 837 2059 his
856 2026 1073 2075 exponunt
1094 2020 1330 2062 Marcianus
1347 2029 1389 2062 et

148 2084 417 2138 Anonymus,
438 2080 636 2123 addentes
657 2081 782 2123 etiam
812 2081 1011 2123 nonnulla
1030 2081 1084 2122 de
1112 2096 1288 2123 numero
1306 2092 1386 2125 sta-

148 2143 315 2187 diorum
340 2159 433 2201 quae
451 2158 582 2199 usque
598 2143 651 2186 ad
666 2145 848 2200 Sinopen
865 2143 1130 2199 colliguntur.
1153 2146 1170 2199 ΙΙ
1189 2168 1246 2176 -
1260 2148 1302 2195 4.
1324 2162 1340 2187 ε
1353 2145 1388 2196 ίς

147 2205 403 2262 Κάρουσαν
422 2207 438 2261 ]
466 2206 702 2247 Marcianus
728 2214 771 2246 et
804 2210 1051 2260 Anonymus
1077 2206 1186 2246 inter
1206 2206 1387 2263 Sinopen

146 2276 187 2308 et
219 2268 416 2309 Carusam
445 2275 678 2308 memorant
709 2267 947 2308 Euarchum
970 2267 1143 2308 fluvium
1176 2269 1387 2324 Anonymi

147 2338 265 2370 aetate
304 2328 462 2385 Εὕηχον
483 2329 661 2371 'dictum
701 2331 718 2383 (
756 2329 898 2386 hodie·
930 2329 1190 2372 Tckobanlar
1221 2330 1351 2372 Tclmi
1370 2334 1387 2386 )

147 2395 200 2435 80
222 2392 353 2436 stadia
385 2409 409 2435 a
444 2394 597 2449 Sinope
610 2425 621 2444 ,
660 2407 714 2448 70
750 2393 882 2435 stadia
903 2408 926 2435 a
950 2394 1105 2435 Carusa
1137 2393 1356 2435 distantem
1373 2426 1385 2445 ,

146 2470 231 2511 quo
266 2456 544 2514 Paphlagonia
582 2470 606 2496 a
650 2454 910 2511 Cappadocia
948 2455 1009 2496 vel
1053 2457 1386 2513 Leucosyrorum

147 2520 313 2573 regione
337 2519 415 2571 vel,
449 2517 681 2561 secundum
719 2518 905 2574 Menippi
933 2518 1136 2570 rationes,
1170 2533 1195 2561 a
1223 2517 1388 2562 duobus

148 2583 289 2623 Pontis
327 2582 554 2624 dirimitur.
594 2582 659 2623 Cf.
695 2582 917 2637 Menippus
958 2596 1025 2637 ap.
1060 2581 1256 2638 Stephan.
1287 2585 1384 2638 Byz.

150 2658 187 2683 v.
230 2644 494 2687 Καππαδοκία.
541 2644 737 2686 Similiter
775 2643 936 2688 Plinius
969 2645 1032 2685 VI
1046 2675 1057 2694 ,
1096 2657 1122 2684 2
1166 2656 1177 2685 t
1219 2644 1388 2686 Flumen

147 2709 186 2746 E
189 2707 382 2747 emrchum
406 2709 481 2761 (sic
496 2706 736 2748 Harduinus
754 2720 832 2762 pro
849 2709 894 2747 V
890 2702 1066 2763 uictum)
1085 2722 1096 2756 ;
1117 2720 1215 2759 gens
1230 2710 1389 2765 Cappa·

147 2767 307 2809 docum.
347 2772 546 2811 Praeterea
596 2768 720 2824 hujus
748 2769 861 2810 ssuvii
914 2769 1104 2810 meminit
1139 2770 1280 2825 Etym.
1324 2772 1385 2812 M.

147 2842 190 2885 p.
210 2830 305 2879 388,
324 2834 376 2878 42
401 2845 439 2870 v.
474 2830 647 2884 Εὕαρχος
666 2844 675 2871 :
693 2831 800 2871 Φασὶ
820 2830 861 2871 δὲ
883 2831 949 2871 καὶ
976 2832 1151 2888 ποταμόν
1173 2846 1259 2873 τινα
1287 2832 1389 2888 παρὰ

147 2889 219 2943 τὴν
226 2891 404 2944 Σινώπην
413 2890 588 2946 Εὕαρχον
598 2892 670 2933 ὑπὸ
680 2896 755 2932 τῶν
770 2890 1030 2947 Ἀργοναυτῶν
1041 2896 1386 2948 προσηγορεῦσθαι,

148 2951 213 3009 ἄρ’
234 2950 279 2995 οὗ
299 2958 450 3009 πρῶτον
468 2952 657 3003 ἔπιον,·ὧς
670 2968 784 3008 φησιν
804 2953 1016 3007 Εὐφορίων·
1046 2972 1061 2991 ι
1078 2954 1131 2994 ‘'ll
1146 2956 1182 2995 οἱ
1196 2955 1388 3011 Εὗάρχοιο

146 3014 233 3071 φέρε
254 3014 365 3062 κλέος
380 3014 478 3071 ἀμφὶ
497 3013 643 3070 ῥέεθρα.
669 3038 726 3046 —
743 3016 875 3055 Porro
892 3015 1163 3070 Geographus
1179 3018 1389 3060 Ravenna·

147 3085 208 3117 tes
230 3084 340 3118 inter
355 3077 537 3133 Sinopen
555 3084 597 3118 et
611 3077 807 3118 Carusam
828 3085 1031 3118 memorat
1049 3077 1183 3118 locum
1206 3078 1389 3134 Cleopea·

146 3139 271 3188 siam,
289 3151 414 3194 quem
429 3137 750 3179 auctorTabulae
764 3139 952 3192 Peuting.
970 3139 1220 3195 Cloptasiam
1241 3154 1390 3182 vocans

150 3215 174 3255 7
197 3200 299 3242 mill.
320 3214 345 3242 a
359 3201 513 3257 Sinope
523 3198 676 3242 distare
699 3202 773 3251 ait,
790 3200 1034 3243 Ptoletnaeus
1055 3199 1234 3256 denique
1248 3216 1291 3257 p.
1309 3205 1388 3257 327

148 3263 300 3304 rectius
314 3261 426 3304 haud
444 3261 573 3304 dubie
589 3261 808 3304 Κυπτασίαν
825 3262 1053 3317 (Κοπτασία
1069 3276 1108 3304 ν.
1128 3262 1219 3303 lect.
1236 3263 1250 3318 )
1271 3262 1386 3315 dicit,

150 3324 220 3366 sed
241 3325 296 3366 ita
313 3325 431 3381 ponit
447 3332 629 3381 utsupra
644 3324 728 3367 250
754 3323 883 3367 stadia
900 3339 924 3367 a
944 3325 1097 3381 Sinope
1115 3322 1255 3376 distet,
1275 3325 1387 3381 quod

150 3395 289 3441 aperte
314 3386 461 3428 salsum
491 3394 566 3437 est,
590 3394 639 3428 ut
655 3385 843 3428 locorum
868 3387 993 3429 seria
1019 3387 1061 3428 in
1082 3385 1189 3429 Τὼ.
1210 3388 1330 3430 Peut.
1349 3397 1388 3430 et

150 3448 302 3502 Geogr.
321 3450 424 3490 Rav.
441 3447 578 3490 docet.
597 3448 959 3504 Acquieseendum
975 3450 1018 3491 in
1039 3448 1248 3501 distantia,
1265 3463 1388 3505 quam

150 3509 234 3551 tab.
281 3512 398 3552 Peut.
438 3509 614 3562 indicat,
646 3510 750 3553 adeo
787 3520 834 3553 ut
870 3513 1061 3569 Coptasia
1103 3511 1167 3554 vel
1200 3512 1390 3569 Cyptasia

148 3571 286 3613 media
316 3573 368 3613 sit
396 3574 503 3614 inter
539 3574 720 3629 Sinopen
750 3583 791 3615 et
821 3574 1086 3625 Euarcbum,
1125 3574 1391 3632 respondeat·

150 3637 233 3691 que
271 3634 475 3676 hodierno
509 3638 617 3677 Eren
651 3636 845 3689 Bogltasi.
882 3638 1062 3693 Κάρουσα
1098 3645 1236 3679 autem
1265 3637 1390 3680 bodie

151 3695 316 3737 Ger-sel».
344 3697 400 3737 V.
425 3698 634 3738 Hamilton
658 3700 897 3741 aest-arches
920 3702 956 3750 1,
981 3714 1024 3756 p.
1054 3701 1156 3750 301..
1182 3701 1389 3743 Memora·

150 3765 220 3798 tur
235 3770 259 3799 a
274 3756 410 3800 Plinio
423 3759 500 3809 VI,
518 3771 543 3799 2
561 3767 601 3799 et
620 3761 783 3815 Scylace
798 3765 822 3815 5
846 3764 916 3816 89,
942 3762 1014 3803 ubi
1042 3762 1254 3818 Κάρουσσα.
1281 3763 1388 3805 Ean·

151 3817 247 3860 dem
271 3818 417 3862 urbem
442 3820 634 3876 Κάρισσαν
649 3821 732 3863 dici
754 3837 777 3863 a
797 3823 1016 3865 Ptolemaeo
1037 3838 1081 3880 p.
1104 3826 1201 3880 329,
1226 3838 1280 3867 22
1301 3826 1390 3882 opi-

151 3889 275 3922 natur
296 3881 510 3937 Forbiger.
541 3883 606 3933 11,
638 3882 683 3939 p‘.
713 3886 810 3938 407.
831 3888 883 3925 At
905 3884 1074 3940 Κάρισσα
1094 3886 1147 3927 ab
1168 3901 1240 3929 ora
1270 3886 1390 3942 longe

152 3950 325 3994 remota,
352 3951 394 3985 et
414 3943 492 3986 suh
524 3942 670 3986 eodem
697 3945 926 3987 meridiano
947 3961 1042 3988 cum
1062 3947 1248 3989 Phasidis
1275 3948 1390 3990 ostiis

153 4005 264 4059 sita(
285 4008 360 4056 64⁰
375 4005 457 4058 402
482 4010 556 4057 41⁰
591 4006 705 4065 40'),
737 4015 811 4049 aut
835 4008 911 4050 alia
934 4009 1033 4051 urbs
1061 4018 1121 4052 est
1143 4019 1213 4052 aut
1236 4011 1388 4052 mirum
1437 4043 1444 4052 .

1306 172 1566 220 Annum

2545 176 2705 239 (um)-
2736 156 2782 243 ’ἷζε

1465 282 1497 322 Α
1529 281 1660 336 Lepte
1690 282 1799 324 Aera
1833 279 1887 322 ad
1917 283 2126 351 Armenen
2155 285 2364 339 sexaginta
2374 300 2386 335 3
2424 293 2569 340 portus
2600 285 2697 327 illic.

1460 349 1654 389 Armene
1683 347 1920 403 Xenophon
1949 347 2068 403 (An.
2101 353 2145 401 6,
2178 364 2218 403 1,
2242 355 2298 407 9)
2323 366 2491 408 quoque
2521 354 2732 399 mentio·

1460 428 1556 454 nem
1598 411 1710 456 tacit.
1785 412 1891 455 Inde
1923 413 1978 455 ad
2013 415 2198 472 Sinopen
2231 418 2362 461 stadia
2399 420 2726 476 quadragintag'

1459 482 1707 538 Sinopenses
1716 481 1972 524 Milesiorum
1990 482 2143 526 coloni.
2202 486 2240 528 Α
2252 486 2468 544 Sinope-d
2481 490 2705 541 Can-usuum.

1461 551 1533 592 ubi
1565 550 1700 592 salum
1722 551 1919 603 navibus,
1945 560 2113 594 centum
2143 560 2186 593 et
2216 554 2528 612 quinquaginta.
2590 560 2699 600 Hinc
2750 583 2755 585 -

1459 618 1514 659 ad
1538 620 1694 674 Zagora
1728 619 1827 661 item
1859 627 2028 661 eentum
2061 627 2101 661 ct
2133 621 2448 677 quinquaginta.
2504 625 2610 669 Inde
2643 626 2703 669 ad
2763 615 2766 616 ⁷

1460 685 1610 743 Halym
1633 686 1809 728 nuvium
1828 695 2026 730 trecenta.

1515 767 1587 796 22.
1619 755 1698 796 Hic
1720 755 1874 797 fluvius
1889 755 1987 797 olim
2010 757 2125 811 regni
2147 757 2278 798 emi
2306 765 2348 798 et
2370 759 2589 800 Persarum
2615 767 2707 803 te·-
2779 791 2785 794 ,η

1459 822 1598 864 minus
1618 822 1711 872 suit,
1736 836 1849 864 nunc
1863 823 1941 866 sub
1960 825 2242 866 Romanorum
2260 825 2434 881 imperio
2454 826 2567 877 auin
2586 826 2705 869 haud

1462 958 1504 999 in
1525 956 1698 999 modum
1715 957 1959 999 Ptolemaeus
1975 959 2142 1000 erravit.
2159 961 2405 1015 Anonjmus
2422 960 2620 1015 Κάρουσαν
2635 960 2701 1003 di-

1461 1019 1518 1059 cit
1554 1018 1736 1075 ἐμπόριον
1769 1017 1836 1060 καὶ
1864 1018 2004 1075 λιμένα
2033 1021 2116 1068 τοῖς
2142 1018 2204 1075 ἀφ’
2241 1019 2396 1077 ίσπέρας
2426 1021 2579 1078 ἀνέμοις
2617 1023 2631 1079 (
2656 1023 2704 1065 id

1461 1080 1574 1136 quod
1595 1094 1788 1137 mappam
1803 1081 2035 1137 inspicienti
2058 1079 2174 1123 facile
2195 1082 2350 1137 patebit
2374 1083 2407 1141 ),
2429 1089 2579 1141 πρῶτον
2600 1086 2634 1127 11
2647 1101 2698 1127 o·

1461 1143 1575 1199 λίχν
1591 1158 1665 1185 ιον
1694 1143 1992 1200 ὠνομασμένον,
2018 1144 2062 1185 in
2081 1157 2166 1199 quo
2188 1143 2287 1186 Πολ.
2310 1159 2462 1189 nomen
2484 1146 2596 1190 haud
2619 1147 2696 1190 du·

1461 1205 1524 1247 bis
1542 1213 1802 1262 corruptum.
1827 1206 1843 1259 ΙΙ
1865 1229 1923 1236 -
1943 1205 1983 1247 5.
2002 1205 2237 1263 Ζάγωρα]
2266 1206 2448 1264 Ζάγωρον
2470 1210 2668 1252 Marcian-
2685 1227 2697 1260 ;

1461 1268 1654 1325 Γάζουρον
1692 1268 1856 1323 χωρίον,
1899 1266 1972 1320 ἤδη
2012 1267 2233 1317 Καλίππους
2270 1268 2284 1326 (
2313 1269 2367 1311 ab
2393 1269 2672 1327 ἱπποτροφείοις
2685 1305 2696 1323 ,

1460 1331 1591 1388 puta)
1629 1330 1864 1386 λεγόμενον,
1904 1333 2133 1386 Anonym.;
2165 1330 2344 1372 Zacoria
2372 1331 2477 1374 Tab.
2514 1334 2630 1376 Peut.
2658 1343 2700 1376 et

1460 1393 1614 1448 Geogr.
1636 1395 1737 1435 Rav.
1759 1392 1885 1448 Apud
1908 1392 2174 1434 Ptolemaeum
2196 1402 2290 1449 post
2305 1395 2537 1449 Cyptasiam
2556 1396 2599 1437 in
2627 1403 2700 1438 om

1462 1455 1600 1496 marit.
1620 1462 1906 1496 memorantur
1919 1453 2109 1495 Ζαλίσκου
2135 1458 2313 1511 ποταμοῦ
2337 1455 2495 1497 {neom
2513 1465 2554 1498 et
2569 1456 2700 1498 Γάλω-

1462 1531 1544 1571 ρον;
1562 1531 1743 1573 quorum
1759 1516 1967 1567 ordinem,
1985 1524 2142 1557 servata
2156 1516 2407 1572 epocharum
2422 1519 2540 1570 serie,
2563 1520 2696 1563 inver-

1461 1578 1633 1621 tendum
1648 1588 1689 1621 et
1703 1581 1841 1635 priore
1857 1579 1948 1620 loco
1961 1579 2160 1634 Ζάγωρον,
2182 1579 2311 1621 altero
2324 1579 2501 1632 Ζαλήκου
2518 1582 2700 1625 scriben-

1460 1640 1563 1683 dum
1578 1656 1665 1683 esse
1683 1650 1793 1683 recte
1819 1649 1960 1682 monet
1986 1641 2262 1696 Wilbergius.
2286 1642 2439 1684 Vicum
2461 1643 2699 1687 mediterra-

1460 1718 1585 1746 neum
1604 1705 1768 1760 Ζάγειρα
1794 1703 1808 1760 (
1833 1705 1906 1744 61⁰
1935 1701 2018 1753 40¹,
2055 1704 2129 1753 43⁰
2150 1702 2218 1754 [ω’
2238 1706 2278 1759 ),
2299 1717 2427 1760 quem
2454 1705 2698 1749 Ptolemaeus

1458 1781 1501 1822 p.
1539 1767 1641 1818 328,
1674 1770 1698 1810 8
1722 1774 1937 1817 memorat,
1962 1765 2014 1807 ad
2048 1781 2124 1808 nos
2162 1766 2264 1808 nibil
2296 1768 2519 1824 pertinere,
2548 1770 2702 1826 cuique

1459 1838 1587 1885 patet,
1607 1838 1779 1886 excepto
1798 1828 2038 1885 Forbigero.
2055 1831 2211 1885 Zagora
2229 1830 2306 1871 sita
2323 1839 2411 1872 erat
2426 1830 2479 1872 ad
2494 1832 2598 1874 ostia
2620 1833 2699 1875 flu·
2724 1866 2726 1869 ,
2763 1845 2765 1847 ’

1459 1893 1513 1932 vii
1542 1892 1643 1934 hod.
1674 1891 1988 1943 Ak-Su-Tclaai,
2010 1891 2081 1934 ubi
2110 1900 2270 1934 exstant
2290 1892 2404 1933 urbis
2423 1894 2576 1944 ruinae,
2593 1909 2700 1937 esse-
2752 1935 2757 1942 „
2787 1927 2789 1929 -

1458 1968 1539 2009 que
1555 1954 1611 1996 ibi
1622 1956 1745 1996 etiam
1761 1968 1874 1996 nunc
1890 1955 2027 1996 vicum
2043 1954 2216 1997 Gltezere
2230 1969 2254 1996 e
2264 1955 2568 2013 Beauchampio
2582 1965 2698 2000 notat
2755 1971 2758 1974 ⁴

1458 2017 1699 2059 Mannertus
1722 2019 1794 2069 VI,
1816 2018 1857 2069 3,
1885 2031 1927 2073 p.
1954 2031 2018 2059 10.
2042 2017 2245 2059 Distantia
2264 2016 2397 2059 indea
2417 2018 2564 2060 Ger-seli
2589 2018 2699 2062 linea
2767 2027 2774 2072 j
2797 2044 2799 2051 ·

1458 2087 1568 2121 recta
1591 2093 1668 2122 100
1684 2078 1767 2121 sere
1789 2078 2035 2129 stadiorum,
2059 2080 2123 2120 sin
2139 2093 2255 2120 oram
2277 2080 2392 2120 sinus
2408 2081 2516 2127 inter
2535 2088 2712 2123 utrum·'
2763 2091 2765 2093 “

1458 2155 1539 2197 que
1554 2141 1691 2184 locum
1709 2142 1912 2198 interjecti
1927 2141 2086 2197 legeris,
2099 2150 2223 2183 erunt
2239 2142 2323 2184 sere
2336 2141 2468 2184 stadia
2487 2144 2580 2195 150,
2594 2154 2698 2201 quot
2793 2165 2801 2197 1

1457 2212 1627 2259 exputat
1655 2205 1878 2255 Arrianus3
1902 2218 1971 2260 ap.
1994 2205 2253 2246 Marcianum
2281 2205 2446 2246 nonnisi
2470 2218 2548 2249 120
2566 2206 2698 2251 stadia
2767 2253 2771 2258 ,
2799 2203 2802 2213 ’

1457 2274 1569 2308 sunt.
1585 2268 1717 2308 Porro
1733 2266 1841 2307 inter
1862 2266 2058 2307 Camsam
2084 2265 2099 2321 (
2119 2266 2296 2320 Gerseh)
2313 2274 2355 2307 et
2371 2268 2568 2310 zat-oram
2586 2270 2698 2312 Geo-
2800 2298 2803 2317 ,

1458 2328 1637 2384 graphus
1653 2331 1908 2370 Ravennates
1923 2327 2045 2371 habet
2073 2327 2209 2370 locum
2232 2327 2448 2382 Orgibate,
2467 2330 2539 2385 qui
2550 2330 2698 2374 eodem
2767 2324 2770 2328 ’
2799 2358 2801 2382 ς

1460 2391 1586 2433 modo
1614 2391 1810 2433 scribitur
1846 2392 1887 2432 in
1909 2390 2069 2432 Tabula
2108 2392 2316 2446 Peuting„
2350 2392 2498 2434 omissa
2525 2401 2622 2436 nota
2639 2394 2700 2437 di-
2764 2389 2772 2446 ,¹
2801 2433 2803 2438 Α

1458 2455 1638 2505 stantiae;
1657 2457 1903 2510 Anonymus
1924 2462 2062 2495 autem
2095 2454 2404 2509 Γουρζοῦὁανθον
2427 2462 2562 2508 vocnt,
2582 2470 2607 2499 a
2623 2458 2700 2500 Ca·
2799 2496 2802 2515 Β

1457 2534 1553 2561 rusa
1581 2518 1733 2560 distare
1751 2517 1866 2573 ajens
1889 2516 2030 2559 stadiis
2057 2521 2131 2568 6ος
2157 2516 2270 2573 quod
2305 2517 2563 2560 intervallum
2582 2517 2726 2562 ducit'-
2749 2530 2775 2574 ,γ’
2797 2521 2801 2547 ¹'

1458 2582 1509 2622 ad
1531 2581 1722 2624 hodiern.
1743 2580 1849 2622 Χίον·
1863 2579 2013 2621 Siuwet
2045 2595 2123 2621 nec
2146 2579 2265 2634 longe
2283 2579 2380 2621 hinc
2397 2588 2605 2623 remotum
2625 2594 2698 2638 pa·

1459 2658 1555 2698 gum
1581 2642 1757 2696 Kusufet
1788 2645 1902 2684 Owa.
1927 2641 2055 2695 Quod
2091 2655 2188 2683 vero
2213 2641 2406 2698 deinceps
2430 2641 2547 2683 addit
2582 2645 2697 2686 Ano·
2757 2653 2765 2658 ·’
2800 2641 2801 2678 ἓ

1460 2720 1608 2762 nymus
1638 2704 1735 2747 inde
1755 2719 1779 2747 a
1806 2704 2107 2747 Gurzubantho
2125 2703 2177 2745 ad
2200 2706 2408 2746 Gazurum
2435 2703 2553 2761 (sive
2571 2706 2699 2761 zago-
2752 2732 2755 2734 »
2799 2723 2801 2738 ⁴

1459 2783 1553 2810 rum
1572 2770 1585 2824 )
1612 2782 1698 2809 esse
1716 2767 1848 2809 stadia
1867 2768 1959 2816 150,
1981 2766 2024 2808 id
2042 2766 2185 2808 salsum
2201 2775 2285 2817 est,
2303 2767 2481 2823 pertinet
2500 2766 2568 2808 hic
2589 2768 2695 2812 stad.

1460 2845 1657 2872 numerus
1682 2846 1705 2872 a
1734 2831 1888 2872 Carusa
1913 2829 1966 2871 ad
1987 2831 2218 2881 Gazurum,
2244 2844 2422 2886 eumque
2449 2845 2499 2872 ex
2519 2833 2698 2876 Arriano

1458 2906 1669 2934 assumens
1686 2900 1831 2933 auctor
1847 2895 1928 2934 An.
1947 2906 2032 2934 non
2048 2893 2253 2949 reputavit
2267 2890 2544 2934 detrahendos
2558 2894 2598 2935 ci
2610 2907 2699 2936 oese
2742 2891 2751 2943 ,ζ
2759 2922 2765 2942 ;

1459 2953 1590 2996 stadia
1613 2958 1682 3004 60,
1705 2968 1797 3010 quae
1819 2963 1916 2995 sunt
1942 2969 2072 3010 usque
2095 2954 2148 2996 ad
2170 2954 2308 2996 locum
2327 2954 2380 2996 ab
2397 2955 2487 3011 ipso
2517 2955 2700 3012 interpo-
2748 2988 2750 2990 ψ

1459 3018 1599 3057 situm.
1631 3018 1693 3057 Ne
1721 3025 1841 3072 putes
1877 3030 1973 3058 cum
2015 3017 2239 3071 Forbigero
2271 3018 2482 3058 Gazurum
2519 3017 2654 3059 locum
2672 3032 2695 3060 a
2749 3067 2757 3072 ,-
2802 3027 2805 3066 ζ

1459 3078 1618 3130 Zagoro
1632 3077 1843 3119 diversum
1856 3092 1942 3119 esse
1965 3087 2005 3119 et
2027 3083 2080 3121 60
2093 3078 2234 3119 stadiis
2249 3078 2302 3119 ab
2316 3093 2366 3119 eo
2385 3078 2586 3119 orientem
2609 3093 2697 3120 ver·

1459 3152 1528 3178 sus
1545 3138 1752 3188 dissitum,
1786 3139 1881 3180 inde
1901 3140 2118 3194 colligitur,
2145 3139 2258 3195 quod
2281 3141 2340 3181 sic
2371 3154 2455 3181 orae
2480 3139 2696 3194 longitudo

1458 3216 1482 3242 a
1517 3202 1669 3242 Carusa
1701 3215 1831 3256 usque
1852 3200 1903 3242 ad
1939 3200 2070 3254 Halyn
2100 3203 2140 3241 ss.
2177 3202 2508 3243 nanciscor-emur
2545 3201 2697 3245 stadio-

1460 3277 1553 3304 rum
1583 3263 1678 3311 510,
1714 3261 1826 3317 quod
1862 3277 1945 3303 non
1981 3262 2112 3303 solum
2138 3262 2189 3303 ab
2226 3263 2390 3305 Arriani
2425 3271 2465 3304 et
2495 3264 2695 3307 Muciani

1459 3332 1657 3381 computo
1669 3324 1830 3378 longius
1843 3324 2065 3374 recederet,
2078 3324 2147 3366 sed
2158 3340 2180 3366 a
2193 3339 2291 3367 vero
2302 3326 2425 3367 etiam
2437 3324 2693 3370 abhorreret.
2712 3344 2714 3349 ‘
2728 3348 2745 3369 ,-

1465 3389 1481 3441 ΙΙ
1503 3401 1612 3441 —7.
1642 3388 1928 3442 τριακόσιοι
1958 3389 1971 3443 ]
1997 3389 2232 3430 Marcianus
2258 3389 2422 3430 nonnisi
2442 3402 2550 3444 270,
2571 3388 2726 3447 idquet

1459 3448 1595 3504 paullo
1616 3450 1865 3500 accuratius,
1886 3448 2053 3506 exputat
2065 3466 2076 3501 ;
2101 3465 2196 3492 cum
2219 3451 2396 3493 Arriano
2416 3449 2510 3493 facit
2527 3453 2697 3510 Ληουῖ·
2723 3471 2729 3476 ·

1460 3525 1578 3563 mus,
1622 3520 1794 3567 uterque
1837 3513 1943 3553 inter
1977 3514 2185 3554 Gazorum
2222 3512 2451 3569 nalquue
2494 3519 2711 3558 metuont·

1459 3572 1635 3625 Ζάληκον
1651 3574 1825 3628 ποταμὸν
1843 3574 1907 3614 καὶ
1922 3576 2056 3630 κώμην
2072 3574 2273 3630 ἀλίμενον,
2295 3574 2347 3617 ab
2360 3575 2523 3618 Gazoro
2541 3573 2707 3618 distans
2721 3602 2727 3627 χ

1461 3644 1543 3677 tem
1563 3636 1667 3678 stad.
1690 3652 1743 3691 90
1759 3652 1839 3678 sec.
1861 3641 1961 3687 An.;
1982 3637 2088 3679 stad.
2111 3651 2189 3680 120
2203 3652 2285 3679 sec.
2304 3638 2504 3679 Marcian.
2528 3637 2695 3680 Πανία·
2714 3633 2720 3638 ”

1459 3698 1524 3739 illc
1546 3698 1771 3740 hodiernus
1790 3708 1850 3740 est
1878 3700 2138 3748 Alaesclaam,
2180 3713 2257 3742 100
2283 3698 2389 3741 stad.
2411 3713 2436 3741 a
2458 3699 2621 3757 Gazoro
2650 3700 2693 3742 in

1460 3775 1572 3802 mare
1604 3762 1758 3803 exiens.
1798 3763 1959 3803 Nomen
1989 3761 2164 3814 Ζάληκος
2192 3761 2410 3803 confirmat
2438 3760 2703 3816 Theognost..
2758 3799 2766 3805 f

1459 3825 1561 3865 Can.
1583 3837 1626 3879 p.
1651 3825 1718 3878 59.
1741 3824 1864 3880 Apud
1885 3823 1991 3866 Ptol.
2015 3838 2059 3880 p.
2085 3825 2182 3879 327,
2205 3837 2254 3878 19
2281 3822 2559 3865 εΖαλίσκου
2578 3838 2628 3866 πο
2657 3848 2673 3855 ἰ
2703 3818 2741 3873 ”

1462 3890 1535 3941 μοῦ
1552 3885 1724 3937 ἔκὸολαί,
1743 3896 1782 3928 at
1796 3896 1943 3944 praeter
1957 3885 2165 3929 ordinem.
2179 3888 2334 3941 Geogr.
2350 3887 2453 3927 Rav.
2473 3892 2670 3943 corrupte
2712 3888 2724 3943 [s
2802 3897 2808 3927 ;

1462 3949 1599 3997 Eleca,
1617 3958 1657 3990 et
1673 3949 1777 3991 Tab.
1800 3950 1988 4005 Peuting.
2017 3962 2028 3991 :
2050 3948 2218 4003 Helega.

1516 4013 1630 4064 522,
1650 4011 1676 4053 Ι.
1695 4029 1734 4066 9.
1755 4015 1838 4063 τῆς
1854 4011 1995 4067 Περσ.
2016 4012 2032 4067 ]
2050 4013 2117 4063 τῆς
2134 4025 2183 4053 ex
2207 4009 2455 4065 Anom.adj.
2480 4009 2614 4065 δείλη
2636 4023 2721 4042 -2
2800 4011 2803 4029 ’
