2782 4348
147 146 220 197 (ιε,
240 141 308 196 12.)

149 237 392 296 μεταὸόλων
411 235 606 298 ἐργασία,
629 236 816 280 τελωνῶν
831 233 1136 295 ἀνυπέρὸλητος
1149 236 1378 298 πλεονεξία,

150 309 194 352 ἐκ
218 309 379 353 πολλῶν
407 303 813 368 χρόνων-ἀνεπιθέτῳ
833 305 914 365 (τῇ)
939 304 1115 366 πονηρίᾳ
1137 311 1383 367 συντεθραμ-

149 376 273 436 μένη·
299 377 516 421 τελωνοῧσι
559 372 638 434 γὰρ
674 372 746 418 καὶ
779 371 831 417 τὰ
874 372 1076 431 μέλλοντα
1101 373 1201 436 πρὸς
1240 376 1382 428 αὐτοὺς

150 443 398 505 εἰσάγεσθαι.
419 443 473 487 Οἱ
497 440 640 485 πολλοὶ
663 441 797 485 αὐτῶν
820 448 984 502 τραχεῖς
1007 443 1047 486 ἐν
1071 449 1160 494 ταῖς
1183 443 1376 502 ὁμιλίαις,

148 512 238 562 τοὺς
260 508 445 560 συνετοὺς
465 508 774 567 ἐπανελόμενοι.
845 509 1102 572 Ἀρνούμενοι
1125 510 1217 562 τοὺς
1239 513 1382 557 Βοιω-

148 579 237 631 τοὺς
260 578 464 634 Ἀθηναῖοί
484 580 562 622 εἶσι
586 578 782 627 Βοιωτοί.
800 580 854 625 Οἱ
879 578 1011 640 στίχοι
1035 578 1242 632 Ξένωνος·

245 683 383 726 Πάντες
410 684 579 728 τελῶναι,
595 682 728 726 πάντες
743 683 834 720 εἰσὶν
855 683 1027 732 ἅρπαγες.

241 738 367 776 Κακὸν
387 739 485 781 τέλος
504 738 646 781 γένοιτο
660 741 734 781 τοῖς
750 737 964 787 Ὠρωπίοις.

209 836 243 866 8.
271 820 483 871 Ἐντεῦθεν
505 821 559 871 εἷς
571 819 794 880 Τάναγραν
812 820 959 865 στάδια
975 820 1049 882 ρλ’·
1072 819 1160 871 ὁδὸς
1177 822 1227 866 δι’
1247 822 1384 868 ἐλαιο-

153 888 277 951 φύτου
300 888 370 933 καὶ
395 888 635 950 συνδένδρου
659 889 814 949 χώρας,
840 889 990 940 παντὸς
1012 889 1295 951 καθαρεύουσα
1314 894 1384 936 τοῦ

151 958 235 1003 ἀπὸ
263 961 342 1024 τῶν
363 957 539 1003 κλώπων
565 958 704 1020 φόὸου.
738 958 790 1005 Ἡ
818 958 858 1003 δὲ
884 959 1000 1011 πόλις
1018 962 1192 1021 τραχεῖα
1218 959 1291 1018 μὲν
1313 960 1384 1005 καὶ

150 1027 374 1088 μετέωρος,
417 1026 542 1082 λευκὴ
574 1026 615 1071 δὲ
642 1031 692 1089 τῇ
730 1028 945 1090 ἐπιφανείᾳ
987 1031 1058 1072 καὶ
1104 1028 1383 1091 ἅργιλλώδης·

151 1103 232 1148 τοῖς
252 1097 292 1141 δὲ
315 1099 395 1142 τῶν
419 1099 554 1142 οἰκιῶν
570 1097 785 1159 προθύροις
804 1097 875 1142 καὶ
896 1097 1150 1156 ἐγκαύμασιν
1176 1101 1385 1156 ἀναθεμα-

150 1169 275 1217 τικοῒς
302 1166 506 1211 κάλλιστα
539 1167 919 1226 κατεσκευασμένη.
954 1169 1140 1227 Καρποῒς
1167 1167 1208 1211 δὲ
1234 1174 1317 1218 τοῖς
1340 1168 1386 1211 ἐκ

152 1239 223 1291 τῆς
245 1235 385 1297 χώρας
416 1238 583 1286 σιτικοῖς
609 1237 653 1280 οὗ
677 1235 768 1281 λίαν
798 1235 986 1298 ἄφθονος,
1011 1234 1108 1297 οἴνῳ
1132 1235 1174 1279 δὲ
1195 1239 1252 1296 τῷ
1276 1253 1384 1295 γινο-

152 1305 260 1367 μένῳ
282 1303 390 1349 κατὰ
409 1304 481 1359 τὴν
503 1304 704 1350 Βοιωτίαν
725 1304 1009 1366 πρωτεύουσα.
1080 1302 1127 1367 (9)
1147 1306 1201 1350 Οἱ
1226 1306 1260 1348 δ’
1285 1307 1385 1349 ἐνοι-

149 1377 311 1424 κοῦντες
329 1379 416 1424 ταῖς
444 1372 516 1431 μὲν
541 1372 688 1424 οἷσίαις
707 1373 920 1436 λαμπροὶ,
948 1379 1030 1424 τοῖς
1058 1372 1100 1418 δὲ
1127 1373 1227 1433 βίοις
1257 1373 1384 1418 λιτοί·

149 1441 297 1492 πάντες
332 1441 528 1501 γεωργοὶ,
569 1444 639 1486 οὐκ
678 1443 868 1502 ἐργάται·
913 1440 1192 1499 δικαιοσύνην,
1227 1442 1382 1498 πίστιν,

148 1510 278 1563 ξενίαν
305 1510 448 1571 ἀγαθοὶ
474 1511 743 1572 διαφυλάξαι·
768 1513 848 1563 τοῖς
873 1511 1077 1570 δεομένοις
1104 1515 1185 1556 τῶν
1208 1513 1385 1556 πολιτῶν

147 1578 215 1625 καὶ
258 1580 338 1630 τοῖς
375 1580 722 1640 στιχοπλανήταις
760 1583 839 1624 τῶν
879 1583 1201 1639 ἀποδημητικῶν
1233 1583 1303 1644 ἀφ’
1330 1574 1385 1626 ὧν

149 1650 310 1709 ἔχουσιν
344 1648 628 1711 ἀπαρχόμενοί
658 1667 701 1694 τε
725 1650 795 1694 καὶ
824 1650 1041 1711 ἐλευθέρως
1075 1650 1381 1710 μεταδιδόντες,

150 1718 354 1780 ἀλλότριοι
379 1718 516 1774 πάσης
538 1718 691 1764 ’ἀδίκου
731 1719 979 1772 πλεονεξίας.
1008 1720 1091 1766 Καὶ
1132 1721 1385 1783 ἐνδιατρῖψαι

149 1787 190 1831 δὲ
210 1786 332 1839 ξένοις
354 1787 647 1850 ἀσφαλεστάτη
668 1791 694 1844 ἡ
715 1788 831 1840 πόλις
849 1793 926 1834 τῶν
951 1788 1059 1834 κατὰ
1077 1789 1150 1845 τὴν
1166 1790 1383 1836 Βοιωτίαν·

148 1856 289 1902 ὕπεστι
321 1856 399 1919 γὰρ
435 1857 683 1910 αὐθέκαστός
713 1878 756 1904 τε
787 1859 856 1904 καὶ
883 1859 1174 1921 παραύστηρος
1205 1878 1385 1920 μισοπο-

147 1926 267 1987 νηρία
308 1926 373 1970 διὰ
415 1926 487 1982 τὴν
526 1931 605 1972 τῶν
633 1928 933 1975 κατοικούντων
962 1929 1206 1991 αὐτάρκειάν
1247 1948 1290 1975 τε
1313 1929 1383 1974 καὶ

149 1996 376 2058 φιλεργίαν.
405 1999 475 2056 (10)
505 1998 798 2059 Προσπάθειαν
836 1998 914 2061 γὰρ
935 2000 1034 2060 πρός
1065 2017 1104 2044 τι
1124 1999 1234 2060 γένος
1255 2002 1385 2060 ἀκρα-

149 2064 238 2116 σίας
260 2065 410 2120 ἥκιστα
453 2069 492 2111 ἐν
528 2067 656 2128 ταύτῃ
681 2073 732 2130 τῇ
760 2069 878 2113 πόλει
909 2068 1163 2125 κατενόησα,
1190 2069 1239 2112 δι’
1262 2068 1312 2123 ἣν
1333 2071 1386 2118 ὡς

149 2135 216 2179 ἐπὶ
240 2135 286 2179 τὸ
307 2137 412 2180 πολὺ
434 2136 485 2180 τὰ
511 2137 685 2196 μέγιστα
706 2138 861 2197 γίνεται
883 2140 923 2182 ἐν
949 2145 1028 2189 τοῖς
1053 2138 1277 2199 ἀνθρώποις
1298 2138 1385 2181 ἀδι-

149 2204 334 2264 κήματα.
367 2199 430 2251 Οἵ
454 2205 531 2266 γὰρ
566 2206 647 2266 βίος
675 2206 784 2251 ἐστὶν
817 2206 971 2265 ἱκανὸς,
1003 2207 1259 2268 προσπάθεια
1284 2207 1386 2269 πρὸς

1047 175 1050 178 .
1082 137 1436 184 DESCRIPTIO
1471 141 1753 187 GRAEGIAE.

2587 170 2666 206 101

1445 251 1674 300 uariorum,
1709 251 1976 306 propolarum
2009 261 2202 306 quaestuS,
2227 260 2474 309 portitorum
2496 265 2676 316 publica-

1444 324 1596 350 norum
1612 311 1898 364 insuperabilis
1916 312 2098 361 avaritia,
2117 320 2156 351 ct
2175 322 2365 356 extremae
2385 318 2633 372 improbitati
2654 341 2676 365 a

1447 370 1569 424 longo
1600 371 1697 411 inde
1720 379 1905 426 tempore
1929 380 2111 422 assueta3
2148 387 2242 413 nam
2280 378 2487 430 vectigalia
2508 383 2677 435 exigunt

1447 430 1569 470 etiam
1589 431 1643 470 ob
1658 445 1704 470 ea
1719 444 1811 484 quae
1826 430 1879 471 ad
1898 431 2006 485 ipsos
2026 431 2135 485 [non]
2154 431 2375 475 deserenda
2394 446 2502 478 sunt.
2524 442 2677 483 Eorum

1446 490 1615 544 plurimi
1651 492 1780 545 asperi
1824 492 1866 531 in
1912 492 2195 544 congressibus
2233 502 2328 534 sunt
2342 499 2347 504 ’
2361 503 2399 535 et
2435 499 2680 541 cordatiores

1450 545 1558 585 viros
1570 545 1718 585 tollunt
1733 561 1744 592 ;
1765 548 1930 587 Boeotos
1944 555 2181 600 respuentes
2198 558 2324 589 mente
2339 559 2377 589 et
2394 552 2548 593 studiis
2563 557 2683 596 Athe·

1449 600 1610 641 nienses
1629 609 1725 640 sunt
1743 601 1786 640 in
1804 602 1975 642 Boeotia.
1997 603 2059 641 De
2078 602 2154 641 illis
2178 603 2297 644 Xeno
2317 618 2326 644 z

1533 697 1664 729 Omnes
1679 694 1868 736 publicani,
1887 704 2009 729 omnes
2024 699 2106 729 sunt·
2123 699 2291 739 raptores.

1533 751 1642 785 Malus
1657 749 1737 783 finis
1752 750 1795 784 sit
1818 751 1975 791 Oropiis!

1508 829 1548 869 8.
1570 827 1679 868 Hinc
1700 826 1752 867 ad
1783 827 2012 880 Tanagram
2045 826 2174 867 stadia
2206 837 2370 870 centum
2394 833 2573 885 triginta.
2602 836 2684 875 Iter

1449 910 1524 951 per
1542 896 1752 949 regionem
1768 895 1866 935 oleis
1889 896 2088 936 consitam
2111 905 2150 936 et
2179 897 2365 939 silvosam
2385 909 2506 955 atque
2529 904 2640 943 omni
2661 919 2683 943 a

1450 965 1678 1005 latronibus
1699 971 1812 1004 metu
1833 963 2019 1004 liberam.
2038 964 2148 1004 Urbs
2168 973 2302 1006 autem
2316 967 2442 1009 ardua
2458 984 2626 1010 ascensu
2645 981 2684 1012 et
2719 962 2727 968 ’

1451 1034 1493 1072 in
1514 1033 1595 1073 alto
1619 1034 1772 1087 posita3
1797 1032 2013 1086 superficie
2044 1032 2135 1072 alba
2156 1041 2196 1073 et
2224 1035 2445 1087 argillacca,
2464 1037 2683 1079 domorum

1452 1102 1660 1143 vestibulis
1693 1111 1733 1142 et
1762 1101 1932 1156 picturis
1956 1102 2197 1141 encaustieis
2228 1104 2500 1157 pulcherrime
2532 1108 2684 1148 instru-

1452 1175 1537 1222 cta;
1567 1172 1769 1212 fructibus
1794 1171 2105 1220 frumentaceis,
2131 1186 2233 1225 quos
2263 1174 2374 1226 regio
2403 1175 2573 1229 profert,
2600 1192 2683 1218 non

1451 1242 1678 1283 admodum
1702 1241 1933 1291 abundans,
1960 1240 2031 1280 sed
2057 1241 2152 1281 vino
2173 1241 2284 1295 quod
2307 1245 2482 1284 nascitur
2504 1246 2546 1285 in
2566 1248 2682 1286 Boeo·

1451 1313 1507 1351 tia
1529 1311 1683 1366 primas
1705 1319 1864 1350 tenens.
1907 1308 1968 1363 (9)
1996 1309 2145 1349 Incolae
2186 1309 2298 1364 quod
2326 1310 2508 1352 fortunas
2544 1315 2687 1354 attinet

1451 1380 1671 1436 splendidi,
1709 1379 1780 1420 scd
1818 1381 1859 1419 in
1890 1381 2002 1420 victu
2029 1379 2223 1433 cultuque
2253 1381 2364 1435 parci
2401 1389 2509 1420 sunt.
2536 1383 2687 1421 Omnes

1452 1449 1736 1502 agricuhurae,
1772 1463 1855 1488 non
1896 1448 2069 1503 opificiis
2100 1462 2266 1502 operam
2300 1447 2427 1497 dant3
2460 1446 2684 1502 justitiam,

1452 1517 1576 1557 fidem
1603 1526 1724 1571 atque
1753 1517 1920 1571 hospitii
1939 1515 2007 1570 jus
2037 1516 2223 1569 religiose
2246 1515 2489 1565 observant3
2522 1518 2688 1571 popula-

1452 1585 1566 1626 ribus
1583 1586 1665 1625 suis
1681 1586 1818 1638 egenis
1837 1593 1875 1625 et
1888 1585 2112 1639 peregrinis
2128 1585 2248 1624 etiam
2269 1584 2467 1624 mendicis
2484 1585 2686 1638 vagabun-

1453 1653 1515 1693 dis
1532 1668 1658 1708 opum
1679 1668 1847 1694 suarum
1861 1655 1975 1707 quasi
2006 1653 2201 1693 libamina
2218 1652 2398 1692 offerunt
2414 1661 2453 1692 et
2470 1652 2688 1693 liberaliter

1453 1730 1638 1776 erogant,
1654 1722 1704 1762 ab
1723 1723 1837 1762 omni
1857 1721 2035 1775 denique
2053 1722 2161 1775 turpi
2181 1721 2295 1761 lucro
2314 1721 2550 1760 abhorrent.
2569 1721 2689 1761 Nulla

1452 1807 1527 1848 per
1562 1801 1690 1832 totam
1723 1792 1922 1831 Boeotiam
1950 1792 2048 1831 urbs
2082 1799 2156 1840 est,
2194 1791 2236 1830 in
2272 1805 2352 1844 qua
2378 1790 2505 1829 tutius
2531 1791 2689 1844 possint

1453 1862 1702 1902 commorari
1725 1861 1954 1915 peregrini3
1979 1859 2092 1899 adest
2108 1860 2216 1899 enim
2240 1857 2418 1912 rigidum
2441 1866 2481 1897 et
2496 1857 2687 1898 acerbum

1453 1932 1495 1970 in
1520 1930 1731 1985 improbos
1751 1929 1910 1978 odium,
1929 1943 1977 1968 eo
1995 1927 2107 1982 quod
2132 1927 2274 1967 ineolae
2297 1935 2405 1967 sorte
2422 1941 2492 1966 sua
2507 1926 2687 1967 contenti

1453 2000 1592 2039 vivant
1614 2007 1653 2038 et
1677 1998 1886 2038 laboribus
1919 1995 2004 2036 sese
2038 2004 2267 2036 exerceant.
2308 1995 2394 2050 (10)
2417 1996 2558 2048 Neque
2578 1994 2687 2033 enim

1451 2068 1521 2107 ulli
1555 2066 1879 2120 intemperantiae
1904 2066 2039 2117 generi
2078 2064 2138 2103 vel
2168 2064 2385 2102 minimum
2411 2061 2570 2101 deditos
2603 2075 2688 2100 esse

1452 2138 1539 2176 illos
1563 2135 1848 2183 animadverti,
1871 2149 1961 2188 quse
1989 2133 2232 2186 plerumque
2253 2147 2373 2172 causa
2406 2140 2466 2171 est
2489 2131 2687 2170 maximo-

1452 2220 1545 2244 rum
1570 2205 1676 2243 intcr
1709 2203 1896 2242 homines
1933 2201 2146 2239 scelerum.
2171 2201 2275 2239 Nam
2298 2199 2369 2238 ubi
2394 2199 2532 2238 omnia
2556 2196 2607 2237 ad
2627 2197 2686 2234 vi-

150 2360 220 2391 aut
239 2351 358 2406 plane
376 2367 459 2392 non
483 2353 804 2408 interpretanda,
830 2355 997 2394 retineri
1021 2362 1075 2404 et,
1097 2363 1143 2394 ut
1162 2355 1205 2394 in
1230 2355 1386 2394 laciniis

150 2413 254 2454 male
265 2413 448 2464 divulsis,
467 2414 631 2455 defendi
647 2424 795 2470 potest.
821 2436 837 2451 »
862 2416 1174 2458 Wordsvvorth.
1190 2417 1217 2456 l.
1239 2417 1265 2457 l.
1287 2432 1385 2457 con-

143 2475 242 2530 jecit
266 2490 274 2516 :
295 2476 382 2516 σκιὰ
401 2477 554 2529 Θηῧῶν,
599 2498 614 2513 α
640 2478 757 2533 Ιεςοη
781 2478 862 2519 fort
887 2479 1120 2532 ingenieuse
1135 2510 1146 2528 ,
1168 2494 1214 2519 ce
1241 2481 1313 2534 qui
1335 2492 1387 2520 ne

151 2547 246 2578 veut
270 2553 340 2593 pas
362 2539 450 2579 dire
473 2540 617 2593 qu'elle
640 2542 718 2580 soit
753 2541 789 2581 la
813 2541 1006 2581 veritable
1045 2541 1058 2596 (
1080 2544 1302 2591 Letronne,
1328 2545 1384 2592 ΙΙ,

148 2615 191 2655 p.
222 2605 293 2642 161
317 2604 349 2655 ).
375 2621 391 2636 ι»
418 2602 523 2642 Mihi
547 2602 722 2643 dubium
741 2617 826 2642 non
849 2611 933 2651 est,
959 2604 1060 2657 quin
1080 2604 1123 2642 in
1153 2604 1313 2657 vulgata
1330 2604 1387 2644 la-

149 2670 232 2703 teat
259 2661 441 2716 ejusdem
472 2665 630 2717 generis
650 2665 859 2719 epitheton
885 2679 1052 2716 ornans,
1074 2663 1191 2719 cujus
1211 2674 1307 2706 sunt
1325 2681 1387 2706 se-

150 2725 316 2779 quentia
352 2738 361 2765 :
397 2725 621 2780 μεταῧόλων
659 2725 832 2781 ἐργασία,
868 2726 1046 2767 τελωνῶν
1083 2725 1296 2774 πλεονεξία.
1339 2730 1387 2767 In

149 2796 346 2843 promptu
359 2789 484 2843 igitur
496 2797 555 2830 est
570 2788 748 2829 scribere
765 2787 868 2828 αἰκία
892 2789 1016 2841 θητῶν
1034 2788 1048 2845 (
1056 2788 1219 2842 foedum
1241 2790 1390 2841 vulgus

151 2850 500 2900 mercenariorum,
530 2851 746 2905 βαναύσων,
772 2855 950 2906 πονηρῶν
974 2853 1007 2906 ),
1034 2851 1111 2902 vel,
1141 2851 1254 2906 quod
1273 2852 1386 2902 dedi,

152 2912 321 2952 συνοικία
342 2913 482 2965 θητῶν,
523 2912 626 2953 adeo
658 2921 705 2953 ut
732 2913 784 2954 ab
811 2913 963 2954 infimis
985 2913 1213 2969 procedens
1246 2923 1390 2955 auctor

150 2974 229 3014 tria
246 2975 437 3029 nequitiae
457 2974 606 3029 genera
636 2985 853 3027 memoret,
889 2977 1018 3028 θῆτας,
1049 2976 1298 3031 μεταὸόλους,
1334 2993 1391 3017 τε-

92 3063 97 3067 .
151 3034 288 3083 λώνας.
314 3037 329 3090 11
358 3061 414 3087 ,-
430 3037 582 3092 μετα6
596 3037 698 3077 όλω
714 3053 733 3079 ν
768 3038 830 3079 vel
859 3038 1103 3094 μεταὸολέων
1123 3040 1138 3094 ]
1163 3039 1388 3094 μεταῧολῶν

152 3096 302 3147 codex;
321 3113 402 3139 em.
421 3099 666 3154 Stephanus.
691 3101 706 3154 Η
726 3125 782 3130 ——
800 3104 858 3157 τῇ
894 3117 978 3143 πον
991 3117 1013 3153 η
1030 3117 1049 3156 ρ
1062 3102 1072 3141 ι’
1085 3102 1134 3157 ᾳ]
1157 3101 1389 3142 Articulum

152 3159 266 3199 malis
294 3160 447 3202 abesse.
477 3162 494 3215 11
513 3186 569 3192 —
583 3177 605 3202 τ
618 3162 667 3202 ελ
679 3166 786 3203 ωνοῦ
801 3179 847 3203 σι
870 3179 895 3219 γ
908 3163 932 3203 ὰ
940 3180 960 3219 ρ
982 3164 1096 3219 κτλ.]
1125 3184 1142 3199 ι
1161 3165 1236 3205 His
1255 3164 1390 3205 verbis

153 3221 369 3264 Boeckhius
393 3226 455 3265 De
488 3227 719 3267 oeconomia
744 3219 1059 3268 Atheniensium
1088 3242 1132 3282 p.
1167 3227 1248 3276 342
1277 3227 1389 3268 haud

155 3293 411 3338 compertum
429 3301 471 3327 se
493 3287 644 3328 habere
665 3288 872 3343 professus
892 3298 967 3340 est,
985 3298 1127 3330 utrum
1149 3290 1319 3343 vectigal
1346 3291 1389 3330 in

156 3345 334 3387 confinio
350 3348 475 3388 modo
497 3364 521 3390 a
538 3351 690 3391 Boeotis
709 3351 836 3392 modo
858 3352 910 3392 ab
932 3351 1253 3394 Atheniensibus
1276 3367 1389 3392 sum-

154 3415 288 3460 ptum,
309 3423 376 3459 an,
401 3425 529 3465 quum
553 3415 717 3468 Oropus
747 3416 851 3455 mari
873 3429 1038 3470 quoque
1070 3414 1312 3469 adjacuisset
1350 3424 1391 3455 et

153 3483 220 3508 res
231 3483 279 3509 ex
293 3471 447 3513 Euboea
459 3474 555 3514 olim
567 3489 641 3529 per
656 3477 844 3531 Oropum
859 3478 903 3517 in
916 3479 1094 3518 Atticam
1111 3479 1280 3518 invectae
1293 3477 1390 3517 suis-

158 3538 262 3579 sent,
296 3534 560 3585 portitorium
593 3537 865 3589 significatum
899 3539 1036 3578 luerit.
1067 3559 1084 3574 »ι
1120 3541 1257 3580 me.
1294 3541 1387 3593 Ipse

157 3592 335 3632 Fuhrius
355 3603 472 3648 putat
489 3611 558 3636 eos
579 3599 795 3651 portitoria
827 3601 1005 3653 exegisse
1037 3602 1157 3641 etiam
1188 3602 1388 3642 mercium

158 3666 248 3706 quae
266 3652 405 3695 futuro
419 3657 606 3710 tempore'
625 3659 889 3713 importatum
910 3662 960 3701 iri
977 3661 1229 3703 viderentur.
1263 3662 1388 3715 Quod

160 3728 241 3754 non
258 3715 452 3770 intelligo.
475 3719 514 3758 Si
534 3719 634 3773 quid
656 3720 792 3770 video,
809 3721 1029 3775 legendum
1045 3722 1092 3763 τὰ
1108 3723 1150 3763 οὗ
1174 3724 1384 3778 μέλλοντα,

157 3791 248 3831 quae
267 3792 350 3818 non
373 3779 425 3819 ad
455 3780 562 3834 ipsos
590 3782 835 3832 invehenda,
853 3783 925 3824 sed
944 3787 1105 3833 nonnisi
1126 3786 1291 3827 aliunde
1316 3801 1389 3841 per

159 3839 339 3892 ipsorum
363 3849 530 3895 portum
553 3842 953 3893 alio-transvehenda
971 3845 1080 3887 sunt.
1111 3848 1127 3902 ΙΙ
1154 3871 1211 3879 —
1234 3848 1355 3889 ἐπαν
1370 3872 1387 3879 -

161 3900 291 3955 ελόμ.
311 3903 326 3956 ]
357 3901 591 3959 ἐπανελλόμ.
630 3905 775 3946 codex.
821 3907 1032 3948 Jacobsius
1072 3909 1124 3950 ad
1149 3910 1382 3951 Philostrat.

159 3963 213 4012 ΙΙ,
236 3966 259 4012 4
281 3966 400 4005 vertit
429 3979 438 4005 :
469 3966 606 4023 asperi
624 3967 802 4009 homines
823 3969 895 4023 qui
925 3969 1118 4011 absurdis
1136 3972 1388 4012 sermonibus

1458 2351 1707 2392 cordatiores
1730 2358 1910 2390 enecant.
1943 2350 1957 2401 Η
1978 2372 2035 2378 -
2054 2346 2159 2397 Ἀθη
2171 2361 2189 2386 ν
2201 2361 2223 2384 α
2235 2346 2304 2384 fot
2326 2344 2396 2384 εἰσ
2410 2360 2419 2383 ι
2444 2344 2500 2382 Bo
2516 2358 2565 2382 ιω
2578 2358 2599 2382 τ
2611 2358 2631 2382 0
2647 2343 2687 2396 ί]

1457 2415 1520 2456 Cf.
1547 2414 1653 2454 infra
1673 2417 1695 2466 5
1716 2427 1759 2452 11
1784 2426 1792 2452 :
1813 2412 1886 2452 εἰσὶ
1907 2411 1947 2451 δὲ
1972 2409 2162 2462 Ἀθηναῖοι
2178 2408 2342 2448 Βοιωτοί
2366 2406 2631 2462 (Plataeenses
2651 2407 2683 2458 ).

1463 2478 1477 2530 ΙΙ
1523 2501 1579 2507 -—-
1611 2474 1771 2516 Ξένων
1785 2489 1830 2521 ος
1850 2475 1865 2528 ]
1906 2472 2098 2513 Comicus
2130 2468 2294 2510 aliunde
2329 2483 2414 2508 non
2452 2475 2589 2507 notus.
2627 2469 2683 2508 V.

1456 2537 1647 2579 Meineke
1666 2538 1787 2578 Com.
1806 2538 1841 2584 I,
1866 2549 1909 2589 p.
1938 2533 2030 2575 500.
2051 2535 2128 2583 IV,
2152 2546 2195 2587 p.
2228 2531 2322 2584 596.
2466 2538 2471 2543 ’

1514 2604 1536 2653 §
1561 2603 1601 2642 8.
1626 2598 1719 2654 ρλ’]
1739 2599 1795 2639 sic
1814 2597 1967 2646 codex3
1989 2595 2030 2635 λ’
2048 2595 2099 2635 de
2128 2609 2202 2634 suo
2228 2594 2443 2647 scripserat
2462 2591 2686 2631 Vulcanius

1462 2663 1474 2720 (
1498 2665 1606 2704 Hinc
1633 2663 1791 2715 corrige
1815 2662 1845 2701 F
1848 2675 1932 2714 rag.
1965 2659 2061 2700 hist.
2082 2660 2138 2707 II,
2163 2672 2206 2712 p.
2233 2655 2329 2709 257,
2352 2655 2426 2694 lin.
2444 2668 2467 2708 7
2489 2653 2521 2709 )‚
2547 2663 2687 2708 aperto

1458 2741 1626 2776 errore3
1649 2737 1885 2779 quanquam
1919 2722 1996 2763 130
2022 2719 2152 2761 stadia
2173 2732 2309 2759 veram
2331 2717 2516 2757 locorum
2539 2715 2689 2756 distan-

1459 2789 1557 2829 tiam
1577 2787 1805 2843 paullulum
1827 2783 2027 2825 excedant
2045 2782 2059 2838 (
2081 2802 2097 2817 α
2118 2783 2178 2822 La
2196 2780 2378 2820 distanza
2392 2777 2413 2818 ὲ
2428 2793 2486 2818 un
2507 2777 2561 2833 po
2579 2787 2688 2832 trop-

1459 2865 1514 2905 po
1537 2850 1662 2903 lunga
1684 2867 1699 2887 »
1726 2847 1891 2889 Ulrichs
1910 2847 1952 2886 in
1969 2844 2125 2886 Annal.
2153 2843 2247 2883 cIeIl'
2268 2841 2432 2882 istituto
2451 2839 2497 2879 cli
2516 2840 2686 2894 σοιν-ίῳ.

1459 2913 1634 2954 archeol.
1658 2912 1736 2953 vol.
1761 2913 1822 2951 IV
1852 2909 1959 2950 della
1980 2907 2081 2949 serie
2099 2920 2248 2955 nuova,
2279 2906 2399 2954 1848,
2424 2917 2466 2958 p.
2493 2916 2509 2942 1
2534 2905 2564 2955 ).
2594 2902 2608 2955 Η
2634 2926 2690 2932 —

1461 2975 1650 3030 ἐλαιοφ.
1678 2973 1759 3016 καὶ
1784 2973 1863 3013 σύν
1881 2972 2120 3026 δενδρος]
2148 2988 2164 3004 α
2191 2967 2386 3010 L’ultimo
2419 2966 2569 3019 epiteto
2594 2978 2687 3018 rap-

1458 3039 1613 3093 portasi
1628 3038 1703 3079 alle
1720 3036 1864 3078 colline
1881 3034 2034 3075 selvose
2051 3032 2103 3072 da
2123 3029 2324 3071 ambedue
2345 3028 2449 3082 parti
2468 3026 2570 3066 della
2590 3025 2688 3065 valle

1460 3100 1553 3141 dell’
1575 3103 1715 3156 Asopo
1741 3099 1753 3155 (
1774 3097 1874 3139 hod.
1903 3096 1948 3137 τὶ)
1967 3095 2136 3149 Βουριένι
2156 3092 2187 3148 >.
2217 3112 2232 3127 u
2272 3092 2460 3130 Umucus
2484 3088 2510 3127 l.
2536 3088 2562 3127 l.
2595 3089 2609 3140 Η
2633 3112 2689 3118 -

1460 3163 1520 3203 κλ
1535 3164 1643 3203 ώπω
1656 3178 1674 3202 ν
1695 3163 1709 3216 ]
1734 3161 1897 3202 κλωπῶν
1915 3157 2071 3206 ccdex;
2090 3170 2169 3196 em.
2190 3151 2521 3194 Heinstcrhusius
2535 3149 2586 3189 ad
2607 3151 2688 3190 Lu-

1461 3226 1566 3266 cian.
1589 3227 1642 3264 D.
1677 3226 1737 3264 M.
1766 3225 1821 3272 II,
1844 3236 1886 3276 p.
1928 3220 2004 3259 535
2026 3217 2092 3258 ed.
2124 3218 2233 3270 Bip.;
2270 3214 2422 3254 κλοπῶν
2452 3211 2567 3252 editt.
2592 3212 2607 3264 ΙΙ
2633 3235 2689 3243 —-

1461 3286 1628 3328 οἰκιῶν
1659 3288 1673 3341 ]
1696 3285 1805 3339 ἰερῶν
1829 3283 1906 3336 leg.
1929 3295 2013 3321 esse
2032 3286 2148 3333 putat
2169 3275 2374 3317 Ulrichsl.
2399 3274 2426 3314 l.
2458 3288 2500 3328 p.
2524 3278 2564 3312 6.
2595 3274 2610 3326 Η
2633 3297 2689 3304 —-

1461 3349 1623 3405 ἐγκαυμ.
1649 3350 1663 3403 ]
1692 3347 1849 3400 ἐκκαυμ.
1879 3342 2023 3384 codex.
2052 3341 2067 3394 {l
2091 3365 2147 3370 —
2166 3338 2255 3379 ἀνα
2276 3337 2571 3392 θεματικοῖς
2593 3336 2607 3389 ]
2631 3336 2689 3375 sic

1460 3411 1611 3461 codex3
1638 3424 1721 3450 non
1750 3404 2064 3460 ἀναθηματικοῗς.
2096 3403 2111 3456 ΙΙ
2137 3426 2193 3432 —
2215 3398 2287 3440 οἴν
2303 3416 2335 3455 ῳ
2358 3413 2512 3453 πρωτ.
2542 3398 2556 3451 ]
2591 3399 2689 3436 Bac-

1459 3474 1560 3514 chus
1593 3475 1636 3513 in
1660 3471 1796 3512 numis
1817 3469 2150 3521 Tanagraeorum.
2182 3465 2238 3504 V.
2274 3462 2421 3517 Rasch.
2455 3462 2539 3501 Lex
2570 3474 2685 3499 num.

1458 3537 1513 3585 V,
1540 3549 1576 3584 1,
1597 3548 1640 3588 p.
1666 3532 1760 3574 501.

1516 3600 1537 3649 S
1555 3612 1595 3650 9.
1617 3611 1669 3636 στ
1686 3590 2084 3648 ιχοπλανήταις]
2106 3589 2164 3629 sic
2183 3602 2267 3628 non
2300 3586 2432 3626 solum
2466 3583 2558 3624 cod.
2588 3584 2689 3622 Her-

1460 3660 1686 3707 vortianus,
1704 3655 1775 3697 sed
1793 3655 2000 3696 Parisinus
2016 3665 2180 3707 quoque
2195 3666 2206 3701 ;
2222 3648 2423 3703 στειχοπλ.
2439 3646 2573 3686 Vatic.
2592 3645 2683 3681 Vox

1458 3720 1570 3762 haud
1598 3719 1724 3760 dubie
1746 3725 1961 3772 corrupta;
1986 3711 2333 3768 πτωχοπλανήταις
2363 3707 2470 3761 conj.
2496 3704 2684 3752 Casaub.;

1460 3782 1755 3833 οἶκοπλανήταις
1776 3779 2038 3828 Holstenius;
2063 3773 2381 3830 τειχοπλανήταις
2398 3772 2683 3809 Buttmannus.

1459 3848 1546 3899 Ego
1566 3843 1810 3897 conjecerim
1838 3855 1848 3882 t
1875 3837 2209 3889 στιὸοπλανήταις,
2248 3836 2276 3874 i.
2305 3848 2345 3887 q.
2368 3826 2682 3877 ὁδοιπλανήταις,

1459 3908 1530 3962 qui
1554 3907 1593 3946 in
1616 3907 1691 3946 viis
1714 3902 1936 3946 errabundi
1970 3901 2138 3955 degunt.
2166 3900 2180 3951 ΙΙ
2202 3920 2257 3927 -
2275 3890 2559 3945 ἐλευθέρως]
2580 3887 2685 3928 ἐλευ-

1461 3971 1578 4024 θέροις
1601 3967 1694 4009 cod.
1719 3967 1735 4021 ss
1762 3991 1818 3997 ——
1836 3965 1918 4005 αὖθ
1934 3962 2111 4005 ε’καστό
2125 3961 2175 4014 ς]
2198 3955 2408 3998 αὖθέκαστά
2429 3951 2522 3993 cod.
