2756 4354
654 163 732 209 DE
767 139 1074 207 ATHENAEO
1111 162 1238 206 VEL·
1261 162 1526 208 INCERTO
1565 164 1967 210 ATHENlENSE.

50 274 252 319 diximus
288 272 337 316 in
381 269 557 324 Fragm.
605 265 716 308 Hist.
747 273 859 308 torn.
899 262 963 318 ll,
998 278 1043 322 p.
1085 277 1172 317 227
1208 276 1276 320 sq.

20 339 24 342 ⁴
47 348 277 393 Praeterea
305 337 372 389 ¹ad
426 338 751 397 chronologica
802 335 1121 382 attendendum
1165 345 1278 380 erat.

30 410 159 468 ‘Nam
201 434 340 481 quum
388 414 445 461 in*
489 413 754 472 fragmentis
799 410 1106 457 Demetriadis
1149 408 1279 454 urbis

47 497 216 542 mentio
250 495 345 547 fiat,
388 501 432 535 et
468 484 650 535 duobus
687 488 802 532 locis
838 486 1081 548 Posidippi
1116 485 1279 530 comici

46 585 206 616 versus
229 568 442 620 citentur‚
464 563 772 617 Dicaearchus,
796 561 1055 607 Aristotelis
1082 559 1281 619 discipu-

45 647 142 699 lus,
173 643 347 688 etiamsi
383 657 474 686 non
506 651 609 684 ante
634 655 804 683 annum
842 639 930 694 347
957 646 1110 680 natum
1131 650 1279 696 pona-

43 736 171 773 mus,
198 718 385 763 nonnisi
403 725 542 762 senex
563 715 694 760 urbis
718 715 844 759 illius
866 723 910 758 et
933 712 1096 757 comici
1121 711 1278 755 memi-

46 796 170 841 nisse
207 795 378 855 potuit‚
420 803 465 838 et
496 808 553 837 ne
583 807 722 837 senex
757 791 963 851 quidem,
1003 789 1096 833 nisi
1126 803 1279 832 sumas

45 870 282 929 scripsisse
308 884 411 913 eum
435 867 590 928 paullo
623 876 728 928 post
759 865 987 910 conditam
1023 862 1279 908 Demetria-

12 1002 18 1010 .
45 946 145 990 dem
181 955 225 989 et
259 960 418 989 versus
447 944 559 988 istos
592 958 617 987 e
642 942 807 1003 primis
834 941 1077 1001 Posidippi
1114 939 1280 984 fabulis

47 1035 144 1065 esse
175 1019 358 1080 petitos.
402 1017 514 1063 Nam
552 1017 802 1062 Demetrias
838 1016 1023 1060 condita
1061 1025 1129 1059 est
1161 1015 1280 1058 inter

47 1111 190 1140 annos
214 1096 453 1154 294—2873
475 1094 755 1153 Posidippus
787 1107 911 1147 vero,
940 1091 1124 1148 triginta
1152 1089 1279 1133 fabu-

44 1172 192 1216 larum
208 1183 386 1226 auctor,
405 1167 570 1216 docere
587 1169 727 1229 coepit
743 1184 861 1212 anno
877 1169 983 1227 289.
998 1167 1056 1212 At
1068 1167 1278 1227 quisnam

46 1247 292 1292 crediderit
329 1245 664 1302 Dicaearchum,
714 1242 1026 1288 doctissimum
1063 1241 1279 1300 gravissi-

47 1338 262 1381 mumque
288 1321 615 1380 philosophum
638 1329 682 1363 et
703 1318 991 1372 historicum,
1009 1331 1169 1360 canum
1188 1316 1278 1372 jam

48 1406 198 1456 caput,
226 1395 389 1439 comici
413 1404 554 1454 poetae
571 1393 651 1438 vix
671 1403 766 1437 tum
791 1392 1118 1436 innotescentis
1138 1390 1280 1434 versi·

35 1472 162 1523 culis
180 1486 313 1515 usum
331 1474 451 1525 esse,
476 1480 526 1514 ut
554 1469 772 1529 probaret
796 1467 1077 1512 Thessaliam
1104 1477 1280 1526 partem

47 1559 144 1590 esse
162 1545 350 1590 Graeciae
365 1546 384 1589 i>
402 1544 642 1589 Manifesto
664 1543 761 1588 haec
783 1553 958 1588 aetatem
979 1541 1280 1603 posteriorem

47 1630 256 1678 arguunt.
285 1619 414 1664 Adde
438 1619 562 1678 quod
595 1629 689 1663 tota
719 1619 799 1663 illa
827 1618 883 1663 de
902 1617 1140 1680 Thessalia
1158 1617 1282 1663 Grae-

48 1694 130 1738 ciae
146 1694 423 1739 accensenda
444 1694 695 1755 disputatio
719 1709 812 1738 non
832 1703 922 1738 tam
940 1693 1124 1738 doctum
1144 1691 1284 1736 histo-

46 1769 191 1814 ricum
236 1785 369 1829 quam
406 1769 752 1828 grammaticum
806 1769 938 1829 sapit.
975 1767 1067 1813 Nec
1090 1783 1182 1812 non
1227 1766 1283 1811 de

47 1844 235 1890 Boeotiae
273 1845 536 1891 civitatibus
568 1845 793 1900 narratio,
828 1860 1104 1905 quamquam
1144 1843 1284 1887 multa

45 1919 182 1966 habet
202 1937 304 1981 quae
321 1917 460 1966 vnobis
476 1921 572 1981 jam
596 1922 909 1983 acceptissima
931 1921 1140 1976 veniunt,
1165 1936 1191 1965 a
1213 1936 1284 1966 se-

44 2011 166 2043 verae
181 2007 331 2043 tamen
348 1998 552 2043 historiae
569 1999 793 2058 gravitate
812 1997 1043 2056 abhorret,
1066 1997 1284 2042 nimium-

48 2087 136 2132 que
159 2073 365 2133 indulget
382 2075 606 2135 levidensi
622 2075 883 2119 facetiarum
902 2073 1054 2119 studio
1073 2074 1151 2133 (*)‚
1171 2073 1283 2116 adeo

45 2156 97 2191 ut
119 2162 212 2192 non
234 2149 298 2193 ita
333 2149 469 2207 longe
503 2148 622 2194 absit
647 2149 703 2193 ab
726 2149 828 2194 istis
862 2149 1079 2193 itinerum
1107 2147 1284 2192 descri-

45 2223 303 2283 ptionibus,
326 2240 439 2284 quas
453 2224 599 2284 lepidi
617 2224 901 2268 Parisienses
918 2223 967 2266 in
991 2222 1099 2267 imis
1111 2221 1279 2266 diario·

47 2312 148 2341 rum
174 2298 297 2343 foliis
325 2298 578 2357 divulgant.
1233 2304 1237 2311 '

173 2372 360 2416 AEtatem
395 2373 593 2416 auctoris
641 2373 786 2416 nostri
828 2371 1081 2415 accuratius
1116 2371 1283 2414 consti-

48 2458 174 2493 tuere
190 2449 267 2492 vix
284 2448 472 2508 poteris.
489 2447 545 2492 Ni
563 2446 826 2506 conjectura
844 2446 973 2501 fallit,
994 2445 1284 2490 Atheniensis

47 2523 134 2568 iste
152 2523 270 2567 vixit
294 2523 414 2567 inter
438 2539 582 2567 annos
602 2523 807 2566 25o·2oo
826 2538 867 2566 a.
898 2521 981 2565 Ch.

114 2599 188 2655 75.
211 2598 478 2656 Fragmenta
500 2608 657 2642 nostra
679 2598 910 2656 prosaica,
933 2612 1033 2655 quae
1052 2595 1283 2639 breviato·

50 2689 151 2719 rum
176 2683 219 2717 et
238 2673 491 2718 scribarum
518 2673 652 2732 culpa
685 2672 841 2716 multis
860 2673 909 2715 in
927 2672 1041 2715 locis
1065 2687 1223 2715 manca
1243 2681 1286 2714 et

51 2758 269 2808 corrupta
307 2748 449 2792 crisin
483 2746 652 2791 habent
680 2746 1024 2799 difficillimam,
1058 2761 1149 2789 una
1182 2761 1281 2789 cum

51 2825 252 2869 metricis
267 2824 529 2882 fragmentis
545 2826 618 2878 τῆς
634 2824 871 2883 ἀναγραφῆς
888 2825 958 2875 τῆς
976 2820 1176 2871 Ἱῧλλοὶδος
1199 2820 1285 2865 sub

53 2897 303 2944 Dicaearchi
329 2898 515 2942 nomine
537 2898 611 2942 edi
635 2897 797 2942 solent.
820 2896 1052 2941 Editiones
1086 2911 1196 2940 vero
1217 2895 1286 2938 hae

53 2984 156 3018 sunt
182 2991 192 3018 ε
355 3029 357 3031 ‚

121 3066 161 3094 1.
212 3049 466 3092 Dicaearchi
508 3049 813 3108 Geograplzica
859 3049 1066 3105 quaedam
1100 3051 1189 3089 sive
1231 3047 1287 3088 de

26 3178 32 3186 Ι
59 3126 159 3185 Vita
186 3125 372 3167 Groecioe
405 3121 635 3184 (fragm.l
660 3132 704 3167 et
726 3121 795 3166 III
813 3119 846 3184 ).
874 3124 1082 3178 Ejusdem
1118 3123 1287 3164 descri-

49 3204 145 3257 ptio
166 3202 363 3253 Groecioe,
389 3198 586 3267 versibus
605 3201 805 3242 iambicis
830 3200 895 3241 ad
924 3198 1286 3255 Theophrastum,

56 3289 151 3316 cum
181 3278 344 3320 Latina
384 3279 744 3332 interpretatione
780 3285 911 3332 atque
935 3274 1289 3316 annotationibus

57 3352 112 3395 H.
137 3352 361 3408 Stephani,
394 3362 437 3394 et
469 3357 563 3406 ejus
592 3353 807 3407 Dialogo‚
840 3355 915 3407 qui
944 3354 1174 3407 inscriptus
1206 3359 1283 3400 est,

58 3425 312 3467 Dicoearclzi
342 3427 715 3483 Sympractorum,
753 3427 914 3467 additis
937 3428 999 3467 Is.
1041 3425 1290 3468 Casauboni

2464 192 2558 223 [111

1349 266 1715 308 annotationibus.
1734 267 1990 309 Est-cudebat
2012 271 2070 312 H.
2104 271 2347 328 Stephanus
2371 276 2565 340 (Parim).

1355 337 1488 396 1589.
1515 340 1578 385 8⁰.
1603 339 1857 399 Stephanus
1881 355 2023 398 graeca
2059 356 2288 402 acceperat
2309 363 2333 391 a
2367 349 2571 397 Matthaeo

1349 411 1547 458 Buddaeo
1574 414 1588 474 (
1607 430 1653 461 v.
1678 430 1816 475 supra
1835 430 1880 474 p.
1897 417 2023 475 xm).
2042 416 2330 463 Desideratur
2348 425 2570 482 fragmen-

1351 495 1444 530 tum
1480 487 1728 533 iambicum
1753 489 1808 533 de
1832 489 1964 533 Creta
1985 500 2030 533 et
2051 489 2324 549 Cycladibus
2359 495 2573 554 Sporadi.

1348 559 1528 620 busque
1550 562 1732 606 insulis.

1414 650 1460 680 2.
1498 634 1552 678 In
1575 636 1822 680 Hoeschelii
1843 637 2129 697 Geographis
2162 640 2272 683 min.
2296 656 2341 699 p.
2377 644 2458 685 163
2481 660 2576 704 sqq.

1351 708 1566 767 Augustae
1606 709 1949 754 Vindelicorum
1997 727 2069 757 an.
2115 715 2246 757 1600.
2290 715 2334 764 8.
2371 715 2578 763 Hoeschel

1349 787 1526 845 primus
1564 785 1690 830 dedit
1727 786 2027 844 fragmentum
2080 787 2325 832 iambicum
2359 791 2415 836 de
2451 794 2581 839 Creta

1351 860 1606 920 ceterisque
1625 861 1803 905 insulis.
1829 860 1934 905 Haec
1953 861 2094 906 editio
2119 877 2275 907 recusa
2297 876 2363 909 est
2382 883 2392 909 z

1416 937 1458 981 3.
1481 935 1534 979 ln
1558 936 1790 981 Gronovii
1813 936 2050 981 Thesauro
2065 937 2208 997 antiq.
2227 953 2355 996 graec.
2377 943 2579 999 tom.X1‚

1350 1028 1405 1071 p.
1426 1029 1442 1056 1
1469 1028 1570 1071 sqq.
1590 1028 1662 1057 an.
1686 1015 1819 1072 1699.
1847 1013 1925 1060 fol.

1415 1095 1458 1142 4.
1473 1086 1525 1133 ln
1536 1088 1746 1134 Hudsoni
1760 1088 2044 1148 Geographis
2058 1089 2171 1136 min.
2186 1099 2293 1137 tom.
2305 1091 2367 1149 11,
2382 1109 2428 1153 p.
2446 1111 2463 1137 1
2479 1110 2579 1155 sqq.

1353 1179 1423 1207 an.
1457 1167 1595 1220 1703.
1629 1165 1670 1207 8.
1706 1164 1949 1209 Hudsonus
1986 1164 2164 1225 primus
2194 1166 2337 1211 edidit
2361 1168 2583 1227 fragmen-

1352 1248 1445 1283 tum
1470 1238 1517 1284 11
1553 1239 1610 1283 de
1638 1239 1768 1283 Pelio
1800 1251 1981 1296 monte,
2011 1241 2134 1300 quod
2160 1257 2186 1285 a
2223 1242 2433 1289 Fabricio
2457 1261 2581 1291 acce-

1351 1323 1479 1373 perat
1522 1313 1655 1372 (Vid.
1682 1324 1777 1358 not.
1803 1316 1878 1359 ad.
1901 1331 1946 1375 p.
1990 1332 2072 1372 107
2095 1315 2168 1362 ed.
2188 1328 2354 1362 nostrae
2382 1320 2412 1379 ).
2441 1320 2585 1366 Acce-

1351 1389 1419 1433 dit
1436 1389 1661 1435 Dodwelli
1685 1390 1742 1435 de
1766 1391 2029 1436 Dicaearcho
2050 1392 2325 1440 dissertatio.

1417 1465 1461 1509 5.
1518 1465 1572 1510 ln
1622 1466 1915 1512 Zosimadum
1962 1467 2134 1526 Geogr.

1350 1556 1398 1601 p.
1423 1547 1513 1598 479
1536 1557 1635 1600 sqq.
1658 1540 1920 1587 Vindobon.
1951 1543 2137 1597 1806,8.

1417 1618 1462 1661 6.
1482 1619 1730 1661 Dicoearchc·
1750 1621 2038 1677 Peripatetici
2055 1617 2143 1663 Βίο
2156 1637 2174 1669 ς
2203 1618 2452 1671 Ἑλλάδος
2470 1625 2583 1665 alia-

1352 1711 1436 1753 que
1451 1694 1719 1752 fragmenta
1745 1697 2052 1755 Geograplzica
2074 1699 2309 1740 emendata
2330 1707 2462 1755 atque
2483 1701 2582 1746 illu-

1350 1782 1492 1816 strata
1510 1773 1649 1816 edidit
1667 1775 1738 1817 M.
1763 1775 1903 1834 Marx
1924 1772 1972 1818 in
1991 1772 2068 1819 Fr.
2088 1771 2300 1818 Creuzeri
2315 1772 2581 1821 Meletemat.

1352 1847 1405 1896 P.
1426 1846 1513 1906 Ill,
1535 1863 1582 1907 p.
1622 1865 1702 1904 171
1726 1864 1828 1908 sqq.
1855 1848 1980 1908 Lips.
1998 1863 2071 1895 an.
2103 1849 2238 1907 1819.
2265 1849 2310 1895 8.

1420 1941 1460 1979 7.
1491 1924 1749 1986 Δικαιάρχου
1782 1927 1853 1968 τοῦ
1878 1923 2115 1979 Μεσσηνίου
2146 1923 2379 1987 Ἀναγραφὴ
2400 1924 2469 1969 καὶ
2499 1925 2584 1984 βίος

1354 1996 1568 2050 Ἑλλάδος.
1580 1996 1778 2049 εἈννωνος
1790 1998 2010 2060 περίπλους
2023 1999 2110 2043 κτλ.
2122 1997 2189 2060 (V.
2205 2014 2342 2058 supra
2354 2014 2401 2059 p.
2415 1999 2581 2057 xxxn).

1357 2077 1466 2118 Cum
1489 2078 1623 2118 Lucoe
1655 2078 1870 2132 Holstenii
1897 2076 2282 2127 lucubrationibus,
2311 2083 2395 2120 etc.
2428 2073 2502 2120 ed.
2526 2073 2581 2119 G.

1355 2150 1520 2197 Manzi.
1548 2151 1702 2195 Romae
1731 2152 1865 2209 1819.
1896 2158 1937 2203 4.

1419 2228 1462 2272 8.
1494 2230 1527 2269 I
1532 2226 1804 2281 frammenti
1825 2229 1873 2268 cli
1907 2229 2116 2268 Dicearco
2140 2227 2202 2267 da
2232 2226 2443 2276 Messina,
2472 2240 2580 2266 rac-

1354 2304 1456 2344 colti
1462 2305 1521 2343 ed
1537 2305 1743 2344 illustrati
1749 2303 1849 2343 dall
1854 2304 2048 2343 ’avocato
2062 2304 2116 2344 D.
2131 2301 2364 2342 Celidoneo
2374 2301 2572 2349 Errante‚

1354 2376 1421 2417 de’
1440 2378 1607 2416 Bar-oni
1613 2377 1661 2416 di
1672 2378 1716 2414 V
1711 2377 1860 2419 anella
1873 2389 1897 2415 e
1917 2375 2113 2416 Calasia.
2130 2374 2353 2414 Palermo.
2379 2387 2395 2413 1
2406 2372 2509 2413 822.
2533 2372 2577 2413 8.

2200 1470 2314 1514 min.
2378 1480 2488 1518 tom.
2537 1472 2582 1532 I,

1356 2466 1381 2492 2
1408 2459 1514 2493 tom.

1418 2541 1461 2581 9.
1495 2523 1548 2567 In
1583 2522 1725 2567 Gailii
1771 2521 2017 2580 geograph.
2061 2522 2169 2565 min.
2208 2520 2302 2563 vol.
2342 2519 2403 2563 11.
2428 2519 2578 2565 Paris,

1361 2615 1377 2642 1
1389 2600 1495 2642 828.
1520 2599 1564 2643 8.

1425 2691 1495 2720 10.
1524 2678 1591 2717 De
1610 2674 1869 2716 Dicoearclzo
1887 2678 2061 2730 esusque
2075 2674 2284 2730 operibus,
2314 2688 2417 2728 quaa·
2438 2677 2583 2714 inscri-

1359 2753 1516 2794 buntur
1544 2749 1661 2801 Βίος
1704 2747 1984 2803 Ἑλλάδος,
2010 2744 2293 2808 Ἀναγραφὴ
2340 2743 2586 2797 Ἑλλάδος

1357 2831 1529 2883 scripsit
1548 2828 1770 2881 Augustus
1791 2826 2031 2866 Buttmann
2047 2855 2059 2877 ‚
2086 2823 2319 2877 adjunctus
2346 2823 2582 2866 Por-censis.

1358 2902 1604 2958 Numburgi
1629 2896 1782 2958 (1832)
1808 2905 1851 2950 l..

1427 2994 1446 3020 1
1461 2994 1500 3021 1.
1537 2976 1795 3019 Dicaearchi
1819 2976 2029 3018 Messenii
2056 2989 2158 3030 quoe
2172 2982 2401 3030 supersunt
2412 2986 2586 3028 compo-

1359 3058 1463 3107 sita,
1477 3054 1594 3095 edita
1610 3062 1653 3094 et
1668 3054 1884 3093 illustrata
1899 3066 1928 3092 a
1946 3052 2263 3092 Maximiliano
2275 3050 2317 3090 F
2314 3048 2411 3090 uhr.
2422 3051 2587 3090 Darm-

1362 3127 1509 3173 stadii.
1536 3128 1647 3178 1841
1661 3164 1669 3172 .
1695 3128 1737 3169 8.

1490 3202 1723 3260 Leguntur
1759 3201 1846 3244 tria
1892 3209 2047 3244 nostra
2096 3199 2341 3256 fragmenta
2382 3195 2589 3255 prosaica

1362 3280 1497 3324 etiam
1519 3279 1567 3322 in
1594 3278 1768 3335 Fragm.
1792 3276 1956 3319 histor.
1983 3284 2096 3317 tom.
2123 3273 2185 3326 11,
2217 3289 2263 3331 p.
2293 3272 2377 3321 254
2405 3286 2505 3328 sqq.
2532 3269 2586 3312 ad

1363 3356 1527 3400 calcem
1550 3355 1901 3412 fragmentorum
1921 3348 2167 3393 Dicaearchi
2196 3347 2424 3390 Messenii.

109 3562 158 3607 ζ’)
180 3561 349 3598 Mannert
366 3563 469 3610 Vm,
485 3573 524 3611 p.
552 3566 619 3601 193
640 3576 649 3599 ε
671 3576 688 3593 «
715 3562 783 3599 Die
806 3562 1023 3608 Vorwi'irfe,
1046 3561 1191 3599 welche
1214 3570 1299 3597 man
1332 3559 1405 3597 den
1421 3556 1607 3596 Boeotiern
1633 3564 1763 3601 wegen
1786 3553 1885 3591 ihrer
1904 3552 2048 3596 Esslust
2066 3550 2142 3588 und
2162 3559 2290 3597 wegen
2305 3548 2593 3586 Vernaclilaessi-

60 3628 158 3666 gung
177 3616 532 3654 dei-Geisteskuuur
553 3617 717 3662 machte,
740 3617 927 3663 iibergehe
950 3617 1037 3662 ich3
1060 3627 1100 3655 es
1126 3615 1275 3654 maclite
1301 3615 1354 3652 sie
1385 3614 1452 3651 der
1466 3610 1716 3661 gewandtere‚
1732 3610 1802 3647 auf
1820 3609 1945 3646 seinen
1963 3610 2081 3645 etwas
2098 3605 2404 3652 sctiwerfaelligen
2421 3603 2592 3641 Nachbar

58 3674 122 3710 nie
141 3673 207 3719 gut
226 3680 273 3708 zu
296 3670 524 3718 sprechende
543 3671 913 3711 Athenienser.Wer
929 3672 1142 3710 aehnlichen
1160 3670 1404 3708 halbwaliren
1416 3670 1537 3716 Spott‚
1557 3666 1725 3703 welchen
1745 3665 1812 3702 der
1827 3664 1974 3711 witzige
1994 3662 2153 3701 Grieche
2171 3662 2264 3699 iiber
2279 3660 2345 3697 das
2365 3657 2593 3697 Auffallende

62 3727 248 3763 einzelner
268 3725 408 3764 Staedte
427 3736 564 3773 ergoss,
581 3737 628 3764 zu
646 3727 746 3764 lesen
769 3728 958 3773 wiinsclit‚
976 3727 1092 3765 findet
1116 3726 1391 3773 Unterhaltung
1407 3724 1446 3761 iu
1468 3724 1533 3761 der
1549 3722 1691 3760 kurzen
1707 3719 1980 3766 Besclireibung
2009 3718 2147 3766 einiger
2168 3717 2234 3755 der
2254 3715 2486 3762 wichtigsten
2503 3713 2593 3750 orte

61 3781 262 3825 Bwotiens,
284 3779 430 3817 welche
449 3781 560 3817 unter
579 3780 791 3820 Dicaearchs
811 3783 954 3820 Namen
979 3781 1196 3819 voi-handen
1213 3781 1273 3828 ist,
1293 3781 1384 3818 aber
1402 3777 1758 3818 wahrsclieinliclier
1773 3777 1827 3814 als
1850 3776 1917 3814 das
1930 3774 2096 3813 Produkt
2115 3774 2215 3812 eines
2231 3770 2382 3817 ssuclitig
2404 3765 2592 3806 reisenden

62 3834 323 3872 Atheniensers
339 3834 463 3882 gelten
485 3834 596 3872 kann.
623 3850 644 3868 n
