2808 4342
261 171 270 180 .
679 132 719 174 O

160 212 251 253 4³2

224 321 263 354 ο,
298 301 401 350 Ἀπὸ
420 278 670 357 τῆςᾏίρρας
693 289 762 336 ἐπὶ
793 286 842 333 τὸ
862 283 1061 347 Ζεφύριον
1078 306 1140 316 --
1161 278 1290 339 λιμήν
1309 282 1398 327 ἔστι

163 371 235 420 καὶ
255 371 380 418 σάλον
401 369 488 430 ἔχει
511 390 576 401 -
599 360 757 407 στάδιοι
772 356 828 403 u'.

229 457 287 488 ιο.
324 438 424 485 Ἀπὸ
459 438 529 480 τοῦ
571 426 771 491 Ζεφυρίου
804 424 860 475 εἷς
894 418 1094 475 Πεζώνην
1133 417 1291 464 στάδιοι
1325 417 1394 480 ρι’.

165 509 300 558 ’Aah'
331 505 508 554 σταδίων
538 499 691 553 ταύτης
723 490 922 543 nadad&
954 491 1065 546 ἐστι,
1098 487 1172 535 καὶ
1210 488 1400 535 καλεῖται

122 599 142 628 ι
167 575 363 640 Μύρμηξ·
386 573 457 620 καὶ
478 565 758 629 ἀκρωτήριον,
775 561 848 608 καὶ
869 559 1059 607 καλεῖται
1076 560 1288 621 Τραχεῖα.

232 663 285 694 11.
323 641 421 691 Ἀπὸ
445 637 636 691 Πεζώνης
667 634 724 685 εἷς
752 628 911 691 Πνιγία
934 627 1094 675 στάδιοι
1120 627 1171 682 ζ’·
1200 626 1401 690 ἀκρωτή-

170 714 251 777 ριόν
295 715 381 758 ἔστι
407 704 613 753 ταπεινόν·
655 699 822 762 εἰσάγον
864 697 1002 752 δεξιῶς
1036 699 1093 750 εἰς
1124 695 1194 743 τὸν
1231 697 1404 742 πλατα-

201 799 301 827 ωνα.

169 803 200 843 μ
233 866 292 896 12.
324 845 425 894 Ἀπὸ
450 849 522 891 τοῦ
555 840 740 903 Πνιγέως
762 841 819 891 εἰς
839 837 909 885 τὸν
945 829 1223 884 Φοινικοῦντα
1247 834 1406 880 στάδιοι

111 944 148 974 10
172 918 252 982 ρμ’·
276 916 399 973 νησία
423 914 503 960 εἰσὶ
521 912 701 972 Δίδυμα·
726 908 908 973 ὕφορμος
930 906 1001 952 ὑπ’
1020 904 1141 952 αὐτά·
1168 905 1290 967 βάθος
1309 921 1407 967 φορ-

169 993 319 1048 ·ςηγοῖς·
335 984 445 1047 ὕδωρ
463 983 551 1045 ἔχει
572 983 773 1027 λακκαῖον
791 979 833 1023 ἓν
849 980 901 1039 τῇ
925 976 1123 1040 φάραγγι.

235 1072 289 1103 1³.
325 1052 427 1100 Ἀπὸ
445 1054 737 1100 Φοινικοῦντος
755 1046 824 1094 ἐπὶ
840 1045 893 1092 τὰ
909 1044 1098 1107 Ἑρμαῖα
1115 1042 1274 1089 στάδιοι
1293 1041 1341 1097 ζ’·
1365 1042 1413 1087 ἐκ

173 1122 423 1179 δεξιῶν-τὴν
454 1121 585 1184 ἄκραν
620 1119 726 1181 ἔχων
751 1115 934 1179 ὁρμίζου·
970 1113 1080 1176 ὕδωρ
1115 1112 1201 1175 ἔχει
1237 1112 1307 1157 ἐπὶ
1341 1114 1414 1157 τοῦ
1459 1127 1642 1231 h(1311.ss
1672 1122 2009 1183 pmmongoriuffi
2042 1127 2199 1169 habens
2225 1128 2403 1184 „mnu”
2434 1145 2583 1187 uquam
2615 1132 2730 1174 locus

1491 1204 1514 1231 a
1571 1190 1648 1231 tin
1694 1190 1817 1231 turri.

173 1195 348 1256 πύργου.

176 1372 356 1428 position
376 1383 458 1424 que
474 1368 531 1408 les
548 1364 703 1407 Arabes
718 1370 793 1404 ont
806 1361 922 1402 saites
933 1359 1038 1401 dans
1055 1359 1093 1400 la
1108 1357 1424 1399 denomination

178 1433 251 1475 doe
271 1432 397 1473 lieux.
430 1433 574 1483 Quant
595 1426 623 1467 ὰ
651 1426 692 1466 Ia
722 1423 838 1466 roche
865 1421 977 1463 noire
998 1419 1264 1462 ressemblane
1290 1418 1318 1459 ὰ
1349 1433 1426 1460 une

172 1509 306 1552 pean,
330 1507 412 1549 que
432 1491 610 1533 Strabon
641 1487 781 1529 donne
809 1498 972 1526 comme
990 1482 1127 1526 indice
1153 1479 1177 1522 ξι
1196 1480 1362 1529 Derris,
1385 1479 1429 1535 je

179 1557 309 1599 doute
341 1554 512 1611 qu'avec
533 1551 572 1593 le
605 1549 693 1590 seul
721 1560 887 1589 secours
916 1544 970 1586 de
991 1558 1038 1586 ee
1073 1542 1342 1598 signalement
1373 1557 1429 1584 on

180 1618 258 1674 put
276 1617 535 1658 reconnaitre
561 1620 623 1654 cet
654 1610 799 1651 ancien
827 1605 1122 1665 promontoire‚
1139 1605 1315 1661 puisque
1336 1612 1430 1645 tous

182 1681 239 1721 les
257 1692 353 1735 caps
375 1677 428 1719 de
449 1684 556 1718 cette
570 1674 704 1731 partie
722 1671 781 1712 du
796 1669 947 1712 littora!
963 1676 1057 1710 sont
1076 1667 1213 1722 garnis
1238 1666 1431 1721 d'ecueils

183 1743 254 1797 qui
271 1755 370 1783 avec
389 1754 446 1781 un
465 1752 547 1795 peu
568 1735 885 1789 d’imagination
907 1731 1007 1772 dela
1022 1738 1116 1787 part
1132 1728 1191 1771 du
1207 1743 1429 1786 voyageur,

183 1811 363 1861 peuvent
406 1801 598 1857 aequerir
644 1805 751 1839 cette
803 1794 1119 1837 ressemblance.
1157 1810 1174 1831 n
1217 1793 1282 1834 Ct.
1322 1790 1431 1832 idem

216 1896 229 1908 .
254 1868 304 1908 18
326 1873 414 1905 not.

184 1881 214 1923 p
242 1930 267 1980 S
295 1931 337 1970 9.
362 1925 595 1981 Ζεφύριον
616 1923 811 1979 ]Ζέφυρον
827 1922 907 1972 etS
930 1932 981 1960 10
994 1917 1159 1973 Ζεφύρου
1177 1915 1323 1958 codex.
1349 1917 1435 1970 ΙΙ-

189 1989 331 2031 στάδ.
353 1987 419 2043 ν’]
459 1987 671 2028 Numerus
707 1990 947 2038 corruptus.
985 1982 1130 2035 Itaque
1162 1980 1205 2020 in
1238 1980 1320 2020 situ
1356 1979 1435 2020 loci

188 2049 481 2094 constituendo
516 2063 540 2090 a
567 2046 735 2090 Pedone
764 2044 899 2086 insula
934 2040 1303 2099 progrediendum.
1339 2043 1437 2095 Quo

192 2115 316 2164 sacto,
346 2112 599 2169 Zephyrium
615 2118 783 2166 portum
805 2104 1049 2163 ponendum
1074 2113 1245 2164 apparet
1262 2103 1314 2145 ad
1341 2118 1437 2159 pro·

192 2176 449 2218 montorium
477 2171 726 2221 Hammeiee,
757 2168 872 2224 quod
899 2169 1036 2223 ipsum
1062 2181 1233 2222 quoque
1258 2166 1438 2221 Ζεφύριον

194 2246 385 2279 vocatum
409 2235 549 2285 suerit,
581 2246 712 2288 quum
740 2244 895 2271 nomen
917 2227 1029 2270 istud
1058 2228 1112 2269 de
1142 2230 1441 2284 promontoriis

194 2299 383 2340 omnium
399 2297 451 2337 sit
464 2294 859 2350 frequentissimum.
874 2293 937 2333 Eo
955 2305 1087 2346 usque
1103 2304 1127 2331 a
1140 2290 1310 2332 Dresieh
1326 2299 1439 2342 sunt,

195 2362 228 2402 si
246 2373 362 2402 oram
398 2358 543 2412 legeris
558 2388 569 2407 ,
594 2355 648 2398 ad
670 2354 802 2397 stadia
830 2357 924 2404 140,
950 2352 1031 2410 ρμ’.
1055 2354 1179 2395 Hunc
1208 2361 1344 2395 tamen
1365 2368 1442 2395 nu-

196 2435 357 2463 merum
393 2422 435 2462 in
469 2418 505 2459 u'
522 2418 692 2469 abiisse,
723 2431 873 2474 parum
906 2415 1141 2472 probabile,
1166 2430 1215 2457 ae
1244 2414 1442 2471 majorem

196 2485 373 2540 aliquem
396 2482 576 2540 postulat
600 2495 764 2522 summa
789 2479 1020 2521 stadiorum
1058 2478 1179 2521 1550.
1201 2480 1331 2520 Manu
1363 2479 1444 2521 leni

197 2562 274 2603 pro
295 2545 333 2588 u'
353 2546 567 2588 relinxeris
587 2529 666 2600 ρῗρ.
681 2543 806 2599 Apud
834 2542 1104 2587 Ptolemaeum
1124 2541 1236 2583 nulla
1252 2541 1445 2598 zephyr-ii

201 2610 371 2651 mentio.
404 2607 552 2650 Strabo
571 2622 672 2662 vaga
690 2606 817 2647 verba
850 2606 1016 2661 scripsit
1037 2605 1126 2647 haec
1145 2618 1155 2646 ;
1187 2604 1448 2660 Ὀνομάζουσι

200 2672 241 2713 δὲ
268 2673 333 2712 καὶ
354 2671 532 2726 Ζεφύριον
552 2671 621 2712 τὸν
651 2670 817 2722 πλησίον
838 2670 854 2722 (
870 2683 929 2710 sc.
954 2669 1078 2709 Derri
1100 2669 1239 2724 portui
1258 2668 1271 2725 )
1295 2669 1415 2709 τόπον
1435 2682 1445 2709 ;

202 2743 247 2775 ιιι
264 2735 347 2775 lere
375 2742 516 2788 putem
539 2733 669 2787 Δέρριν
693 2732 865 2786 ὕφορμον
881 2738 923 2771 et
943 2730 1122 2786 Ζεφύριον
1144 2729 1284 2786 λιμένα
1303 2731 1448 2771 aStra-

203 2796 312 2837 bone
328 2794 431 2835 male
450 2794 638 2835 contrahi
659 2795 700 2835 in
718 2795 848 2848 Δέρριν
863 2792 1004 2847 λιμένα
1019 2809 1029 2843 ;
1045 2791 1160 2847 quod
1172 2790 1341 2847 quidem
1360 2800 1449 2833 tan-

205 2867 249 2901 to
272 2857 428 2899 facilius
464 2855 639 2905 accidit,
671 2858 703 2895 si
728 2856 908 2910 Ζεφύριον
937 2856 1274 2910 promontorium
1299 2869 1320 2895 a
1351 2869 1453 2895 non-

207 2920 328 2962 nullis
360 2920 487 2974 Δέρρις
513 2917 755 2967 vocabatur,
784 2926 830 2957 ut
862 2916 1002 2956 secisse
1027 2916 1293 2957 Ptolemaeum
1327 2931 1453 2972 supra

207 2982 400 3039 suspicati
421 2994 581 3022 sumus.

264 3047 289 3099 S
320 3048 387 3088 10.
408 3043 442 3085 Π
454 3043 546 3091 εζώ
559 3042 674 3097 νην]
691 3038 806 3083 haud
825 3038 952 3081 dubie
977 3039 1206 3080 scribarum
1225 3054 1365 3081 errore
1378 3055 1455 3095 pro

180 3108 182 3111 ’
209 3107 401 3160 Πηδὼνην
429 3107 445 3159 (
465 3104 654 3146 similiter
671 3117 751 3159 pro
779 3103 802 3143 δ
826 3101 925 3157 legis
943 3104 966 3150 ζ
986 3102 1027 3142 in
1048 3104 1072 3155 S
1096 3104 1167 3155 47,
1190 3101 1261 3142 ubi
1291 3102 1454 3157 Ζαρίνην

210 3167 340 3211 codex
358 3181 436 3224 pro
461 3167 612 3222 Δάρνην
641 3165 706 3207 vel
740 3163 1139 3222 Δάρνιν).1ἀίοηειι
1166 3163 1301 3204 locum
1334 3165 1457 3206 babet

212 3231 479 3274 Itinerarium
502 3244 544 3286 p.
579 3230 659 3284 733
691 3228 938 3271 Ptolemaeus
959 3235 1000 3269 et
1024 3226 1229 3279 Πηδωνίαν
1253 3226 1388 3268 locum
1415 3229 1455 3268 in

215 3293 540 3343 mediterraneiS,
560 3301 602 3333 et
620 3291 827 3344 Πηδωνίαν
848 3290 1022 3332 insulam
1042 3298 1265 3339 memorat;
1291 3290 1332 3330 in
1359 3290 1457 3331 llic·

216 3357 326 3399 rocle
343 3370 387 3413 p.
411 3357 490 3411 734
511 3355 708 3397 scribitur
725 3354 917 3404 Htoavla,
935 3354 1042 3395 sicut
1058 3353 1100 3394 in
1122 3352 1326 3409 Synodion
1348 3354 1460 3394 Gen·

216 3419 328 3461 nadii
362 3418 584 3460 subscribit
615 3417 794 3473 Apollon
823 3416 1022 3464 Πιθανίας.
1059 3413 1184 3471 Apud
1215 3414 1459 3457 Strabonem

218 3496 295 3537 pro
314 3481 486 3521 Πιθωνία
501 3479 564 3522 vel
583 3480 766 3533 Πηδωνία
787 3478 951 3521 codiee·
969 3486 1163 3533 corrupte
1188 3490 1199 3519 :
1217 3477 1383 3518 Σιδωνία
1399 3480 1463 3529 νῆ·

220 3558 285 3591 σος
304 3543 443 3597 λιμένα
466 3541 627 3597 ἔχουσα.
655 3544 672 3596 u
688 3566 745 3574 —
763 3541 855 3584 ἀπὸ
878 3541 1122 3596 σταδίων]
1144 3541 1242 3582 Post
1261 3538 1461 3582 ‹inbenefi-

219 3604 284 3646 dit
315 3618 513 3645 numerus
548 3605 776 3646 stadiorum
815 3605 902 3661 (an
936 3602 1005 3648 c'?
1026 3607 1057 3656 )‚
1096 3602 1249 3658 quibus
1283 3601 1412 3644 insula
1438 3617 1463 3643 a

221 3666 461 3709 continente
489 3666 627 3708 distat.
660 3669 808 3709 Iriarte
833 3674 928 3722 post
963 3679 1105 3707 vocem
1138 3665 1312 3720 Τραχεῒα
1340 3664 1462 3707 babet

226 3728 349 3771 verba
367 3728 478 3769 σταδ.
503 3728 554 3778 ζ’,
577 3729 759 3783 quaeliuc
782 3729 1028 3779 retraheres,
1046 3729 1123 3770 nisi
1140 3728 1325 3770 Millerus
1342 3726 1465 3769 dote-

226 3799 289 3834 ret
307 3791 336 3834 l.
359 3789 392 3835 l.
417 3804 461 3847 p.
498 3791 579 3831 312
604 3791 726 3832 verba
749 3793 858 3832 σταδ.
891 3791 929 3839 ζ’
952 3793 993 3833 in
1012 3791 1156 3833 codice
1179 3805 1262 3833 non
1288 3798 1462 3833 exstare.

228 3854 405 3910 Lapieus
426 3852 547 3894 linxit
563 3853 814 3908 Myrmecem
837 3853 1054 3909 scopulum
1082 3868 1107 3895 a
1122 3853 1289 3895 Pedone
1309 3851 1465 3894 distan-

229 3924 328 3965 tem,
345 3916 377 3956 si
390 3916 523 3969 juaem
536 3928 651 3956 oram
666 3913 912 3970 processeris
924 3947 934 3964 ,
952 3915 1081 3956 stadia
1097 3917 1163 3970 57.
1185 3913 1310 3968 Quod
1333 3927 1465 3970 quum

230 3991 253 4018 a
268 3978 422 4019 Grzecis
449 3977 598 4017 nostris
615 3990 786 4031 prorsus
800 3975 979 4018 alienum
1002 3978 1070 4027 sit,
1094 3979 1231 4019 nescio
1256 3992 1308 4019 nn
1333 3991 1356 4018 e
1372 3978 1468 4018 Pto·

234 4039 375 4080 lemaro
390 4038 626 4094 arripuerit,
644 4037 715 4079 ubi
730 4037 856 4080 codd.
874 4038 1042 4095 plurimi
1056 4041 1279 4081 Pedoninm
1297 4038 1469 4080 insulam

1282 171 1568 223 anonym
2764 0 2808 235 1

1525 292 1568 332 9.
1601 278 1639 318 A
1665 277 1799 318 nem
1818 274 1872 317 ad
1896 274 2150 337 Zepbyrium
2166 297 2224 306 —
2242 280 2387 329 portus
2409 270 2489 323 ibi,
2517 279 2558 313 et
2579 272 2710 324 salum
2776 276 2781 279 '

1472 345 1587 387 locus
1605 341 1731 385 babet
1744 365 1802 375 —
1821 341 1954 383 stadia
1986 354 2066 397 170
2082 342 2174 398 (9⁰⁰
2187 344 2222 397 )‚
2684 385 2687 391 ,

1531 427 1595 457 10.
1628 416 1666 456 Α
1682 410 1889 467 Zephyrio
1902 408 1954 451 ad
1974 408 2170 452 Pedonen
2186 411 2203 461 (
2218 409 2411 464 Πηδώνην
2426 412 2443 464 )
2460 409 2591 452 stadia
2612 424 2629 451 1
2641 424 2709 462 10,
2782 467 2783 470 ¹

1469 481 1534 524 Ibi
1569 480 1742 537 [περ]
1776 478 1829 520 ab
1865 477 1983 520 litore
2019 476 2162 526 stadiis
2195 477 2390 534 scopulus
2426 486 2488 520 eet
2525 480 2717 534 Myrmex

1470 546 1640 588 nomine
1657 553 1698 587 et
1714 545 2051 601 promontorium
2077 541 2193 599 quod
2209 542 2395 585 Tracbea
2409 558 2510 586 acm
2525 555 2715 588 vocatur.

1533 626 1599 655 11.
1631 614 1667 655 A
1686 609 1856 653 Pedone
1873 610 1927 652 ad
1950 611 2150 666 Pnigeum
2169 609 2301 652 stadia
2322 624 2377 665 90
2395 612 2497 669 (103
2518 627 2719 669 promon-
2786 631 2788 634 ·

1473 680 1628 722 torium
1652 687 1714 721 αι
1740 677 1929 730 bumile;
1964 676 2016 719 ad
2042 677 2231 719 dextram
2264 678 2431 720 flectens
2472 678 2643 723 inducas
2677 682 2719 723 in

1474 751 1652 785 tractum
1671 741 1761 783 laevi
1781 739 1904 782 tundi
1926 741 2076 783 saxosi.

1537 821 1603 850 ια.
1624 808 1829 862 APnigeo
1843 805 1896 848 ad
1919 806 2230 850 Pboenicuntem
2249 807 2379 850 stadia
2405 812 2498 858 140,
2525 807 2725 863 [Duobus
2758 812 2763 823 '

1477 875 1532 916 ab
1553 889 1598 916 ω
1617 873 1805 930 stadiis]
1827 873 1970 915 insulae
1984 882 2081 916 sunt
2098 873 2288 931 Didyma:
2304 889 2376 916 seu
2408 875 2627 927 Gesacum
2646 877 2725 920 sub
2740 866 2765 889 *²

1481 941 1531 982 iis
1561 940 1704 991 statim
1740 938 2005 995 profunditas
2038 941 2214 983 navibus
2246 943 2449 985 onerariis
2486 943 2696 986 sufficiens
2710 961 2723 996 3

1482 1019 1505 1047 a
1537 1016 1633 1044 uam
1651 1001 1769 1043 locus
1793 1001 1917 1043 habet
1941 1002 2214 1044 cisterninam
2236 1004 2279 1044 in
2300 1005 2498 1048 convalle.

1546 1078 1563 1106 1
1600 1094 1612 1107 .
1643 1066 1680 1107 A
1702 1064 1976 1107 Phoenicunte
2008 1064 2061 1106 ad
2096 1066 2285 1108 Hermoea
2312 1066 2442 1110 stadia
2471 1083 2526 1124 90
2556 1063 2680 1126 (ψῃ
2705 1084 2728 1112 a

1496 1365 1660 1413 ponunt
1678 1358 1767 1411 59⁰,
1795 1356 1877 1407 30¹,
1896 1371 2027 1412 quum
2043 1356 2228 1399 Pedonia
2242 1357 2358 1399 locus
2371 1359 2423 1400 sit
2437 1358 2508 1413 59⁰
2523 1358 2606 1402 20'.
2621 1359 2730 1416 long.

1497 1421 1634 1462 Locus
1651 1428 1791 1461 noster
1808 1420 1910 1460 situs
1925 1428 1986 1461 est
2001 1434 2084 1461 non
2098 1419 2219 1475 longe
2236 1434 2260 1462 a
2274 1422 2562 1476 promontorio
2580 1422 2735 1478 Haiseh
2796 1447 2798 1449 ·

1497 1496 1689 1523 occasum
1723 1496 1880 1532 versus,
1917 1482 1991 1523 ubi
2017 1481 2103 1524 duo
2131 1483 2311 1539 parvulae
2343 1483 2485 1526 insulae
2512 1493 2735 1539 notantur,

1498 1558 1676 1599 quarum
1706 1544 1832 1586 altera
1858 1545 1998 1586 nescio
2032 1559 2084 1586 an
2111 1559 2235 1601 rupes
2255 1546 2323 1588 sit.
2359 1547 2572 1599 Quaeritur
2602 1556 2738 1589 tamen
2767 1563 2774 1574 ¹

1498 1621 1551 1647 an
1572 1608 1764 1663 Myrmex
1785 1606 1978 1662 scopulus
1998 1621 2022 1648 a
2041 1606 2223 1648 Pedonia
2243 1607 2374 1649 insula
2392 1606 2580 1650 diversus
2599 1609 2737 1661 suerit,

1501 1683 1577 1710 nec
1609 1683 1685 1719 ne;
1719 1668 1819 1710 illud
1842 1669 1979 1724 potius
2000 1668 2183 1720 duxeris,
2207 1670 2241 1711 si
2273 1678 2383 1712 recte
2399 1670 2546 1713 Strabo
2571 1680 2742 1727 portum
2768 1697 2771 1701 ·

1501 1731 1643 1774 insulae
1675 1732 1836 1774 tribuit.
1875 1732 2000 1789 Apud
2036 1734 2235 1775 Nostrum
2273 1743 2419 1790 portus
2442 1735 2504 1777 vel
2555 1737 2742 1778 stationis

1502 1794 1658 1835 mentio
1678 1794 1798 1850 culpa
1822 1795 2076 1850 excerptoris
2101 1795 2162 1836 vel
2185 1795 2341 1836 librarii
2367 1797 2517 1838 omissa
2538 1805 2614 1839 est.
2651 1798 2669 1853 ΙΙ
2687 1821 2745 1830 -

1502 1856 1763 1913 Τραχείἀ]
1789 1857 1943 1912 Τραχέα
1964 1855 2079 1907 cod.;
2098 1871 2180 1899 em.
2207 1857 2364 1899 Hoffm.

1559 1921 1583 1972 S
1608 1932 1674 1961 11.
1691 1919 1756 1960 nv
1770 1920 1914 1975 ιγέα]
1937 1918 2081 1974 Πνιγέα
2099 1921 2235 1975 κώμην
2256 1919 2379 1961 habet
2397 1921 2561 1963 Strabo.
2587 1923 2745 1966 Locum

1506 1996 1591 2022 non
1620 1980 1675 2023 ad
1704 1983 1834 2038 ipsam
1869 1982 1995 2023 maris
2023 1996 2139 2023 oram
2166 1983 2291 2023 situm
2322 1982 2446 2025 fuisse
2468 1998 2492 2025 e
2524 1985 2749 2041 Ptolemaeq

1506 2044 1685 2098 colligas.
1731 2045 1962 2099 Nonaginta
1991 2044 2119 2086 stadia
2153 2044 2313 2087 ducunt
2342 2045 2393 2087 ad
2423 2050 2507 2087 Bas
2535 2048 2745 2099 Tanhoub,

1507 2122 1530 2148 a
1550 2106 1668 2162 cujus
1685 2115 1803 2163 parte
1821 2105 2064 2148 occidentali
2081 2115 2279 2149 notantur
2293 2117 2441 2163 puteus
2458 2117 2499 2150 et
2513 2110 2660 2152 ruinae.
2681 2111 2746 2153 Cf.

1508 2169 1647 2211 Pacbo
1677 2169 1705 2210 l.
1736 2169 1765 2211 l.
1790 2182 1834 2225 p.
1870 2182 1936 2223 17.
1961 2171 1979 2223 ss
2007 2193 2065 2201 —
2093 2168 2339 2226 εἰσάγον]
2363 2169 2519 2226 εἰσάγον
2555 2171 2669 2222 ood.;
2693 2172 2751 2215 cl'.

1508 2231 1723 2287 κατάγους
1750 2234 1817 2281 16,
1848 2233 1918 2280 44,
1939 2231 2034 2272 128.
2070 2231 2088 2285 ΙΙ
2115 2254 2174 2262 —
2191 2230 2418 2287 Πλαταμὼν
2444 2231 2600 2275 dicitur
2627 2235 2754 2276 maris
2805 2237 2808 2284 Ξ

1510 2294 1626 2335 locus
1646 2294 1720 2349 qui
1742 2307 1895 2349 aquam
1913 2306 1998 2334 non
2017 2292 2121 2335 adeo
2138 2292 2277 2345 altam,
2296 2302 2338 2335 et
2356 2294 2400 2335 in
2419 2292 2552 2336 fundo
2565 2308 2752 2338 saxosam
2807 2338 2808 2349 2

1511 2357 1723 2413 planitiem
1738 2356 1885 2407 babet;
1902 2370 2204 2412 nonnunquam
2219 2356 2344 2398 etiam
2358 2355 2412 2398 de
2426 2355 2546 2401 litore
2561 2356 2758 2415 depresso

1513 2434 1561 2460 ac
1582 2418 1683 2460 laevo
1704 2432 1786 2460 vox
1808 2427 2048 2475 usurpatur.
2070 2420 2126 2460 V.
2157 2418 2299 2474 steph.
2330 2418 2450 2461 Thes.
2472 2434 2506 2462 s.
2533 2434 2574 2461 v.
2598 2421 2756 2463 Gailius

1514 2482 1557 2522 in
1582 2481 1744 2536 vulgata
1762 2493 1772 2522 :
1790 2479 1940 2537 εἰςάγον
1964 2480 2066 2525 nibil
2094 2479 2311 2522 offendens
2337 2481 2459 2523 vertit
2481 2494 2492 2523 :
2518 2491 2759 2539 promonto-

1517 2543 1625 2584 rium
1641 2542 1807 2591 lmmile,
1832 2552 1943 2584 recta
1960 2551 2195 2600 porrectum
2218 2542 2262 2584 in
2289 2557 2484 2586 saxosam
2510 2543 2754 2601 planiciem,

1516 2605 1630 2661 quod
1649 2606 1792 2661 graecis
1815 2606 1946 2647 inesse
1973 2606 2133 2661 nequit.
2167 2607 2402 2648 Letronnus
2422 2607 2438 2660 (
2457 2609 2595 2649 Poem.
2617 2621 2753 2661 geogr.

1516 2681 1560 2723 p.
1579 2668 1658 2709 313
1674 2667 1921 2722 >legendum
1934 2667 2221 2723 suspicabatur
2232 2666 2283 2717 εἰς
2294 2668 2544 2721 πλατανῶνα,
2563 2668 2760 2728 inlocum
2803 2678 2808 2679 ⁷

1517 2730 1691 2786 platanis
1712 2731 1934 2772 consitum.

1575 2795 1598 2846 S
1623 2806 1688 2837 ια.
1715 2792 1937 2839 Phoenicus
1951 2800 2112 2848 portus,
2133 2806 2157 2833 a
2171 2792 2333 2848 palmis,
2350 2801 2397 2835 ut
2408 2791 2586 2846 videtur,
2608 2807 2762 2835 nomen
2782 2809 2786 2815 ·

1521 2863 1665 2896 nactus
1682 2863 1723 2896 et
1755 2869 1779 2896 a
1811 2854 2013 2896 Strabone
2034 2863 2075 2896 et
2097 2854 2318 2897 Ptolemaeo
2340 2864 2607 2906 memoratus,
2624 2855 2766 2898 nescio
2803 2871 2805 2875 ·

1521 2933 1574 2959 au
1592 2917 1726 2959 subsit
1752 2918 1873 2958 etiam
1903 2917 2086 2958 Euthicu
2110 2916 2217 2968 loco,
2243 2918 2314 2973 qui
2338 2918 2380 2959 in
2399 2918 2620 2961 Itinerario
2645 2931 2670 2960 a
2687 2920 2768 2960 Pe·

1522 2981 1632 3022 done
1650 2980 1790 3022 abesse
1807 2979 1963 3022 dicitur
1988 2984 2041 3021 26
2058 2980 2237 3022 millibus
2256 2981 2341 3022 sive
2363 2986 2445 3024 206
2465 2980 2632 3033 stadii35
2648 2979 2762 3038 quod

1524 3045 1619 3084 satis
1642 3042 1816 3098 quadrat
1836 3058 1932 3084 cum
1965 3042 2107 3083 stadiis
2132 3045 2235 3093 230,
2262 3058 2354 3099 qua:
2375 3043 2426 3085 ad
2450 3043 2768 3087 Phoenicuntem

1525 3114 1621 3146 sunt
1630 3105 1750 3160 juxta
1759 3120 1873 3146 oram
1889 3106 2152 3146 maritimam.
2169 3105 2426 3147 -Oeterum
2439 3104 2550 3162 apud
2568 3106 2767 3148 Nostrum
2785 3135 2791 3137 >

1526 3168 1724 3222 scriptum
1761 3167 1883 3207 suerit
1915 3181 1962 3208 t..
1988 3168 2136 3208 στάδιοι
2156 3166 2235 3222 ρμῖ
2261 3166 2367 3221 [ἀπὸ
2400 3166 2565 3209 σταδίων
2581 3168 2600 3188 '
2620 3169 2635 3222 J
2654 3168 2768 3221 νησία

1527 3228 1601 3270 εἶσὶ
1625 3229 1709 3270 δύο.
1734 3228 1855 3269 Haud
1872 3230 1983 3269 euim
2008 3230 2048 3269 in
2072 3227 2235 3269 duabus
2265 3229 2406 3270 insulis
2432 3227 2509 3271 suit
2527 3229 2767 3275 Phoenicas.

1533 3293 1549 3346 ss
1568 3291 1820 3346 -Διδύμους
1839 3290 1976 3342 νήσους
1997 3290 2093 3331 alias
2116 3290 2358 3332 Ptolemaeus
2383 3290 2435 3332 ad
2465 3290 2786 3335 Chersonesum-

1529 3366 1695 3408 parvam
1724 3352 1892 3394 collocat
1923 3354 1935 3407 (
1955 3366 1991 3393 v.
2027 3361 2116 3394 not.
2137 3351 2188 3393 ad
2212 3357 2235 3406 §
2259 3367 2293 3394 1.
2312 3353 2343 3403 l,
2375 3353 2474 3395 alias
2492 3362 2696 3397 memorat
2718 3368 2769 3397 ex

1530 3414 1798 3459 Artemidoro
1823 3416 2053 3472 Stephanus
2070 3430 2108 3457 v.
2127 3416 2290 3472 Διδύμη.
2308 3425 2349 3458 ct
2368 3418 2517 3459 Noster
2535 3419 2559 3471 S
2580 3421 2653 3459 161
2679 3418 2695 3471 ΙΙ
2714 3439 2775 3450 -

1532 3478 1708 3533 βάθος]
1732 3477 1848 3532 βαθὺς
1874 3492 1954 3518 scr.
1976 3477 2201 3519 Hoffiuann
2218 3509 2228 3527 ,
2253 3486 2402 3533 pra-ter
2422 3478 2719 3520 necessitatem.
2748 3477 2766 3534 ΙΙ

1529 3564 1587 3572 --
1605 3543 1660 3597 τῇ
1691 3556 1752 3595 φα
1766 3556 1797 3596 ρ.
1825 3541 1838 3596 ]
1857 3545 1914 3596 τῷ
1935 3556 2024 3596 φαρ.
2051 3540 2200 3582 codcx.
2219 3540 2421 3582 Distantia
2442 3538 2670 3582 stadiorum
2695 3542 2786 3590 140.

1531 3610 1642 3643 recte
1655 3602 1828 3643 ducitad
1842 3603 1993 3653 locum,
2011 3603 2082 3645 ubi
2094 3603 2180 3645 duo
2195 3602 2336 3644 insulae
2346 3602 2469 3644 altera
2473 3601 2591 3658 juxta
2604 3601 2771 3644 alteiam
2786 3596 2787 3599 ¹

1532 3674 1708 3714 exstant,
1732 3666 1830 3706 etin
1852 3665 2009 3720 objecta
2031 3667 2269 3708 continente
2288 3666 2419 3707 ruinae
2440 3665 2771 3721 conspiciuntur.

1590 3732 1613 3781 ,ς
1637 3734 1701 3771 13.
1735 3728 1790 3769 τὰ
1816 3726 2062 3785 Ἐρμαΐα]
2083 3730 2142 3770 sic
2165 3728 2207 3770 h.
2229 3728 2257 3770 Ι.
2288 3726 2444 3778 codex3
2466 3730 2490 3781 S
2509 3730 2557 3778 14
2579 3725 2655 3769 ἀπὸ
2686 3724 2776 3782 Ἑρ·

1538 3793 1671 3845 μαῖον,
1712 3790 1781 3831 ubi
1817 3799 1959 3832 contra
1981 3790 2136 3832 codicis
2160 3790 2454 3833 ,auctoritatem
2489 3788 2608 3831 tacite
2629 3788 2778 3830 Iriarto

1536 3853 1648 3893 dedit
1672 3852 1747 3894 dr),
1768 3851 1969 3909 Ἑρμαίου.
1997 3853 2117 3909 Apud
2141 3852 2248 3896 Ptol.
2269 3851 2377 3894 codd
2406 3849 2578 3907 Ἐρμαῖα
2608 3848 2778 3907 Ἐρςωίῡ,

1537 3915 1648 3969 ἄκρα.
1668 3917 1855 3956 Herma-n
1874 3924 1910 3956 et
1932 3915 2371 3972 sequ1211s1mtvigiuli
2389 3913 2520 3956 stadia
2538 3915 2674 3955 Leuce
2686 3919 2777 3955 aete

1539 3977 1590 4019 ad
1626 3981 1709 4018 Bas
1752 3977 1934 4027 Kanais,
1970 3978 2038 4019 cui
2077 3977 2370 4019 Catabathmus
2405 3986 2556 4032 parvus
2591 3972 2772 4030 adjacet,

1541 4040 1765 4095 'wi-tinent.
1800 4040 1942 4095 Scylax
1977 4054 2105 4095 quum
2132 4039 2387 4082 Plintbioum
2411 4038 2548 4080 sinum
2582 4034 2787 4079 extendat
