<?xml version="1.0" encoding="UTF-8"?>
<!DOCTYPE html PUBLIC "-//W3C//DTD XHTML 1.0 Transitional//EN"
    "http://www.w3.org/TR/xhtml1/DTD/xhtml1-transitional.dtd">
<html xmlns="http://www.w3.org/1999/xhtml" xml:lang="en" lang="en">
 <head>
  <title>
</title>
<meta http-equiv="Content-Type" content="text/html;charset=utf-8" />
  <meta name='ocr-system' content='tesseract 3.04.00' />
  <meta name='ocr-capabilities' content='ocr_page ocr_carea ocr_par ocr_line ocrx_word'/>
</head>
<body>
  <div class='ocr_page' id='page_1' title='image "./geographigraeci00mueluoft/geographigraeci00mueluoft_0046.png"; bbox 0 0 2756 4354; ppageno 0'>
   <div class='ocr_carea' id='block_1_1' title="bbox 146 186 546 233">
    <p class='ocr_par' dir='ltr' id='par_1_1' title="bbox 146 186 546 233">
     <span class='ocr_line' id='line_1_1' title="bbox 146 186 546 233; baseline -0.005 -13"><span class='ocrx_word' id='word_1_1' title='bbox 146 186 307 221; x_wconf 77' lang='lat' dir='ltr'>mvl</span> <span class='ocrx_word' id='word_1_2' title='bbox 500 191 546 233; x_wconf 52' lang='grc' dir='ltr'>ρ</span> 
     </span>
    </p>
   </div>
   <div class='ocr_carea' id='block_1_2' title="bbox 1178 161 1650 217">
    <p class='ocr_par' dir='ltr' id='par_1_2' title="bbox 1178 161 1650 217">
     <span class='ocr_line' id='line_1_2' title="bbox 1178 161 1650 217; baseline 0.002 -3"><span class='ocrx_word' id='word_1_3' title='bbox 1178 161 1630 217; x_wconf 71' lang='lat' dir='ltr'><strong>PROLEGOMENA</strong></span> <span class='ocrx_word' id='word_1_4' title='bbox 1639 203 1650 215; x_wconf 90' lang='lat'>.</span> 
     </span>
    </p>
   </div>
   <div class='ocr_carea' id='block_1_3' title="bbox 143 267 2726 411">
    <p class='ocr_par' dir='ltr' id='par_1_3' title="bbox 143 267 2726 411">
     <span class='ocr_line' id='line_1_3' title="bbox 143 267 2691 335; baseline -0.002 -14"><span class='ocrx_word' id='word_1_5' title='bbox 143 274 294 331; x_wconf 88' lang='lat' dir='ltr'>deret,</span> <span class='ocrx_word' id='word_1_6' title='bbox 316 273 523 335; x_wconf 83' lang='lat' dir='ltr'>adeoque</span> <span class='ocrx_word' id='word_1_7' title='bbox 545 273 680 319; x_wconf 88' lang='lat' dir='ltr'>etiam</span> <span class='ocrx_word' id='word_1_8' title='bbox 700 271 937 331; x_wconf 86' lang='lat' dir='ltr'>gemellam</span> <span class='ocrx_word' id='word_1_9' title='bbox 960 270 1082 315; x_wconf 90' lang='lat' dir='ltr'>illam</span> <span class='ocrx_word' id='word_1_10' title='bbox 1107 268 1383 315; x_wconf 79' lang='lat' dir='ltr'>Phoenicum</span> <span class='ocrx_word' id='word_1_11' title='bbox 1445 287 1551 329; x_wconf 80' lang='grc' dir='ltr'><strong>μων,</strong></span> <span class='ocrx_word' id='word_1_12' title='bbox 1562 269 1611 316; x_wconf 88' lang='lat' dir='ltr'>id</span> <span class='ocrx_word' id='word_1_13' title='bbox 1626 270 1690 316; x_wconf 85' lang='lat' dir='ltr'>ita</span> <span class='ocrx_word' id='word_1_14' title='bbox 1705 285 1808 316; x_wconf 89' lang='lat' dir='ltr'>cum</span> <span class='ocrx_word' id='word_1_15' title='bbox 1825 269 2033 316; x_wconf 82' lang='lat' dir='ltr'>Prellero</span> <span class='ocrx_word' id='word_1_16' title='bbox 2052 268 2464 331; x_wconf 86' lang='lat' dir='ltr'>interpretandum,</span> <span class='ocrx_word' id='word_1_17' title='bbox 2486 277 2537 314; x_wconf 94' lang='lat' dir='ltr'>ut</span> <span class='ocrx_word' id='word_1_18' title='bbox 2548 267 2691 315; x_wconf 54' lang='lat' dir='ltr'>atheo</span> 
     </span>
     <span class='ocr_line' id='line_1_4' title="bbox 144 342 2726 411; baseline -0.004 -15"><span class='ocrx_word' id='word_1_19' title='bbox 144 364 230 411; x_wconf 91' lang='lat' dir='ltr'>per</span> <span class='ocrx_word' id='word_1_20' title='bbox 260 363 310 395; x_wconf 85' lang='lat' dir='ltr'>se</span> <span class='ocrx_word' id='word_1_21' title='bbox 330 363 424 395; x_wconf 92' lang='lat' dir='ltr'>non</span> <span class='ocrx_word' id='word_1_22' title='bbox 457 346 809 411; x_wconf 78' lang='lat' dir='ltr'>improbabilem</span> <span class='ocrx_word' id='word_1_23' title='bbox 842 361 941 392; x_wconf 89' lang='lat' dir='ltr'>esse</span> <span class='ocrx_word' id='word_1_24' title='bbox 970 358 1155 390; x_wconf 84' lang='lat' dir='ltr'>censere</span> <span class='ocrx_word' id='word_1_25' title='bbox 1173 342 1377 401; x_wconf 76' lang='lat' dir='ltr'>deberet,</span> <span class='ocrx_word' id='word_1_26' title='bbox 1443 358 1571 391; x_wconf 81' lang='lat' dir='ltr'>naeus</span> <span class='ocrx_word' id='word_1_27' title='bbox 1594 359 1689 391; x_wconf 88' lang='lat' dir='ltr'>rem</span> <span class='ocrx_word' id='word_1_28' title='bbox 1706 345 1867 404; x_wconf 84' lang='lat' dir='ltr'>legerit</span> <span class='ocrx_word' id='word_1_29' title='bbox 1881 343 2002 406; x_wconf 89' lang='lat' dir='ltr'>apud</span> <span class='ocrx_word' id='word_1_30' title='bbox 2025 344 2338 400; x_wconf 85' lang='lat' dir='ltr'>Polemonem,</span> <span class='ocrx_word' id='word_1_31' title='bbox 2356 342 2436 403; x_wconf 90' lang='lat' dir='ltr'>qui</span> <span class='ocrx_word' id='word_1_32' title='bbox 2454 345 2552 403; x_wconf 88' lang='lat' dir='ltr'>ipse</span> <span class='ocrx_word' id='word_1_33' title='bbox 2572 358 2690 391; x_wconf 74' lang='lat' dir='ltr'>usus</span> <span class='ocrx_word' id='word_1_34' title='bbox 2719 382 2726 386; x_wconf 14' lang='grc' dir='ltr'>Α.</span> 
     </span>
    </p>
   </div>
   <div class='ocr_carea' id='block_1_4' title="bbox 123 420 1380 2821">
    <p class='ocr_par' dir='ltr' id='par_1_4' title="bbox 123 420 1380 2821">
     <span class='ocr_line' id='line_1_5' title="bbox 143 420 1380 480; baseline -0.003 -11"><span class='ocrx_word' id='word_1_35' title='bbox 143 435 297 469; x_wconf 87' lang='lat' dir='ltr'>tamen</span> <span class='ocrx_word' id='word_1_36' title='bbox 320 422 576 469; x_wconf 80' lang='lat' dir='ltr'>Herodotea</span> <span class='ocrx_word' id='word_1_37' title='bbox 591 422 669 468; x_wconf 90' lang='lat' dir='ltr'>illa</span> <span class='ocrx_word' id='word_1_38' title='bbox 689 437 781 467; x_wconf 91' lang='lat' dir='ltr'>non</span> <span class='ocrx_word' id='word_1_39' title='bbox 801 421 953 465; x_wconf 90' lang='lat' dir='ltr'>minus</span> <span class='ocrx_word' id='word_1_40' title='bbox 971 433 1106 479; x_wconf 87' lang='lat' dir='ltr'>quam</span> <span class='ocrx_word' id='word_1_41' title='bbox 1130 433 1235 479; x_wconf 78' lang='lat' dir='ltr'>quae</span> <span class='ocrx_word' id='word_1_42' title='bbox 1250 420 1380 480; x_wconf 87' lang='lat' dir='ltr'>paria</span> 
     </span>
     <span class='ocr_line' id='line_1_6' title="bbox 144 492 1378 558; baseline -0.002 -14"><span class='ocrx_word' id='word_1_43' title='bbox 144 497 203 544; x_wconf 89' lang='lat' dir='ltr'>de</span> <span class='ocrx_word' id='word_1_44' title='bbox 225 513 357 557; x_wconf 84' lang='lat' dir='ltr'>mago</span> <span class='ocrx_word' id='word_1_45' title='bbox 378 498 536 558; x_wconf 90' lang='lat' dir='ltr'>aliquo</span> <span class='ocrx_word' id='word_1_46' title='bbox 564 495 825 541; x_wconf 75' lang='lat' dir='ltr'>Heraclides</span> <span class='ocrx_word' id='word_1_47' title='bbox 843 492 1064 538; x_wconf 85' lang='lat' dir='ltr'>Ponticus</span> <span class='ocrx_word' id='word_1_48' title='bbox 1087 505 1378 555; x_wconf 74' lang='lat' dir='ltr'>narraverat,</span> 
     </span>
     <span class='ocr_line' id='line_1_7' title="bbox 144 565 1376 637; baseline -0.003 -18"><span class='ocrx_word' id='word_1_49' title='bbox 144 572 360 637; x_wconf 70' lang='grc' dir='ltr'>ἀμάρτυρα</span> <span class='ocrx_word' id='word_1_50' title='bbox 375 565 480 619; x_wconf 76' lang='grc' dir='ltr'>εἶναι</span> <span class='ocrx_word' id='word_1_51' title='bbox 497 585 757 618; x_wconf 88' lang='lat' dir='ltr'>asseverare</span> <span class='ocrx_word' id='word_1_52' title='bbox 776 567 1194 630; x_wconf 83' lang='lat' dir='ltr'>potuit(Straboll,</span> <span class='ocrx_word' id='word_1_53' title='bbox 1206 586 1255 632; x_wconf 89' lang='lat' dir='ltr'>p.</span> <span class='ocrx_word' id='word_1_54' title='bbox 1273 571 1376 631; x_wconf 84' lang='lat'>98).</span> 
     </span>
     <span class='ocr_line' id='line_1_8' title="bbox 144 643 1377 707; baseline -0.002 -13"><span class='ocrx_word' id='word_1_55' title='bbox 144 648 241 694; x_wconf 80' lang='lat' dir='ltr'>Hoc</span> <span class='ocrx_word' id='word_1_56' title='bbox 265 649 409 694; x_wconf 81' lang='lat' dir='ltr'>doctae</span> <span class='ocrx_word' id='word_1_57' title='bbox 438 644 722 706; x_wconf 78' lang='lat' dir='ltr'>antiquitatis</span> <span class='ocrx_word' id='word_1_58' title='bbox 750 644 1014 691; x_wconf 88' lang='lat' dir='ltr'>testimonio</span> <span class='ocrx_word' id='word_1_59' title='bbox 1034 643 1170 690; x_wconf 85' lang='lat' dir='ltr'>nobis</span> <span class='ocrx_word' id='word_1_60' title='bbox 1194 649 1377 707; x_wconf 87' lang='lat' dir='ltr'>acquie-</span> 
     </span>
     <span class='ocr_line' id='line_1_9' title="bbox 143 718 1380 782; baseline -0.002 -13"><span class='ocrx_word' id='word_1_61' title='bbox 143 722 359 769; x_wconf 88' lang='lat' dir='ltr'>scendum</span> <span class='ocrx_word' id='word_1_62' title='bbox 380 731 463 769; x_wconf 87' lang='lat' dir='ltr'>est.</span> <span class='ocrx_word' id='word_1_63' title='bbox 492 718 620 765; x_wconf 78' lang='lat' dir='ltr'>Haud</span> <span class='ocrx_word' id='word_1_64' title='bbox 643 718 776 764; x_wconf 90' lang='lat' dir='ltr'>aliter</span> <span class='ocrx_word' id='word_1_65' title='bbox 795 734 907 765; x_wconf 86' lang='lat' dir='ltr'>vero</span> <span class='ocrx_word' id='word_1_66' title='bbox 934 719 1071 765; x_wconf 89' lang='lat' dir='ltr'>etiam</span> <span class='ocrx_word' id='word_1_67' title='bbox 1091 718 1149 765; x_wconf 89' lang='lat' dir='ltr'>de</span> <span class='ocrx_word' id='word_1_68' title='bbox 1178 719 1380 782; x_wconf 86' lang='lat' dir='ltr'>Scylacis</span> 
     </span>
     <span class='ocr_line' id='line_1_10' title="bbox 143 793 1378 854; baseline -0.002 -11"><span class='ocrx_word' id='word_1_69' title='bbox 143 796 435 854; x_wconf 72' lang='lat' dir='ltr'>navigatione</span> <span class='ocrx_word' id='word_1_70' title='bbox 452 804 626 840; x_wconf 86' lang='lat' dir='ltr'>veteres</span> <span class='ocrx_word' id='word_1_71' title='bbox 644 793 872 849; x_wconf 80' lang='lat' dir='ltr'>statuisse,</span> <span class='ocrx_word' id='word_1_72' title='bbox 894 794 976 839; x_wconf 83' lang='lat' dir='ltr'>vix</span> <span class='ocrx_word' id='word_1_73' title='bbox 993 803 1063 840; x_wconf 89' lang='lat' dir='ltr'>est</span> <span class='ocrx_word' id='word_1_74' title='bbox 1091 810 1175 840; x_wconf 91' lang='lat' dir='ltr'>cur</span> <span class='ocrx_word' id='word_1_75' title='bbox 1195 810 1378 841; x_wconf 84' lang='lat' dir='ltr'>monea-</span> 
     </span>
     <span class='ocr_line' id='line_1_11' title="bbox 144 867 1376 929; baseline -0.001 -12"><span class='ocrx_word' id='word_1_76' title='bbox 144 883 235 917; x_wconf 87' lang='lat' dir='ltr'>tur.</span> <span class='ocrx_word' id='word_1_77' title='bbox 272 870 519 916; x_wconf 75' lang='lat' dir='ltr'>Alexandri</span> <span class='ocrx_word' id='word_1_78' title='bbox 540 868 693 927; x_wconf 82' lang='lat' dir='ltr'>Magni</span> <span class='ocrx_word' id='word_1_79' title='bbox 716 867 908 915; x_wconf 80' lang='lat' dir='ltr'>comites</span> <span class='ocrx_word' id='word_1_80' title='bbox 923 869 1222 915; x_wconf 89' lang='lat' dir='ltr'>literatissimi</span> <span class='ocrx_word' id='word_1_81' title='bbox 1244 870 1376 929; x_wconf 84' lang='lat' dir='ltr'>igno-</span> 
     </span>
     <span class='ocr_line' id='line_1_12' title="bbox 144 943 1375 991; baseline -0.001 0"><span class='ocrx_word' id='word_1_82' title='bbox 144 956 302 991; x_wconf 89' lang='lat' dir='ltr'>rarunt</span> <span class='ocrx_word' id='word_1_83' title='bbox 324 961 382 991; x_wconf 89' lang='lat' dir='ltr'>an</span> <span class='ocrx_word' id='word_1_84' title='bbox 400 946 556 991; x_wconf 89' lang='lat' dir='ltr'>classis</span> <span class='ocrx_word' id='word_1_85' title='bbox 577 960 632 989; x_wconf 79' lang='lat' dir='ltr'>ex</span> <span class='ocrx_word' id='word_1_86' title='bbox 655 943 769 989; x_wconf 86' lang='lat' dir='ltr'>indo</span> <span class='ocrx_word' id='word_1_87' title='bbox 787 944 836 990; x_wconf 91' lang='lat' dir='ltr'>in</span> <span class='ocrx_word' id='word_1_88' title='bbox 853 945 1005 990; x_wconf 89' lang='lat' dir='ltr'>sinum</span> <span class='ocrx_word' id='word_1_89' title='bbox 1023 944 1259 991; x_wconf 88' lang='lat' dir='ltr'>Persicum</span> <span class='ocrx_word' id='word_1_90' title='bbox 1283 945 1375 990; x_wconf 91' lang='lat' dir='ltr'>de-</span> 
     </span>
     <span class='ocr_line' id='line_1_13' title="bbox 142 1019 1375 1082; baseline 0.001 -17"><span class='ocrx_word' id='word_1_91' title='bbox 142 1021 249 1067; x_wconf 89' lang='lat' dir='ltr'>duci</span> <span class='ocrx_word' id='word_1_92' title='bbox 275 1031 455 1082; x_wconf 85' lang='lat' dir='ltr'>posset,</span> <span class='ocrx_word' id='word_1_93' title='bbox 482 1036 533 1065; x_wconf 90' lang='lat' dir='ltr'>ac</span> <span class='ocrx_word' id='word_1_94' title='bbox 556 1019 788 1065; x_wconf 76' lang='lat' dir='ltr'>Nearchus</span> <span class='ocrx_word' id='word_1_95' title='bbox 809 1020 941 1080; x_wconf 86' lang='lat' dir='ltr'>quasi</span> <span class='ocrx_word' id='word_1_96' title='bbox 960 1020 1052 1065; x_wconf 89' lang='lat' dir='ltr'>diis</span> <span class='ocrx_word' id='word_1_97' title='bbox 1075 1034 1124 1065; x_wconf 91' lang='lat' dir='ltr'>se</span> <span class='ocrx_word' id='word_1_98' title='bbox 1142 1019 1375 1066; x_wconf 84' lang='lat' dir='ltr'>devovens</span> 
     </span>
     <span class='ocr_line' id='line_1_14' title="bbox 139 1094 1376 1154; baseline 0.001 -14"><span class='ocrx_word' id='word_1_99' title='bbox 139 1111 357 1141; x_wconf 90' lang='lat' dir='ltr'>oceanum</span> <span class='ocrx_word' id='word_1_100' title='bbox 391 1096 581 1140; x_wconf 82' lang='lat' dir='ltr'>fortasse</span> <span class='ocrx_word' id='word_1_101' title='bbox 614 1094 974 1154; x_wconf 80' lang='lat' dir='ltr'>innavigabilem</span> <span class='ocrx_word' id='word_1_102' title='bbox 1000 1105 1196 1140; x_wconf 86' lang='lat' dir='ltr'>tentasse</span> <span class='ocrx_word' id='word_1_103' title='bbox 1232 1095 1376 1141; x_wconf 90' lang='lat' dir='ltr'>tradi-</span> 
     </span>
     <span class='ocr_line' id='line_1_15' title="bbox 138 1169 1376 1233; baseline 0.001 -18"><span class='ocrx_word' id='word_1_104' title='bbox 138 1181 211 1216; x_wconf 91' lang='lat' dir='ltr'>tur</span> <span class='ocrx_word' id='word_1_105' title='bbox 227 1169 298 1233; x_wconf 59' lang='grc' dir='ltr'>ζ’).</span> <span class='ocrx_word' id='word_1_106' title='bbox 323 1171 449 1216; x_wconf 80' lang='lat' dir='ltr'>Nihil</span> <span class='ocrx_word' id='word_1_107' title='bbox 473 1170 522 1216; x_wconf 89' lang='lat' dir='ltr'>hi</span> <span class='ocrx_word' id='word_1_108' title='bbox 544 1169 808 1216; x_wconf 89' lang='lat' dir='ltr'>tribuerunt</span> <span class='ocrx_word' id='word_1_109' title='bbox 828 1170 1079 1227; x_wconf 77' lang='lat' dir='ltr'>Herodoto,</span> <span class='ocrx_word' id='word_1_110' title='bbox 1107 1186 1241 1231; x_wconf 89' lang='lat' dir='ltr'>quem</span> <span class='ocrx_word' id='word_1_111' title='bbox 1273 1171 1376 1217; x_wconf 84' lang='lat' dir='ltr'>ficta</span> 
     </span>
     <span class='ocr_line' id='line_1_16' title="bbox 136 1247 1374 1306; baseline -0.002 -12"><span class='ocrx_word' id='word_1_112' title='bbox 136 1262 324 1294; x_wconf 82' lang='lat' dir='ltr'>narrare</span> <span class='ocrx_word' id='word_1_113' title='bbox 342 1247 414 1293; x_wconf 82' lang='lat' dir='ltr'>vel</span> <span class='ocrx_word' id='word_1_114' title='bbox 437 1262 614 1293; x_wconf 89' lang='lat' dir='ltr'>menses</span> <span class='ocrx_word' id='word_1_115' title='bbox 635 1248 712 1292; x_wconf 91' lang='lat' dir='ltr'>isti</span> <span class='ocrx_word' id='word_1_116' title='bbox 731 1247 1036 1306; x_wconf 81' lang='lat' dir='ltr'>navigationis</span> <span class='ocrx_word' id='word_1_117' title='bbox 1052 1252 1232 1305; x_wconf 60' lang='lat' dir='ltr'>triginta</span> <span class='ocrx_word' id='word_1_118' title='bbox 1249 1262 1374 1292; x_wconf 91' lang='lat' dir='ltr'>coar-</span> 
     </span>
     <span class='ocr_line' id='line_1_17' title="bbox 134 1323 1375 1389; baseline -0.001 -18"><span class='ocrx_word' id='word_1_119' title='bbox 134 1335 302 1386; x_wconf 78' lang='lat' dir='ltr'>guunt,</span> <span class='ocrx_word' id='word_1_120' title='bbox 339 1339 614 1389; x_wconf 85' lang='lat' dir='ltr'>quamquam</span> <span class='ocrx_word' id='word_1_121' title='bbox 652 1323 739 1369; x_wconf 89' lang='lat' dir='ltr'>hos</span> <span class='ocrx_word' id='word_1_122' title='bbox 775 1340 877 1369; x_wconf 84' lang='lat' dir='ltr'>cnm</span> <span class='ocrx_word' id='word_1_123' title='bbox 910 1327 1005 1369; x_wconf 74' lang='lat' dir='ltr'>veri</span> <span class='ocrx_word' id='word_1_124' title='bbox 1042 1323 1198 1384; x_wconf 89' lang='lat' dir='ltr'>aliqua</span> <span class='ocrx_word' id='word_1_125' title='bbox 1223 1325 1375 1385; x_wconf 88' lang='lat' dir='ltr'>specie</span> 
     </span>
     <span class='ocr_line' id='line_1_18' title="bbox 134 1398 1372 1463; baseline -0.002 -16"><span class='ocrx_word' id='word_1_126' title='bbox 134 1411 376 1463; x_wconf 84' lang='lat' dir='ltr'>exputasse</span> <span class='ocrx_word' id='word_1_127' title='bbox 402 1399 493 1446; x_wconf 83' lang='lat' dir='ltr'>sibi</span> <span class='ocrx_word' id='word_1_128' title='bbox 524 1401 653 1445; x_wconf 79' lang='lat' dir='ltr'>visus</span> <span class='ocrx_word' id='word_1_129' title='bbox 690 1398 828 1444; x_wconf 82' lang='lat' dir='ltr'>fuerit</span> <span class='ocrx_word' id='word_1_130' title='bbox 863 1399 925 1459; x_wconf 85' lang='lat' dir='ltr'>is,</span> <span class='ocrx_word' id='word_1_131' title='bbox 959 1399 1039 1459; x_wconf 91' lang='lat' dir='ltr'>qui</span> <span class='ocrx_word' id='word_1_132' title='bbox 1065 1398 1228 1444; x_wconf 82' lang='lat' dir='ltr'>Indum</span> <span class='ocrx_word' id='word_1_133' title='bbox 1268 1415 1372 1446; x_wconf 86' lang='lat' dir='ltr'>ver-</span> 
     </span>
     <span class='ocr_line' id='line_1_19' title="bbox 134 1472 1369 1535; baseline -0.004 -12"><span class='ocrx_word' id='word_1_134' title='bbox 134 1492 214 1523; x_wconf 88' lang='lat' dir='ltr'>sus</span> <span class='ocrx_word' id='word_1_135' title='bbox 237 1477 458 1522; x_wconf 81' lang='lat' dir='ltr'>orientem</span> <span class='ocrx_word' id='word_1_136' title='bbox 481 1475 621 1521; x_wconf 84' lang='lat' dir='ltr'>fluere</span> <span class='ocrx_word' id='word_1_137' title='bbox 653 1489 800 1535; x_wconf 89' lang='lat' dir='ltr'>usque</span> <span class='ocrx_word' id='word_1_138' title='bbox 831 1473 887 1519; x_wconf 91' lang='lat' dir='ltr'>ad</span> <span class='ocrx_word' id='word_1_139' title='bbox 925 1484 1175 1519; x_wconf 86' lang='lat' dir='ltr'>extremum</span> <span class='ocrx_word' id='word_1_140' title='bbox 1211 1472 1369 1519; x_wconf 90' lang='lat' dir='ltr'>orbem</span> 
     </span>
     <span class='ocr_line' id='line_1_20' title="bbox 135 1548 1371 1612; baseline -0.001 -16"><span class='ocrx_word' id='word_1_141' title='bbox 135 1562 359 1598; x_wconf 87' lang='lat' dir='ltr'>terrarum</span> <span class='ocrx_word' id='word_1_142' title='bbox 386 1559 584 1612; x_wconf 88' lang='lat' dir='ltr'>putaret.</span> <span class='ocrx_word' id='word_1_143' title='bbox 607 1576 663 1585; x_wconf 90' lang='lat'>—</span> <span class='ocrx_word' id='word_1_144' title='bbox 696 1549 810 1603; x_wconf 80' lang='lat' dir='ltr'>Quae</span> <span class='ocrx_word' id='word_1_145' title='bbox 845 1548 903 1594; x_wconf 90' lang='lat' dir='ltr'>de</span> <span class='ocrx_word' id='word_1_146' title='bbox 940 1548 1072 1594; x_wconf 88' lang='lat' dir='ltr'>lndia</span> <span class='ocrx_word' id='word_1_147' title='bbox 1114 1548 1371 1595; x_wconf 78' lang='lat' dir='ltr'>Herodotus</span> 
     </span>
     <span class='ocr_line' id='line_1_21' title="bbox 133 1625 1367 1687; baseline 0 -14"><span class='ocrx_word' id='word_1_148' title='bbox 133 1626 220 1683; x_wconf 81' lang='grc' dir='ltr'>ΙΙΙ,</span> <span class='ocrx_word' id='word_1_149' title='bbox 235 1628 405 1687; x_wconf 85' lang='grc' dir='ltr'>98-ιο5</span> <span class='ocrx_word' id='word_1_150' title='bbox 426 1636 598 1683; x_wconf 86' lang='lat' dir='ltr'>narrat,</span> <span class='ocrx_word' id='word_1_151' title='bbox 624 1626 663 1671; x_wconf 88' lang='lat' dir='ltr'>si</span> <span class='ocrx_word' id='word_1_152' title='bbox 686 1641 780 1671; x_wconf 83' lang='lat' dir='ltr'>non</span> <span class='ocrx_word' id='word_1_153' title='bbox 801 1626 974 1683; x_wconf 89' lang='lat' dir='ltr'>omnia,</span> <span class='ocrx_word' id='word_1_154' title='bbox 995 1625 1193 1687; x_wconf 89' lang='lat' dir='ltr'>plurima</span> <span class='ocrx_word' id='word_1_155' title='bbox 1210 1626 1367 1673; x_wconf 87' lang='lat' dir='ltr'>saltem</span> 
     </span>
     <span class='ocr_line' id='line_1_22' title="bbox 133 1700 1371 1765; baseline 0 -18"><span class='ocrx_word' id='word_1_156' title='bbox 133 1718 159 1747; x_wconf 92' lang='lat' dir='ltr'>a</span> <span class='ocrx_word' id='word_1_157' title='bbox 180 1703 334 1748; x_wconf 87' lang='lat' dir='ltr'>Persis</span> <span class='ocrx_word' id='word_1_158' title='bbox 356 1703 586 1764; x_wconf 88' lang='lat' dir='ltr'>accepisse</span> <span class='ocrx_word' id='word_1_159' title='bbox 607 1701 813 1756; x_wconf 80' lang='lat' dir='ltr'>videtur,</span> <span class='ocrx_word' id='word_1_160' title='bbox 833 1710 882 1746; x_wconf 92' lang='lat' dir='ltr'>ut</span> <span class='ocrx_word' id='word_1_161' title='bbox 898 1716 955 1747; x_wconf 82' lang='lat' dir='ltr'>ex</span> <span class='ocrx_word' id='word_1_162' title='bbox 971 1700 1128 1747; x_wconf 77' lang='lat' dir='ltr'>verbis</span> <span class='ocrx_word' id='word_1_163' title='bbox 1151 1718 1161 1746; x_wconf 92' lang='lat'><strong>:</strong></span> <span class='ocrx_word' id='word_1_164' title='bbox 1183 1703 1237 1753; x_wconf 81' lang='grc' dir='ltr'>ὡς</span> <span class='ocrx_word' id='word_1_165' title='bbox 1263 1702 1371 1765; x_wconf 84' lang='grc' dir='ltr'><strong>Πέρ-</strong></span> 
     </span>
     <span class='ocr_line' id='line_1_23' title="bbox 131 1776 1371 1840; baseline 0 -17"><span class='ocrx_word' id='word_1_166' title='bbox 131 1795 204 1823; x_wconf 80' lang='grc' dir='ltr'>σαι</span> <span class='ocrx_word' id='word_1_167' title='bbox 222 1776 324 1840; x_wconf 74' lang='grc' dir='ltr'><strong>φασί</strong></span> <span class='ocrx_word' id='word_1_168' title='bbox 347 1776 471 1837; x_wconf 80' lang='lat' dir='ltr'>(lli,</span> <span class='ocrx_word' id='word_1_169' title='bbox 503 1777 620 1837; x_wconf 78' lang='lat'>105)</span> <span class='ocrx_word' id='word_1_170' title='bbox 647 1776 920 1834; x_wconf 84' lang='lat' dir='ltr'>colligimus.</span> <span class='ocrx_word' id='word_1_171' title='bbox 940 1776 1142 1836; x_wconf 87' lang='lat' dir='ltr'>Scylacis</span> <span class='ocrx_word' id='word_1_172' title='bbox 1163 1776 1220 1822; x_wconf 90' lang='lat' dir='ltr'>de</span> <span class='ocrx_word' id='word_1_173' title='bbox 1239 1776 1371 1823; x_wconf 84' lang='lat' dir='ltr'>India</span> 
     </span>
     <span class='ocr_line' id='line_1_24' title="bbox 131 1853 1365 1911; baseline 0 -12"><span class='ocrx_word' id='word_1_174' title='bbox 131 1853 365 1911; x_wconf 87' lang='lat' dir='ltr'>libellum,</span> <span class='ocrx_word' id='word_1_175' title='bbox 398 1856 483 1900; x_wconf 87' lang='lat' dir='ltr'>etsi</span> <span class='ocrx_word' id='word_1_176' title='bbox 511 1854 665 1900; x_wconf 89' lang='lat' dir='ltr'>Carici</span> <span class='ocrx_word' id='word_1_177' title='bbox 704 1853 931 1909; x_wconf 88' lang='lat' dir='ltr'>hominis,</span> <span class='ocrx_word' id='word_1_178' title='bbox 969 1853 1051 1898; x_wconf 82' lang='lat' dir='ltr'>vix</span> <span class='ocrx_word' id='word_1_179' title='bbox 1087 1853 1365 1899; x_wconf 89' lang='lat' dir='ltr'>adhibuerit.</span> 
     </span>
     <span class='ocr_line' id='line_1_25' title="bbox 129 1928 1369 1991; baseline 0.001 -18"><span class='ocrx_word' id='word_1_180' title='bbox 129 1929 331 1975; x_wconf 85' lang='lat' dir='ltr'>Omnino</span> <span class='ocrx_word' id='word_1_181' title='bbox 342 1928 727 1991; x_wconf 80' lang='lat' dir='ltr'>logographorum</span> <span class='ocrx_word' id='word_1_182' title='bbox 746 1928 933 1989; x_wconf 88' lang='lat' dir='ltr'>scriptis</span> <span class='ocrx_word' id='word_1_183' title='bbox 948 1928 1236 1990; x_wconf 86' lang='lat' dir='ltr'>paucissimis</span> <span class='ocrx_word' id='word_1_184' title='bbox 1260 1945 1369 1975; x_wconf 89' lang='lat' dir='ltr'>usus</span> 
     </span>
     <span class='ocr_line' id='line_1_26' title="bbox 130 2003 1367 2065; baseline -0.001 -15"><span class='ocrx_word' id='word_1_185' title='bbox 130 2019 230 2050; x_wconf 90' lang='lat' dir='ltr'>esse</span> <span class='ocrx_word' id='word_1_186' title='bbox 243 2003 456 2061; x_wconf 82' lang='lat' dir='ltr'>videtur3</span> <span class='ocrx_word' id='word_1_187' title='bbox 474 2015 597 2051; x_wconf 87' lang='lat' dir='ltr'>certe</span> <span class='ocrx_word' id='word_1_188' title='bbox 618 2020 760 2065; x_wconf 87' lang='lat' dir='ltr'>quum</span> <span class='ocrx_word' id='word_1_189' title='bbox 780 2019 883 2063; x_wconf 85' lang='lat' dir='ltr'>quae</span> <span class='ocrx_word' id='word_1_190' title='bbox 905 2019 962 2049; x_wconf 80' lang='lat' dir='ltr'>ex</span> <span class='ocrx_word' id='word_1_191' title='bbox 978 2003 1175 2049; x_wconf 88' lang='lat' dir='ltr'>aliorum</span> <span class='ocrx_word' id='word_1_192' title='bbox 1195 2019 1276 2049; x_wconf 90' lang='lat' dir='ltr'>ore</span> <span class='ocrx_word' id='word_1_193' title='bbox 1294 2019 1367 2049; x_wconf 90' lang='lat' dir='ltr'>ac-</span> 
     </span>
     <span class='ocr_line' id='line_1_27' title="bbox 130 2078 1370 2141; baseline 0 -17"><span class='ocrx_word' id='word_1_194' title='bbox 130 2080 320 2141; x_wconf 84' lang='lat' dir='ltr'>ceperit,</span> <span class='ocrx_word' id='word_1_195' title='bbox 337 2079 534 2138; x_wconf 81' lang='lat' dir='ltr'>ingenue</span> <span class='ocrx_word' id='word_1_196' title='bbox 545 2094 725 2139; x_wconf 85' lang='lat' dir='ltr'>semper</span> <span class='ocrx_word' id='word_1_197' title='bbox 743 2080 951 2135; x_wconf 79' lang='lat' dir='ltr'>fateatur,</span> <span class='ocrx_word' id='word_1_198' title='bbox 966 2094 992 2124; x_wconf 89' lang='lat' dir='ltr'>e</span> <span class='ocrx_word' id='word_1_199' title='bbox 1002 2078 1162 2139; x_wconf 80' lang='lat' dir='ltr'>graecis</span> <span class='ocrx_word' id='word_1_200' title='bbox 1173 2080 1370 2125; x_wconf 89' lang='lat' dir='ltr'>auctori-</span> 
     </span>
     <span class='ocr_line' id='line_1_28' title="bbox 130 2154 1367 2215; baseline -0.001 -15"><span class='ocrx_word' id='word_1_201' title='bbox 130 2155 216 2200; x_wconf 86' lang='lat' dir='ltr'>bus</span> <span class='ocrx_word' id='word_1_202' title='bbox 224 2155 407 2200; x_wconf 89' lang='lat' dir='ltr'>nonnisi</span> <span class='ocrx_word' id='word_1_203' title='bbox 421 2170 563 2201; x_wconf 89' lang='lat' dir='ltr'>unum</span> <span class='ocrx_word' id='word_1_204' title='bbox 575 2154 829 2201; x_wconf 69' lang='lat' dir='ltr'>Hecataeum</span> <span class='ocrx_word' id='word_1_205' title='bbox 844 2154 1113 2200; x_wconf 87' lang='lat' dir='ltr'>nominatim</span> <span class='ocrx_word' id='word_1_206' title='bbox 1123 2154 1308 2215; x_wconf 87' lang='lat' dir='ltr'>excitat,</span> <span class='ocrx_word' id='word_1_207' title='bbox 1323 2165 1367 2200; x_wconf 92' lang='lat' dir='ltr'>et</span> 
     </span>
     <span class='ocr_line' id='line_1_29' title="bbox 128 2229 1362 2291; baseline 0.001 -16"><span class='ocrx_word' id='word_1_208' title='bbox 128 2229 251 2276; x_wconf 88' lang='lat' dir='ltr'>hunc</span> <span class='ocrx_word' id='word_1_209' title='bbox 263 2230 410 2275; x_wconf 88' lang='lat' dir='ltr'>solum</span> <span class='ocrx_word' id='word_1_210' title='bbox 429 2230 644 2276; x_wconf 90' lang='lat' dir='ltr'>novimus</span> <span class='ocrx_word' id='word_1_211' title='bbox 661 2231 742 2291; x_wconf 93' lang='lat' dir='ltr'>qui</span> <span class='ocrx_word' id='word_1_212' title='bbox 760 2232 950 2275; x_wconf 84' lang='lat' dir='ltr'>fortasse</span> <span class='ocrx_word' id='word_1_213' title='bbox 960 2230 1096 2275; x_wconf 88' lang='lat' dir='ltr'>etiam</span> <span class='ocrx_word' id='word_1_214' title='bbox 1117 2230 1362 2286; x_wconf 89' lang='lat' dir='ltr'>aliislocis,</span> 
     </span>
     <span class='ocr_line' id='line_1_30' title="bbox 128 2302 1363 2366; baseline 0.002 -17"><span class='ocrx_word' id='word_1_215' title='bbox 128 2302 209 2349; x_wconf 89' lang='lat' dir='ltr'>ubi</span> <span class='ocrx_word' id='word_1_216' title='bbox 242 2305 414 2350; x_wconf 85' lang='lat' dir='ltr'>mentio</span> <span class='ocrx_word' id='word_1_217' title='bbox 440 2305 540 2365; x_wconf 88' lang='lat' dir='ltr'>ejus</span> <span class='ocrx_word' id='word_1_218' title='bbox 581 2320 672 2351; x_wconf 91' lang='lat' dir='ltr'>non</span> <span class='ocrx_word' id='word_1_219' title='bbox 707 2304 936 2365; x_wconf 90' lang='lat' dir='ltr'>injicitur,</span> <span class='ocrx_word' id='word_1_220' title='bbox 972 2303 1160 2351; x_wconf 87' lang='lat' dir='ltr'>subesse</span> <span class='ocrx_word' id='word_1_221' title='bbox 1201 2307 1363 2366; x_wconf 88' lang='lat' dir='ltr'>possit.</span> 
     </span>
     <span class='ocr_line' id='line_1_31' title="bbox 124 2379 1366 2440; baseline 0.002 -15"><span class='ocrx_word' id='word_1_222' title='bbox 124 2381 274 2435; x_wconf 83' lang='lat' dir='ltr'>Quare</span> <span class='ocrx_word' id='word_1_223' title='bbox 300 2381 337 2425; x_wconf 91' lang='lat' dir='ltr'>si</span> <span class='ocrx_word' id='word_1_224' title='bbox 357 2380 467 2440; x_wconf 92' lang='lat' dir='ltr'>quid</span> <span class='ocrx_word' id='word_1_225' title='bbox 485 2380 542 2425; x_wconf 92' lang='lat' dir='ltr'>de</span> <span class='ocrx_word' id='word_1_226' title='bbox 561 2380 698 2426; x_wconf 89' lang='lat' dir='ltr'>rebus</span> <span class='ocrx_word' id='word_1_227' title='bbox 715 2380 888 2425; x_wconf 80' lang='lat' dir='ltr'>Indicis</span> <span class='ocrx_word' id='word_1_228' title='bbox 904 2379 1077 2425; x_wconf 82' lang='lat' dir='ltr'>Graecis</span> <span class='ocrx_word' id='word_1_229' title='bbox 1100 2381 1366 2427; x_wconf 88' lang='lat' dir='ltr'>auctoribus</span> 
     </span>
     <span class='ocr_line' id='line_1_32' title="bbox 126 2455 1364 2512; baseline 0.002 -11"><span class='ocrx_word' id='word_1_230' title='bbox 126 2456 382 2501; x_wconf 80' lang='lat' dir='ltr'>Herodotus</span> <span class='ocrx_word' id='word_1_231' title='bbox 405 2455 563 2512; x_wconf 88' lang='lat' dir='ltr'>debet,</span> <span class='ocrx_word' id='word_1_232' title='bbox 585 2455 632 2501; x_wconf 87' lang='lat' dir='ltr'>id</span> <span class='ocrx_word' id='word_1_233' title='bbox 656 2471 712 2501; x_wconf 85' lang='lat' dir='ltr'>ex</span> <span class='ocrx_word' id='word_1_234' title='bbox 728 2456 887 2501; x_wconf 84' lang='lat' dir='ltr'>eodem</span> <span class='ocrx_word' id='word_1_235' title='bbox 910 2460 1118 2502; x_wconf 83' lang='lat' dir='ltr'>Hecataeo</span> <span class='ocrx_word' id='word_1_236' title='bbox 1134 2473 1364 2504; x_wconf 88' lang='lat' dir='ltr'>assumse-</span> 
     </span>
     <span class='ocr_line' id='line_1_33' title="bbox 127 2532 1362 2593; baseline 0.002 -16"><span class='ocrx_word' id='word_1_237' title='bbox 127 2533 201 2577; x_wconf 88' lang='lat' dir='ltr'>rit.</span> <span class='ocrx_word' id='word_1_238' title='bbox 225 2532 354 2576; x_wconf 86' lang='lat' dir='ltr'>llunc</span> <span class='ocrx_word' id='word_1_239' title='bbox 385 2541 531 2577; x_wconf 90' lang='lat' dir='ltr'>autem</span> <span class='ocrx_word' id='word_1_240' title='bbox 557 2547 802 2593; x_wconf 83' lang='lat' dir='ltr'>usurpasse</span> <span class='ocrx_word' id='word_1_241' title='bbox 824 2533 1027 2592; x_wconf 85' lang='lat' dir='ltr'>Scylacis</span> <span class='ocrx_word' id='word_1_242' title='bbox 1053 2534 1362 2580; x_wconf 85' lang='lat' dir='ltr'>narrationem</span> 
     </span>
     <span class='ocr_line' id='line_1_34' title="bbox 124 2607 1362 2669; baseline 0.001 -17"><span class='ocrx_word' id='word_1_243' title='bbox 124 2607 234 2653; x_wconf 87' lang='lat' dir='ltr'>inde</span> <span class='ocrx_word' id='word_1_244' title='bbox 254 2607 476 2668; x_wconf 88' lang='lat' dir='ltr'>conjicias</span> <span class='ocrx_word' id='word_1_245' title='bbox 499 2609 622 2668; x_wconf 87' lang='lat' dir='ltr'>quod</span> <span class='ocrx_word' id='word_1_246' title='bbox 646 2623 860 2669; x_wconf 87' lang='lat' dir='ltr'>cynaram</span> <span class='ocrx_word' id='word_1_247' title='bbox 899 2608 1099 2669; x_wconf 86' lang='lat' dir='ltr'>plantam</span> <span class='ocrx_word' id='word_1_248' title='bbox 1121 2608 1178 2653; x_wconf 91' lang='lat' dir='ltr'>ad</span> <span class='ocrx_word' id='word_1_249' title='bbox 1198 2609 1362 2654; x_wconf 84' lang='lat' dir='ltr'>indum</span> 
     </span>
     <span class='ocr_line' id='line_1_35' title="bbox 125 2683 1365 2744; baseline 0.001 -15"><span class='ocrx_word' id='word_1_250' title='bbox 125 2683 317 2729; x_wconf 79' lang='lat' dir='ltr'>fluvium</span> <span class='ocrx_word' id='word_1_251' title='bbox 368 2684 490 2729; x_wconf 88' lang='lat' dir='ltr'>nasci</span> <span class='ocrx_word' id='word_1_252' title='bbox 522 2700 547 2729; x_wconf 90' lang='lat' dir='ltr'>e</span> <span class='ocrx_word' id='word_1_253' title='bbox 588 2684 775 2744; x_wconf 82' lang='lat' dir='ltr'>Scylace</span> <span class='ocrx_word' id='word_1_254' title='bbox 807 2694 851 2729; x_wconf 89' lang='lat' dir='ltr'>et</span> <span class='ocrx_word' id='word_1_255' title='bbox 893 2699 950 2729; x_wconf 84' lang='lat' dir='ltr'>ex</span> <span class='ocrx_word' id='word_1_256' title='bbox 987 2684 1193 2730; x_wconf 84' lang='lat' dir='ltr'>llecataeo</span> <span class='ocrx_word' id='word_1_257' title='bbox 1227 2685 1365 2730; x_wconf 79' lang='lat' dir='ltr'>refert</span> 
     </span>
     <span class='ocr_line' id='line_1_36' title="bbox 123 2758 1365 2821; baseline 0 -16"><span class='ocrx_word' id='word_1_258' title='bbox 123 2758 385 2816; x_wconf 63' lang='lat' dir='ltr'>Athenaeus,</span> <span class='ocrx_word' id='word_1_259' title='bbox 408 2760 527 2821; x_wconf 89' lang='lat' dir='ltr'>apud</span> <span class='ocrx_word' id='word_1_260' title='bbox 550 2775 683 2820; x_wconf 89' lang='lat' dir='ltr'>quem</span> <span class='ocrx_word' id='word_1_261' title='bbox 702 2761 740 2806; x_wconf 89' lang='lat' dir='ltr'>si</span> <span class='ocrx_word' id='word_1_262' title='bbox 763 2759 974 2806; x_wconf 88' lang='lat' dir='ltr'>laudatur</span> <span class='ocrx_word' id='word_1_263' title='bbox 998 2758 1163 2813; x_wconf 80' lang='grc' dir='ltr'>Σκύλαξ</span> <span class='ocrx_word' id='word_1_264' title='bbox 1185 2759 1212 2814; x_wconf 77' lang='grc' dir='ltr'>ἢ</span> <span class='ocrx_word' id='word_1_265' title='bbox 1234 2759 1365 2807; x_wconf 78' lang='grc' dir='ltr'>Πολέ-</span> 
     </span>
    </p>
   </div>
   <div class='ocr_carea' id='block_1_5' title="bbox 170 2936 2239 2988">
    <p class='ocr_par' dir='ltr' id='par_1_5' title="bbox 170 2936 2239 2988">
     <span class='ocr_line' id='line_1_37' title="bbox 170 2936 2239 2988; baseline 0 -11"><span class='ocrx_word' id='word_1_266' title='bbox 170 2938 222 2988; x_wconf 71' lang='grc'>(’)</span> <span class='ocrx_word' id='word_1_267' title='bbox 243 2937 303 2978; x_wconf 81' lang='lat' dir='ltr'>Cl.</span> <span class='ocrx_word' id='word_1_268' title='bbox 327 2938 490 2978; x_wconf 77' lang='lat' dir='ltr'>Vincent</span> <span class='ocrx_word' id='word_1_269' title='bbox 512 2936 593 2978; x_wconf 78' lang='lat' dir='ltr'>The</span> <span class='ocrx_word' id='word_1_270' title='bbox 607 2947 825 2978; x_wconf 81' lang='lat' dir='ltr'>commerce</span> <span class='ocrx_word' id='word_1_271' title='bbox 843 2938 931 2978; x_wconf 81' lang='lat' dir='ltr'>and</span> <span class='ocrx_word' id='word_1_272' title='bbox 946 2941 1081 2987; x_wconf 73' lang='lat' dir='ltr'>namq.</span> <span class='ocrx_word' id='word_1_273' title='bbox 1102 2937 1229 2985; x_wconf 77' lang='lat' dir='ltr'>ofthe</span> <span class='ocrx_word' id='word_1_274' title='bbox 1244 2938 1433 2976; x_wconf 72' lang='lat' dir='ltr'>ancletus</span> <span class='ocrx_word' id='word_1_275' title='bbox 1453 2939 1498 2976; x_wconf 82' lang='lat' dir='ltr'>ln</span> <span class='ocrx_word' id='word_1_276' title='bbox 1511 2937 1579 2977; x_wconf 75' lang='lat' dir='ltr'>the</span> <span class='ocrx_word' id='word_1_277' title='bbox 1599 2937 1747 2976; x_wconf 73' lang='lat' dir='ltr'>Indian</span> <span class='ocrx_word' id='word_1_278' title='bbox 1764 2948 1887 2977; x_wconf 74' lang='lat' dir='ltr'>ocean</span> <span class='ocrx_word' id='word_1_279' title='bbox 1915 2939 2009 2977; x_wconf 86' lang='lat' dir='ltr'>tom.</span> <span class='ocrx_word' id='word_1_280' title='bbox 2033 2940 2082 2983; x_wconf 86' lang='lat' dir='ltr'>ll.</span> <span class='ocrx_word' id='word_1_281' title='bbox 2103 2947 2140 2986; x_wconf 86' lang='lat' dir='ltr'>p.</span> <span class='ocrx_word' id='word_1_282' title='bbox 2168 2940 2208 2976; x_wconf 69' lang='grc'>14</span> <span class='ocrx_word' id='word_1_283' title='bbox 2229 2952 2239 2977; x_wconf 73' lang='lat'>2</span> 
     </span>
    </p>
   </div>
   <div class='ocr_carea' id='block_1_6' title="bbox 1440 419 2743 1914">
    <p class='ocr_par' dir='ltr' id='par_1_6' title="bbox 1446 419 2719 485">
     <span class='ocr_line' id='line_1_38' title="bbox 1446 419 2719 485; baseline -0.002 -19"><span class='ocrx_word' id='word_1_284' title='bbox 1446 420 1506 467; x_wconf 89' lang='lat' dir='ltr'>sit</span> <span class='ocrx_word' id='word_1_285' title='bbox 1527 419 1730 482; x_wconf 85' lang='lat' dir='ltr'>Scylacis</span> <span class='ocrx_word' id='word_1_286' title='bbox 1752 420 2017 467; x_wconf 85' lang='lat' dir='ltr'>testimonio</span> <span class='ocrx_word' id='word_1_287' title='bbox 2037 419 2128 485; x_wconf 67' lang='lat'>(⁰).</span> <span class='ocrx_word' id='word_1_288' title='bbox 2715 477 2719 484; x_wconf 93' lang='lat'>.</span> 
     </span>
    </p>

    <p class='ocr_par' dir='ltr' id='par_1_7' title="bbox 1440 491 2743 1914">
     <span class='ocr_line' id='line_1_39' title="bbox 1513 496 2683 559; baseline 0.001 -16"><span class='ocrx_word' id='word_1_289' title='bbox 1513 497 1589 550; x_wconf 66' lang='lat'>108.</span> <span class='ocrx_word' id='word_1_290' title='bbox 1617 497 1823 543; x_wconf 78' lang='lat' dir='ltr'>Alterum</span> <span class='ocrx_word' id='word_1_291' title='bbox 1847 512 1964 559; x_wconf 87' lang='lat' dir='ltr'>opus</span> <span class='ocrx_word' id='word_1_292' title='bbox 1985 496 2152 557; x_wconf 79' lang='lat' dir='ltr'>Scylax</span> <span class='ocrx_word' id='word_1_293' title='bbox 2173 496 2433 558; x_wconf 85' lang='lat' dir='ltr'>composuit</span> <span class='ocrx_word' id='word_1_294' title='bbox 2453 496 2683 558; x_wconf 84' lang='lat' dir='ltr'>periplum</span> 
     </span>
     <span class='ocr_line' id='line_1_40' title="bbox 1450 570 2727 634; baseline -0.001 -15"><span class='ocrx_word' id='word_1_295' title='bbox 1450 573 1591 619; x_wconf 89' lang='lat' dir='ltr'>maris</span> <span class='ocrx_word' id='word_1_296' title='bbox 1608 573 1803 629; x_wconf 88' lang='lat' dir='ltr'>interni,</span> <span class='ocrx_word' id='word_1_297' title='bbox 1822 574 1896 619; x_wconf 90' lang='lat' dir='ltr'>cui</span> <span class='ocrx_word' id='word_1_298' title='bbox 1917 573 2131 634; x_wconf 86' lang='lat' dir='ltr'>adjuncta</span> <span class='ocrx_word' id='word_1_299' title='bbox 2149 573 2339 619; x_wconf 88' lang='lat' dir='ltr'>sortasse</span> <span class='ocrx_word' id='word_1_300' title='bbox 2353 583 2481 619; x_wconf 88' lang='lat' dir='ltr'>erant</span> <span class='ocrx_word' id='word_1_301' title='bbox 2504 589 2606 634; x_wconf 86' lang='lat' dir='ltr'>quae</span> <span class='ocrx_word' id='word_1_302' title='bbox 2628 572 2686 618; x_wconf 90' lang='lat' dir='ltr'>de</span> <span class='ocrx_word' id='word_1_303' title='bbox 2710 570 2727 598; x_wconf 68' lang='lat'>³-</span> 
     </span>
     <span class='ocr_line' id='line_1_41' title="bbox 1449 648 2726 696; baseline 0 -1"><span class='ocrx_word' id='word_1_304' title='bbox 1449 665 1529 696; x_wconf 91' lang='lat' dir='ltr'>ora</span> <span class='ocrx_word' id='word_1_305' title='bbox 1541 660 1668 695; x_wconf 81' lang='lat' dir='ltr'>extra</span> <span class='ocrx_word' id='word_1_306' title='bbox 1682 650 1926 695; x_wconf 76' lang='lat' dir='ltr'>flerculeas</span> <span class='ocrx_word' id='word_1_307' title='bbox 1934 649 2171 695; x_wconf 89' lang='lat' dir='ltr'>columnas</span> <span class='ocrx_word' id='word_1_308' title='bbox 2182 650 2270 695; x_wconf 91' lang='lat' dir='ltr'>sita</span> <span class='ocrx_word' id='word_1_309' title='bbox 2281 651 2584 695; x_wconf 85' lang='lat' dir='ltr'>innotuerant.</span> <span class='ocrx_word' id='word_1_310' title='bbox 2597 648 2684 695; x_wconf 79' lang='lat' dir='ltr'>Me·</span> <span class='ocrx_word' id='word_1_311' title='bbox 2724 660 2726 665; x_wconf 86' lang='lat'>&#39;</span> 
     </span>
     <span class='ocr_line' id='line_1_42' title="bbox 1449 713 2733 786; baseline -0.001 -18"><span class='ocrx_word' id='word_1_312' title='bbox 1449 734 1629 769; x_wconf 88' lang='lat' dir='ltr'>morant</span> <span class='ocrx_word' id='word_1_313' title='bbox 1643 723 1822 781; x_wconf 86' lang='lat' dir='ltr'>Strabo,</span> <span class='ocrx_word' id='word_1_314' title='bbox 1838 724 2083 771; x_wconf 87' lang='lat' dir='ltr'>scholiasta</span> <span class='ocrx_word' id='word_1_315' title='bbox 2101 724 2334 786; x_wconf 73' lang='lat' dir='ltr'>Apollonii</span> <span class='ocrx_word' id='word_1_316' title='bbox 2355 722 2540 779; x_wconf 80' lang='lat' dir='ltr'>Rhodii,</span> <span class='ocrx_word' id='word_1_317' title='bbox 2555 723 2691 778; x_wconf 57' lang='lat' dir='ltr'>Avie2</span> <span class='ocrx_word' id='word_1_318' title='bbox 2727 713 2733 718; x_wconf 43' lang='lat'>⁵</span> 
     </span>
     <span class='ocr_line' id='line_1_43' title="bbox 1447 798 2681 861; baseline 0.002 -18"><span class='ocrx_word' id='word_1_319' title='bbox 1447 813 1552 855; x_wconf 87' lang='lat' dir='ltr'>nus,</span> <span class='ocrx_word' id='word_1_320' title='bbox 1574 798 1830 845; x_wconf 82' lang='lat' dir='ltr'>Marcianus</span> <span class='ocrx_word' id='word_1_321' title='bbox 1846 798 2127 855; x_wconf 65' lang='lat' dir='ltr'>Heracleon,</span> <span class='ocrx_word' id='word_1_322' title='bbox 2148 799 2405 861; x_wconf 85' lang='lat' dir='ltr'>Stephanus</span> <span class='ocrx_word' id='word_1_323' title='bbox 2418 798 2681 860; x_wconf 78' lang='lat' dir='ltr'>Byzantius,</span> 
     </span>
     <span class='ocr_line' id='line_1_44' title="bbox 1447 872 2684 936; baseline 0.002 -18"><span class='ocrx_word' id='word_1_324' title='bbox 1447 872 1618 933; x_wconf 89' lang='lat' dir='ltr'>quibus</span> <span class='ocrx_word' id='word_1_325' title='bbox 1634 873 1740 920; x_wconf 89' lang='lat' dir='ltr'>addi</span> <span class='ocrx_word' id='word_1_326' title='bbox 1757 874 2097 935; x_wconf 86' lang='lat' dir='ltr'>quodammodo</span> <span class='ocrx_word' id='word_1_327' title='bbox 2115 886 2261 936; x_wconf 87' lang='lat' dir='ltr'>potest</span> <span class='ocrx_word' id='word_1_328' title='bbox 2275 875 2483 921; x_wconf 88' lang='lat' dir='ltr'>scholion</span> <span class='ocrx_word' id='word_1_329' title='bbox 2500 884 2684 921; x_wconf 84' lang='lat' dir='ltr'>servato</span> 
     </span>
     <span class='ocr_line' id='line_1_45' title="bbox 1448 946 2686 1012; baseline 0.004 -20"><span class='ocrx_word' id='word_1_330' title='bbox 1448 946 1584 992; x_wconf 89' lang='lat' dir='ltr'>nobis</span> <span class='ocrx_word' id='word_1_331' title='bbox 1596 949 1779 1010; x_wconf 90' lang='lat' dir='ltr'>periplo</span> <span class='ocrx_word' id='word_1_332' title='bbox 1790 949 2215 1010; x_wconf 74' lang='lat' dir='ltr'>Pseudo-Scylaceo</span> <span class='ocrx_word' id='word_1_333' title='bbox 2230 952 2488 1012; x_wconf 66' lang='lat' dir='ltr'>praefixum.</span> <span class='ocrx_word' id='word_1_334' title='bbox 2507 951 2686 1005; x_wconf 82' lang='lat' dir='ltr'>Quodsi</span> 
     </span>
     <span class='ocr_line' id='line_1_46' title="bbox 1444 1021 2687 1087; baseline 0.004 -20"><span class='ocrx_word' id='word_1_335' title='bbox 1444 1021 1722 1071; x_wconf 88' lang='lat' dir='ltr'>Niebubrius</span> <span class='ocrx_word' id='word_1_336' title='bbox 1744 1032 1789 1068; x_wconf 93' lang='lat' dir='ltr'>et</span> <span class='ocrx_word' id='word_1_337' title='bbox 1810 1022 1891 1068; x_wconf 90' lang='lat' dir='ltr'>alii</span> <span class='ocrx_word' id='word_1_338' title='bbox 1912 1024 2125 1069; x_wconf 87' lang='lat' dir='ltr'>nonnulli</span> <span class='ocrx_word' id='word_1_339' title='bbox 2149 1034 2367 1085; x_wconf 85' lang='lat' dir='ltr'>putarunt</span> <span class='ocrx_word' id='word_1_340' title='bbox 2386 1025 2507 1071; x_wconf 89' lang='lat' dir='ltr'>hunc</span> <span class='ocrx_word' id='word_1_341' title='bbox 2528 1026 2687 1087; x_wconf 81' lang='lat' dir='ltr'>Scyla-</span> 
     </span>
     <span class='ocr_line' id='line_1_47' title="bbox 1445 1097 2736 1159; baseline 0.004 -18"><span class='ocrx_word' id='word_1_342' title='bbox 1445 1112 1540 1142; x_wconf 90' lang='lat' dir='ltr'>cem</span> <span class='ocrx_word' id='word_1_343' title='bbox 1566 1113 1590 1142; x_wconf 91' lang='lat' dir='ltr'>a</span> <span class='ocrx_word' id='word_1_344' title='bbox 1617 1097 1746 1143; x_wconf 89' lang='lat' dir='ltr'>Darii</span> <span class='ocrx_word' id='word_1_345' title='bbox 1770 1097 2012 1159; x_wconf 81' lang='lat' dir='ltr'>Hystaspis</span> <span class='ocrx_word' id='word_1_346' title='bbox 2037 1098 2203 1159; x_wconf 84' lang='lat' dir='ltr'>aequali</span> <span class='ocrx_word' id='word_1_347' title='bbox 2230 1098 2468 1146; x_wconf 85' lang='lat' dir='ltr'>diversum</span> <span class='ocrx_word' id='word_1_348' title='bbox 2495 1115 2619 1157; x_wconf 87' lang='lat' dir='ltr'>esse,</span> <span class='ocrx_word' id='word_1_349' title='bbox 2641 1111 2686 1147; x_wconf 89' lang='lat' dir='ltr'>et</span> <span class='ocrx_word' id='word_1_350' title='bbox 2732 1117 2736 1138; x_wconf 64' lang='grc' dir='ltr'>ε</span> 
     </span>
     <span class='ocr_line' id='line_1_48' title="bbox 1445 1171 2682 1236; baseline 0.004 -19"><span class='ocrx_word' id='word_1_351' title='bbox 1445 1171 1547 1218; x_wconf 89' lang='lat' dir='ltr'>Phil</span> <span class='ocrx_word' id='word_1_352' title='bbox 1556 1173 1651 1234; x_wconf 85' lang='lat' dir='ltr'>ippi</span> <span class='ocrx_word' id='word_1_353' title='bbox 1667 1172 1849 1219; x_wconf 88' lang='lat' dir='ltr'>demum</span> <span class='ocrx_word' id='word_1_354' title='bbox 1862 1171 2124 1219; x_wconf 83' lang='lat' dir='ltr'>Macedonis</span> <span class='ocrx_word' id='word_1_355' title='bbox 2137 1171 2421 1233; x_wconf 89' lang='lat' dir='ltr'>temporibus</span> <span class='ocrx_word' id='word_1_356' title='bbox 2431 1189 2536 1221; x_wconf 90' lang='lat' dir='ltr'>eum</span> <span class='ocrx_word' id='word_1_357' title='bbox 2548 1190 2682 1236; x_wconf 84' lang='lat' dir='ltr'>quem</span> 
     </span>
     <span class='ocr_line' id='line_1_49' title="bbox 1444 1246 2684 1311; baseline 0.003 -18"><span class='ocrx_word' id='word_1_358' title='bbox 1444 1246 1666 1294; x_wconf 89' lang='lat' dir='ltr'>habemus</span> <span class='ocrx_word' id='word_1_359' title='bbox 1699 1249 1928 1310; x_wconf 90' lang='lat' dir='ltr'>periplum</span> <span class='ocrx_word' id='word_1_360' title='bbox 1949 1249 2189 1310; x_wconf 88' lang='lat' dir='ltr'>scripsisse</span> <span class='ocrx_word' id='word_1_361' title='bbox 2214 1266 2225 1293; x_wconf 73' lang='grc' dir='ltr'>ε</span> <span class='ocrx_word' id='word_1_362' title='bbox 2253 1248 2444 1295; x_wconf 87' lang='lat' dir='ltr'>minime</span> <span class='ocrx_word' id='word_1_363' title='bbox 2475 1251 2523 1295; x_wconf 91' lang='lat' dir='ltr'>in</span> <span class='ocrx_word' id='word_1_364' title='bbox 2545 1249 2684 1311; x_wconf 84' lang='lat' dir='ltr'>hujus</span> 
     </span>
     <span class='ocr_line' id='line_1_50' title="bbox 1446 1322 2738 1387; baseline 0.002 -19"><span class='ocrx_word' id='word_1_365' title='bbox 1446 1324 1591 1370; x_wconf 85' lang='lat' dir='ltr'>aetatis</span> <span class='ocrx_word' id='word_1_366' title='bbox 1601 1334 1831 1369; x_wconf 86' lang='lat' dir='ltr'>auctorem</span> <span class='ocrx_word' id='word_1_367' title='bbox 1844 1323 1965 1369; x_wconf 87' lang='lat' dir='ltr'>cadit</span> <span class='ocrx_word' id='word_1_368' title='bbox 1975 1322 2171 1376; x_wconf 82' lang='grc' dir='ltr'><strong>Σκύλαξὸ</strong></span> <span class='ocrx_word' id='word_1_369' title='bbox 2184 1322 2358 1375; x_wconf 84' lang='grc' dir='ltr'>παλαιὸς</span> <span class='ocrx_word' id='word_1_370' title='bbox 2374 1322 2631 1387; x_wconf 72' lang='grc' dir='ltr'>συγγραφεὺς</span> <span class='ocrx_word' id='word_1_371' title='bbox 2640 1327 2686 1371; x_wconf 82' lang='lat' dir='ltr'>et</span> <span class='ocrx_word' id='word_1_372' title='bbox 2731 1355 2738 1361; x_wconf 67' lang='lat'><strong>›</strong></span> 
     </span>
     <span class='ocr_line' id='line_1_51' title="bbox 1442 1398 2731 1463; baseline 0 -19"><span class='ocrx_word' id='word_1_373' title='bbox 1442 1400 1598 1461; x_wconf 83' lang='grc' dir='ltr'>λογογ</span> <span class='ocrx_word' id='word_1_374' title='bbox 1612 1400 1667 1462; x_wconf 76' lang='lat' dir='ltr'>pei</span> <span class='ocrx_word' id='word_1_375' title='bbox 1684 1418 1709 1463; x_wconf 63' lang='grc' dir='ltr'><strong>φ</strong></span> <span class='ocrx_word' id='word_1_376' title='bbox 1723 1417 1743 1444; x_wconf 91' lang='grc' dir='ltr'><strong>ο</strong></span> <span class='ocrx_word' id='word_1_377' title='bbox 1756 1419 1774 1451; x_wconf 80' lang='grc' dir='ltr'>ς</span> <span class='ocrx_word' id='word_1_378' title='bbox 1810 1398 1921 1462; x_wconf 63' lang='lat'>(⁰⁶),</span> <span class='ocrx_word' id='word_1_379' title='bbox 1961 1414 2096 1461; x_wconf 90' lang='lat' dir='ltr'>quem</span> <span class='ocrx_word' id='word_1_380' title='bbox 2137 1398 2395 1461; x_wconf 91' lang='lat' dir='ltr'>Stephanus</span> <span class='ocrx_word' id='word_1_381' title='bbox 2439 1410 2484 1445; x_wconf 89' lang='lat' dir='ltr'>et</span> <span class='ocrx_word' id='word_1_382' title='bbox 2519 1399 2684 1448; x_wconf 86' lang='lat' dir='ltr'>Strabo</span> <span class='ocrx_word' id='word_1_383' title='bbox 2726 1432 2731 1444; x_wconf 62' lang='grc'>,</span> 
     </span>
     <span class='ocr_line' id='line_1_52' title="bbox 1442 1474 2684 1537; baseline 0.003 -17"><span class='ocrx_word' id='word_1_384' title='bbox 1442 1485 1625 1531; x_wconf 89' lang='lat' dir='ltr'>vocant,</span> <span class='ocrx_word' id='word_1_385' title='bbox 1643 1475 1776 1521; x_wconf 90' lang='lat' dir='ltr'>ethic</span> <span class='ocrx_word' id='word_1_386' title='bbox 1793 1491 1839 1536; x_wconf 88' lang='lat' dir='ltr'>p.</span> <span class='ocrx_word' id='word_1_387' title='bbox 1862 1475 1952 1520; x_wconf 88' lang='lat'>566</span> <span class='ocrx_word' id='word_1_388' title='bbox 1971 1477 2091 1520; x_wconf 90' lang='lat' dir='ltr'>inter</span> <span class='ocrx_word' id='word_1_389' title='bbox 2104 1474 2261 1520; x_wconf 89' lang='lat' dir='ltr'>varios</span> <span class='ocrx_word' id='word_1_390' title='bbox 2281 1475 2528 1536; x_wconf 84' lang='lat' dir='ltr'>scriptores</span> <span class='ocrx_word' id='word_1_391' title='bbox 2551 1476 2684 1537; x_wconf 86' lang='lat' dir='ltr'>ponit</span> 
     </span>
     <span class='ocr_line' id='line_1_53' title="bbox 1440 1548 2681 1611; baseline 0 -14"><span class='ocrx_word' id='word_1_392' title='bbox 1440 1561 1544 1597; x_wconf 90' lang='lat' dir='ltr'>ante</span> <span class='ocrx_word' id='word_1_393' title='bbox 1567 1550 1842 1611; x_wconf 89' lang='lat' dir='ltr'>Dionysium</span> <span class='ocrx_word' id='word_1_394' title='bbox 1866 1549 2236 1605; x_wconf 89' lang='lat' dir='ltr'>Chalcidensem,</span> <span class='ocrx_word' id='word_1_395' title='bbox 2264 1548 2448 1596; x_wconf 75' lang='grc' dir='ltr'><strong>Κτίσεων</strong></span> <span class='ocrx_word' id='word_1_396' title='bbox 2474 1549 2681 1597; x_wconf 88' lang='lat' dir='ltr'>condito·</span> 
     </span>
     <span class='ocr_line' id='line_1_54' title="bbox 1441 1615 2736 1687; baseline -0.003 -15"><span class='ocrx_word' id='word_1_397' title='bbox 1441 1641 1536 1672; x_wconf 86' lang='lat' dir='ltr'>rem</span> <span class='ocrx_word' id='word_1_398' title='bbox 1561 1624 1745 1687; x_wconf 88' lang='lat' dir='ltr'>Ephoro</span> <span class='ocrx_word' id='word_1_399' title='bbox 1771 1625 2096 1685; x_wconf 86' lang='lat' dir='ltr'>antiquiorem.</span> <span class='ocrx_word' id='word_1_400' title='bbox 2140 1623 2357 1669; x_wconf 90' lang='lat' dir='ltr'>Scholion</span> <span class='ocrx_word' id='word_1_401' title='bbox 2374 1623 2500 1685; x_wconf 89' lang='lat' dir='ltr'>quod</span> <span class='ocrx_word' id='word_1_402' title='bbox 2524 1634 2681 1681; x_wconf 85' lang='lat' dir='ltr'>nostro</span> <span class='ocrx_word' id='word_1_403' title='bbox 2733 1615 2736 1668; x_wconf 69' lang='lat'><em>]</em></span> 
     </span>
     <span class='ocr_line' id='line_1_55' title="bbox 1443 1698 2743 1763; baseline 0 -16"><span class='ocrx_word' id='word_1_404' title='bbox 1443 1701 1625 1763; x_wconf 87' lang='lat' dir='ltr'>periplo</span> <span class='ocrx_word' id='word_1_405' title='bbox 1645 1701 1960 1762; x_wconf 83' lang='lat' dir='ltr'>praemittitur,</span> <span class='ocrx_word' id='word_1_406' title='bbox 1977 1715 2003 1745; x_wconf 92' lang='lat' dir='ltr'>a</span> <span class='ocrx_word' id='word_1_407' title='bbox 2020 1698 2248 1760; x_wconf 86' lang='lat' dir='ltr'>sequioris</span> <span class='ocrx_word' id='word_1_408' title='bbox 2266 1699 2353 1744; x_wconf 83' lang='lat' dir='ltr'>aevi</span> <span class='ocrx_word' id='word_1_409' title='bbox 2372 1699 2560 1745; x_wconf 88' lang='lat' dir='ltr'>homine</span> <span class='ocrx_word' id='word_1_410' title='bbox 2573 1701 2683 1747; x_wconf 88' lang='lat' dir='ltr'>scri·</span> <span class='ocrx_word' id='word_1_411' title='bbox 2741 1731 2743 1734; x_wconf 37' lang='lat' dir='ltr'>v</span> 
     </span>
     <span class='ocr_line' id='line_1_56' title="bbox 1442 1775 2683 1838; baseline 0.001 -17"><span class='ocrx_word' id='word_1_412' title='bbox 1442 1786 1569 1838; x_wconf 84' lang='lat' dir='ltr'>ptum</span> <span class='ocrx_word' id='word_1_413' title='bbox 1580 1792 1678 1822; x_wconf 87' lang='lat' dir='ltr'>esse</span> <span class='ocrx_word' id='word_1_414' title='bbox 1686 1791 1742 1821; x_wconf 83' lang='lat' dir='ltr'>ex</span> <span class='ocrx_word' id='word_1_415' title='bbox 1756 1790 1868 1821; x_wconf 77' lang='lat' dir='ltr'>voce</span> <span class='ocrx_word' id='word_1_416' title='bbox 1880 1775 2109 1837; x_wconf 81' lang='grc' dir='ltr'>φρόντισμα</span> <span class='ocrx_word' id='word_1_417' title='bbox 2121 1790 2206 1835; x_wconf 89' lang='lat' dir='ltr'>pro</span> <span class='ocrx_word' id='word_1_418' title='bbox 2220 1775 2340 1829; x_wconf 77' lang='lat' dir='ltr'>libro,</span> <span class='ocrx_word' id='word_1_419' title='bbox 2357 1775 2683 1822; x_wconf 77' lang='lat' dir='ltr'>elucubratione</span> 
     </span>
     <span class='ocr_line' id='line_1_57' title="bbox 1442 1847 2682 1914; baseline -0.001 -16"><span class='ocrx_word' id='word_1_420' title='bbox 1442 1861 1659 1914; x_wconf 88' lang='lat' dir='ltr'>usurpata</span> <span class='ocrx_word' id='word_1_421' title='bbox 1683 1851 1870 1911; x_wconf 86' lang='lat' dir='ltr'>collegit</span> <span class='ocrx_word' id='word_1_422' title='bbox 1900 1849 2180 1896; x_wconf 86' lang='lat' dir='ltr'>Niebuhrius</span> <span class='ocrx_word' id='word_1_423' title='bbox 2206 1847 2345 1910; x_wconf 52' lang='lat' dir='ltr'>(nu),</span> <span class='ocrx_word' id='word_1_424' title='bbox 2378 1859 2423 1895; x_wconf 91' lang='lat' dir='ltr'>et</span> <span class='ocrx_word' id='word_1_425' title='bbox 2449 1850 2544 1912; x_wconf 86' lang='lat' dir='ltr'>ipse</span> <span class='ocrx_word' id='word_1_426' title='bbox 2577 1865 2682 1898; x_wconf 85' lang='lat' dir='ltr'>mo-</span> 
     </span>
    </p>
   </div>
   <div class='ocr_carea' id='block_1_7' title="bbox 1442 1924 2756 1987">
    <p class='ocr_par' dir='ltr' id='par_1_8' title="bbox 1442 1924 2756 1987">
     <span class='ocr_line' id='line_1_58' title="bbox 1442 1924 2756 1987; baseline 0.001 -14"><span class='ocrx_word' id='word_1_427' title='bbox 1442 1929 1523 1974; x_wconf 90' lang='lat' dir='ltr'>nui</span> <span class='ocrx_word' id='word_1_428' title='bbox 1536 1928 1761 1987; x_wconf 84' lang='lat' dir='ltr'>originem</span> <span class='ocrx_word' id='word_1_429' title='bbox 1779 1926 1941 1973; x_wconf 89' lang='lat' dir='ltr'>scholii</span> <span class='ocrx_word' id='word_1_430' title='bbox 1966 1926 2183 1972; x_wconf 87' lang='lat' dir='ltr'>seriorem</span> <span class='ocrx_word' id='word_1_431' title='bbox 2198 1940 2254 1971; x_wconf 85' lang='lat' dir='ltr'>ex</span> <span class='ocrx_word' id='word_1_432' title='bbox 2274 1924 2486 1971; x_wconf 88' lang='lat' dir='ltr'>codicum</span> <span class='ocrx_word' id='word_1_433' title='bbox 2504 1933 2681 1972; x_wconf 90' lang='lat' dir='ltr'>nostro·</span> <span class='ocrx_word' id='word_1_434' title='bbox 2755 1970 2756 1974; x_wconf 74' lang='grc'>,</span> 
     </span>
    </p>
   </div>
   <div class='ocr_carea' id='block_1_8' title="bbox 1440 2001 2699 2140">
    <p class='ocr_par' dir='ltr' id='par_1_9' title="bbox 1440 2001 2699 2140">
     <span class='ocr_line' id='line_1_59' title="bbox 1442 2001 2690 2063; baseline -0.002 -12"><span class='ocrx_word' id='word_1_435' title='bbox 1442 2020 1542 2051; x_wconf 87' lang='lat' dir='ltr'>rum</span> <span class='ocrx_word' id='word_1_436' title='bbox 1569 2006 1744 2050; x_wconf 90' lang='lat' dir='ltr'>ratione</span> <span class='ocrx_word' id='word_1_437' title='bbox 1779 2003 1909 2049; x_wconf 77' lang='lat' dir='ltr'>facile</span> <span class='ocrx_word' id='word_1_438' title='bbox 1940 2002 2177 2063; x_wconf 82' lang='lat' dir='ltr'>explicari.</span> <span class='ocrx_word' id='word_1_439' title='bbox 2213 2001 2531 2063; x_wconf 88' lang='lat' dir='ltr'>Compositum</span> <span class='ocrx_word' id='word_1_440' title='bbox 2566 2015 2690 2049; x_wconf 53' lang='lat' dir='ltr'>veror</span> 
     </span>
     <span class='ocr_line' id='line_1_60' title="bbox 1440 2076 2699 2140; baseline 0 -15"><span class='ocrx_word' id='word_1_441' title='bbox 1440 2081 1504 2125; x_wconf 90' lang='lat' dir='ltr'>ita</span> <span class='ocrx_word' id='word_1_442' title='bbox 1520 2090 1605 2135; x_wconf 86' lang='lat' dir='ltr'>est,</span> <span class='ocrx_word' id='word_1_443' title='bbox 1637 2091 1687 2125; x_wconf 88' lang='lat' dir='ltr'>ut</span> <span class='ocrx_word' id='word_1_444' title='bbox 1710 2095 1812 2140; x_wconf 90' lang='lat' dir='ltr'>quae</span> <span class='ocrx_word' id='word_1_445' title='bbox 1852 2079 1987 2124; x_wconf 89' lang='lat' dir='ltr'>lectio</span> <span class='ocrx_word' id='word_1_446' title='bbox 2022 2078 2167 2123; x_wconf 88' lang='lat' dir='ltr'>nostri</span> <span class='ocrx_word' id='word_1_447' title='bbox 2204 2077 2378 2140; x_wconf 86' lang='lat' dir='ltr'>peripli</span> <span class='ocrx_word' id='word_1_448' title='bbox 2416 2077 2584 2139; x_wconf 86' lang='lat' dir='ltr'>cuique</span> <span class='ocrx_word' id='word_1_449' title='bbox 2602 2076 2699 2125; x_wconf 74' lang='lat' dir='ltr'>vel·</span> 
     </span>
    </p>
   </div>
   <div class='ocr_carea' id='block_1_9' title="bbox 1440 2152 2756 2210">
    <p class='ocr_par' dir='ltr' id='par_1_10' title="bbox 1440 2152 2756 2210">
     <span class='ocr_line' id='line_1_61' title="bbox 1440 2152 2756 2210; baseline -0.002 -10"><span class='ocrx_word' id='word_1_450' title='bbox 1440 2154 1626 2200; x_wconf 91' lang='lat' dir='ltr'>indocto</span> <span class='ocrx_word' id='word_1_451' title='bbox 1656 2153 1896 2210; x_wconf 82' lang='lat' dir='ltr'>offerebat,</span> <span class='ocrx_word' id='word_1_452' title='bbox 1925 2169 1979 2200; x_wconf 91' lang='lat' dir='ltr'>ea</span> <span class='ocrx_word' id='word_1_453' title='bbox 2016 2163 2175 2199; x_wconf 90' lang='lat' dir='ltr'>auctor</span> <span class='ocrx_word' id='word_1_454' title='bbox 2197 2152 2419 2198; x_wconf 86' lang='lat' dir='ltr'>conflaret</span> <span class='ocrx_word' id='word_1_455' title='bbox 2440 2166 2543 2199; x_wconf 84' lang='lat' dir='ltr'>cum</span> <span class='ocrx_word' id='word_1_456' title='bbox 2561 2152 2681 2199; x_wconf 88' lang='lat' dir='ltr'>noti-</span> <span class='ocrx_word' id='word_1_457' title='bbox 2750 2168 2756 2188; x_wconf 84' lang='grc'>-·</span> 
     </span>
    </p>
   </div>
   <div class='ocr_carea' id='block_1_10' title="bbox 1435 2229 2756 2822">
    <p class='ocr_par' dir='ltr' id='par_1_11' title="bbox 1435 2229 2756 2822">
     <span class='ocr_line' id='line_1_62' title="bbox 1440 2229 2678 2292; baseline -0.001 -16"><span class='ocrx_word' id='word_1_458' title='bbox 1440 2231 1734 2287; x_wconf 87' lang='lat' dir='ltr'>tialiteraria,</span> <span class='ocrx_word' id='word_1_459' title='bbox 1752 2247 1887 2292; x_wconf 89' lang='lat' dir='ltr'>quam</span> <span class='ocrx_word' id='word_1_460' title='bbox 1900 2230 2152 2291; x_wconf 87' lang='lat' dir='ltr'>deScylace</span> <span class='ocrx_word' id='word_1_461' title='bbox 2161 2229 2437 2291; x_wconf 89' lang='lat' dir='ltr'>perantiquo</span> <span class='ocrx_word' id='word_1_462' title='bbox 2453 2229 2678 2291; x_wconf 87' lang='lat' dir='ltr'>scriptore</span> 
     </span>
     <span class='ocr_line' id='line_1_63' title="bbox 1438 2304 2756 2373; baseline -0.002 -21"><span class='ocrx_word' id='word_1_463' title='bbox 1438 2307 1623 2354; x_wconf 84' lang='lat' dir='ltr'>lexicon</span> <span class='ocrx_word' id='word_1_464' title='bbox 1650 2307 1840 2373; x_wconf 83' lang='lat' dir='ltr'>aliquod</span> <span class='ocrx_word' id='word_1_465' title='bbox 1878 2305 2259 2368; x_wconf 86' lang='lat' dir='ltr'>suppeditaverit.</span> <span class='ocrx_word' id='word_1_466' title='bbox 2294 2304 2415 2352; x_wconf 83' lang='lat' dir='ltr'>Hinc</span> <span class='ocrx_word' id='word_1_467' title='bbox 2443 2304 2676 2351; x_wconf 77' lang='lat' dir='ltr'>fluxerunt</span> <span class='ocrx_word' id='word_1_468' title='bbox 2752 2342 2756 2371; x_wconf 86' lang='lat'>.:</span> 
     </span>
     <span class='ocr_line' id='line_1_64' title="bbox 1437 2374 2756 2445; baseline 0 -17"><span class='ocrx_word' id='word_1_469' title='bbox 1437 2384 1519 2429; x_wconf 84' lang='lat' dir='ltr'>illa</span> <span class='ocrx_word' id='word_1_470' title='bbox 1541 2401 1552 2428; x_wconf 76' lang='lat' dir='ltr'>t</span> <span class='ocrx_word' id='word_1_471' title='bbox 1573 2382 1739 2436; x_wconf 77' lang='grc' dir='ltr'><strong>Σκύλαξ</strong></span> <span class='ocrx_word' id='word_1_472' title='bbox 1759 2419 1771 2431; x_wconf 92' lang='grc'><strong>.</strong></span> <span class='ocrx_word' id='word_1_473' title='bbox 1797 2383 2069 2445; x_wconf 78' lang='grc' dir='ltr'>ἀρχαιότατος</span> <span class='ocrx_word' id='word_1_474' title='bbox 2089 2379 2164 2443; x_wconf 59' lang='grc' dir='ltr'>μέν</span> <span class='ocrx_word' id='word_1_475' title='bbox 2181 2382 2270 2427; x_wconf 69' lang='grc' dir='ltr'>ἐστι</span> <span class='ocrx_word' id='word_1_476' title='bbox 2290 2379 2418 2444; x_wconf 70' lang='grc' dir='ltr'><strong>ἁνήρ·</strong></span> <span class='ocrx_word' id='word_1_477' title='bbox 2436 2390 2483 2427; x_wconf 75' lang='lat' dir='ltr'>et</span> <span class='ocrx_word' id='word_1_478' title='bbox 2503 2396 2515 2426; x_wconf 72' lang='lat' dir='ltr'>t</span> <span class='ocrx_word' id='word_1_479' title='bbox 2532 2378 2676 2435; x_wconf 65' lang='grc' dir='ltr'>Αἴλιος</span> <span class='ocrx_word' id='word_1_480' title='bbox 2747 2374 2756 2406; x_wconf 64' lang='lat'>‘⁴</span> 
     </span>
     <span class='ocr_line' id='line_1_65' title="bbox 1437 2450 2676 2520; baseline -0.005 -14"><span class='ocrx_word' id='word_1_481' title='bbox 1437 2463 1532 2510; x_wconf 85' lang='grc' dir='ltr'>Δῖος</span> <span class='ocrx_word' id='word_1_482' title='bbox 1551 2462 1591 2504; x_wconf 80' lang='grc' dir='ltr'>ἐν</span> <span class='ocrx_word' id='word_1_483' title='bbox 1614 2462 1673 2520; x_wconf 82' lang='grc' dir='ltr'>τῷ</span> <span class='ocrx_word' id='word_1_484' title='bbox 1695 2459 1789 2520; x_wconf 79' lang='grc' dir='ltr'>περὶ</span> <span class='ocrx_word' id='word_1_485' title='bbox 1812 2456 2115 2518; x_wconf 79' lang='grc' dir='ltr'>Ἀλεξανδρείας</span> <span class='ocrx_word' id='word_1_486' title='bbox 2137 2456 2287 2519; x_wconf 75' lang='grc' dir='ltr'>βιὸλίῳ</span> <span class='ocrx_word' id='word_1_487' title='bbox 2301 2454 2454 2519; x_wconf 75' lang='grc' dir='ltr'>πρώτῳ</span> <span class='ocrx_word' id='word_1_488' title='bbox 2471 2453 2595 2519; x_wconf 75' lang='grc' dir='ltr'><strong>φησὶν</strong></span> <span class='ocrx_word' id='word_1_489' title='bbox 2609 2450 2676 2502; x_wconf 70' lang='grc' dir='ltr'>ὅτι</span> 
     </span>
     <span class='ocr_line' id='line_1_66' title="bbox 1436 2528 2756 2595; baseline 0 -16"><span class='ocrx_word' id='word_1_490' title='bbox 1436 2533 1601 2595; x_wconf 84' lang='grc' dir='ltr'><strong>Δαρείῳ</strong></span> <span class='ocrx_word' id='word_1_491' title='bbox 1625 2532 1918 2595; x_wconf 79' lang='grc' dir='ltr'><strong>προσεφώνησε</strong></span> <span class='ocrx_word' id='word_1_492' title='bbox 1937 2530 2104 2584; x_wconf 77' lang='grc' dir='ltr'><strong>Σκύλαξ</strong></span> <span class='ocrx_word' id='word_1_493' title='bbox 2115 2529 2162 2576; x_wconf 83' lang='grc' dir='ltr'>τὸ</span> <span class='ocrx_word' id='word_1_494' title='bbox 2177 2530 2407 2592; x_wconf 79' lang='grc' dir='ltr'><strong>φρόντισμα</strong></span> <span class='ocrx_word' id='word_1_495' title='bbox 2424 2530 2490 2587; x_wconf 85' lang='lat' dir='ltr'>,in</span> <span class='ocrx_word' id='word_1_496' title='bbox 2504 2528 2677 2591; x_wconf 64' lang='lat' dir='ltr'>quibu}</span> <span class='ocrx_word' id='word_1_497' title='bbox 2749 2585 2756 2591; x_wconf 32' lang='grc' dir='ltr'>ι</span> 
     </span>
     <span class='ocr_line' id='line_1_67' title="bbox 1437 2599 2756 2667; baseline -0.002 -12"><span class='ocrx_word' id='word_1_498' title='bbox 1437 2610 1570 2655; x_wconf 83' lang='lat' dir='ltr'>facile</span> <span class='ocrx_word' id='word_1_499' title='bbox 1585 2608 1805 2655; x_wconf 89' lang='lat' dir='ltr'>concedes</span> <span class='ocrx_word' id='word_1_500' title='bbox 1821 2608 1989 2655; x_wconf 83' lang='lat' dir='ltr'>AElium</span> <span class='ocrx_word' id='word_1_501' title='bbox 2010 2607 2147 2653; x_wconf 89' lang='lat' dir='ltr'>Dium</span> <span class='ocrx_word' id='word_1_502' title='bbox 2166 2622 2260 2653; x_wconf 91' lang='lat' dir='ltr'>non</span> <span class='ocrx_word' id='word_1_503' title='bbox 2282 2606 2340 2652; x_wconf 88' lang='lat' dir='ltr'>de</span> <span class='ocrx_word' id='word_1_504' title='bbox 2360 2605 2550 2667; x_wconf 79' lang='lat' dir='ltr'>Scylace</span> <span class='ocrx_word' id='word_1_505' title='bbox 2561 2621 2677 2667; x_wconf 89' lang='lat' dir='ltr'>quo·</span> <span class='ocrx_word' id='word_1_506' title='bbox 2751 2599 2756 2614; x_wconf 83' lang='lat'>¹</span> 
     </span>
     <span class='ocr_line' id='line_1_68' title="bbox 1435 2680 2672 2743; baseline -0.002 -13"><span class='ocrx_word' id='word_1_507' title='bbox 1435 2685 1539 2730; x_wconf 89' lang='lat' dir='ltr'>dam</span> <span class='ocrx_word' id='word_1_508' title='bbox 1564 2685 1693 2733; x_wconf 90' lang='lat' dir='ltr'>Darii</span> <span class='ocrx_word' id='word_1_509' title='bbox 1717 2683 1854 2730; x_wconf 87' lang='lat' dir='ltr'>Nothi</span> <span class='ocrx_word' id='word_1_510' title='bbox 1885 2693 2114 2730; x_wconf 83' lang='lat' dir='ltr'>coaetaueo</span> <span class='ocrx_word' id='word_1_511' title='bbox 2138 2682 2293 2743; x_wconf 91' lang='lat' dir='ltr'>loqui,</span> <span class='ocrx_word' id='word_1_512' title='bbox 2319 2680 2397 2728; x_wconf 87' lang='lat' dir='ltr'>sed</span> <span class='ocrx_word' id='word_1_513' title='bbox 2417 2680 2474 2727; x_wconf 91' lang='lat' dir='ltr'>de</span> <span class='ocrx_word' id='word_1_514' title='bbox 2491 2690 2672 2729; x_wconf 82' lang='lat' dir='ltr'>vetusto</span> 
     </span>
     <span class='ocr_line' id='line_1_69' title="bbox 1436 2756 2673 2822; baseline -0.001 -16"><span class='ocrx_word' id='word_1_515' title='bbox 1436 2760 1743 2822; x_wconf 81' lang='lat' dir='ltr'>logographo,</span> <span class='ocrx_word' id='word_1_516' title='bbox 1781 2775 1916 2821; x_wconf 89' lang='lat' dir='ltr'>quem</span> <span class='ocrx_word' id='word_1_517' title='bbox 1944 2758 2030 2805; x_wconf 88' lang='lat' dir='ltr'>sub</span> <span class='ocrx_word' id='word_1_518' title='bbox 2055 2759 2196 2805; x_wconf 87' lang='lat' dir='ltr'>Dario</span> <span class='ocrx_word' id='word_1_519' title='bbox 2236 2757 2476 2820; x_wconf 78' lang='lat' dir='ltr'>Hystaspis</span> <span class='ocrx_word' id='word_1_520' title='bbox 2496 2756 2673 2805; x_wconf 82' lang='lat' dir='ltr'>vixisse</span> 
     </span>
    </p>
   </div>
   <div class='ocr_carea' id='block_1_11' title="bbox 2269 2929 2675 2988">
    <p class='ocr_par' dir='ltr' id='par_1_12' title="bbox 2269 2929 2675 2988">
     <span class='ocr_line' id='line_1_70' title="bbox 2269 2929 2675 2988; baseline 0.005 -12"><span class='ocrx_word' id='word_1_521' title='bbox 2269 2929 2424 2977; x_wconf 62' lang='lat' dir='ltr'>«IOErls</span> <span class='ocrx_word' id='word_1_522' title='bbox 2450 2937 2675 2988; x_wconf 75' lang='lat' dir='ltr'>ltrrommy</span> 
     </span>
    </p>
   </div>
   <div class='ocr_carea' id='block_1_12' title="bbox 2713 0 2756 1959">
    <p class='ocr_par' dir='ltr' id='par_1_13' title="bbox 2713 0 2756 1959">
     <span class='ocr_line' id='line_1_71' title="bbox 2713 0 2756 1959; baseline 0 0"><span class='ocrx_word' id='word_1_523' title='bbox 2713 0 2756 1959; x_wconf 95' lang='lat' dir='ltr'> </span> 
     </span>
    </p>
   </div>
   <div class='ocr_carea' id='block_1_13' title="bbox 75 2992 2737 3769">
    <p class='ocr_par' dir='ltr' id='par_1_14' title="bbox 75 2992 2737 3769">
     <span class='ocr_line' id='line_1_72' title="bbox 121 2992 2737 3044; baseline -0 -10"><span class='ocrx_word' id='word_1_524' title='bbox 121 2994 217 3034; x_wconf 63' lang='lat' dir='ltr'>nuta</span> <span class='ocrx_word' id='word_1_525' title='bbox 229 2996 423 3043; x_wconf 70' lang='lat' dir='ltr'>wantonly</span> <span class='ocrx_word' id='word_1_526' title='bbox 437 2997 475 3033; x_wconf 92' lang='lat' dir='ltr'>to</span> <span class='ocrx_word' id='word_1_527' title='bbox 491 2993 670 3033; x_wconf 85' lang='lat' dir='ltr'>discredit</span> <span class='ocrx_word' id='word_1_528' title='bbox 688 2994 972 3044; x_wconf 74' lang='lat' dir='ltr'>any-historicdl</span> <span class='ocrx_word' id='word_1_529' title='bbox 992 2994 1069 3032; x_wconf 83' lang='lat' dir='ltr'>l&#39;act</span> <span class='ocrx_word' id='word_1_530' title='bbox 1087 2993 1291 3042; x_wconf 70' lang='lat' dir='ltr'>supported</span> <span class='ocrx_word' id='word_1_531' title='bbox 1315 3004 1365 3031; x_wconf 91' lang='lat' dir='ltr'>on</span> <span class='ocrx_word' id='word_1_532' title='bbox 1385 2993 1449 3031; x_wconf 89' lang='lat' dir='ltr'>the</span> <span class='ocrx_word' id='word_1_533' title='bbox 1461 2994 1661 3043; x_wconf 81' lang='lat' dir='ltr'>testimony</span> <span class='ocrx_word' id='word_1_534' title='bbox 1684 2993 1727 3032; x_wconf 76' lang='lat' dir='ltr'>ol·</span> <span class='ocrx_word' id='word_1_535' title='bbox 1738 2994 1829 3032; x_wconf 86' lang='lat' dir='ltr'>such</span> <span class='ocrx_word' id='word_1_536' title='bbox 1858 3005 1880 3031; x_wconf 90' lang='lat' dir='ltr'>a</span> <span class='ocrx_word' id='word_1_537' title='bbox 1901 2994 2032 3033; x_wconf 84' lang='lat' dir='ltr'>writer</span> <span class='ocrx_word' id='word_1_538' title='bbox 2054 3005 2095 3032; x_wconf 88' lang='lat' dir='ltr'>as</span> <span class='ocrx_word' id='word_1_539' title='bbox 2117 2993 2356 3042; x_wconf 50' lang='lat' dir='ltr'>Herodotum</span> <span class='ocrx_word' id='word_1_540' title='bbox 2382 2992 2453 3032; x_wconf 87' lang='lat' dir='ltr'>but</span> <span class='ocrx_word' id='word_1_541' title='bbox 2480 2992 2588 3032; x_wconf 73' lang='lat' dir='ltr'>there</span> <span class='ocrx_word' id='word_1_542' title='bbox 2607 3002 2675 3033; x_wconf 77' lang='lat' dir='ltr'>are</span> <span class='ocrx_word' id='word_1_543' title='bbox 2736 3003 2737 3006; x_wconf 73' lang='grc'>’</span> 
     </span>
     <span class='ocr_line' id='line_1_73' title="bbox 119 3046 2676 3100; baseline -0.001 -10"><span class='ocrx_word' id='word_1_544' title='bbox 119 3050 356 3100; x_wconf 85' lang='lat' dir='ltr'>insuperable</span> <span class='ocrx_word' id='word_1_545' title='bbox 372 3050 587 3089; x_wconf 75' lang='lat' dir='ltr'>difficulties</span> <span class='ocrx_word' id='word_1_546' title='bbox 604 3050 639 3088; x_wconf 85' lang='lat' dir='ltr'>in</span> <span class='ocrx_word' id='word_1_547' title='bbox 653 3049 857 3098; x_wconf 83' lang='lat' dir='ltr'>admitting</span> <span class='ocrx_word' id='word_1_548' title='bbox 879 3050 956 3089; x_wconf 86' lang='lat' dir='ltr'>this</span> <span class='ocrx_word' id='word_1_549' title='bbox 970 3060 1115 3099; x_wconf 77' lang='lat' dir='ltr'>voyage</span> <span class='ocrx_word' id='word_1_550' title='bbox 1135 3050 1179 3087; x_wconf 82' lang='lat' dir='ltr'>ol</span> <span class='ocrx_word' id='word_1_551' title='bbox 1191 3049 1348 3097; x_wconf 74' lang='lat' dir='ltr'>skulu,</span> <span class='ocrx_word' id='word_1_552' title='bbox 1378 3060 1422 3087; x_wconf 94' lang='lat' dir='ltr'>or</span> <span class='ocrx_word' id='word_1_553' title='bbox 1439 3047 1522 3087; x_wconf 88' lang='lat' dir='ltr'>that</span> <span class='ocrx_word' id='word_1_554' title='bbox 1544 3050 1586 3086; x_wconf 77' lang='lat' dir='ltr'>os</span> <span class='ocrx_word' id='word_1_555' title='bbox 1605 3049 1671 3087; x_wconf 86' lang='lat' dir='ltr'>the</span> <span class='ocrx_word' id='word_1_556' title='bbox 1695 3049 1915 3088; x_wconf 81' lang='lat' dir='ltr'>Phenicians</span> <span class='ocrx_word' id='word_1_557' title='bbox 1937 3049 2058 3087; x_wconf 85' lang='lat' dir='ltr'>round</span> <span class='ocrx_word' id='word_1_558' title='bbox 2079 3049 2143 3088; x_wconf 92' lang='lat' dir='ltr'>the</span> <span class='ocrx_word' id='word_1_559' title='bbox 2155 3049 2354 3087; x_wconf 81' lang='lat' dir='ltr'>continent</span> <span class='ocrx_word' id='word_1_560' title='bbox 2375 3048 2420 3086; x_wconf 85' lang='lat' dir='ltr'>ol&#39;</span> <span class='ocrx_word' id='word_1_561' title='bbox 2442 3046 2590 3095; x_wconf 67' lang='lat' dir='ltr'>artie-3</span> <span class='ocrx_word' id='word_1_562' title='bbox 2609 3046 2676 3088; x_wconf 81' lang='lat' dir='ltr'>the</span> 
     </span>
     <span class='ocr_line' id='line_1_74' title="bbox 119 3101 2676 3156; baseline -0 -12"><span class='ocrx_word' id='word_1_563' title='bbox 119 3108 283 3155; x_wconf 75' lang='lat' dir='ltr'>greatest</span> <span class='ocrx_word' id='word_1_564' title='bbox 306 3106 349 3145; x_wconf 74' lang='lat' dir='ltr'>al</span> <span class='ocrx_word' id='word_1_565' title='bbox 360 3106 408 3144; x_wconf 93' lang='lat' dir='ltr'>all</span> <span class='ocrx_word' id='word_1_566' title='bbox 426 3106 470 3153; x_wconf 89' lang='lat' dir='ltr'>is,</span> <span class='ocrx_word' id='word_1_567' title='bbox 486 3105 570 3145; x_wconf 88' lang='lat' dir='ltr'>that</span> <span class='ocrx_word' id='word_1_568' title='bbox 586 3117 636 3145; x_wconf 92' lang='lat' dir='ltr'>no</span> <span class='ocrx_word' id='word_1_569' title='bbox 650 3116 928 3156; x_wconf 69' lang='lat' dir='ltr'>consequencoe</span> <span class='ocrx_word' id='word_1_570' title='bbox 942 3105 1104 3144; x_wconf 90' lang='lat' dir='ltr'>accrued</span> <span class='ocrx_word' id='word_1_571' title='bbox 1124 3106 1219 3143; x_wconf 90' lang='lat' dir='ltr'>l&#39;rom</span> <span class='ocrx_word' id='word_1_572' title='bbox 1239 3105 1368 3143; x_wconf 88' lang='lat' dir='ltr'>either.</span> <span class='ocrx_word' id='word_1_573' title='bbox 1388 3104 1486 3142; x_wconf 77' lang='lat' dir='ltr'>&#39;rhet</span> <span class='ocrx_word' id='word_1_574' title='bbox 1518 3104 1729 3142; x_wconf 74' lang='lat' dir='ltr'>llerodotu&#39;s</span> <span class='ocrx_word' id='word_1_575' title='bbox 1745 3104 1919 3142; x_wconf 75' lang='lat' dir='ltr'>received</span> <span class='ocrx_word' id='word_1_576' title='bbox 1944 3105 2009 3142; x_wconf 91' lang='lat' dir='ltr'>the</span> <span class='ocrx_word' id='word_1_577' title='bbox 2027 3107 2191 3142; x_wconf 83' lang='lat' dir='ltr'>account</span> <span class='ocrx_word' id='word_1_578' title='bbox 2207 3105 2250 3142; x_wconf 83' lang='lat' dir='ltr'>ol&#39;</span> <span class='ocrx_word' id='word_1_579' title='bbox 2272 3103 2364 3142; x_wconf 88' lang='lat' dir='ltr'>both</span> <span class='ocrx_word' id='word_1_580' title='bbox 2379 3103 2475 3141; x_wconf 83' lang='lat' dir='ltr'>l&#39;rom</span> <span class='ocrx_word' id='word_1_581' title='bbox 2500 3101 2676 3144; x_wconf 75' lang='lat' dir='ltr'>Persius</span> 
     </span>
     <span class='ocr_line' id='line_1_75' title="bbox 118 3157 2670 3212; baseline -0.001 -11"><span class='ocrx_word' id='word_1_582' title='bbox 118 3173 163 3201; x_wconf 91' lang='lat' dir='ltr'>or</span> <span class='ocrx_word' id='word_1_583' title='bbox 181 3162 399 3212; x_wconf 72' lang='lat' dir='ltr'>Egyptians,</span> <span class='ocrx_word' id='word_1_584' title='bbox 416 3162 448 3202; x_wconf 85' lang='lat' dir='ltr'>is</span> <span class='ocrx_word' id='word_1_585' title='bbox 474 3162 723 3211; x_wconf 75' lang='lat' dir='ltr'>undeniable3</span> <span class='ocrx_word' id='word_1_586' title='bbox 753 3163 838 3201; x_wconf 84' lang='lat' dir='ltr'>that</span> <span class='ocrx_word' id='word_1_587' title='bbox 860 3162 949 3211; x_wconf 79' lang='lat' dir='ltr'>they</span> <span class='ocrx_word' id='word_1_588' title='bbox 970 3172 1073 3201; x_wconf 70' lang='lat' dir='ltr'>were</span> <span class='ocrx_word' id='word_1_589' title='bbox 1099 3160 1311 3211; x_wconf 66' lang='lat' dir='ltr'>performed</span> <span class='ocrx_word' id='word_1_590' title='bbox 1331 3161 1360 3199; x_wconf 84' lang='lat' dir='ltr'>is</span> <span class='ocrx_word' id='word_1_591' title='bbox 1378 3172 1400 3199; x_wconf 88' lang='lat' dir='ltr'>a</span> <span class='ocrx_word' id='word_1_592' title='bbox 1426 3171 1516 3210; x_wconf 79' lang='lat' dir='ltr'>very</span> <span class='ocrx_word' id='word_1_593' title='bbox 1541 3161 1718 3199; x_wconf 76' lang='lat' dir='ltr'>different</span> <span class='ocrx_word' id='word_1_594' title='bbox 1742 3160 2031 3199; x_wconf 82' lang='lat' dir='ltr'>consideration.</span> <span class='ocrx_word' id='word_1_595' title='bbox 2057 3163 2068 3198; x_wconf 94' lang='lat' dir='ltr'>l</span> <span class='ocrx_word' id='word_1_596' title='bbox 2101 3160 2150 3198; x_wconf 92' lang='lat' dir='ltr'>do</span> <span class='ocrx_word' id='word_1_597' title='bbox 2177 3164 2244 3198; x_wconf 90' lang='lat' dir='ltr'>not</span> <span class='ocrx_word' id='word_1_598' title='bbox 2266 3158 2379 3198; x_wconf 83' lang='lat' dir='ltr'>dwell</span> <span class='ocrx_word' id='word_1_599' title='bbox 2416 3169 2517 3207; x_wconf 89' lang='lat' dir='ltr'>upon</span> <span class='ocrx_word' id='word_1_600' title='bbox 2534 3157 2602 3198; x_wconf 84' lang='lat' dir='ltr'>the</span> <span class='ocrx_word' id='word_1_601' title='bbox 2618 3158 2670 3197; x_wconf 63' lang='grc' dir='ltr'>ἡ·</span> 
     </span>
     <span class='ocr_line' id='line_1_76' title="bbox 118 3213 2673 3266; baseline -0 -11"><span class='ocrx_word' id='word_1_602' title='bbox 118 3217 256 3256; x_wconf 86' lang='lat' dir='ltr'>bulcus</span> <span class='ocrx_word' id='word_1_603' title='bbox 275 3218 358 3266; x_wconf 84' lang='lat' dir='ltr'>part</span> <span class='ocrx_word' id='word_1_604' title='bbox 378 3215 422 3255; x_wconf 81' lang='lat' dir='ltr'>ol</span> <span class='ocrx_word' id='word_1_605' title='bbox 442 3216 501 3256; x_wconf 82' lang='lat' dir='ltr'>his</span> <span class='ocrx_word' id='word_1_606' title='bbox 516 3221 682 3256; x_wconf 81' lang='lat' dir='ltr'>account</span> <span class='ocrx_word' id='word_1_607' title='bbox 708 3217 752 3255; x_wconf 89' lang='lat' dir='ltr'>ol&#39;</span> <span class='ocrx_word' id='word_1_608' title='bbox 770 3216 898 3262; x_wconf 86' lang='lat' dir='ltr'>ladia;</span> <span class='ocrx_word' id='word_1_609' title='bbox 926 3216 1088 3255; x_wconf 76' lang='lat' dir='ltr'>because</span> <span class='ocrx_word' id='word_1_610' title='bbox 1107 3226 1201 3255; x_wconf 77' lang='lat' dir='ltr'>even</span> <span class='ocrx_word' id='word_1_611' title='bbox 1221 3216 1279 3254; x_wconf 83' lang='lat' dir='ltr'>his</span> <span class='ocrx_word' id='word_1_612' title='bbox 1294 3215 1411 3254; x_wconf 76' lang='lat' dir='ltr'>rables</span> <span class='ocrx_word' id='word_1_613' title='bbox 1433 3215 1531 3256; x_wconf 86' lang='lat' dir='ltr'>have</span> <span class='ocrx_word' id='word_1_614' title='bbox 1550 3227 1572 3255; x_wconf 90' lang='lat' dir='ltr'>a</span> <span class='ocrx_word' id='word_1_615' title='bbox 1596 3217 1814 3255; x_wconf 78' lang='lat' dir='ltr'>foundation</span> <span class='ocrx_word' id='word_1_616' title='bbox 1840 3217 1877 3255; x_wconf 86' lang='lat' dir='ltr'>ln</span> <span class='ocrx_word' id='word_1_617' title='bbox 1910 3217 2007 3264; x_wconf 64' lang='grc' dir='ltr'>[σοις</span> <span class='ocrx_word' id='word_1_618' title='bbox 2037 3217 2105 3254; x_wconf 89' lang='lat' dir='ltr'>but</span> <span class='ocrx_word' id='word_1_619' title='bbox 2126 3218 2140 3253; x_wconf 91' lang='grc'>1</span> <span class='ocrx_word' id='word_1_620' title='bbox 2168 3218 2308 3254; x_wconf 84' lang='lat' dir='ltr'>cannot</span> <span class='ocrx_word' id='word_1_621' title='bbox 2330 3213 2475 3253; x_wconf 80' lang='lat' dir='ltr'>believe</span> <span class='ocrx_word' id='word_1_622' title='bbox 2489 3214 2585 3253; x_wconf 80' lang='lat' dir='ltr'>from</span> <span class='ocrx_word' id='word_1_623' title='bbox 2606 3213 2673 3254; x_wconf 82' lang='lat' dir='ltr'>the</span> 
     </span>
     <span class='ocr_line' id='line_1_77' title="bbox 118 3271 2676 3323; baseline 0 -12"><span class='ocrx_word' id='word_1_624' title='bbox 118 3274 215 3311; x_wconf 86' lang='lat' dir='ltr'>state</span> <span class='ocrx_word' id='word_1_625' title='bbox 233 3273 277 3311; x_wconf 83' lang='lat' dir='ltr'>ol</span> <span class='ocrx_word' id='word_1_626' title='bbox 296 3272 512 3321; x_wconf 80' lang='lat' dir='ltr'>navigation</span> <span class='ocrx_word' id='word_1_627' title='bbox 535 3273 574 3312; x_wconf 87' lang='lat' dir='ltr'>in</span> <span class='ocrx_word' id='word_1_628' title='bbox 600 3273 682 3312; x_wconf 86' lang='lat' dir='ltr'>that</span> <span class='ocrx_word' id='word_1_629' title='bbox 704 3283 787 3322; x_wconf 84' lang='lat' dir='ltr'>age,</span> <span class='ocrx_word' id='word_1_630' title='bbox 807 3273 891 3311; x_wconf 88' lang='lat' dir='ltr'>that</span> <span class='ocrx_word' id='word_1_631' title='bbox 915 3272 1060 3311; x_wconf 63' lang='lat' dir='ltr'>skulan</span> <span class='ocrx_word' id='word_1_632' title='bbox 1078 3271 1192 3311; x_wconf 90' lang='lat' dir='ltr'>could</span> <span class='ocrx_word' id='word_1_633' title='bbox 1207 3273 1370 3321; x_wconf 77' lang='lat' dir='ltr'>perform</span> <span class='ocrx_word' id='word_1_634' title='bbox 1393 3284 1416 3312; x_wconf 91' lang='lat' dir='ltr'>a</span> <span class='ocrx_word' id='word_1_635' title='bbox 1442 3284 1584 3323; x_wconf 80' lang='lat' dir='ltr'>voyage</span> <span class='ocrx_word' id='word_1_636' title='bbox 1612 3273 1732 3312; x_wconf 87' lang='lat' dir='ltr'>round</span> <span class='ocrx_word' id='word_1_637' title='bbox 1751 3274 1901 3320; x_wconf 76' lang='lat' dir='ltr'>Arabia,</span> <span class='ocrx_word' id='word_1_638' title='bbox 1923 3274 2019 3312; x_wconf 78' lang='lat' dir='ltr'>from</span> <span class='ocrx_word' id='word_1_639' title='bbox 2052 3273 2178 3311; x_wconf 85' lang='lat' dir='ltr'>which</span> <span class='ocrx_word' id='word_1_640' title='bbox 2205 3273 2271 3312; x_wconf 90' lang='lat' dir='ltr'>the</span> <span class='ocrx_word' id='word_1_641' title='bbox 2289 3272 2439 3310; x_wconf 74' lang='lat' dir='ltr'>bravest</span> <span class='ocrx_word' id='word_1_642' title='bbox 2461 3271 2611 3311; x_wconf 77' lang='lat' dir='ltr'>omem</span> <span class='ocrx_word' id='word_1_643' title='bbox 2631 3273 2676 3311; x_wconf 81' lang='lat' dir='ltr'>ol</span> 
     </span>
     <span class='ocr_line' id='line_1_78' title="bbox 117 3325 2670 3378; baseline -0.001 -11"><span class='ocrx_word' id='word_1_644' title='bbox 117 3328 332 3367; x_wconf 77' lang='lat' dir='ltr'>Alexander</span> <span class='ocrx_word' id='word_1_645' title='bbox 353 3328 519 3378; x_wconf 75' lang='lat' dir='ltr'>shrank3</span> <span class='ocrx_word' id='word_1_646' title='bbox 536 3340 581 3368; x_wconf 93' lang='lat' dir='ltr'>or</span> <span class='ocrx_word' id='word_1_647' title='bbox 602 3329 687 3368; x_wconf 85' lang='lat' dir='ltr'>that</span> <span class='ocrx_word' id='word_1_648' title='bbox 706 3339 795 3368; x_wconf 88' lang='lat' dir='ltr'>men</span> <span class='ocrx_word' id='word_1_649' title='bbox 816 3328 906 3367; x_wconf 72' lang='lat' dir='ltr'>who</span> <span class='ocrx_word' id='word_1_650' title='bbox 930 3327 1004 3367; x_wconf 86' lang='lat' dir='ltr'>had</span> <span class='ocrx_word' id='word_1_651' title='bbox 1019 3328 1198 3377; x_wconf 83' lang='lat' dir='ltr'>explored</span> <span class='ocrx_word' id='word_1_652' title='bbox 1223 3327 1289 3366; x_wconf 90' lang='lat' dir='ltr'>the</span> <span class='ocrx_word' id='word_1_653' title='bbox 1306 3328 1430 3368; x_wconf 80' lang='lat' dir='ltr'>desert</span> <span class='ocrx_word' id='word_1_654' title='bbox 1446 3332 1550 3368; x_wconf 77' lang='lat' dir='ltr'>coast</span> <span class='ocrx_word' id='word_1_655' title='bbox 1565 3330 1606 3367; x_wconf 81' lang='lat' dir='ltr'>ol</span> <span class='ocrx_word' id='word_1_656' title='bbox 1627 3329 1824 3375; x_wconf 69' lang='lat' dir='ltr'>Gedrusia,</span> <span class='ocrx_word' id='word_1_657' title='bbox 1844 3327 1981 3367; x_wconf 82' lang='lat' dir='ltr'>should</span> <span class='ocrx_word' id='word_1_658' title='bbox 2002 3327 2047 3365; x_wconf 87' lang='lat' dir='ltr'>be</span> <span class='ocrx_word' id='word_1_659' title='bbox 2074 3328 2145 3366; x_wconf 82' lang='lat' dir='ltr'>less</span> <span class='ocrx_word' id='word_1_660' title='bbox 2168 3326 2302 3374; x_wconf 80' lang='lat' dir='ltr'>‹laring</span> <span class='ocrx_word' id='word_1_661' title='bbox 2324 3325 2415 3364; x_wconf 89' lang='lat' dir='ltr'>than</span> <span class='ocrx_word' id='word_1_662' title='bbox 2435 3335 2484 3364; x_wconf 85' lang='lat' dir='ltr'>an</span> <span class='ocrx_word' id='word_1_663' title='bbox 2499 3335 2670 3376; x_wconf 76' lang='lat' dir='ltr'>unexpe·</span> 
     </span>
     <span class='ocr_line' id='line_1_79' title="bbox 117 3380 2677 3435; baseline -0.001 -12"><span class='ocrx_word' id='word_1_664' title='bbox 117 3384 268 3423; x_wconf 84' lang='lat' dir='ltr'>rienced</span> <span class='ocrx_word' id='word_1_665' title='bbox 302 3386 428 3423; x_wconf 85' lang='lat' dir='ltr'>native</span> <span class='ocrx_word' id='word_1_666' title='bbox 450 3386 493 3424; x_wconf 80' lang='lat' dir='ltr'>ol</span> <span class='ocrx_word' id='word_1_667' title='bbox 517 3385 730 3435; x_wconf 76' lang='lat' dir='ltr'>caryanda.</span> <span class='ocrx_word' id='word_1_668' title='bbox 757 3385 862 3434; x_wconf 77' lang='lat' dir='ltr'>They</span> <span class='ocrx_word' id='word_1_669' title='bbox 882 3385 1060 3425; x_wconf 85' lang='lat' dir='ltr'>returned</span> <span class='ocrx_word' id='word_1_670' title='bbox 1088 3384 1182 3423; x_wconf 71' lang='lat' dir='ltr'>with</span> <span class='ocrx_word' id='word_1_671' title='bbox 1202 3387 1440 3424; x_wconf 76' lang='lat' dir='ltr'>amaaement</span> <span class='ocrx_word' id='word_1_672' title='bbox 1471 3385 1568 3423; x_wconf 85' lang='lat' dir='ltr'>l&#39;rorn</span> <span class='ocrx_word' id='word_1_673' title='bbox 1588 3383 1655 3422; x_wconf 88' lang='lat' dir='ltr'>the</span> <span class='ocrx_word' id='word_1_674' title='bbox 1680 3383 1779 3431; x_wconf 77' lang='lat' dir='ltr'>sight</span> <span class='ocrx_word' id='word_1_675' title='bbox 1803 3384 1847 3422; x_wconf 79' lang='lat' dir='ltr'>ol</span> <span class='ocrx_word' id='word_1_676' title='bbox 1867 3381 2118 3427; x_wconf 77' lang='lat' dir='ltr'>Mussendon,</span> <span class='ocrx_word' id='word_1_677' title='bbox 2144 3381 2260 3421; x_wconf 76' lang='lat' dir='ltr'>while</span> <span class='ocrx_word' id='word_1_678' title='bbox 2289 3380 2432 3419; x_wconf 76' lang='lat' dir='ltr'>Skulax</span> <span class='ocrx_word' id='word_1_679' title='bbox 2461 3381 2677 3421; x_wconf 84' lang='lat' dir='ltr'>succeeded-</span> 
     </span>
     <span class='ocr_line' id='line_1_80' title="bbox 116 3435 2670 3491; baseline -0.001 -12"><span class='ocrx_word' id='word_1_680' title='bbox 116 3439 281 3479; x_wconf 71' lang='lat' dir='ltr'>without</span> <span class='ocrx_word' id='word_1_681' title='bbox 293 3451 315 3477; x_wconf 86' lang='lat' dir='ltr'>a</span> <span class='ocrx_word' id='word_1_682' title='bbox 333 3440 516 3491; x_wconf 76' lang='lat' dir='ltr'>difficulty</span> <span class='ocrx_word' id='word_1_683' title='bbox 533 3452 633 3490; x_wconf 87' lang='lat' dir='ltr'>upon</span> <span class='ocrx_word' id='word_1_684' title='bbox 657 3441 801 3481; x_wconf 91' lang='lat' dir='ltr'>record.</span> <span class='ocrx_word' id='word_1_685' title='bbox 827 3443 900 3481; x_wconf 85' lang='lat' dir='ltr'>But</span> <span class='ocrx_word' id='word_1_686' title='bbox 917 3441 983 3480; x_wconf 90' lang='lat' dir='ltr'>the</span> <span class='ocrx_word' id='word_1_687' title='bbox 1001 3440 1189 3479; x_wconf 82' lang='lat' dir='ltr'>obstacles</span> <span class='ocrx_word' id='word_1_688' title='bbox 1203 3443 1243 3480; x_wconf 90' lang='lat' dir='ltr'>to</span> <span class='ocrx_word' id='word_1_689' title='bbox 1261 3440 1354 3479; x_wconf 86' lang='lat' dir='ltr'>such</span> <span class='ocrx_word' id='word_1_690' title='bbox 1374 3450 1396 3478; x_wconf 92' lang='lat' dir='ltr'>a</span> <span class='ocrx_word' id='word_1_691' title='bbox 1412 3450 1555 3489; x_wconf 72' lang='lat' dir='ltr'>voyage</span> <span class='ocrx_word' id='word_1_692' title='bbox 1579 3450 1642 3477; x_wconf 82' lang='lat' dir='ltr'>are</span> <span class='ocrx_word' id='word_1_693' title='bbox 1662 3448 1880 3477; x_wconf 72' lang='lat' dir='ltr'>numerous.</span> <span class='ocrx_word' id='word_1_694' title='bbox 1903 3453 1923 3472; x_wconf 69' lang='grc' dir='ltr'><strong>ν</strong></span> <span class='ocrx_word' id='word_1_695' title='bbox 1942 3438 2182 3476; x_wconf 80' lang='lat' dir='ltr'>Enumeratis</span> <span class='ocrx_word' id='word_1_696' title='bbox 2197 3436 2416 3483; x_wconf 84' lang='lat' dir='ltr'>obstaculis,</span> <span class='ocrx_word' id='word_1_697' title='bbox 2434 3435 2532 3475; x_wconf 88' lang='lat' dir='ltr'>hanc</span> <span class='ocrx_word' id='word_1_698' title='bbox 2553 3446 2670 3487; x_wconf 82' lang='lat' dir='ltr'>appo·</span> 
     </span>
     <span class='ocr_line' id='line_1_81' title="bbox 75 3491 2669 3545; baseline -0.001 -9"><span class='ocrx_word' id='word_1_699' title='bbox 75 3525 77 3527; x_wconf 91' lang='lat'>-</span> <span class='ocrx_word' id='word_1_700' title='bbox 117 3495 177 3536; x_wconf 87' lang='lat' dir='ltr'>nit</span> <span class='ocrx_word' id='word_1_701' title='bbox 190 3494 433 3534; x_wconf 86' lang='lat' dir='ltr'>coronidem:</span> <span class='ocrx_word' id='word_1_702' title='bbox 453 3511 470 3530; x_wconf 68' lang='lat' dir='ltr'>n</span> <span class='ocrx_word' id='word_1_703' title='bbox 488 3497 610 3536; x_wconf 75' lang='lat' dir='ltr'>These</span> <span class='ocrx_word' id='word_1_704' title='bbox 625 3497 698 3535; x_wconf 84' lang='lat' dir='ltr'>and</span> <span class='ocrx_word' id='word_1_705' title='bbox 718 3508 740 3535; x_wconf 89' lang='lat' dir='ltr'>a</span> <span class='ocrx_word' id='word_1_706' title='bbox 753 3498 897 3545; x_wconf 75' lang='lat' dir='ltr'>variety</span> <span class='ocrx_word' id='word_1_707' title='bbox 917 3498 961 3535; x_wconf 90' lang='lat' dir='ltr'>ol’</span> <span class='ocrx_word' id='word_1_708' title='bbox 970 3497 1082 3535; x_wconf 90' lang='lat' dir='ltr'>other</span> <span class='ocrx_word' id='word_1_709' title='bbox 1099 3496 1327 3542; x_wconf 78' lang='lat' dir='ltr'>difficulties.</span> <span class='ocrx_word' id='word_1_710' title='bbox 1350 3496 1476 3535; x_wconf 71' lang='lat' dir='ltr'>which</span> <span class='ocrx_word' id='word_1_711' title='bbox 1493 3495 1687 3535; x_wconf 74' lang='lat' dir='ltr'>Nearchus</span> <span class='ocrx_word' id='word_1_712' title='bbox 1710 3493 1961 3543; x_wconf 77' lang='lat' dir='ltr'>experienced</span> <span class='ocrx_word' id='word_1_713' title='bbox 1986 3494 2082 3533; x_wconf 82' lang='lat' dir='ltr'>l&#39;rom</span> <span class='ocrx_word' id='word_1_714' title='bbox 2108 3494 2261 3541; x_wconf 83' lang='lat' dir='ltr'>lamine,</span> <span class='ocrx_word' id='word_1_715' title='bbox 2287 3492 2384 3532; x_wconf 82' lang='lat' dir='ltr'>l&#39;rom</span> <span class='ocrx_word' id='word_1_716' title='bbox 2405 3494 2511 3532; x_wconf 84' lang='lat' dir='ltr'>want</span> <span class='ocrx_word' id='word_1_717' title='bbox 2531 3491 2575 3532; x_wconf 69' lang='lat' dir='ltr'>of</span> <span class='ocrx_word' id='word_1_718' title='bbox 2591 3501 2669 3534; x_wconf 73' lang='lat' dir='ltr'>wa·</span> 
     </span>
     <span class='ocr_line' id='line_1_82' title="bbox 115 3547 2669 3599; baseline -0.001 -8"><span class='ocrx_word' id='word_1_719' title='bbox 115 3553 191 3597; x_wconf 75' lang='lat' dir='ltr'>ter,</span> <span class='ocrx_word' id='word_1_720' title='bbox 210 3550 307 3590; x_wconf 70' lang='lat' dir='ltr'>from</span> <span class='ocrx_word' id='word_1_721' title='bbox 325 3550 390 3590; x_wconf 87' lang='lat' dir='ltr'>the</span> <span class='ocrx_word' id='word_1_722' title='bbox 411 3551 507 3590; x_wconf 87' lang='lat' dir='ltr'>built</span> <span class='ocrx_word' id='word_1_723' title='bbox 524 3552 567 3590; x_wconf 79' lang='lat' dir='ltr'>ol</span> <span class='ocrx_word' id='word_1_724' title='bbox 576 3552 633 3590; x_wconf 82' lang='lat' dir='ltr'>his</span> <span class='ocrx_word' id='word_1_725' title='bbox 649 3553 787 3591; x_wconf 80' lang='lat' dir='ltr'>vessels</span> <span class='ocrx_word' id='word_1_726' title='bbox 800 3552 875 3591; x_wconf 90' lang='lat' dir='ltr'>and</span> <span class='ocrx_word' id='word_1_727' title='bbox 889 3553 983 3591; x_wconf 80' lang='lat' dir='ltr'>from</span> <span class='ocrx_word' id='word_1_728' title='bbox 1003 3553 1069 3591; x_wconf 89' lang='lat' dir='ltr'>the</span> <span class='ocrx_word' id='word_1_729' title='bbox 1081 3563 1256 3591; x_wconf 85' lang='lat' dir='ltr'>manners</span> <span class='ocrx_word' id='word_1_730' title='bbox 1270 3552 1312 3591; x_wconf 80' lang='lat' dir='ltr'>ot</span> <span class='ocrx_word' id='word_1_731' title='bbox 1328 3552 1393 3591; x_wconf 86' lang='lat' dir='ltr'>the</span> <span class='ocrx_word' id='word_1_732' title='bbox 1409 3552 1564 3599; x_wconf 69' lang='lat' dir='ltr'>naum,</span> <span class='ocrx_word' id='word_1_733' title='bbox 1585 3553 1686 3589; x_wconf 88' lang='lat' dir='ltr'>must</span> <span class='ocrx_word' id='word_1_734' title='bbox 1708 3549 1842 3589; x_wconf 86' lang='lat' dir='ltr'>induce</span> <span class='ocrx_word' id='word_1_735' title='bbox 1862 3560 1910 3589; x_wconf 91' lang='lat' dir='ltr'>an</span> <span class='ocrx_word' id='word_1_736' title='bbox 1924 3549 2149 3598; x_wconf 75' lang='lat' dir='ltr'>incredulity</span> <span class='ocrx_word' id='word_1_737' title='bbox 2167 3551 2202 3588; x_wconf 93' lang='lat' dir='ltr'>ln</span> <span class='ocrx_word' id='word_1_738' title='bbox 2225 3547 2358 3598; x_wconf 85' lang='lat' dir='ltr'>regard</span> <span class='ocrx_word' id='word_1_739' title='bbox 2376 3547 2419 3587; x_wconf 87' lang='lat' dir='ltr'>ol&#39;</span> <span class='ocrx_word' id='word_1_740' title='bbox 2430 3547 2494 3587; x_wconf 86' lang='lat' dir='ltr'>the</span> <span class='ocrx_word' id='word_1_741' title='bbox 2516 3547 2669 3589; x_wconf 73' lang='lat' dir='ltr'>Penlan</span> 
     </span>
     <span class='ocr_line' id='line_1_83' title="bbox 116 3607 2732 3657; baseline -0.001 -11"><span class='ocrx_word' id='word_1_742' title='bbox 116 3607 302 3653; x_wconf 65' lang='lat' dir='ltr'>mount,</span> <span class='ocrx_word' id='word_1_743' title='bbox 321 3607 518 3646; x_wconf 73' lang='lat' dir='ltr'>whatever</span> <span class='ocrx_word' id='word_1_744' title='bbox 540 3611 685 3656; x_wconf 82' lang='lat' dir='ltr'>respect</span> <span class='ocrx_word' id='word_1_745' title='bbox 707 3618 767 3646; x_wconf 77' lang='lat' dir='ltr'>we</span> <span class='ocrx_word' id='word_1_746' title='bbox 786 3619 871 3657; x_wconf 75' lang='lat' dir='ltr'>may</span> <span class='ocrx_word' id='word_1_747' title='bbox 889 3609 985 3646; x_wconf 77' lang='lat' dir='ltr'>hare</span> <span class='ocrx_word' id='word_1_748' title='bbox 1005 3611 1044 3646; x_wconf 94' lang='lat' dir='ltr'>to</span> <span class='ocrx_word' id='word_1_749' title='bbox 1060 3609 1124 3646; x_wconf 85' lang='lat' dir='ltr'>the</span> <span class='ocrx_word' id='word_1_750' title='bbox 1144 3609 1178 3646; x_wconf 85' lang='lat' dir='ltr'>li</span> <span class='ocrx_word' id='word_1_751' title='bbox 1182 3609 1284 3657; x_wconf 80' lang='lat' dir='ltr'>lelity</span> <span class='ocrx_word' id='word_1_752' title='bbox 1300 3608 1345 3646; x_wconf 78' lang='lat' dir='ltr'>os</span> <span class='ocrx_word' id='word_1_753' title='bbox 1364 3609 1626 3646; x_wconf 77' lang='lat' dir='ltr'>lierodotus.</span> <span class='ocrx_word' id='word_1_754' title='bbox 2730 3619 2732 3621; x_wconf 59' lang='grc'><strong><em>’</em></strong></span> 
     </span>
     <span class='ocr_line' id='line_1_84' title="bbox 169 3657 2646 3712; baseline -0.002 -11"><span class='ocrx_word' id='word_1_755' title='bbox 169 3661 243 3711; x_wconf 51' lang='grc' dir='ltr'>θ’)</span> <span class='ocrx_word' id='word_1_756' title='bbox 261 3664 446 3702; x_wconf 66' lang='lat' dir='ltr'>preterea</span> <span class='ocrx_word' id='word_1_757' title='bbox 460 3663 498 3702; x_wconf 89' lang='lat' dir='ltr'>in</span> <span class='ocrx_word' id='word_1_758' title='bbox 519 3664 683 3702; x_wconf 74' lang='lat' dir='ltr'>tlecatoei</span> <span class='ocrx_word' id='word_1_759' title='bbox 705 3664 923 3712; x_wconf 78' lang='lat' dir='ltr'>fragmentis</span> <span class='ocrx_word' id='word_1_760' title='bbox 941 3663 1083 3702; x_wconf 83' lang='lat' dir='ltr'>mentio</span> <span class='ocrx_word' id='word_1_761' title='bbox 1103 3665 1144 3702; x_wconf 84' lang='lat' dir='ltr'>lit</span> <span class='ocrx_word' id='word_1_762' title='bbox 1164 3663 1368 3712; x_wconf 64' lang='lat' dir='ltr'>Caspapyri</span> <span class='ocrx_word' id='word_1_763' title='bbox 1385 3662 1491 3702; x_wconf 86' lang='lat' dir='ltr'>urbis</span> <span class='ocrx_word' id='word_1_764' title='bbox 1507 3665 1546 3702; x_wconf 91' lang='lat' dir='ltr'>et</span> <span class='ocrx_word' id='word_1_765' title='bbox 1566 3664 1748 3711; x_wconf 84' lang='lat' dir='ltr'>Opiarum</span> <span class='ocrx_word' id='word_1_766' title='bbox 1769 3662 1975 3710; x_wconf 88' lang='lat' dir='ltr'>(Utiorum</span> <span class='ocrx_word' id='word_1_767' title='bbox 1993 3661 2241 3709; x_wconf 79' lang='lat' dir='ltr'>llerodotii&#39;),</span> <span class='ocrx_word' id='word_1_768' title='bbox 2259 3660 2323 3710; x_wconf 84' lang='lat' dir='ltr'>qui</span> <span class='ocrx_word' id='word_1_769' title='bbox 2342 3658 2477 3699; x_wconf 84' lang='lat' dir='ltr'>indum</span> <span class='ocrx_word' id='word_1_770' title='bbox 2497 3657 2646 3698; x_wconf 85' lang='lat' dir='ltr'>accoler</span> 
     </span>
     <span class='ocr_line' id='line_1_85' title="bbox 116 3710 2603 3769; baseline -0.001 -13"><span class='ocrx_word' id='word_1_771' title='bbox 116 3710 297 3757; x_wconf 77' lang='lat' dir='ltr'>dicuntur</span> <span class='ocrx_word' id='word_1_772' title='bbox 319 3718 471 3758; x_wconf 88' lang='lat' dir='ltr'>aliunde</span> <span class='ocrx_word' id='word_1_773' title='bbox 496 3729 572 3757; x_wconf 90' lang='lat' dir='ltr'>non</span> <span class='ocrx_word' id='word_1_774' title='bbox 590 3719 689 3765; x_wconf 89' lang='lat' dir='ltr'>noti,</span> <span class='ocrx_word' id='word_1_775' title='bbox 706 3730 819 3768; x_wconf 89' lang='lat' dir='ltr'>porro</span> <span class='ocrx_word' id='word_1_776' title='bbox 853 3718 1114 3758; x_wconf 84' lang='lat' dir='ltr'>Gandararurn</span> <span class='ocrx_word' id='word_1_777' title='bbox 1132 3722 1170 3757; x_wconf 88' lang='lat' dir='ltr'>et</span> <span class='ocrx_word' id='word_1_778' title='bbox 1192 3720 1420 3757; x_wconf 82' lang='lat' dir='ltr'>Calatiarum</span> <span class='ocrx_word' id='word_1_779' title='bbox 1440 3718 1629 3769; x_wconf 86' lang='lat' dir='ltr'>(quorum</span> <span class='ocrx_word' id='word_1_780' title='bbox 1648 3719 1789 3757; x_wconf 86' lang='lat' dir='ltr'>mentio</span> <span class='ocrx_word' id='word_1_781' title='bbox 1816 3720 1943 3757; x_wconf 79' lang='lat' dir='ltr'>exstat</span> <span class='ocrx_word' id='word_1_782' title='bbox 1964 3718 2077 3757; x_wconf 89' lang='lat' dir='ltr'>etiam</span> <span class='ocrx_word' id='word_1_783' title='bbox 2093 3728 2154 3766; x_wconf 87' lang='lat' dir='ltr'>ap.</span> <span class='ocrx_word' id='word_1_784' title='bbox 2186 3716 2418 3756; x_wconf 78' lang='lat' dir='ltr'>Herodotum</span> <span class='ocrx_word' id='word_1_785' title='bbox 2439 3716 2508 3761; x_wconf 85' lang='grc' dir='ltr'>ΙΙΙ,</span> <span class='ocrx_word' id='word_1_786' title='bbox 2523 3718 2569 3753; x_wconf 74' lang='lat'>³8</span> <span class='ocrx_word' id='word_1_787' title='bbox 2590 3714 2603 3762; x_wconf 93' lang='lat'>)</span> 
     </span>
    </p>
   </div>
   <div class='ocr_carea' id='block_1_14' title="bbox 115 3773 2735 3880">
    <p class='ocr_par' dir='ltr' id='par_1_15' title="bbox 115 3773 2735 3880">
     <span class='ocr_line' id='line_1_86' title="bbox 115 3773 2735 3880; baseline -0.003 -10"><span class='ocrx_word' id='word_1_788' title='bbox 115 3773 697 3879; x_wconf 42' lang='lat' dir='ltr'>wiaeozffsso‘ffifffimnuu</span> <span class='ocrx_word' id='word_1_789' title='bbox 711 3829 879 3869; x_wconf 80' lang='lat' dir='ltr'>Niebuhr</span> <span class='ocrx_word' id='word_1_790' title='bbox 902 3831 927 3868; x_wconf 89' lang='lat' dir='ltr'>l.</span> <span class='ocrx_word' id='word_1_791' title='bbox 957 3830 982 3867; x_wconf 95' lang='lat' dir='ltr'>l</span> <span class='ocrx_word' id='word_1_792' title='bbox 1016 3840 1052 3878; x_wconf 88' lang='lat' dir='ltr'>p.</span> <span class='ocrx_word' id='word_1_793' title='bbox 1082 3835 1149 3869; x_wconf 85' lang='lat' dir='ltr'>llo</span> <span class='ocrx_word' id='word_1_794' title='bbox 1173 3830 1391 3879; x_wconf 73' lang='lat' dir='ltr'>Dionysium</span> <span class='ocrx_word' id='word_1_795' title='bbox 1408 3830 1595 3871; x_wconf 69' lang='lat' dir='ltr'>italicam.</span> <span class='ocrx_word' id='word_1_796' title='bbox 1615 3831 1776 3870; x_wconf 70' lang='lat' dir='ltr'>afferens</span> <span class='ocrx_word' id='word_1_797' title='bbox 1797 3833 1861 3880; x_wconf 84' lang='lat' dir='ltr'>qul</span> <span class='ocrx_word' id='word_1_798' title='bbox 1885 3831 2111 3870; x_wconf 80' lang='lat' dir='ltr'>Antiochum</span> <span class='ocrx_word' id='word_1_799' title='bbox 2127 3832 2239 3869; x_wconf 88' lang='lat' dir='ltr'>vocat</span> <span class='ocrx_word' id='word_1_800' title='bbox 2261 3825 2536 3878; x_wconf 68' lang='grc' dir='ltr'><strong>συγγραφέα</strong></span> <span class='ocrx_word' id='word_1_801' title='bbox 2562 3823 2660 3863; x_wconf 76' lang='grc' dir='ltr'>πάνυ</span> <span class='ocrx_word' id='word_1_802' title='bbox 2730 3835 2735 3847; x_wconf 69' lang='lat'><em>&#39;</em></span> 
     </span>
    </p>
   </div>
   <div class='ocr_carea' id='block_1_15' title="bbox 115 3885 2662 3996">
    <p class='ocr_par' dir='ltr' id='par_1_16' title="bbox 115 3885 2662 3996">
     <span class='ocr_line' id='line_1_87' title="bbox 115 3885 2662 3996; baseline 0.006 -26"><span class='ocrx_word' id='word_1_803' title='bbox 115 3885 288 3989; x_wconf 49' lang='lat' dir='ltr'>&amp;p{gm)</span> <span class='ocrx_word' id='word_1_804' title='bbox 302 3885 485 3983; x_wconf 53' lang='lat' dir='ltr'>ffige</span> <span class='ocrx_word' id='word_1_805' title='bbox 493 3892 630 3993; x_wconf 52' lang='lat' dir='ltr'>clarlfflp.</span> <span class='ocrx_word' id='word_1_806' title='bbox 652 3948 718 3984; x_wconf 78' lang='lat'>¹09</span> <span class='ocrx_word' id='word_1_807' title='bbox 738 3945 843 3982; x_wconf 88' lang='lat' dir='ltr'>not..</span> <span class='ocrx_word' id='word_1_808' title='bbox 861 3943 1080 3982; x_wconf 74' lang='lat' dir='ltr'>«AElterals</span> <span class='ocrx_word' id='word_1_809' title='bbox 1095 3942 1155 3981; x_wconf 86' lang='lat' dir='ltr'>die</span> <span class='ocrx_word' id='word_1_810' title='bbox 1176 3953 1221 3981; x_wconf 84' lang='lat' dir='ltr'>zu</span> <span class='ocrx_word' id='word_1_811' title='bbox 1236 3942 1931 3993; x_wconf 68' lang='lat' dir='ltr'>constantinopelwiffllerhergcstellte</span> <span class='ocrx_word' id='word_1_812' title='bbox 1941 3941 2232 3996; x_wconf 69' lang='lat' dir='ltr'>grammatische</span> <span class='ocrx_word' id='word_1_813' title='bbox 2247 3937 2390 3977; x_wconf 88' lang='lat' dir='ltr'>Schule</span> <span class='ocrx_word' id='word_1_814' title='bbox 2404 3933 2662 3983; x_wconf 67' lang='lat' dir='ltr'>lstuebrisem</span> 
     </span>
    </p>
   </div>
   <div class='ocr_carea' id='block_1_16' title="bbox 115 3984 2399 4050">
    <p class='ocr_par' dir='ltr' id='par_1_17' title="bbox 115 3984 2399 4050">
     <span class='ocr_line' id='line_1_88' title="bbox 115 3984 2399 4050; baseline -0.002 -14"><span class='ocrx_word' id='word_1_815' title='bbox 115 3996 235 4037; x_wconf 83' lang='lat' dir='ltr'>dieses</span> <span class='ocrx_word' id='word_1_816' title='bbox 260 4000 454 4038; x_wconf 64' lang='lat' dir='ltr'>stholium</span> <span class='ocrx_word' id='word_1_817' title='bbox 475 3998 590 4039; x_wconf 86' lang='lat' dir='ltr'>nicht.</span> <span class='ocrx_word' id='word_1_818' title='bbox 612 4002 687 4039; x_wconf 88' lang='lat' dir='ltr'>Der</span> <span class='ocrx_word' id='word_1_819' title='bbox 717 3999 917 4038; x_wconf 83' lang='lat' dir='ltr'>Gebrauch</span> <span class='ocrx_word' id='word_1_820' title='bbox 937 3998 1003 4038; x_wconf 85' lang='lat' dir='ltr'>des</span> <span class='ocrx_word' id='word_1_821' title='bbox 1021 3998 1176 4038; x_wconf 79' lang='lat' dir='ltr'>Worles</span> <span class='ocrx_word' id='word_1_822' title='bbox 1196 3999 1399 4050; x_wconf 75' lang='grc' dir='ltr'>φρόντισμα</span> <span class='ocrx_word' id='word_1_823' title='bbox 1420 3999 1479 4038; x_wconf 77' lang='lat' dir='ltr'>sur</span> <span class='ocrx_word' id='word_1_824' title='bbox 1501 4001 1620 4044; x_wconf 73' lang='lat' dir='ltr'>[luch.</span> <span class='ocrx_word' id='word_1_825' title='bbox 1651 4000 1778 4038; x_wconf 76' lang='lat' dir='ltr'>Ahhan</span> <span class='ocrx_word' id='word_1_826' title='bbox 1785 3998 1915 4046; x_wconf 77' lang='lat' dir='ltr'>llung,</span> <span class='ocrx_word' id='word_1_827' title='bbox 1940 3998 1987 4037; x_wconf 82' lang='lat' dir='ltr'>ist</span> <span class='ocrx_word' id='word_1_828' title='bbox 2012 3984 2399 4045; x_wconf 53' lang='lat' dir='ltr'>neubyznn&#39;tinischa</span> 
     </span>
    </p>
   </div>
   <div class='ocr_carea' id='block_1_17' title="bbox 2721 2668 2756 3839">
    <p class='ocr_par' dir='ltr' id='par_1_18' title="bbox 2721 2668 2756 3839">
     <span class='ocr_line' id='line_1_89' title="bbox 2721 2668 2756 3839; baseline 0 0"><span class='ocrx_word' id='word_1_829' title='bbox 2721 2668 2756 3839; x_wconf 95' lang='lat' dir='ltr'> </span> 
     </span>
    </p>
   </div>
  </div>
 </body>
</html>
