2808 4342
84 193 252 254 .(13-15.)

155 315 214 345 79.
253 294 352 341 Ἀπὸ
385 293 426 337 δὲ
447 290 780 346 Διονυσοπόλεως
803 293 857 343 εἷς
879 291 1086 347 Ὀδησσὸν
1114 293 1259 350 πόλιν,
1286 294 1326 338 ἐν

88 361 120 428 ᾗ
138 366 260 427 ὅρμος
282 362 427 423 ναυσὶ,
449 360 605 405 στάδιοι
625 360 676 416 σ’,
697 361 814 420 μίλια
833 360 911 417 κς’,
937 362 983 406 .'.'
1012 361 1066 412 ς’.

154 450 212 481 so.
249 428 455 485 Ὀδησσὸν
503 429 681 482 κτίζουσι
722 429 943 488 Μιλήσιοι,
994 431 1059 475 ὅτε
1104 430 1328 490 Ἀστυάγης

81 497 194 563 ἦρχε
215 504 287 555 τῆς
317 497 494 554 Μηδίας·
521 500 561 543 ἐν
592 498 729 563 κύκλῳ
755 498 797 544 δὲ
821 501 948 553 αὑτῆς
979 499 1066 561 ἔχει
1091 503 1127 546 Κ
1137 500 1328 561 ροὸύζους

38 585 70 612 ÷5
90 572 276 632 Θρακας.

248 636 348 683 Ἀπὸ
375 636 416 682 δὲ
440 637 650 691 Ὀδησσοῦ
675 637 731 686 εἷς
747 653 819 680 του
838 634 974 695 Αἵμου
1001 635 1072 688 τὰς
1096 637 1324 699 ὑπωρείας,

92 710 134 752 αἱ
152 655 211 762 8δὴ
235 709 290 758 εἷς
312 706 377 751 τὸν
402 706 559 752 Πόντον
579 704 852 760 καθήκουσιν,
883 706 922 749 ἐν
949 709 1011 756 αις
1041 705 1163 767 ὅρμος
1182 725 1326 763 ναυσι,

91 776 247 841 στάδιοι
267 775 325 827 σξ’
331 811 343 832 ‚
372 775 489 834 μίλια
511 772 573 818 λδ’
576 810 587 829 ,
613 773 658 816 ,ι’
678 772 735 824 ς’.

153 861 210 891 82.
246 836 381 903 Αἱμος
416 842 606 902 μέγιστόν
631 843 739 886 ἐστιν
761 842 862 904 ὑπὲρ
885 842 1011 898 αὐτὴν
1031 842 1144 905 ὅρος,
1169 863 1236 905 τῳ
1249 843 1324 890 Κί-

21 927 66 956 ειυ
88 906 350 976 λικιηΤαύρῳ
372 911 418 956 τὸ
443 911 610 971 μέγεθος
633 911 918 973 προσεμφερὴς
935 947 946 966 ,
977 915 1026 973 τῇ
1055 931 1098 956 τε
1121 911 1229 957 κατὰ
1253 916 1327 972 μῆ-

92 1000 160 1034 κος
178 985 258 1027 τῶν
281 981 420 1026 τόπων
445 979 709 1043 παρεκτάσει·
737 980 817 1024 ἀπὸ
839 979 917 1041 γὰρ
943 983 979 1027 Κ
988 981 1165 1042 ροὸύζων
1187 984 1265 1026 τῶν
1282 1001 1326 1026 τε

91 1053 305 1096 Ποντικῶν
327 1050 431 1112 ὅρων
456 1050 553 1111 ἄχρι
587 1052 668 1094 τῶν
691 1049 958 1111 Ἀδριατικῶν
992 1049 1224 1102 διεκὸάλλει
1257 1051 1324 1096 τό·-

88 1139 195 1167 πων.

153 1206 228 1235 83..
244 1189 343 1235 Ἀπὸ
368 1187 409 1233 δὲ
443 1192 512 1234 τοῦ
542 1186 676 1247 Αἵμου
705 1189 760 1238 εἷς
787 1186 1067 1249 Μεσημὸρίαν
1087 1188 1204 1233 πόλιν
1226 1187 1324 1233 στά-

21 1272 66 1300 νιῑι
90 1258 165 1302 διοι
189 1256 385 1319 ζ’,μίλια
419 1257 487 1304 ιὸ’.

153 1343 208 1374 84.
247 1326 363 1383 Αὕτη
383 1332 409 1382 ἡ
437 1326 693 1389 Μεσημὸρία
729 1325 844 1377 πόλις
869 1324 982 1387 παρὰ
1014 1325 1087 1381 τὴν
1120 1324 1325 1386 ὑπώρειαν

88 1399 158 1440 τοῦ
177 1394 430 1454 καλουμένου
451 1394 586 1454 Αἵμου
609 1394 775 1453 κειμένη
790 1429 800 1449 ,
838 1398 887 1454 τῇ
914 1393 1082 1456 Θρᾳκίᾳ
1099 1412 1143 1438 τε
1163 1393 1233 1438 καὶ
1250 1397 1325 1440 Γε-

88 1467 181 1522 τικῇ
204 1463 400 1525 συνορίζει
419 1467 491 1524 γῇ.
562 1463 840 1523 Καλχηδόνιοι
861 1463 903 1506 δὲ·
919 1462 1072 1518 ταύτην
1092 1461 1163 1506 καὶ
1185 1466 1326 1523 Μεγα-

90 1538 169 1593 ρεῖς
187 1531 365 1594 ᾤκισαν,
389 1530 454 1575 ὅτε
479 1529 547 1574 ἐπὶ
571 1529 733 1581 Σκύθας
752 1532 928 1591 Δαρεῖος
945 1531 1226 1592 ἐστρατεύετο,

14 1615 66 1645 220
150 1617 204 1646 85.
241 1600 339 1653 Ἀπὸ
363 1597 405 1644 δὲ
429 1598 707 1660 Μεσημὸρίας
727 1600 781 1648 εἷς
806 1597 1022 1659 Ἀγχίαλον
1048 1599 1181 1653 πόλιν,
1206 1598 1324 1659 ἔχου-

90 1689 164 1715 σαν
194 1669 266 1715 καὶ
288 1667 437 1728 λιμένα
463 1669 544 1719 τοῖς
571 1668 637 1730 ἀφ’
662 1667 836 1727 ἑσπέρας
867 1667 1055 1726 ἀνέμοις,
1085 1668 1242 1711 στάδιοι
1273 1667 1323 1723 0',

90 1739 207 1796 μίλια
240 1735 289 1795 θ’,
309 1739 363 1799 γ’.
435 1738 535 1784 Ἀπὸ
559 1736 598 1782 δὲ
625 1735 842 1797 Ἀγχιάλου
874 1737 929 1786 εἷς
950 1735 1227 1780 Ἀπολλωνίαν
1246 1736 1325 1782 πό-

90 1812 151 1853 λιν
165 1845 178 1866 ,
197 1808 271 1864 τὴν
288 1812 356 1852 νῦν
373 1807 610 1860 Σωζόπολιν
634 1805 858 1865 λεγομένην
874 1840 884 1859 ,
914 1804 1089 1865 ἔχουσαν
1111 1803 1182 1849 καὶ
1205 1805 1325 1862 λιμέ-

87 1896 158 1929 νας
178 1878 378 1939 μεγάλους
402 1876 497 1936 δύο,
521 1876 676 1921 στάδιοι
695 1875 778 1936 ρπ’,
806 1875 922 1933 μίλια
946 1873 1024 1920 κδ’.

16 1965 67 1994 -25
152 1962 208 1993 86.
229 1946 398 2002 Ταύτην
416 1945 488 2001 τὴν
504 1944 781 1992 Ἀπολλωνίαν
798 1944 915 1987 πόλιν
934 1942 1137 1995 κτίζουσιν
1159 1946 1215 1995 εἷς
1231 1944 1324 1996 τοὺς

89 2013 235 2066 τόπους
255 2014 435 2066 ἐλθόντες
452 2016 488 2058 οι
518 2013 718 2067 Μιλήσιοι
742 2012 820 2074 πρὸ
846 2010 1097 2066 πεντήκοντα
1123 2015 1222 2057 ἐτῶν
1252 2016 1324 2068 τῆς

91 2083 228 2147 Κύρου
251 2082 476 2150 βασιλείας.
547 2082 756 2134 Πλείστας
778 2079 857 2143 γὰρ
881 2081 1074 2132 ἀποικίας
1108 2080 1147 2134 ἐξ
1169 2081 1325 2133 Ἰωνίας

89 2153 274 2198 ἔστειλαν
298 2156 352 2204 εἷς
368 2153 435 2198 τὸν
454 2153 632 2207 Πόντον,
654 2151 696 2197 ὃν
720 2150 815 2213 πρὶν
835 2147 1028 2202 Ἄξενον
1015 2166 1060 2195 Λε
1063 2150 1232 2209 γόμενον
1253 2150 1320 2196 διὰ

90 2221 162 2273 τὰς
192 2222 390 2274 ἐπιθέσεις
422 2241 502 2267 των
542 2221 777 2283 βαρὸάριΝ,
810 2219 1087 2281 προσηγορίας
1123 2219 1321 2275 ἐποίησαν

19 2304 67 2333 30
89 2290 275 2343 Εὐξείνου
294 2292 449 2352 τυχεῖν.

151 2376 208 2406 87.
232 2354 366 2405 A‘Sm
390 2366 522 2403 πᾶσαι
540 2360 582 2403 αἱ
607 2357 743 2409 πόλεις
764 2357 1002 2412 Ἑλληνίδες
1018 2356 1118 2401 εἰσὶν
1138 2357 1332 2421 ᾧκισμέῇ

88 2447 156 2471 ναι
176 2430 216 2472 ἐν
240 2433 289 2489 τῇ
311 2427 504 2474 ...κυθίαέ
487 2446 526 2471 εν
549 2430 743 2489 ἀριστερᾷ
767 2426 1023 2471 ἐσπλέοντι’
991 2446 1044 2476 εις
1060 2425 1127 2470 τὸν
1146 2425 1318 2473 Πόντον.

92 2497 191 2543 Ἀπὸ
230 2497 271 2542 δὲ
306 2496 581 2547 Ἀπολλωνίας
616 2516 689 2551 της
726 2514 796 2540 και
827 2495 1102 2549 Σωζοπόλεως
1126 2497 1181 2547 εἷς
1214 2498 1321 2557 Χερ-

93 2566 278 2627 ρόνησον,
303 2569 342 2611 ἐν
361 2560 427 2626 ᾑ“’
404 2584 526 2627 ορμος
545 2584 682 2620 ναυσι,
704 2564 860 2610 στάδιοι
884 2564 933 2620 ξ’,
960 2565 1077 2623 μίλια
1096 2563 1153 2618 η’.
1222 2564 1322 2610 Ἀπὸ

0 2645 67 2675 ’35
91 2634 132 2680 δὲ
152 2617 411 2696 Χερρονήσὸιι
435 2637 489 2685 εἷς
516 2633 701 2680 Αὐλαίου
725 2640 858 2694 τεῖχος
882 2633 927 2678 τὸ
954 2633 1081 2693 [καὶ]
1108 2620 1323 2693 λεγόμενον

90 2703 233 2765 Θήρας
245 2704 452 2766 χωρίον,ε
436 2706 475 2748 ἐν
493 2708 526 2765 ᾧ
541 2704 610 2748 καὶ
631 2701 822 2765 ὕφοραος,
839 2704 996 2747 στάδιοι
1017 2702 1074 2746 σν’
1079 2740 1090 2758 ,
1106 2703 1223 2761 μίλια
1244 2702 1306 2763 λγ’
1312 2738 1323 2757 ,

89 2791 114 2831 γ
184 2772 393 2818 Ἐντευθεν
412 2772 462 2816 τὰ
484 2772 587 2834 μέρη
609 2775 688 2816 τῶν
710 2770 943 2824 Βυζαντίων
966 2770 1193 2832 ἐκδεχεται·
1210 2771 1262 2815 τὰ
1282 2771 1322 2815 δε

89 2840 268 2902 πρότερα
288 2839 456 2902 Θρᾴκης
479 2844 550 2895 τ’ἧς
569 2843 622 2892 εἷς
645 2841 713 2886 τὸν
734 2840 888 2899 Πόντον
907 2840 1167 2895 καθηκούσης
1189 2844 1258 2885 τοῦ
1283 2842 1323 2884 ἐν

91 2913 149 2954 τῶ
174 2910 410 2973 Εὐρωπαίῳ
439 2909 554 2972 μέρει
586 2928 655 2955 του
681 2909 841 2954 Πόντου
866 2909 1082 2971 περίπλου.
1150 2908 1303 2954 Ἀπὸ
1282 2908 1324 2953 οὲ

22 2992 70 3021 *0
93 2981 243 3041 Θηρῶν
261 2978 415 3041 χωρίου
437 2978 529 3034 ἤτοι
556 2983 686 3034 [τοῦ]
716 2977 936 3037 λεγομένου
962 2977 1143 3023 Αὐλαίου
1167 2977 1324 3038 τείχους

91 3050 147 3099 εἷς
170 3048 380 3103 Θυνιάδα,
406 3047 676 3110 ἀκρωτήριον,
698 3049 739 3091 ἐν
762 3067 795 3109 ῳ
815 3047 885 3092 και
909 3045 1032 3109 όρμος
1053 3046 1195 3104 ναυσὶ,
1223 3047 1321 3092 στά-

93 3118 169 3161 διοι
208 3117 283 3179 ρκ’,
326 3118 443 3176 μίλια
488 3118 555 3168 ις’.
621 3116 798 3172 Θυνιὰς,
840 3116 1049 3176 ευλίμενος
1095 3115 1203 3178 ἄκρα
1252 3136 1324 3172 της

91 3187 278 3240 Ἀστικῆς
299 3186 468 3250 Θράκης
484 3187 743 3248 ὑπάρχουσα.

156 3270 212 3300 88.
250 3254 349 3299 Ἀπὸ
375 3254 417 3299 δὲ
434 3255 635 3305 Θυνιάδος
665 3257 720 3307 εἷς
747 3255 1052 3314 Σαλμυδησσὸν
1081 3254 1236 3299 στάδιοι
1266 3254 1321 3313 σ’,

27 3340 70 3367 45
96 3321 210 3380 μίλια
226 3323 304 3378 κς’,
329 3323 374 3367 .'.'
399 3325 451 3376 ς’.
518 3323 676 3369 Τούτου
697 3329 765 3369 τοῦ
789 3324 941 3385 χωρίου
960 3324 1128 3383 μνήμην
1148 3330 1322 3368 ποιεῖται

97 3393 289 3452 Ξενοφῶν
313 3394 332 3435 ὁ
355 3391 656 3452 πρεσῧύτερος,
688 3392 759 3436 καὶ
797 3392 919 3453 μέχρι
944 3392 1087 3437 τούτου
1115 3391 1224 3452 λέγει
1248 3391 1321 3447 τὴν

87 3458 290 3520 ’στρατιὰν
331 3460 458 3503 ἐλθεῖν
486 3463 565 3503 τῶν
600 3459 836 3516 (Ελλήνων,
875 3455 922 3515 ἧς
959 3460 1075 3511 αὐτὸς
1109 3460 1321 3520 ἡγήσατο,

143 3591 267 3640 ’57.9
294 3590 485 3628 στάδιοι
518 3588 554 3628 σ’
574 3591 588 3643 ]
624 3590 730 3629 σταδ.
757 3606 811 3644 σμ
815 3590 954 3640 'cod‚,
976 3605 1057 3630 em.
1075 3592 1264 3638 Vossius.

148 3653 174 3701 ὅ
196 3655 264 3691 80.
289 3665 375 3690 αυτ
384 3652 464 3704 ῆς]
489 3649 602 3701 αυτῆς
631 3650 724 3691 cod.
752 3651 766 3701 Ιι
791 3675 844 3682 -
864 3652 1059 3706 Κροὸύζης
1099 3652 1209 3693 cod.-
1181 3669 1210 3703 ,3
1242 3667 1323 3694 em.

90 3713 134 3749 W
139 3712 283 3751 ossius.

154 3776 176 3825 S
198 3778 267 3815 81.
290 3788 313 3812 σ
331 3772 362 3820 ξ
370 3775 383 3828 ]
404 3775 601 3814 Arrianus
615 3774 739 3815 habet
754 3774 822 3822 τξ’·
813 3808 823 3825 ,
846 3777 888 3815 in
911 3776 1071 3816 Nostris
1090 3777 1148 3816 nil
1166 3784 1326 3817 mutan·

92 3835 198 3875 dum
213 3835 362 3889 probat
377 3836 535 3875 milium
551 3850 746 3877 numerus
758 3846 798 3877 et
816 3847 950 3878 cetera
969 3847 1187 3892 computus
1201 3839 1322 3879 ratio.

155 3902 177 3950 5
197 3903 265 3948 82,
290 3898 318 3938 1.
346 3911 394 3937 12
415 3929 423 3936 .
447 3899 571 3952 ὅρων
591 3898 606 3952 ]
627 3899 724 3953 ὀρῶν
745 3898 858 3948 cod.;
879 3899 960 3940 em.
984 3901 1248 3941 Letronnius.

155 3964 176 4013 5
213 3964 282 4010 84,
321 3960 349 4000 l.
389 3963 453 4000 16.
501 3960 652 4015 παρὰ]
693 3962 777 4017 περὶ
822 3963 974 4016 perieg.
1027 3961 1172 4012 codex.
1217 3963 1232 4016 ΙΙ
1273 3988 1329 3996 -

103 4025 166 4064 18v
188 4022 559 4077 Καρχηδόνιονςοά.

970 190 1261 237 PERIPLUS
1298 191 1481 238 PONTl
1515 185 1741 237 EUXlNI.

2540 204 2624 243 42!

1459 315 1526 354 79.
1561 303 1598 341 A
1631 299 1900 354 Dionysopoli
1932 297 1984 339 ad
2019 298 2222 340 Odessum
2254 299 2427 372 uzrbem,
2474 302 2515 340 in
2552 318 2632 357 qua

1400 356 1521 395 statio
1547 356 1730 405 navium,
1756 354 1887 395 stadia
1919 367 2016 404 200,
2057 353 2169 394 milia
2192 357 2290 408 262
2273 383 2290 387 -
2322 356 2423 406 (Ex
2455 358 2627 399 Arrian.

1399 409 1548 466 535).

1456 467 1522 506 80.
1556 464 1761 506 Odessum
1774 463 1997 505 condidere
2009 463 2173 511 Milesii,
2192 477 2275 517 quo
2292 471 2476 519 tempore
2493 469 2633 522 Astya-

1399 540 1466 579 ges
1484 527 1707 580 regnabat
1697 541 1739 566 in
1757 524 1920 574 Media3
1940 526 2112 578 cingunt
2131 524 2240 564 illam
2263 525 2437 580 Crobyzi
2455 528 2543 567 Th1
2544 543 2633 569 aces

1399 588 1631 644 (Eperieg.
1654 590 1734 641 748
1759 601 1849 642 sqq.
1868 589 1901 640 ).

1455 652 1523 691 81.
1556 650 1622 691 'Ab
1651 649 1811 690 Odesso
1833 648 1888 707 ¹ad
1921 650 2053 690 Haemi
2086 651 2238 690 montis
2266 649 2424 707 radices
2454 652 2496 692 in
2526 655 2635 694 Pon-

1398 726 1488 758 tum
1533 717 1831 772 pertingenteS,
1866 715 1919 757 ad
1961 731 2062 771 quas
2101 718 2221 758 statio
2268 719 2434 759 navium
2449 751 2460 770 ,
2503 721 2635 762 stadia

1407 788 1502 834 260,
1518 783 1631 824 milia
1647 784 1699 832 34
1719 791 1735 839 ξ
1761 784 1862 836 (Ex
1883 783 2056 824 Arrian.
2079 787 2101 837 5
2125 784 2226 840 36).

1455 853 1524 892 82.
1555 852 1724 892 Haemus
1748 851 2047 892 excelsissimus
2065 853 2101 892 ei
2135 853 2415 907 (Mesembriae
2442 858 2531 910 sc.)
2556 858 2633 897 im-

1399 919 1528 958 minet
1548 932 1684 968 mons,
1710 918 1863 959 Ciliciae
1880 920 2022 959 Tauro
2041 920 2183 960 similis
2208 922 2491 974 magnitudine
2509 931 2550 964 et
2568 938 2633 964 se-

1398 985 1582 1026 eundum
1600 985 1900 1039 longitudinem
1919 987 2104 1027 locorum
2123 990 2359 1029 extensione
2373 1005 2384 1040 ;
2399 1004 2422 1030 a
2438 991 2633 1045 Corbyzis

1398 1056 1508 1095 enim
1529 1063 1570 1095 et
1591 1055 1744 1095 finibus
1766 1057 1948 1096 Ponticis
1977 1071 2107 1111 usque
2125 1057 2178 1097 ad
2205 1057 2435 1102 Adriaticos
2451 1061 2634 1101 excurrit

1397 1131 1549 1163 tractus
1573 1124 1590 1176 (
1606 1127 1644 1164 E
1655 1123 1811 1179 [πενίας.
1839 1125 1996 1179 743-47
2016 1127 2048 1178 ).

1454 1192 1522 1232 83.
1554 1190 1621 1232 Ab
1657 1193 1800 1232 Haemo
1838 1192 1890 1232 ad
1922 1192 2214 1234 Mesembriam
2240 1193 2386 1235 urbem
2409 1194 2537 1236 stadia
2561 1211 2629 1250 90,

1382 1259 1507 1309 *milia
1532 1273 1581 1300 12
1601 1260 1703 1312 (Ex
1721 1260 1895 1301 Arrian.
1919 1261 1947 1301 l.
1966 1261 1995 1301 l.
2014 1263 2046 1314 ).

1453 1329 1522 1376 84.
1551 1329 1651 1368 Haec
1680 1328 1929 1368 Mesembria
1963 1329 2062 1368 urbs
2090 1328 2144 1369 ad
2171 1328 2328 1370 radices
2358 1333 2511 1371 montis
2533 1332 2632 1374 dicti

1397 1398 1528 1437 Haemi
1547 1398 1623 1438 sita
1637 1406 1712 1448 est,
1735 1398 1921 1439 Thraciae
1943 1399 2178 1452 Geticaeque
2200 1398 2334 1439 telluri
2354 1402 2630 1451 contermina;

1397 1464 1662 1505 Calchedonii
1694 1473 1735 1505 et
1762 1467 2020 1519 Megarenses
2059 1480 2149 1506 eam
2179 1465 2470 1518 condiderunt,
2506 1470 2633 1509 Dario

1397 1533 1439 1571 in
1459 1533 1626 1588 Scythas
1642 1541 1833 1573 movente
1856 1535 1923 1585 (E
1938 1533 2095 1589 perieg.
2121 1534 2278 1587 738-42
2295 1534 2327 1589 ).

1453 1605 1520 1645 85.
1554 1608 1590 1646 A
1612 1605 1860 1646 Mesembria
1874 1605 1926 1646 ad
1944 1606 2204 1656 Anchialum,
2224 1607 2372 1647 urbem
2391 1609 2633 1649 instructam

1395 1680 1520 1725 portu
1539 1687 1562 1713 a
1580 1674 1711 1712 ventis
1730 1687 1781 1713 ex
1800 1673 2011 1714 occidente
2027 1674 2278 1728 spirantibus
2294 1683 2399 1725 tuto,
2418 1675 2547 1717 stadia
2563 1663 2630 1730 70⁴,

1397 1739 1508 1779 milia
1526 1755 1549 1792 9
1571 1746 1603 1793 {-
1665 1740 1731 1780 Ab
1755 1741 1954 1781 Anchialo
1973 1741 2026 1781 ad
2055 1741 2315 1795 Apolloniam
2339 1743 2501 1793 urbem,
2520 1759 2632 1785 nunc

1396 1808 1614 1862 Sozopolin
1638 1808 1806 1859 dictam,
1832 1810 1939 1849 binis
1963 1811 2119 1862 magnis
2140 1810 2343 1863 portubus
2363 1812 2604 1853 instructam
2619 1844 2631 1864 ,

1396 1877 1525 1917 stadia
1559 1879 1652 1927 180,
1675 1878 1787 1918 milia
1811 1881 1863 1927 24
1887 1878 1980 1931 (Cf.
2000 1878 2175 1919 Arricm.
2196 1882 2218 1931 §
2243 1880 2294 1918 36
2310 1881 2342 1932 ).

1453 1954 1520 1991 86.
1553 1953 1672 1992 Hanc
1691 1952 1952 2007 Apolloniam
1975 1952 2122 1992 urbem
2154 1952 2433 1993 condiderunt
2467 1955 2632 2004 Milesii,

1395 2033 1526 2073 quum
1544 2021 1585 2060 in
1604 2021 1692 2060 haec
1706 2021 1795 2061 loca
1812 2019 2084 2071 devenissent,
2101 2022 2220 2061 annis
2235 2029 2329 2061 ante
2347 2023 2441 2076 Cyri
2461 2037 2635 2076 regnum

1395 2090 1707 2143 quinquaginta.
1770 2089 1974 2130 Plurimas
2004 2090 2116 2130 enim
2143 2089 2323 2130 colonias
2352 2105 2403 2130 ex
2427 2092 2545 2132 Ionia
2563 2092 2634 2132 de-

1395 2155 1605 2196 duxerunt
1627 2158 1668 2196 in
1693 2158 1871 2197 Pontum
1886 2188 1897 2206 ,
1920 2171 2042 2210 quem
2059 2157 2176 2210 prius
2193 2157 2486 2211 Inhospitalem
2505 2160 2558 2199 ob
2574 2161 2632 2200 in·

1394 2223 1516 2263 sidias
1541 2223 1814 2263 barbarorum
1837 2223 2011 2272 dictum,
2039 2224 2260 2278 Hospitalis
2283 2239 2436 2265 nomen
2461 2226 2634 2268 effecere

1394 2292 1573 2331 nancisci
1599 2292 1833 2346 (Eperieg.
1865 2293 2021 2345 731-37
2038 2294 2070 2345 >.

1453 2362 1521 2412 87.
1554 2361 1709 2399 Omnes
1743 2359 1805 2398 hae
1838 2360 2020 2398 civitates
2046 2369 2142 2399 sunt
2174 2362 2342 2410 Graecae,
2379 2361 2556 2403 conditae
2589 2365 2633 2404 in

1396 2423 1576 2476 Scythia,
1602 2424 1781 2462 Pontum
1816 2421 2064 2461 intrantibus
2092 2422 2144 2461 ad
2167 2423 2373 2462 sinistram
2403 2424 2504 2464 sitae.
2567 2427 2633 2466 Ab

1399 2485 1618 2538 Apollonia
1630 2516 1641 2535 ,
1667 2499 1757 2538 quae
1773 2492 1813 2524 et
1828 2484 2059 2537 Sozopolis,
2077 2484 2129 2524 ad
2144 2484 2461 2535 Chersonesum,
2490 2487 2534 2526 in
2552 2502 2634 2542 qua

1394 2547 1515 2587 statio
1540 2547 1730 2596 navibus,
1755 2547 1885 2587 stadia
1910 2549 1977 2595 60,
2010 2546 2124 2586 milia
2144 2549 2183 2587 8.
2246 2550 2282 2589 A
2302 2548 2558 2590 Chersoneso
2580 2550 2632 2590 ad

1395 2609 1524 2649 Aulaei
1544 2623 1730 2659 murum,
1757 2608 1871 2663 quod
1894 2617 1933 2648 et
1949 2608 2106 2648 Theras
2132 2609 2216 2649 sive
2230 2610 2472 2652 Venationis
2491 2613 2632 2652 castel-

1395 2671 1480 2710 lum
1500 2671 1720 2726 appellant,
1749 2671 1819 2710 ubi
1843 2671 2013 2711 navium
2040 2671 2160 2711 statio
2181 2680 2256 2722 est,
2278 2671 2409 2712 stadia
2434 2672 2530 2722 250,
2558 2675 2632 2713 mi-

1395 2732 1447 2772 lia
1463 2734 1514 2773 33
1542 2739 1575 2787 g.
1637 2731 1801 2773 Deinde
1829 2741 1984 2773 tractus
2007 2733 2222 2786 Byzantini
2255 2734 2491 2788 excipiunt3
2511 2749 2632 2789 supe-

1395 2796 1506 2836 riora
1526 2810 1626 2837 vero
1641 2805 1739 2836 sunt
1758 2796 1945 2836 Thracia:
1965 2794 2018 2835 ad
2036 2797 2216 2836 Pontum
2235 2797 2518 2850 pertingentis,
2544 2811 2634 2851 quae

1396 2859 1437 2897 in
1460 2860 1663 2913 Europaea
1676 2867 1791 2913 parte
1809 2867 1869 2898 est
1890 2859 2072 2898 Ponticae
2091 2859 2537 2912 circumnavigationis.
2597 2862 2635 2900 A

1394 2926 1563 2966 Theron
1593 2926 1678 2965 sive
1698 2925 1982 2964 Venationum
2004 2925 2185 2974 castello,
2222 2925 2337 2979 quod
2359 2926 2480 2965 etiam
2503 2926 2635 2966 Aulaei

1396 3008 1539 3034 murus
1549 3001 1733 3043 vocatur,
1752 2992 2070 3047 adThyniadem
2079 2994 2429 3048 promontorium,
2451 2993 2502 3032 ad
2516 2994 2630 3046 quod

1395 3060 1514 3100 statio
1533 3061 1716 3108 navium,
1738 3059 1868 3099 stadia
1888 3073 1980 3109 120,
2003 3059 2113 3100 milia
2130 3063 2178 3099 16
2196 3060 2213 3111 (
2228 3059 2288 3110 Cf.
2309 3060 2482 3099 Arrian.
2503 3062 2524 3111 5
2543 3061 2629 3112 36).

1394 3127 1576 3181 Thynias
1605 3127 1956 3181 promontorium,
1983 3125 2097 3179 quod
2120 3125 2388 3165 commodum
2415 3125 2537 3165 habet
2560 3140 2632 3180 ap-

1395 3195 1575 3250 pulsum,
1596 3194 1780 3234 Thraciae
1805 3193 1952 3232 Astieae
1967 3201 2028 3231 est
2047 3193 2062 3244 (
2080 3195 2118 3232 E
2138 3191 2293 3247 perieg.
2320 3193 2443 3244 729).

1452 3264 1520 3303 88.
1554 3265 1590 3303 A
1616 3258 1831 3315 Thyniade
1851 3256 1903 3297 ad
1925 3257 2228 3312 Salmydessum
2253 3257 2381 3297 stadia
2401 3271 2496 3307 200,
2521 3258 2633 3299 milia

1396 3333 1448 3369 26
1467 3334 1502 3382 -ζ,
1564 3327 1698 3381 Hujus
1725 3326 1803 3366 loci
1833 3325 2021 3367 meminit
2039 3325 2275 3379 Xenophon
2306 3323 2438 3378 major
2461 3325 2628 3380 (Anah.

1396 3397 1483 3449 7,5‚
1500 3398 1559 3450 7),
1574 3403 1613 3435 et
1625 3394 1749 3434 tradit
1757 3395 1998 3435 Graecorum
2010 3392 2253 3441 exercitum,
2271 3393 2337 3431 cui
2354 3393 2431 3446 ipsi
2442 3400 2628 3446 praeerat,

1396 3468 1606 3514 postremo
1627 3472 1722 3496 cum
1756 3456 1907 3496 Seuthe
1940 3455 2100 3494 Thrace
2123 3454 2367 3494 militantem
2383 3485 2395 3503 ‚
2419 3454 2632 3509 hucusque

1456 3594 1477 3643 5
1511 3595 1580 3633 85.
1607 3591 1655 3629 In
1682 3588 1744 3628 his
1775 3586 1971 3626 nonnulla
1998 3594 2109 3635 sunt,
2142 3599 2233 3640 quae
2254 3587 2527 3626 non'notavit
2552 3588 2630 3626 Ar-

1397 3655 1550 3694 rianus.

1456 3719 1478 3768 S
1497 3720 1548 3757 87
1557 3746 1566 3754 .
1585 3714 1682 3753 Haec
1691 3725 1856 3765 quoque
1867 3711 2075 3752 Arrianeis
2084 3710 2291 3751 uberiora.
2310 3710 2469 3762 11—41.
2489 3707 2631 3762 ἀκρω-

1397 3778 1538 3831 τήριο
1553 3775 1603 3829 ν]
1628 3775 1830 3828 ἀκρωτῆρα
1850 3772 1945 3814 cod.
1972 3774 1989 3827 ΙΙ
2015 3796 2071 3804 -
2092 3774 2160 3822 43.
2188 3772 2376 3822 Ἀστικῆ
2392 3772 2442 3824 ς]
2469 3768 2632 3821 Ἀττικῆς

1398 3839 1543 3880 codex.

1456 3903 1478 3952 §
1495 3904 1563 3947 88,
1583 3898 1609 3937 l.
1629 3900 1697 3946 44.
1717 3895 1766 3943 εἷς
1788 3894 2047 3951 Ἁλμυδησσὸν
2063 3896 2175 3944 cod„
2194 3903 2234 3935 ct
2249 3893 2434 3934 similiter
2450 3894 2533 3946 §88
2550 3889 2631 3932 Ἁλ-

1402 3960 1580 4016 μυδισσός
1602 3967 1642 3999 et
1667 3958 1931 4012 Ἃλμυδισσοῦ.
1963 3960 1979 4011 ΙΙ
2006 3982 2061 3989 —-
2088 3958 2156 4006 45.
2179 3958 2404 3998 ποιεῖται
2427 3955 2442 4010 ]
2471 3954 2636 4006 πεποίη-

1346 4028 1352 4033 ”
1401 4039 1463 4064 ται
1482 4028 1576 4064 Λιϊ.
1605 4022 1621 4074 Η
1648 4045 1701 4051 -
1725 4023 1793 4074 47.
1817 4020 2015 4073 στρατειὰν
2033 4019 2178 4060 codex.
