2782 4348
479 0 528 46 0

624 77 740 123 -0

172 216 232 257 7⁶
510 221 559 266 0

235 326 311 359 ιω.
338 313 555 359 Kuum.
584 307 705 356 Mne&
732 307 774 353 δὲ
806 304 1060 368 Παμφυλίαν
1097 302 1268 351 Κιλικία
1292 303 1402 350 ἐστὶν

168 381 308 441 ἔθνος,
336 380 409 427 καὶ
425 380 565 432 πόλεις
581 379 622 424 ἐν
642 379 749 438 αὐτῇ
774 374 884 420 αἵδε·
909 376 1131 433 Σελινοῦς,
1162 373 1405 437 Χαραδροῦς

1050 202 1160 248 ch
1167 199 1342 248 LAClS
1374 200 1835 250 CARYANDENSlS

2611 200 2707 265 (ω.)
2767 159 2782 176 ”

1532 324 1628 355 loa.
1644 313 1827 355 Cmeu.
1842 313 1939 355 Post
1957 311 2240 369 Pamphyliam
2251 319 2312 353 est
2326 310 2483 363 Cilicia,
2503 310 2732 373 urbesqu-
2772 360 2777 362 ,

1475 381 1519 424 in
1533 395 1583 424 ea
1602 390 1698 424 sunt
1717 382 1821 424 hae:
1856 381 2033 434 Selinus,
2057 380 2296 423 Charadrus
2318 380 2417 422 urbs
2449 394 2546 421 cum
2564 378 2746 441 portugss.

169 450 288 503 πόλις
312 450 384 496 καὶ
404 448 556 509 λιμὴν,
579 444 834 505 Ἀνεμούριον
872 442 980 506 ἄκρα
1013 442 1086 488 καὶ
1107 441 1245 500 πόλις,
1269 442 1404 504 Νᾶγι·
1469 449 1744 492 Anemurium
1756 451 2091 506 promontorium
2101 457 2142 491 et
2156 449 2272 501 urbs,
2285 447 2467 503 Nagidus
2483 447 2598 500 urbs,

172 521 240 573 δος
256 518 375 571 πόλις
394 518 462 581 [ἢ]
487 533 557 562 και
580 518 702 569 νῆσον
730 513 832 575 ἔχει.

173 588 280 652 μένα
315 588 568 638 Ποσείδειον,
599 583 752 637 Σάλον,
778 583 949 638 Μυοῦς,
993 580 1233 644 Κιλίνδερις
1270 581 1403 638 πόλις,

169 657 244 704 καὶ
273 656 398 715 λιμὴν
437 650 682 743 Ἄφροδίσιος
716 648 789 695 καὶ
816 648 943 709 λιμὴν
969 646 1132 711 ἕτερος,
1153 650 1406 711 Ὅλμοιπό.

171 727 233 777 λις
256 721 486 779 Ἕλληνις
504 718 732 780 ἀπέχουσα,
752 716 988 780 Σαρπηδὼν
1011 718 1132 771 πόλις
1147 717 1312 783 ἕρημος,
1336 737 1408 766 και

191 830 282 837 ——-

170 877 226 927 V,
244 888 298 916 aa
317 888 326 915 :
335 874 518 929 finisque
530 872 731 929 antiquus
748 859 904 912 Cilibia.-
914 871 1233 925 Melasfluvius.
1252 871 1411 913 Eodem

171 936 298 979 modo
312 935 453 976 statuit
462 932 677 975 Stadiasm.
693 935 718 987 S
735 935 829 987 194,
847 933 1029 989 itemque
1040 932 1283 975 Ptolemaeus
1293 935 1349 983 V,
1368 936 1409 986 8,

166 1014 212 1055 p.
239 999 336 1048 333,
370 1013 412 1052 9,
430 995 770 1052 quandoquidem
791 995 840 1037 τὰ
864 996 1007 1052 Κίὸυρα
1022 1027 1034 1047 ,
1058 996 1291 1052 proximam
1320 1004 1414 1051 post

169 1061 372 1104 Melanem
390 1060 434 1101 ss.
455 1059 617 1110 urbem,
633 1057 720 1114 jam
736 1059 890 1100 Ciliciae
907 1073 1060 1114 asperae
1078 1067 1264 1100 accenset
1286 1059 1413 1114 (Con-

171 1133 235 1166 tra
255 1124 355 1166 alios
378 1122 511 1164 sontes
532 1122 720 1177 sequitur
742 1135 784 1177 p.
810 1121 907 1172 343,
925 1120 998 1162 ubi
1016 1119 1244 1176 Synedram
1266 1119 1413 1161 urbem

170 1186 421 1243 Pamphyliae
441 1184 579 1227 adhuc
599 1184 745 1226 tribuit
762 1184 793 1241 ).
829 1185 939 1226 Hinc
957 1184 1082 1239 igitur
1102 1182 1265 1237 colligas
1282 1183 1415 1238 Scyla-

171 1264 261 1291 cem
276 1248 600 1305 quoqueMelam
611 1248 787 1288 fluvium
803 1260 881 1303 pro
891 1245 1021 1287 limite
1028 1245 1232 1287 habuisse.
1253 1245 1414 1299 Quodsi

170 1311 323 1353 deinde
341 1311 456 1367 quasi
472 1310 725 1366 postliminio
738 1308 953 1350 adduntur
970 1308 1094 1349 urboe
1112 1308 1262 1364 Cibyra
1276 1316 1317 1349 et
1335 1310 1415 1350 Co-

173 1375 390 1423 rao-sium,
407 1382 478 1415 aut
493 1373 596 1414 alius
613 1371 782 1428 quidem
798 1386 867 1412 eas
882 1370 1151 1429 addidit,·aut
1166 1372 1251 1427 ipse
1266 1372 1415 1427 Peripli

172 1445 319 1479 auctor
329 1436 466 1492 plures
482 1435 614 1476 sontes
632 1434 833 1479 adhibens
851 1433 1013 1475 diversa
1028 1434 1205 1475 miscuit.
1224 1436 1415 1477 Ceterum

175 1499 424 1555 Pamphyliae
442 1499 544 1540 finoe
558 1506 651 1554 post
665 1498 928 1539 Coracesium
942 1495 1158 1552 ponendos
1174 1511 1297 1538 nemo
1315 1497 1417 1539 alius

175 1561 440 1611 corroborat;
458 1562 648 1617 proxime
664 1568 800 1602 tamen
819 1559 932 1601 obest
948 1558 1110 1609 Strabo,
1128 1559 1195 1599 cui
1212 1560 1419 1616 Pamphy·

170 1625 239 1667 liae
262 1624 483 1680 παράπλους
504 1632 565 1665 oet
592 1622 823 1664 stadiorum
859 1624 955 1673 650,
981 1624 1182 1663 terminus
1197 1636 1296 1664 vero
1311 1623 1420 1665 inter

175 1685 470 1730 Ptolemaidem
498 1694 540 1727 et
570 1685 848 1736 Coracaium,
879 1684 992 1741 quod
1023 1686 1157 1742 ipsum
1186 1693 1248 1727 est
1271 1684 1295 1738 ἡ
1317 1684 1418 1741 ἀρχὴ

175 1753 245 1803 τῆς
271 1750 452 1806 τραχείας
477 1748 662 1798 Κιλικίας.
690 1749 873 1803 Longius
900 1749 1041 1799 etiam,
1066 1762 1197 1805 usque
1225 1747 1279 1789 ad
1309 1752 1418 1791 Ane-

176 1814 360 1855 murium
378 1826 536 1869 prom.,
560 1812 663 1854 fines
677 1811 873 1868 producit
886 1811 994 1853 Mela
1008 1813 1044 1861 1,
1062 1811 1134 1861 13;
1156 1825 1291 1866 neque
1304 1811 1422 1853 aliter

178 1876 366 1917 statuisse
385 1874 548 1917 videtur
563 1874 722 1917 Plinius
733 1875 789 1925 V,
805 1875 873 1916 23.
892 1873 1057 1927 Quibus
1067 1872 1173 1915 adde
1185 1874 1420 1916 Heoetaeum

181 1938 196 1995 (
222 1938 275 1980 sr.
301 1938 383 1980 252
404 1938 419 1995 )
440 1938 512 1994 qui
530 1935 737 1992 Nagidum
758 1936 903 1978 urbem
933 1936 1209 1978 sitam-fuisse
1227 1936 1329 1978 dicit
1360 1952 1424 1993 με·

178 2000 271 2050 ταξὶο
282 2000 454 2049 Κιλικίας
471 2000 537 2041 καὶ
556 1999 797 2055 Παμφυλίας,
819 2000 861 2040 in
882 1998 1072 2040 confiniis
1087 1998 1238 2040 Ciliciae
1252 2007 1292 2040 et
1304 2001 1422 2041 Pam-

177 2062 344 2119 phytiae,
361 2063 418 2104 ita
431 2061 602 2119 quidem
617 2062 782 2118 opinor,
804 2070 849 2102 ut
867 2060 1073 2115 Nagidum
1092 2069 1132 2102 et
1144 2060 1419 2112 Celenderim,

180 2125 415 2168 Naxiomm
433 2125 629 2174 colonias,
651 2138 877 2179 earumque
895 2122 1075 2165 ditiones
1092 2138 1115 2165 a
1130 2124 1368 2181 Pamphylia
1383 2133 1424 2166 et

181 2187 325 2230 Cilicia
346 2186 631 2242 distingueret.
654 2185 943 2229 Artemidorus
959 2187 1123 2228 initium
1138 2186 1289 2229 Ciliciae
1310 2202 1334 2229 a
1348 2189 1424 2230 Ce-

177 2249 338 2292 lenderi
354 2250 458 2292 urbe
473 2250 626 2305 posuit,
648 2257 748 2290 teste
766 2249 967 2291 Strabone
985 2250 1103 2299 xlv,
1128 2263 1171 2304 p.
1193 2253 1289 2304 670,
1309 2250 1423 2306 quod

174 2327 277 2355 cum
302 2313 367 2365 iis,
389 2327 481 2370 quae
498 2312 551 2354 de
580 2313 770 2354 Hecataeo
803 2311 929 2353 modo
948 2311 1050 2362 dixi,
1078 2312 1191 2354 facile
1211 2313 1304 2355 licet
1326 2329 1425 2356 con·

178 2374 332 2416 eiliare.

237 2440 261 2491 S
283 2450 376 2480 102.
402 2435 434 2478 X
446 2451 500 2492 αρ
514 2451 539 2477 α
550 2437 572 2476 ’δ
585 2451 629 2491 ρο
641 2439 663 2476 ὖ
676 2453 692 2485 ς
709 2437 724 2492 ]
740 2437 807 2479 Sic
821 2438 944 2479 etiam
960 2436 1107 2479 Strabo
1122 2438 1240 2489 XIV,
1258 2453 1299 2495 p.
1324 2443 1421 2495 6693

180 2501 375 2556 Χάραδρος
409 2498 625 2541 Stadiasm.
652 2503 676 2553 S
716 2513 792 2555 179
818 2515 880 2556 sq.
915 2502 1037 2542 Nunc
1071 2501 1305 2543 Kleamdra.
1329 2506 1344 2558 ΙΙ
1369 2527 1426 2534 -

175 2564 207 2615 ἢ
230 2564 314 2604 καὶ
336 2579 355 2603 ν
371 2565 395 2614 ῆ
412 2577 489 2603 σον
515 2561 653 2618 ἔχει]
674 2564 698 2615 ἣ
734 2562 893 2604 addidi.
931 2563 1100 2619 Νάγιδος
1118 2564 1228 2613 πόλις
1244 2573 1285 2606 et
1306 2564 1427 2621 Ναγι-

183 2626 327 2665 ὂοῦσσα
345 2624 359 2680 (
379 2624 625 2679 Ναγιδόεσσα
643 2625 832 2666 Meineke
851 2625 866 2682 )
890 2640 941 2667 ex
963 2627 1154 2667 Hecataeo
1172 2634 1427 2669 memoratur

183 2702 208 2728 a
227 2687 438 2742 Stephano
454 2702 487 2728 s.
510 2701 551 2727 v.
578 2686 643 2729 Cf.
661 2688 808 2729 Strabo
827 2702 870 2744 p.
890 2692 972 2743 670
994 2702 1005 2730 ε
1038 2688 1151 2730 Ἐστι
1165 2690 1337 2744 Νάγιὸος
1358 2691 1428 2731 πό-

178 2752 244 2800 λις
262 2756 411 2807 πρῶτον
437 2750 533 2806 μετὰ
550 2751 595 2792 τ“ο
616 2750 857 2807 Ἀνεμούριον
870 2767 878 2775 ·
908 2750 996 2792 εἶτα
1016 2749 1186 2807 Ἀρσινόη
1205 2753 1426 2808 πρόσορμον

163 2814 347 2869 azy-oasa.
371 2813 478 2854 Mela
499 2816 535 2863 1,
568 2817 616 2863 14
640 2827 650 2854 ;
675 2813 897 2855 Celenderis
921 2822 960 2855 et
988 2813 1183 2866 Nagidus
1197 2815 1427 2857 Samiorum

185 2875 369 2917 colonien.
399 2878 415 2928 Ι]
438 2899 495 2906 -
512 2874 697 2931 Σητον]
718 2877 775 2916 sic
798 2874 945 2916 codex.
977 2875 1103 2927 Συκήν
1126 2875 1236 2931 conj.
1261 2878 1427 2919 Grono-

184 2939 278 2979 vius
299 2936 447 2978 collato
470 2936 706 2992 Stephano:
726 2936 865 2977 Συκαί·
889 2936 969 2977 ἔστι
989 2937 1054 2978 καὶ
1071 2937 1174 2990 ἄλλη
1190 2938 1242 2978 Συ
1245 2938 1309 2990 κη,
1335 2939 1431 2993 πλη-

184 3002 272 3043 σίον
293 3000 563 3056 Συρακουσῶν,
597 3014 663 3040 και
699 2999 725 3039 Κ
742 2999 947 3050 ιλικίας,
979 3009 1020 3041 et
1039 3001 1287 3057 Geogiapho
1326 3005 1425 3044 Rav.

187 3064 296 3107 ubi:
319 3061 597 3111 Anemurion,
636 3061 835 3111 Arsinoe,
873 3062 1000 3111 sicas,
1044 3063 1279 3105 alenda-is.
1310 3064 1429 3107 Adde

189 3126 435 3170 Athenaeum
450 3138 493 3181 p.
516 3125 586 3179 78,
607 3125 669 3166 B:
690 3124 755 3165 καὶ
781 3124 924 3167 Συκέαν
944 3125 1057 3167 πόλιν
1071 3140 1173 3167 ιιναι
1196 3126 1235 3168 ἔν
1260 3126 1425 3168 Κιλικία.

189 3186 452 3238 Emendatio,
476 3201 602 3243 quam
621 3188 776 3243 recepit
802 3187 1028 3240 fabricius,
1058 3188 1195 3245 paullo
1215 3189 1431 3232 violentior

162 3244 168 3248 ⁸
189 3265 276 3292 esse
304 3250 406 3292 mihi
426 3248 606 3291 videtur.
633 3251 763 3292 Manu
787 3250 993 3293 lenissima
1018 3253 1271 3308 reposuerim
1304 3253 1429 3306 Κητδν

190 3313 254 3355 vel
273 3313 554 3368 livinum-Nam
577 3325 707 3369 quum
724 3314 998 3355 Anemurium
1018 3323 1058 3355 et
1072 3323 1288 3371 sequentes
1309 3315 1431 3358 urbes

190 3377 407 3417 maritimae
442 3389 574 3431 usque
611 3374 663 3417 ad
688 3375 939 3432 Zephyrium
962 3378 1295 3433 promontorium
1321 3379 1431 3435 apud

189 3437 457 3479 Ptolemaeum
477 3436 581 3490 Κήτ
594 3438 660 3478 ιὸι
681 3439 839 3493 regioni
859 3439 1133 3494 assignentur,
1157 3439 1263 3481 hanc
1284 3440 1429 3496 ipsam,

192 3499 312 3540 sicuti
349 3501 581 3555 proximam
617 3501 855 3553 Σελενίτιδα,
888 3502 941 3544 ab
971 3502 1074 3545 urbe
1097 3518 1248 3545 nomen
1281 3502 1432 3546 habere

187 3561 461 3617 probabiliter
475 3571 652 3605 statuere
671 3564 779 3607 licet.
804 3565 917 3607 Urbs
936 3579 1049 3617 vero,
1074 3567 1116 3607 ni
1137 3566 1268 3618 fallor,
1288 3565 1430 3609 eadem

159 3666 162 3667 ⁷
192 3630 272 3674 αι,
293 3637 384 3678 quae
396 3633 534 3679 postea
552 3625 697 3680 (sicuti
717 3628 929 3669 Marium‘
920 3643 961 3669 111
978 3630 1116 3684 Cypro
1133 3628 1147 3686 )
1167 3644 1191 3671 a
1206 3628 1433 3672 Ptolemaeis

195 3684 373 3727 Arsinoe
388 3694 529 3727 vocata
544 3696 619 3737 est,
638 3687 738 3729 dum
753 3690 865 3743 regio
878 3691 1058 3745 priscum
1076 3706 1227 3733 nomen
1243 3692 1429 3734 retinuit.

196 3740 324 3799 Κητον
343 3747 428 3788 sive
446 3747 526 3799 Κή·
531 3763 587 3789 ιον
603 3751 770 3791 nomine
793 3751 1057 3807 responderet
1075 3754 1166 3795 urbi
1190 3755 1350 3810 Cypriae
1367 3755 1435 3797 Ci-

196 3809 258 3851 tio
272 3808 358 3850 sive
378 3810 520 3860 Cittio,
537 3825 628 3866 quae
647 3813 706 3852 sic
720 3812 828 3853 dicta
848 3821 906 3853 est
929 3828 952 3854 a
968 3823 1088 3868 gente
1108 3815 1256 3865 kilino,
1282 3817 1354 3858 Χετ
1358 3816 1435 3872 teip-

197 3871 215 3925 (
235 3871 324 3913 Jos.
345 3884 387 3922 2,
409 3884 476 3915 ιο.
499 3872 651 3914 Ezecb.
676 3886 744 3929 27,
768 3879 793 3915 6
823 3875 855 3930 ),
878 3876 977 3925 sive,
1000 3885 1043 3917 ut
1059 3891 1153 3918 cum
1171 3879 1433 3934 Septuaginta

198 3932 378 3989 interpp.
403 3932 591 3990 (Genoe.
631 3948 697 3987 ιο,
729 3939 752 3986 4
775 3937 788 3993 )
811 3937 971 3992 loquar,
995 3937 1114 3979 ἀπὸ·
1094 3943 1169 3979 τῶν
1199 3939 1277 3992 lint
1284 3941 1366 3982 ι’ων.
1384 3942 1432 3982 ln

194 3995 350 4036 Genesi
364 4004 510 4038 auctor
526 3997 658 4052 gentis
670 4005 732 4039 est
742 4000 895 4047 lama,
914 3998 1024 4055 apud
1040 4014 1192 4055 gra‘cos
1217 4016 1282 4042 scr
1285 4002 1435 4058 iptoroe

206 4059 293 4098 Yon
311 4073 359 4099 ex
383 4059 583 4116 AEgypto
572 4074 614 4102 111
642 4062 701 4117 C>
704 4075 824 4118 prum
850 4063 1071 4115 transiisse,
1089 4063 1300 4119 filiumque
1322 4068 1435 4107 (Neu

1477 592 1566 626 tum
1593 593 1656 627 αι
1673 584 1910 636 Posidium,
1935 594 2024 627 tum
2047 584 2186 627 Salum
2219 584 2290 642 (Ρ),
2313 586 2383 641 My
2387 585 2451 635 us,
2476 583 2714 627 Celenderis

1477 653 1594 706 urbs,
1613 662 1655 696 et
1669 662 1815 711 portus
1830 653 2132 711 Aphrodisius,
2155 655 2253 696 item
2268 653 2371 696 alius
2389 662 2550 710 portus,
2575 652 2714 695 llolmi
2740 650 2747 698 ζ

1479 720 1579 763 urbs
1594 731 1763 778 portum
1782 722 1949 773 habens,
1972 720 2201 778 Sarpedon,
2232 721 2332 763 urbs
2364 720 2540 772 deserta,
2573 729 2613 763 et
2637 721 2715 762 ssu·

900 510 1012 574 Πρὸς
1028 511 1071 557 δὲ
1089 509 1163 568 τὴν
1183 511 1320 569 Σητὸν
1336 513 1407 558 λι-
1470 516 1593 559 etiam
1605 517 1778 559 insulam
1793 517 1930 559 babet.
1992 516 2057 560 Ad
2078 518 2220 559 Setum
2245 517 2260 573 (
2279 520 2449 559 caum?
2467 517 2480 572 )
2503 530 2599 557 vero
2586 436 2782 763 30τῖ

1482 875 1501 927 (
1525 873 1630 915 Celes
1660 873 1815 915 dicitur
1845 887 1913 929 ap.
1948 874 2136 916 Servium
2162 874 2214 917 ad
2244 876 2363 930 virg.
2393 877 2546 929 Georg.
2575 877 2631 926 X,
2666 878 2715 927 8;

1484 934 1628 987 Κέλτης
1657 936 1701 977 ἱ11
1728 935 1858 977 schol.
1889 935 2062 992 Dionys.
2085 937 2190 992 5095
2209 938 2324 993 quod
2354 940 2509 995 optime
2540 940 2719 981 correxit

1482 998 1647 1038 Movers
1679 996 1821 1038 Phoen.
1841 996 2025 1039 Alter-th.
2049 998 2088 1038 11
2104 1027 2116 1047 ,
2133 1011 2175 1054 p.
2201 1002 2312 1055 204)
2341 1001 2527 1054 genuisse
2549 1000 2716 1043 dicitur.

1483 1060 1587 1100 Cetii
1604 1059 1646 1100 hi
1675 1067 1717 1100 et
1745 1073 1820 1115 per
1835 1067 1964 1100 totam
1990 1059 2175 1114 Cyprum
2192 1068 2310 1102 erant
2336 1060 2525 1118 dispersi,
2549 1063 2653 1105 adeo
2674 1072 2722 1105 ut

1484 1121 1630 1177 Χέθιμα
1660 1121 1792 1162 insula
1819 1135 1842 1162 a
1880 1120 2089 1162 nonnullis
2117 1120 2324 1163 diceretur
2358 1121 2566 1180 (soeeph.
2602 1128 2653 1168 A.
2678 1128 2718 1167 J.

1483 1186 1519 1233 Ι,
1539 1188 1580 1235 6,
1606 1197 1623 1224 1
1649 1192 1728 1225 ete.
1755 1183 1788 1240 ),
1813 1192 1853 1225 et
1883 1185 1926 1225 in
1951 1183 2163 1226 Phoenicia
2193 1184 2314 1225 variis
2334 1183 2436 1226 locis
2469 1198 2547 1227 nec
2574 1189 2720 1230 nonin

1484 1245 1634 1287 Rhodo
1667 1244 2036 1302 deprehenduntur
2064 1246 2079 1303 (
2102 1260 2143 1288 v·
2180 1247 2345 1288 Movers
2368 1245 2396 1288 1.
2425 1245 2454 1287 l.
2478 1244 2511 1303 ).
2545 1248 2722 1293 Eosdem

1485 1310 1610 1365 igitur
1632 1310 1755 1351 etiam
1778 1311 1822 1351 in
1850 1310 2035 1352 Ciliciam
2060 1310 2267 1351 transiisse
2281 1308 2378 1366 jure
2399 1311 2631 1363 statuimus,
2652 1312 2723 1356 ubi

1486 1387 1570 1413 non
1604 1373 1646 1414 in
1669 1387 1742 1414 ora
1761 1381 1922 1415 tantum
1950 1372 2242 1423 consederunt,
2267 1371 2341 1414 sed
2362 1373 2406 1414 in
2427 1372 2725 1418 mediterranea

1485 1437 1609 1478 etiam
1628 1444 1861 1492 penetrasse
1872 1435 2040 1487 debent,
2054 1434 2260 1491 siquidem
2274 1434 2380 1478 Olbe
2395 1435 2458 1478 vel
2476 1436 2624 1479 Olbasa
2641 1452 2722 1479 sec.

1486 1499 1753 1541 Ptolemaeum
1772 1498 1811 1541 ἐν
1843 1498 1977 1551 Κήτιδι
2004 1500 2080 1540 sita
2098 1507 2202 1551 erat,
2230 1506 2354 1555 atque
2375 1498 2629 1556 Calycadnus
2652 1501 2727 1543 nu-

1489 1561 1578 1602 vius
1596 1576 1619 1602 e
1641 1560 1785 1603 Cetide
1809 1562 1976 1615 regione
1997 1575 2205 1616 emergere
2238 1559 2414 1603 traditur
2437 1575 2504 1618 ap.
2537 1563 2657 1604 Basil.
2684 1564 2726 1605 in

1485 1625 1576 1665 vit.
1595 1625 1638 1666 S.
1661 1623 1840 1675 Theclae,
1863 1624 1890 1666 l.
1916 1626 1951 1675 1,
1975 1638 2019 1680 p.
2048 1637 2142 1674 120,
2175 1631 2345 1666 notante
2368 1624 2649 1679 Wesselingio
2671 1626 2723 1668 ad

1485 1687 1586 1728 Itin.
1611 1700 1654 1742 p.
1675 1699 1773 1728 212.
1796 1686 1828 1743 ).
1858 1688 1875 1741 Ι]
1900 1686 2274 1728 -Ποσείδειον
2290 1717 2302 1737 ,
2326 1686 2523 1742 Σάλον]
2546 1687 2727 1731 Ποσειῦέ-

1489 1764 1587 1805 ριον,
1617 1749 1744 1791 Σάλον
1761 1749 1919 1800 codex3
1944 1764 2026 1791 em.
2057 1748 2291 1791 Salmasius.
2321 1749 2385 1790 De
2405 1747 2574 1791 Posidio
2586 1763 2724 1807 prom.

1489 1826 1530 1853 v.
1551 1810 1768 1871 Stadiasm.
1791 1814 1815 1867 S
1838 1813 1914 1868 175
1938 1811 1952 1868 (
1976 1825 2089 1853 nunc
2112 1812 2215 1867 Cap.
2247 1810 2458 1853 Kizliman
2482 1810 2526 1868 );
2549 1810 2603 1854 de
2634 1812 2729 1855 Salo

1490 1889 1575 1917 non
1600 1883 1775 1927 constat,
1797 1890 1931 1931 neque
1945 1874 2064 1917 aliam
2079 1874 2226 1916 urbem
2245 1881 2340 1915 ante
2357 1874 2575 1930 Myuntem
2596 1882 2638 1916 et
2651 1876 2729 1918 Ge-

1489 1936 1690 1980 lenderim
1714 1937 1951 1995 ponendam
1969 1938 2161 1979 novimus
2179 1937 2258 1978 nisi
2274 1939 2417 1992 §ream
2431 1935 2494 1978 vel
2509 1940 2632 1993 Syros
2644 1970 2655 1987 ,
2678 1936 2731 1981 de

1490 2015 1574 2057 qua
1587 2016 1713 2058 supra
1730 2002 1891 2053 monui,
1908 2009 1950 2043 et
1968 2000 2197 2045 Melaniam
2213 1999 2311 2057 (ap.
2327 1998 2568 2042 Strabonem
2601 2000 2629 2042 l.
2651 2001 2662 2043 Ι
2669 2034 2678 2043 .
2695 2001 2727 2058 ).

1491 2063 1640 2114 Σολοῦς
1668 2063 1779 2120 conj.
1800 2065 1989 2115 Vossius,
2013 2078 2099 2119 quo
2127 2062 2232 2105 nibil
2251 2062 2481 2115 lucramur,
2512 2062 2630 2112 σάλος
2652 2064 2727 2120 leg.

1492 2126 1622 2168 voluit
1639 2127 1812 2177 Gailius,
1833 2126 1906 2168 sed
1927 2141 1974 2169 ea
2001 2140 2102 2168 voce
2120 2126 2164 2167 in
2193 2124 2380 2182 Periplis,
2405 2125 2478 2182 qui
2511 2134 2731 2168 nautarum

1492 2189 1536 2230 in
1558 2202 1680 2230 usum
1706 2189 1961 2240 scribuntur,
1986 2187 2331 2243 frequentissima,
2354 2186 2505 2229 Noster
2523 2201 2577 2230 ne
2608 2188 2733 2231 semel

1492 2250 1662 2307 quidem
1680 2252 1827 2293 utitur.
1856 2251 1873 2303 ΙΙ
1898 2275 1956 2283 -
1987 2250 2176 2304 Μυοῦς]
2196 2248 2333 2292 Plinio
2350 2247 2505 2292 dicitur
2522 2249 2730 2307 Myanda,

1493 2315 1536 2356 in
1550 2313 1819 2369 Stadiasmos
1839 2317 1915 2370 174
1927 2313 2130 2367 Μανδάνη.
2152 2312 2170 2366 ΙΙ
2184 2336 2242 2345 —
2258 2311 2501 2370 Κελενδιρ
2514 2312 2582 2369 [ς]
2601 2312 2738 2356 Kou-

1493 2377 1572 2433 δρὶς
1599 2376 1757 2429 codex;
1781 2391 1862 2419 em.
1888 2375 2094 2419 Hooechel.
2113 2378 2130 2432 ΙΙ
2157 2399 2216 2408 —
2238 2373 2587 2434 Ἀφροδίσιον]
2612 2375 2738 2434 Ἀφρο-

1493 2441 1615 2489 δισιάς
1642 2439 1858 2483 Stadiasm.
1894 2443 1918 2494 S
1951 2443 2028 2494 169
2062 2453 2173 2495 sqq„
2204 2437 2378 2481 Ptolem.
2404 2439 2461 2491 V,
2499 2440 2542 2492 8,
2563 2452 2608 2497 p.
2636 2441 2734 2494 343,

1495 2502 1657 2545 Diodor
1675 2505 1794 2555 XIX,
1821 2504 1896 2556 54;
1923 2503 2065 2545 Livius
2083 2502 2286 2553 xxxm,
2310 2514 2387 2552 203
2407 2501 2603 2558 stephan.
2623 2516 2659 2545 s.
2674 2516 2733 2555 ν.;

1495 2566 1653 2608 Plinius
1671 2567 1728 2618 V,
1753 2579 1807 2607 αα
1829 2579 1840 2608 :
1854 2564 2183 2622 promontorium
2211 2573 2251 2605 ee
2275 2562 2475 2621 oppidum
2496 2563 2682 2606 Veneris.
2712 2566 2729 2620 ΙΙ

1493 2652 1552 2660 -
1569 2626 1716 2685 λιμὴν
1749 2628 1948 2683 ἔτερος]
1969 2627 2189 2669 Proximus
2203 2625 2256 2668 ab
2274 2624 2576 2681 Aphrodisiade
2590 2635 2736 2682 portus

1496 2692 1539 2732 in
1557 2690 1775 2733 Stadiasm.
1806 2689 2049 2743 Νησοόλιος,
2081 2688 2233 2731 deinde
2266 2687 2413 2739 Μόλαι,
2435 2696 2525 2730 ι11111
2546 2687 2735 2746 Ὀλμοι

1499 2753 1514 2810 (
1538 2753 1648 2795 ὁάνοι
1677 2751 1810 2795 codex
1836 2751 1992 2808 Scylac.
2021 2751 2055 2809 ).
2101 2753 2200 2794 Post
2227 2750 2304 2792 hae
2339 2749 2520 2793 Seleucia
2550 2750 2566 2807 (
2588 2753 2736 2796 Strabo

1496 2829 1540 2872 p.
1572 2819 1655 2871 670
1684 2815 1716 2872 ).
1744 2815 1770 2871 ΙΙ
1792 2838 1850 2847 -
1870 2813 2078 2867 ἱλληνὶς
2115 2812 2348 2869 ἀπέχουσα]
2393 2813 2604 2857 Distantiae
2639 2825 2737 2860 nota

1497 2877 1697 2919 excidisse
1722 2875 1933 2928 videntum
1967 2885 2010 2919 at
2033 2889 2165 2933 quum
2196 2876 2237 2917 in
2260 2876 2407 2918 ceteris
2442 2875 2564 2919 nullae
2587 2887 2736 2922 noten-

1498 2947 1567 2982 tur
1588 2938 1806 2991 distantiae,
1831 2952 1965 2995 neque
1982 2938 2064 2982 hoc
2082 2938 2173 2980 loco
2205 2937 2463 2980 intervallum
2481 2953 2505 2981 a
2524 2938 2615 2982 loco
2634 2955 2737 2997 prae-

1498 3001 1669 3045 cedente
1681 3002 1906 3045 indicatum
1923 3002 2067 3054 suerin
2082 3002 2227 3044 urbem
2241 3001 2364 3044 fuisse
2375 3000 2734 3058 mediterraneam,

1500 3073 1546 3106 ut
1566 3064 1724 3107 Gailius
1745 3065 1991 3121 suspicatur,
2012 3063 2073 3106 vel
2100 3073 2317 3120 propterea
2340 3078 2424 3106 non
2442 3073 2502 3107 est
2524 3066 2737 3122 probabile

1500 3126 1613 3183 quod
1637 3126 1746 3169 nulla
1761 3126 1848 3182 ejus
1868 3127 1925 3169 rei
1947 3127 2102 3168 mentio
2122 3126 2168 3168 iit
2187 3127 2228 3168 in
2244 3125 2498 3179 Stadiasmo;
2517 3128 2601 3170 imo
2619 3144 2736 3172 men-

1500 3203 1605 3231 surae
1623 3189 1801 3245 probant
1824 3190 1865 3231 in
1888 3203 1960 3230 ora
1982 3190 2100 3231 sitam
2124 3188 2270 3230 urbem
2291 3189 2414 3231 fuisse
2435 3188 2561 3246 idque
2585 3189 2738 3235 diserte

1500 3250 1599 3293 dicit
1617 3252 1773 3294 Plinius
1782 3253 1836 3303 V,
1854 3266 1907 3293 aa
1923 3265 1932 3294 ;
1950 3251 2129 3294 Seleucia
2146 3267 2275 3309 supra
2290 3267 2447 3294 anetum
2465 3247 2737 3309 Calycadnum

1501 3329 1525 3356 Α
1548 3329 1657 3357 nani
1685 3314 1816 3356 relata
1839 3314 1911 3356 ubi
1945 3314 2171 3356 vocabatur
2191 3314 2362 3357 llolmia
2385 3314 2509 3372 (coll.
2541 3315 2734 3361 strabon.

1503 3390 1546 3433 p.
1582 3376 1861 3434 710).Gaitii
1895 3378 2082 3433 opinioni
2114 3376 2328 3419 adhaerens
2346 3377 2558 3421 Fabricius
2574 3378 2749 3436 scripsit*

1503 3438 1579 3481 άπὸ
1599 3438 1794 3493 θαλάσσης
1814 3441 2096 3495 τετταράκοντα
2133 3441 2269 3482 στάδια
2298 3439 2509 3497 άπίγουσα.
2543 3441 2754 3498 Suspicor*

1502 3501 1767 3545 scribendum
1800 3517 1886 3544 esse
1917 3502 2071 3556 ἓλληνὶς
2100 3503 2114 3558 [
2133 3502 2303 3560 λιμένα]
2325 3502 2483 3559 ἔχουσα.
2509 3502 2526 3556 ΙΙ
2545 3526 2602 3535 -
2623 3502 2738 3560 Σαρ-

1502 3566 1671 3619 πηδὼν
1702 3565 1844 3614 πόλις
1873 3565 2080 3622 ἔρημος]
2107 3567 2170 3608 De
2196 3565 2293 3607 urbe
2313 3564 2551 3623 Sarpedone
2572 3563 2758 3610 aliunde.

1502 3643 1586 3671 non
1601 3637 1777 3670 constat.
1795 3628 2023 3671 Stadiasmo
2038 3627 2250 3686 Sarpedon
2264 3637 2326 3671 ost
2340 3629 2437 3686 ἄκρα
2452 3626 2662 3686 άμμώὸηςς
2678 3641 2740 3672 ro·

1503 3690 1601 3747 liqui
1619 3691 1781 3732 nonnisi
1796 3692 2128 3747 promontorium
2143 3700 2389 3743 memorant,
2406 3700 2452 3734 ut
2465 3690 2736 3743 stnboxtv,
2779 3748 2782 3750 -

1502 3766 1544 3809 p.
1572 3757 1667 3808 677.
1692 3758 1786 3809 627.
1810 3757 1919 3805 6,82
1958 3755 2136 3811 Appian.
2157 3755 2248 3811 Syr.
2274 3769 2312 3795 c.
2339 3755 2408 3809 39,
2426 3754 2598 3797 Ptolem.
2614 3754 2671 3806 V,
2692 3754 2782 3814 6.·;

1504 3830 1545 3871 p.
1573 3817 1669 3867 343,
1705 3830 1774 3867 21,
1805 3817 1927 3868 Mela,
1954 3818 2060 3860 Plin.
2100 3826 2178 3860 etc.
2203 3818 2422 3859 Vossius:
2450 3818 2623 3859 «Forte
2652 3813 2782 3871 leg-1„

1503 3878 1714 3933 Σαρπηδὼν
1731 3880 1854 3930 πόλις,
1873 3881 1991 3936 ὅρμος
2006 3880 2071 3923 καὶ
2087 3881 2272 3937 neap-65.
2286 3881 2436 3923 Verius
2451 3888 2588 3922 tamen
2605 3883 2732 3935 puto:

1503 3940 1567 3991 2„
1583 3941 1691 3989 πόλις
1706 3942 1769 3982 καὶ
1786 3940 1906 3998 λιμὴν
1923 3941 2064 3999 ἔρημος
2078 3942 2143 3984 καὶ
2154 3942 2586 3999 ποταμός.8ἰοᾳυοιιυο
2598 3937 2732 3982 infra·
2721 3969 2732 3980 .

1505 3999 1614 4045 αὗται
1635 4007 1752 4045 πᾶσαι
1783 4005 1939 4061 λιμένας
1966 4005 2102 4061 ἔχουσι
2123 4004 2299 4062 ἔρήμους.
2328 4024 2344 4043 ιι
2370 4002 2604 4047 Gronovius
2620 4008 2737 4056 puta·

1507 4068 1562 4108 vit
1582 4081 1659 4123 pro
1684 4067 1824 4124 ἔρημος
1847 4068 1924 4124 leg.
1950 4082 2037 4111 esse
2055 4068 2206 4125 Λάτμος
2230 4067 2355 4125 (del).
2380 4063 2536 4123 Λάμος)
2556 4077 2605 4106 ex
2628 4064 2756 4107 Stra-.
