2756 4354
983 189 1064 234 DE
1098 175 1338 239 isioono
1373 193 1754 245 CHARACENO.

104 310 277 371 oppido
297 343 309 366 ‚
335 308 541 354 Isidorus
563 304 703 350 tradit
723 320 732 348 z
759 307 829 348 νῦν
854 302 993 362 μέντοι
1009 307 1034 359 ἡ
1058 304 1174 355 πόλις
1198 308 1332 352 καλεῖ-

105 401 173 430 ται
197 382 403 444 Χαλάσαρ
437 381 517 441 (p.
546 376 683 439 250),
716 378 765 422 id
803 378 859 422 ad
885 388 1060 423 aetatem
1095 380 1333 440 scriptoris

107 455 407 504 definiendam
418 454 592 499 nullius
604 452 823 497 momenti
839 467 938 498 esse
954 463 1112 498 contra
1124 454 1334 500 Dodwel-

104 533 197 578 lum
221 539 339 576 recte
371 537 526 573 monet
555 527 868 572 Santicrucius
905 527 938 573 l.
973 528 1004 573 l.
1030 527 1142 572 Nam
1167 544 1335 574 nomen

104 607 234 653 urbis
249 605 511 651 Parthicum
542 620 628 665 pro
652 603 816 648 Graeco
846 603 969 664 apud
1000 603 1194 649 Parthos
1214 604 1335 650 obti-

104 682 270 737 nuerit,
296 681 405 725 dum
437 680 559 741 apud
585 679 831 739 scriptores
855 678 1042 726 Graecos,
1063 689 1107 724 et
1132 679 1334 736 Latinos,

101 755 392 810 Strabonem,
410 755 632 813 Plinium,
653 754 878 810 Tacitum,
899 753 1198 815 Stephanum,
1221 755 1335 799 utin

101 831 277 877 Tabula
301 831 682 890 Peufingeriana,
710 831 913 891 priscum
953 846 1121 875 nomen
1156 831 1206 876 in
1249 847 1336 877 usu

53 926 56 928 ·
73 893 88 900 ’
101 906 363 966 permansit.

163 983 267 1028 130.
299 981 354 1026 Et
375 981 471 1026 haec
497 981 681 1041 quidem
704 981 760 1025 de
787 981 1016 1042 excerptis
1039 981 1220 1026 nostris.
1258 980 1334 1026 Se-

100 1056 258 1116 quitur
277 1056 507 1102 Lucianus
533 1055 758 1115 (Macrob.
782 1056 888 1115 15);
912 1056 993 1115 qui
1018 1066 1259 1116 postquam
1279 1056 1335 1101 de

100 1133 370 1179 Artaxerxis
389 1132 644 1177 Memnonis
662 1132 952 1191 longaevitate
968 1132 1149 1177 dixerat
1162 1164 1174 1188 ,
1191 1131 1333 1191 subji-

100 1211 163 1253 cit
184 1209 312 1254 haec:
347 1208 634 1271 Ἀρταξέρξης,
670 1207 802 1270 ἕτερος
841 1211 1013 1269 Περσῶν
1044 1206 1256 1270 βασιλεὺς,
1290 1206 1334 1252 ὅν

100 1301 221 1345 φησιν
242 1282 326 1328 ἐπὶ
357 1279 718 1342 τῶνπατέρων
744 1285 841 1326 τῶν
882 1285 1066 1327 ἑαυτοῦ
1090 1282 1296 1344 Ἰσίδωρος
1313 1285 1334 1327 ὅ

99 1357 341 1420 Χαρακηνὸς
360 1356 613 1420 συγγραφεὺς
637 1357 884 1418 βασιλεύειν,
910 1356 980 1413 ἔτη
997 1357 1179 1420 τρίακαὶ
1198 1358 1332 1414 ἐνενή·

60 1474 62 1476 .
99 1451 219 1478 κοντα
243 1431 352 1493 βιοὺς
372 1431 569 1494 ἔπιδουλῇ
592 1433 793 1494 τάδελιροί)Ι
814 1432 1023 1494 Γωσίθρου
1044 1432 1330 1496 ἐδολοφονήθη.

162 1528 180 1548 «
207 1508 337 1552 Hunc
382 1508 681 1552 Artaxerxem
699 1542 710 1564 ,
762 1508 1026 1553 Dodwellus
1064 1509 1129 1552 ait
1170 1524 1218 1569 p.
1253 1509 1329 1569 57,

100 1583 266 1626 ochum
286 1582 434 1627 fuisse·
450 1582 644 1627 credidit
663 1581 734 1625 Cl.
751 1581 938 1627 Vossius
955 1617 969 1642 ,
987 1598 1124 1642 quem
1142 1593 1185 1627 et
1206 1587 1334 1628 Arta-

96 1657 251 1702 xerxis
308 1672 559 1716 cognomen
611 1657 879 1702 assumsisse
919 1658 1050 1702 docet
1099 1658 1333 1704 Diodorus

91 1731 167 1780 Ol.
198 1737 304 1788 104,
346 1733 370 1776 3
406 1731 487 1777 lib.
524 1731 618 1791 XV,
645 1733 703 1791 93
731 1743 774 1778 et
794 1749 972 1779 veneno
1002 1731 1233 1778 sublatum
1257 1735 1328 1780 Ol.

103 1823 152 1851 11
166 1824 207 1862 1,
225 1823 250 1851 2
265 1806 346 1854 lib,
367 1806 517 1863 XVII,
545 1809 590 1854 5.
611 1808 701 1853 Sed
721 1808 778 1853 ab
799 1811 1048 1855 Artaxerxe
1073 1811 1157 1855 illo
1173 1812 1332 1857 alienae

55 1922 58 1925 .
97 1892 203 1928 sunt
221 1893 339 1929 notae
358 1883 625 1929 Artaxerxis
641 1885 907 1933 Isidoriani.
933 1885 1025 1931 Nec
1039 1897 1189 1932 tamen
1209 1889 1331 1933 ullus

94 1967 160 2004 est
175 1959 294 2004 inter
305 1961 580 2005 vetustiores
598 1961 857 2006 Alexandro
870 1962 1036 2022 Magno
1054 1963 1329 2009 Artaxerxes

94 2033 339 2080 Persarum
367 2051 495 2094 reges
520 2037 569 2080 in
593 2053 728 2096 quem
751 2039 1043 2084 conveniant.
1072 2039 1159 2083 Hic
1178 2050 1325 2084 autem

94 2110 370 2156 Artaxerxes
391 2112 544 2157 Ochus
561 2129 654 2157 non
679 2113 833 2158 fratris
854 2124 998 2169 certe,
1023 2114 1103 2158 sed
1136 2115 1331 2158 eunuchi

79 2185 255 2245 ,Bagoae
281 2188 468 2232 insidiis
489 2189 738 2234 exstinctus
768 2199 851 2233 est.
889 2191 1178 2249 Tantumque
1206 2190 1331 2235 abest

92 2248 381 2306 ut‘Gosethri
404 2261 557 2306 fratris
580 2278 722 2322 opera
762 2263 906 2307 vitam
939 2265 1170 2319 amiserit,
1203 2274 1252 2308 ut
1274 2280 1330 2308 ne

92 2335 275 2394 quidem
296 2337 479 2380 fratrem
498 2352 551 2380 eo
571 2337 645 2381 vel
661 2337 752 2380 alio
769 2338 934 2395 quovis
950 2339 1140 2382 nomine
1157 2337 1328 2382 habue-

91 2409 152 2453 rit
166 2443 177 2464 ,
201 2410 281 2468 qui
299 2409 493 2453 insidias
509 2410 559 2453 in
576 2410 706 2454 illum
722 2410 979 2454 moliretur.
995 2411 1164 2456 Filium
1186 2412 1325 2466 enim,

91 2500 184 2528 non
210 2484 411 2539 fratrem,
449 2484 610 2529 Arsem
650 2485 832 2529 suffecit
854 2485 984 2530 illius
1009 2488 1111 2531 vice
1134 2488 1322 2546 Bagoas.

89 2559 144 2604 Et
165 2560 247 2604 filii
271 2560 402 2605 Arsis
434 2560 651 2605 fratribus
675 2561 885 2621 natisque
903 2561 1114 2622 sublatis,
1138 2565 1327 2623 stirpem

89 2636 216 2681 illius
235 2636 496 2681 universam
535 2636 742 2694 sustulit,
777 2637 931 2697 ἐρήμου
954 2636 1068 2688 ὄντος
1091 2643 1160 2682 τοῦ
1200 2641 1329 2699 βασι-

89 2709 189 2761 λέως
213 2709 323 2755 οἴκου
344 2709 414 2754 καὶ
440 2710 611 2769 μηδενὸς
638 2710 750 2762 ὄντος
773 2716 842 2755 τοῦ
867 2711 976 2755 κατὰ
999 2711 1110 2770 γένος
1139 2711 1330 2764 διαδεξα-

89 2783 210 2843 μένου
243 2783 317 2839 τὴν
341 2784 472 2846 ἀρχήν
491 2786 564 2845 (*).
605 2784 681 2829 Sic
704 2786 826 2829 enim
851 2785 1107 2842 Diodorus,
1136 2787 1320 2832 fratrem

89 2870 207 2905 certe
229 2859 343 2904 Ochi
368 2860 544 2904 nullum
569 2859 708 2904 fuisse
727 2860 925 2904 innuens
946 2861 1108 2919 Bagoae
1125 2871 1320 2906 metuen-

87 2933 219 2990 dum,
248 2934 359 2979 alias
390 2935 550 2995 procul
582 2934 752 2994 dubio,
778 2935 817 2979 si
845 2936 949 2994 quis
981 2936 1164 2992 fuisset,
1190 2936 1320 2981 illius

89 3009 285 3054 eunuchi
320 3009 506 3055 insidiis
543 3009 882 3070 excipiendum.
909 3009 1069 3055 Obstat
1103 3020 1349 3071 praeterea·

88 3094 191 3129 aetas
235 3101 369 3144 quam
409 3101 491 3130 suo
536 3086 780 3131 Artaxerxi
821 3085 1053 3130 tribuebat
1093 3085 1316 3132 Isidorus.

0 3183 1 3195 ι
70 3161 264 3204 Annum
283 3160 457 3205 scilicet
479 3159 655 3220 agebat,
682 3177 823 3220 quum
848 3161 1195 3216 interficeretur,
1227 3177 1319 3204 no·-

2401 235 2601 275 hxxxnl

1395 310 1675 366 nagesimum
1694 313 1895 359 tertium.
1909 314 2024 359 Ochi
2045 327 2215 363 aetatem
2234 326 2450 372 minorem
2466 337 2607 390 arguit

1395 392 1500 427 aetas
1519 386 1720 442 filiorum
1756 402 1781 430 a
1812 387 1961 446 Bagoa
2003 390 2212 436 similiter
2257 396 2605 453 interfectorum.

1384 456 1531 502 vArses
1555 459 1676 518 ipse,
1703 460 1783 519 qui
1813 462 1957 521 patris
1980 462 2127 508 locum
2153 468 2395 525 supplevit,
2414 476 2613 530 νεανίσκος

1396 531 1653 590 appellatur
1665 544 1709 577 et
1727 534 1997 596 μειράκιον
2019 552 2044 581 a
2065 538 2288 595 Diodoro,
2304 542 2458 588 fratres
2471 560 2613 594 autem

1395 604 1563 663 reliqui
1586 605 1688 650 νέοι
1721 625 1816 651 παν
1829 610 2009 661 τελῶς.
2032 611 2224 671 Fefellit,
2242 614 2289 658 ni
2308 615 2454 673 fallor,
2469 620 2616 666 virum

1397 683 1571 742 alioqui
1592 684 1907 731 doctissimum
1923 723 1936 748 ,
1955 690 2078 748 quod
2109 701 2213 750 post
2240 702 2443 754 tempora
2466 698 2620 745 Mace-

1397 759 1568 802 donum
1593 759 1745 804 nullos
1774 761 1912 806 fuisse
1936 763 2182 808 crediderit
2214 769 2425 827 proprios
2458 772 2619 819 Persa-

1395 849 1496 878 rum
1533 849 1676 893 reges.
1722 834 2012 881 Contrarium
2052 848 2237 884 testatur
2277 842 2461 901 Strabo,
2496 850 2619 894 testis

1396 909 1522 954 omni
1562 910 1830 970 exceptione
1870 910 2019 971 major
2061 928 2144 958 nec
2194 915 2327 974 longe
2367 919 2422 963 ab
2450 920 2619 967 Isidori

1396 995 1601 1046 tempore
1621 996 1839 1032 remotus.
1861 986 1936 1031 Sic
1954 997 2102 1033 autem
2124 989 2201 1034 ille
2217 990 2291 1034 XV
2313 1009 2356 1052 p.
2383 996 2468 1050 728
2497 1012 2505 1039 :
2538 998 2621 1042 Καὶ

1395 1058 1474 1122 γὰρ
1487 1062 1522 1105 εἰ
1546 1061 1831 1122 βασιλεύονται
1859 1060 1982 1123 μέχρι
2015 1066 2101 1118 νῦν,
2128 1063 2226 1110 ἴδιον
2264 1069 2433 1127 βασιλέα
2465 1070 2622 1131 ἔχοντες

1395 1135 1431 1179 οἱ
1453 1134 1633 1196 Πέρσαι·
1660 1138 1710 1193 τῇ
1738 1153 1791 1195 γε.
1820 1137 1989 1196 δυνάμει
2012 1138 2200 1185 πλεῖστον
2223 1142 2524 1202 ἀπολείπονται,
2553 1148 2621 1193 καὶ

1395 1213 1452 1272 τῷ
1495 1211 1745 1272 Παρθυαίων
1779 1211 2030 1274 προσέχουσι
2070 1217 2245 1277 βασιλεῖ.
2287 1218 2360 1264 Sic
2404 1222 2566 1267 iterum
2607 1241 2617 1268 ε

1394 1286 1481 1331 Νῦν
1500 1285 1533 1330 δ’
1550 1286 1630 1342 ἥδη
1651 1286 1741 1331 καθ’
1760 1286 1904 1339 αὖτοὺς
1924 1292 2168 1342 συνεστῶτες
2194 1294 2229 1336 οἳ
2250 1293 2409 1354 Πέρσαι
2431 1297 2622 1355 βασιλέας

1395 1360 1555 1421 ἔχουσιν
1581 1360 1783 1417 ὑπηκόους
1802 1361 1953 1424 ἑτέροις
1972 1366 2207 1425 βασιλεῦσι,
2227 1366 2420 1430 πρότερον
2442 1370 2513 1427 μὲν
2531 1373 2622 1417 Μα-

1394 1434 1554 1493 κεδόσι,
1577 1440 1646 1481 νῦν
1670 1435 1712 1481 δὲ
1738 1438 2000 1500 Παρθυαίοις.
2027 1440 2302 1500 Hujusmodi
2332 1460 2483 1504 regem
2511 1447 2622 1491 Per-

1395 1526 1547 1555 sarum
1589 1511 1848 1570 designavit
1885 1513 2107 1569 Isidorus,
2133 1517 2212 1576 qui
2236 1518 2506 1566 Parthorum
2522 1521 2619 1581 juri

1394 1585 1532 1630 fuerit
1552 1585 1781 1633 obnoxius
1796 1623 1809 1647 ,
1832 1589 1881 1633 in
1904 1589 2099 1635 Parthiae
2119 1593 2411 1651 periegetico.
2434 1595 2486 1639 Id
2499 1597 2618 1641 enim

1394 1660 1624 1719 agitabant
1657 1663 1885 1707 Arsacidae
1909 1674 1959 1708 ut
1988 1680 2114 1723 reges
2153 1682 2306 1725 regum
2333 1670 2619 1728 appellaren-

1394 1746 1486 1792 tur,
1515 1748 1564 1782 ut
1583 1753 1608 1782 e
1626 1739 1783 1783 multis
1804 1749 1978 1784 constat
1997 1743 2319 1787 monumentis.
2357 1744 2487 1788 Hunc
2513 1746 2618 1790 titu-

1392 1812 1486 1870 lum
1511 1829 1602 1872 quo
1622 1813 1802 1858 meliori
1824 1813 1933 1873 jure
1968 1815 2132 1859 mereri
2158 1815 2442 1873 viderentur,
2472 1819 2518 1863 id
2544 1835 2616 1864 sa-

1392 1887 1644 1947 trapiarum
1686 1888 1891 1932 omnium
1933 1888 2189 1934 rectoribus
2233 1891 2537 1937 concedebant
2571 1905 2620 1939 ut

1360 1978 1520 2026 ‘reges
1548 1964 1901 2024 appellarentur.
1937 1964 2049 2009 Inde
2075 1965 2241 2010 factum
2278 1977 2326 2011 ut
2360 1968 2479 2027 apud
2514 1969 2617 2014 illos

1392 2038 1657 2083 tantundem
1687 2039 1859 2084 valeret
1874 2045 2001 2096 regni
2022 2055 2188 2083 nomen
2210 2050 2343 2100 atque
2360 2047 2613 2100 provinciae.

1393 2111 1505 2156 Inde
1526 2112 1708 2157 Plinius
1729 2113 1806 2168 VI,
1842 2113 1899 2157 25
1922 2128 1933 2159 ε
1954 2116 2109 2172 Regna
2130 2115 2395 2158 Parthorum
2414 2118 2614 2160 duodevi-

1389 2191 1501 2244 ginti
1533 2198 1655 2240 surm·
1686 2193 1748 2230 ita
1779 2192 1893 2230 enim
1918 2190 2113 2230 dividunt
2141 2194 2405 2245 provincias,
2432 2189 2615 2235 Solinus

1391 2279 1429 2306 c.
1461 2278 1519 2319 29
1539 2261 1596 2306 de
1616 2262 1801 2306 Parthia
1821 2277 1832 2308 ε
1856 2266 2009 2318 Regna
2035 2264 2296 2306 Parthorum
2330 2266 2618 2323 duodeviginti

1388 2346 1502 2380 sunt.
1529 2335 1603 2379 Sic
1626 2335 1828 2379 Persidis
1854 2345 2059 2395 satrapa,
2078 2336 2211 2378 etiam
2237 2352 2375 2394 quum
2396 2337 2612 2382 Parthum

1390 2409 1626 2452 dominum
1669 2418 1957 2465 agnosceret,
2004 2407 2123 2464 regis
2159 2417 2306 2451 tamen
2341 2409 2439 2467 ipse
2483 2410 2614 2456 titulo

1391 2483 1644 2529 fruebatur.
1679 2483 1770 2527 Nec
1805 2483 1862 2527 ab
1904 2483 2173 2527 Artaxerxis
2208 2484 2391 2528 nomine
2442 2485 2614 2532 alienos

1389 2561 1529 2605 fuisse
1548 2559 1760 2619 juniores
1790 2573 1971 2618 quoque
1990 2557 2175 2611 Persas,
2200 2557 2307 2602 inde
2330 2560 2613 2606 manifestum

1390 2645 1482 2689 est,
1526 2633 1648 2692 quod
1685 2633 1979 2676 Artaxerxem
2012 2632 2251 2676 Persarum
2276 2647 2426 2690 regem
2455 2635 2615 2681 vicerit

1390 2708 1650 2753 Alexander
1673 2708 1869 2751 Severus
1892 2708 2156 2767 imperator,
2176 2717 2270 2751 tum
2292 2706 2444 2751 Persis
2467 2706 2614 2752 denuo

1392 2784 1626 2844 pristinis,
1655 2781 1826 2843 quibus
1857 2782 1968 2825 olim
2006 2783 2153 2825 ornati
2191 2781 2396 2836 fuerant,
2431 2780 2615 2840 juribus

1393 2859 1522 2920 quasi
1533 2875 1556 2903 e
1565 2857 1850 2919 postliminio
1866 2856 2099 2901 restitutis.
2110 2855 2291 2901 Parthis
2304 2857 2455 2916 itaque
2464 2871 2614 2901 rerum

1392 2932 1672 2994 potientibus
1687 2966 1699 2988 ,
1720 2930 1990 2991 quaerendus
2007 2930 2094 2975 erit
2114 2930 2385 2975 Artaxerxes
2404 2930 2481 2975 ille
2504 2931 2613 2975 Per-

1392 3025 1543 3054 sarum
1562 3024 1644 3053 rex
1660 3008 1739 3068 qui
1757 3023 1934 3052 coaevus
1954 3007 2089 3051 fuerit
2107 3006 2368 3067 parentibus
2381 3006 2563 3052 Isidori.
2590 3028 2607 3047 »

1460 3085 1559 3128 131.
1581 3084 1684 3128 Haec
1704 3083 1822 3127 inter
1839 3083 1948 3126 falsa
1958 3082 2099 3126 multa
2110 3091 2228 3126 recte
2244 3081 2503 3126 Dodwellus
2522 3082 2615 3126 dis-

1391 3160 1595 3219 putavit,
1622 3158 1787 3202 frustra
1810 3157 2084 3216 obloquente
2102 3155 2403 3200 Santi-crucio
2428 3154 2515 3215 (Ἴ,
2535 3158 2613 3214 qui

138 3273 186 3321 (*)
203 3274 388 3312 Diodorus
405 3276 525 3319 XVII,
549 3279 570 3313 5
590 3274 642 3312 ita
665 3275 778 3313 habet
796 3290 806 3313 ι
834 3275 1038 3321 Βαγώας...
1057 3275 1176 3312 ἀνεῖλε
1199 3273 1379 3323 φαρμάκῳ
1407 3272 1468 3309 τὸν
1485 3268 1604 3319 Ὦχον
1628 3270 1688 3307 διά
1702 3283 1796 3312 τινος
1826 3271 1965 3317 ἰατροῦ,
1986 3269 2046 3306 τὸν
2074 3269 2111 3305 δὲ
2129 3269 2307 3306 νεώτατον
2335 3272 2407 3305 τῶν
2440 3270 2528 3305 υἱῶν
2547 3272 2611 3305 τοῦ

90 3328 264 3375 βασιλέως
279 3329 408 3378 Ἄρσην
428 3331 620 3379 εἰσήγαγεν
636 3332 686 3375 εἰς
703 3332 769 3376 τήν
786 3331 987 3380 βασιλείαν.
1004 3330 1135 3369 Ἀνεῐλε
1157 3330 1196 3367 δὲ
1215 3330 1277 3366 καὶ
1296 3328 1379 3371 τοὺς
1396 3327 1566 3375 ἀδελφοὺς
1583 3329 1646 3363 τοῦ
1668 3326 1862 3374 βασιλέως,
1894 3324 1997 3367 ὄντας
2023 3325 2122 3366 νέους
2145 3324 2327 3367 παντελῶς
2339 3352 2350 3370 ,
2371 3323 2471 3366 ὅπως
2491 3335 2612 3371 μονω-

89 3382 158 3425 θεὶς
177 3384 197 3419 ὁ
222 3384 405 3429 νεανίσκος
423 3387 559 3435 μᾶλλον
584 3387 747 3432 ὑπήκοος
769 3388 871 3435 αὐτῷ
887 3387 1047 3434 γένηται.
1074 3388 1150 3424 Τοῦ
1166 3386 1204 3422 δὲ
1222 3384 1409 3433 μειρακίου
1428 3387 1505 3425 ταῖς
1524 3382 1731 3429 γενομέναις
1752 3380 1990 3429 παρανομίαις
2016 3378 2328 3427 προσκόπτοντος,
2363 3379 2426 3416 καὶ
2460 3380 2612 3426 φανεροῦ

89 3437 314 3482 καθεστῶτος
338 3440 392 3477 ὄτι
407 3442 654 3490 τιμωρήσεται
683 3442 744 3479 τὸν
762 3442 934 3487 αὐθέντην
956 3445 1028 3479 τῶν
1057 3439 1317 3489 ἀνομημάτων,
1338 3437 1476 3484 φθάσας
1499 3438 1611 3474 αὐτοῦ
1634 3437 1697 3480 τὰς
1733 3436 1924 3478 ἐπιὸουλὰς
1942 3436 1961 3472 ὁ
1980 3435 2133 3482 Βαγώας
2153 3435 2268 3472 ἀνεῖλε
2290 3435 2352 3472 τὸν
2369 3433 2500 3482 Ἄρσην
2522 3433 2612 3481 μετὰ

88 3496 162 3529 τῶν
180 3494 315 3531 τέκνων
333 3495 450 3544 τρίτον
469 3497 546 3541 ἔτος
560 3498 631 3543 ἤδη
653 3498 909 3547 βασιλεύοντα.
924 3499 1085 3547 Ἐρήμου
1102 3497 1133 3535 δ’
1157 3496 1257 3540 ὄντος
1270 3497 1334 3533 τοῦ
1353 3494 1533 3543 βασιλέως
1549 3493 1653 3529 οἴκου
1675 3493 1737 3528 καὶ
1755 3492 1904 3540 μηδενὸς
1927 3490 2027 3532 ὄντος
2047 3493 2111 3527 τοῦ
2135 3490 2231 3527 κατὰ
2245 3489 2346 3538 γένος
2362 3488 2612 3535 διαδεξομένου

87 3547 152 3591 τὴν
169 3547 297 3596 ἀρχὴν,
314 3551 636 3601 προχειρισάμενος
653 3553 717 3591 ἕνα
730 3557 803 3591 τῶν
823 3554 937 3601 φίλων
950 3556 1101 3602 Δαρεῖον
1118 3551 1251 3601 ὄνομα,
1266 3550 1385 3598 τούτῳ
1402 3546 1725 3595 συγκατεσκεύασε
1746 3548 1810 3591 τὴν
1827 3545 2029 3594 βασιλείαν.
2319 3601 2326 3607 .
2418 3598 2426 3606 .

138 3601 207 3649 (**)
226 3605 337 3642 Mem.
358 3603 404 3643 de
419 3606 547 3643 l'acad.
561 3608 588 3644 t.
601 3610 624 3645 4
645 3618 680 3656 p.
696 3612 739 3646 81
757 3618 766 3645 :
790 3623 809 3641 ιι
823 3610 1013 3656 Pourquoi
1033 3606 1359 3654 ,Gosithrisffrere
1379 3605 1571 3651 d’Ochzcs,
1593 3602 1799 3640 n'aurait·il
1819 3612 1867 3649 pu
1882 3602 1961 3638 ctre
1976 3601 2008 3638 le
2020 3599 2108 3637 chef
2118 3598 2165 3636 de
2187 3599 2220 3636 ia
2244 3602 2476 3662 conjuration
2487 3601 2509 3660 Ρ.
2525 3597 2612 3634 Cela

87 3658 143 3694 est
165 3656 334 3695 d'autant
348 3659 434 3706 plus
457 3662 754 3710 vraisembiable,
770 3664 860 3711 qu'il
881 3664 984 3703 avait
1003 3665 1089 3701 tout
1117 3663 1140 3700 a
1159 3661 1330 3699 craindre
1348 3672 1443 3710 pour
1464 3661 1684 3705 lui-meme;
1710 3668 1773 3696 car
1794 3654 2165 3695 Ochus—Artaxerxes
2184 3656 2283 3692 avait
2309 3654 2531 3716 fait-mount·
2555 3662 2612 3689 scs

87 3712 226 3748 autres
256 3711 385 3750 freres,
403 3715 455 3752 Ge
470 3725 620 3763 passage
641 3716 831 3765 d'lsidore‚
850 3719 1025 3768 rapporte
1046 3728 1112 3767 par
1133 3718 1290 3764 Lucien,
1315 3727 1411 3755 nous
1441 3709 1562 3754 ausast
1593 3715 1691 3752 donc
1717 3712 1895 3751 conserve
1922 3722 1974 3750 un
1997 3711 2086 3749 trait
2114 3709 2304 3748 d'histoire
2322 3719 2401 3757 qui,
2432 3718 2515 3744 sans
2535 3708 2611 3767 εἴτε

87 3766 255 3815 aineurs,
268 3768 353 3806 n'en
372 3770 430 3807 est
449 3781 515 3818 pas
530 3771 652 3809 moins
668 3774 965 3814 vraisemblable.
987 3775 1172 3823 Ajoutons
1184 3785 1272 3822 que,
1291 3774 1322 3811 si
1336 3772 1768 3811 Artaxerxes-Mnemon
1784 3780 1805 3806 a
1819 3768 1953 3817 pousse
1969 3778 2009 3805 sa
2018 3766 2177 3804 carriere
2194 3763 2342 3812 jusqu'a
2356 3763 2611 3811 quatre-vingt

59 3871 66 3878 ι
89 3822 202 3860 treize
215 3833 297 3871 ans,
314 3834 383 3862 son
404 3824 462 3862 fils
479 3826 622 3873 Ochus,
636 3838 700 3875 qui
713 3828 766 3866 ini
785 3840 807 3867 a
826 3831 984 3869 survccu
1005 3831 1052 3869 de
1073 3831 1176 3878 vingt
1185 3832 1224 3868 et
1239 3841 1290 3868 un
1304 3830 1326 3868 a
1344 3828 1559 3876 vingt-trois
1577 3837 1658 3874 ans,
1679 3837 1699 3863 a
1724 3836 1790 3874 pu,
1819 3835 1907 3862 sans
1930 3823 2058 3870 doute,
2087 3821 2227 3859 mourir
2243 3820 2337 3855 dans
2356 3828 2405 3880 un
2419 3818 2485 3877 age
2519 3815 2606 3876 tres·

88 3879 240 3916 avance.
260 3894 278 3912 ν
304 3881 450 3925 Quibus
476 3882 750 3930 suspicionibus
770 3884 830 3923 vis
854 3897 986 3925 eorum
1010 3897 1097 3935 quac
1123 3885 1343 3924 Dodwellus
1363 3884 1567 3933 disputavit
1592 3892 1830 3930 nequaquam
1851 3880 2077 3927 infringitur.
2102 3876 2320 3940 Theodorus
2342 3871 2432 3910 Fini<
2458 3881 2494 3906 in
2523 3872 2607 3906 Dis-

88 3933 290 3973 sertatione
326 3939 386 3975 De
419 3936 681 3975 Themistocle
711 3938 912 3988 (Goetting.
945 3935 1119 3990 1849,'p.
1149 3944 1240 3990 102)
1262 3940 1361 3989 apud
1382 3940 1587 3977 Lucianum
1607 3937 1677 3985 legi
1699 3936 1818 3973 voluit
1846 3935 1903 3971 ἐπὶ
1929 3938 2001 3970 τῶν
2027 3932 2193 3978 πατέρων
2214 3940 2345 3972 αυτου,
2365 3924 2455 3961 adeo
2479 3926 2520 3959 ut
2539 3926 2608 3959 Ar-

88 3986 262 4027 taxerxes
287 3990 416 4029 Ochus
436 3992 584 4030 vivente
599 3991 722 4031 adhuc
748 3996 853 4043 patre
887 3996 1084 4044 imperium
1100 3998 1263 4037 tenuisse
1281 3997 1437 4036 dicatur.
1460 3994 1569 4040 Quod
1586 3993 1755 4030 attulisse
1771 3991 1859 4029 satis
1877 3991 1947 4028 cst.

2437 4046 2465 4084 s.
