2808 4342
206 237 294 279 37⁴
577 243 621 284 Ο

151 351 154 355 ·
202 331 275 380 καὶ
305 325 420 382 οὗτος
443 330 660 395 τριάκοντα
685 328 811 390 διέχει
837 325 919 371 ἀπὸ
941 329 1013 372 τοῦ
1038 327 1238 387 Ψυχροῦ.
1306 324 1436 388 ’826-

203 418 323 461 μενος
344 400 388 446 δέ
409 402 519 446 ἐστιν
536 402 559 447 ὁ
589 397 737 451 Ῥίζιος
769 393 983 453 ποταμὸς,
1005 394 1152 439 ἑκατὸν
1174 393 1303 440 εἴκοσι
1334 411 1436 440 στα-

203 469 312 521 δίους
329 467 479 532 διέχων
514 467 595 513 ἀπὸ
617 470 686 511 τοῦ
708 465 869 511 Καλοῦ.
939 462 1024 510 Καὶ
1047 462 1130 509 ἀπὸ
1152 462 1297 510 τούτου
1316 462 1433 526 τριά-

201 554 327 584 κοντα
362 534 581 597 Ἄσκουρος
612 533 731 583 ἄλλος
753 530 950 591 ποταμός·
972 531 1043 577 καὶ
1068 531 1248 588 Ἀδιηνός
1268 550 1329 584 τις
1349 531 1434 578 ἀπὸ

159 621 180 650 ο
198 609 271 653 τοῦ
301 604 520 665 Ἀσκούρου
556 599 766 656 ἑξήκοντα·
802 599 959 646 ἐνθένδε
995 602 1051 654 εἰς
1085 599 1255 657 Ἀθήνας
1292 599 1436 664 ὀγδοή.

138 961 175 990 10

123 1314 161 1342 15

199 693 323 721 κοντα
346 673 416 719 καὶ
436 669 595 716 ἑκατόν.
661 671 767 722 Ταῖς
790 668 832 716 δὲ
855 668 1228 732 ἈθήναιςΖάγατις
1250 671 1436 732 ποταμὸς

199 741 304 788 ἔπτὰ
327 740 509 799 μάλιστα
534 738 723 792 σταδίους
745 738 818 785 ἀπ’
838 741 972 786 αὐτῶν
995 738 1143 803 διέχων
1170 740 1431 803 πρόσκειται.

196 808 297 855 Ἀπὸ
318 806 361 854 δὲ
394 810 476 854 τῶν
495 807 673 865 Ἀθηνῶν
703 809 946 871 ὁρμηθέντες
973 810 1041 855 τὸν
1066 808 1275 871 Πρύτανιν
1297 827 1433 872 παρη·

198 876 329 942 μείψα
383 895 434 938 ν,
463 874 614 940 ἵναπερ
646 877 717 923 καὶ
749 877 801 923 τὰ
826 877 1045 941 Ἀγχιάλου
1081 877 1274 941 βασίλειά
1303 881 1430 927 ἐστιν.

198 945 315 994 Kale
422 945 572 1011 ἀπέχει
588 946 895 1010 τεσσαράκοντα
914 946 1104 1001 σταδίους
1117 946 1199 993 ἀπὸ
1218 949 1299 994 τῶν
1311 947 1431 1004 Ἀθη·

199 1019 296 1062 νῶν.
363 1019 447 1064 Τοῦ
474 1017 721 1080 Πρυτάνεως
744 1015 787 1062 δὲ
811 1016 952 1079 ἔχεται
974 1020 995 1062 ὁ
1022 1017 1201 1074 Πυξίτης
1236 1016 1434 1078 ποταμός·

200 1086 360 1132 στάδιοι
395 1086 637 1141 ἐνενήκοντα
670 1088 711 1132 ἐν
747 1085 863 1149 μέσῳ
886 1087 1056 1149 ἀμφοῖν.
1129 1086 1214 1133 Καὶ
1245 1085 1328 1132 ἀπὸ
1362 1089 1435 1132 τοῦ

200 1154 378 1210 Πυξίτου
397 1157 438 1207 ἐς
458 1152 663 1219 Ἄρχαὸιν
697 1156 812 1202 ἄλλοι
836 1155 1093 1211 ἐνενήκοντα·
1114 1155 1197 1201 ἀπὸ
1219 1155 1261 1201 δὲ
1285 1154 1438 1218 Ἀρχά-
1474 1196 1479 1200 .

199 1224 284 1278 ὄιος
301 1226 357 1278 εἰς
370 1223 554 1288 Ἄψαρον
578 1226 794 1281 ἑξήκοντα.

256 1310 293 1342 9.
328 1292 429 1340 Ἀπὸ
449 1293 492 1339 δὲ
519 1293 698 1357 Ἀψάρου
720 1293 891 1356 ἄραντες
906 1293 975 1339 τὸν
994 1292 1205 1356 Ἄκαμψιν
1227 1292 1435 1355 παρημεί·

196 1366 333 1426 ψαμεν
355 1363 534 1426 νύκτωρ,
571 1363 640 1408 ἐπὶ
675 1363 971 1408 πεντεκαίδεκα
1005 1362 1194 1415 σταδίους
1224 1361 1433 1424 ἀπέχοντα

194 1610 297 1639 m.
318 1598 467 1652 n—a.
498 1595 715 1651 Ῥίζιος]
744 1595 892 1644 Ῥιζοῡς
921 1596 1041 1651 λιμήν
1058 1595 1325 1646 Ptolemae=1s;
1357 1594 1437 1635 Ῥι-
1468 1574 1470 1577 ’

194 1660 302 1706 ζαιον
317 1658 455 1700 locum
478 1657 582 1698 dicit
597 1658 826 1713 Procopius
847 1657 875 1698 1.
894 1657 941 1708 1.,
969 1672 1019 1699 eo
1041 1672 1174 1713 usque
1192 1657 1438 1713 pertinuisse

192 1734 363 1762 narrans
381 1720 583 1762 ditionem
612 1720 1013 1775 Trapezuntiorum:
1029 1721 1078 1760 Iu
1105 1719 1211 1761 Tab.
1246 1719 1434 1772 Peuting.

193 1792 388 1839 corrupte
409 1784 559 1838 legitur
588 1781 705 1824 neila
719 1814 730 1831 ,
755 1782 803 1822 15
824 1781 925 1823 mill.
944 1782 997 1822 ab
1019 1782 1232 1837 Ophiunte
1259 1780 1432 1821 distans.

194 1845 467 1901 Geographus
484 1846 586 1885 nav.
610 1844 803 1885 Rhizium
822 1858 907 1884 non
927 1852 1146 1893 memorat,
1170 1856 1312 1883 verum
1329 1843 1437 1883 inter

192 1907 335 1965 Ophiu
349 1917 390 1949 et
405 1907 617 1951 Adicnum
629 1906 736 1948 duos
754 1906 866 1948 locos
877 1907 998 1948 affert
1013 1906 1180 1948 aliunde
1195 1914 1434 1958 nonnotos,

193 1970 455 2013 Meda-inam
475 1979 516 2012 et
538 1969 830 2012 Solodicinam.
862 1970 985 2011 Nunc
1010 1969 1178 2011 Rhizius
1200 1969 1243 2011 ss.
1269 1968 1437 2011 80131ιὶ3-

192 2037 248 2075 Su
263 2067 275 2083 ‚
303 2035 371 2076 cui
395 2032 555 2089 adjacet
574 2032 678 2074 Risu
699 2031 917 2088 oppidum,
943 2032 1056 2088 quod
1080 2046 1210 2087 quum
1234 2033 1276 2072 in
1295 2031 1438 2073 Bechi-

191 2109 338 2137 rorum
360 2095 520 2137 ditione
541 2095 667 2136 situm
685 2102 812 2143 esset,
840 2094 982 2149 Scylax
1013 2109 1055 2150 p.
1080 2095 1131 2135 63
1153 2093 1437 2135 Bechiriadcm

192 2157 346 2199 dixisse
380 2156 560 2199 videtur.
591 2162 605 2204 Ι
632 2180 690 2188 -
712 2157 754 2198 3.
781 2158 918 2198 στάδια
939 2156 1070 2198 codex
1099 2165 1141 2198 et
1163 2157 1236 2198 lin.
1269 2171 1293 2211 7
1322 2166 1363 2197 et
1389 2170 1439 2199 10

194 2219 360 2261 itemm.
401 2218 419 2271 ΙΙ
448 2241 506 2250 -
533 2221 574 2267 4.
615 2216 913 2272 Ἄσκουρος]
949 2216 1000 2265 εἰς
1036 2216 1263 2273 ’Δσκοΰρναν
1296 2219 1436 2261 Anon.

194 2280 499 2334 NuncAssoros
514 2283 632 2321 Dere.
652 2282 668 2334 Ι]
680 2303 736 2310 -
749 2282 788 2328 4.
811 2278 851 2320 Ἀ
868 2280 944 2331 διη
959 2279 1035 2327 νὸς
1052 2280 1066 2336 ]
1090 2278 1140 2328 εἰς
1156 2278 1435 2336 Ἆδιηνὸν[τὸν]

194 2341 267 2395 ἤδη
283 2342 503 2399 λεγόμενον
525 2341 698 2394 Ἀδινῆον
712 2340 806 2382 cod.
823 2342 1057 2397 Anonymi;
1083 2341 1265 2383 Gadinio
1282 2343 1435 2397 Gcogr.

193 2407 313 2457 Rav.;
338 2404 520 2448 Aniinio
543 2406 591 2447 18
615 2404 717 2446 mill.
752 2419 774 2445 a
796 2405 941 2446 Rhizio
971 2404 1128 2446 distans
1143 2404 1186 2445 in
1210 2404 1315 2446 Tab.
1336 2406 1439 2446 Peu-

193 2469 295 2523 ting.
311 2467 432 2525 Apud
442 2467 650 2524 Scylacem
668 2465 878 2520 Ὠδεινιδς,
890 2466 990 2509 urbs
1005 2482 1151 2521 graeca,
1166 2476 1435 2511 memoratur.

192 2531 313 2572 Nunc
342 2531 491 2572 fluvius
514 2529 652 2572 Κακία
682 2532 800 2571 Dere.
824 2531 840 2585 ΙΙ
863 2554 922 2562 —-
944 2530 984 2572 5.
1009 2528 1236 2583 Ἀθήνας]
1257 2534 1304 2570 16
1334 2531 1434 2573 mill.

192 2593 244 2634 ab
262 2593 416 2636 Adinio
435 2592 558 2634 distat
583 2607 665 2634 sec.
688 2592 796 2635 Tab.
821 2593 1011 2648 Peuting.
1041 2591 1107 2634 Cf.
1127 2606 1252 2648 supra
1276 2602 1362 2635 not.
1385 2593 1437 2634 ad

193 2659 216 2707 S
247 2659 287 2695 6.
312 2658 427 2696 Inter
464 2653 674 2697 Adienum
708 2664 748 2696 et
772 2655 954 2697 Athenas
984 2657 1230 2710 Anonymus
1255 2664 1437 2697 recenset

194 2716 430 2771 Cordylam,
445 2717 579 2759 abillo
595 2731 687 2768 100,
702 2717 754 2759 ab
765 2717 830 2759 his
846 2720 899 2760 80
910 2716 1052 2759 stadiis
1062 2725 1306 2773 separatam.
1321 2716 1437 2759 Idem

194 2777 308 2818 locus
319 2779 429 2833 apud
443 2780 710 2820 Ptolemaeum
721 2781 762 2821 in
775 2779 895 2822 editt.
910 2786 1081 2820 vocatur
1091 2778 1283 2834 Χορδῦὅη,
1297 2793 1439 2834 quam-

194 2853 319 2895 quam
337 2841 466 2881 codex
484 2843 518 2881 C
532 2842 741 2895 Wilbergi
757 2842 879 2883 habet
898 2840 1089 2896 Κορδύλη,
1109 2839 1223 2897 quod
1236 2841 1437 2897 recipien-

194 2899 298 2942 dum
326 2900 501 2942 videtur.
526 2901 661 2944 Aliam
688 2901 871 2956 ejusdem
903 2905 1084 2943 nominis
1108 2903 1255 2944 urbem
1276 2902 1368 2944 vide
1395 2904 1436 2944 in

195 2963 301 3017 523.
316 2962 502 3004 Medium
521 2964 629 3004 inter
642 2962 849 3018 Cordylen
866 2972 906 3004 et
926 2964 1135 3006 Archabin
1153 2964 1197 3006 ss.
1218 2964 1435 3020 oppidum,

195 3023 340 3080 aequali
371 3025 566 3080 utrinque
599 3022 756 3065 distans
785 3025 997 3066 intervallo
1036 3027 1052 3077 (
1069 3034 1114 3074 Ἰ,
1137 3026 1253 3079 grad.
1284 3027 1366 3066 sive
1385 3028 1435 3068 ad

201 3100 215 3127 1
227 3087 279 3129 50
288 3084 435 3144 stadia)
454 3086 697 3129 Ptolemaeus
708 3087 894 3129 nominat
906 3087 1119 3143 Μάρθουλα
1133 3087 1193 3128 vel
1211 3087 1434 3141 Μόρθουλα,

196 3146 310 3204 quod
326 3162 460 3205 neque
479 3148 681 3191 Arrianus
701 3162 836 3205 neque
853 3149 913 3191 sic
946 3153 1191 3205 Anonymus
1210 3159 1434 3201 memorat3

197 3224 340 3253 verum
363 3224 493 3267 quum
515 3213 762 3267 Anonymus
779 3210 928 3253 eodem
956 3211 1048 3254 loco
1082 3209 1265 3267 Ἁρμένην
1299 3212 1433 3263 τόπον,

195 3287 218 3314 a
237 3272 414 3330 Cordyle
433 3272 566 3314 stadia
591 3275 684 3323 144,
698 3273 752 3315 ab
767 3272 947 3316 Archabi
971 3274 1048 3315 156
1069 3272 1201 3315 stadia
1218 3272 1435 3315 distantem

196 3335 401 3388 exhibeat,
427 3335 642 3391 probabile
661 3335 707 3377 fit
737 3335 952 3392 Μάρθουλα
965 3345 1006 3378 et
1041 3334 1223 3392 ’Ἁρμένην
1250 3334 1304 3377 ad
1326 3334 1434 3377 idem

196 3398 401 3451 pertinere
419 3396 638 3455 oppidum,
663 3397 776 3453 quod
798 3396 1137 3455 componendum
1156 3405 1217 3439 est
1238 3410 1333 3439 cum
1362 3397 1435 3438 ho·

197 3458 344 3500 dici-no
386 3458 544 3509 Odclna,
581 3459 632 3501 ad
672 3461 846 3502 fluvium
883 3461 961 3503 sito
994 3460 1301 3516 cognominem.
1340 3461 1356 3515 ΙΙ
1381 3484 1437 3493 —

199 3523 238 3561 6.
262 3521 506 3578 Ζάγατις]
531 3522 690 3564 Arabis
722 3538 789 3579 ap.
824 3523 978 3580 Scylac.
1002 3524 1124 3566 Nunc
1151 3522 1283 3565 Suclm
1315 3525 1432 3565 Dere.

205 3583 222 3636 Ι]
264 3607 319 3614 -
354 3587 393 3625 8.
435 3585 715 3641 Πρύτανιν]
762 3586 952 3642 Πόρδανιν
993 3601 1074 3629 sec.
1112 3585 1286 3643 Scylac.;
1328 3600 1439 3627 nunc

202 3645 391 3686 Fur-emm
406 3650 475 3686 Su.
489 3646 553 3687 Ab
569 3662 618 3687 eo
636 3650 687 3697 24
705 3647 834 3690 stadia
849 3647 973 3690 distat
989 3651 1170 3690 Armene
1182 3662 1249 3705 ap.
1269 3651 1439 3704 Anony-

201 3720 332 3749 mum.
362 3709 380 3763 Ι]
404 3731 458 3739 -
474 3723 516 3762 9.
547 3707 817 3764 Ἀγχιάλου
833 3712 848 3767 ]
866 3710 930 3753 Cf.
948 3710 1001 3753 de
1015 3726 1065 3752 eo
1081 3710 1186 3753 infra
1201 3713 1226 3765 ς
1245 3710 1344 3752 15et
1360 3712 1440 3752 Dio

201 3769 313 3811 Cass.
340 3769 538 3821 vam,
563 3783 627 3824 ¹9·
655 3773 671 3824 ῃ
703 3796 755 3802 -
793 3786 858 3815 11.
882 3773 1092 3827 Πυξίτης
1113 3774 1127 3831 ]
1148 3775 1440 3816 Memoratura

204 3831 337 3873 Plinio
357 3832 435 3883 vl,
456 3834 500 3882 4.
530 3831 646 3874 Idem
668 3833 836 3876 sortasse
864 3851 887 3877 a
925 3836 1087 3893 Scylace
1106 3840 1128 3891 S
1149 3839 1202 3880 82
1228 3835 1360 3893 Ἀρίων
1378 3835 1442 3878 di-

202 3895 326 3935 citur.
346 3894 469 3936 Nunc
494 3893 748 3937 Wiezeh-su.
779 3898 795 3951 ΙΙ
815 3920 872 3929 ·—
896 3899 960 3940 13.
981 3898 1021 3940 ’A
1035 3899 1240 3955 ρχαὸιν]
1260 3898 1440 3941 Amabis

202 3957 354 4011 Geogr.
374 3958 496 4008 Ram,
518 3957 726 4010 Abgabes,
749 3973 774 4013 9
805 3959 907 4002 mill.
938 3960 991 4001 ab
1010 3961 1182 4003 Athenis
1206 3960 1378 4011 distans,
1395 3960 1439 4002 in

201 4017 304 4059 Tab.
323 4019 532 4074 Peuting.;
553 4018 725 4075 Ἀρκαδις
745 4034 813 4076 ap.
833 4021 1026 4072 Ptolem„
1044 4025 1113 4079 qui
1138 4024 1245 4065 inter
1262 4021 1443 4066 Amudin

206 4087 245 4119 et
264 4082 466 4135 Apsarum
486 4081 655 4124 collocat
673 4081 841 4137 Ξυλίνην
864 4092 905 4126 et
919 4084 1091 4140 Κίσσαν(
1107 4085 1207 4128 hod.
1228 4085 1386 4127 A'a'sseh.
1402 4087 1442 4140 );

1349 225 1608 275 Annum

2752 107 2808 161 5³¹³

2673 232 2743 296 (⁷·)
2767 229 2802 248 ”’

1502 334 1606 378 ebro
1636 344 1865 393 separatur.
1922 338 2101 382 Vicinus
2127 349 2194 389 ,est
2222 343 2360 384 Rizius
2398 342 2568 394 fluvius,
2601 358 2625 385 a
2644 332 2808 394 Calo³ljt

1503 414 1672 448 eentum
1709 414 1751 448 et
1782 408 1929 462 viginti
1964 407 2099 452 stadia
2120 400 2303 454 ’disum
2366 413 2430 456 Ab
2463 414 2544 455 hoc
2580 415 2746 470 triginta
2757 376 2808 508 ἒ

1504 477 1635 520 stadia
1658 481 1841 521 Ascurus
1869 478 1973 521 alius
1998 481 2147 523 fluvius
2164 497 2176 534 ς
2196 481 2348 526 deinde
2372 484 2557 529 Adienus
2575 487 2745 543 quidam
2769 503 2808 545 1⁴.

1503 550 1557 592 ab
1587 553 1748 593 Ascuro
1781 551 1939 594 distans
1969 551 2109 602 >stadia
2137 555 2363 610 sexaginta.
2420 556 2525 601 Inde
2560 560 2743 603 Athenas
2783 546 2808 568 ⁷'

1505 636 1637 680 usque
1658 631 1757 666 sunt
1782 632 1951 666 centum
1972 633 2013 667 et
2034 626 2244 682 octoginta
2268 626 2414 669 stadia.
2474 629 2647 673 Athenis
2671 634 2755 675 {lu-f

1506 699 1596 741 vius
1609 699 1770 754 Zagatis
1792 699 1951 741 vicinus
1973 708 2049 751 est,
2072 699 2125 742 ab
2146 700 2204 742 eis
2222 709 2379 757 septem
2401 702 2579 745 maxime
2594 705 2746 748 stadio-

1505 786 1601 814 rum
1629 771 1843 815 intervallo
1863 771 2035 815 distans.
2096 772 2270 816 Athenis
2296 783 2436 816 autem
2455 789 2587 831 quum
2604 777 2748 820 solvis·

1505 860 1666 899 semus,
1683 847 1881 904 Prytanin
1901 849 2156 904 praetervecti
2179 862 2341 901 sumus,
2370 849 2441 890 ubi
2466 849 2656 894 Anchiali
2689 860 2750 894 est
2805 891 2808 895 .

1506 919 1631 973 regia.
1691 918 1859 961 Fluvius
1897 919 1966 961 hic
2006 919 2059 962 ab
2094 921 2264 963 Athenis
2301 921 2575 977 quadraginta
2619 923 2750 982 stadia
2798 906 2808 975 l

1506 993 1636 1035 abest.
1696 994 1866 1048 Prytani
1889 994 2049 1035 vicinus
2062 1002 2123 1036 est
2137 995 2328 1050 Pyxites,
2352 997 2576 1051 nonaginta
2592 998 2746 1040 stadio·
2801 995 2808 1021 ⁴

1506 1081 1600 1109 rum
1619 1067 1753 1123 spatio
1782 1064 2044 1124 interposito.
2105 1069 2141 1109 A
2162 1068 2308 1123 Pyxite
2334 1068 2389 1111 ad
2408 1071 2620 1115 Archabin
2650 1075 2747 1115 item
2804 1040 2808 1095 l

1507 1152 1605 1185 sunt
1627 1144 1874 1199 nonaginta,
1906 1144 1959 1185 ab
1989 1143 2169 1186 Archabi
2202 1143 2255 1186 ad
2292 1146 2498 1201 Apsarum
2535 1151 2748 1204 sexaginta
2804 1128 2808 1138 ⁴

1508 1220 1654 1262 stadia.

1562 1314 1604 1352 9.
1637 1298 1703 1341 Ab
1729 1275 1888 1354 Apsdro
1914 1312 2045 1354 quum
2068 1297 2351 1351 solvissemus,
2387 1300 2608 1356 Acampsin
2628 1302 2749 1357 quiu-
2806 1330 2808 1334 ι

1506 1366 1643 1408 decim
1664 1367 1828 1415 circiter
1849 1365 1980 1407 stadia
2009 1365 2062 1407 ab
2081 1368 2241 1422 Apsaro
2268 1366 2487 1409 distantem
2507 1377 2633 1410 noctu
2649 1382 2752 1426 prae-
2800 1392 2808 1425 52²

1518 1593 1675 1635 cissam
1686 1593 1809 1635 babet
1827 1594 1948 1634 etiam
1963 1592 2069 1634 Tab.
2086 1594 2276 1647 Peuting.
2291 1601 2332 1634 et
2342 1593 2613 1650 Geographus
2630 1599 2749 1650 Rav„
2805 1644 2808 1650 ¹

1514 1656 1586 1711 qui
1624 1655 1776 1697 deinde
1814 1663 1909 1696 ante
1946 1658 2150 1710 Apsarum
2179 1664 2381 1697 memorat
2415 1654 2552 1698 locum
2596 1660 2752 1702 Rae-ion
2802 1664 2808 1726 γ’

1512 1717 1678 1759 aliunde
1696 1728 1780 1759 non
1800 1725 1962 1759 notum.
1981 1716 2182 1759 Archabis
2201 1716 2312 1773 apud
2333 1716 2539 1773 Scylacem
2559 1730 2753 1778 corrupte
2802 1730 2808 1795 3

1512 1779 1740 1836 appellatur
1760 1777 1960 1835 Δραανών.
1981 1779 2103 1820 Nunc
2131 1778 2248 1820 audit
2281 1779 2477 1821 Arctoawi
2508 1780 2569 1822 vel
2588 1783 2752 1825 Archa·
2804 1797 2808 1849 ᾗ

1514 1841 1596 1883 well
1619 1845 1688 1884 Su.
2729 1846 2738 1856 ⁰

1569 1904 1707 1958 §9,1.
1731 1905 1796 1946 15.
1816 1903 2052 1960 Ἄψαρον]
2082 1903 2246 1960 ΕΙιορρα
2264 1907 2357 1952 Su.,·
2389 1907 2437 1945 16
2460 1904 2560 1946 mill.
2584 1907 2750 1960 aCisea,

1515 1967 1569 2022 37
1590 1967 1691 2009 mill.
1712 1982 1736 2009 a
1756 1966 1907 2011 Aoeabi
1937 1974 2120 2007 remotus
2138 1980 2220 2007 sec.
2251 1966 2478 2008 Tab.Peut.
2501 1966 2753 2013 Stadiasmus
2803 1985 2808 2009 .-

1514 2028 1751 2071 salsissimus
1773 2028 1816 2070 h.
1834 2028 1862 2070 l.
1886 2042 1938 2069 ex
1955 2027 2138 2069 confusis
2157 2030 2316 2083 Apsaro
2337 2035 2378 2069 et
2404 2030 2594 2085 Acampsi
2619 2031 2754 2074 fluviis

1513 2090 1764 2133 derivandus
1801 2089 1978 2132 videtur.
2012 2091 2206 2131 Ceterum
2242 2089 2295 2131 de
2327 2092 2487 2146 Apsaro
2520 2090 2575 2133 cs.
2611 2106 2750 2149 supra.

1514 2156 1741 2210 Hucusque
1761 2154 1939 2209 pertinet
1962 2153 2147 2209 primum
2178 2152 2452 2206 fragmentum
2468 2153 2614 2210 peripli
2638 2159 2753 2198 Ano·

1514 2217 1643 2272 nymi.
1670 2215 1688 2269 ΙΙ
1721 2238 1778 2247 -
1805 2216 1868 2255 15.
1900 2214 2154 2269 Ἄκαμψιν]
2177 2209 2436 2256 Memoratur
2457 2215 2608 2258 fluvius
2630 2231 2654 2259 a
2673 2218 2753 2259 Pli-

1515 2278 1585 2319 nio
1608 2279 1695 2326 VI,
1722 2279 1746 2325 4
1776 2284 1816 2317 et
1843 2290 1866 2317 a
1886 2275 2150 2331 Geographo.
2179 2277 2383 2326 navemn„
2408 2275 2481 2318 ubi
2502 2286 2598 2333 post
2625 2283 2754 2337 Apsa-

1514 2355 1607 2382 rum
1622 2340 1811 2395 sequitur
1828 2353 1980 2380 nomen
2007 2346 2250 2395 corruptum
2274 2341 2471 2388 Acamas,
2492 2347 2534 2381 et
2554 2354 2580 2382 a
2599 2342 2753 2385 Proco-

1513 2403 1598 2459 pio,
1620 2402 1720 2444 Bell.
1735 2401 1865 2444 Goth.
1877 2402 1955 2452 IV,
1976 2414 2018 2451 a,
2038 2415 2081 2456 p.
2101 2403 2198 2450 464,
2213 2400 2285 2455 qui
2298 2398 2750 2459 fusiusdeeoexponit:

1520 2465 1590 2507 Ἐκ
1619 2466 1765 2507 τούτων
1788 2464 1829 2506 δὲ
1848 2469 1924 2505 τῶν
1947 2464 2143 2512 Τζανικῶν
2169 2462 2270 2518 ὀρῶν
2293 2463 2440 2505 κάτεισι
2459 2465 2631 2521 ποταμὸς
2658 2466 2755 2518 Βόας

1514 2530 1661 2584 ὄνομα,
1686 2530 1727 2577 ’ὸς
1741 2526 1788 2580 δὴ
1807 2527 1844 2577 ἔς
1859 2543 1901 2569 τε
1922 2527 2078 2583 λόχμας
2096 2526 2342 2581 παμπληθεῖς
2365 2524 2433 2567 ἰὼν
2453 2526 2519 2568 καὶ
2536 2529 2670 2584 χώραν
2686 2529 2755 2572 λου
2801 2570 2808 2586 -.-

1513 2593 1622 2648 φώδη
1635 2592 1935 2649 περιερχόμενος
1949 2591 2100 2647 φέρεται
2121 2588 2187 2645 μὲν
2204 2588 2375 2644 ἄγχιστα
2389 2594 2465 2631 τῶν
2484 2591 2650 2645 Δαζικῆς
2669 2608 2752 2648 χω·
2803 2606 2808 2642 3

1514 2655 1622 2710 ρίων,
1648 2655 1817 2697 ποιεῖται
1834 2651 1876 2695 ὃὸ
1893 2652 1961 2701 τὰς
1979 2651 2141 2701 aeon<
2161 2650 2197 2699 ἔς
2223 2651 2290 2693 τὸν
2312 2651 2489 2700 Εὔξεινον
2509 2652 2752 2709 καλούμενον
2788 2647 2808 2740 1¹

1514 2718 1672 2767 πόντον,
1690 2715 1735 2757 οὗ
1749 2716 1880 2772 μέντοι
1891 2716 1990 2764 Βόας
2002 2714 2253 2770 καλούμενος·
2271 2713 2423 2755 ἐπειδὰν
2439 2713 2516 2771 γὰρ
2533 2717 2601 2767 τῆς
2613 2715 2755 2759 θαλάο-
2796 2745 2808 2754 4

1514 2794 1583 2832 σης
1602 2778 1717 2835 ἔγγὺς
1732 2778 1890 2831 ἵκηται,
1912 2777 1957 2819 τὸ
1981 2776 2048 2833 μὶν
2073 2777 2199 2832 ὄνομα
2223 2776 2376 2831 μεθίησι
2398 2779 2530 2828 τοῦτο,
2555 2775 2682 2835 ἐτέρας
2711 2779 2752 2822 ’ὀὶ

1513 2841 1559 2884 τ”ο
1575 2840 1724 2883 ἐνθένδε
1744 2840 2002 2896 προσηγορίας
2027 2839 2333 2895 μεταλαγχάνει,
2364 2838 2406 2882 tx
2427 2843 2503 2883 τῶν
2519 2838 2557 2881 οἱ
2582 2838 2752 2898 ἔπιγινο·

1514 2905 1639 2960 μένων
1667 2904 1792 2959 ὄνομα
1808 2903 2004 2958 κτώμενος
2019 2915 2029 2927 ·
2054 2901 2285 2957 Ἄκαμψιν
2312 2899 2387 2957 γὰρ
2407 2899 2522 2943 αὖτδν
2545 2901 2591 2944 τὸ
2613 2902 2752 2947 λοιπὸν

1513 2965 1697 3007 καλοῦσιν
1727 2965 1765 3006 οἱ
1795 2963 2017 3021 ἐπιχώριοι,
2048 2963 2184 3004 τούτου
2207 2961 2253 3014 δὴ
2289 2964 2416 3014 ἕνεκα,
2445 2964 2506 3006 ὅτι
2536 2961 2583 3016 δὴ
2607 2965 2656 3007 κά

1514 3027 1628 3069 αὑτὸν
1651 3029 1702 3083 τῇ
1724 3026 1898 3083 θαλάσσῃ
1930 3025 2193 3081 ἀναμιχθέντα
2217 3024 2403 3081 ἀμήχανά
2434 3023 2551 3077 ἔστιν,
2575 3024 2657 3069 lm}
2689 3027 2752 3076 ξὺν

1512 3089 1611 3146 ῥύμῃ
1635 3089 1801 3146 τοσαύτῃ
1833 3089 1897 3130 καὶ
1925 3088 2076 3141 ὀξύτητι
2095 3091 2163 3128 τοῦ
2197 3087 2263 3142 ῥοῦ
2292 3086 2358 3135 τὰς
2387 3085 2550 3136 lason,
2566 3090 2749 3141 ποιεῖται,

1513 3150 1687 3207 ταραχὴν
1731 3149 1884 3201 πολλὴν
1922 3154 1989 3191 τοῦ
2022 3150 2150 3205 ῥοδίου
2202 3148 2427 3205 ἐπίπροσθεν
2465 3148 2748 3206 έργαζόμενος,

1511 3214 1611 3255 ὥστε
1631 3213 1684 3261 ὡς
1717 3213 1951 3267 πορρωτάτω
1978 3214 2045 3263 τῆς
2076 3212 2269 3262 θαλάσσης
2306 3209 2373 3251 ἰὼν
2411 3209 2556 3267 ἄπορον
2586 3214 2752 3255 ποιεῖται

1512 3275 1579 3317 τδν
1614 3274 1733 3331 ταύτῃ
1753 3273 1963 3315 διάπλουν·
2002 3273 2043 3314 οἵ
2083 3288 2122 3314 τε
2154 3271 2450 3329 ναυτιλλόμενοι
2480 3271 2645 3317 ίνταῦθα
2681 3278 2751 3318 τοῦ

1514 3338 1678 3388 Πόντου,
1702 3335 1776 3378 εἴτε
1802 3338 1963 3388 Λαζικῆς
1987 3335 2073 3376 εὖθἰ)
2105 3335 2285 3384 πλέοντες
2311 3334 2388 3378 εἴτε
2405 3335 2470 3377 καὶ
2485 3334 2634 3381 ένθένδι
2654 3335 2765 3382 &aas

1513 3415 1643 3454 ραντες
1664 3397 1789 3439 οὐκέτι
1809 3397 1890 3450 ἑξῆς
1919 3398 2096 3440 διαπλεῖν
2115 3397 2321 3440 δύνανται·
2346 3398 2492 3455 κάμψαι
2512 3397 2589 3456 γὰρ
2604 3403 2673 3442 τοῦ
2686 3413 2752 3445 πο-

1512 3465 1637 3519 ταμοῦ
1660 3461 1726 3503 τὸν
1762 3460 1851 3517 ῥοῦν
1885 3460 2035 3517 οὗδαμῆ
2068 3460 2243 3516 ἔχουσιν,
2277 3459 2381 3502 ἀλλὰ
2414 3462 2648 3518 πορρωτάτω
2681 3459 2751 3520 μὶν

1512 3524 1748 3581 ἀναγόμενοι
1769 3527 1837 3566 τοῦ
1861 3522 1985 3582 ἐκείνῃ
2008 3523 2221 3581 πελάγους,
2243 3523 2306 3567 ἐπὶ
2326 3525 2443 3581 μέσου
2462 3523 2504 3567 δδ
2525 3527 2594 3567 τοῦ
2609 3525 2752 3568 πόντου

1512 3587 1647 3638 ἰόντες,
1672 3586 1772 3629 οὕτω
1790 3584 1837 3639 δὴ
1862 3585 2179 3629 ἀπαλλάσσεσθαι
2200 3589 2268 3640 τῆς
2296 3589 2365 3628 τοῦ
2392 3589 2570 3643 ποταμοῦ
2589 3586 2760 3641 έκὸολῆςν

1510 3652 1704 3692 δύνανται.
1740 3651 1916 3704 Magnus
1955 3650 2025 3691 hic
2068 3650 2218 3692 fluvius
2247 3648 2373 3692 hodie
2411 3657 2472 3691 est
2513 3648 2757 3694 Tsclaomele.

1519 3712 1682 3755 Tschai.
1711 3711 1777 3754 Ab
1797 3715 1955 3768 Apsaro
1974 3710 2086 3767 quod
2105 3711 2245 3753 abesse
2260 3708 2413 3754 dicitur
2434 3709 2563 3754 stadia
2579 3710 2754 3768 quinde-

1510 3775 1606 3824 cim,
1641 3773 1681 3814 id
1716 3783 1855 3830 aperte
1889 3774 2034 3816 salsum
2062 3782 2139 3816 est.
2169 3775 2275 3817 Sunt
2295 3772 2348 3815 ad
2373 3772 2451 3816 150
2478 3771 2624 3825 stadia,
2656 3788 2684 3831 q
2754 3795 2756 3797 ·

1511 3852 1710 3893 reponere
1743 3851 1827 3878 non
1854 3835 2103 3888 dubitarem,
2126 3836 2203 3878 nisi
2224 3835 2384 3891 vulgata
2410 3833 2633 3891 quadraret
2735 3887 2739 3890 ξ

1511 3914 1672 3940 summa
1691 3898 1919 3940 stadiorum
1940 3902 2065 3949 2260,
2096 3912 2188 3955 quae
2222 3898 2422 3941 Arrianus
2443 3912 2467 3939 a
2486 3898 2704 3955 Trapezon
2744 3895 2747 3901 '
2803 3917 2808 3961 ξ

1511 3961 1561 4003 ad
1589 3961 1900 4003 Dioscuriadem
1918 3969 2146 4018 computat,
2166 3959 2271 4003 adeo
2286 3969 2333 4002 ut
2346 3966 2558 4002 auctorem
2581 3959 2642 4001 ve!
2665 3968 2747 4002 moi
2801 3964 2808 4008 3

1516 4025 1645 4065 moria
1675 4023 1735 4064 vel
1763 4024 2007 4065 vetustiores
2024 4023 2272 4079 geographi,
2293 4036 2344 4064 cx
2362 4022 2514 4078 quibus
2530 4021 2644 4063 hunc
2667 4014 2808 4087 sta-123

1515 4084 1721 4127 diasmum
1742 4086 1906 4127 ineante
1920 4084 2149 4141 exscripsit,
2169 4083 2352 4126 fefellisse
2368 4082 2598 4127 videantur.
2624 4083 2747 4124 necto
2765 4087 2788 4156 «Ξ
2806 4087 2808 4094 “

2754 4272 2786 4342 3
