2808 4342
76 156 188 218 (m.)

79 261 245 321 ριὸάτης
270 255 398 320 φυγὰς
419 257 475 301 ὢν
497 253 724 300 εἰσὲὅαλεν.
753 247 858 300 Εἶτα
881 254 1037 300 Ἀναθὼ
1057 260 1177 311 νῆσος
1197 253 1305 298 κατὰ

77 329 144 373 τὸν
169 325 383 391 Εὐφράτην
409 322 581 368 σταδίων
607 321 656 377 δ’,
680 324 720 367 ἐν
743 316 772 383 ᾗ
795 322 935 378 πόλις,
963 331 1118 385 σχοῖνοι
1142 325 1190 370 δ’·
1217 322 1304 376 μεθ’

76 398 126 453 ἣν
162 393 368 445 Θιλαὸοὺς
396 395 514 445 νῆσος
546 389 653 435 κατὰ
686 390 754 436 τὸν
789 392 1031 454 Εὐφράτην,
1074 393 1166 439 ἔνθα
1197 389 1302 449 γάζα

76 467 267 527 Πάρθων,
291 467 444 522 σχοῖνοι
466 459 520 507 δ’.
544 452 647 505 Εἶτα
667 457 783 512 ’Ίζαν
806 460 1036 518 νησόπολις,
1051 466 1208 524 σχοῖνοι
1226 457 1299 505 ιδ’.

48 528 180 581 &Eira
201 531 410 585 Ἀείπολις,
436 528 528 573 ἔνθα
552 529 834 590 οἷσφαλτίτιδες
864 530 1020 589 πηγαὶ,
1048 539 1204 592 σχοῖνοι
1229 527 1300 578 ις’.

77 605 220 650 Ἔνθεν
245 599 466 659 Βεσήχανα
490 598 625 654 πόλις,
647 600 687 643 ἐν
715 593 744 659 ᾗ
772 598 879 660 ἱερὸν
909 599 1127 662 Ἀτάργατι
1143 638 1156 660 .,
1180 603 1300 660 σχοῖ-

73 692 131 719 νοι
145 671 217 716 ιδ’.
233 662 335 716 Εἶτα
353 668 561 719 Νεάπολις
579 667 693 729 παρὰ
706 667 772 713 τὸν
790 668 1026 731 Εὐφράτην,
1041 674 1194 732 σχοῖνοι
1213 666 1297 712 κδ’.

70 741 216 791 Ἔνθεν
242 738 470 785 διαὸάντων
504 737 570 782 τὸν
601 737 820 799 Εὐφράτην
850 738 921 783 καὶ
943 741 1208 803 Ναρμοίλχαν
1233 736 1300 782 ἐπὶ

21 798 27 803 .
69 805 314 852 Σελεύκειαν
355 805 427 861 τὴν
461 806 561 868 πρὸς
586 810 644 868 τῷ
673 806 859 868 Τίγριδι,
905 811 1060 868 σχοῖνοι
1097 808 1149 856 θ’.
1177 808 1298 866 Ἄχρι

20 875 210 920 ίυτούτου
243 875 546 932 Μεσοποταμία
583 874 653 919 καὶ
688 874 957 921 Βαὸυλωνία·
985 877 1054 922 καὶ
1085 877 1182 923 εἰσὶν
1219 872 1300 917 ἀπὸ

68 944 302 1003 Ζεύγματος
326 944 421 1005 ἄχρι
445 944 689 1002 Σελευκείας
711 948 866 1006 σχοῖνοι
891 944 996 1007 ροα’.

129 1028 164 1058 2.
181 1013 391 1059 Ἐντεῦθεν
413 1013 585 1074 ἄρχεται
602 1017 626 1067 ἡ
646 1013 695 1059 ’A
715 1015 1072 1072 πολλωνιᾶτις,
1094 1016 1182 1072 ἥτις
1197 1029 1295 1061 κατ’·

59 1081 152 1143 ἐ’χει
185 1082 368 1142 σχοίνους
394 1081 475 1141 λγ’.
507 1079 632 1142 ’Έχει
664 1084 705 1126 δὲ
729 1082 893 1142 κώμας,
919 1085 959 1127 ἐν
995 1077 1058 1135 αἶς
1092 1079 1293 1144 σταθμὸς,

65 1151 183 1196 πόλιν
207 1151 248 1195 δὲ
268 1149 492 1206 Ἑλληνίδα
513 1150 828 1212 Ἀρτέμιτα·’διὰ
852 1151 981 1212 μέσης
1003 1153 1042 1198 δὲ
1064 1153 1215 1208 ταύτης
1238 1151 1299 1210 ῥεῖ

68 1328 319 1382 intelligendi
338 1329 435 1379 sint,
463 1328 629 1369 difficile
656 1329 794 1380 dictu;
818 1329 984 1371 sortasse
1004 1329 1206 1370 Tiridates
1225 1332 1296 1384 qui

62 1390 250 1431 Phraatae
262 1391 507 1445 IVimperio
522 1392 677 1445 potitus
688 1400 748 1432 est
763 1393 881 1444 (24a.
893 1393 979 1447 C.).
996 1393 1012 1447 Η
1024 1416 1080 1422 -
1093 1391 1197 1433 Ἀνα
1210 1393 1228 1433 θ
1239 1394 1295 1448 ὼ]

63 1451 237 1491 insulam
255 1453 271 1505 (
294 1467 406 1492 nunc
429 1453 553 1493 Anulz
569 1456 584 1507 )
605 1461 698 1494 ante
723 1455 923 1495 Nostrum
938 1469 1062 1495 nemo
1076 1464 1294 1496 memorat.

62 1513 303 1554 Ptolemaeus
321 1515 377 1564 V,
407 1527 511 1569 17p.
538 1515 617 1569 377
640 1515 778 1556 locum
801 1517 873 1571 qui
897 1532 947 1557 ex
969 1516 1140 1558 adverso
1155 1517 1298 1559 insulae

64 1575 166 1615 situs
188 1583 288 1626 erat,
314 1575 450 1616 dicere
475 1575 641 1616 videtur
658 1577 837 1618 Βὲθ-ανα.
860 1579 1107 1629 Ammianus
1133 1580 1294 1630 XXIV,

64 1648 102 1686 1,
118 1640 153 1686 Γ6
174 1637 230 1678 ita
252 1650 262 1678 :
291 1639 505 1678 Anatkam
531 1637 878 1680 munimentum...
908 1639 1019 1695 quod
1038 1650 1085 1681 ut
1099 1641 1296 1697 pleraque

58 1697 443 1741 aliacircumluitur
454 1700 628 1755 fluentis
653 1701 901 1757 Euphratis.
934 1703 1121 1743 Zosimus
1142 1705 1220 1753 III,
1247 1706 1296 1753 14

61 1760 237 1802 insulam
253 1771 469 1814 memorat,
496 1778 580 1804 non
598 1762 740 1804 addito
756 1765 924 1806 nomine
1033 1764 1084 1813 εἴς
1098 1781 1135 1806 τι
1149 1767 1294 1821 χωρίον

59 1821 230 1877 ἄφίκετο·
260 1824 463 1872 Φαθούσας
494 1824 671 1881 (Βέθανα
700 1825 907 1866 Ptolemaei
931 1826 945 1883 )
986 1827 1110 1882 ὄνομα
1146 1828 1290 1884 τούτῳ·

58 1879 104 1934 ἢν
138 1883 182 1927 δὲ,
201 1886 428 1941 καταντικρὺ
458 1886 496 1927 ἐν
520 1891 575 1943 τῷ
608 1892 772 1943 ποταμῷ
797 1891 910 1940 νῆσος
944 1887 1089 1944 ἐ’χουσα
1117 1891 1293 1946 φρούριον

53 1947 131 1989 ὐπὸ
161 1948 351 1990 πλείστων
382 1950 624 2006 οἰκούμενον.
652 1951 948 2006 Theophylact.
981 1953 1081 1993 Sim.
1112 1954 1189 2004 IV,
1227 1968 1290 1996 10.

56 2012 112 2063 V,
142 2025 160 2052 1
189 2025 198 2053 :
226 2012 271 2053 τὸ
292 2012 456 2054 Ἀνάθων
475 2014 668 2069 φρούριον.
693 2015 911 2055 Castellum
931 2015 1072 2056 insulae
1093 2017 1293 2058 Arrianus

52 2075 99 2114 ‘in
126 2075 326 2116 Parthicis
360 2077 444 2116 suis
469 2076 590 2131 Τύρον
614 2076 833 2131 appellasse
856 2076 1044 2127 videtur;
1080 2092 1177 2117 nam
1207 2080 1293 2119 Ste-

51 2136 226 2191 phanus.
253 2140 350 2192 Byz.
385 2153 424 2178 v.
451 2138 569 2193 Τύρος
595 2151 604 2179 :
646 2138 835 2193 Ἀρριανὸς
863 2139 904 2179 δὲ
935 2139 983 2180 τὰ
1013 2139 1149 2181 Ἄναθα
1170 2141 1290 2196 Τύρον

55 2198 183 2240 καλεῖ.
217 2201 416 2241 Praeterea
440 2200 577 2242 Anath
598 2200 724 2241 habes
742 2215 808 2256 ap.
843 2201 1036 2242 Isztachri
1062 2216 1105 2257 p.
1146 2216 1197 2255 79
1221 2202 1287 2243 ed.

54 2262 340 2312 Mordtmann,
358 2261 569 2303 Edrisium
588 2271 618 2303 t.
643 2265 706 2312 ΙΙ,
723 2277 766 2317 p.
793 2263 886 2304 138.
913 2267 990 2311 142
1012 2262 1080 2303 ed.
1103 2262 1287 2305 Jaubert.

52 2324 119 2362 De
136 2323 339 2363 hodierno
362 2323 452 2364 loco
467 2338 507 2364 v,
525 2324 672 2364 Ritter.
690 2325 766 2374 XI,
780 2338 824 2379 p.
845 2338 925 2378 717
942 2338 1032 2378 sqq.
1052 2325 1139 2378 11——
1151 2323 1182 2364 Θ
1194 2324 1288 2365 ιλα-

58 2384 79 2423 6
93 2400 113 2424 ο
126 2385 190 2440 ὓς]
214 2383 403 2433 Ὁλαὸοὺς
415 2385 558 2437 codd.;
579 2385 768 2434 Ὀλαὸοὺς
783 2386 900 2427 editt.
923 2387 939 2440 Η
952 2402 1105 2441 -σχο
1118 2388 1214 2427 ῖνοι
1237 2387 1289 2443 β’]

53 2448 112 2487 sic
130 2447 271 2496 codd.;
292 2447 342 2487 ιδ’
355 2448 572 2499 editiones,
595 2448 746 2503 quibus
761 2448 892 2489 fidens
913 2449 1092 2489 Ritterus
1110 2450 1187 2494 XI,
1209 2451 1286 2500 731

51 2510 230 2550 'insulam
278 2509 452 2550 indicari
497 2511 655 2564 putavit
713 2509 933 2551 Haditlzalz
970 2511 1054 2550 sive
1096 2512 1291 2551 Hadisulz

58 2571 71 2626 (
97 2572 170 2620 340
186 2570 226 2625 7'
248 2571 436 2629 40”1ειῖ.,
459 2574 532 2620 420
551 2571 619 2613 26’
643 2571 725 2613 28”
744 2586 824 2612 sec.
849 2572 1080 2626 ChesneyL
1106 2587 1147 2626 p.
1183 2575 1232 2614 53
1253 2576 1286 2629 ),

54 2642 109 2683 et,
133 2648 264 2688 quum
286 2635 328 2674 in
351 2633 554 2674 distantiis
572 2634 711 2688 quales
729 2633 931 2675 editiones
959 2635 1169 2685 exhibent,
1199 2650 1290 2676 cor-

56 2705 225 2752 ruptum
244 2696 399 2751 aliquid
416 2696 586 2747 videret,
612 2698 654 2736 in
670 2711 783 2751 seqq.
805 2711 881 2751 pro
903 2694 958 2742 ις’
978 2696 1054 2750 legi
1078 2697 1208 2737 voluit
1229 2697 1285 2742 <,·'.

56 2761 258 2799 Revocata
286 2757 478 2799 codicum
501 2759 718 2813 scriptura,
745 2766 854 2798 recte
874 2757 962 2812 jam
989 2759 1129 2799 omnia
1143 2773 1287 2814 proce-

51 2821 174 2862 dunt.
207 2821 382 2861 Duobus
415 2829 508 2876 post
535 2821 701 2862 Anatho
723 2820 900 2861 schoenis
923 2820 1055 2861 insula
1083 2822 1284 2875 sequitur,

52 2898 177 2938 quam
200 2883 385 2939 Chesney
406 2884 445 2924 in
460 2897 608 2939 mappa
625 2884 762 2925 Telbes
781 2883 844 2924 vel
860 2882 1096 2932 Anatelbes,
1123 2884 1166 2923 in
1181 2883 1287 2924 libro

53 2961 129 2987 suo
155 2946 288 3002 (tom.
310 2949 344 2998 I,
362 2962 405 3002 p.
438 2948 486 2987 53
511 2949 527 3001 >
559 2946 702 2988 Tilbus
725 2954 857 2987 vocat.
883 2948 981 2987 Haec
1010 2946 1135 3000 igitur
1150 2956 1285 2988 nostra

51 3017 114 3048 est
141 3007 329 3056 Ὁλαὸοὒς
355 3009 431 3059 vel,
452 3017 510 3051 ,ut
536 3022 611 3062 ego
630 3008 834 3048 lenissima
856 3009 1084 3048 mutatione
1105 3008 1287 3049 scriben-

54 3070 155 3110 dum
185 3079 301 3125 puto,
327 3070 529 3117 Θιλαὸούς.
565 3071 837 3110 vetustorum
855 3069 977 3110 habet
998 3071 1138 3110 ruinas
1161 3070 1286 3111 aedifi-

54 3134 229 3174 ciorum.
253 3135 359 3174 Cum
388 3141 563 3187 utraque
592 3133 707 3172 ssuvii
744 3133 833 3187 ripa
861 3140 987 3187 ponte
1010 3130 1156 3186 juncta
1184 3142 1284 3184 erat,

55 3194 171 3247 eujus
190 3205 409 3250 supersunt
434 3195 598 3236 rudera.
628 3196 849 3237 Ammiano
870 3197 999 3237 Marc.
1024 3196 1167 3236 XXIV
1193 3209 1233 3245 2,
1267 3210 1284 3236 1

58 3265 225 3297 vocatur
248 3258 459 3299 Tlu'lutlzu.
486 3261 547 3299 Ita
567 3259 690 3299 habet
709 3273 717 3299 ε
748 3260 905 3311 Quibus
925 3259 1003 3299 tali
1023 3273 1122 3299 casu
1139 3269 1285 3314 putru-

58 3318 114 3358 lis
149 3318 306 3374 (prope
330 3322 518 3361 Anathan
544 3323 559 3373 )
587 3321 645 3360 ad
672 3331 812 3361 castra
836 3321 1098 3376 pervenimus
1129 3321 1286 3361 nomine

58 3379 274 3428 'leilutlzu,
299 3381 339 3420 in
356 3382 484 3421 medio
499 3382 691 3435 fluminis
706 3383 807 3431 situ,
829 3383 958 3422 Iocum
975 3382 1165 3422 immenso
1190 3397 1286 3437 quo-

50 3443 154 3482 'dam
177 3443 326 3482 vertice
359 3454 651 3493 tumescentem,
681 3454 719 3484 et
742 3454 947 3499 potestate
981 3454 1140 3484 natur-ce
1175 3445 1286 3484 velut

52 3519 182 3544 manu
197 3503 507 3561 circumseptum
519 3506 711 3547 humana.
729 3508 916 3546 Zosimus
926 3509 1001 3556 III,
1022 3507 1068 3547 15
1087 3516 1286 3547 memorat

60 3566 228 3622 quidem
243 3567 416 3607 insulam
438 3569 476 3607 in
496 3583 622 3623 eaque
640 3570 816 3624 φρούριον
837 3569 1101 3624 ὀχυρώτατον,
1134 3584 1286 3609 nomen

5 3678 8 3682 ,
59 3645 155 3669 vero
168 3644 250 3669 non
264 3631 445 3684 apponit.
470 3633 603 3685 Prope
623 3632 796 3672 insulam
818 3633 859 3672 in
878 3632 1131 3686 Euphratem
1153 3633 1287 3674 instuit

61 3696 150 3738 Sur,
170 3691 239 3744 qui
258 3699 316 3730 est
334 3691 526 3745 Σαοκόρας
544 3692 750 3733 Ptolemaei
767 3695 823 3743 V,
853 3707 900 3747 17
919 3695 933 3746 (
949 3694 1020 3742 340
1040 3694 1108 3735 lat.
1123 3696 1156 3748 ),
1170 3694 1288 3750 cujus

60 3754 164 3792 ostio
177 3752 332 3806 adjacet
350 3751 541 3806 Ῥεσκίφα,
558 3769 667 3794 nunc
679 3755 868 3795 Hubbein
884 3757 1010 3806 vicus,
1024 3771 1151 3811 prope
1163 3772 1286 3812 quem

62 3815 248 3855 Rikunale
259 3814 367 3854 mills
380 3823 493 3855 notat
501 3816 750 3870 ChesneyuS.
760 3817 857 3870 Η-”
868 3818 881 3856 Ι
894 3819 916 3864 ζ
926 3833 949 3857 α
959 3833 977 3857 ν
999 3833 1018 3858 ν
1029 3834 1051 3870 η
1064 3819 1178 3859 σόπο
1190 3819 1216 3858 λ
1230 3835 1240 3858 ι
1253 3821 1285 3873 ς]

55 3878 118 3916 ⁴sic
139 3879 196 3926 B;
221 3875 306 3917 εἶτα
328 3876 350 3927 ἥ
367 3878 645 3929 ζαννησόπολις
663 3881 699 3919 Λ
714 3887 753 3919 et
768 3878 883 3919 editt.
903 3882 1106 3920 Mensurae
1128 3880 1287 3923 ducunt

60 3939 111 3978 ad
133 3939 276 3978 urbem
300 3939 340 3978 in
363 3939 494 3980 insula
511 3941 629 3980 sitam
644 3940 700 3980 El
720 3943 819 3989 Uzz,
846 3956 970 3995 quam
993 3944 1086 3981 Izan
1105 3952 1286 3984 nostram

56 4015 145 4041 esse
171 4001 230 4041 vel
253 4016 402 4042 nomen
433 4002 576 4043 suadet
613 4003 743 4043 Ritter
766 4004 840 4054 XI,
864 4017 907 4058 p.
934 4004 1013 4057 738
1041 4018 1166 4058 quum
1187 4019 1285 4060 pen-

974 152 1326 202 MANSIONES
1359 155 1700 206 PARTHICAE.

2518 187 2601 227 249

1373 262 1464 303 istic
1482 278 1579 318 gaza
1606 275 1693 307 erat
1709 267 1910 319 PhraatiS,
1934 270 2006 323 qui
2028 271 2188 324 pellices
2203 273 2416 328 jugulavit,
2443 285 2606 334 quando

1371 324 1576 367 Tiridates
1591 328 1706 368 exsul
1719 329 1882 383 irrupit.
1907 330 2111 386 Deinceps
2133 335 2297 374 Anatho
2314 337 2443 380 insula
2468 342 2510 381 in
2526 345 2607 384 Eu-

1371 386 1539 440 phrate,
1559 389 1788 431 stadiorum
1804 399 2002 445 quattuor
2019 407 2114 434 cum
2132 394 2250 445 urbe,
2266 397 2419 440 schoeni
2440 406 2462 451 4
2481 420 2491 452 ;
2517 418 2607 459 post

1372 460 1495 500 quam
1506 450 1706 491 Thilabus
1722 451 1853 492 insula
1862 452 1904 492 in
1916 453 2142 508 Euphrate,
2154 455 2224 496 uhi
2237 471 2331 510 gaza
2344 462 2603 518 Parthorum,

1371 509 1527 550 schoeni
1543 525 1582 551 2.
1602 513 1707 553 Dein
1723 516 1819 554 Izan
1838 514 1938 554 urbs
1959 516 2001 555 in
2020 516 2163 566 insula,
2186 519 2340 561 schoeni
2362 535 2423 562 12.
2448 527 2606 571 Deinde

1370 571 1528 625 Aipolis
1549 571 1563 628 (
1586 577 1634 613 Is
1658 575 1754 615 urbs
1775 575 1807 630 ),
1844 576 1916 616 ubi
1939 576 2153 618 bituminis
2177 578 2309 621 sontes
2326 614 2336 632 ,
2360 585 2512 627 schoeni
2538 594 2602 630 16.

1369 631 1474 673 Inde
1494 634 1726 676 Besechana
1746 636 1859 686 urbs,
1883 638 1925 677 in
1956 652 2037 691 qua
2059 638 2198 680 sanum
2220 645 2464 698 Atargatidis
2495 648 2579 690 deae
2593 683 2604 702 ,

1369 694 1525 736 schoeni
1545 709 1610 736 12.
1626 698 1731 738 Dein
1744 698 1935 752 Neapolis
1945 698 2064 752 juxta
2077 703 2343 758 Euphratem,
2356 709 2509 750 schoeni
2527 725 2594 752 22.

1368 757 1472 798 Inde
1494 759 1800 800 transeuntibus
1822 761 2078 815 Euphratem
2104 773 2144 804 et
2171 767 2438 810 Narmalchan
2465 772 2515 813 ad
2535 775 2601 816 Se-

1368 819 1541 861 leuciam
1561 821 1719 876 Tigridi
1740 823 1969 878 appositam
1992 825 2146 866 schoeni
2166 843 2205 880 9.
2233 831 2452 886 Hucusque
2474 836 2606 877 Meso-

1366 883 1550 936 potamia
1570 891 1612 923 et
1638 883 1885 938 Babylonia;
1911 895 2009 927 sunt
2033 895 2169 928 autem
2201 905 2222 930 a
2241 893 2457 946 Zeugmate
2477 910 2604 953 usque

1366 943 1419 984 ad
1441 944 1672 986 Seleuciam
1686 946 1842 987 schoeni
1865 960 1957 1001 171.
2246 946 2250 950 ’

1423 1025 1463 1052 2.
1478 1013 1587 1053 Hinc
1598 1013 1742 1068 incipit
1759 1014 2109 1070 Apolloniatis
2125 1050 2135 1067 ,
2162 1033 2251 1073 quae
2267 1024 2450 1065 continet
2464 1026 2603 1069 schoe-

1372 1094 1449 1120 nos
1473 1081 1541 1130 33,
1567 1081 1703 1122 Habet
1721 1090 1860 1123 autem
1883 1083 2016 1135 vicos,
2053 1086 2095 1125 in
2116 1087 2264 1140 quibus
2284 1093 2461 1143 mansio,
2483 1103 2604 1150 atque

1373 1148 1518 1188 urbem
1538 1150 1739 1200 Graecam,
1758 1151 1975 1202 Artemita,
1994 1166 2117 1206 quam
2149 1155 2295 1197 ssuvius
2314 1159 2405 1200 Silla
2428 1161 2603 1204 mediam

1369 1324 1484 1366 deret
1506 1340 1556 1366 ex
1582 1325 1690 1366 falsis
1709 1326 2000 1369 distantiarum
2026 1332 2148 1381 notis,
2181 1347 2272 1386 quae
2294 1335 2335 1374 in
2355 1336 2603 1379 editionibus

1368 1387 1517 1428 Isidori
1535 1388 1742 1442 leguntur,
1765 1404 1789 1430 a
1803 1404 1900 1431 vero
1916 1390 2133 1434 aberravit.
2155 1394 2170 1446 {l
2194 1419 2250 1425 —
2266 1394 2343 1436 εἴτ
2356 1412 2379 1437 α
2420 1397 2485 1439 Ἀε
2497 1415 2542 1441 ιπ
2554 1402 2574 1440 ό
2586 1425 2604 1432 -

1367 1449 1469 1504 λις]
1499 1450 1624 1491 hodie
1651 1450 1734 1491 Hit
1766 1452 1873 1504 (330
1894 1451 1963 1493 38’
1984 1452 2036 1494 8”
2063 1454 2151 1505 lat.;
2184 1459 2258 1505 420
2292 1458 2358 1498 52’
2394 1460 2470 1500 15''
2486 1462 2598 1518 long.

1366 1513 1442 1554 Gr.
1468 1515 1500 1566 ),
1523 1513 1597 1554 ubi
1630 1514 1870 1555 etiamnunc
1901 1515 2089 1557 bitumen
2107 1527 2246 1560 scatet.
2270 1521 2394 1576 Apud
2416 1525 2602 1567 Herodo-

1366 1583 1456 1616 tum
1482 1576 1499 1628 (
1517 1577 1552 1626 I,
1567 1604 1569 1606 .
1582 1589 1676 1629 179,
1694 1574 1807 1616 unde
1829 1590 1903 1618 sua
1917 1578 2145 1634 Stephanus
2163 1583 2260 1636 Byz.
2285 1598 2324 1625 v,
2344 1583 2398 1631 ’Ίς
2414 1594 2454 1626 et
2473 1588 2601 1629 Hcro-

1365 1632 1478 1677 dian.
1493 1639 1556 1678 De
1578 1636 1679 1678 dict.
1700 1638 1825 1689 solit„
1843 1653 1886 1694 p.
1916 1654 1982 1694 19,
2007 1643 2051 1694 4)
2070 1641 2168 1682 urbs
2186 1651 2353 1684 vocatur
2370 1645 2437 1696 Ἴς,
2457 1647 2601 1690 fluvio-

1364 1696 1452 1738 lum
1472 1699 1627 1740 habens
1644 1701 1949 1754 cognominem.
1971 1704 2046 1753 Ac,
2072 1704 2147 1744 nisi
2170 1703 2301 1756 fallor,
2319 1705 2429 1748 idem
2445 1723 2597 1751 nomen

1364 1761 1487 1802 etiam
1510 1762 1621 1817 apud
1649 1763 1856 1805 Isidorum
1884 1765 2171 1820 reponendum
2195 1775 2276 1817 est;
2302 1783 2396 1810 nam
2423 1768 2509 1811 εἶτα
2542 1772 2597 1820 ’Ίς

1363 1823 1474 1871 πόλις
1496 1823 1684 1866 facillime
1700 1827 1838 1880 potuit
1859 1827 1971 1868 abire
1994 1829 2036 1868 in
2057 1827 2147 1869 εἶτα
2168 1828 2352 1882 ἀείπολις,
2370 1832 2474 1874 male
2486 1848 2600 1890 repe-

1364 1885 1437 1925 tita
1475 1886 1592 1927 litera
1629 1902 1675 1936 α,
1702 1887 1963 1942 confusisque
1989 1905 1999 1928 ι
2031 1899 2070 1930 et
2101 1905 2154 1940 ει,
2189 1907 2216 1932 π
2241 1900 2281 1932 et
2304 1892 2514 1936 literarum
2550 1912 2600 1938 σπ

1364 1948 1628 2002 compendio.
1655 1950 1836 1990 Ritterus
1864 1951 1942 2001 XI,
1967 1966 2010 2006 p.
2034 1952 2114 2005 750
2137 1952 2315 1994 eundem
2347 1955 2484 1997 locum
2503 1957 2598 1999 Σίθα

1363 2012 1498 2050 vocari
1522 2020 1659 2052 censet
1680 2012 1792 2067 apud
1819 2014 2031 2054 Zosimum
2050 2017 2125 2064 III,
2157 2015 2220 2065 15,
2254 2017 2325 2056 ubi
2351 2030 2360 2057 z
2383 2018 2443 2059 ἐπὶ
2465 2019 2506 2060 δὲ
2533 2024 2599 2072 τῆς

1360 2069 1533 2125 ἄντικρυς
1551 2070 1679 2122 ἠιόνος
1702 2074 1718 2126 (
1738 2074 1781 2113 in
1803 2075 1893 2129 ripa
1915 2076 2076 2115 sinistra
2094 2076 2106 2130 )
2132 2076 2238 2130 πηγή
2257 2092 2312 2125 τις
2332 2073 2378 2129 ἧν
2401 2077 2594 2134 ἀσφαλτὸν

1361 2130 1510 2172 ἀνιεῖσα
1531 2133 1784 2186 (indicatur,
1808 2144 1926 2190 puto,
1951 2137 2064 2177 locus
2089 2137 2279 2179 hodierni
2309 2141 2458 2181 castelli
2476 2144 2590 2193 Sadi,

1359 2193 1404 2232 in
1435 2208 1518 2247 quo
1540 2195 1778 2235 etiamnunc
1805 2196 1895 2236 fons
1918 2197 2132 2239 bituminis
2150 2199 2189 2254 )·
2226 2201 2309 2254 μεθ’
2335 2202 2381 2253 ἣν
2405 2202 2455 2250 εἷς
2483 2205 2593 2256 Σίθα,

1359 2253 1446 2295 εἶτα
1469 2255 1519 2303 εἰς
1541 2256 1697 2311 Μηγίαν
1737 2256 1963 2313 ἀφικόμενος
2002 2260 2087 2299 κτλ.
2129 2262 2143 2314 ΙΙ
2183 2285 2238 2292 ——
2260 2265 2466 2317 σχοῖνοι
2501 2267 2592 2322 ις’]

1357 2318 1553 2358 Mensura
1580 2317 1695 2371 justo*
1724 2320 1860 2373 paullo
1889 2320 2034 2375 major.
2062 2322 2077 2375 Η
2104 2346 2160 2353 -
2182 2323 2499 2382 Βεσήχαναν]
2536 2329 2594 2369 5ἰο

1357 2380 1412 2430 Β;
1434 2380 1639 2434 Βεσηχάνα
1672 2383 1723 2421 A.
1755 2381 1968 2422 Iudicatur
1994 2383 2094 2423 urbs
2111 2390 2242 2439 Begaz
2256 2405 2288 2430 5.
2309 2387 2486 2428 Balio-m
2509 2403 2592 2430 non

1359 2441 1479 2492 longe
1505 2456 1529 2481 a
1551 2441 1642 2482 lacu
1674 2445 1801 2487 Sit-ret
1839 2444 1930 2484 sita.
1951 2443 2018 2484 Ad
2036 2444 2146 2484 lacus
2179 2445 2356 2485 maxime
2388 2451 2591 2501 Atargatis

1358 2508 1442 2542 sive
1454 2509 1629 2543 Derceto
1642 2502 1744 2543 fanis
1759 2503 1835 2543 coli
1848 2504 2017 2545 solebat.
2033 2507 2113 2545 Pro
2134 2503 2333 2560 Ἀτάργατι
2348 2520 2434 2547 non
2448 2510 2592 2565 scripsi

1365 2566 1645 2616 Άταργάτιδος,
1667 2564 1780 2619 quod
1799 2566 1940 2620 posuit
1960 2567 2007 2605 B.
2034 2566 2260 2607 Fabricius.
2293 2568 2309 2621 ΙΙ
2335 2591 2392 2599 -
2409 2568 2592 2611 Νεάπο-

1354 2625 1458 2674 λις.
1478 2659 1514 2667 ..
1539 2629 1752 2682 σχοῖνοι
1775 2628 1872 2682 κδ’]
1907 2628 2106 2682 Neapolin
2130 2630 2313 2670 Ritterus
2335 2631 2411 2681 XI,
2432 2645 2476 2686 p.
2512 2636 2591 2687 782

1359 2689 1480 2730 fuisse
1502 2698 1620 2742 putat
1641 2704 1662 2729 e
1677 2690 1842 2743 regione
1867 2689 2057 2730 hodierni
2079 2690 2275 2731 Mucdam
2289 2709 2304 2740 ;
2330 2692 2466 2747 ipsum
2494 2709 2592 2736 vero

1358 2753 1555 2792 Macetum
1571 2751 1755 2792 indicare
1776 2751 1913 2792 locum
1937 2766 2020 2806 quo
2039 2752 2280 2793 Ptolemaeus
2308 2753 2478 2795 collocat
2496 2755 2590 2796 Θελ-

1358 2814 1544 2866 6εννάκην
1566 2816 1582 2867 (
1604 2816 1676 2868 78⁰
1700 2813 1767 2855 30'
1790 2815 1919 2868 long.;
1952 2815 2024 2854 35⁰
2055 2814 2121 2856 30'
2146 2815 2214 2855 lat.
2233 2817 2264 2868 ).
2298 2818 2353 2856 At
2379 2817 2592 2873 hucusque

1356 2891 1442 2916 non
1474 2876 1652 2917 multum
1683 2876 1790 2916 ultra
1819 2879 1868 2925 14
1897 2876 2053 2916 schoeni
2085 2886 2381 2928 numerantur3
2412 2880 2591 2921 Ritterus

1355 2939 1493 2993 itaque
1510 2953 1587 2994 pro
1606 2937 1668 2978 κδ’
1689 2937 1813 2978 fuisse
1837 2946 1956 2993 putat
1982 2937 2044 2979 ιδ’.
2072 2941 2263 2979 Attamen
2286 2954 2446 2981 summa
2464 2943 2591 2983 schoe-

1356 3014 1507 3041 norum
1536 3014 1610 3055 171
1631 3000 1836 3055 vulgatam
1871 3009 2027 3041 tuetur.
2062 3001 2222 3040 Verum
2248 3003 2406 3042 etiamsi
2429 3004 2587 3059 Neapo-

1356 3062 1427 3102 lim
1443 3063 1569 3116 magis
1585 3077 1724 3103 versus
1743 3062 1959 3104 meridiem
1979 3062 2258 3104 collocandam
2273 3072 2404 3117 putes,
2424 3079 2507 3105 non
2532 3067 2586 3106 ita

1356 3132 1493 3166 tamen
1516 3125 1596 3165 hoc
1617 3124 1705 3165 fieri
1737 3133 1885 3180 potest,
1918 3133 1966 3165 ut
2000 3138 2052 3165 22
2080 3124 2233 3164 schoeni
2270 3138 2398 3178 usque
2427 3125 2478 3165 ad
2499 3140 2585 3166 eam

1356 3187 1566 3239 obtineas,
1585 3203 1680 3228 nam
1703 3189 1807 3229 ultra
1829 3187 1995 3228 Kutlzulz
2014 3188 2202 3236 fluvium,
2224 3200 2344 3239 quem
2361 3186 2465 3228 infra
2490 3190 2588 3229 Nar·

1357 3250 1558 3291 malebam
1584 3251 1667 3290 sive
1689 3251 1847 3303 regium
1870 3248 2049 3289 canalem
2076 3248 2198 3287 fuisse
2217 3262 2266 3287 ex
2289 3247 2490 3288 Abulfeda
2511 3264 2586 3290 no·

1355 3314 1503 3363 vimus,
1528 3312 1740 3366 Neapolim
1759 3323 1969 3351 removere
1988 3324 2072 3350 non
2095 3309 2199 3349 licet.
2230 3312 2368 3361 Quare
2390 3318 2460 3350 aut
2480 3313 2585 3351 anti-

1355 3389 1438 3429 quo
1458 3376 1556 3416 vitio
1576 3374 1703 3414 codex
1719 3373 1890 3422 laborat,
1910 3381 1981 3412 aut
1999 3372 2135 3412 minus
2153 3379 2339 3411 accurate
2351 3371 2585 3414 distantiam

1356 3438 1398 3478 h.
1413 3438 1440 3477 l.
1458 3445 1600 3477 auctor
1613 3436 1783 3475 notavit.
1805 3434 1963 3474 Canalis
1982 3434 2114 3486 regius
2133 3447 2312 3486 quonam
2325 3434 2584 3487 potissimum

1357 3500 1446 3539 loco
1484 3513 1578 3539 cum
1615 3497 1824 3550 Euphrate
1853 3495 2022 3549 junctus
2055 3494 2177 3534 suerit
2215 3495 2403 3535 nondum
2432 3496 2582 3550 liquet;

1358 3575 1451 3601 nam
1481 3559 1592 3614 quod
1615 3559 1878 3612 Chesneyana
1913 3571 2060 3613 mappa
2082 3557 2262 3607 exbibet,
2298 3559 2462 3599 nonnisi
2487 3574 2584 3600 con-

1352 3623 1510 3678 jectura
1533 3621 1692 3663 nitItur.
1715 3620 1732 3675 ll
1755 3644 1811 3652 -—-
1831 3619 1886 3660 Σε
1901 3620 2163 3674 λευκείας]
2185 3619 2387 3667 Σελευκίας
2412 3622 2458 3663 Β.
2493 3622 2507 3673 Η
2531 3645 2586 3651 -—

1359 3686 1489 3741 pou']
1511 3683 1584 3740 μα’
1606 3684 1649 3724 h.
1670 3683 1697 3723 l.
1716 3682 1857 3733 codd.;
1883 3682 1951 3722 sed
1974 3696 2097 3737 supra
2111 3681 2173 3722 bis
2194 3681 2275 3736 ροα’
2296 3690 2418 3722 recte.

1414 3751 1498 3799 §2.
1530 3744 1931 3791 -Ἀπολλωνιᾶτις
1957 3745 1971 3798 ]
2005 3743 2068 3784 Cf.
2098 3744 2244 3785 Strabo
2274 3756 2315 3797 p.
2355 3743 2446 3790 524.
2488 3744 2580 3794 736.

1358 3809 1597 3851 Ptolemaeus
1615 3808 1692 3856 VI,
1719 3820 1755 3847 1.
1783 3808 1799 3861 ll
1829 3831 1885 3838 —
1905 3806 2194 3860 Ἀρτὲμιτα]
2233 3804 2429 3858 Ἀρτάμιτα
2459 3803 2579 3843 codd.

1359 3872 1421 3912 Cf.
1450 3870 1594 3911 Strabo
1607 3883 1650 3924 p.
1672 3869 1767 3923 519.
1794 3873 1896 3923 744;
1922 3870 2028 3910 Plin.
2052 3869 2128 3917 VI,
2155 3869 2229 3917 303
2253 3867 2354 3906 Tab.
2377 3866 2580 3917 Peuting.;

1361 3933 1598 3975 Ptolcmaeus
1612 3933 1688 3981 VI,
1708 3945 1745 3982 1,
1763 3946 1806 3986 p.
1828 3932 1906 3972 383
1932 3932 2033 3983 (80⁰
2059 3929 2135 3969 15¹.
2150 3953 2205 3959 —
2221 3928 2339 3983 360).
2368 3929 2584 3967 Mannerto

1363 3999 1411 4046 V,
1434 4009 1532 4049 2,p.
1559 3994 1637 4034 336
1668 4002 1727 4034 est
1772 3994 1982 4042 Shereban,
2009 4006 2097 4046 quse
2135 3992 2266 4048 potius
2302 3989 2424 4029 fuerit
2460 3988 2584 4043 Apol-
