2808 4342
149 245 240 285 ⁴⁷2
527 276 569 318 ο

213 352 290 384 ηε.
326 335 426 382 Ἀπὸ
442 331 484 378 &i
502 327 770 391 Καρχηδόνος
786 326 840 377 εἷς
853 322 1031 385 Κάστρα
1041 320 1272 383 Κορνηλίου
1288 319 1388 367 στά-
1428 353 1438 362 .

150 406 228 451 διοι
244 404 321 462 τγ’·
340 399 468 461 λιμήν
486 401 574 445 ἐστι
596 390 994 458 παραχειμαστικός·
1026 391 1068 436 ἐν
1092 390 1226 452 τούτῳ
1247 406 1386 452 παρα·

149 472 338 534 χειμάζει
354 468 516 531 μεγάλα
537 468 681 512 πλοῖα.

217 556 293 587 12⁸.
330 537 430 586 Ἀπὸ
455 536 658 598 Κάστρων
691 530 922 594 Κορνηλίου
949 530 1006 581 εἰς
1031 527 1198 576 Οὔτικα
1231 529 1388 575 στάδιοι

150 677 333 739 φαλίζου.

217 761 290 792 ¹²7.
331 740 431 789 Ἀπὸ
446 738 639 790 Οὗτίιιων
657 737 741 785 **'.

246 852 259 900 [
275 850 403 889 Λείπει
417 849 465 886 τὰ
479 847 554 885 ἀπὸ
569 845 739 886 ostium
755 845 825 889 lm:
846 849 921 884 τῶν
944 844 1172 895 Ἡρακλείων
1197 847 1343 891 στηλῶν

247 907 372 945 καὶτὰ
388 904 452 943 ἀπ’
469 901 731 952 Ἀλεξανδρείας
746 902 816 946 ἕως
838 900 1039 952 Καρνῶν.]

90 1013 127 1043 ιο
215 1009 288 1039 12⁸.
322 991 336 1052 [
356 989 456 1037 Ἀπὸ
470 990 515 1013 *¹*
535 990 553 1051 ]
576 990 632 1041 εἰς
654 987 823 1051 Κάρνας
847 987 1006 1034 στάδιοι
1037 987 1116 1034 κδ’·
1142 988 1268 1040 σάλος
1292 988 1392 1035 ἐστί·

86 1359 129 1388 15

214 1505 352 1558 5125.
373 1502 687 1557 Κορνηλίου]
710 1502 1022 1556 Κορνηλίωνεῑς
1046 1505 1122 1542 126
1139 1500 1214 1543 ἀπὸ
1227 1502 1402 1556 κάστρων

151 1066 344 1113 κοιτῶνας
362 1060 406 1106 δὲ
430 1060 516 1122 ἔχει
537 1058 694 1122 πλοίοις
710 1063 884 1120 μικροῖς·
905 1058 1102 1120 ἀσφαλῶς
1125 1057 1325 1118 κατάγου.

217 1147 291 1179 12⁹.
328 1129 431 1177 Ἀπὸ
469 1131 646 1191 Καρνῶν
686 1126 785 1189 (ἐπὶ
820 1125 1001 1190 χωρίον)
1036 1126 1100 1172 ἐπ’
1138 1128 1393 1190 ἀκρωτήριον

153 1201 403 1260 καλούμενον
423 1198 638 1250 Βαλανέας
658 1196 816 1243 στάδιοι
835 1196 891 1244 σ’.

218 1285 293 1315 mo.
325 1266 426 1315 Ἀπὸ
469 1266 729 1329 ἀκρωτηρίου
772 1267 996 1313 Βαλανεῶν
1038 1266 1103 1312 ἐπ’
1139 1266 1394 1330 ἀκρωτήριον

547 1336 558 1354 Ι

564 1372 574 1383 a

156 1339 321 1384 Πάλτον
346 1336 504 1383 στάδιοι
524 1339 547 1396 ζ

159 1566 376 1621 Κορνηλίας
391 1565 538 1607 codex.
559 1566 747 1605 Vocatur
760 1564 874 1605 locus
892 1577 902 1605 ε
924 1567 1070 1605 Castra
1091 1564 1289 1615 Cornelia,
1310 1568 1403 1606 Cor·

158 1629 337 1679 aeliano,
374 1627 562 1669 Cornelii.
583 1629 640 1668 V.
674 1627 815 1673 Livius
846 1627 1006 1676 XXIX,
1043 1629 1118 1677 28;
1146 1627 1286 1677 XXX,
1324 1627 1401 1678 25;

155 1692 262 1733 Meta
279 1693 317 1740 1,
343 1706 391 1745 73
413 1691 520 1732 Plin.
543 1691 598 1731 V.
621 1690 672 1740 33
691 1690 871 1746 Appian.
888 1691 939 1731 B.
963 1690 1012 1730 C.
1033 1691 1089 1740 11,
1108 1692 1178 1739 44.
1204 1692 1274 1739 45.
1293 1691 1400 1732 Pun.

166 1755 240 1803 13;
265 1754 440 1795 Orosius
463 1754 542 1803 IV,
565 1765 642 1804 223
665 1766 749 1811 prae
774 1752 921 1793 ceteris
941 1764 1040 1791 vero
1059 1751 1208 1792 Caesar.
1237 1752 1286 1792 B.
1312 1752 1402 1793 Civ.

159 1818 217 1866 11,
236 1819 288 1865 24
312 1829 322 1856 z
350 1815 540 1857 Curia...
562 1814 621 1855 ad
636 1815 795 1869 flumen
817 1812 1054 1866 Bagradam
1080 1813 1194 1854 venie
1229 1830 1243 1854 :
1269 1814 1329 1855 ibi
1360 1817 1401 1856 C.

163 1878 379 1921 caninium
396 1877 580 1919 Rebilum
601 1876 797 1932 relinquit
807 1893 819 1927 ς
834 1877 922 1933 ipse
941 1890 1033 1917 cum
1045 1875 1232 1931 equitatu
1247 1884 1405 1917 antece-

161 1941 227 1983 die
256 1940 315 1982 ad
345 1948 486 1980 eastra
515 1938 772 1996 exploranda
799 1938 1037 1979 Corneliana
1050 1970 1059 1985 ,
1094 1937 1206 1993 quod
1226 1938 1262 1978 is
1295 1938 1407 1979 locus

157 2001 403 2060 peridoneus
417 2001 571 2042 castris
587 2001 830 2042 habebatur.
850 2000 907 2042 Id
917 2010 1054 2042 autem
1072 2009 1134 2040 cst
1143 2002 1288 2054 jugum
1304 2000 1409 2042 dire-

163 2074 292 2115 ctum,
312 2063 489 2105 eminens
517 2063 559 2104 in
590 2077 715 2110 ntare,
747 2071 919 2118 ueraque
937 2077 989 2103 ex
1008 2070 1133 2118 parte
1145 2069 1407 2117 paeruptum

164 2138 289 2183 atque
314 2140 519 2183 asperum,
538 2124 612 2166 sed
627 2134 761 2166 tamen
774 2125 921 2182 paullo
938 2124 1085 2166 leniore
1086 2123 1273 2176 fastigio
1290 2124 1344 2163 ab
1362 2138 1408 2163 ea

159 2198 298 2246 parte,
324 2202 415 2244 quae
431 2187 491 2228 ad
514 2186 681 2228 Uticam
698 2186 849 2236 vergit.
869 2186 998 2226 Abest
1017 2184 1173 2225 directo
1193 2184 1337 2225 itinere
1354 2186 1408 2225 ab

170 2251 293 2291 Utica
309 2249 456 2307 paullo
477 2247 660 2305 amplius
676 2261 880 2303 passuum
905 2246 1029 2286 mille.
1056 2244 1135 2285 Sed
1154 2245 1228 2286 hoc
1264 2246 1410 2287 itinere

163 2322 225 2351 es!
250 2311 368 2365 sons.
400 2325 480 2366 quo
499 2324 610 2351 mare
640 2308 824 2351 succedit
846 2307 1021 2361 longius,
1047 2307 1205 2364 lateque
1234 2307 1270 2347 is
1299 2307 1411 2349 locus

165 2381 334 2425 stagna!
355 2389 369 2414 .·
388 2386 503 2429 quem
518 2371 558 2413 si
576 2372 648 2428 qui
668 2372 801 2412 vitare
823 2371 1017 2419 abluerit,
1041 2384 1116 2411 sex
1134 2368 1313 2411 millium
1327 2369 1410 2411 cir-

166 2434 283 2476 cuitu
313 2435 356 2476 in
382 2434 582 2491 oppidum
610 2434 840 2490 perveniet.
864 2434 987 2473 Nunc
1019 2441 1132 2473 totus
1168 2433 1236 2474 hic
1258 2442 1412 2475 tractus

167 2497 359 2552 Bagradae
373 2498 487 2538 ssuvii
506 2496 783 2539 alluvionibus
801 2496 924 2537 aliam
947 2495 1092 2537 faciem
1108 2494 1260 2538 induit.
1285 2496 1412 2550 Quod

168 2563 301 2602 Caesar
318 2561 419 2601 dicit
436 2559 584 2614 jugum
608 2561 650 2600 in
669 2574 780 2600 mare
802 2560 1005 2609 eminens,
1028 2557 1154 2600 hodie
1172 2568 1270 2600 suut
1291 2559 1413 2601 colles

168 2638 190 2663 a
210 2622 328 2663 litore
350 2623 447 2662 satis
470 2621 590 2675 longe
619 2621 767 2662 dissiti.
798 2620 1035 2675 Bagradas(
1055 2621 1099 2662 h.
1126 2620 1373 2663 Medclaerda
1397 2622 1411 2679 )

169 2683 267 2724 olim
287 2698 310 2724 a
337 2682 508 2724 meridie
533 2682 622 2737 ejus
646 2683 808 2734 exibat,
829 2697 940 2724 nunc
958 2698 1055 2724 vero
1073 2698 1097 2725 a
1115 2685 1411 2739 septentrione.

171 2749 311 2799 Quare
329 2746 450 2786 ctiam
483 2745 534 2784 dc
565 2755 687 2800 portu
720 2760 858 2786 sermo
879 2760 965 2787 esse
982 2745 1069 2800 jam
1103 2747 1261 2802 nequit.
1286 2747 1415 2788 Vicus

174 2806 235 2847 vel
267 2806 483 2862 oppidum,
520 2806 631 2861 quod
671 2809 711 2848 in
738 2817 967 2849 castrorum
1007 2809 1144 2850 locum
1177 2809 1416 2850 successisse

175 2869 353 2919 videtur,
376 2879 514 2925 postca
538 2871 822 2923 stagnantibus
854 2872 966 2911 fluvii
989 2874 1106 2926 aquis
1124 2871 1304 2914 deletum
1329 2872 1416 2913 suc·

175 2933 250 2982 rit;
269 2931 461 2987 nullaque
473 2940 693 2987 supersunt
706 2931 795 2986 ejus
814 2933 993 2986 vestigia.
1008 2935 1258 2976 CeterumV.
1272 2936 1412 2976 Barth.

176 3008 219 3050 p.
242 3007 333 3049 199.
358 2996 374 3048 ll
394 2994 559 3050 -τγ’]
579 2995 811 3035 Numerum
830 3003 1072 3049 corruptum
1093 3011 1178 3036 csse
1203 2997 1262 3037 vel
1281 2998 1417 3038 insoli-

177 3065 217 3097 ta
233 3053 321 3110 ejus
335 3057 441 3097 ratio
454 3055 621 3096 indicat.
646 3057 832 3099 Fortasse
853 3055 927 3096 suit
948 3054 1027 3110 ρπ’,
1046 3056 1149 3097 adeo
1167 3066 1211 3098 ut
1228 3058 1260 3097 Π
1274 3059 1417 3100 abierit

179 3120 221 3159 in
245 3117 320 3159 Tl'.

235 3185 258 3235 S
284 3184 376 3224 126.
406 3180 574 3222 Οὔστικα
599 3179 748 3223 codex.
787 3182 847 3221 Dc
867 3182 998 3222 ruinis
1028 3196 1067 3223 v,
1090 3182 1229 3224 Barth.
1257 3197 1298 3238 p.
1327 3198 1417 3225 ιιι.

179 3245 300 3285 Nunc
328 3243 442 3286 locus
470 3258 495 3285 a
526 3244 628 3284 mari
653 3243 772 3298 longe
796 3252 994 3285 remotus.
1035 3244 1182 3295 Moles,
1220 3259 1300 3300 qua
1323 3247 1419 3287 otim

180 3315 325 3362 portus
346 3305 627 3356 claudebatur,
651 3307 774 3347 ctiam
794 3305 920 3348 hodie
944 3307 987 3347 in
1016 3306 1103 3347 solo
1129 3306 1329 3361 paludoso
1349 3323 1421 3364 ap·

182 3377 311 3423 paret.
341 3371 357 3422 u
388 3367 646 3424 -σάλον]
674 3368 791 3417 σάλος
821 3368 936 3418 cod.;
960 3383 1043 3410 em.
1075 3368 1184 3411 Gaii.
1219 3371 1317 3412 Post
1338 3370 1423 3411 lia-c

185 3444 316 3471 unum
337 3430 491 3471 codicis
508 3430 653 3472 solium
670 3430 871 3472 excidisse
891 3430 1070 3481 videtur,
1093 3446 1178 3487 quo
1192 3433 1426 3474 contineba-

188 3500 256 3532 tur
291 3493 473 3547 reliquus
499 3493 664 3549 Libycae
699 3508 784 3535 orae
806 3494 1022 3550 paraplus,
1042 3502 1084 3535 et
1111 3494 1279 3536 alterius
1299 3497 1425 3551 partis

187 3553 351 3595 initium
376 3555 459 3596 sive
482 3555 672 3612 paraplus
694 3556 748 3598 ab
769 3556 1017 3599 Alexandria
1037 3571 1170 3613 usque
1183 3556 1235 3599 ad
1254 3558 1423 3600 Carnes.

245 3618 270 3670 S
292 3620 385 3659 128.
411 3632 427 3656 ε
442 3616 478 3664 ἰς
499 3617 527 3656 Κ
541 3619 593 3671 ἀρ
607 3620 712 3673 νας]
727 3627 767 3659 et
781 3633 878 3660 mox
893 3618 968 3660 ἀπὸ
985 3618 1143 3674 Κάρνων
1157 3620 1253 3673 (sic)
1267 3619 1397 3661 codex
1412 3636 1423 3671 ς

189 3675 245 3728 εἰς
278 3676 428 3719 Κύοναν
457 3678 500 3719 b.
527 3679 555 3719 l.
583 3680 743 3721 Iriarte.
780 3682 901 3737 Apud
925 3690 1083 3724 ceteros
1106 3691 1176 3723 aut
1208 3682 1336 3739 Κάρνη
1357 3691 1427 3725 aut

191 3738 352 3797 Κάριος.
375 3740 606 3797 Stephanus
637 3743 734 3797 Byz.
763 3757 772 3783 ε
807 3744 952 3799 Κάρνη,
989 3744 1099 3793 πόλις
1128 3744 1328 3798 Φοινίκης,
1354 3744 1430 3787 ἀπὸ

194 3802 343 3859 Κάρνου
360 3806 430 3845 τοῦ
446 3802 644 3854 Φοίνικος,
670 3804 721 3853 ὡς
742 3805 890 3860 Ἴστρος
921 3808 1051 3862 φησίν.
1086 3805 1131 3848 '0
1157 3808 1316 3861 πολίτης
1332 3807 1431 3864 Καρ-

195 3866 314 3918 νίτης.
335 3866 541 3921 Λυκόφρων
564 3866 724 3922 (1291)·
752 3886 768 3905 ιι
791 3867 976 3910 Ὀλοῖντο
996 3874 1129 3911 ναῦται
1144 3876 1275 3926 πρῶτα
1293 3870 1433 3927 112va-

197 3940 260 3968 ται
279 3927 400 3976 κύνες.
434 3927 705 3985 Ἀρτεμίδωρος
728 3931 763 3970 δ’
788 3930 826 3972 ἐν
851 3937 906 3987 τῷ
926 3932 951 3971 ι’
974 3933 1112 3989 βιὸλίῳ
1141 3934 1277 3989 φησίν·
1311 3954 1329 3970 ι
1352 3933 1432 3976 tcta

202 3989 343 4045 Κάρνος
358 3990 422 4031 καὶ
439 3996 608 4047 συνεχῶς
623 3992 776 4042 Πάλτος
789 4025 800 4044 ,
820 3992 906 4036 εἶτα
922 3995 1080 4036 Γάὸαλα
1094 3997 1218 4045 πόλις.
1241 4018 1257 4033 ι
1279 3996 1434 4039 Plinius

199 4051 255 4099 V,
280 4064 342 4104 ¹7,
369 4055 392 4104 S
426 4067 478 4106 79
506 4067 516 4093 ε
546 4057 695 4104 Carum
716 4056 862 4098 Strabo
881 4071 924 4113 p.
961 4060 1039 4113 754
1069 4059 1210 4114 Κάρ-»ος
1230 4063 1244 4112 (
1266 4059 1435 4114 Κάρανος

1270 217 1565 266 ANONYMI

1513 318 1607 359 125.
1638 319 1675 359 A
1706 317 1955 372 Cartbagine
1981 317 2036 360 ad
2059 319 2203 362 Cam-a
2226 319 2406 362 Cornelii
2445 326 2541 360 suut
2563 318 2693 361 stadia

1454 385 1533 427 303
1548 401 1560 435 3
1577 392 1724 440 portus
1737 392 1799 426 est
1812 383 1865 426 ad
1884 383 2194 428 hibernandum
2206 386 2452 430 commodus
2466 418 2478 437 ,
2501 388 2542 428 in
2561 401 2695 443 eoque
2735 384 2758 426 '.
2782 434 2786 438 ,

1454 453 1676 495 hibernant
1698 467 1825 495 naves
1846 466 2021 507 magnae.

1515 525 1608 563 126.
1642 524 1676 563 A
1698 521 1852 563 Castris
1870 519 2051 563 Cornelii
2070 519 2124 562 ad
2153 521 2316 563 Uticam
2337 523 2468 565 stadia
2491 527 2567 573 a4;
2591 524 2691 566 urbs
2771 555 2792 564 ,.

108 632 128 660 δ
151 611 228 656 κδ’,
252 608 370 660 πόλις
394 605 496 653 ἐστι.
519 602 666 663 λιμένα
682 601 756 647 οὐχ
774 599 891 662 χχιι,
911 596 1023 645 ἀλλὰ
1040 597 1165 645 σάλον
1186 601 1288 662 11⁸¹·
1312 599 1389 644 ἀσ.
1454 598 1540 640 αις
1566 597 1692 646 portu
1707 597 1844 671 caret.
1858 587 1931 630 sed
1949 588 2080 631 salum
2103 587 2252 638 habet;
2273 602 2429 631 cavea.

1521 747 1614 789 127.
1647 734 1714 776 Ab
1732 735 1853 776 Utica
1869 735 1930 756 “¹¹

1542 844 1816 889 [Deaidmtur
1844 844 2026 889 pomptus
2057 844 2104 879 ab
2132 844 2237 879 Utica
2269 842 2319 877 ad
2340 844 2536 879 nen-ntem
2563 845 2703 878 eodenm-
2760 835 2762 839 ’

1731 908 1801 933 nm
1815 901 1850 933 et
1870 898 1919 933 ab
1942 898 2174 934 Alexandria
2190 899 2240 933 ad
2258 899 2429 940 Cernat]

1521 983 1615 1024 128.
1647 981 1741 1036 [Ab
1761 979 1937 1037 Arado]
1962 978 2015 1021 ad
2037 981 2192 1022 Carnas
2205 979 2336 1022 stadia
2356 983 2437 1031 243
2457 980 2586 1023 salum
2616 988 2702 1031 θείς

1461 1050 1533 1092 sed
1555 1050 1744 1093 cubicula
1761 1050 1886 1092 habet
1908 1050 2080 1105 navigiis
2098 1050 2262 1106 parvis;
2284 1057 2375 1091 tuto
2396 1050 2567 1108 appelle.

1523 1120 1616 1161 ¹29·
1649 1109 1686 1148 A
1714 1106 1861 1148 Carnis
1899 1104 1950 1147 ad
1988 1105 2323 1169 promontorium
2345 1104 2538 1147 Balaneas
2551 1137 2563 1157 ,
2602 1118 2706 1161 quas

1463 1170 1626 1226 vocant,
1644 1161 1775 1204 stadia
1799 1175 1895 1203 200.
1920 1161 2060 1216 [Hinc
2080 1160 2138 1202 ad
2165 1159 2365 1217 oppidum
2396 1160 2598 1203 Balanea
2614 1170 2702 1201 sea·

1463 1218 1543 1315 dmx
1553 1221 1629 1316 4⁸3
1641 1219 1676 1315 A
1688 1273 1958 1316 Balanearum
1970 1273 2262 1330 promontorio
2272 1270 2324 1313 ad
2340 1271 2500 1315 Paltum
2512 1284 2710 1327 promon-

1469 1344 1624 1385 torium
1647 1342 1778 1385 stadia
1798 1358 1866 1397 9⁰·

2664 1445 2712 1454 ‹-

1467 1502 1594 1544 codd.
1619 1505 1653 1557 ).
1675 1503 1842 1543 Tzetzes
1861 1501 1913 1544 ad
1938 1505 2038 1559 Lyc.
2064 1503 2091 1543 Ι.
2112 1502 2139 1543 1.
2169 1515 2179 1543 :
2212 1502 2361 1557 Κάρνις,
2384 1501 2495 1549 πόλις
2510 1501 2712 1554 Φοινίκης.

1470 1567 1646 1615 Carnus,
1665 1565 1867 1607 Strabone
1882 1573 1999 1616 teste,
2020 1574 2109 1607 erat
2128 1565 2173 1607 το
2186 1564 2349 1607 ἐπίνειον
2365 1566 2434 1606 τοῦ
2458 1563 2631 1619 Ἀράδου,
2652 1564 2712 1604 λι-

1471 1628 1602 1683 μένιον
1624 1627 1735 1682 ἔχον,
1753 1627 1806 1669 ab
1824 1626 1966 1669 Arado
1988 1626 2155 1669 boream
2175 1641 2315 1668 versus
2337 1627 2487 1678 situm,
2507 1625 2713 1682 siquidem

1469 1689 1633 1731 Aradus
1668 1698 1756 1731 erat
1790 1687 1929 1744 μεταξὺ
1957 1692 2025 1730 τοῦ
2052 1688 2218 1731 ἐπινείου
2241 1689 2306 1729 καὶ
2326 1691 2395 1740 τῆς
2424 1688 2630 1743 Μαραθοῦ.
2654 1690 2715 1729 De

1469 1753 1552 1793 situ
1573 1766 1651 1793 suo
1673 1750 1784 1807 apud
1804 1751 1905 1793 alios
1938 1752 2159 1807 scriptores
2196 1759 2368 1793 vocatur
2395 1749 2636 1806 Ἆντάραδος.
2658 1751 2695 1790 V
2701 1780 2714 1792 .

1470 1814 1714 1856 Ptolemaeus
1739 1815 1795 1865 V,
1825 1815 2007 1864 15,11in.
2036 1828 2157 1869 prov.
2188 1828 2231 1869 p.
2264 1813 2474 1864 148,1tin.
2509 1812 2715 1855 Hierosol.

1470 1890 1513 1931 p.
1534 1877 1630 1926 582,
1654 1875 1760 1918 Tab.
1782 1878 1918 1926 Petit..
1943 1876 2152 1918 Hierocles
2175 1890 2218 1932 p.
2252 1879 2355 1929 716;
2378 1876 2655 1931 Hieronymus
2674 1875 2716 1917 in

1470 1939 1620 1980 Ezech.
1643 1954 1679 1980 c.
1715 1952 1785 1994 27;
1801 1938 2077 1995 Theophanes
2095 1938 2254 1979 Chron.
2276 1952 2319 1993 p.
2342 1938 2390 1978 31
2414 1950 2423 1978 :
2449 1937 2718 1979 Κωνσταντίαν

1471 1999 1541 2052 τὴν
1563 2002 1747 2057 πρότερον
1771 2000 2020 2058 καλουμένην.
2036 1999 2279 2055 Ἀντάραδον.
2301 1998 2436 2041 nodie
2465 2002 2615 2041 Tot-tus
2646 2015 2718 2043 seu
2805 2002 2808 2033 ἵ

1479 2066 1667 2105 Tor-tosa.
1698 2063 1714 2117 ΙΙ
1732 2087 1790 2095 —
1827 2063 2027 2104 στάδιοι
2050 2061 2143 2117 κδ’]
2168 2061 2232 2103 ἀπ’
2256 2060 2411 2117 Ἀράδου
2434 2075 2511 2111 sc„
2533 2069 2582 2103 ut.
2602 2061 2718 2104 vide-

1474 2135 1557 2175 tur,
1577 2141 1669 2181 quoe
1682 2141 1705 2167 a
1724 2127 1962 2167 continente
1977 2125 2171 2178 distabat,
2184 2124 2387 2167 Strabone
2402 2131 2521 2174 teste,
2538 2123 2670 2167 stadia
2685 2124 2722 2167 κ’

1476 2191 1492 2240 (
1516 2187 1629 2243 quod
1653 2187 1945 2243 reponendum
1964 2186 2129 2230 videtur
2149 2202 2219 2244 ap.
2236 2186 2392 2243 Scylac.
2417 2200 2460 2242 p.
2480 2187 2533 2241 87
2554 2194 2598 2228 et
2618 2188 2719 2229 Dio·

1473 2250 1567 2292 dor.
1594 2251 1795 2301 XXXIII,
1826 2254 1867 2301 6,
1891 2251 1964 2292 ubi
1989 2250 2116 2292 codd.
2141 2251 2251 2301 στᾴδ.
2275 2249 2359 2306 η’.)
2380 2247 2506 2305 Apud
2539 2248 2719 2293 Plinium

1474 2312 1502 2353 l.
1524 2313 1552 2354 Ι.
1582 2322 1681 2355 sunt
1713 2327 1794 2356 200
1824 2327 2006 2370 pass-1155
2028 2321 2069 2354 at
2088 2311 2239 2354 dixerit
2261 2319 2406 2353 auctor
2421 2323 2531 2354 2200
2548 2325 2719 2368 passus.

1474 2375 1612 2418 Stadia
1636 2378 1689 2419 30
1703 2375 1822 2418 affert
1841 2376 2030 2418 Clemens
2044 2375 2201 2417 Homil.
2230 2376 2312 2416 XII
2327 2405 2338 2426 ‚
2360 2388 2397 2415 c.
2424 2386 2489 2415 ια.

1533 2442 1555 2492 S
1580 2444 1673 2482 129.
1701 2438 1775 2480 ἐπὶ
1796 2439 2011 2495 χωρίον]
2038 2438 2100 2480 ἐπὶ
2125 2438 2282 2493 χωρίων
2300 2436 2414 2487 cod.;
2438 2450 2521 2479 em.
2538 2435 2719 2490 Gallius,

1478 2502 1550 2557 qui
1568 2502 1656 2543 haec
1674 2517 1697 2542 e
1712 2502 1897 2555 margine
1918 2502 2127 2557 irrepsisse
2145 2509 2279 2557 putat.
2296 2492 2571 2542 Scribenduin
2587 2498 2727 2547 mede-

1478 2579 1542 2606 res
1558 2565 1621 2607 ἐπὶ
1641 2565 1787 2621 χωρίον
1802 2564 1867 2605 καὶ
1890 2564 2145 2621 ἀκρωτήριον.
2172 2567 2226 2606 At
2241 2577 2372 2619 quum
2388 2562 2724 2619 promontorium

1481 2628 1595 2685 (Cap
1629 2631 1741 2669 Kasr
1761 2628 1963 2685 Merkab)
2004 2635 2196 2669 occurrat
2225 2635 2320 2669 ante
2349 2624 2550 2681 oppidum
2580 2626 2599 2679 (
2620 2624 2722 2668 hod.
2802 2607 2808 2625 Ρ

1479 2690 1684 2744 Bauius),
1704 2690 1756 2731 ab
1779 2704 1911 2744 eoque
1929 2689 1981 2731 ad
2016 2693 2069 2740 4ο
2092 2688 2223 2730 stadia
2245 2687 2436 2729 dissitum
2466 2687 2535 2737 sit,
2561 2699 2724 2742 separa-

1480 2752 1555 2792 tim
1574 2760 1615 2793 et
1631 2753 1908 2808 promontorii
1922 2760 1961 2793 et
1979 2750 2123 2807 oppidi
2144 2752 2300 2792 mentio
2323 2749 2427 2791 sacta
2450 2747 2588 2799 suerit,
2605 2747 2725 2792 sicuti

1481 2817 1618 2869 moxS
1643 2817 1718 2857 133
1742 2823 1836 2871 post
1856 2814 2016 2856 Paltum
2045 2814 2381 2870 promontorium
2405 2813 2622 2869 separatim
2642 2827 2727 2855 me-

1481 2886 1668 2919 moratur
1688 2878 1835 2933 χωρίον
1862 2876 2077 2930 Παλτηνῶν
2105 2891 2114 2918 :
2150 2876 2254 2918 adeo
2280 2884 2325 2917 ut
2350 2883 2489 2917 nostra
2513 2875 2637 2918 verba
2666 2874 2729 2919 ἐπὶ

1481 2940 1627 2996 χωρίον
1640 2940 1840 2982 indicium
1852 2941 1934 2982 sint
1948 2940 2125 2981 truncati
2145 2939 2289 2995 peripli
2309 2947 2348 2979 ct
2364 2938 2476 2980 hunc
2490 2938 2533 2979 in
2554 2937 2727 2981 modum

1482 3003 1709 3058 retingendi
1732 3017 1741 3045 ε
1772 3001 1859 3045 {tab
1884 3003 2041 3058 Καρνῶν
2067 3001 2124 3044 ἔπ’
2150 3000 2388 3057 ἀκρωτήριον
2417 2999 2507 3042 καλ.
2533 3000 2726 3049 Βαλανίας

1484 3067 1630 3106 στάδιοι
1657 3066 1709 3107 σ’.
1744 3065 1830 3107 ’Aah
1851 3065 2090 3122 ἀκρωτηρίου
2120 3065 2181 3107 ἐπὶ
2198 3065 2344 3119 χωρίον
2373 3062 2566 3111 Βαλανίκς
2578 3063 2726 3105 στάδιοι

1486 3128 1538 3180 μ’.
1558 3129 1683 3169 Linea
1700 3137 1809 3169 recta
1821 3128 1873 3169 ab
1888 3128 2100 3170 Antarado
2119 3127 2170 3168 ad
2185 3141 2265 3168 200
2276 3125 2405 3167 stadia
2416 3126 2541 3178 sunt(
2557 3127 2609 3174 24
2623 3125 2723 3167 mill.

1485 3204 1566 3230 scc.
1598 3190 1695 3231 ltin.
1722 3205 1860 3246 prov.;
1883 3194 1936 3231 26
1967 3190 2068 3230 mitt.
2101 3204 2182 3229 sec.
2210 3189 2305 3228 ltin.
2331 3185 2653 3243 Hierosolytn.),
2688 3196 2729 3230 at

1486 3251 1647 3305 longior
1665 3260 1725 3292 est
1756 3253 1817 3293 via
1833 3251 1951 3306 juxta
1982 3266 2064 3292 orm
2087 3252 2310 3292 anfractus,
2334 3251 2350 3304 ΙΙ
2374 3273 2429 3281 ——
2453 3248 2726 3308 Βαλανίαι]

1486 3314 1553 3354 Sic
1573 3314 1694 3353 etiam
1732 3313 1938 3354 Ptole-mvi
1962 3312 2088 3354 codd.
2121 3311 2229 3368 apud
2256 3310 2464 3365 wilborg.
2487 3313 2504 3365 (
2523 3311 2644 3367 vulgo
2659 3311 2728 3355 ed.

1489 3375 1703 3416 Βαλαναΐαι
1717 3378 1732 3429 )
1747 3383 1788 3416 et
1801 3376 2031 3432 Stephanus
2043 3378 2140 3431 Byz.
2159 3377 2170 3430 (
2188 3374 2392 3424 Βαλανέαι,
2405 3373 2516 3423 πόλις
2526 3373 2728 3428 Φοινίκης,

1488 3436 1511 3488 ἣ
1528 3440 1593 3477 νῦν
1615 3438 1770 3485 Λευκάς·
1790 3436 1812 3478 ὁ
1824 3436 1984 3489 πολίτης
2002 3437 2274 3489 Βαλανεώτης·
2291 3435 2341 3484 εἰς
2356 3437 2402 3489 ἣν
2419 3434 2533 3487 πόλιν
2555 3434 2733 3492 Ἐπικρά·

1489 3515 1555 3552 της
1591 3499 1785 3555 ἐγκώμιον
1824 3500 1985 3556 ἔγραψεν
2023 3501 2045 3541 ὁ
2075 3500 2329 3552 Βαλανεώτης
2352 3501 2384 3553 ),
2419 3507 2460 3541 et
2487 3498 2733 3542 Athanasius

1491 3562 1610 3618 Apol.
1643 3565 1704 3604 De
1738 3563 1832 3617 fuga
1865 3578 1905 3619 p.
1947 3565 2051 3614 321,
2081 3563 2225 3605 Malaia
2255 3577 2298 3619 p.
2339 3564 2473 3616 448(
2493 3560 2727 3618 Ἆπιμίρισι.

1493 3626 1506 3677 (
1530 3624 1798 3674 Ἰουστινιανός
1821 3642 1877 3666 sc.
1910 3629 1923 3677 )
1966 3625 2040 3668 ἀπ”ι
2076 3624 2274 3680 Ἀπαμείας
2295 3627 2362 3676 τῆς
2394 3624 2566 3679 δευτέρας
2600 3624 2734 3680 Συρίας

1494 3685 1685 3735 Ιῐαλανέας
1705 3687 1834 3738 πόλιν,
1852 3688 1917 3728 καὶ
1938 3686 2113 3739 ἐποίησεν
2138 3686 2341 3742 ἐπαρχίαν,
2360 3686 2491 3737 ἥντινα
2508 3683 2735 3741 ἔπωνόμασι
2782 3695 2783 3698 ’

1494 3750 1734 3804 θεοδωρίδα,
1763 3751 1851 3799 δοὶις
1882 3750 1977 3808 αὐτῇ
2004 3750 2068 3792 καὶ
2102 3748 2427 3805 μητροπολιτικδν
2457 3747 2655 3801 δίκαιον).
2686 3749 2733 3790 In

1493 3812 1693 3853 Strabone
1713 3813 1928 3863 Βαλαναία,
1961 3827 2028 3870 ap.
2052 3813 2229 3855 Plinium
2255 3811 2432 3853 Balanea
2456 3818 2496 3851 et
2523 3810 2731 3862 nselmum,
2744 3799 2808 3986 1

1495 3875 1590 3914 ltin.
1614 3889 1732 3929 prov.
1751 3890 1791 3930 p.
1827 3880 1902 3925 148
1930 3876 2123 3923 Balanea,
2144 3875 2242 3916 ltin.
2262 3875 2422 3915 Hieros.
2441 3886 2483 3927 p.
2508 3873 2586 3914 582
2611 3871 2739 3915 nula&

1495 3951 1606 3982 mas,
1640 3938 1743 3978 Tab.
1773 3941 1817 3979 Ρ.
1852 3938 2038 3987 Balneis,
2074 3939 2227 3991 Geogt·.
2250 3938 2350 3977 Rav.
2386 3936 2441 3985 V,
2477 3948 2500 3988 7
2528 3932 2762 3976 Bastarnis-v

1497 3999 1543 4038 In
1564 3999 1721 4039 Concil.
1739 4000 1880 4039 Nicen.
1906 4013 1914 4039 :
1931 3997 2200 4055 Euphronius
2220 3997 2487 4039 Balaneorum
2502 3995 2729 4053 episcopa.
2746 4000 2751 4008 ²
2774 3992 2790 4007 ⁵

2786 2938 2808 3575 Ι

2798 3790 2806 3799 ι

2793 2850 2808 2905 ἔ

1554 4063 1575 4113 5
1604 4066 1695 4103 130.
1737 4061 1847 4116 ἀκρ.
1883 4061 2076 4104 Πάλτον
2100 4061 2115 4117 ]
2138 4061 2165 4101 i.
2191 4075 2227 4101 e.
2266 4058 2598 4115 promontorium
2620 4052 2731 4112 quod
2795 4119 2797 4122 Α
