2808 4342
117 123 316 185 (uz—20.)

199 226 353 279 Ἑλλὰς
374 228 751 289 προσαγορευθεῖσα
773 226 862 277 ταῖς
882 226 1106 278 ἀποικίαις.

113 310 174 340 305
198 294 448 350 Ἑλληνικὰς
469 297 564 354 γοῦν
589 290 948 355 παραθαλαττίους
968 292 1054 355 ἔχει

197 363 355 415 πόλεις·
374 362 569 424 Τέρειναν
589 364 770 423 πρῶτον,
798 362 843 418 ἣν
863 359 1080 424 ἀπῴκισαν

203 435 486 494 Κροτωνιᾶται
505 427 719 491 πρότερον,
743 429 789 482 ἃς
812 430 845 475 θ’
865 432 901 475 οἱ
921 432 1094 486 πλησίον

203 497 421 545 Ἱππώνιον
445 498 514 544 καὶ
535 497 760 558 Μέδμαν”
731 517 887 562 ῳκισαν
906 499 1075 560 Λοκροί.

165 560 286 614 .Ειτ’
308 565 385 611 εἰσὶ
409 565 592 626 Ῥηγῖνοι
612 566 729 619 πόλις
750 586 794 613 τε
816 567 1000 628 Ῥηγιον,

111 651 173 682 310
199 634 328 680 802st
311 635 418 680 εστὶν
440 636 651 696 ἐγγυτάτω
672 635 838 682 πλέοντι
862 637 1050 690 διάὸασις

193 706 248 756 εἷς
270 703 344 760 τὴν
366 705 559 751 Σικελίαν
573 723 584 734 ·
608 707 829 758 Χαλκιδεῖς
852 707 894 752 δὲ
920 706 1089 766 Ῥήγιον

191 773 404 819 ἀποικίσαι
423 775 623 819 δοκοῦσιν.
645 777 698 821 Οἱ
720 774 762 820 δὲ
784 774 996 836 λεγόμενοι

192 842 471 905 Ἐπιζεφύριοι
493 843 667 899 πλησίον
688 845 844 890 κεῖνται
866 845 1033 907 Λοκροί.

194 911 375 964 Τούτους
398 912 440 958 δὲ
463 913 647 1000 πρώτους
667 914 767 976 φασι
789 914 1026 976 χρήσασθαι
1052 914 1187 976 νόμοις

113 996 172 1027 '315
195 985 454 1043 γραπτοῖσιν,
478 1001 546 1034 ους
567 983 773 1035 Ζάλευκος
793 984 1014 1030 υποθέσθαι
1037 986 1166 1030 δοκεῖ·

195 1051 295 1097 εἰσὶν
316 1054 351 1097 δ’
373 1070 468 1097 αποι
472 1071 534 1097 κοι
559 1055 638 1097 τῶν
662 1052 918 1100 Ὀπουντίων
938 1057 1130 1115 Λοκρῶν·

193 1119 290 1166 ἔνιοι
313 1120 354 1166 δὲ
377 1124 551 1183 Λοκρῶν
576 1140 676 1184 φασι
700 1126 781 1168 τῶν
803 1125 843 1167 ἐν
866 1123 1073 1177 Ὀζόλαις.

189 1187 367 1250 Ἔχεται
388 1189 430 1235 δὲ
449 1190 602 1236 τούτων
623 1194 766 1253 πρῶτα
787 1191 862 1253 μὲν
890 1191 1136 1249 Καυλωνία,

192 1261 238 1302 ἐκ
260 1263 328 1304 τοῦ
354 1259 565 1321 Κρότωνος
587 1258 675 1315 ἥτις
698 1259 788 1322 ἔσχ’
815 1260 1027 1307 ἀποικίαν·

109 1341 172 1372 320
196 1327 277 1372 ἀπὸ
299 1332 368 1373 τοῦ
391 1327 583 1390 σύνεγγυς
607 1329 793 1389 κειμένου
818 1327 860 1374 δὲ
879 1333 929 1390 τῇ
954 1330 1070 1374 πόλει

193 1397 372 1448 αὐλῶνος
394 1395 496 1453 αὕτη
522 1397 703 1460 τοῦνομα
724 1401 868 1460 σχοῧσ’
893 1397 1060 1460 ὕστερον

193 1464 491 1524 μετωνομάσθη
516 1469 573 1529 τῷ
596 1466 732 1529 χρόνῳ
758 1467 1000 1516 Καυλωνία.

192 1531 317 1588 Ἑξῆς
342 1531 384 1578 δὲ
408 1534 559 1591 ταύτης
580 1539 605 1591 ἡ
628 1536 722 1599 πρὶν
746 1537 1024 1598 εὖτυχεστάτη

190 1602 460 1666 εὐανδροτάτη
484 1604 599 1656 πόλις
617 1624 662 1650 τε
684 1605 882 1666 γενομένη
910 1605 1092 1668 Κρότων,

107 1686 167 1716 325
193 1670 410 1724 Μύσκελος
433 1673 596 1735 Ἀχαιὸς
614 1674 664 1730 ἣν
687 1674 900 1720 ἀποικίσαι
920 1675 1040 1720 δοκεῖ.

192 1739 312 1785 Μετὰ
337 1740 379 1786 δὲ
403 1742 605 1805 Κρότωνα
631 1742 844 1789 Πανδοσία
868 1742 938 1787 καὶ
961 1743 1151 1805 Θούριοι·

189 1807 334 1872 ὅμορον
358 1809 400 1856 δὲ
421 1810 575 1863 τούτοις
594 1811 681 1857 ἐστὶ
703 1811 749 1857 τὸ
770 1811 1072 1860 Μεταπόντιον.

187 1879 352 1932 Ταύτας
375 1880 413 1927 Α
419 1880 562 1943 ,(αιους
585 1884 631 1927 ἐκ
658 1881 976 1937 Πελοποννήσου
1001 1882 1140 1928 κτίσαι

188 1949 455 2024 αφικομένους
473 1950 639 2011 λέγουσι
663 1952 799 2004 πάσας
822 1950 894 2003 τὰς
915 1951 1070 2004 πόλεις.

104 2030 166 2064 330
189 2012 308 2064 Εἰτεν
336 2019 510 2080 μεγίστη
532 2023 612 2066 τῶν
638 2022 678 2066 ἐν
703 2019 862 2084 Ἰταλία
882 2020 1050 2083 Τάρας,

189 2087 270 2132 ἀπό
289 2106 393 2141 τινος
415 2088 548 2152 ἥρωος
557 2090 783 2176 Τάραντος
805 2090 1005 2152 λεγομένη
1020 2125 1031 2146 ,

187 2157 575 2218 Λακεδαιμονίο)ν”
549 2177 718 2210 αποικος
735 2194 747 2217 ,
774 2158 979 2217 εὐδαίμων
1003 2158 1136 2210 πόλις.

188 2228 242 2272 Οἱ
267 2229 495 2287 Παρθενίαι
518 2227 672 2283 ταύτην
692 2226 771 2289 γὰρ
798 2228 962 2272 ἔκτισαν
984 2231 1135 2288 προτοῦ

189 2294 388 2357 εὔκαιρον,
410 2296 582 2358 ὀχυρὰν,
615 2297 782 2357 φυσικὸν
805 2295 1021 2357 εὐτύχημά
1048 2314 1108 2340 τι·

105 2380 169 2409 335
194 2363 448 2423 συναγομένη
473 2364 551 2424 γὰρ
572 2364 733 2422 λιμέσιν
761 2364 829 2408 ἐπὶ
851 2368 972 2418 νῆσον
996 2364 1108 2408 δυσίν

104 2536 185 2561 em.
211 2521 426 2562 Krebsius.
453 2523 469 2576 Ι]
498 2546 556 2552 —-
583 2522 678 2563 305.
706 2521 782 2577 γὰρ
807 2536 885 2577 Ρ1·0
917 2525 1011 2577 γοῦν
1047 2522 1203 2563 mavult
1239 2523 1343 2563 Mei-

105 2583 267 2624 nekius.
301 2584 394 2637 11-
423 2584 517 2626 306.
547 2584 704 2638 Τέριναν
728 2583 873 2624 codex.
905 2583 1007 2625 Vid.
1032 2593 1120 2624 not.
1156 2583 1208 2624 ad
1233 2584 1339 2639 Scyl.

104 2648 126 2697 5
168 2658 230 2686 12.
261 2646 453 2686 Crotonis
479 2646 682 2687 coloniam
718 2646 863 2686 urbem
900 2645 1001 2687 dicit
1033 2647 1156 2687 etiam
1186 2646 1342 2687 Plinius

103 2710 185 2758 ΠΙ,
226 2721 276 2749 10
315 2721 325 2748 :
374 2708 695 2749 Crotoniensium
737 2708 903 2749 Terina.
948 2709 963 2762 ΙΙ
992 2732 1049 2740 -
1081 2709 1177 2763 307.
1227 2709 1269 2756 ἃς
1305 2709 1342 2749 οἱ

103 2770 268 2822 πλησίον
301 2769 415 2821 0οἀ.;
451 2785 532 2811 em.
564 2770 769 2811 Meineke.
803 2771 820 2824 l}
849 2794 907 2802 ——
933 2771 1029 2812 308.
1072 2769 1247 2812 Ἱπώνιον
1278 2771 1343 2811 καὶ

103 2833 255 2874 Μέδναν
280 2832 392 2883 0οἀ.;
420 2847 502 2873 em.
536 2832 805 2887 Vindingius.
834 2832 898 2874 Cf.
935 2832 1094 2887 Scylax.
1119 2833 1147 2873 l.
1175 2833 1203 2873 l.
1243 2834 1259 2887 ΙΙ
1285 2858 1342 2865 —

106 2895 201 2938 315.
223 2896 304 2943 οὓς
324 2895 446 2935 Ζαλ.
469 2896 562 2950 JV.
586 2896 744 2950 Ephor.
767 2894 817 2936 fr.
842 2898 922 2949 473
947 2894 1123 2936 Diodor.
1141 2896 1240 2945 XII,
1260 2909 1338 2947 213

103 2959 282 2999 Timaeus
301 2957 353 2998 fr.
372 2962 441 3012 69.
464 2959 480 3012 Η
499 2982 556 2988 —-
572 2958 668 2999 316.
692 2956 842 2998 Ὀπου
856 2972 874 2998 ν
888 2957 1038 3013 τίων]
1061 2958 1127 2998 Sic
1147 2957 1341 3012 Ephorus

104 3019 152 3060 s1.
171 3024 245 3071 46,
265 3035 390 3075 quem
408 3019 678 3076 reprehendit
694 3020 841 3062 Strabo
859 3022 936 3070 VI,
953 3034 998 3075 p.
1019 3020 1116 3074 259,
1138 3019 1190 3060 de
1205 3020 1341 3061 Ozolis

76 3099 79 3101 ’
104 3083 370 3137 cogitandum
402 3098 488 3123 esse
516 3082 682 3134 dicens,
708 3091 756 3124 ut
784 3083 881 3124 fecit
911 3083 1148 3125 Aristoteles
1178 3082 1230 3123 fr.
1259 3096 1338 3138 229

105 3145 123 3198 (
140 3154 241 3186 tom.
260 3148 316 3195 II,
340 3160 383 3201 p.
411 3146 487 3200 173
506 3145 519 3202 )
545 3154 586 3186 et
602 3147 783 3187 Timaeus
813 3145 866 3186 fr.
893 3158 962 3200 70,
982 3146 1061 3186 nisi
1085 3144 1199 3200 quod
1221 3146 1256 3186 is
1278 3145 1341 3187 fu-

68 3248 75 3255 ,
106 3208 325 3260 gitivorum
360 3208 576 3249 colluviem
613 3209 730 3250 urbis
770 3208 1008 3250 conditores
1037 3208 1183 3259 fuisse,
1226 3209 1340 3264 quod

110 3269 344 3310 Aristoteles
378 3270 671 3320 contenderat,
693 3271 857 3325 negavit
874 3302 886 3322 ,
921 3271 1008 3326 ipse
1042 3285 1092 3311 eo
1113 3271 1283 3311 nomine
1316 3286 1341 3313 a

113 3329 283 3384 Polybio
315 3332 601 3386 reprehensus.
634 3333 864 3374 Aristotelis
898 3333 1139 3388 opinionem
1176 3342 1340 3375 secutus

109 3399 169 3432 est
199 3392 321 3433 etiam
348 3394 571 3449 Dionysius
593 3396 821 3449 Periegetes
847 3396 945 3447 366,
976 3396 1049 3436 ubi
1078 3396 1172 3436 vide
1193 3398 1340 3438 Eusta-

107 3454 263 3504 thium,
288 3469 339 3495 ex
371 3470 454 3510 quo
489 3456 618 3511 liquet
653 3472 701 3498 ea
734 3471 826 3512 quae
858 3458 1111 3509 Aristoteles,
1140 3459 1336 3510 Timaeus,

107 3516 315 3570 Polybius,
345 3517 567 3572 Dionysius
592 3518 789 3569 tradunt,
816 3519 869 3560 de
895 3519 1032 3561 Ozolis
1054 3522 1198 3562 Locris
1223 3522 1340 3562 intel-

107 3577 269 3632 ligenda
285 3592 384 3619 esse.
405 3580 596 3621 Ceterum
611 3580 665 3622 cf.
680 3582 824 3635 Heyne
839 3583 994 3636 Opusc.
1013 3583 1070 3632 ΙΙ,
1093 3595 1137 3637 p.
1156 3585 1209 3631 46
1226 3597 1336 3638 sqq.;

107 3643 313 3682 Mannert.
338 3642 414 3691 IX,
437 3655 485 3692 2,
509 3656 553 3697 p.
579 3645 680 3697 187;
699 3643 864 3684 Mfiller.
885 3646 989 3684 Dor.
1022 3645 1080 3695 II,
1115 3657 1212 3700 227.
1242 3646 1258 3700 ss
1283 3669 1341 3678 —

110 3705 206 3757 319.
233 3702 346 3758 ἔσχεν
366 3702 460 3744 cod.
487 3705 504 3758 ῃ
526 3728 583 3735 --
601 3705 697 3747 320.
718 3705 969 3747 Particulam
987 3705 1028 3746 δὲ
1050 3707 1221 3748 inseruit
1236 3709 1339 3750 Mei-

107 3765 211 3806 neke
222 3781 234 3816 3
260 3781 302 3806 τε
324 3765 555 3806 Salmasius,
586 3766 602 3820 ll
621 3790 678 3797 —
695 3766 791 3806 321.
806 3768 870 3807 De
889 3766 968 3808 hac
984 3768 1163 3809 nominis
1180 3777 1339 3826 etymo-

107 3827 214 3881 logia
230 3827 283 3868 cf.
305 3828 481 3869 Hecataei
500 3827 552 3868 fr.
577 3828 627 3868 52
639 3843 650 3878 ;
675 3827 852 3869 Parthax
871 3827 909 3870 ἐν
935 3827 1140 3878 Ἰταλικοῖς
1161 3845 1227 3887 ap.
1251 3834 1339 3874 Eu-

107 3889 228 3930 stath.
249 3888 301 3929 ad
316 3889 442 3930 Hom.
459 3888 509 3930 Il.
529 3890 606 3939 IX,
625 3891 694 3940 48,
708 3903 751 3944 p.
770 3891 867 3944 734,
886 3892 939 3940 48
957 3892 1046 3945 (Fr.
1063 3893 1118 3933 H.
1133 3901 1234 3934 tom.
1254 3897 1333 3946 III,

105 3965 148 4005 p.
173 3954 268 4000 641.
287 3950 380 3992 coll.
398 3952 475 4002 IV,
496 3965 540 4006 p.
558 3951 668 4007 466)
685 3967 696 4002 ;
718 3951 864 3993 Strabo
880 3954 956 4004 Vr,
978 3967 1019 4009 p.
1040 3957 1116 3996 261
1132 3970 1144 4006 ;
1158 3956 1333 3998 Pausan.

273 4026 405 4061 Gkiocn.
427 4031 457 4064 ι.

1110 127 1285 203 ORBIS
1319 129 1698 179 DESCRIPTIO.

2560 156 2645 195 209

1420 239 1579 279 Graecia
1597 241 1886 293 cognominata
1904 241 1958 281 ob
1977 241 2172 284 colonias.

1418 305 1675 347 Graecanicas
1694 307 1832 362 itaque
1851 308 2077 349 maritimas
2094 309 2219 350 habet

1419 371 1542 412 urbes
1565 365 1796 421 :Terinam
1815 375 2022 429 primum,
2044 389 2169 430 quam
2188 378 2410 421 condidere

1418 438 1666 480 Crotoniatae
1682 431 1798 495 prius
1812 472 1823 491 ,
1847 455 2030 496 quasque
2049 442 2172 483 vicini

1418 506 1699 549 condiderunt
1721 510 1866 560 Locri,
1892 511 2151 565 Hipponium
2174 521 2214 552 et
2237 514 2461 557 Medmam.

1417 573 1580 615 Deinde
1602 584 1700 616 sunt
1716 577 1893 631 Rhegini
1911 577 2096 632 urbsque
2117 579 2320 633 Rhegium
2336 613 2347 632 ,

1417 640 1530 682 unde
1552 643 1768 696 proximus
1785 652 1847 684 est
1864 645 2060 685 transitus
2078 646 2283 700 naviganti

1415 708 1460 748 in
1479 709 1679 761 Siciliam;
1702 710 1989 751 Chalcidenses
2005 712 2210 766 Rhegium

1416 776 1650 819 condidisse
1672 777 1881 819 videntur.
1902 781 2026 820 Juxta
2044 780 2111 820 siti
2130 790 2225 822 sunt

1415 845 1679 902 Epizephyrii
1701 847 1773 901 qui
1793 854 1993 887 vocantur
2012 848 2150 888 Locri.

1416 913 1503 953 Hos
1520 915 1678 969 primos
1696 915 1813 955 aiunt
1829 928 1926 954 usos
1949 913 2072 955 fuisse
2093 915 2248 970 legibus

1416 982 1599 1038 scriptis,
1625 997 1726 1038 quas
1747 975 1945 1036 Zaleucus
1963 985 2225 1038 proposuisse
2245 985 2430 1039 videtum

1415 1061 1512 1093 sunt
1532 1061 1669 1093 autem
1688 1052 1823 1093 coloni
1846 1052 2128 1107 Opuntiorum
2151 1056 2378 1097 Locrorum
2394 1089 2404 1107 ,

1415 1121 1604 1161 nonnulli
1623 1129 1762 1161 tamen
1785 1123 2016 1162 Locrorum
2035 1122 2151 1162 aiunt
2174 1124 2405 1164 Ozolarum.

1415 1190 1610 1230 Finitima
1630 1190 1695 1229 his
1714 1190 1898 1245 primum
1919 1189 2089 1244 quidem
2108 1192 2305 1233 Caulonia
2318 1225 2328 1244 ,

1415 1273 1507 1313 quae
1529 1258 1706 1299 deducta
1725 1274 1748 1299 e
1770 1260 1951 1301 Crotone
1972 1260 2132 1302 colonia
2145 1293 2156 1311 ‚

1413 1326 1466 1367 ab
1484 1341 1534 1367 eo
1553 1327 1624 1382 qui
1642 1341 1772 1382 prope
1793 1327 1942 1368 urbem
1960 1328 2061 1368 situs
2080 1338 2142 1373 est

1414 1396 1563 1437 aulone
1585 1397 1669 1437 sive
1689 1396 1790 1438 valle
1803 1428 1815 1448 ,
1838 1397 1949 1439 dicta
1967 1398 2146 1439 Aulonia
2160 1430 2171 1448 ,

1413 1472 1580 1519 postero
1602 1473 1790 1520 tempore
1808 1464 2075 1507 denominata
2092 1475 2153 1507 est
2175 1454 2387 1510 Caulonia.

1413 1535 1511 1573 Post
1530 1533 1640 1573 illam
1659 1548 1757 1574 vero
1777 1533 1876 1574 urbs
1896 1534 1995 1574 olim
2017 1534 2251 1576 beatissima

1413 1601 1593 1655 virisque
1615 1601 1911 1656 pollentissima
1933 1603 2089 1643 Croton
2103 1634 2115 1654 ,

1414 1677 1539 1725 quam
1555 1671 1758 1725 Myscelus
1780 1671 1955 1712 Achaeus
1977 1672 2210 1713 condidisse
2230 1673 2407 1715 videtur.

1412 1741 1511 1779 Post
1529 1740 1753 1780 Crotonem
1772 1739 1975 1780 Pandosia
1997 1748 2038 1781 et
2055 1740 2202 1781 Thurii
2218 1757 2229 1791 ;

1412 1807 1637 1848 finitimum
1654 1808 1719 1849 his
1739 1817 1799 1849 est
1820 1810 2141 1864 Metapontium.

1411 1877 1496 1917 Has
1515 1891 1659 1917 omnes
1681 1876 1804 1917 urbes
1826 1877 1998 1918 Achaeos
2020 1892 2042 1918 e
2060 1877 2343 1933 Peloponneso

1412 1944 1590 1986 advenas
1612 1944 1845 1986 condidisse
1864 1946 2102 2000 perhibent.

1411 2014 1606 2068 Sequitur
1621 2013 1856 2054 Italicarum
1879 2015 2059 2054 maxima
2072 2045 2083 2064 ,
2104 2015 2330 2055 Tarentum
2346 2046 2357 2064 ,

1409 2096 1433 2123 a
1454 2083 1632 2123 Tarante
1650 2083 1775 2123 heroe
1792 2082 1971 2138 quodam
1994 2083 2126 2135 dicta,

1410 2150 1825 2191 Lacedaemoniorum
1844 2150 2028 2201 colonia,
2051 2150 2147 2191 felix
2165 2151 2280 2192 urbs.

1411 2219 1640 2260 Partheniae
1657 2220 1770 2259 enim
1789 2220 1896 2260 hanc
1914 2219 2192 2260 condiderunt
2211 2221 2310 2261 olim

1410 2303 1710 2348 opportunam,
1736 2295 1938 2333 munitam
1953 2325 1963 2344 ,
1986 2302 2132 2333 natura
2151 2293 2320 2334 feliciter
2337 2294 2601 2343 instructam3

1411 2373 1616 2406 coarctata
1637 2379 1786 2420 nempe
1802 2364 2005 2420 portubus
2028 2364 2191 2405 duobus
2211 2366 2253 2404 in
2274 2365 2532 2419 peninsulam

1413 2523 1490 2572 VI,
1523 2522 1561 2572 5,
1600 2523 1638 2562 3.
1674 2523 1690 2575 ΙΙ
1714 2546 1771 2552 -
1794 2523 1961 2576 σχοῦσ’
1984 2522 2148 2576 ὕστερ.
2174 2524 2189 2577 ]
2217 2522 2494 2578 σχοῦσύστερον
2528 2523 2640 2573 cod.;

1413 2598 1493 2624 em.
1517 2585 1781 2625 Letronnius.
1808 2585 1823 2638 Η
1849 2609 1906 2615 ——
1928 2585 2024 2633 324.
2056 2602 2072 2622 «
2093 2585 2236 2625 Malim
2255 2585 2507 2646 εὖανδροτάτη
2527 2601 2568 2626 τε
2583 2602 2645 2642 γε-

1414 2647 1554 2701 νομένη
1596 2646 1706 2693 πόλις
1738 2646 1910 2701 Κρότων.
1947 2649 2211 2701 Quamquam
2245 2647 2356 2687 enim
2390 2647 2644 2701 Periegeseos

1413 2717 1558 2749 auctor
1593 2709 1710 2748 miris
1739 2722 1844 2763 saepe
1865 2707 2001 2748 modis
2024 2708 2244 2763 particulas
2273 2709 2314 2749 δέ
2345 2716 2385 2748 et
2416 2708 2457 2748 τέ
2478 2708 2641 2763 trajicit,

1412 2771 1655 2825 plerumque
1681 2779 1819 2811 tamen
1842 2784 1982 2810 versus
1998 2774 2118 2811 causa
2146 2770 2190 2810 id
2222 2769 2332 2819 facit,
2351 2767 2469 2823 eujus
2486 2771 2546 2811 rei
2578 2772 2644 2813 hic

1412 2833 1525 2874 nulla
1541 2828 1774 2873 necessitas.
1807 2852 1824 2868 »
1848 2834 2064 2873 anmm.
2091 2833 2107 2886 11
2129 2856 2187 2863 -
2209 2831 2305 2872 325.
2330 2832 2393 2872 De
2414 2845 2460 2873 re
2475 2846 2516 2872 v.
2542 2833 2643 2888 Hip-

1411 2909 1487 2950 pys
1505 2895 1682 2949 Rhegin.
1709 2896 1725 2948 (
1748 2893 1963 2950 s1.4.)ap
1988 2894 2144 2935 Zenob.
2166 2896 2244 2945 III,
2268 2894 2351 2947 42(
2369 2895 2438 2934 Fr.
2458 2894 2562 2944 Hist.
2586 2897 2640 2946 II,

1411 2971 1454 3013 p.
1497 2961 1546 3006 14
1571 2957 1609 3014 );
1643 2957 1874 2999 Antiochus
1897 2958 2036 3012 Syrac.
2062 2956 2114 2998 fr.
2154 2970 2200 2997 11
2237 2971 2304 3012 ap.
2336 2956 2526 2997 Strabon.
2565 2958 2640 3005 VI,

1411 3033 1454 3075 p.
1485 3019 1590 3073 2593
1616 3019 1707 3060 coll.
1732 3033 1780 3074 Ρ
1796 3023 1892 3073 269.
1913 3021 2032 3069 VIII,
2050 3034 2092 3096 p.
2117 3020 2223 3073 387·
2213 3051 2224 3069 ‚
2251 3017 2425 3059 Diodor.
2447 3020 2563 3068 VIII,
2593 3033 2641 3072 17

1413 3084 1430 3135 (
1448 3081 1520 3122 ubi
1541 3096 1619 3137 pro
1635 3081 1862 3129 Μυσκελλος
1886 3080 2043 3135 Ἀχαιος
2063 3083 2116 3121 ὢν
2139 3096 2183 3122 το
2202 3081 2310 3135 γένος
2333 3079 2374 3120 ἐκ
2397 3079 2545 3133 Κρήτης
2562 3080 2638 3134 leg.

1413 3144 1455 3186 ἐκ
1504 3143 1670 3195 Ῥυπῶν,
1709 3152 1903 3184 monente
1936 3143 2128 3184 Fischero
2169 3143 2213 3182 in
2254 3141 2358 3182 Tah.
2393 3142 2548 3182 Chron.
2588 3142 2641 3182 ad

1411 3208 1578 3263 Olymp.
1610 3221 1674 3261 17,
1700 3207 1723 3247 3
1751 3208 1790 3260 >;
1809 3207 1981 3259 Dionys.
2011 3205 2102 3246 Hal.
2127 3207 2183 3254 ΙΙ,
2214 3203 2287 3257 59;
2316 3203 2438 3244 Ovid.
2469 3204 2636 3244 Metam.

1410 3271 1508 3321 XV,
1544 3283 1612 3319 20.
1658 3271 1672 3323 ΙΙ
1697 3293 1754 3299 -
1782 3269 1877 3309 326.
1910 3267 2190 3321 Πανδοσία]
2216 3268 2271 3307 V.
2292 3274 2379 3306 not.
2405 3265 2458 3306 ad
2482 3266 2635 3320 Scylac.

1411 3334 1433 3384 §
1468 3345 1532 3371 12.
1575 3332 1589 3385 Η
1621 3355 1678 3361 -
1714 3330 1810 3370 333.
1849 3331 1910 3369 De
1932 3343 1977 3369 re
2013 3343 2053 3368 v.
2083 3327 2277 3369 Antiochi
2317 3329 2406 3382 Syr.
2439 3326 2489 3367 fr.
2527 3330 2576 3376 14
2600 3337 2640 3368 et

1410 3394 1568 3449 Ephori
1590 3393 1641 3433 fr.
1669 3392 1718 3433 53
1740 3391 1879 3446 ibique
1901 3390 2099 3431 laudatos.
2127 3391 2142 3444 ss
2165 3414 2221 3420 —
2237 3389 2330 3431 335.
2351 3389 2425 3431 ἐπὶ
2447 3392 2568 3441 νῆσο
2582 3392 2636 3444 ν]

1412 3456 1469 3498 ἐπ’
1499 3455 1581 3496 ἴσον
1603 3453 1758 3504 codex3
1782 3468 1863 3494 em.
1883 3452 2129 3494 Meinekius.
2157 3452 2313 3494 Gailius
2338 3450 2566 3506 conjecerat
2582 3451 2638 3494 ἐπ’

1412 3517 1469 3558 ἰσθ
1477 3519 1565 3573 μόν,
1584 3530 1746 3557 versum
1764 3529 1946 3570 pangens
1963 3515 2036 3570 qui
2052 3514 2188 3555 nullus
2203 3523 2277 3556 est.
2304 3531 2320 3553 «
2340 3515 2379 3556 Si
2396 3515 2489 3569 quis
2503 3514 2639 3569 paullo

1410 3580 1655 3629 accuratius,
1676 3577 1908 3619 Meinekius
1939 3579 2010 3628 ait,
2044 3576 2231 3618 locorum
2255 3578 2379 3618 situm
2402 3578 2636 3630 investiget,

1410 3658 1494 3684 non
1513 3643 1556 3682 in
1584 3642 1749 3692 isthmo,
1786 3640 1858 3681 sed
1881 3640 1923 3680 in
1945 3640 2161 3695 peninsula
2186 3640 2295 3681 ultra
2325 3639 2523 3680 isthmum
2545 3653 2638 3693 pro-

1403 3705 1511 3761 jecta
1528 3706 1755 3746 Talentum
1776 3704 1901 3744 situm
1923 3702 2048 3743 fuisse
2071 3702 2280 3757 intelliget.
2306 3704 2436 3743 Docet
2450 3702 2528 3742 hoc
2545 3701 2638 3740 satis

1409 3775 1546 3823 aperte
1567 3767 1632 3807 Sn
1634 3766 1713 3806 abo
1727 3766 1803 3816 VI,
1821 3779 1864 3821 p.
1887 3767 2001 3820 278:
2026 3763 2218 3806 Ἐνταῦθα
2231 3764 2350 3820 λιμήν
2369 3763 2447 3804 ἐστι
2464 3763 2638 3817 μέγιστος

1409 3830 1474 3871 καὶ
1488 3828 1693 3876 κάλλιστος
1708 3828 1853 3884 γεφύρᾳ
1870 3828 1937 3869 κλε
1923 3828 2116 3883 ιόμενος
2110 3843 2155 3868 us
2157 3827 2261 3884 γάλῃ
2274 3858 2284 3877 ,
2303 3825 2464 3866 σταδίων
2482 3824 2514 3862 δ’
2534 3822 2635 3863 ἐστιν

1408 3893 1541 3934 εκατον
1561 3889 1630 3942 τὴν
1647 3891 1888 3967 περίμετρον
1916 3889 1987 3931 Ἐκ
2010 3890 2049 3931 δὲ
2071 3893 2138 3932 τοῦ
2164 3905 2287 3944 προς
2269 3888 2334 3928 τὸν
2357 3885 2479 3942 μυγδν
2505 3885 2636 3940 μέρους

1409 3954 1544 4022 ἰσθμον
1562 3969 1662 3996 ποιει
1684 3969 1776 4009 προς
1797 3952 1866 4004 τὴν
1886 3952 1956 4000 ἔξω
1981 3953 2188 4001 θάλατταν,
2218 3950 2309 3991 ὥστ’
2340 3947 2401 3989 επὶ
2413 3944 2636 4002 χερρονήσω

2431 4024 2468 4058 14
