<?xml version="1.0" encoding="UTF-8"?>
<!DOCTYPE html PUBLIC "-//W3C//DTD XHTML 1.0 Transitional//EN"
    "http://www.w3.org/TR/xhtml1/DTD/xhtml1-transitional.dtd">
<html xmlns="http://www.w3.org/1999/xhtml" xml:lang="en" lang="en">
 <head>
  <title>
</title>
<meta http-equiv="Content-Type" content="text/html;charset=utf-8" />
  <meta name='ocr-system' content='tesseract 3.04.00' />
  <meta name='ocr-capabilities' content='ocr_page ocr_carea ocr_par ocr_line ocrx_word'/>
</head>
<body>
  <div class='ocr_page' id='page_1' title='image "./geographigraeci00mueluoft/geographigraeci00mueluoft_0636.png"; bbox 0 0 2808 4342; ppageno 0'>
   <div class='ocr_carea' id='block_1_1' title="bbox 215 132 1453 477">
    <p class='ocr_par' dir='ltr' id='par_1_1' title="bbox 215 132 1453 477">
     <span class='ocr_line' id='line_1_1' title="bbox 687 132 730 172; baseline 0 0"><span class='ocrx_word' id='word_1_1' title='bbox 687 132 730 172; x_wconf 50' lang='lat'>¹.</span> 
     </span>
     <span class='ocr_line' id='line_1_2' title="bbox 219 186 321 228; baseline -0.049 0"><span class='ocrx_word' id='word_1_2' title='bbox 219 191 245 228; x_wconf 70' lang='grc'><strong>4</strong></span> <span class='ocrx_word' id='word_1_3' title='bbox 255 190 271 227; x_wconf 69' lang='lat'>3</span> <span class='ocrx_word' id='word_1_4' title='bbox 281 186 321 227; x_wconf 78' lang='grc'>8.</span> 
     </span>
     <span class='ocr_line' id='line_1_3' title="bbox 282 267 1355 334; baseline -0.017 -8"><span class='ocrx_word' id='word_1_5' title='bbox 282 298 356 329; x_wconf 71' lang='grc' dir='ltr'>ιιι.</span> <span class='ocrx_word' id='word_1_6' title='bbox 391 278 490 327; x_wconf 79' lang='grc' dir='ltr'>Ἀπὸ</span> <span class='ocrx_word' id='word_1_7' title='bbox 507 276 581 322; x_wconf 50' lang='grc' dir='ltr'><strong><em>Μ</em></strong></span> <span class='ocrx_word' id='word_1_8' title='bbox 601 274 731 334; x_wconf 76' lang='grc' dir='ltr'>Ἱεροῦ</span> <span class='ocrx_word' id='word_1_9' title='bbox 746 273 804 323; x_wconf 73' lang='grc' dir='ltr'>εἰς</span> <span class='ocrx_word' id='word_1_10' title='bbox 820 270 939 316; x_wconf 88' lang='grc' dir='ltr'>πόλιν</span> <span class='ocrx_word' id='word_1_11' title='bbox 956 268 1093 315; x_wconf 78' lang='grc' dir='ltr'>Ἰσσὸν</span> <span class='ocrx_word' id='word_1_12' title='bbox 1117 267 1275 313; x_wconf 77' lang='grc' dir='ltr'>στάδιοι</span> <span class='ocrx_word' id='word_1_13' title='bbox 1292 268 1355 330; x_wconf 83' lang='grc' dir='ltr'>ψ’.</span> 
     </span>
     <span class='ocr_line' id='line_1_4' title="bbox 279 334 1453 398; baseline -0.018 -1"><span class='ocrx_word' id='word_1_14' title='bbox 279 365 355 397; x_wconf 72' lang='grc' dir='ltr'>ιω.</span> <span class='ocrx_word' id='word_1_15' title='bbox 393 345 492 393; x_wconf 76' lang='grc' dir='ltr'>Ἀπὸ</span> <span class='ocrx_word' id='word_1_16' title='bbox 515 343 649 391; x_wconf 78' lang='grc' dir='ltr'>Ἰσσοῧ</span> <span class='ocrx_word' id='word_1_17' title='bbox 672 342 727 391; x_wconf 76' lang='grc' dir='ltr'>εἷς</span> <span class='ocrx_word' id='word_1_18' title='bbox 749 338 821 390; x_wconf 76' lang='grc' dir='ltr'>τὰς</span> <span class='ocrx_word' id='word_1_19' title='bbox 837 334 1059 396; x_wconf 72' lang='grc' dir='ltr'>Ἀμανικὰς</span> <span class='ocrx_word' id='word_1_20' title='bbox 1076 335 1209 387; x_wconf 79' lang='grc' dir='ltr'>πύλας</span> <span class='ocrx_word' id='word_1_21' title='bbox 1231 336 1273 380; x_wconf 65' lang='grc' dir='ltr'>ἐν</span> <span class='ocrx_word' id='word_1_22' title='bbox 1291 337 1351 398; x_wconf 80' lang='grc' dir='ltr'>τῷ</span> <span class='ocrx_word' id='word_1_23' title='bbox 1366 353 1453 382; x_wconf 76' lang='lat' dir='ltr'>xat-</span> 
     </span>
     <span class='ocr_line' id='line_1_5' title="bbox 215 405 900 477; baseline -0.019 -12"><span class='ocrx_word' id='word_1_24' title='bbox 215 417 377 477; x_wconf 80' lang='grc' dir='ltr'>λοτότῳ</span> <span class='ocrx_word' id='word_1_25' title='bbox 389 418 462 459; x_wconf 75' lang='grc' dir='ltr'>τοῦ</span> <span class='ocrx_word' id='word_1_26' title='bbox 484 411 639 457; x_wconf 76' lang='grc' dir='ltr'>κόλπον</span> <span class='ocrx_word' id='word_1_27' title='bbox 664 409 822 455; x_wconf 77' lang='grc' dir='ltr'>στάδιοι</span> <span class='ocrx_word' id='word_1_28' title='bbox 846 405 900 460; x_wconf 79' lang='grc' dir='ltr'>ς’.</span> 
     </span>
    </p>
   </div>
   <div class='ocr_carea' id='block_1_2' title="bbox 213 564 1472 4070">
    <p class='ocr_par' dir='ltr' id='par_1_2' title="bbox 213 564 1465 2066">
     <span class='ocr_line' id='line_1_6' title="bbox 216 564 1457 631; baseline -0.009 -12"><span class='ocrx_word' id='word_1_29' title='bbox 216 577 311 627; x_wconf 88' lang='lat' dir='ltr'>dri,</span> <span class='ocrx_word' id='word_1_30' title='bbox 327 587 503 631; x_wconf 84' lang='lat' dir='ltr'>quarum</span> <span class='ocrx_word' id='word_1_31' title='bbox 518 567 707 612; x_wconf 78' lang='lat' dir='ltr'>meminit</span> <span class='ocrx_word' id='word_1_32' title='bbox 721 566 894 607; x_wconf 80' lang='lat' dir='ltr'>Curtius</span> <span class='ocrx_word' id='word_1_33' title='bbox 913 567 994 616; x_wconf 82' lang='lat'>111,</span> <span class='ocrx_word' id='word_1_34' title='bbox 1022 578 1072 607; x_wconf 76' lang='lat'>12</span> <span class='ocrx_word' id='word_1_35' title='bbox 1092 577 1103 606; x_wconf 89' lang='lat'>:</span> <span class='ocrx_word' id='word_1_36' title='bbox 1118 564 1287 607; x_wconf 82' lang='lat' dir='ltr'>-Tribus</span> <span class='ocrx_word' id='word_1_37' title='bbox 1302 566 1392 607; x_wconf 84' lang='lat' dir='ltr'>aris</span> <span class='ocrx_word' id='word_1_38' title='bbox 1414 566 1457 608; x_wconf 77' lang='grc' dir='ltr'>ιἰι</span> 
     </span>
     <span class='ocr_line' id='line_1_7' title="bbox 218 626 1459 697; baseline -0.005 -22"><span class='ocrx_word' id='word_1_39' title='bbox 218 639 312 697; x_wconf 73' lang='lat' dir='ltr'>ripa</span> <span class='ocrx_word' id='word_1_40' title='bbox 330 634 479 679; x_wconf 74' lang='lat' dir='ltr'>Pinari</span> <span class='ocrx_word' id='word_1_41' title='bbox 495 628 652 688; x_wconf 80' lang='lat' dir='ltr'>positis</span> <span class='ocrx_word' id='word_1_42' title='bbox 666 627 820 678; x_wconf 78' lang='lat' dir='ltr'>amnis,</span> <span class='ocrx_word' id='word_1_43' title='bbox 841 627 943 670; x_wconf 76' lang='lat' dir='ltr'>Iovi</span> <span class='ocrx_word' id='word_1_44' title='bbox 959 635 1086 685; x_wconf 74' lang='lat' dir='ltr'>aeque</span> <span class='ocrx_word' id='word_1_45' title='bbox 1109 626 1282 670; x_wconf 70' lang='lat' dir='ltr'>Herculi</span> <span class='ocrx_word' id='word_1_46' title='bbox 1302 626 1459 670; x_wconf 50' lang='lat' dir='ltr'>Miner*</span> 
     </span>
     <span class='ocr_line' id='line_1_8' title="bbox 217 688 1455 756; baseline -0.006 -16"><span class='ocrx_word' id='word_1_47' title='bbox 217 714 356 756; x_wconf 66' lang='lat' dir='ltr'>mque</span> <span class='ocrx_word' id='word_1_48' title='bbox 384 692 581 741; x_wconf 70' lang='lat' dir='ltr'>sacratis,</span> <span class='ocrx_word' id='word_1_49' title='bbox 604 689 765 746; x_wconf 71' lang='lat' dir='ltr'>Syriam</span> <span class='ocrx_word' id='word_1_50' title='bbox 790 690 935 747; x_wconf 76' lang='lat' dir='ltr'>penit.</span> <span class='ocrx_word' id='word_1_51' title='bbox 958 688 1026 732; x_wconf 73' lang='lat' dir='ltr'>Cf.</span> <span class='ocrx_word' id='word_1_52' title='bbox 1057 689 1205 734; x_wconf 73' lang='grc' dir='ltr'>(Σοαο</span> <span class='ocrx_word' id='word_1_53' title='bbox 1227 689 1282 732; x_wconf 82' lang='lat' dir='ltr'>ad</span> <span class='ocrx_word' id='word_1_54' title='bbox 1310 690 1455 733; x_wconf 84' lang='lat' dir='ltr'>Famil.</span> 
     </span>
     <span class='ocr_line' id='line_1_9' title="bbox 215 751 1463 811; baseline -0.006 -10"><span class='ocrx_word' id='word_1_55' title='bbox 215 763 311 811; x_wconf 88' lang='lat' dir='ltr'>XV,</span> <span class='ocrx_word' id='word_1_56' title='bbox 344 762 367 808; x_wconf 79' lang='grc'>4</span> <span class='ocrx_word' id='word_1_57' title='bbox 399 771 409 799; x_wconf 87' lang='lat'>:</span> <span class='ocrx_word' id='word_1_58' title='bbox 443 760 589 798; x_wconf 78' lang='lat' dir='ltr'>Castra</span> <span class='ocrx_word' id='word_1_59' title='bbox 622 753 665 796; x_wconf 80' lang='lat' dir='ltr'>in</span> <span class='ocrx_word' id='word_1_60' title='bbox 683 752 899 795; x_wconf 71' lang='lat' dir='ltr'><em>radicibus</em></span> <span class='ocrx_word' id='word_1_61' title='bbox 922 751 1079 795; x_wconf 77' lang='lat' dir='ltr'>Amani</span> <span class='ocrx_word' id='word_1_62' title='bbox 1105 751 1328 795; x_wconf 73' lang='lat' dir='ltr'>habuimus</span> <span class='ocrx_word' id='word_1_63' title='bbox 1345 751 1463 810; x_wconf 77' lang='lat' dir='ltr'>apud</span> 
     </span>
     <span class='ocr_line' id='line_1_10' title="bbox 214 814 1458 874; baseline -0.005 -9"><span class='ocrx_word' id='word_1_64' title='bbox 214 836 313 865; x_wconf 81' lang='lat' dir='ltr'>aras</span> <span class='ocrx_word' id='word_1_65' title='bbox 348 817 584 863; x_wconf 73' lang='lat' dir='ltr'><em>Alexandri</em></span> <span class='ocrx_word' id='word_1_66' title='bbox 613 815 902 874; x_wconf 75' lang='lat' dir='ltr'>quatriduani.</span> <span class='ocrx_word' id='word_1_67' title='bbox 932 814 1051 858; x_wconf 89' lang='lat' dir='ltr'>Idem</span> <span class='ocrx_word' id='word_1_68' title='bbox 1082 815 1137 860; x_wconf 84' lang='lat' dir='ltr'>ad</span> <span class='ocrx_word' id='word_1_69' title='bbox 1159 818 1246 858; x_wconf 77' lang='lat' dir='ltr'>Att.</span> <span class='ocrx_word' id='word_1_70' title='bbox 1280 817 1338 866; x_wconf 87' lang='lat' dir='ltr'>V,</span> <span class='ocrx_word' id='word_1_71' title='bbox 1369 828 1458 859; x_wconf 76' lang='lat' dir='ltr'>ao:</span> 
     </span>
     <span class='ocr_line' id='line_1_11' title="bbox 218 877 1460 940; baseline -0.006 -12"><span class='ocrx_word' id='word_1_72' title='bbox 218 890 363 928; x_wconf 64' lang='lat' dir='ltr'>&amp;isera</span> <span class='ocrx_word' id='word_1_73' title='bbox 379 894 539 940; x_wconf 83' lang='lat' dir='ltr'>paucos</span> <span class='ocrx_word' id='word_1_74' title='bbox 556 878 645 922; x_wconf 85' lang='lat' dir='ltr'>dies</span> <span class='ocrx_word' id='word_1_75' title='bbox 658 878 882 921; x_wconf 71' lang='lat' dir='ltr'>habuimus</span> <span class='ocrx_word' id='word_1_76' title='bbox 900 893 949 920; x_wconf 88' lang='lat' dir='ltr'>ea</span> <span class='ocrx_word' id='word_1_77' title='bbox 966 877 1075 936; x_wconf 83' lang='lat' dir='ltr'>ipsa,</span> <span class='ocrx_word' id='word_1_78' title='bbox 1101 892 1192 934; x_wconf 83' lang='lat' dir='ltr'>quoe</span> <span class='ocrx_word' id='word_1_79' title='bbox 1206 886 1351 919; x_wconf 79' lang='lat' dir='ltr'>contra</span> <span class='ocrx_word' id='word_1_80' title='bbox 1370 882 1460 921; x_wconf 89' lang='lat' dir='ltr'>Da·</span> 
     </span>
     <span class='ocr_line' id='line_1_12' title="bbox 215 939 1460 1000; baseline -0.006 -10"><span class='ocrx_word' id='word_1_81' title='bbox 215 949 321 990; x_wconf 83' lang='lat' dir='ltr'>rium</span> <span class='ocrx_word' id='word_1_82' title='bbox 344 945 546 987; x_wconf 77' lang='lat' dir='ltr'>habuerat</span> <span class='ocrx_word' id='word_1_83' title='bbox 575 940 693 1000; x_wconf 81' lang='lat' dir='ltr'>apud</span> <span class='ocrx_word' id='word_1_84' title='bbox 707 944 848 983; x_wconf 83' lang='lat' dir='ltr'>Issum</span> <span class='ocrx_word' id='word_1_85' title='bbox 870 939 1124 983; x_wconf 72' lang='lat' dir='ltr'><em>Alexander.</em></span> <span class='ocrx_word' id='word_1_86' title='bbox 1143 939 1306 982; x_wconf 81' lang='lat' dir='ltr'>Deinde</span> <span class='ocrx_word' id='word_1_87' title='bbox 1328 941 1370 982; x_wconf 94' lang='lat' dir='ltr'>in</span> <span class='ocrx_word' id='word_1_88' title='bbox 1390 956 1460 983; x_wconf 87' lang='lat' dir='ltr'>co·</span> 
     </span>
     <span class='ocr_line' id='line_1_13' title="bbox 214 1002 1456 1064; baseline -0.006 -12"><span class='ocrx_word' id='word_1_89' title='bbox 214 1011 306 1052; x_wconf 89' lang='lat' dir='ltr'>dice</span> <span class='ocrx_word' id='word_1_90' title='bbox 327 1010 477 1064; x_wconf 81' lang='lat' dir='ltr'>legitur</span> <span class='ocrx_word' id='word_1_91' title='bbox 495 1020 506 1048; x_wconf 71' lang='grc' dir='ltr'>ι</span> <span class='ocrx_word' id='word_1_92' title='bbox 531 1008 647 1048; x_wconf 72' lang='grc' dir='ltr'>τοῦτο</span> <span class='ocrx_word' id='word_1_93' title='bbox 662 1004 764 1047; x_wconf 73' lang='grc' dir='ltr'>ἐστὶν</span> <span class='ocrx_word' id='word_1_94' title='bbox 786 1003 998 1061; x_wconf 75' lang='grc' dir='ltr'>ὓπερδῆναι</span> <span class='ocrx_word' id='word_1_95' title='bbox 1022 1002 1075 1052; x_wconf 83' lang='grc' dir='ltr'>εἰς</span> <span class='ocrx_word' id='word_1_96' title='bbox 1094 1003 1215 1045; x_wconf 90' lang='grc' dir='ltr'>τόπον</span> <span class='ocrx_word' id='word_1_97' title='bbox 1244 1002 1297 1052; x_wconf 81' lang='grc' dir='ltr'>εἰς</span> <span class='ocrx_word' id='word_1_98' title='bbox 1326 1003 1456 1046; x_wconf 85' lang='grc' dir='ltr'>πόλιν.</span> 
     </span>
     <span class='ocr_line' id='line_1_14' title="bbox 216 1066 1458 1126; baseline -0.005 -11"><span class='ocrx_word' id='word_1_99' title='bbox 216 1077 373 1115; x_wconf 82' lang='lat' dir='ltr'>Luxata</span> <span class='ocrx_word' id='word_1_100' title='bbox 396 1074 451 1113; x_wconf 88' lang='lat' dir='ltr'>ita</span> <span class='ocrx_word' id='word_1_101' title='bbox 466 1069 698 1126; x_wconf 84' lang='lat' dir='ltr'>composui,</span> <span class='ocrx_word' id='word_1_102' title='bbox 719 1075 763 1110; x_wconf 93' lang='lat' dir='ltr'>ut</span> <span class='ocrx_word' id='word_1_103' title='bbox 785 1067 837 1110; x_wconf 89' lang='lat' dir='ltr'>ab</span> <span class='ocrx_word' id='word_1_104' title='bbox 855 1068 985 1110; x_wconf 78' lang='lat' dir='ltr'>Hiero</span> <span class='ocrx_word' id='word_1_105' title='bbox 999 1067 1129 1108; x_wconf 88' lang='lat' dir='ltr'>iretur</span> <span class='ocrx_word' id='word_1_106' title='bbox 1141 1066 1195 1108; x_wconf 88' lang='lat' dir='ltr'>ad</span> <span class='ocrx_word' id='word_1_107' title='bbox 1208 1066 1458 1122; x_wconf 80' lang='lat' dir='ltr'>Nicopolim.</span> 
     </span>
     <span class='ocr_line' id='line_1_15' title="bbox 214 1128 1459 1190; baseline -0.005 -12"><span class='ocrx_word' id='word_1_108' title='bbox 214 1137 406 1177; x_wconf 87' lang='lat' dir='ltr'>Ceterum</span> <span class='ocrx_word' id='word_1_109' title='bbox 428 1147 507 1190; x_wconf 91' lang='lat' dir='ltr'>pro</span> <span class='ocrx_word' id='word_1_110' title='bbox 531 1132 742 1188; x_wconf 77' lang='grc' dir='ltr'>ὓπερὸἥναι</span> <span class='ocrx_word' id='word_1_111' title='bbox 758 1130 882 1172; x_wconf 89' lang='lat' dir='ltr'>velim</span> <span class='ocrx_word' id='word_1_112' title='bbox 903 1128 1107 1182; x_wconf 79' lang='grc' dir='ltr'>ἂναὸἥναι.</span> <span class='ocrx_word' id='word_1_113' title='bbox 1129 1129 1294 1171; x_wconf 81' lang='lat' dir='ltr'>Etenim</span> <span class='ocrx_word' id='word_1_114' title='bbox 1315 1129 1459 1184; x_wconf 84' lang='lat' dir='ltr'>viginti</span> 
     </span>
     <span class='ocr_line' id='line_1_16' title="bbox 215 1189 1460 1241; baseline -0.003 -3"><span class='ocrx_word' id='word_1_115' title='bbox 215 1197 359 1241; x_wconf 83' lang='lat' dir='ltr'>fereab</span> <span class='ocrx_word' id='word_1_116' title='bbox 376 1197 493 1239; x_wconf 85' lang='lat' dir='ltr'>ostiis</span> <span class='ocrx_word' id='word_1_117' title='bbox 508 1194 648 1238; x_wconf 79' lang='lat' dir='ltr'>Pinari</span> <span class='ocrx_word' id='word_1_118' title='bbox 665 1194 780 1235; x_wconf 83' lang='lat' dir='ltr'>fluvii</span> <span class='ocrx_word' id='word_1_119' title='bbox 799 1191 944 1235; x_wconf 87' lang='lat' dir='ltr'>stadiis</span> <span class='ocrx_word' id='word_1_120' title='bbox 958 1191 1090 1234; x_wconf 81' lang='lat' dir='ltr'>ruinae</span> <span class='ocrx_word' id='word_1_121' title='bbox 1104 1199 1203 1233; x_wconf 83' lang='lat' dir='ltr'>sunt</span> <span class='ocrx_word' id='word_1_122' title='bbox 1217 1189 1271 1232; x_wconf 88' lang='lat' dir='ltr'>ad</span> <span class='ocrx_word' id='word_1_123' title='bbox 1287 1190 1460 1234; x_wconf 84' lang='lat' dir='ltr'>fluvium</span> 
     </span>
     <span class='ocr_line' id='line_1_17' title="bbox 214 1253 1464 1316; baseline -0.004 -15"><span class='ocrx_word' id='word_1_124' title='bbox 214 1262 285 1316; x_wconf 84' lang='lat' dir='ltr'>qui</span> <span class='ocrx_word' id='word_1_125' title='bbox 307 1275 332 1303; x_wconf 85' lang='lat' dir='ltr'>a</span> <span class='ocrx_word' id='word_1_126' title='bbox 349 1258 524 1314; x_wconf 78' lang='lat' dir='ltr'>meridie</span> <span class='ocrx_word' id='word_1_127' title='bbox 545 1258 589 1299; x_wconf 89' lang='lat' dir='ltr'>in</span> <span class='ocrx_word' id='word_1_128' title='bbox 612 1256 727 1299; x_wconf 90' lang='lat' dir='ltr'>Deli·</span> <span class='ocrx_word' id='word_1_129' title='bbox 736 1255 866 1299; x_wconf 82' lang='lat' dir='ltr'>Tchai</span> <span class='ocrx_word' id='word_1_130' title='bbox 894 1253 1041 1297; x_wconf 86' lang='lat' dir='ltr'>incidit</span> <span class='ocrx_word' id='word_1_131' title='bbox 1069 1267 1202 1310; x_wconf 85' lang='lat' dir='ltr'>prope</span> <span class='ocrx_word' id='word_1_132' title='bbox 1219 1253 1359 1296; x_wconf 82' lang='lat' dir='ltr'>vicum</span> <span class='ocrx_word' id='word_1_133' title='bbox 1383 1254 1464 1296; x_wconf 78' lang='lat' dir='ltr'>Koi</span> 
     </span>
     <span class='ocr_line' id='line_1_18' title="bbox 220 1315 1460 1375; baseline -0.006 -10"><span class='ocrx_word' id='word_1_134' title='bbox 220 1323 365 1365; x_wconf 78' lang='lat' dir='ltr'>Tchai.</span> <span class='ocrx_word' id='word_1_135' title='bbox 383 1323 467 1364; x_wconf 83' lang='lat' dir='ltr'>Has</span> <span class='ocrx_word' id='word_1_136' title='bbox 489 1320 543 1363; x_wconf 86' lang='lat' dir='ltr'>ad</span> <span class='ocrx_word' id='word_1_137' title='bbox 557 1323 690 1362; x_wconf 86' lang='lat' dir='ltr'>Issum</span> <span class='ocrx_word' id='word_1_138' title='bbox 716 1318 841 1361; x_wconf 78' lang='lat' dir='ltr'>refert</span> <span class='ocrx_word' id='word_1_139' title='bbox 852 1319 1043 1375; x_wconf 83' lang='lat' dir='ltr'>Kiepert,</span> <span class='ocrx_word' id='word_1_140' title='bbox 1061 1315 1176 1373; x_wconf 89' lang='lat' dir='ltr'>quod</span> <span class='ocrx_word' id='word_1_141' title='bbox 1186 1315 1276 1359; x_wconf 74' lang='lat' dir='ltr'>fieri</span> <span class='ocrx_word' id='word_1_142' title='bbox 1292 1318 1460 1373; x_wconf 87' lang='lat' dir='ltr'>nequit;</span> 
     </span>
     <span class='ocr_line' id='line_1_19' title="bbox 213 1378 1465 1442; baseline -0.006 -14"><span class='ocrx_word' id='word_1_143' title='bbox 213 1400 291 1442; x_wconf 87' lang='lat' dir='ltr'>ego</span> <span class='ocrx_word' id='word_1_144' title='bbox 303 1384 494 1441; x_wconf 82' lang='lat' dir='ltr'>Nicopoli</span> <span class='ocrx_word' id='word_1_145' title='bbox 509 1382 692 1434; x_wconf 80' lang='lat' dir='ltr'>vindico,</span> <span class='ocrx_word' id='word_1_146' title='bbox 709 1382 763 1424; x_wconf 88' lang='lat' dir='ltr'>de</span> <span class='ocrx_word' id='word_1_147' title='bbox 775 1396 858 1438; x_wconf 90' lang='lat' dir='ltr'>qua</span> <span class='ocrx_word' id='word_1_148' title='bbox 875 1382 933 1423; x_wconf 89' lang='lat' dir='ltr'>ita</span> <span class='ocrx_word' id='word_1_149' title='bbox 947 1380 1182 1437; x_wconf 79' lang='lat' dir='ltr'>Stephanus</span> <span class='ocrx_word' id='word_1_150' title='bbox 1191 1381 1290 1436; x_wconf 84' lang='lat' dir='ltr'>Byz.</span> <span class='ocrx_word' id='word_1_151' title='bbox 1312 1393 1322 1422; x_wconf 91' lang='lat'><strong>:</strong></span> <span class='ocrx_word' id='word_1_152' title='bbox 1343 1378 1465 1430; x_wconf 82' lang='grc' dir='ltr'>Ἰσσός</span> 
     </span>
     <span class='ocr_line' id='line_1_20' title="bbox 214 1439 1463 1504; baseline -0.004 -13"><span class='ocrx_word' id='word_1_153' title='bbox 214 1448 325 1498; x_wconf 88' lang='grc' dir='ltr'>πόλις</span> <span class='ocrx_word' id='word_1_154' title='bbox 345 1447 484 1504; x_wconf 64' lang='grc' dir='ltr'>μεταξὺ</span> <span class='ocrx_word' id='word_1_155' title='bbox 509 1447 645 1503; x_wconf 86' lang='grc' dir='ltr'>Συρίας</span> <span class='ocrx_word' id='word_1_156' title='bbox 659 1445 725 1487; x_wconf 64' lang='grc' dir='ltr'>καὶ</span> <span class='ocrx_word' id='word_1_157' title='bbox 747 1445 918 1493; x_wconf 76' lang='grc' dir='ltr'>Κιλικίας</span> <span class='ocrx_word' id='word_1_158' title='bbox 947 1443 986 1486; x_wconf 79' lang='grc' dir='ltr'>ἐν</span> <span class='ocrx_word' id='word_1_159' title='bbox 1002 1439 1027 1495; x_wconf 81' lang='grc' dir='ltr'>ἦ</span> <span class='ocrx_word' id='word_1_160' title='bbox 1049 1442 1286 1498; x_wconf 72' lang='grc' dir='ltr'>Ἀλέξανδρος</span> <span class='ocrx_word' id='word_1_161' title='bbox 1301 1443 1463 1499; x_wconf 79' lang='grc' dir='ltr'>Δαρεῖον</span> 
     </span>
     <span class='ocr_line' id='line_1_21' title="bbox 216 1487 1464 1564; baseline -0.004 -11"><span class='ocrx_word' id='word_1_162' title='bbox 216 1511 405 1564; x_wconf 77' lang='grc' dir='ltr'>ἐνίκησεν,</span> <span class='ocrx_word' id='word_1_163' title='bbox 427 1511 452 1562; x_wconf 80' lang='grc' dir='ltr'>ἢ</span> <span class='ocrx_word' id='word_1_164' title='bbox 477 1509 621 1561; x_wconf 79' lang='grc' dir='ltr'>ἐκλήθη</span> <span class='ocrx_word' id='word_1_165' title='bbox 642 1507 706 1548; x_wconf 78' lang='grc' dir='ltr'>διὰ</span> <span class='ocrx_word' id='word_1_166' title='bbox 721 1511 836 1549; x_wconf 77' lang='grc' dir='ltr'>τοῦτο</span> <span class='ocrx_word' id='word_1_167' title='bbox 854 1487 1065 1554; x_wconf 78' lang='grc' dir='ltr'>Νικόπολις</span> <span class='ocrx_word' id='word_1_168' title='bbox 1080 1504 1145 1547; x_wconf 82' lang='grc' dir='ltr'>ἀπ’</span> <span class='ocrx_word' id='word_1_169' title='bbox 1166 1503 1302 1549; x_wconf 77' lang='grc' dir='ltr'>αὗτοῦ·</span> <span class='ocrx_word' id='word_1_170' title='bbox 1327 1505 1413 1547; x_wconf 80' lang='grc' dir='ltr'>ἐκεῖ</span> <span class='ocrx_word' id='word_1_171' title='bbox 1423 1505 1464 1548; x_wconf 81' lang='grc' dir='ltr'>δὲ</span> 
     </span>
     <span class='ocr_line' id='line_1_22' title="bbox 215 1568 1464 1628; baseline -0.002 -14"><span class='ocrx_word' id='word_1_172' title='bbox 215 1573 280 1614; x_wconf 73' lang='grc' dir='ltr'>καὶ</span> <span class='ocrx_word' id='word_1_173' title='bbox 310 1572 483 1628; x_wconf 75' lang='grc' dir='ltr'>ποταμὸς</span> <span class='ocrx_word' id='word_1_174' title='bbox 514 1571 678 1626; x_wconf 84' lang='grc' dir='ltr'>Πίναρος</span> <span class='ocrx_word' id='word_1_175' title='bbox 718 1569 1022 1625; x_wconf 78' lang='grc' dir='ltr'>ὀνομαζόμενος.</span> <span class='ocrx_word' id='word_1_176' title='bbox 1055 1570 1111 1610; x_wconf 80' lang='lat' dir='ltr'>At</span> <span class='ocrx_word' id='word_1_177' title='bbox 1148 1568 1384 1624; x_wconf 83' lang='lat' dir='ltr'>Nicopolim</span> <span class='ocrx_word' id='word_1_178' title='bbox 1411 1569 1464 1611; x_wconf 85' lang='lat' dir='ltr'>ab</span> 
     </span>
     <span class='ocr_line' id='line_1_23' title="bbox 215 1631 1465 1689; baseline -0.002 -13"><span class='ocrx_word' id='word_1_179' title='bbox 215 1637 302 1676; x_wconf 88' lang='lat' dir='ltr'>Isso</span> <span class='ocrx_word' id='word_1_180' title='bbox 323 1634 539 1689; x_wconf 78' lang='lat' dir='ltr'>distinguit</span> <span class='ocrx_word' id='word_1_181' title='bbox 558 1633 706 1675; x_wconf 90' lang='lat' dir='ltr'>Strabo</span> <span class='ocrx_word' id='word_1_182' title='bbox 726 1646 768 1688; x_wconf 92' lang='lat' dir='ltr'>p.</span> <span class='ocrx_word' id='word_1_183' title='bbox 807 1635 904 1686; x_wconf 83' lang='lat'>676,</span> <span class='ocrx_word' id='word_1_184' title='bbox 926 1631 1016 1682; x_wconf 84' lang='lat' dir='ltr'>ubi,</span> <span class='ocrx_word' id='word_1_185' title='bbox 1046 1638 1267 1687; x_wconf 78' lang='lat' dir='ltr'>postquam</span> <span class='ocrx_word' id='word_1_186' title='bbox 1286 1645 1370 1673; x_wconf 80' lang='lat' dir='ltr'>orae</span> <span class='ocrx_word' id='word_1_187' title='bbox 1391 1646 1465 1688; x_wconf 89' lang='lat' dir='ltr'>op-</span> 
     </span>
     <span class='ocr_line' id='line_1_24' title="bbox 214 1692 1464 1753; baseline -0.004 -13"><span class='ocrx_word' id='word_1_188' title='bbox 214 1697 311 1753; x_wconf 87' lang='lat' dir='ltr'>pida</span> <span class='ocrx_word' id='word_1_189' title='bbox 333 1711 358 1739; x_wconf 86' lang='lat' dir='ltr'>a</span> <span class='ocrx_word' id='word_1_190' title='bbox 382 1696 509 1738; x_wconf 83' lang='lat' dir='ltr'>Mallo</span> <span class='ocrx_word' id='word_1_191' title='bbox 533 1695 587 1738; x_wconf 91' lang='lat' dir='ltr'>ad</span> <span class='ocrx_word' id='word_1_192' title='bbox 607 1698 741 1737; x_wconf 83' lang='lat' dir='ltr'>Issum</span> <span class='ocrx_word' id='word_1_193' title='bbox 765 1695 987 1745; x_wconf 81' lang='lat' dir='ltr'>recensuit,</span> <span class='ocrx_word' id='word_1_194' title='bbox 1015 1692 1133 1735; x_wconf 82' lang='lat' dir='ltr'>addit</span> <span class='ocrx_word' id='word_1_195' title='bbox 1155 1706 1165 1735; x_wconf 91' lang='lat'><strong>:</strong></span> <span class='ocrx_word' id='word_1_196' title='bbox 1185 1692 1224 1736; x_wconf 77' lang='grc' dir='ltr'>ἕν</span> <span class='ocrx_word' id='word_1_197' title='bbox 1244 1693 1349 1752; x_wconf 77' lang='grc' dir='ltr'>αὗτῷ</span> <span class='ocrx_word' id='word_1_198' title='bbox 1373 1695 1391 1750; x_wconf 91' lang='grc'>(</span> <span class='ocrx_word' id='word_1_199' title='bbox 1406 1699 1464 1751; x_wconf 81' lang='grc' dir='ltr'>τῷ</span> 
     </span>
     <span class='ocr_line' id='line_1_25' title="bbox 220 1754 1463 1815; baseline -0.002 -15"><span class='ocrx_word' id='word_1_200' title='bbox 220 1758 373 1815; x_wconf 73' lang='grc' dir='ltr'>Ἰσσικῷ</span> <span class='ocrx_word' id='word_1_201' title='bbox 386 1758 555 1814; x_wconf 86' lang='grc' dir='ltr'>κόλπῳ)</span> <span class='ocrx_word' id='word_1_202' title='bbox 574 1756 616 1798; x_wconf 76' lang='grc' dir='ltr'>δὲ</span> <span class='ocrx_word' id='word_1_203' title='bbox 638 1757 748 1805; x_wconf 86' lang='grc' dir='ltr'>πόλις</span> <span class='ocrx_word' id='word_1_204' title='bbox 773 1754 919 1805; x_wconf 76' lang='grc' dir='ltr'>Ῥωσὸς</span> <span class='ocrx_word' id='word_1_205' title='bbox 947 1755 1012 1797; x_wconf 70' lang='grc' dir='ltr'>καὶ</span> <span class='ocrx_word' id='word_1_206' title='bbox 1037 1755 1278 1811; x_wconf 84' lang='grc' dir='ltr'>Μυρίανδρος</span> <span class='ocrx_word' id='word_1_207' title='bbox 1299 1756 1364 1797; x_wconf 71' lang='grc' dir='ltr'>καὶ</span> <span class='ocrx_word' id='word_1_208' title='bbox 1391 1755 1463 1798; x_wconf 80' lang='grc' dir='ltr'>Νι·</span> 
     </span>
     <span class='ocr_line' id='line_1_26' title="bbox 214 1818 1460 1877; baseline -0.003 -13"><span class='ocrx_word' id='word_1_209' title='bbox 214 1821 373 1870; x_wconf 82' lang='grc' dir='ltr'>κόπολις</span> <span class='ocrx_word' id='word_1_210' title='bbox 403 1821 468 1863; x_wconf 76' lang='grc' dir='ltr'>καὶ</span> <span class='ocrx_word' id='word_1_211' title='bbox 495 1820 754 1877; x_wconf 77' lang='grc' dir='ltr'>Μοψουεστία.</span> <span class='ocrx_word' id='word_1_212' title='bbox 782 1819 1012 1872; x_wconf 85' lang='lat' dir='ltr'>Distinguit</span> <span class='ocrx_word' id='word_1_213' title='bbox 1042 1819 1164 1859; x_wconf 88' lang='lat' dir='ltr'>etiam</span> <span class='ocrx_word' id='word_1_214' title='bbox 1195 1818 1460 1870; x_wconf 68' lang='lat' dir='ltr'>Ptolemaeus,</span> 
     </span>
     <span class='ocr_line' id='line_1_27' title="bbox 215 1881 1463 1940; baseline -0.004 -11"><span class='ocrx_word' id='word_1_215' title='bbox 215 1888 271 1929; x_wconf 89' lang='lat' dir='ltr'>ita</span> <span class='ocrx_word' id='word_1_216' title='bbox 294 1894 431 1928; x_wconf 89' lang='lat' dir='ltr'>tamen</span> <span class='ocrx_word' id='word_1_217' title='bbox 463 1893 510 1926; x_wconf 90' lang='lat' dir='ltr'>ut</span> <span class='ocrx_word' id='word_1_218' title='bbox 537 1883 758 1940; x_wconf 90' lang='lat' dir='ltr'>Nicopolin</span> <span class='ocrx_word' id='word_1_219' title='bbox 790 1882 842 1924; x_wconf 84' lang='lat' dir='ltr'>ab</span> <span class='ocrx_word' id='word_1_220' title='bbox 874 1884 963 1923; x_wconf 89' lang='lat' dir='ltr'>Isso</span> <span class='ocrx_word' id='word_1_221' title='bbox 990 1881 1161 1923; x_wconf 89' lang='lat' dir='ltr'>boream</span> <span class='ocrx_word' id='word_1_222' title='bbox 1191 1896 1333 1924; x_wconf 82' lang='lat' dir='ltr'>versus</span> <span class='ocrx_word' id='word_1_223' title='bbox 1366 1885 1463 1925; x_wconf 87' lang='lat' dir='ltr'>satis</span> 
     </span>
     <span class='ocr_line' id='line_1_28' title="bbox 215 1944 1465 2005; baseline -0.002 -14"><span class='ocrx_word' id='word_1_224' title='bbox 215 1950 336 2005; x_wconf 89' lang='lat' dir='ltr'>longe</span> <span class='ocrx_word' id='word_1_225' title='bbox 356 1955 584 1997; x_wconf 63' lang='lat' dir='ltr'>removeat,</span> <span class='ocrx_word' id='word_1_226' title='bbox 611 1961 741 2003; x_wconf 91' lang='lat' dir='ltr'>quum</span> <span class='ocrx_word' id='word_1_227' title='bbox 762 1959 915 1987; x_wconf 90' lang='lat' dir='ltr'>nomen</span> <span class='ocrx_word' id='word_1_228' title='bbox 945 1953 987 1986; x_wconf 90' lang='lat' dir='ltr'>et</span> <span class='ocrx_word' id='word_1_229' title='bbox 1012 1944 1243 2000; x_wconf 81' lang='lat' dir='ltr'>Stephanus</span> <span class='ocrx_word' id='word_1_230' title='bbox 1265 1945 1465 1988; x_wconf 79' lang='lat' dir='ltr'>suadeant</span> 
     </span>
     <span class='ocr_line' id='line_1_29' title="bbox 217 2006 1461 2066; baseline -0.002 -13"><span class='ocrx_word' id='word_1_231' title='bbox 217 2026 302 2053; x_wconf 90' lang='lat' dir='ltr'>non</span> <span class='ocrx_word' id='word_1_232' title='bbox 314 2011 434 2066; x_wconf 89' lang='lat' dir='ltr'>longe</span> <span class='ocrx_word' id='word_1_233' title='bbox 446 2010 499 2052; x_wconf 88' lang='lat' dir='ltr'>ab</span> <span class='ocrx_word' id='word_1_234' title='bbox 512 2012 600 2052; x_wconf 83' lang='lat' dir='ltr'>Isso</span> <span class='ocrx_word' id='word_1_235' title='bbox 615 2009 668 2051; x_wconf 86' lang='lat' dir='ltr'>ad</span> <span class='ocrx_word' id='word_1_236' title='bbox 680 2010 878 2051; x_wconf 83' lang='lat' dir='ltr'>Pinarum</span> <span class='ocrx_word' id='word_1_237' title='bbox 893 2008 1064 2048; x_wconf 85' lang='lat' dir='ltr'>lluvium</span> <span class='ocrx_word' id='word_1_238' title='bbox 1078 2006 1343 2062; x_wconf 67' lang='lat' dir='ltr'>quaerendam</span> <span class='ocrx_word' id='word_1_239' title='bbox 1358 2023 1461 2050; x_wconf 61' lang='lat' dir='ltr'>csse.</span> 
     </span>
    </p>

    <p class='ocr_par' dir='ltr' id='par_1_3' title="bbox 215 2068 1472 4070">
     <span class='ocr_line' id='line_1_30' title="bbox 274 2068 1461 2128; baseline -0.004 -11"><span class='ocrx_word' id='word_1_240' title='bbox 274 2077 297 2128; x_wconf 78' lang='lat' dir='ltr'>S</span> <span class='ocrx_word' id='word_1_241' title='bbox 324 2078 423 2122; x_wconf 68' lang='lat'>155.</span> <span class='ocrx_word' id='word_1_242' title='bbox 460 2071 615 2114; x_wconf 75' lang='grc' dir='ltr'>Ἰσσὸν</span> <span class='ocrx_word' id='word_1_243' title='bbox 638 2074 654 2127; x_wconf 91' lang='grc'><strong>]</strong></span> <span class='ocrx_word' id='word_1_244' title='bbox 678 2070 855 2127; x_wconf 74' lang='grc' dir='ltr'>Ἀμινσδν</span> <span class='ocrx_word' id='word_1_245' title='bbox 885 2079 924 2111; x_wconf 89' lang='lat' dir='ltr'>et</span> <span class='ocrx_word' id='word_1_246' title='bbox 948 2073 972 2124; x_wconf 73' lang='lat' dir='ltr'>S</span> <span class='ocrx_word' id='word_1_247' title='bbox 1005 2070 1082 2111; x_wconf 86' lang='lat'>156</span> <span class='ocrx_word' id='word_1_248' title='bbox 1107 2068 1285 2125; x_wconf 81' lang='grc' dir='ltr'>Ἀμινσοῦ</span> <span class='ocrx_word' id='word_1_249' title='bbox 1307 2070 1461 2122; x_wconf 85' lang='lat' dir='ltr'>codex;</span> 
     </span>
     <span class='ocr_line' id='line_1_31' title="bbox 215 2133 1463 2189; baseline -0.004 -9"><span class='ocrx_word' id='word_1_250' title='bbox 215 2151 299 2180; x_wconf 87' lang='lat' dir='ltr'>em.</span> <span class='ocrx_word' id='word_1_251' title='bbox 327 2136 436 2179; x_wconf 88' lang='lat' dir='ltr'>Gail.</span> <span class='ocrx_word' id='word_1_252' title='bbox 454 2136 707 2178; x_wconf 75' lang='lat' dir='ltr'>Maritimam</span> <span class='ocrx_word' id='word_1_253' title='bbox 728 2134 854 2175; x_wconf 79' lang='lat' dir='ltr'>fuisse</span> <span class='ocrx_word' id='word_1_254' title='bbox 876 2133 1021 2174; x_wconf 87' lang='lat' dir='ltr'>urbem</span> <span class='ocrx_word' id='word_1_255' title='bbox 1038 2140 1211 2174; x_wconf 69' lang='lat' dir='ltr'>testatur</span> <span class='ocrx_word' id='word_1_256' title='bbox 1226 2133 1463 2189; x_wconf 86' lang='lat' dir='ltr'>Xenophon</span> 
     </span>
     <span class='ocr_line' id='line_1_32' title="bbox 217 2192 1467 2249; baseline -0.005 -6"><span class='ocrx_word' id='word_1_257' title='bbox 217 2198 354 2244; x_wconf 71' lang='lat' dir='ltr'>Anah.</span> <span class='ocrx_word' id='word_1_258' title='bbox 380 2200 418 2249; x_wconf 86' lang='lat'>1,</span> <span class='ocrx_word' id='word_1_259' title='bbox 446 2210 488 2248; x_wconf 78' lang='lat'>2,</span> <span class='ocrx_word' id='word_1_260' title='bbox 513 2200 565 2246; x_wconf 72' lang='lat'>24</span> <span class='ocrx_word' id='word_1_261' title='bbox 593 2198 688 2246; x_wconf 84' lang='grc'>011,</span> <span class='ocrx_word' id='word_1_262' title='bbox 711 2198 752 2245; x_wconf 69' lang='lat'>10,</span> <span class='ocrx_word' id='word_1_263' title='bbox 775 2209 792 2236; x_wconf 90' lang='lat'>1</span> <span class='ocrx_word' id='word_1_264' title='bbox 930 2193 982 2242; x_wconf 81' lang='grc' dir='ltr'>εἰς</span> <span class='ocrx_word' id='word_1_265' title='bbox 1010 2192 1171 2244; x_wconf 75' lang='grc' dir='ltr'>Ἰσσοὶις,</span> <span class='ocrx_word' id='word_1_266' title='bbox 1203 2197 1272 2247; x_wconf 81' lang='grc' dir='ltr'>τῆς</span> <span class='ocrx_word' id='word_1_267' title='bbox 1295 2195 1467 2245; x_wconf 77' lang='grc' dir='ltr'>Κιλικίας</span> 
     </span>
     <span class='ocr_line' id='line_1_33' title="bbox 218 2254 1464 2316; baseline -0.01 -13"><span class='ocrx_word' id='word_1_268' title='bbox 218 2260 388 2316; x_wconf 65' lang='grc' dir='ltr'>ἐσχάτην</span> <span class='ocrx_word' id='word_1_269' title='bbox 421 2258 535 2301; x_wconf 86' lang='grc' dir='ltr'>πόλιν</span> <span class='ocrx_word' id='word_1_270' title='bbox 564 2256 627 2299; x_wconf 69' lang='grc' dir='ltr'>ἐπὶ</span> <span class='ocrx_word' id='word_1_271' title='bbox 645 2259 694 2313; x_wconf 75' lang='grc' dir='ltr'>τῇ</span> <span class='ocrx_word' id='word_1_272' title='bbox 718 2255 893 2312; x_wconf 80' lang='grc' dir='ltr'>Θαλάττῃ</span> <span class='ocrx_word' id='word_1_273' title='bbox 913 2255 1092 2311; x_wconf 81' lang='grc' dir='ltr'>κειμένην</span> <span class='ocrx_word' id='word_1_274' title='bbox 1118 2254 1297 2311; x_wconf 82' lang='grc' dir='ltr'>μεγάλην</span> <span class='ocrx_word' id='word_1_275' title='bbox 1316 2256 1382 2299; x_wconf 73' lang='grc' dir='ltr'>καὶ</span> <span class='ocrx_word' id='word_1_276' title='bbox 1404 2257 1464 2299; x_wconf 77' lang='grc' dir='ltr'>εὖ-</span> 
     </span>
     <span class='ocr_line' id='line_1_34' title="bbox 218 2315 1465 2380; baseline -0.006 -15"><span class='ocrx_word' id='word_1_277' title='bbox 218 2323 421 2380; x_wconf 75' lang='grc' dir='ltr'>δαίμονα..</span> <span class='ocrx_word' id='word_1_278' title='bbox 443 2321 484 2363; x_wconf 78' lang='grc' dir='ltr'>αἱ</span> <span class='ocrx_word' id='word_1_279' title='bbox 500 2323 587 2374; x_wconf 87' lang='grc' dir='ltr'>νῆες</span> <span class='ocrx_word' id='word_1_280' title='bbox 606 2321 761 2376; x_wconf 82' lang='grc' dir='ltr'>ὥρμουν</span> <span class='ocrx_word' id='word_1_281' title='bbox 778 2317 883 2374; x_wconf 72' lang='grc' dir='ltr'>παρὰ</span> <span class='ocrx_word' id='word_1_282' title='bbox 897 2315 966 2370; x_wconf 86' lang='grc' dir='ltr'>τὴν</span> <span class='ocrx_word' id='word_1_283' title='bbox 989 2317 1111 2373; x_wconf 74' lang='grc' dir='ltr'>Κύρου</span> <span class='ocrx_word' id='word_1_284' title='bbox 1132 2317 1295 2371; x_wconf 75' lang='grc' dir='ltr'>σκηνήν.</span> <span class='ocrx_word' id='word_1_285' title='bbox 1317 2319 1465 2362; x_wconf 81' lang='lat' dir='ltr'>Strabo</span> 
     </span>
     <span class='ocr_line' id='line_1_35' title="bbox 216 2379 1464 2443; baseline -0.003 -15"><span class='ocrx_word' id='word_1_286' title='bbox 216 2401 259 2443; x_wconf 84' lang='lat' dir='ltr'>p.</span> <span class='ocrx_word' id='word_1_287' title='bbox 293 2388 374 2440; x_wconf 89' lang='lat'>676</span> <span class='ocrx_word' id='word_1_288' title='bbox 405 2397 417 2427; x_wconf 89' lang='lat'>:</span> <span class='ocrx_word' id='word_1_289' title='bbox 450 2381 563 2426; x_wconf 78' lang='grc' dir='ltr'>Μετὰ</span> <span class='ocrx_word' id='word_1_290' title='bbox 590 2380 632 2423; x_wconf 79' lang='grc' dir='ltr'>δὲ</span> <span class='ocrx_word' id='word_1_291' title='bbox 661 2380 822 2438; x_wconf 76' lang='grc' dir='ltr'>Αἰγαίας</span> <span class='ocrx_word' id='word_1_292' title='bbox 853 2379 979 2429; x_wconf 65' lang='lat' dir='ltr'>’loebe</span> <span class='ocrx_word' id='word_1_293' title='bbox 1009 2380 1217 2436; x_wconf 87' lang='grc' dir='ltr'>πολίχνιον</span> <span class='ocrx_word' id='word_1_294' title='bbox 1251 2382 1464 2439; x_wconf 76' lang='grc' dir='ltr'>ὖφορμον</span> 
     </span>
     <span class='ocr_line' id='line_1_36' title="bbox 218 2442 1464 2504; baseline -0.002 -14"><span class='ocrx_word' id='word_1_295' title='bbox 218 2446 381 2504; x_wconf 69' lang='grc' dir='ltr'>ἔχουσα,</span> <span class='ocrx_word' id='word_1_296' title='bbox 398 2446 466 2489; x_wconf 72' lang='grc' dir='ltr'>καὶ</span> <span class='ocrx_word' id='word_1_297' title='bbox 485 2444 660 2501; x_wconf 79' lang='grc' dir='ltr'>ποταμὸς</span> <span class='ocrx_word' id='word_1_298' title='bbox 680 2444 861 2500; x_wconf 84' lang='grc' dir='ltr'>Πίναρος.</span> <span class='ocrx_word' id='word_1_299' title='bbox 886 2442 1100 2486; x_wconf 82' lang='lat' dir='ltr'>Diodorus</span> <span class='ocrx_word' id='word_1_300' title='bbox 1114 2444 1230 2487; x_wconf 86' lang='grc' dir='ltr'>πόλιν</span> <span class='ocrx_word' id='word_1_301' title='bbox 1258 2444 1464 2503; x_wconf 79' lang='grc' dir='ltr'>ἀξιόλογον</span> 
     </span>
     <span class='ocr_line' id='line_1_37' title="bbox 217 2506 1467 2561; baseline -0.002 -8"><span class='ocrx_word' id='word_1_302' title='bbox 217 2510 334 2553; x_wconf 92' lang='lat' dir='ltr'>dicit.</span> <span class='ocrx_word' id='word_1_303' title='bbox 357 2510 466 2552; x_wconf 84' lang='lat' dir='ltr'>Mela</span> <span class='ocrx_word' id='word_1_304' title='bbox 496 2511 533 2560; x_wconf 90' lang='lat'>1,</span> <span class='ocrx_word' id='word_1_305' title='bbox 566 2509 617 2550; x_wconf 81' lang='lat'>13</span> <span class='ocrx_word' id='word_1_306' title='bbox 646 2522 656 2550; x_wconf 79' lang='lat' dir='ltr'>z</span> <span class='ocrx_word' id='word_1_307' title='bbox 682 2511 736 2550; x_wconf 83' lang='lat' dir='ltr'>In</span> <span class='ocrx_word' id='word_1_308' title='bbox 759 2521 916 2550; x_wconf 84' lang='lat' dir='ltr'>recessu</span> <span class='ocrx_word' id='word_1_309' title='bbox 936 2506 1083 2549; x_wconf 69' lang='lat' dir='ltr'>intumo</span> <span class='ocrx_word' id='word_1_310' title='bbox 1106 2507 1218 2549; x_wconf 84' lang='lat' dir='ltr'>Iocus</span> <span class='ocrx_word' id='word_1_311' title='bbox 1242 2517 1304 2550; x_wconf 84' lang='lat' dir='ltr'>est</span> <span class='ocrx_word' id='word_1_312' title='bbox 1325 2509 1467 2561; x_wconf 77' lang='lat' dir='ltr'>magni</span> 
     </span>
     <span class='ocr_line' id='line_1_38' title="bbox 218 2569 1466 2630; baseline -0.001 -15"><span class='ocrx_word' id='word_1_313' title='bbox 218 2571 444 2630; x_wconf 84' lang='lat' dir='ltr'>aliquando</span> <span class='ocrx_word' id='word_1_314' title='bbox 462 2571 735 2614; x_wconf 78' lang='lat' dir='ltr'>discriminis.</span> <span class='ocrx_word' id='word_1_315' title='bbox 755 2573 880 2614; x_wconf 79' lang='lat' dir='ltr'>Nunc</span> <span class='ocrx_word' id='word_1_316' title='bbox 900 2586 946 2613; x_wconf 82' lang='lat' dir='ltr'>ne</span> <span class='ocrx_word' id='word_1_317' title='bbox 963 2569 1137 2613; x_wconf 82' lang='lat' dir='ltr'>minima</span> <span class='ocrx_word' id='word_1_318' title='bbox 1158 2569 1345 2628; x_wconf 81' lang='lat' dir='ltr'>quidem,</span> <span class='ocrx_word' id='word_1_319' title='bbox 1369 2581 1466 2614; x_wconf 82' lang='lat' dir='ltr'>tunc</span> 
     </span>
     <span class='ocr_line' id='line_1_39' title="bbox 221 2634 1466 2691; baseline -0.001 -13"><span class='ocrx_word' id='word_1_320' title='bbox 221 2637 359 2691; x_wconf 79' lang='lat' dir='ltr'>ingens</span> <span class='ocrx_word' id='word_1_321' title='bbox 400 2636 497 2676; x_wconf 81' lang='lat' dir='ltr'>urbs</span> <span class='ocrx_word' id='word_1_322' title='bbox 534 2638 653 2677; x_wconf 84' lang='lat' dir='ltr'>Issus</span> <span class='ocrx_word' id='word_1_323' title='bbox 681 2634 789 2688; x_wconf 73' lang='lat' dir='ltr'>sitit.</span> <span class='ocrx_word' id='word_1_324' title='bbox 834 2637 898 2676; x_wconf 86' lang='lat' dir='ltr'>Ex</span> <span class='ocrx_word' id='word_1_325' title='bbox 940 2634 1162 2677; x_wconf 83' lang='lat' dir='ltr'>Alexandri</span> <span class='ocrx_word' id='word_1_326' title='bbox 1195 2635 1466 2691; x_wconf 79' lang='lat' dir='ltr'>scriptoribus</span> 
     </span>
     <span class='ocr_line' id='line_1_40' title="bbox 224 2696 1467 2755; baseline 0 -15"><span class='ocrx_word' id='word_1_327' title='bbox 224 2699 420 2755; x_wconf 77' lang='lat' dir='ltr'>(Arrian.</span> <span class='ocrx_word' id='word_1_328' title='bbox 446 2700 502 2748; x_wconf 80' lang='lat'>11,</span> <span class='ocrx_word' id='word_1_329' title='bbox 537 2713 578 2752; x_wconf 91' lang='lat'>7,</span> <span class='ocrx_word' id='word_1_330' title='bbox 619 2712 655 2739; x_wconf 88' lang='lat'>1.</span> <span class='ocrx_word' id='word_1_331' title='bbox 677 2699 823 2739; x_wconf 94' lang='lat' dir='ltr'>Curtio</span> <span class='ocrx_word' id='word_1_332' title='bbox 846 2700 925 2749; x_wconf 85' lang='lat'>111,</span> <span class='ocrx_word' id='word_1_333' title='bbox 951 2699 1010 2751; x_wconf 90' lang='grc'>8)</span> <span class='ocrx_word' id='word_1_334' title='bbox 1035 2696 1089 2738; x_wconf 93' lang='lat' dir='ltr'>de</span> <span class='ocrx_word' id='word_1_335' title='bbox 1121 2699 1204 2739; x_wconf 91' lang='lat' dir='ltr'>situ</span> <span class='ocrx_word' id='word_1_336' title='bbox 1227 2698 1340 2739; x_wconf 86' lang='lat' dir='ltr'>urbis</span> <span class='ocrx_word' id='word_1_337' title='bbox 1364 2698 1467 2740; x_wconf 85' lang='lat' dir='ltr'>nibil</span> 
     </span>
     <span class='ocr_line' id='line_1_41' title="bbox 222 2759 1468 2816; baseline 0 -14"><span class='ocrx_word' id='word_1_338' title='bbox 222 2761 364 2816; x_wconf 88' lang='lat' dir='ltr'>liquet,</span> <span class='ocrx_word' id='word_1_339' title='bbox 399 2761 474 2801; x_wconf 85' lang='lat' dir='ltr'>nisi</span> <span class='ocrx_word' id='word_1_340' title='bbox 505 2760 615 2815; x_wconf 82' lang='lat' dir='ltr'>quod</span> <span class='ocrx_word' id='word_1_341' title='bbox 636 2776 658 2801; x_wconf 87' lang='lat' dir='ltr'>a</span> <span class='ocrx_word' id='word_1_342' title='bbox 683 2760 805 2801; x_wconf 86' lang='lat' dir='ltr'>borea</span> <span class='ocrx_word' id='word_1_343' title='bbox 828 2769 915 2802; x_wconf 81' lang='lat' dir='ltr'>crat</span> <span class='ocrx_word' id='word_1_344' title='bbox 940 2760 1095 2802; x_wconf 82' lang='lat' dir='ltr'>Pinari.</span> <span class='ocrx_word' id='word_1_345' title='bbox 1117 2763 1152 2802; x_wconf 86' lang='grc' dir='ltr'>Α</span> <span class='ocrx_word' id='word_1_346' title='bbox 1179 2759 1288 2816; x_wconf 83' lang='lat' dir='ltr'>Pylis</span> <span class='ocrx_word' id='word_1_347' title='bbox 1317 2760 1468 2803; x_wconf 82' lang='lat' dir='ltr'>Ciliciae</span> 
     </span>
     <span class='ocr_line' id='line_1_42' title="bbox 222 2820 1468 2879; baseline 0 -15"><span class='ocrx_word' id='word_1_348' title='bbox 222 2821 451 2864; x_wconf 80' lang='lat' dir='ltr'>secundum</span> <span class='ocrx_word' id='word_1_349' title='bbox 472 2822 793 2877; x_wconf 80' lang='lat' dir='ltr'>Xenophontem</span> <span class='ocrx_word' id='word_1_350' title='bbox 820 2824 856 2871; x_wconf 90' lang='lat'>1,</span> <span class='ocrx_word' id='word_1_351' title='bbox 884 2825 924 2871; x_wconf 70' lang='lat'>4,</span> <span class='ocrx_word' id='word_1_352' title='bbox 955 2836 969 2862; x_wconf 93' lang='lat'>1</span> <span class='ocrx_word' id='word_1_353' title='bbox 990 2822 1179 2877; x_wconf 87' lang='lat' dir='ltr'>quinque</span> <span class='ocrx_word' id='word_1_354' title='bbox 1194 2820 1373 2864; x_wconf 87' lang='lat' dir='ltr'>distabat</span> <span class='ocrx_word' id='word_1_355' title='bbox 1394 2837 1468 2879; x_wconf 87' lang='lat' dir='ltr'>pa-</span> 
     </span>
     <span class='ocr_line' id='line_1_43' title="bbox 223 2883 1465 2938; baseline 0.001 -12"><span class='ocrx_word' id='word_1_356' title='bbox 223 2898 413 2938; x_wconf 84' lang='lat' dir='ltr'>rasangas</span> <span class='ocrx_word' id='word_1_357' title='bbox 435 2884 520 2924; x_wconf 80' lang='lat' dir='ltr'>sive</span> <span class='ocrx_word' id='word_1_358' title='bbox 541 2883 671 2923; x_wconf 85' lang='lat' dir='ltr'>stadia</span> <span class='ocrx_word' id='word_1_359' title='bbox 701 2885 791 2923; x_wconf 82' lang='lat'>150.</span> <span class='ocrx_word' id='word_1_360' title='bbox 821 2883 1007 2924; x_wconf 75' lang='lat' dir='ltr'>Eandem</span> <span class='ocrx_word' id='word_1_361' title='bbox 1038 2883 1206 2925; x_wconf 83' lang='lat' dir='ltr'>habebis</span> <span class='ocrx_word' id='word_1_362' title='bbox 1227 2883 1465 2927; x_wconf 85' lang='lat' dir='ltr'>distantiam</span> 
     </span>
     <span class='ocr_line' id='line_1_44' title="bbox 222 2943 1469 2999; baseline 0.002 -10"><span class='ocrx_word' id='word_1_363' title='bbox 222 2947 267 2989; x_wconf 83' lang='lat' dir='ltr'>in</span> <span class='ocrx_word' id='word_1_364' title='bbox 284 2945 530 2995; x_wconf 81' lang='lat' dir='ltr'>Stadiasmo,</span> <span class='ocrx_word' id='word_1_365' title='bbox 552 2946 584 2985; x_wconf 85' lang='lat' dir='ltr'>si</span> <span class='ocrx_word' id='word_1_366' title='bbox 604 2958 680 2999; x_wconf 81' lang='lat' dir='ltr'>pro</span> <span class='ocrx_word' id='word_1_367' title='bbox 698 2943 950 2999; x_wconf 67' lang='grc' dir='ltr'>001·1·11[11οψ’</span> <span class='ocrx_word' id='word_1_368' title='bbox 976 2946 1186 2999; x_wconf 82' lang='lat' dir='ltr'>scripseris</span> <span class='ocrx_word' id='word_1_369' title='bbox 1208 2945 1262 2988; x_wconf 88' lang='grc' dir='ltr'>λ’.</span> <span class='ocrx_word' id='word_1_370' title='bbox 1281 2950 1343 2989; x_wconf 83' lang='grc' dir='ltr'>Αο</span> <span class='ocrx_word' id='word_1_371' title='bbox 1357 2947 1469 2990; x_wconf 89' lang='lat' dir='ltr'>hunc</span> 
     </span>
     <span class='ocr_line' id='line_1_45' title="bbox 224 3006 1468 3063; baseline 0 -12"><span class='ocrx_word' id='word_1_372' title='bbox 224 3008 309 3052; x_wconf 70' lang='lat' dir='ltr'>sem</span> <span class='ocrx_word' id='word_1_373' title='bbox 328 3021 547 3050; x_wconf 86' lang='lat' dir='ltr'>numerum</span> <span class='ocrx_word' id='word_1_374' title='bbox 568 3006 774 3063; x_wconf 85' lang='lat' dir='ltr'>postulant</span> <span class='ocrx_word' id='word_1_375' title='bbox 794 3020 886 3061; x_wconf 85' lang='lat' dir='ltr'>quae</span> <span class='ocrx_word' id='word_1_376' title='bbox 906 3015 1138 3061; x_wconf 85' lang='lat' dir='ltr'>sequuntur</span> <span class='ocrx_word' id='word_1_377' title='bbox 1167 3008 1208 3047; x_wconf 91' lang='lat' dir='ltr'>in</span> <span class='ocrx_word' id='word_1_378' title='bbox 1238 3009 1468 3051; x_wconf 90' lang='lat' dir='ltr'>Stadiasmo</span> 
     </span>
     <span class='ocr_line' id='line_1_46' title="bbox 222 3069 1467 3124; baseline -0.002 -10"><span class='ocrx_word' id='word_1_379' title='bbox 222 3071 412 3114; x_wconf 87' lang='lat' dir='ltr'>locorum</span> <span class='ocrx_word' id='word_1_380' title='bbox 436 3083 656 3112; x_wconf 85' lang='lat' dir='ltr'>mensurae.</span> <span class='ocrx_word' id='word_1_381' title='bbox 686 3070 735 3110; x_wconf 90' lang='lat' dir='ltr'>Iu</span> <span class='ocrx_word' id='word_1_382' title='bbox 755 3069 975 3111; x_wconf 77' lang='lat' dir='ltr'>itinerario</span> <span class='ocrx_word' id='word_1_383' title='bbox 1003 3070 1191 3124; x_wconf 87' lang='lat' dir='ltr'>provinc.</span> <span class='ocrx_word' id='word_1_384' title='bbox 1222 3085 1263 3124; x_wconf 86' lang='lat' dir='ltr'>p.</span> <span class='ocrx_word' id='word_1_385' title='bbox 1315 3075 1389 3120; x_wconf 63' lang='grc'>149,</span> <span class='ocrx_word' id='word_1_386' title='bbox 1426 3082 1467 3114; x_wconf 83' lang='grc'>01</span> 
     </span>
     <span class='ocr_line' id='line_1_47' title="bbox 224 3130 1465 3190; baseline -0.002 -13"><span class='ocrx_word' id='word_1_387' title='bbox 224 3133 501 3190; x_wconf 78' lang='lat' dir='ltr'>Hierosolym.</span> <span class='ocrx_word' id='word_1_388' title='bbox 531 3146 575 3189; x_wconf 84' lang='lat' dir='ltr'>p.</span> <span class='ocrx_word' id='word_1_389' title='bbox 615 3132 690 3174; x_wconf 80' lang='lat'>581</span> <span class='ocrx_word' id='word_1_390' title='bbox 730 3130 841 3173; x_wconf 92' lang='lat' dir='ltr'>nulla</span> <span class='ocrx_word' id='word_1_391' title='bbox 862 3130 1039 3187; x_wconf 88' lang='lat' dir='ltr'>amplius</span> <span class='ocrx_word' id='word_1_392' title='bbox 1079 3132 1152 3172; x_wconf 85' lang='lat' dir='ltr'>Issi</span> <span class='ocrx_word' id='word_1_393' title='bbox 1185 3134 1355 3182; x_wconf 66' lang='lat' dir='ltr'>nir-nitio,</span> <span class='ocrx_word' id='word_1_394' title='bbox 1395 3134 1465 3175; x_wconf 84' lang='lat' dir='ltr'>sed</span> 
     </span>
     <span class='ocr_line' id='line_1_48' title="bbox 224 3193 1463 3253; baseline -0.003 -14"><span class='ocrx_word' id='word_1_395' title='bbox 224 3197 462 3253; x_wconf 87' lang='lat' dir='ltr'>proximum</span> <span class='ocrx_word' id='word_1_396' title='bbox 499 3195 552 3237; x_wconf 87' lang='lat' dir='ltr'>ab</span> <span class='ocrx_word' id='word_1_397' title='bbox 592 3193 841 3238; x_wconf 81' lang='lat' dir='ltr'>Alexandria</span> <span class='ocrx_word' id='word_1_398' title='bbox 876 3193 1077 3250; x_wconf 86' lang='lat' dir='ltr'>oppidum</span> <span class='ocrx_word' id='word_1_399' title='bbox 1122 3195 1291 3249; x_wconf 86' lang='lat' dir='ltr'>ponitur</span> <span class='ocrx_word' id='word_1_400' title='bbox 1328 3196 1463 3245; x_wconf 71' lang='lat' dir='ltr'>naim,</span> 
     </span>
     <span class='ocr_line' id='line_1_49' title="bbox 230 3256 1464 3309; baseline -0.002 -8"><span class='ocrx_word' id='word_1_401' title='bbox 230 3264 280 3303; x_wconf 90' lang='grc'>16</span> <span class='ocrx_word' id='word_1_402' title='bbox 303 3259 483 3302; x_wconf 88' lang='lat' dir='ltr'>millibus</span> <span class='ocrx_word' id='word_1_403' title='bbox 510 3272 584 3301; x_wconf 87' lang='lat' dir='ltr'>seu</span> <span class='ocrx_word' id='word_1_404' title='bbox 620 3260 698 3300; x_wconf 76' lang='lat'>128</span> <span class='ocrx_word' id='word_1_405' title='bbox 735 3256 876 3299; x_wconf 86' lang='lat' dir='ltr'>stadiis</span> <span class='ocrx_word' id='word_1_406' title='bbox 901 3257 955 3299; x_wconf 88' lang='lat' dir='ltr'>ab</span> <span class='ocrx_word' id='word_1_407' title='bbox 981 3256 1229 3299; x_wconf 77' lang='lat' dir='ltr'>Alexandria</span> <span class='ocrx_word' id='word_1_408' title='bbox 1262 3257 1464 3309; x_wconf 70' lang='lat' dir='ltr'>diremtac,</span> 
     </span>
     <span class='ocr_line' id='line_1_50' title="bbox 224 3318 1469 3379; baseline -0.002 -13"><span class='ocrx_word' id='word_1_409' title='bbox 224 3337 402 3379; x_wconf 87' lang='lat' dir='ltr'>quarum</span> <span class='ocrx_word' id='word_1_410' title='bbox 434 3322 565 3364; x_wconf 82' lang='lat' dir='ltr'>ruinae</span> <span class='ocrx_word' id='word_1_411' title='bbox 586 3320 640 3363; x_wconf 88' lang='lat' dir='ltr'>ad</span> <span class='ocrx_word' id='word_1_412' title='bbox 668 3320 768 3362; x_wconf 85' lang='lat' dir='ltr'>hod.</span> <span class='ocrx_word' id='word_1_413' title='bbox 806 3323 948 3376; x_wconf 61' lang='lat' dir='ltr'>Bajas,</span> <span class='ocrx_word' id='word_1_414' title='bbox 977 3319 1030 3362; x_wconf 89' lang='lat' dir='ltr'>ab</span> <span class='ocrx_word' id='word_1_415' title='bbox 1060 3318 1340 3362; x_wconf 76' lang='lat' dir='ltr'>Iskandemem</span> <span class='ocrx_word' id='word_1_416' title='bbox 1364 3321 1469 3363; x_wconf 82' lang='lat' dir='ltr'>linea</span> 
     </span>
     <span class='ocr_line' id='line_1_51' title="bbox 226 3382 1470 3439; baseline -0.002 -11"><span class='ocrx_word' id='word_1_417' title='bbox 226 3394 336 3428; x_wconf 82' lang='lat' dir='ltr'>recta</span> <span class='ocrx_word' id='word_1_418' title='bbox 362 3399 442 3428; x_wconf 90' lang='grc'>100</span> <span class='ocrx_word' id='word_1_419' title='bbox 465 3383 597 3427; x_wconf 87' lang='lat' dir='ltr'>stadia</span> <span class='ocrx_word' id='word_1_420' title='bbox 625 3383 838 3425; x_wconf 87' lang='lat' dir='ltr'>distantes.</span> <span class='ocrx_word' id='word_1_421' title='bbox 864 3385 913 3425; x_wconf 87' lang='lat' dir='ltr'>In</span> <span class='ocrx_word' id='word_1_422' title='bbox 938 3382 1045 3425; x_wconf 69' lang='lat' dir='ltr'>Tali.</span> <span class='ocrx_word' id='word_1_423' title='bbox 1070 3383 1260 3439; x_wconf 87' lang='lat' dir='ltr'>Peuting.</span> <span class='ocrx_word' id='word_1_424' title='bbox 1293 3385 1403 3425; x_wconf 86' lang='lat' dir='ltr'>Issus</span> <span class='ocrx_word' id='word_1_425' title='bbox 1417 3384 1470 3425; x_wconf 90' lang='lat' dir='ltr'>ab</span> 
     </span>
     <span class='ocr_line' id='line_1_52' title="bbox 228 3445 1469 3503; baseline -0.002 -13"><span class='ocrx_word' id='word_1_426' title='bbox 228 3447 474 3490; x_wconf 76' lang='lat' dir='ltr'>Alexandria</span> <span class='ocrx_word' id='word_1_427' title='bbox 494 3455 708 3503; x_wconf 80' lang='lat' dir='ltr'>separatur</span> <span class='ocrx_word' id='word_1_428' title='bbox 736 3446 902 3488; x_wconf 81' lang='lat' dir='ltr'>milibus</span> <span class='ocrx_word' id='word_1_429' title='bbox 928 3450 953 3487; x_wconf 90' lang='lat'><strong>6</strong></span> <span class='ocrx_word' id='word_1_430' title='bbox 967 3462 980 3498; x_wconf 88' lang='lat'>;</span> <span class='ocrx_word' id='word_1_431' title='bbox 1004 3460 1096 3502; x_wconf 83' lang='lat' dir='ltr'>quae</span> <span class='ocrx_word' id='word_1_432' title='bbox 1113 3445 1308 3489; x_wconf 82' lang='lat' dir='ltr'>distantia</span> <span class='ocrx_word' id='word_1_433' title='bbox 1339 3461 1469 3503; x_wconf 89' lang='lat' dir='ltr'>quum</span> 
     </span>
     <span class='ocr_line' id='line_1_53' title="bbox 228 3507 1466 3565; baseline 0 -14"><span class='ocrx_word' id='word_1_434' title='bbox 228 3510 390 3552; x_wconf 87' lang='lat' dir='ltr'>admitti</span> <span class='ocrx_word' id='word_1_435' title='bbox 426 3518 617 3565; x_wconf 84' lang='lat' dir='ltr'>nequeat,</span> <span class='ocrx_word' id='word_1_436' title='bbox 656 3510 897 3551; x_wconf 82' lang='lat' dir='ltr'>Mannertus</span> <span class='ocrx_word' id='word_1_437' title='bbox 924 3509 1076 3564; x_wconf 76' lang='lat' dir='ltr'>corrigi</span> <span class='ocrx_word' id='word_1_438' title='bbox 1111 3507 1241 3551; x_wconf 84' lang='lat' dir='ltr'>voluit</span> <span class='ocrx_word' id='word_1_439' title='bbox 1262 3509 1368 3551; x_wconf 74' lang='lat' dir='ltr'>mill.</span> <span class='ocrx_word' id='word_1_440' title='bbox 1402 3514 1466 3561; x_wconf 85' lang='lat'>16,</span> 
     </span>
     <span class='ocr_line' id='line_1_54' title="bbox 228 3570 1467 3628; baseline 0 -14"><span class='ocrx_word' id='word_1_441' title='bbox 228 3571 333 3614; x_wconf 90' lang='lat' dir='ltr'>adeo</span> <span class='ocrx_word' id='word_1_442' title='bbox 349 3581 395 3613; x_wconf 92' lang='lat' dir='ltr'>ut</span> <span class='ocrx_word' id='word_1_443' title='bbox 415 3574 525 3612; x_wconf 81' lang='lat' dir='ltr'>Issus</span> <span class='ocrx_word' id='word_1_444' title='bbox 543 3580 585 3613; x_wconf 91' lang='lat' dir='ltr'>et</span> <span class='ocrx_word' id='word_1_445' title='bbox 603 3573 710 3613; x_wconf 80' lang='lat' dir='ltr'>Baiae</span> <span class='ocrx_word' id='word_1_446' title='bbox 736 3586 866 3613; x_wconf 89' lang='lat' dir='ltr'>unum</span> <span class='ocrx_word' id='word_1_447' title='bbox 883 3581 1019 3614; x_wconf 87' lang='lat' dir='ltr'>essent</span> <span class='ocrx_word' id='word_1_448' title='bbox 1038 3570 1231 3627; x_wconf 86' lang='lat' dir='ltr'>idemque</span> <span class='ocrx_word' id='word_1_449' title='bbox 1249 3570 1467 3628; x_wconf 88' lang='lat' dir='ltr'>oppidum.</span> 
     </span>
     <span class='ocr_line' id='line_1_55' title="bbox 229 3633 1470 3691; baseline -0.001 -15"><span class='ocrx_word' id='word_1_450' title='bbox 229 3633 357 3689; x_wconf 87' lang='lat' dir='ltr'>Quod</span> <span class='ocrx_word' id='word_1_451' title='bbox 399 3633 614 3675; x_wconf 82' lang='lat' dir='ltr'>serendum</span> <span class='ocrx_word' id='word_1_452' title='bbox 640 3650 723 3675; x_wconf 90' lang='lat' dir='ltr'>non</span> <span class='ocrx_word' id='word_1_453' title='bbox 755 3643 831 3677; x_wconf 87' lang='lat' dir='ltr'>est.</span> <span class='ocrx_word' id='word_1_454' title='bbox 866 3634 1047 3676; x_wconf 86' lang='lat' dir='ltr'>Videtur</span> <span class='ocrx_word' id='word_1_455' title='bbox 1082 3636 1222 3691; x_wconf 82' lang='lat' dir='ltr'>potius</span> <span class='ocrx_word' id='word_1_456' title='bbox 1250 3634 1293 3675; x_wconf 94' lang='lat' dir='ltr'>in</span> <span class='ocrx_word' id='word_1_457' title='bbox 1313 3633 1470 3676; x_wconf 85' lang='lat' dir='ltr'>Tabula</span> 
     </span>
     <span class='ocr_line' id='line_1_56' title="bbox 230 3695 1468 3752; baseline -0.002 -13"><span class='ocrx_word' id='word_1_458' title='bbox 230 3698 339 3739; x_wconf 85' lang='lat' dir='ltr'>inter</span> <span class='ocrx_word' id='word_1_459' title='bbox 356 3695 647 3739; x_wconf 77' lang='lat' dir='ltr'>Alexandriam</span> <span class='ocrx_word' id='word_1_460' title='bbox 668 3706 706 3737; x_wconf 87' lang='grc'>01</span> <span class='ocrx_word' id='word_1_461' title='bbox 719 3699 850 3738; x_wconf 87' lang='lat' dir='ltr'>Issum</span> <span class='ocrx_word' id='word_1_462' title='bbox 867 3696 1059 3752; x_wconf 79' lang='lat' dir='ltr'>Bajarum</span> <span class='ocrx_word' id='word_1_463' title='bbox 1077 3698 1235 3739; x_wconf 90' lang='lat' dir='ltr'>mentio</span> <span class='ocrx_word' id='word_1_464' title='bbox 1248 3695 1468 3747; x_wconf 75' lang='lat' dir='ltr'>excidisse,</span> 
     </span>
     <span class='ocr_line' id='line_1_57' title="bbox 230 3757 1470 3816; baseline -0.002 -14"><span class='ocrx_word' id='word_1_465' title='bbox 230 3757 336 3802; x_wconf 85' lang='lat' dir='ltr'>adeo</span> <span class='ocrx_word' id='word_1_466' title='bbox 354 3766 403 3801; x_wconf 89' lang='lat' dir='ltr'>ut</span> <span class='ocrx_word' id='word_1_467' title='bbox 412 3759 526 3800; x_wconf 84' lang='lat' dir='ltr'>Iasus</span> <span class='ocrx_word' id='word_1_468' title='bbox 539 3773 562 3800; x_wconf 90' lang='lat' dir='ltr'>a</span> <span class='ocrx_word' id='word_1_469' title='bbox 577 3760 685 3800; x_wconf 86' lang='lat' dir='ltr'>Baiis</span> <span class='ocrx_word' id='word_1_470' title='bbox 699 3759 804 3800; x_wconf 79' lang='lat' dir='ltr'>absit</span> <span class='ocrx_word' id='word_1_471' title='bbox 821 3760 931 3801; x_wconf 79' lang='lat' dir='ltr'>milia</span> <span class='ocrx_word' id='word_1_472' title='bbox 946 3764 995 3811; x_wconf 72' lang='grc' dir='ltr'>ὃς</span> <span class='ocrx_word' id='word_1_473' title='bbox 1013 3759 1125 3816; x_wconf 88' lang='lat' dir='ltr'>quod</span> <span class='ocrx_word' id='word_1_474' title='bbox 1142 3758 1196 3802; x_wconf 88' lang='lat' dir='ltr'>ad</span> <span class='ocrx_word' id='word_1_475' title='bbox 1213 3758 1470 3815; x_wconf 82' lang='lat' dir='ltr'>Xenophon-</span> 
     </span>
     <span class='ocr_line' id='line_1_58' title="bbox 232 3820 1472 3878; baseline 0 -15"><span class='ocrx_word' id='word_1_476' title='bbox 232 3822 284 3863; x_wconf 87' lang='lat' dir='ltr'>tis</span> <span class='ocrx_word' id='word_1_477' title='bbox 304 3828 549 3878; x_wconf 86' lang='lat' dir='ltr'>computum</span> <span class='ocrx_word' id='word_1_478' title='bbox 567 3835 697 3878; x_wconf 84' lang='lat' dir='ltr'>prope</span> <span class='ocrx_word' id='word_1_479' title='bbox 712 3821 938 3863; x_wconf 81' lang='lat' dir='ltr'>accederet.</span> <span class='ocrx_word' id='word_1_480' title='bbox 959 3824 1066 3865; x_wconf 87' lang='lat' dir='ltr'>Cum</span> <span class='ocrx_word' id='word_1_481' title='bbox 1086 3823 1150 3864; x_wconf 77' lang='lat' dir='ltr'>his</span> <span class='ocrx_word' id='word_1_482' title='bbox 1175 3822 1281 3865; x_wconf 89' lang='lat' dir='ltr'>bene</span> <span class='ocrx_word' id='word_1_483' title='bbox 1296 3820 1472 3878; x_wconf 79' lang='lat' dir='ltr'>quadrat</span> 
     </span>
     <span class='ocr_line' id='line_1_59' title="bbox 233 3881 1472 3938; baseline -0.001 -14"><span class='ocrx_word' id='word_1_484' title='bbox 233 3882 346 3938; x_wconf 90' lang='lat' dir='ltr'>quod</span> <span class='ocrx_word' id='word_1_485' title='bbox 366 3883 408 3924; x_wconf 91' lang='lat' dir='ltr'>in</span> <span class='ocrx_word' id='word_1_486' title='bbox 424 3881 568 3925; x_wconf 84' lang='lat' dir='ltr'>eadem</span> <span class='ocrx_word' id='word_1_487' title='bbox 588 3883 695 3925; x_wconf 87' lang='lat' dir='ltr'>Tab.</span> <span class='ocrx_word' id='word_1_488' title='bbox 715 3885 833 3925; x_wconf 88' lang='lat' dir='ltr'>Peut.</span> <span class='ocrx_word' id='word_1_489' title='bbox 857 3886 967 3926; x_wconf 84' lang='lat' dir='ltr'>Issus</span> <span class='ocrx_word' id='word_1_490' title='bbox 986 3900 1009 3926; x_wconf 91' lang='lat' dir='ltr'>a</span> <span class='ocrx_word' id='word_1_491' title='bbox 1033 3884 1228 3926; x_wconf 69' lang='lat' dir='ltr'>catabolo</span> <span class='ocrx_word' id='word_1_492' title='bbox 1246 3884 1268 3926; x_wconf 83' lang='lat'><strong>5</strong></span> <span class='ocrx_word' id='word_1_493' title='bbox 1293 3882 1472 3929; x_wconf 67' lang='lat' dir='ltr'>millibus</span> 
     </span>
     <span class='ocr_line' id='line_1_60' title="bbox 234 3945 1472 3997; baseline 0 -10"><span class='ocrx_word' id='word_1_494' title='bbox 234 3945 383 3997; x_wconf 55' lang='lat' dir='ltr'>disten</span> <span class='ocrx_word' id='word_1_495' title='bbox 403 3960 498 3987; x_wconf 87' lang='lat' dir='ltr'>nam</span> <span class='ocrx_word' id='word_1_496' title='bbox 524 3946 764 3988; x_wconf 77' lang='lat' dir='ltr'>Cambolum</span> <span class='ocrx_word' id='word_1_497' title='bbox 787 3961 837 3988; x_wconf 80' lang='lat' dir='ltr'>ex</span> <span class='ocrx_word' id='word_1_498' title='bbox 858 3948 1004 3989; x_wconf 80' lang='lat' dir='ltr'>ceteris</span> <span class='ocrx_word' id='word_1_499' title='bbox 1034 3948 1240 3989; x_wconf 86' lang='lat' dir='ltr'>Itinerarii</span> <span class='ocrx_word' id='word_1_500' title='bbox 1268 3946 1472 3989; x_wconf 82' lang='lat' dir='ltr'>mensuris</span> 
     </span>
     <span class='ocr_line' id='line_1_61' title="bbox 237 4004 1471 4070; baseline 0.004 -24"><span class='ocrx_word' id='word_1_501' title='bbox 237 4004 292 4047; x_wconf 57' lang='lat' dir='ltr'>ad</span> <span class='ocrx_word' id='word_1_502' title='bbox 318 4005 568 4051; x_wconf 75' lang='lat' dir='ltr'>hodiernum</span> <span class='ocrx_word' id='word_1_503' title='bbox 608 4009 818 4070; x_wconf 63' lang='lat' dir='ltr'>Kal-ahaja</span> <span class='ocrx_word' id='word_1_504' title='bbox 852 4009 912 4051; x_wconf 78' lang='lat' dir='ltr'>vel</span> <span class='ocrx_word' id='word_1_505' title='bbox 948 4009 1036 4052; x_wconf 76' lang='lat' dir='ltr'>Tell</span> <span class='ocrx_word' id='word_1_506' title='bbox 1059 4010 1184 4053; x_wconf 77' lang='lat' dir='ltr'>Arali</span> <span class='ocrx_word' id='word_1_507' title='bbox 1207 4007 1471 4052; x_wconf 76' lang='lat' dir='ltr'>referendum</span> 
     </span>
    </p>
   </div>
   <div class='ocr_carea' id='block_1_3' title="bbox 1339 161 1631 211">
    <p class='ocr_par' dir='ltr' id='par_1_4' title="bbox 1339 161 1631 211">
     <span class='ocr_line' id='line_1_62' title="bbox 1339 161 1631 211; baseline -0.003 0"><span class='ocrx_word' id='word_1_508' title='bbox 1339 161 1631 211; x_wconf 69' lang='lat' dir='ltr'>Anotwm</span> 
     </span>
    </p>
   </div>
   <div class='ocr_carea' id='block_1_4' title="bbox 2751 0 2808 662">
    <p class='ocr_par' dir='ltr' id='par_1_5' title="bbox 2751 0 2808 662">
     <span class='ocr_line' id='line_1_63' title="bbox 2751 0 2808 662; baseline 0 -363"><span class='ocrx_word' id='word_1_509' title='bbox 2751 0 2808 662; x_wconf 95' lang='lat' dir='ltr'>     </span> 
     </span>
    </p>
   </div>
   <div class='ocr_carea' id='block_1_5' title="bbox 1583 270 2596 329">
    <p class='ocr_par' dir='ltr' id='par_1_6' title="bbox 1583 270 2596 329">
     <span class='ocr_line' id='line_1_64' title="bbox 1583 270 2596 329; baseline 0.005 -18"><span class='ocrx_word' id='word_1_510' title='bbox 1583 270 1679 312; x_wconf 78' lang='lat'>155.</span> <span class='ocrx_word' id='word_1_511' title='bbox 1712 274 1748 312; x_wconf 75' lang='lat' dir='ltr'>A</span> <span class='ocrx_word' id='word_1_512' title='bbox 1769 272 1885 312; x_wconf 83' lang='lat' dir='ltr'>Fano</span> <span class='ocrx_word' id='word_1_513' title='bbox 1898 271 1952 313; x_wconf 82' lang='lat' dir='ltr'>ad</span> <span class='ocrx_word' id='word_1_514' title='bbox 1966 274 2101 314; x_wconf 82' lang='lat' dir='ltr'>Issum</span> <span class='ocrx_word' id='word_1_515' title='bbox 2121 273 2266 315; x_wconf 87' lang='lat' dir='ltr'>urbem</span> <span class='ocrx_word' id='word_1_516' title='bbox 2285 273 2415 315; x_wconf 83' lang='lat' dir='ltr'>stadia</span> <span class='ocrx_word' id='word_1_517' title='bbox 2433 274 2486 316; x_wconf 86' lang='grc'>30</span> <span class='ocrx_word' id='word_1_518' title='bbox 2506 273 2596 329; x_wconf 84' lang='grc' dir='ltr'>(λ’).</span> 
     </span>
    </p>
   </div>
   <div class='ocr_carea' id='block_1_6' title="bbox 1526 332 2768 463">
    <p class='ocr_par' dir='ltr' id='par_1_7' title="bbox 1526 332 2768 463">
     <span class='ocr_line' id='line_1_65' title="bbox 1586 332 2768 399; baseline 0.007 -19"><span class='ocrx_word' id='word_1_519' title='bbox 1586 338 1679 380; x_wconf 82' lang='lat'>156.</span> <span class='ocrx_word' id='word_1_520' title='bbox 1713 338 1779 381; x_wconf 75' lang='lat' dir='ltr'>Ab</span> <span class='ocrx_word' id='word_1_521' title='bbox 1801 341 1888 380; x_wconf 77' lang='lat' dir='ltr'>Isso</span> <span class='ocrx_word' id='word_1_522' title='bbox 1923 339 1976 382; x_wconf 82' lang='lat' dir='ltr'>ad</span> <span class='ocrx_word' id='word_1_523' title='bbox 1989 332 2220 383; x_wconf 73' lang='lat' dir='ltr'>‘Amanicas</span> <span class='ocrx_word' id='word_1_524' title='bbox 2237 352 2376 399; x_wconf 89' lang='lat' dir='ltr'>portas</span> <span class='ocrx_word' id='word_1_525' title='bbox 2404 345 2446 384; x_wconf 90' lang='lat' dir='ltr'>in</span> <span class='ocrx_word' id='word_1_526' title='bbox 2476 344 2625 386; x_wconf 88' lang='lat' dir='ltr'>intimo</span> <span class='ocrx_word' id='word_1_527' title='bbox 2653 347 2768 389; x_wconf 62' lang='lat' dir='ltr'>sinu</span> 
     </span>
     <span class='ocr_line' id='line_1_66' title="bbox 1526 406 2149 463; baseline 0.003 -16"><span class='ocrx_word' id='word_1_528' title='bbox 1526 406 1655 448; x_wconf 86' lang='lat' dir='ltr'>Issici</span> <span class='ocrx_word' id='word_1_529' title='bbox 1670 420 1832 448; x_wconf 79' lang='lat' dir='ltr'>recessu</span> <span class='ocrx_word' id='word_1_530' title='bbox 1847 406 1977 449; x_wconf 87' lang='lat' dir='ltr'>stadia</span> <span class='ocrx_word' id='word_1_531' title='bbox 1993 421 2048 462; x_wconf 87' lang='lat' dir='ltr'>9o</span> <span class='ocrx_word' id='word_1_532' title='bbox 2056 408 2149 463; x_wconf 55' lang='grc' dir='ltr'>(ιζ).</span> 
     </span>
    </p>
   </div>
   <div class='ocr_carea' id='block_1_7' title="bbox 1527 566 2791 732">
    <p class='ocr_par' dir='ltr' id='par_1_8' title="bbox 1527 566 2791 732">
     <span class='ocr_line' id='line_1_67' title="bbox 1527 566 2781 630; baseline 0.006 -22"><span class='ocrx_word' id='word_1_533' title='bbox 1527 574 1590 608; x_wconf 86' lang='lat' dir='ltr'>est</span> <span class='ocrx_word' id='word_1_534' title='bbox 1611 568 1694 619; x_wconf 83' lang='lat' dir='ltr'>(V.</span> <span class='ocrx_word' id='word_1_535' title='bbox 1721 570 1745 621; x_wconf 86' lang='lat'>§</span> <span class='ocrx_word' id='word_1_536' title='bbox 1769 567 1844 621; x_wconf 88' lang='lat'>157</span> <span class='ocrx_word' id='word_1_537' title='bbox 1857 569 1891 621; x_wconf 91' lang='lat'>).</span> <span class='ocrx_word' id='word_1_538' title='bbox 1918 566 2043 623; x_wconf 81' lang='lat' dir='ltr'>Apud</span> <span class='ocrx_word' id='word_1_539' title='bbox 2070 566 2338 610; x_wconf 66' lang='lat' dir='ltr'>Ptolemaeum</span> <span class='ocrx_word' id='word_1_540' title='bbox 2369 569 2422 611; x_wconf 87' lang='lat' dir='ltr'>ab</span> <span class='ocrx_word' id='word_1_541' title='bbox 2448 570 2696 614; x_wconf 77' lang='lat' dir='ltr'>Alexandria</span> <span class='ocrx_word' id='word_1_542' title='bbox 2716 572 2781 630; x_wconf 66' lang='lat' dir='ltr'>ad⁴</span> 
     </span>
     <span class='ocr_line' id='line_1_68' title="bbox 1527 629 2791 732; baseline 0.007 -63"><span class='ocrx_word' id='word_1_543' title='bbox 1527 629 1794 732; x_wconf 49' lang='grc' dir='ltr'>ξῗὲιίιέαὲίιιίει</span> <span class='ocrx_word' id='word_1_544' title='bbox 1804 637 1924 732; x_wconf 68' lang='grc' dir='ltr'>ζ100111</span> <span class='ocrx_word' id='word_1_545' title='bbox 1942 638 2041 671; x_wconf 89' lang='lat' dir='ltr'>sunt</span> <span class='ocrx_word' id='word_1_546' title='bbox 2060 631 2138 672; x_wconf 86' lang='grc'>130</span> <span class='ocrx_word' id='word_1_547' title='bbox 2151 631 2316 672; x_wconf 88' lang='lat' dir='ltr'>circiter</span> <span class='ocrx_word' id='word_1_548' title='bbox 2330 630 2476 675; x_wconf 85' lang='lat' dir='ltr'>stadia.</span> <span class='ocrx_word' id='word_1_549' title='bbox 2490 634 2597 676; x_wconf 83' lang='lat' dir='ltr'>Nam</span> <span class='ocrx_word' id='word_1_550' title='bbox 2610 635 2664 676; x_wconf 85' lang='lat' dir='ltr'>ita</span> <span class='ocrx_word' id='word_1_551' title='bbox 2684 631 2791 680; x_wconf 61' lang='lat' dir='ltr'>locass’</span> 
     </span>
    </p>
   </div>
   <div class='ocr_carea' id='block_1_8' title="bbox 1617 754 2808 975">
    <p class='ocr_par' dir='ltr' id='par_1_9' title="bbox 1617 754 2808 975">
     <span class='ocr_line' id='line_1_69' title="bbox 1620 754 2808 852; baseline 0.004 -17"><span class='ocrx_word' id='word_1_552' title='bbox 1620 793 1880 851; x_wconf 74' lang='grc' dir='ltr'>Ἀλεξάνδρεια</span> <span class='ocrx_word' id='word_1_553' title='bbox 2050 754 2265 851; x_wconf 36' lang='grc' dir='ltr'>ὀρέως-30</span> <span class='ocrx_word' id='word_1_554' title='bbox 2410 797 2483 839; x_wconf 85' lang='lat'>36⁰</span> <span class='ocrx_word' id='word_1_555' title='bbox 2511 755 2637 841; x_wconf 46' lang='lat' dir='ltr'>mad</span> <span class='ocrx_word' id='word_1_556' title='bbox 2739 835 2742 839; x_wconf 97' lang='lat'>.</span> <span class='ocrx_word' id='word_1_557' title='bbox 2782 807 2808 852; x_wconf 55' lang='lat'>⁹,</span> 
     </span>
     <span class='ocr_line' id='line_1_70' title="bbox 1617 846 2808 941; baseline 0.003 -42"><span class='ocrx_word' id='word_1_558' title='bbox 1617 857 1735 900; x_wconf 75' lang='grc' dir='ltr'>πύλαι</span> <span class='ocrx_word' id='word_1_559' title='bbox 1756 857 1889 912; x_wconf 81' lang='grc' dir='ltr'>Σόριαι</span> <span class='ocrx_word' id='word_1_560' title='bbox 2061 862 2136 912; x_wconf 83' lang='lat'>69⁰</span> <span class='ocrx_word' id='word_1_561' title='bbox 2227 858 2293 900; x_wconf 84' lang='lat'>50¹</span> <span class='ocrx_word' id='word_1_562' title='bbox 2409 859 2482 899; x_wconf 86' lang='lat'>36⁰</span> <span class='ocrx_word' id='word_1_563' title='bbox 2573 859 2638 902; x_wconf 84' lang='lat'>15&#39;</span> <span class='ocrx_word' id='word_1_564' title='bbox 2739 846 2808 941; x_wconf 44' lang='lat' dir='ltr'>{A</span> 
     </span>
     <span class='ocr_line' id='line_1_71' title="bbox 1623 918 2806 975; baseline 0.003 -14"><span class='ocrx_word' id='word_1_565' title='bbox 1623 918 1823 975; x_wconf 71' lang='grc' dir='ltr'>Ἀμανικαὶ</span> <span class='ocrx_word' id='word_1_566' title='bbox 1841 918 1958 961; x_wconf 77' lang='grc' dir='ltr'>πύλαι</span> <span class='ocrx_word' id='word_1_567' title='bbox 2066 923 2142 974; x_wconf 82' lang='lat'>69⁰</span> <span class='ocrx_word' id='word_1_568' title='bbox 2230 921 2295 964; x_wconf 88' lang='lat'>50&#39;</span> <span class='ocrx_word' id='word_1_569' title='bbox 2410 923 2484 963; x_wconf 81' lang='lat'>36⁰</span> <span class='ocrx_word' id='word_1_570' title='bbox 2570 922 2638 965; x_wconf 81' lang='lat'>20¹</span> <span class='ocrx_word' id='word_1_571' title='bbox 2746 931 2758 939; x_wconf 70' lang='grc'>’</span> <span class='ocrx_word' id='word_1_572' title='bbox 2771 931 2806 958; x_wconf 65' lang='grc' dir='ltr'>ὶϊ</span> 
     </span>
    </p>
   </div>
   <div class='ocr_carea' id='block_1_9' title="bbox 1622 981 2651 1032">
    <p class='ocr_par' dir='ltr' id='par_1_10' title="bbox 1622 981 2651 1032">
     <span class='ocr_line' id='line_1_72' title="bbox 1622 981 2651 1032; baseline 0.004 -9"><span class='ocrx_word' id='word_1_573' title='bbox 1622 981 1745 1032; x_wconf 78' lang='grc' dir='ltr'>Ἰσοός</span> <span class='ocrx_word' id='word_1_574' title='bbox 2408 986 2483 1027; x_wconf 73' lang='grc'>360</span> <span class='ocrx_word' id='word_1_575' title='bbox 2569 988 2620 1027; x_wconf 83' lang='lat'>25</span> <span class='ocrx_word' id='word_1_576' title='bbox 2630 986 2651 1027; x_wconf 89' lang='lat'>&#39;.</span> 
     </span>
    </p>
   </div>
   <div class='ocr_carea' id='block_1_10' title="bbox 1533 1058 2808 4067">
    <p class='ocr_par' dir='ltr' id='par_1_11' title="bbox 1533 1043 2808 2193">
     <span class='ocr_line' id='line_1_73' title="bbox 1533 1058 2808 1133; baseline 0.008 -22"><span class='ocrx_word' id='word_1_577' title='bbox 1533 1072 1581 1112; x_wconf 86' lang='lat' dir='ltr'>In</span> <span class='ocrx_word' id='word_1_578' title='bbox 1605 1070 1758 1127; x_wconf 85' lang='lat' dir='ltr'>quibus</span> <span class='ocrx_word' id='word_1_579' title='bbox 1785 1072 1996 1115; x_wconf 75' lang='lat' dir='ltr'>Amanicae</span> <span class='ocrx_word' id='word_1_580' title='bbox 2021 1072 2126 1130; x_wconf 73' lang='lat' dir='ltr'>pylae</span> <span class='ocrx_word' id='word_1_581' title='bbox 2147 1073 2344 1117; x_wconf 87' lang='lat' dir='ltr'>dicuntur</span> <span class='ocrx_word' id='word_1_582' title='bbox 2358 1090 2416 1119; x_wconf 76' lang='lat' dir='ltr'>eae</span> <span class='ocrx_word' id='word_1_583' title='bbox 2437 1078 2586 1120; x_wconf 78' lang='lat' dir='ltr'>Amani</span> <span class='ocrx_word' id='word_1_584' title='bbox 2613 1077 2746 1121; x_wconf 69' lang='lat' dir='ltr'>fauces</span> <span class='ocrx_word' id='word_1_585' title='bbox 2761 1058 2808 1133; x_wconf 68' lang='lat' dir='ltr'>,i</span> 
     </span>
     <span class='ocr_line' id='line_1_74' title="bbox 1533 1122 2808 1211; baseline 0.007 -36"><span class='ocrx_word' id='word_1_586' title='bbox 1533 1147 1626 1189; x_wconf 80' lang='lat' dir='ltr'>quae</span> <span class='ocrx_word' id='word_1_587' title='bbox 1650 1143 1748 1177; x_wconf 89' lang='lat' dir='ltr'>sunt</span> <span class='ocrx_word' id='word_1_588' title='bbox 1769 1149 1792 1178; x_wconf 90' lang='lat' dir='ltr'>e</span> <span class='ocrx_word' id='word_1_589' title='bbox 1817 1136 1986 1191; x_wconf 80' lang='lat' dir='ltr'>regione</span> <span class='ocrx_word' id='word_1_590' title='bbox 2009 1138 2139 1193; x_wconf 86' lang='lat' dir='ltr'>Bajas</span> <span class='ocrx_word' id='word_1_591' title='bbox 2159 1138 2253 1179; x_wconf 87' lang='lat' dir='ltr'>vici.</span> <span class='ocrx_word' id='word_1_592' title='bbox 2286 1137 2444 1181; x_wconf 77' lang='lat' dir='ltr'>Plinius</span> <span class='ocrx_word' id='word_1_593' title='bbox 2468 1149 2686 1198; x_wconf 73' lang='lat' dir='ltr'>postquam</span> <span class='ocrx_word' id='word_1_594' title='bbox 2703 1122 2808 1211; x_wconf 50' lang='lat' dir='ltr'>Syr-&#39;Jq</span> 
     </span>
     <span class='ocr_line' id='line_1_75' title="bbox 1533 1196 2798 1259; baseline 0.009 -22"><span class='ocrx_word' id='word_1_595' title='bbox 1533 1196 1604 1238; x_wconf 84' lang='lat' dir='ltr'>riae</span> <span class='ocrx_word' id='word_1_596' title='bbox 1633 1211 1750 1238; x_wconf 88' lang='lat' dir='ltr'>oram</span> <span class='ocrx_word' id='word_1_597' title='bbox 1767 1196 1936 1240; x_wconf 86' lang='lat' dir='ltr'>boream</span> <span class='ocrx_word' id='word_1_598' title='bbox 1966 1212 2106 1240; x_wconf 82' lang='lat' dir='ltr'>versus</span> <span class='ocrx_word' id='word_1_599' title='bbox 2133 1198 2186 1240; x_wconf 92' lang='lat' dir='ltr'>ad</span> <span class='ocrx_word' id='word_1_600' title='bbox 2207 1199 2500 1256; x_wconf 82' lang='lat' dir='ltr'>Myriandrum</span> <span class='ocrx_word' id='word_1_601' title='bbox 2521 1199 2658 1259; x_wconf 73' lang='lat' dir='ltr'>usque</span> <span class='ocrx_word' id='word_1_602' title='bbox 2672 1204 2798 1258; x_wconf 45' lang='lat' dir='ltr'>legor</span> 
     </span>
     <span class='ocr_line' id='line_1_76' title="bbox 1534 1259 2786 1313; baseline 0.006 -14"><span class='ocrx_word' id='word_1_603' title='bbox 1534 1267 1612 1310; x_wconf 90' lang='lat' dir='ltr'>rat,</span> <span class='ocrx_word' id='word_1_604' title='bbox 1632 1268 1818 1301; x_wconf 84' lang='lat' dir='ltr'>recenset</span> <span class='ocrx_word' id='word_1_605' title='bbox 1846 1259 2170 1313; x_wconf 77' lang='lat' dir='ltr'>mediterranea3</span> <span class='ocrx_word' id='word_1_606' title='bbox 2192 1261 2343 1304; x_wconf 91' lang='lat' dir='ltr'>deinde</span> <span class='ocrx_word' id='word_1_607' title='bbox 2361 1262 2414 1304; x_wconf 91' lang='lat' dir='ltr'>ad</span> <span class='ocrx_word' id='word_1_608' title='bbox 2429 1278 2545 1310; x_wconf 82' lang='lat' dir='ltr'>oram</span> <span class='ocrx_word' id='word_1_609' title='bbox 2571 1264 2786 1310; x_wconf 71' lang='lat' dir='ltr'>revertens</span> 
     </span>
     <span class='ocr_line' id='line_1_77' title="bbox 1533 1316 2808 1382; baseline 0.01 -20"><span class='ocrx_word' id='word_1_610' title='bbox 1533 1322 1589 1372; x_wconf 88' lang='lat' dir='ltr'>V,</span> <span class='ocrx_word' id='word_1_611' title='bbox 1609 1324 1700 1375; x_wconf 73' lang='lat'>225</span> <span class='ocrx_word' id='word_1_612' title='bbox 1720 1336 1770 1376; x_wconf 85' lang='lat'>91</span> <span class='ocrx_word' id='word_1_613' title='bbox 1794 1335 1804 1363; x_wconf 90' lang='lat'>:</span> <span class='ocrx_word' id='word_1_614' title='bbox 1821 1321 1900 1363; x_wconf 80' lang='lat' dir='ltr'>Sed</span> <span class='ocrx_word' id='word_1_615' title='bbox 1909 1322 2135 1374; x_wconf 84' lang='lat' dir='ltr'>redeamus,</span> <span class='ocrx_word' id='word_1_616' title='bbox 2158 1326 2232 1376; x_wconf 87' lang='lat' dir='ltr'>ait,</span> <span class='ocrx_word' id='word_1_617' title='bbox 2255 1324 2315 1366; x_wconf 87' lang='lat' dir='ltr'>ad</span> <span class='ocrx_word' id='word_1_618' title='bbox 2327 1340 2443 1367; x_wconf 87' lang='lat' dir='ltr'>oram</span> <span class='ocrx_word' id='word_1_619' title='bbox 2453 1326 2595 1382; x_wconf 80' lang='lat' dir='ltr'>Syrioe.</span> <span class='ocrx_word' id='word_1_620' title='bbox 2609 1328 2782 1372; x_wconf 64' lang='lat' dir='ltr'>Flamo-</span> <span class='ocrx_word' id='word_1_621' title='bbox 2799 1316 2808 1375; x_wconf 63' lang='lat' dir='ltr'>l</span> 
     </span>
     <span class='ocr_line' id='line_1_78' title="bbox 1536 1384 2808 1445; baseline 0.007 -20"><span class='ocrx_word' id='word_1_622' title='bbox 1536 1384 1801 1442; x_wconf 76' lang='lat' dir='ltr'>Diaphanes,</span> <span class='ocrx_word' id='word_1_623' title='bbox 1830 1400 1944 1428; x_wconf 86' lang='lat' dir='ltr'>mons</span> <span class='ocrx_word' id='word_1_624' title='bbox 1969 1386 2226 1437; x_wconf 70' lang='lat' dir='ltr'>Crocodilus,</span> <span class='ocrx_word' id='word_1_625' title='bbox 2264 1397 2401 1445; x_wconf 81' lang='lat' dir='ltr'>portoe</span> <span class='ocrx_word' id='word_1_626' title='bbox 2437 1389 2595 1432; x_wconf 74' lang='lat' dir='ltr'>Amani</span> <span class='ocrx_word' id='word_1_627' title='bbox 2626 1390 2808 1435; x_wconf 40' lang='lat' dir='ltr'>monetis:</span> 
     </span>
     <span class='ocr_line' id='line_1_79' title="bbox 1537 1443 2808 1504; baseline 0.005 -14"><span class='ocrx_word' id='word_1_628' title='bbox 1537 1447 1550 1502; x_wconf 97' lang='lat'><strong>(</strong></span> <span class='ocrx_word' id='word_1_629' title='bbox 1561 1447 1679 1490; x_wconf 77' lang='grc' dir='ltr'>πύλαι</span> <span class='ocrx_word' id='word_1_630' title='bbox 1692 1447 1864 1496; x_wconf 83' lang='grc' dir='ltr'>Κιλικίας</span> <span class='ocrx_word' id='word_1_631' title='bbox 1874 1447 2095 1491; x_wconf 85' lang='lat' dir='ltr'>Stadiasmi</span> <span class='ocrx_word' id='word_1_632' title='bbox 2103 1451 2136 1504; x_wconf 90' lang='lat'>),</span> <span class='ocrx_word' id='word_1_633' title='bbox 2147 1450 2325 1502; x_wconf 77' lang='lat' dir='ltr'>fiumina</span> <span class='ocrx_word' id='word_1_634' title='bbox 2333 1448 2567 1503; x_wconf 77' lang='lat' dir='ltr'>Androcus,</span> <span class='ocrx_word' id='word_1_635' title='bbox 2579 1452 2786 1503; x_wconf 51' lang='lat' dir='ltr'>Pinnae-uss</span> <span class='ocrx_word' id='word_1_636' title='bbox 2799 1443 2808 1472; x_wconf 59' lang='lat'>&#39;¹</span> 
     </span>
     <span class='ocr_line' id='line_1_80' title="bbox 1535 1509 2789 1568; baseline 0.002 -17"><span class='ocrx_word' id='word_1_637' title='bbox 1535 1513 1689 1565; x_wconf 67' lang='lat' dir='ltr'>Lycus,</span> <span class='ocrx_word' id='word_1_638' title='bbox 1726 1509 1925 1567; x_wconf 82' lang='lat' dir='ltr'>oppidum</span> <span class='ocrx_word' id='word_1_639' title='bbox 1953 1513 2099 1565; x_wconf 81' lang='lat' dir='ltr'>Issus,</span> <span class='ocrx_word' id='word_1_640' title='bbox 2136 1510 2229 1553; x_wconf 80' lang='lat' dir='ltr'>inde</span> <span class='ocrx_word' id='word_1_641' title='bbox 2266 1512 2526 1557; x_wconf 70' lang='lat' dir='ltr'>Alexandria</span> <span class='ocrx_word' id='word_1_642' title='bbox 2538 1514 2608 1568; x_wconf 70' lang='grc' dir='ltr'>(Ι),</span> <span class='ocrx_word' id='word_1_643' title='bbox 2622 1514 2789 1568; x_wconf 70' lang='lat' dir='ltr'>flamm.</span> 
     </span>
     <span class='ocr_line' id='line_1_81' title="bbox 1538 1572 2794 1632; baseline 0.003 -18"><span class='ocrx_word' id='word_1_644' title='bbox 1538 1572 1720 1625; x_wconf 62' lang='lat' dir='ltr'>chlorus,</span> <span class='ocrx_word' id='word_1_645' title='bbox 1734 1572 1935 1630; x_wconf 82' lang='lat' dir='ltr'>oppidum</span> <span class='ocrx_word' id='word_1_646' title='bbox 1944 1577 2062 1627; x_wconf 76' lang='lat' dir='ltr'>AEgae</span> <span class='ocrx_word' id='word_1_647' title='bbox 2074 1573 2261 1623; x_wconf 77' lang='lat' dir='ltr'>liberum,</span> <span class='ocrx_word' id='word_1_648' title='bbox 2273 1573 2410 1616; x_wconf 80' lang='lat' dir='ltr'>amnis</span> <span class='ocrx_word' id='word_1_649' title='bbox 2419 1576 2637 1629; x_wconf 64' lang='lat' dir='ltr'>Rrramus,</span> <span class='ocrx_word' id='word_1_650' title='bbox 2645 1586 2794 1632; x_wconf 60' lang='lat' dir='ltr'>portu</span> 
     </span>
     <span class='ocr_line' id='line_1_82' title="bbox 1538 1632 2794 1695; baseline 0.003 -19"><span class='ocrx_word' id='word_1_651' title='bbox 1538 1634 1692 1677; x_wconf 71' lang='lat' dir='ltr'>Ciliciae</span> <span class='ocrx_word' id='word_1_652' title='bbox 1725 1635 1827 1689; x_wconf 82' lang='lat' dir='ltr'>(hae</span> <span class='ocrx_word' id='word_1_653' title='bbox 1858 1643 1954 1677; x_wconf 84' lang='lat' dir='ltr'>ante</span> <span class='ocrx_word' id='word_1_654' title='bbox 1988 1635 2109 1690; x_wconf 81' lang='lat' dir='ltr'>AEgas</span> <span class='ocrx_word' id='word_1_655' title='bbox 2142 1635 2343 1692; x_wconf 79' lang='lat' dir='ltr'>ponendae</span> <span class='ocrx_word' id='word_1_656' title='bbox 2376 1637 2542 1693; x_wconf 87' lang='lat' dir='ltr'>erant),</span> <span class='ocrx_word' id='word_1_657' title='bbox 2581 1637 2739 1695; x_wconf 80' lang='lat' dir='ltr'>oppidu</span> <span class='ocrx_word' id='word_1_658' title='bbox 2788 1632 2794 1662; x_wconf 61' lang='lat'><strong><em>7</em></strong></span> 
     </span>
     <span class='ocr_line' id='line_1_83' title="bbox 1540 1692 2789 1755; baseline 0.002 -16"><span class='ocrx_word' id='word_1_659' title='bbox 1540 1698 1709 1739; x_wconf 78' lang='lat' dir='ltr'>Mallus.</span> <span class='ocrx_word' id='word_1_660' title='bbox 1734 1699 1810 1740; x_wconf 86' lang='lat' dir='ltr'>His</span> <span class='ocrx_word' id='word_1_661' title='bbox 1832 1712 1916 1739; x_wconf 90' lang='lat' dir='ltr'>non</span> <span class='ocrx_word' id='word_1_662' title='bbox 1940 1699 2106 1749; x_wconf 89' lang='lat' dir='ltr'>insisto,</span> <span class='ocrx_word' id='word_1_663' title='bbox 2142 1712 2273 1754; x_wconf 90' lang='lat' dir='ltr'>quum</span> <span class='ocrx_word' id='word_1_664' title='bbox 2296 1698 2484 1740; x_wconf 87' lang='lat' dir='ltr'>locorum</span> <span class='ocrx_word' id='word_1_665' title='bbox 2513 1697 2620 1741; x_wconf 86' lang='lat' dir='ltr'>ordo</span> <span class='ocrx_word' id='word_1_666' title='bbox 2644 1698 2753 1755; x_wconf 85' lang='lat' dir='ltr'>negl</span> <span class='ocrx_word' id='word_1_667' title='bbox 2776 1692 2789 1746; x_wconf 57' lang='lat' dir='ltr'><em>f</em></span> 
     </span>
     <span class='ocr_line' id='line_1_84' title="bbox 1534 1758 2795 1816; baseline 0.002 -15"><span class='ocrx_word' id='word_1_668' title='bbox 1534 1768 1625 1801; x_wconf 88' lang='lat' dir='ltr'>ctus</span> <span class='ocrx_word' id='word_1_669' title='bbox 1643 1761 1709 1801; x_wconf 90' lang='lat' dir='ltr'>sit.</span> <span class='ocrx_word' id='word_1_670' title='bbox 1736 1783 1792 1791; x_wconf 90' lang='lat'>—</span> <span class='ocrx_word' id='word_1_671' title='bbox 1811 1760 1957 1802; x_wconf 82' lang='lat' dir='ltr'>Ruinae</span> <span class='ocrx_word' id='word_1_672' title='bbox 1974 1761 2050 1801; x_wconf 80' lang='lat' dir='ltr'>Issi</span> <span class='ocrx_word' id='word_1_673' title='bbox 2079 1774 2164 1802; x_wconf 92' lang='grc'>11011</span> <span class='ocrx_word' id='word_1_674' title='bbox 2187 1768 2425 1816; x_wconf 86' lang='lat' dir='ltr'>supersunt.</span> <span class='ocrx_word' id='word_1_675' title='bbox 2446 1759 2525 1802; x_wconf 85' lang='lat' dir='ltr'>Vel</span> <span class='ocrx_word' id='word_1_676' title='bbox 2546 1758 2664 1803; x_wconf 62' lang='lat' dir='ltr'>Mela</span> <span class='ocrx_word' id='word_1_677' title='bbox 2678 1768 2759 1803; x_wconf 78' lang='lat' dir='ltr'>tem</span> <span class='ocrx_word' id='word_1_678' title='bbox 2791 1800 2795 1803; x_wconf 84' lang='grc'>.</span> 
     </span>
     <span class='ocr_line' id='line_1_85' title="bbox 1534 1821 2729 1880; baseline 0.001 -16"><span class='ocrx_word' id='word_1_679' title='bbox 1534 1822 1706 1879; x_wconf 80' lang='lat' dir='ltr'>poribus</span> <span class='ocrx_word' id='word_1_680' title='bbox 1734 1824 1947 1865; x_wconf 83' lang='lat' dir='ltr'>evanuisse</span> <span class='ocrx_word' id='word_1_681' title='bbox 1977 1821 2283 1879; x_wconf 89' lang='lat' dir='ltr'>propemodum</span> <span class='ocrx_word' id='word_1_682' title='bbox 2308 1823 2422 1865; x_wconf 89' lang='lat' dir='ltr'>locus</span> <span class='ocrx_word' id='word_1_683' title='bbox 2454 1822 2633 1875; x_wconf 82' lang='lat' dir='ltr'>videtur,</span> <span class='ocrx_word' id='word_1_684' title='bbox 2658 1837 2686 1880; x_wconf 91' lang='lat' dir='ltr'>q</span> <span class='ocrx_word' id='word_1_685' title='bbox 2713 1844 2729 1858; x_wconf 61' lang='grc' dir='ltr'>υ</span> 
     </span>
     <span class='ocr_line' id='line_1_86' title="bbox 1535 1885 2763 1942; baseline 0.001 -15"><span class='ocrx_word' id='word_1_686' title='bbox 1535 1886 1751 1927; x_wconf 79' lang='lat' dir='ltr'>itineraria</span> <span class='ocrx_word' id='word_1_687' title='bbox 1782 1899 1954 1942; x_wconf 88' lang='lat' dir='ltr'>prorsus</span> <span class='ocrx_word' id='word_1_688' title='bbox 1987 1886 2194 1940; x_wconf 87' lang='lat' dir='ltr'>ignorant.</span> <span class='ocrx_word' id='word_1_689' title='bbox 2226 1885 2464 1941; x_wconf 84' lang='lat' dir='ltr'>Chesneyus</span> <span class='ocrx_word' id='word_1_690' title='bbox 2492 1885 2643 1942; x_wconf 87' lang='lat' dir='ltr'>aliique</span> <span class='ocrx_word' id='word_1_691' title='bbox 2678 1900 2763 1929; x_wconf 91' lang='lat' dir='ltr'>non</span> 
     </span>
     <span class='ocr_line' id='line_1_87' title="bbox 1535 1948 2783 2006; baseline 0.001 -16"><span class='ocrx_word' id='word_1_692' title='bbox 1535 1948 1636 1990; x_wconf 87' lang='lat' dir='ltr'>nulli</span> <span class='ocrx_word' id='word_1_693' title='bbox 1650 1948 1704 1990; x_wconf 91' lang='lat' dir='ltr'>ad</span> <span class='ocrx_word' id='word_1_694' title='bbox 1718 1951 1851 1990; x_wconf 88' lang='lat' dir='ltr'>Issum</span> <span class='ocrx_word' id='word_1_695' title='bbox 1873 1948 2103 1990; x_wconf 90' lang='lat' dir='ltr'>retulerunt</span> <span class='ocrx_word' id='word_1_696' title='bbox 2120 1949 2261 1990; x_wconf 86' lang='lat' dir='ltr'>ruinas</span> <span class='ocrx_word' id='word_1_697' title='bbox 2276 1948 2522 2004; x_wconf 85' lang='lat' dir='ltr'>peramplas,</span> <span class='ocrx_word' id='word_1_698' title='bbox 2546 1962 2639 2005; x_wconf 76' lang='lat' dir='ltr'>quae</span> <span class='ocrx_word' id='word_1_699' title='bbox 2657 1963 2735 2006; x_wconf 90' lang='lat' dir='ltr'>sup</span> <span class='ocrx_word' id='word_1_700' title='bbox 2768 1971 2783 1984; x_wconf 46' lang='grc' dir='ltr'>π</span> 
     </span>
     <span class='ocr_line' id='line_1_88' title="bbox 1535 2010 2780 2068; baseline 0.002 -16"><span class='ocrx_word' id='word_1_701' title='bbox 1535 2012 1731 2053; x_wconf 87' lang='lat' dir='ltr'>intimum</span> <span class='ocrx_word' id='word_1_702' title='bbox 1746 2012 1861 2053; x_wconf 88' lang='lat' dir='ltr'>sinus</span> <span class='ocrx_word' id='word_1_703' title='bbox 1876 2025 2098 2062; x_wconf 89' lang='lat' dir='ltr'>recessum,</span> <span class='ocrx_word' id='word_1_704' title='bbox 2119 2012 2173 2053; x_wconf 87' lang='grc'>50</span> <span class='ocrx_word' id='word_1_705' title='bbox 2187 2010 2240 2052; x_wconf 88' lang='lat' dir='ltr'>ab</span> <span class='ocrx_word' id='word_1_706' title='bbox 2255 2026 2327 2053; x_wconf 85' lang='lat' dir='ltr'>ora</span> <span class='ocrx_word' id='word_1_707' title='bbox 2342 2010 2474 2053; x_wconf 86' lang='lat' dir='ltr'>stadia</span> <span class='ocrx_word' id='word_1_708' title='bbox 2492 2011 2758 2068; x_wconf 73' lang='lat' dir='ltr'>reperiamur</span> <span class='ocrx_word' id='word_1_709' title='bbox 2767 2027 2780 2064; x_wconf 72' lang='lat'>3</span> 
     </span>
     <span class='ocr_line' id='line_1_89' title="bbox 1534 2072 2785 2131; baseline 0.002 -16"><span class='ocrx_word' id='word_1_710' title='bbox 1534 2088 1602 2116; x_wconf 89' lang='lat' dir='ltr'>eas</span> <span class='ocrx_word' id='word_1_711' title='bbox 1629 2073 1875 2116; x_wconf 85' lang='lat' dir='ltr'>OEnoandae</span> <span class='ocrx_word' id='word_1_712' title='bbox 1904 2074 1989 2115; x_wconf 87' lang='lat' dir='ltr'>sive</span> <span class='ocrx_word' id='word_1_713' title='bbox 2011 2074 2253 2131; x_wconf 81' lang='lat' dir='ltr'>Epiphaniae</span> <span class='ocrx_word' id='word_1_714' title='bbox 2284 2072 2553 2115; x_wconf 86' lang='lat' dir='ltr'>vindicandas</span> <span class='ocrx_word' id='word_1_715' title='bbox 2571 2087 2658 2116; x_wconf 70' lang='lat' dir='ltr'>ease</span> <span class='ocrx_word' id='word_1_716' title='bbox 2678 2073 2785 2117; x_wconf 83' lang='grc'>110110</span> 
     </span>
     <span class='ocr_line' id='line_1_90' title="bbox 1536 2134 2221 2193; baseline 0.006 -16"><span class='ocrx_word' id='word_1_717' title='bbox 1536 2134 1640 2182; x_wconf 78' lang='lat' dir='ltr'>vidit</span> <span class='ocrx_word' id='word_1_718' title='bbox 1660 2137 1901 2193; x_wconf 83' lang='lat' dir='ltr'>Kiepertus.</span> <span class='ocrx_word' id='word_1_719' title='bbox 2207 2156 2221 2172; x_wconf 76' lang='lat'>=</span> 
     </span>
    </p>

    <p class='ocr_par' dir='ltr' id='par_1_12' title="bbox 1534 2196 2808 4067">
     <span class='ocr_line' id='line_1_91' title="bbox 1593 2196 2782 2254; baseline 0 -13"><span class='ocrx_word' id='word_1_720' title='bbox 1593 2201 1615 2251; x_wconf 81' lang='lat' dir='ltr'>S</span> <span class='ocrx_word' id='word_1_721' title='bbox 1642 2202 1736 2242; x_wconf 79' lang='lat'>156.</span> <span class='ocrx_word' id='word_1_722' title='bbox 1772 2197 1914 2254; x_wconf 82' lang='grc' dir='ltr'>Ἀμαν</span> <span class='ocrx_word' id='word_1_723' title='bbox 1930 2198 2069 2254; x_wconf 81' lang='grc' dir='ltr'>ικὰς]</span> <span class='ocrx_word' id='word_1_724' title='bbox 2097 2196 2365 2254; x_wconf 71' lang='grc' dir='ltr'>Ἀμμιυνιακόις</span> <span class='ocrx_word' id='word_1_725' title='bbox 2382 2197 2542 2250; x_wconf 64' lang='grc' dir='ltr'>0011οκ3</span> <span class='ocrx_word' id='word_1_726' title='bbox 2561 2212 2643 2240; x_wconf 88' lang='lat' dir='ltr'>em.</span> <span class='ocrx_word' id='word_1_727' title='bbox 2673 2197 2782 2241; x_wconf 81' lang='lat' dir='ltr'>Gail.</span> 
     </span>
     <span class='ocr_line' id='line_1_92' title="bbox 1540 2258 2786 2317; baseline 0.002 -16"><span class='ocrx_word' id='word_1_728' title='bbox 1540 2261 1556 2315; x_wconf 78' lang='grc' dir='ltr'>Η</span> <span class='ocrx_word' id='word_1_729' title='bbox 1586 2284 1643 2291; x_wconf 91' lang='lat'>—</span> <span class='ocrx_word' id='word_1_730' title='bbox 1682 2260 1730 2302; x_wconf 81' lang='grc' dir='ltr'>ἐν</span> <span class='ocrx_word' id='word_1_731' title='bbox 1757 2265 1823 2316; x_wconf 81' lang='grc' dir='ltr'>τῷ</span> <span class='ocrx_word' id='word_1_732' title='bbox 1859 2259 2185 2317; x_wconf 81' lang='grc' dir='ltr'>κοιλοτάτῳ]</span> <span class='ocrx_word' id='word_1_733' title='bbox 2228 2260 2287 2301; x_wconf 85' lang='lat' dir='ltr'>sic</span> <span class='ocrx_word' id='word_1_734' title='bbox 2333 2267 2445 2302; x_wconf 85' lang='lat' dir='ltr'>recte</span> <span class='ocrx_word' id='word_1_735' title='bbox 2469 2258 2628 2312; x_wconf 80' lang='lat' dir='ltr'>codex,</span> <span class='ocrx_word' id='word_1_736' title='bbox 2666 2259 2786 2316; x_wconf 74' lang='lat' dir='ltr'>cnjus</span> 
     </span>
     <span class='ocr_line' id='line_1_93' title="bbox 1534 2321 2778 2381; baseline 0.002 -17"><span class='ocrx_word' id='word_1_737' title='bbox 1534 2323 1685 2365; x_wconf 83' lang='lat' dir='ltr'>ductus</span> <span class='ocrx_word' id='word_1_738' title='bbox 1708 2338 1792 2365; x_wconf 89' lang='grc'>11011</span> <span class='ocrx_word' id='word_1_739' title='bbox 1814 2332 2023 2365; x_wconf 88' lang='lat' dir='ltr'>assecutus</span> <span class='ocrx_word' id='word_1_740' title='bbox 2043 2331 2103 2364; x_wconf 88' lang='lat' dir='ltr'>est</span> <span class='ocrx_word' id='word_1_741' title='bbox 2130 2322 2291 2364; x_wconf 86' lang='lat' dir='ltr'>Iriarte.</span> <span class='ocrx_word' id='word_1_742' title='bbox 2323 2322 2340 2377; x_wconf 86' lang='grc' dir='ltr'>ΙΙ</span> <span class='ocrx_word' id='word_1_743' title='bbox 2366 2337 2524 2364; x_wconf 82' lang='grc' dir='ltr'>-στα</span> <span class='ocrx_word' id='word_1_744' title='bbox 2537 2322 2575 2364; x_wconf 82' lang='grc' dir='ltr'>δ.</span> <span class='ocrx_word' id='word_1_745' title='bbox 2599 2321 2642 2369; x_wconf 76' lang='grc' dir='ltr'>ς’</span> <span class='ocrx_word' id='word_1_746' title='bbox 2655 2324 2673 2381; x_wconf 91' lang='grc'>]</span> <span class='ocrx_word' id='word_1_747' title='bbox 2699 2322 2778 2379; x_wconf 83' lang='lat' dir='ltr'>leg.</span> 
     </span>
     <span class='ocr_line' id='line_1_94' title="bbox 1536 2384 2785 2442; baseline 0 -14"><span class='ocrx_word' id='word_1_748' title='bbox 1536 2385 1591 2442; x_wconf 46' lang='grc' dir='ltr'>ιζ,</span> <span class='ocrx_word' id='word_1_749' title='bbox 1615 2386 1729 2442; x_wconf 91' lang='lat' dir='ltr'>quod</span> <span class='ocrx_word' id='word_1_750' title='bbox 1749 2386 1921 2428; x_wconf 84' lang='lat' dir='ltr'>sortasse</span> <span class='ocrx_word' id='word_1_751' title='bbox 1941 2385 2066 2427; x_wconf 89' lang='lat' dir='ltr'>habet</span> <span class='ocrx_word' id='word_1_752' title='bbox 2086 2386 2211 2427; x_wconf 86' lang='lat' dir='ltr'>etiam</span> <span class='ocrx_word' id='word_1_753' title='bbox 2233 2384 2366 2426; x_wconf 86' lang='lat' dir='ltr'>codex</span> <span class='ocrx_word' id='word_1_754' title='bbox 2379 2415 2391 2436; x_wconf 88' lang='lat'>,</span> <span class='ocrx_word' id='word_1_755' title='bbox 2416 2399 2548 2441; x_wconf 87' lang='lat' dir='ltr'>quum</span> <span class='ocrx_word' id='word_1_756' title='bbox 2570 2384 2709 2428; x_wconf 84' lang='lat' dir='ltr'>multis</span> <span class='ocrx_word' id='word_1_757' title='bbox 2727 2384 2785 2428; x_wconf 87' lang='lat' dir='ltr'>lo-</span> 
     </span>
     <span class='ocr_line' id='line_1_95' title="bbox 1535 2447 2786 2506; baseline 0 -15"><span class='ocrx_word' id='word_1_758' title='bbox 1535 2450 1595 2491; x_wconf 85' lang='lat' dir='ltr'>cis</span> <span class='ocrx_word' id='word_1_759' title='bbox 1610 2447 1653 2497; x_wconf 81' lang='grc' dir='ltr'>ς’</span> <span class='ocrx_word' id='word_1_760' title='bbox 1677 2463 1755 2506; x_wconf 88' lang='lat' dir='ltr'>pro</span> <span class='ocrx_word' id='word_1_761' title='bbox 1780 2447 1816 2503; x_wconf 73' lang='grc' dir='ltr'>ζ’</span> <span class='ocrx_word' id='word_1_762' title='bbox 1836 2457 1982 2491; x_wconf 87' lang='lat' dir='ltr'>contra</span> <span class='ocrx_word' id='word_1_763' title='bbox 2007 2448 2102 2491; x_wconf 87' lang='lat' dir='ltr'>libri</span> <span class='ocrx_word' id='word_1_764' title='bbox 2132 2447 2256 2490; x_wconf 85' lang='lat' dir='ltr'>fidem</span> <span class='ocrx_word' id='word_1_765' title='bbox 2286 2447 2449 2491; x_wconf 85' lang='lat' dir='ltr'>dederit</span> <span class='ocrx_word' id='word_1_766' title='bbox 2467 2448 2629 2491; x_wconf 71' lang='lat' dir='ltr'>Iriarte.</span> <span class='ocrx_word' id='word_1_767' title='bbox 2657 2449 2786 2493; x_wconf 81' lang='lat' dir='ltr'>Linea</span> 
     </span>
     <span class='ocr_line' id='line_1_96' title="bbox 1536 2509 2791 2572; baseline -0.001 -18"><span class='ocrx_word' id='word_1_768' title='bbox 1536 2521 1649 2554; x_wconf 86' lang='lat' dir='ltr'>recta</span> <span class='ocrx_word' id='word_1_769' title='bbox 1674 2521 1771 2554; x_wconf 93' lang='lat' dir='ltr'>sunt</span> <span class='ocrx_word' id='word_1_770' title='bbox 1797 2511 1928 2554; x_wconf 89' lang='lat' dir='ltr'>stadia</span> <span class='ocrx_word' id='word_1_771' title='bbox 1952 2525 2022 2567; x_wconf 89' lang='lat'>70.</span> <span class='ocrx_word' id='word_1_772' title='bbox 2053 2535 2112 2544; x_wconf 95' lang='lat'>—</span> <span class='ocrx_word' id='word_1_773' title='bbox 2135 2510 2332 2568; x_wconf 70' lang='grc' dir='ltr'>Ἆμανικαὶ</span> <span class='ocrx_word' id='word_1_774' title='bbox 2358 2510 2421 2553; x_wconf 82' lang='grc' dir='ltr'>νο1</span> <span class='ocrx_word' id='word_1_775' title='bbox 2453 2509 2649 2568; x_wconf 75' lang='grc' dir='ltr'>Ἀμανίδις</span> <span class='ocrx_word' id='word_1_776' title='bbox 2667 2510 2791 2572; x_wconf 65' lang='grc' dir='ltr'>πύλαι</span> 
     </span>
     <span class='ocr_line' id='line_1_97' title="bbox 1536 2570 2789 2632; baseline -0.001 -17"><span class='ocrx_word' id='word_1_777' title='bbox 1536 2573 1620 2615; x_wconf 91' lang='lat' dir='ltr'>dici</span> <span class='ocrx_word' id='word_1_778' title='bbox 1636 2582 1798 2631; x_wconf 88' lang='lat' dir='ltr'>poterat</span> <span class='ocrx_word' id='word_1_779' title='bbox 1826 2574 1963 2629; x_wconf 88' lang='lat' dir='ltr'>quivis</span> <span class='ocrx_word' id='word_1_780' title='bbox 1990 2587 2065 2629; x_wconf 84' lang='lat' dir='ltr'>per</span> <span class='ocrx_word' id='word_1_781' title='bbox 2086 2575 2298 2616; x_wconf 85' lang='lat' dir='ltr'>Amanum</span> <span class='ocrx_word' id='word_1_782' title='bbox 2332 2572 2543 2625; x_wconf 70' lang='lat' dir='ltr'>transitus,</span> <span class='ocrx_word' id='word_1_783' title='bbox 2571 2570 2676 2615; x_wconf 86' lang='lat' dir='ltr'>adeo</span> <span class='ocrx_word' id='word_1_784' title='bbox 2694 2580 2741 2614; x_wconf 88' lang='lat' dir='ltr'>ut</span> <span class='ocrx_word' id='word_1_785' title='bbox 2761 2585 2789 2632; x_wconf 57' lang='grc' dir='ltr'><strong>ς</strong></span> 
     </span>
     <span class='ocr_line' id='line_1_98' title="bbox 1537 2634 2795 2698; baseline -0.002 -20"><span class='ocrx_word' id='word_1_786' title='bbox 1537 2651 1650 2680; x_wconf 86' lang='lat' dir='ltr'>nexu</span> <span class='ocrx_word' id='word_1_787' title='bbox 1664 2636 1913 2679; x_wconf 88' lang='lat' dir='ltr'>narrationis</span> <span class='ocrx_word' id='word_1_788' title='bbox 1934 2634 2168 2678; x_wconf 90' lang='lat' dir='ltr'>eruendum</span> <span class='ocrx_word' id='word_1_789' title='bbox 2187 2637 2255 2686; x_wconf 88' lang='lat' dir='ltr'>sit,</span> <span class='ocrx_word' id='word_1_790' title='bbox 2267 2649 2490 2692; x_wconf 86' lang='lat' dir='ltr'>quemnam</span> <span class='ocrx_word' id='word_1_791' title='bbox 2500 2635 2795 2698; x_wconf 42' lang='lat' dir='ltr'>quisquescriesl</span> 
     </span>
     <span class='ocr_line' id='line_1_99' title="bbox 1537 2688 2787 2757; baseline -0.001 -16"><span class='ocrx_word' id='word_1_792' title='bbox 1537 2709 1635 2757; x_wconf 90' lang='lat' dir='ltr'>ptor</span> <span class='ocrx_word' id='word_1_793' title='bbox 1648 2699 1859 2754; x_wconf 88' lang='lat' dir='ltr'>intelligat.</span> <span class='ocrx_word' id='word_1_794' title='bbox 1874 2688 1940 2741; x_wconf 69' lang='lat' dir='ltr'>Ab</span> <span class='ocrx_word' id='word_1_795' title='bbox 1954 2700 2041 2741; x_wconf 86' lang='lat' dir='ltr'>Isso</span> <span class='ocrx_word' id='word_1_796' title='bbox 2056 2706 2192 2740; x_wconf 89' lang='lat' dir='ltr'>autem</span> <span class='ocrx_word' id='word_1_797' title='bbox 2207 2711 2261 2753; x_wconf 89' lang='lat'>90</span> <span class='ocrx_word' id='word_1_798' title='bbox 2268 2696 2400 2739; x_wconf 83' lang='lat' dir='ltr'>stadia</span> <span class='ocrx_word' id='word_1_799' title='bbox 2412 2698 2454 2740; x_wconf 92' lang='lat' dir='ltr'>in</span> <span class='ocrx_word' id='word_1_800' title='bbox 2465 2710 2561 2739; x_wconf 89' lang='grc'>00111</span> <span class='ocrx_word' id='word_1_801' title='bbox 2579 2695 2787 2740; x_wconf 78' lang='lat' dir='ltr'>desinunt¹</span> 
     </span>
     <span class='ocr_line' id='line_1_100' title="bbox 1537 2758 2792 2818; baseline -0.003 -14"><span class='ocrx_word' id='word_1_802' title='bbox 1537 2763 1691 2813; x_wconf 88' lang='lat' dir='ltr'>locum,</span> <span class='ocrx_word' id='word_1_803' title='bbox 1716 2777 1740 2803; x_wconf 92' lang='lat' dir='ltr'>a</span> <span class='ocrx_word' id='word_1_804' title='bbox 1754 2776 1839 2818; x_wconf 88' lang='lat' dir='ltr'>quo</span> <span class='ocrx_word' id='word_1_805' title='bbox 1864 2775 1939 2818; x_wconf 84' lang='lat' dir='ltr'>per</span> <span class='ocrx_word' id='word_1_806' title='bbox 1954 2761 2104 2804; x_wconf 78' lang='lat' dir='ltr'>Amani</span> <span class='ocrx_word' id='word_1_807' title='bbox 2127 2768 2303 2802; x_wconf 87' lang='lat' dir='ltr'>tractum</span> <span class='ocrx_word' id='word_1_808' title='bbox 2323 2758 2619 2802; x_wconf 88' lang='lat' dir='ltr'>occidentalem</span> <span class='ocrx_word' id='word_1_809' title='bbox 2643 2760 2660 2813; x_wconf 93' lang='lat'><strong>(</strong></span> <span class='ocrx_word' id='word_1_810' title='bbox 2683 2760 2792 2814; x_wconf 71' lang='grc' dir='ltr'>Β]ε-’</span> 
     </span>
     <span class='ocr_line' id='line_1_101' title="bbox 1538 2815 2791 2879; baseline -0.004 -11"><span class='ocrx_word' id='word_1_811' title='bbox 1538 2825 1604 2868; x_wconf 85' lang='lat' dir='ltr'>bel</span> <span class='ocrx_word' id='word_1_812' title='bbox 1619 2822 1769 2867; x_wconf 81' lang='lat' dir='ltr'>Missis</span> <span class='ocrx_word' id='word_1_813' title='bbox 1784 2823 1845 2865; x_wconf 85' lang='lat' dir='ltr'>vel</span> <span class='ocrx_word' id='word_1_814' title='bbox 1863 2838 1909 2866; x_wconf 77' lang='lat' dir='ltr'>en</span> <span class='ocrx_word' id='word_1_815' title='bbox 1935 2823 2193 2879; x_wconf 84' lang='lat' dir='ltr'>Nur)etiam</span> <span class='ocrx_word' id='word_1_816' title='bbox 2220 2836 2332 2865; x_wconf 89' lang='lat' dir='ltr'>nunc</span> <span class='ocrx_word' id='word_1_817' title='bbox 2352 2822 2416 2864; x_wconf 86' lang='lat' dir='ltr'>via</span> <span class='ocrx_word' id='word_1_818' title='bbox 2436 2829 2549 2879; x_wconf 86' lang='lat' dir='ltr'>patet</span> <span class='ocrx_word' id='word_1_819' title='bbox 2562 2820 2617 2864; x_wconf 86' lang='lat' dir='ltr'>ad</span> <span class='ocrx_word' id='word_1_820' title='bbox 2635 2821 2766 2864; x_wconf 70' lang='lat' dir='ltr'>Missi</span> <span class='ocrx_word' id='word_1_821' title='bbox 2784 2815 2791 2858; x_wconf 66' lang='grc' dir='ltr'>ἰ’</span> 
     </span>
     <span class='ocr_line' id='line_1_102' title="bbox 1540 2885 2793 2945; baseline -0.003 -14"><span class='ocrx_word' id='word_1_822' title='bbox 1540 2888 1555 2945; x_wconf 91' lang='grc'>(</span> <span class='ocrx_word' id='word_1_823' title='bbox 1584 2889 1797 2931; x_wconf 81' lang='lat' dir='ltr'>Mansista</span> <span class='ocrx_word' id='word_1_824' title='bbox 1810 2887 1929 2939; x_wconf 65' lang='lat' dir='ltr'>ltin„</span> <span class='ocrx_word' id='word_1_825' title='bbox 1946 2887 2240 2942; x_wconf 59' lang='lat' dir='ltr'>Mopsuestiam</span> <span class='ocrx_word' id='word_1_826' title='bbox 2258 2889 2273 2940; x_wconf 96' lang='lat'>)</span> <span class='ocrx_word' id='word_1_827' title='bbox 2294 2885 2455 2927; x_wconf 89' lang='lat' dir='ltr'>urbem.</span> <span class='ocrx_word' id='word_1_828' title='bbox 2473 2886 2563 2928; x_wconf 77' lang='lat' dir='ltr'>Ima</span> <span class='ocrx_word' id='word_1_829' title='bbox 2577 2885 2759 2927; x_wconf 84' lang='grc' dir='ltr'>111011ιί0</span> <span class='ocrx_word' id='word_1_830' title='bbox 2785 2892 2793 2913; x_wconf 70' lang='grc'>»“</span> 
     </span>
     <span class='ocr_line' id='line_1_103' title="bbox 1539 2945 2796 3006; baseline -0.003 -14"><span class='ocrx_word' id='word_1_831' title='bbox 1539 2951 1596 2993; x_wconf 89' lang='lat' dir='ltr'>ibi</span> <span class='ocrx_word' id='word_1_832' title='bbox 1612 2951 1665 2992; x_wconf 86' lang='lat' dir='ltr'>ad</span> <span class='ocrx_word' id='word_1_833' title='bbox 1683 2965 1796 2992; x_wconf 88' lang='lat' dir='ltr'>mare</span> <span class='ocrx_word' id='word_1_834' title='bbox 1810 2964 1941 3006; x_wconf 88' lang='lat' dir='ltr'>prope</span> <span class='ocrx_word' id='word_1_835' title='bbox 1959 2947 2162 2991; x_wconf 88' lang='lat' dir='ltr'>accedunt</span> <span class='ocrx_word' id='word_1_836' title='bbox 2174 2980 2186 3000; x_wconf 89' lang='lat'>,</span> <span class='ocrx_word' id='word_1_837' title='bbox 2207 2958 2248 2990; x_wconf 89' lang='lat' dir='ltr'>et</span> <span class='ocrx_word' id='word_1_838' title='bbox 2265 2950 2306 2990; x_wconf 87' lang='lat' dir='ltr'>in</span> <span class='ocrx_word' id='word_1_839' title='bbox 2331 2949 2450 2990; x_wconf 88' lang='lat' dir='ltr'>litore</span> <span class='ocrx_word' id='word_1_840' title='bbox 2464 2945 2665 3005; x_wconf 84' lang='lat' dir='ltr'>oppidum</span> <span class='ocrx_word' id='word_1_841' title='bbox 2681 2960 2751 2989; x_wconf 85' lang='lat' dir='ltr'>era</span> <span class='ocrx_word' id='word_1_842' title='bbox 2763 2951 2796 2982; x_wconf 70' lang='grc' dir='ltr'>ν’</span> 
     </span>
     <span class='ocr_line' id='line_1_104' title="bbox 1539 3010 2802 3072; baseline -0.003 -17"><span class='ocrx_word' id='word_1_843' title='bbox 1539 3012 1653 3070; x_wconf 89' lang='lat' dir='ltr'>quod</span> <span class='ocrx_word' id='word_1_844' title='bbox 1673 3028 1696 3055; x_wconf 88' lang='lat' dir='ltr'>a</span> <span class='ocrx_word' id='word_1_845' title='bbox 1722 3013 1826 3070; x_wconf 84' lang='lat' dir='ltr'>pylis</span> <span class='ocrx_word' id='word_1_846' title='bbox 1846 3013 2057 3056; x_wconf 81' lang='lat' dir='ltr'>Amanicis</span> <span class='ocrx_word' id='word_1_847' title='bbox 2078 3026 2232 3055; x_wconf 89' lang='lat' dir='ltr'>nomen</span> <span class='ocrx_word' id='word_1_848' title='bbox 2260 3020 2429 3053; x_wconf 89' lang='lat' dir='ltr'>nactum</span> <span class='ocrx_word' id='word_1_849' title='bbox 2447 3010 2668 3053; x_wconf 89' lang='lat' dir='ltr'>stationem</span> <span class='ocrx_word' id='word_1_850' title='bbox 2684 3022 2738 3051; x_wconf 84' lang='lat' dir='ltr'>na</span> <span class='ocrx_word' id='word_1_851' title='bbox 2798 3029 2802 3072; x_wconf 35' lang='grc' dir='ltr'>ζ</span> 
     </span>
     <span class='ocr_line' id='line_1_105' title="bbox 1541 3069 2805 3131; baseline -0.005 -14"><span class='ocrx_word' id='word_1_852' title='bbox 1541 3077 1591 3116; x_wconf 87' lang='lat' dir='ltr'>tis</span> <span class='ocrx_word' id='word_1_853' title='bbox 1627 3074 1851 3131; x_wconf 71' lang='lat' dir='ltr'>praebebat.</span> <span class='ocrx_word' id='word_1_854' title='bbox 1879 3074 2029 3116; x_wconf 77' lang='lat' dir='ltr'>Strabo</span> <span class='ocrx_word' id='word_1_855' title='bbox 2048 3073 2076 3115; x_wconf 92' lang='lat' dir='ltr'>l.</span> <span class='ocrx_word' id='word_1_856' title='bbox 2114 3074 2142 3116; x_wconf 89' lang='lat' dir='ltr'>l.</span> <span class='ocrx_word' id='word_1_857' title='bbox 2181 3087 2192 3116; x_wconf 75' lang='lat' dir='ltr'>t</span> <span class='ocrx_word' id='word_1_858' title='bbox 2225 3073 2337 3116; x_wconf 77' lang='grc' dir='ltr'>Μετὰ</span> <span class='ocrx_word' id='word_1_859' title='bbox 2359 3072 2401 3115; x_wconf 67' lang='lat' dir='ltr'>Sl</span> <span class='ocrx_word' id='word_1_860' title='bbox 2432 3070 2600 3115; x_wconf 71' lang='grc' dir='ltr'>Μαλλὸν</span> <span class='ocrx_word' id='word_1_861' title='bbox 2627 3069 2775 3127; x_wconf 63' lang='grc' dir='ltr'>Αἰγαῖ«.</span> <span class='ocrx_word' id='word_1_862' title='bbox 2799 3074 2805 3106; x_wconf 71' lang='grc' dir='ltr'>ἰ</span> 
     </span>
     <span class='ocr_line' id='line_1_106' title="bbox 1539 3132 2763 3193; baseline -0.002 -15"><span class='ocrx_word' id='word_1_863' title='bbox 1539 3137 1761 3192; x_wconf 73' lang='grc' dir='ltr'>πολίχνιον,</span> <span class='ocrx_word' id='word_1_864' title='bbox 1795 3137 1965 3193; x_wconf 72' lang='grc' dir='ltr'>δφορμον</span> <span class='ocrx_word' id='word_1_865' title='bbox 1994 3136 2105 3191; x_wconf 74' lang='grc' dir='ltr'>ἔχον,</span> <span class='ocrx_word' id='word_1_866' title='bbox 2145 3134 2218 3177; x_wconf 80' lang='grc' dir='ltr'>εἶτ’</span> <span class='ocrx_word' id='word_1_867' title='bbox 2254 3135 2449 3191; x_wconf 77' lang='grc' dir='ltr'>Ἀμανίδις</span> <span class='ocrx_word' id='word_1_868' title='bbox 2475 3132 2595 3177; x_wconf 72' lang='grc' dir='ltr'>πύλαι</span> <span class='ocrx_word' id='word_1_869' title='bbox 2612 3132 2763 3191; x_wconf 58' lang='lat' dir='ltr'>&amp;poppo</span> 
     </span>
     <span class='ocr_line' id='line_1_107' title="bbox 1540 3194 2758 3255; baseline -0.002 -15"><span class='ocrx_word' id='word_1_870' title='bbox 1540 3200 1716 3255; x_wconf 76' lang='grc' dir='ltr'>ἔχουσαι.</span> <span class='ocrx_word' id='word_1_871' title='bbox 1741 3198 1805 3240; x_wconf 79' lang='lat' dir='ltr'>Ad</span> <span class='ocrx_word' id='word_1_872' title='bbox 1831 3198 2009 3240; x_wconf 85' lang='lat' dir='ltr'>eundem</span> <span class='ocrx_word' id='word_1_873' title='bbox 2040 3198 2174 3239; x_wconf 89' lang='lat' dir='ltr'>locum</span> <span class='ocrx_word' id='word_1_874' title='bbox 2203 3198 2409 3253; x_wconf 87' lang='lat' dir='ltr'>pertinere</span> <span class='ocrx_word' id='word_1_875' title='bbox 2442 3194 2607 3239; x_wconf 80' lang='lat' dir='ltr'>videtur</span> <span class='ocrx_word' id='word_1_876' title='bbox 2633 3209 2726 3252; x_wconf 71' lang='lat' dir='ltr'>quae</span> <span class='ocrx_word' id='word_1_877' title='bbox 2744 3196 2758 3238; x_wconf 91' lang='lat' dir='ltr'>i</span> 
     </span>
     <span class='ocr_line' id='line_1_108' title="bbox 1538 3257 2774 3318; baseline -0.005 -14"><span class='ocrx_word' id='word_1_878' title='bbox 1538 3262 1703 3318; x_wconf 84' lang='lat' dir='ltr'>Scylace</span> <span class='ocrx_word' id='word_1_879' title='bbox 1721 3269 1814 3317; x_wconf 84' lang='lat' dir='ltr'>post</span> <span class='ocrx_word' id='word_1_880' title='bbox 1828 3260 1996 3302; x_wconf 85' lang='lat' dir='ltr'>Mallum</span> <span class='ocrx_word' id='word_1_881' title='bbox 2017 3268 2271 3301; x_wconf 86' lang='lat' dir='ltr'>memoratur</span> <span class='ocrx_word' id='word_1_882' title='bbox 2288 3258 2422 3313; x_wconf 79' lang='grc' dir='ltr'>Ἀδάνη</span> <span class='ocrx_word' id='word_1_883' title='bbox 2442 3258 2502 3317; x_wconf 90' lang='lat' dir='ltr'>(l.</span> <span class='ocrx_word' id='word_1_884' title='bbox 2524 3257 2666 3316; x_wconf 70' lang='grc' dir='ltr'>Ἆμανή</span> <span class='ocrx_word' id='word_1_885' title='bbox 2685 3259 2703 3315; x_wconf 89' lang='grc'>)</span> <span class='ocrx_word' id='word_1_886' title='bbox 2720 3257 2737 3302; x_wconf 68' lang='lat' dir='ltr'>i</span> <span class='ocrx_word' id='word_1_887' title='bbox 2771 3292 2774 3298; x_wconf 89' lang='lat'>.</span> 
     </span>
     <span class='ocr_line' id='line_1_109' title="bbox 1540 3321 2762 3380; baseline -0.002 -13"><span class='ocrx_word' id='word_1_888' title='bbox 1540 3325 1691 3380; x_wconf 83' lang='grc' dir='ltr'>πόριον,</span> <span class='ocrx_word' id='word_1_889' title='bbox 1707 3321 1911 3378; x_wconf 84' lang='lat' dir='ltr'>siquidem</span> <span class='ocrx_word' id='word_1_890' title='bbox 1930 3321 1977 3364; x_wconf 78' lang='grc' dir='ltr'>τὰ</span> <span class='ocrx_word' id='word_1_891' title='bbox 1991 3321 2131 3364; x_wconf 61' lang='lat' dir='ltr'>&#39;mm</span> <span class='ocrx_word' id='word_1_892' title='bbox 2147 3322 2246 3364; x_wconf 86' lang='lat' dir='ltr'>urbs</span> <span class='ocrx_word' id='word_1_893' title='bbox 2262 3322 2576 3373; x_wconf 80' lang='lat' dir='ltr'>mediterranea.</span> <span class='ocrx_word' id='word_1_894' title='bbox 2593 3321 2626 3364; x_wconf 77' lang='lat' dir='ltr'>ai</span> <span class='ocrx_word' id='word_1_895' title='bbox 2641 3321 2721 3364; x_wconf 78' lang='lat' dir='ltr'>seri</span> <span class='ocrx_word' id='word_1_896' title='bbox 2733 3344 2762 3356; x_wconf 47' lang='lat' dir='ltr'><em>as</em></span> 
     </span>
     <span class='ocr_line' id='line_1_110' title="bbox 1541 3380 2756 3442; baseline -0.002 -13"><span class='ocrx_word' id='word_1_897' title='bbox 1541 3387 1761 3429; x_wconf 86' lang='lat' dir='ltr'>nominum</span> <span class='ocrx_word' id='word_1_898' title='bbox 1790 3399 1953 3428; x_wconf 84' lang='lat' dir='ltr'>servare</span> <span class='ocrx_word' id='word_1_899' title='bbox 1967 3385 2081 3437; x_wconf 82' lang='lat' dir='ltr'>velis,</span> <span class='ocrx_word' id='word_1_900' title='bbox 2103 3385 2272 3441; x_wconf 90' lang='lat' dir='ltr'>intelligi</span> <span class='ocrx_word' id='word_1_901' title='bbox 2297 3385 2455 3442; x_wconf 87' lang='lat' dir='ltr'>nequit.</span> <span class='ocrx_word' id='word_1_902' title='bbox 2474 3386 2613 3427; x_wconf 76' lang='lat' dir='ltr'>Portoe</span> <span class='ocrx_word' id='word_1_903' title='bbox 2633 3380 2756 3427; x_wconf 66' lang='lat'>&amp;7⁶⁹</span> 
     </span>
     <span class='ocr_line' id='line_1_111' title="bbox 1541 3445 2766 3505; baseline -0.003 -13"><span class='ocrx_word' id='word_1_904' title='bbox 1541 3450 1656 3492; x_wconf 83' lang='lat' dir='ltr'>locus</span> <span class='ocrx_word' id='word_1_905' title='bbox 1690 3457 1858 3490; x_wconf 85' lang='lat' dir='ltr'>vocatur</span> <span class='ocrx_word' id='word_1_906' title='bbox 1879 3463 1945 3505; x_wconf 86' lang='lat' dir='ltr'>ap.</span> <span class='ocrx_word' id='word_1_907' title='bbox 1967 3447 2144 3491; x_wconf 88' lang='lat' dir='ltr'>Plinium</span> <span class='ocrx_word' id='word_1_908' title='bbox 2179 3448 2206 3490; x_wconf 92' lang='lat' dir='ltr'>l.</span> <span class='ocrx_word' id='word_1_909' title='bbox 2239 3447 2266 3490; x_wconf 93' lang='lat' dir='ltr'>l.</span> <span class='ocrx_word' id='word_1_910' title='bbox 2293 3450 2316 3502; x_wconf 78' lang='lat' dir='ltr'>S</span> <span class='ocrx_word' id='word_1_911' title='bbox 2339 3461 2408 3503; x_wconf 84' lang='lat'>91,</span> <span class='ocrx_word' id='word_1_912' title='bbox 2430 3455 2473 3489; x_wconf 92' lang='lat' dir='ltr'>at</span> <span class='ocrx_word' id='word_1_913' title='bbox 2490 3445 2766 3503; x_wconf 64' lang='grc' dir='ltr'>1001οι10111·-4</span> 
     </span>
     <span class='ocr_line' id='line_1_112' title="bbox 1543 3506 2765 3567; baseline -0.001 -14"><span class='ocrx_word' id='word_1_914' title='bbox 1543 3511 1651 3553; x_wconf 89' lang='lat' dir='ltr'>inter</span> <span class='ocrx_word' id='word_1_915' title='bbox 1688 3513 1912 3567; x_wconf 84' lang='lat' dir='ltr'>Pyramum</span> <span class='ocrx_word' id='word_1_916' title='bbox 1945 3518 1985 3551; x_wconf 91' lang='lat' dir='ltr'>et</span> <span class='ocrx_word' id='word_1_917' title='bbox 2018 3508 2204 3552; x_wconf 85' lang='lat' dir='ltr'>Mallum.</span> <span class='ocrx_word' id='word_1_918' title='bbox 2245 3510 2421 3551; x_wconf 82' lang='lat' dir='ltr'>Exstant</span> <span class='ocrx_word' id='word_1_919' title='bbox 2444 3507 2576 3551; x_wconf 61' lang='lat' dir='ltr'>ruina</span> <span class='ocrx_word' id='word_1_920' title='bbox 2598 3506 2651 3550; x_wconf 85' lang='lat' dir='ltr'>ad</span> <span class='ocrx_word' id='word_1_921' title='bbox 2683 3506 2731 3550; x_wconf 82' lang='lat' dir='ltr'>h·</span> <span class='ocrx_word' id='word_1_922' title='bbox 2750 3528 2765 3552; x_wconf 77' lang='lat'>·.</span> 
     </span>
     <span class='ocr_line' id='line_1_113' title="bbox 1541 3570 2767 3629; baseline -0.002 -13"><span class='ocrx_word' id='word_1_923' title='bbox 1541 3574 1730 3616; x_wconf 80' lang='lat' dir='ltr'>Matach.</span> <span class='ocrx_word' id='word_1_924' title='bbox 1755 3598 1811 3606; x_wconf 89' lang='lat'>—</span> <span class='ocrx_word' id='word_1_925' title='bbox 1833 3572 1961 3628; x_wconf 87' lang='lat' dir='ltr'>Quod</span> <span class='ocrx_word' id='word_1_926' title='bbox 1985 3573 2166 3629; x_wconf 80' lang='lat' dir='ltr'>reliquos</span> <span class='ocrx_word' id='word_1_927' title='bbox 2206 3572 2355 3615; x_wconf 79' lang='lat' dir='ltr'>Amani</span> <span class='ocrx_word' id='word_1_928' title='bbox 2389 3571 2586 3614; x_wconf 76' lang='lat' dir='ltr'>transitus</span> <span class='ocrx_word' id='word_1_929' title='bbox 2618 3570 2711 3613; x_wconf 85' lang='grc' dir='ltr'>111ιί</span> <span class='ocrx_word' id='word_1_930' title='bbox 2733 3575 2767 3604; x_wconf 58' lang='lat'>2.</span> 
     </span>
     <span class='ocr_line' id='line_1_114' title="bbox 1543 3633 2758 3693; baseline -0.003 -16"><span class='ocrx_word' id='word_1_931' title='bbox 1543 3635 1837 3679; x_wconf 77' lang='lat' dir='ltr'>tiietnomndus</span> <span class='ocrx_word' id='word_1_932' title='bbox 1852 3650 2034 3693; x_wconf 77' lang='lat' dir='ltr'>primum</span> <span class='ocrx_word' id='word_1_933' title='bbox 2054 3650 2127 3692; x_wconf 75' lang='lat' dir='ltr'>qui</span> <span class='ocrx_word' id='word_1_934' title='bbox 2148 3650 2261 3677; x_wconf 88' lang='lat' dir='ltr'>nunc</span> <span class='ocrx_word' id='word_1_935' title='bbox 2283 3651 2306 3677; x_wconf 87' lang='lat' dir='ltr'>a</span> <span class='ocrx_word' id='word_1_936' title='bbox 2330 3634 2488 3691; x_wconf 71' lang='lat' dir='ltr'>Raylau</span> <span class='ocrx_word' id='word_1_937' title='bbox 2514 3633 2607 3676; x_wconf 80' lang='lat' dir='ltr'>vico</span> <span class='ocrx_word' id='word_1_938' title='bbox 2634 3645 2732 3675; x_wconf 86' lang='lat' dir='ltr'>nom</span> <span class='ocrx_word' id='word_1_939' title='bbox 2746 3662 2758 3672; x_wconf 77' lang='grc'>-,</span> 
     </span>
     <span class='ocr_line' id='line_1_115' title="bbox 1543 3694 2808 3757; baseline -0.002 -17"><span class='ocrx_word' id='word_1_940' title='bbox 1543 3699 1680 3751; x_wconf 82' lang='lat' dir='ltr'>habet,</span> <span class='ocrx_word' id='word_1_941' title='bbox 1702 3698 1815 3755; x_wconf 87' lang='lat' dir='ltr'>quod</span> <span class='ocrx_word' id='word_1_942' title='bbox 1838 3714 1886 3741; x_wconf 85' lang='lat' dir='ltr'>ex</span> <span class='ocrx_word' id='word_1_943' title='bbox 1907 3713 2040 3755; x_wconf 79' lang='lat' dir='ltr'>graeco</span> <span class='ocrx_word' id='word_1_944' title='bbox 2055 3698 2174 3741; x_wconf 77' lang='grc' dir='ltr'>πύλαι</span> <span class='ocrx_word' id='word_1_945' title='bbox 2188 3706 2328 3741; x_wconf 86' lang='lat' dir='ltr'>ortum</span> <span class='ocrx_word' id='word_1_946' title='bbox 2348 3711 2436 3740; x_wconf 78' lang='lat' dir='ltr'>esse</span> <span class='ocrx_word' id='word_1_947' title='bbox 2451 3694 2631 3747; x_wconf 81' lang='lat' dir='ltr'>videtur,</span> <span class='ocrx_word' id='word_1_948' title='bbox 2655 3708 2714 3752; x_wconf 89' lang='lat' dir='ltr'>qu</span> <span class='ocrx_word' id='word_1_949' title='bbox 2751 3695 2754 3701; x_wconf 87' lang='lat'>&#39;</span> <span class='ocrx_word' id='word_1_950' title='bbox 2785 3702 2808 3757; x_wconf 65' lang='lat' dir='ltr'>‘J</span> 
     </span>
     <span class='ocr_line' id='line_1_116' title="bbox 1543 3754 2795 3818; baseline -0.002 -16"><span class='ocrx_word' id='word_1_951' title='bbox 1543 3770 1752 3817; x_wconf 86' lang='lat' dir='ltr'>tamquam</span> <span class='ocrx_word' id='word_1_952' title='bbox 1768 3761 1971 3818; x_wconf 85' lang='lat' dir='ltr'>oppidum</span> <span class='ocrx_word' id='word_1_953' title='bbox 1992 3776 2060 3803; x_wconf 85' lang='lat' dir='ltr'>eas</span> <span class='ocrx_word' id='word_1_954' title='bbox 2088 3760 2205 3818; x_wconf 72' lang='lat' dir='ltr'>Pylas</span> <span class='ocrx_word' id='word_1_955' title='bbox 2238 3761 2374 3818; x_wconf 80' lang='lat' dir='ltr'>Syrias</span> <span class='ocrx_word' id='word_1_956' title='bbox 2402 3766 2610 3802; x_wconf 83' lang='lat' dir='ltr'>recenseat</span> <span class='ocrx_word' id='word_1_957' title='bbox 2632 3754 2736 3800; x_wconf 74' lang='lat' dir='ltr'>Plini</span> <span class='ocrx_word' id='word_1_958' title='bbox 2751 3779 2774 3807; x_wconf 67' lang='grc' dir='ltr'>χ,</span> <span class='ocrx_word' id='word_1_959' title='bbox 2794 3759 2795 3762; x_wconf 72' lang='grc'>’</span> 
     </span>
     <span class='ocr_line' id='line_1_117' title="bbox 1542 3819 2702 3874; baseline -0.001 -11"><span class='ocrx_word' id='word_1_960' title='bbox 1542 3824 1597 3874; x_wconf 88' lang='lat' dir='ltr'>V,</span> <span class='ocrx_word' id='word_1_961' title='bbox 1629 3827 1676 3866; x_wconf 91' lang='grc'>18</span> <span class='ocrx_word' id='word_1_962' title='bbox 1704 3825 1744 3865; x_wconf 89' lang='lat' dir='ltr'>in</span> <span class='ocrx_word' id='word_1_963' title='bbox 1782 3823 1995 3866; x_wconf 79' lang='lat' dir='ltr'>intervallo</span> <span class='ocrx_word' id='word_1_964' title='bbox 2023 3824 2298 3865; x_wconf 82' lang='lat' dir='ltr'>Rhosicorum</span> <span class='ocrx_word' id='word_1_965' title='bbox 2331 3822 2535 3863; x_wconf 89' lang='lat' dir='ltr'>montium</span> <span class='ocrx_word' id='word_1_966' title='bbox 2565 3827 2606 3862; x_wconf 86' lang='lat' dir='ltr'>et</span> <span class='ocrx_word' id='word_1_967' title='bbox 2639 3819 2702 3862; x_wconf 81' lang='lat' dir='ltr'>Ta</span> 
     </span>
     <span class='ocr_line' id='line_1_118' title="bbox 1542 3882 2743 3943; baseline 0.001 -19"><span class='ocrx_word' id='word_1_968' title='bbox 1542 3884 1677 3941; x_wconf 80' lang='grc' dir='ltr'>Συρίας</span> <span class='ocrx_word' id='word_1_969' title='bbox 1707 3886 1824 3928; x_wconf 78' lang='grc' dir='ltr'>πύλαι</span> <span class='ocrx_word' id='word_1_970' title='bbox 1847 3894 2049 3928; x_wconf 85' lang='lat' dir='ltr'>vocantur</span> <span class='ocrx_word' id='word_1_971' title='bbox 2078 3885 2200 3927; x_wconf 86' lang='lat' dir='ltr'>etiam</span> <span class='ocrx_word' id='word_1_972' title='bbox 2232 3899 2299 3940; x_wconf 83' lang='lat' dir='ltr'>ap.</span> <span class='ocrx_word' id='word_1_973' title='bbox 2336 3882 2690 3943; x_wconf 79' lang='lat' dir='ltr'>Pseudo-Aristot.</span> <span class='ocrx_word' id='word_1_974' title='bbox 2719 3899 2743 3941; x_wconf 38' lang='grc' dir='ltr'>ς·</span> 
     </span>
     <span class='ocr_line' id='line_1_119' title="bbox 1543 3944 2788 4005; baseline -0.002 -17"><span class='ocrx_word' id='word_1_975' title='bbox 1543 3956 1654 3989; x_wconf 84' lang='lat' dir='ltr'>vent.</span> <span class='ocrx_word' id='word_1_976' title='bbox 1674 3964 1787 3990; x_wconf 87' lang='lat' dir='ltr'>nom.</span> <span class='ocrx_word' id='word_1_977' title='bbox 1810 3963 1852 4005; x_wconf 90' lang='lat' dir='ltr'>p.</span> <span class='ocrx_word' id='word_1_978' title='bbox 1880 3950 1975 3998; x_wconf 70' lang='lat'>548.</span> <span class='ocrx_word' id='word_1_979' title='bbox 1995 3948 2057 3990; x_wconf 89' lang='lat' dir='ltr'>Ibi</span> <span class='ocrx_word' id='word_1_980' title='bbox 2080 3950 2214 4004; x_wconf 76' lang='lat' dir='ltr'>Cyrus</span> <span class='ocrx_word' id='word_1_981' title='bbox 2231 3954 2412 3988; x_wconf 85' lang='lat' dir='ltr'>montem</span> <span class='ocrx_word' id='word_1_982' title='bbox 2430 3944 2600 4002; x_wconf 84' lang='lat' dir='ltr'>trajecit.</span> <span class='ocrx_word' id='word_1_983' title='bbox 2640 3952 2652 3979; x_wconf 85' lang='grc' dir='ltr'>Ι</span> <span class='ocrx_word' id='word_1_984' title='bbox 2675 3974 2681 3978; x_wconf 93' lang='grc'>-</span> <span class='ocrx_word' id='word_1_985' title='bbox 2723 3947 2746 3971; x_wconf 82' lang='grc'>”-</span> <span class='ocrx_word' id='word_1_986' title='bbox 2785 3964 2788 4002; x_wconf 73' lang='lat' dir='ltr'>j</span> 
     </span>
     <span class='ocr_line' id='line_1_120' title="bbox 1542 3998 2736 4067; baseline -0.003 -16"><span class='ocrx_word' id='word_1_987' title='bbox 1542 4012 1726 4066; x_wconf 86' lang='lat' dir='ltr'>ptioncm</span> <span class='ocrx_word' id='word_1_988' title='bbox 1753 4011 1931 4052; x_wconf 84' lang='lat' dir='ltr'>saucium</span> <span class='ocrx_word' id='word_1_989' title='bbox 1949 4009 2044 4052; x_wconf 67' lang='lat' dir='ltr'>vide</span> <span class='ocrx_word' id='word_1_990' title='bbox 2076 4025 2144 4067; x_wconf 85' lang='lat' dir='ltr'>ap.</span> <span class='ocrx_word' id='word_1_991' title='bbox 2176 4008 2351 4062; x_wconf 84' lang='lat' dir='ltr'>Diodor.</span> <span class='ocrx_word' id='word_1_992' title='bbox 2378 4009 2496 4062; x_wconf 78' lang='lat' dir='ltr'>XIV,</span> <span class='ocrx_word' id='word_1_993' title='bbox 2528 4020 2597 4049; x_wconf 82' lang='lat'>2¹.</span> <span class='ocrx_word' id='word_1_994' title='bbox 2642 4014 2680 4040; x_wconf 74' lang='lat'>⁸-</span> <span class='ocrx_word' id='word_1_995' title='bbox 2721 3998 2736 4022; x_wconf 60' lang='lat'><em>³</em></span> 
     </span>
    </p>
   </div>
   <div class='ocr_carea' id='block_1_11' title="bbox 2066 984 2294 1036">
    <p class='ocr_par' dir='ltr' id='par_1_13' title="bbox 2066 984 2294 1036">
     <span class='ocr_line' id='line_1_121' title="bbox 2066 984 2294 1036; baseline 0.018 -14"><span class='ocrx_word' id='word_1_996' title='bbox 2066 986 2139 1036; x_wconf 85' lang='lat'>69⁰</span> <span class='ocrx_word' id='word_1_997' title='bbox 2226 984 2294 1027; x_wconf 74' lang='lat' dir='ltr'>ao&#39;</span> 
     </span>
    </p>
   </div>
   <div class='ocr_carea' id='block_1_12' title="bbox 2687 1521 2808 4101">
    <p class='ocr_par' dir='ltr' id='par_1_14' title="bbox 2687 1521 2808 4101">
     <span class='ocr_line' id='line_1_122' title="bbox 2738 1521 2808 1784; baseline 0 -57"><span class='ocrx_word' id='word_1_998' title='bbox 2738 1521 2808 1784; x_wconf 95' lang='lat' dir='ltr'>     </span> 
     </span>
     <span class='ocr_line' id='line_1_123' title="bbox 2687 1784 2808 1970; baseline 0 -113"><span class='ocrx_word' id='word_1_999' title='bbox 2687 1784 2808 1970; x_wconf 95' lang='lat' dir='ltr'>    </span> 
     </span>
     <span class='ocr_line' id='line_1_124' title="bbox 2737 1970 2808 2283; baseline 0 -120"><span class='ocrx_word' id='word_1_1000' title='bbox 2737 1970 2808 2283; x_wconf 95' lang='lat' dir='ltr'>      </span> 
     </span>
     <span class='ocr_line' id='line_1_125' title="bbox 2787 2291 2808 2596; baseline 0 -185"><span class='ocrx_word' id='word_1_1001' title='bbox 2787 2291 2808 2596; x_wconf 95' lang='lat' dir='ltr'>     </span> 
     </span>
     <span class='ocr_line' id='line_1_126' title="bbox 2795 2596 2808 2661; baseline 0 -58"><span class='ocrx_word' id='word_1_1002' title='bbox 2795 2596 2808 2661; x_wconf 95' lang='lat' dir='ltr'>  </span> 
     </span>
     <span class='ocr_line' id='line_1_127' title="bbox 2787 2661 2808 2848; baseline 0 -57"><span class='ocrx_word' id='word_1_1003' title='bbox 2787 2661 2808 2848; x_wconf 95' lang='lat' dir='ltr'>   </span> 
     </span>
     <span class='ocr_line' id='line_1_128' title="bbox 2744 2848 2808 3036; baseline -0.109 -121"><span class='ocrx_word' id='word_1_1004' title='bbox 2744 2848 2808 3036; x_wconf 95' lang='lat' dir='ltr'>    </span> 
     </span>
     <span class='ocr_line' id='line_1_129' title="bbox 2741 3036 2808 3223; baseline 0.03 -123"><span class='ocrx_word' id='word_1_1005' title='bbox 2741 3036 2808 3223; x_wconf 95' lang='lat' dir='ltr'>    </span> 
     </span>
     <span class='ocr_line' id='line_1_130' title="bbox 2758 3223 2808 3285; baseline 0 1057"><span class='ocrx_word' id='word_1_1006' title='bbox 2758 3223 2808 3285; x_wconf 95' lang='lat' dir='ltr'> </span> 
     </span>
     <span class='ocr_line' id='line_1_131' title="bbox 2703 3285 2808 3535; baseline 0 -120"><span class='ocrx_word' id='word_1_1007' title='bbox 2703 3285 2808 3535; x_wconf 95' lang='lat' dir='ltr'>     </span> 
     </span>
     <span class='ocr_line' id='line_1_132' title="bbox 2691 3535 2806 3603; baseline 0 -6"><span class='ocrx_word' id='word_1_1008' title='bbox 2691 3535 2806 3603; x_wconf 95' lang='lat' dir='ltr'>  </span> 
     </span>
     <span class='ocr_line' id='line_1_133' title="bbox 2732 3603 2806 3785; baseline 0 -63"><span class='ocrx_word' id='word_1_1009' title='bbox 2732 3603 2806 3785; x_wconf 95' lang='lat' dir='ltr'>     </span> 
     </span>
     <span class='ocr_line' id='line_1_134' title="bbox 2703 3785 2801 3901; baseline 0 -51"><span class='ocrx_word' id='word_1_1010' title='bbox 2703 3785 2801 3901; x_wconf 95' lang='lat' dir='ltr'>   </span> 
     </span>
     <span class='ocr_line' id='line_1_135' title="bbox 2690 3901 2801 4101; baseline 0.081 -137"><span class='ocrx_word' id='word_1_1011' title='bbox 2690 3901 2801 4101; x_wconf 95' lang='lat' dir='ltr'>    </span> 
     </span>
    </p>
   </div>
   <div class='ocr_carea' id='block_1_13' title="bbox 2805 3897 2808 4063">
    <p class='ocr_par' dir='ltr' id='par_1_15' title="bbox 2805 3897 2808 4063">
     <span class='ocr_line' id='line_1_136' title="bbox 2805 3897 2808 4063; baseline 0 279"><span class='ocrx_word' id='word_1_1012' title='bbox 2805 3897 2808 4063; x_wconf 95' lang='lat' dir='ltr'> </span> 
     </span>
    </p>
   </div>
   <div class='ocr_carea' id='block_1_14' title="bbox 2803 4118 2808 4342">
    <p class='ocr_par' dir='ltr' id='par_1_16' title="bbox 2803 4118 2808 4342">
     <span class='ocr_line' id='line_1_137' title="bbox 2803 4118 2808 4342; baseline 0 0"><span class='ocrx_word' id='word_1_1013' title='bbox 2803 4118 2808 4342; x_wconf 95' lang='lat' dir='ltr'> </span> 
     </span>
    </p>
   </div>
  </div>
 </body>
</html>
