2808 4342
80 177 242 238 (ιω)

319 283 736 320 ΤΑΡΡΑΚΩΝΗΣΙΑΣ
770 287 1074 325 ΠΕΡῙΠΛΟΥΣ.

150 396 204 425 16.
217 378 270 424 ‘H
281 381 320 424 Τ
322 377 614 438 αρρακωνησία
627 382 707 424 τῶν
709 379 931 427 Ἱσπανιῶν
947 384 1255 472 περιορίζεται’
1233 386 1314 430 απὸ

0 502 3 509 Ι
85 447 158 505 μὲν
176 446 335 531 ἄρκτων
359 465 416 508 τῳ
438 446 689 510 Κανταδρίῳ
717 451 900 494 ὠκεανῶ·
920 450 1007 495 ἔστι
1031 452 1072 497 δὲ
1093 446 1208 504 ουτος
1233 457 1313 499 τῶν

0 529 7 590 ξ
85 516 279 577 ἀρκτώων
305 533 355 598 με
339 518 452 577 ..ρῶν-
478 514 560 560 ἀπὸ
583 515 625 561 δὲ
650 518 858 580 ἀνατολῶν
886 522 1049 602 θερινῶν
1069 524 1120 582 τῇ
1145 521 1313 583 Πυρήνῃ

0 594 7 634 ξε
29 600 56 629 5
82 583 222 646 πάσῃ,
243 583 325 628 ἀπὸ
343 602 410 628 του
426 584 600 629 Οἷοίσσω
619 603 690 639 της
710 584 940 646 Πυρήνης
919 588 1173 650 ακρωτηρίου
1184 589 1315 677 Ημέχρι

0 651 3 659 “
34 655 38 658 ⁴
83 670 154 696 του
188 651 324 714 ἑτέρου
359 651 613 714 ἀκρωτηρίου
642 654 765 707 αὐτῆς
789 658 858 698 τοῦ
882 654 1069 713 κειμένου
1098 657 1205 702 κατὰ
1241 658 1314 713 τὴν

81 721 284 783 ἡμετέραν
309 721 520 765 θάλασσαν
532 719 622 781 ,ἐφ’
643 724 689 765 οὖ
665 713 868 784 ἵδρυται
886 721 932 767 τὸ
954 723 1059 785 ἱερὸν
1083 729 1155 782 τῆς
1174 726 1315 788 Ἀφρο-

84 790 208 846 δίτης,
227 790 283 849 [
260 788 341 834 απὸ
357 787 398 833 δὲ
419 781 626 833 ἀνατολῶν
646 793 887 852 χειμερινῶν
905 811 962 854 τῳ
983 794 1221 856 Βαλιαρικῷ
1241 814 1315 839 πε·

83 857 248 917 λάγει]·
269 856 349 900 ἀπὸ
344 845 411 900 δὲ
435 856 696 918 μεσημδρίας
716 862 767 919 τῇ
791 877 835 904 τε
865 862 1139 923 προειρημένῃ
1164 866 1314 908 Λουσι·

20 940 62 969 ιο
83 925 202 970 τανία
241 924 311 969 καὶ
338 925 355 985 [
374 928 423 986 τῇ
450 927 624 985 Βαιτικῇ
661 931 711 989 τῇ
732 929 1003 991 ἐπικειμένῃ]
1026 934 1076 991 τῇ
1098 931 1188 977 καθ’
1207 935 1317 991 ἡμᾶς

82 993 288 1054 θαλάσση·
318 993 400 1039 ἀπὸ
441 993 482 1038 δὲ
519 994 670 1046 δύσεως
702 998 761 1058 τῷ
793 998 942 1060 δυτικῷ
973 999 1160 1062 ὠκεανῷ.
1231 1001 1316 1047 Καὶ

82 1064 108 1116 ἡ
133 1060 207 1120 μὲν
229 1061 338 1118 ὅλη
325 1063 559 1148 περιγραφὴ
584 1081 725 1109 τουτον
749 1064 835 1126 ἔχει
861 1065 928 1111 τὸν
955 1067 1127 1129 τρόπον·
1171 1068 1249 1129 [τὰ
1274 1069 1316 1114 δὲ

82 1129 190 1175 κατὰ
211 1130 332 1193 μέρος
351 1132 477 1184 οὕτως
499 1132 638 1193 ἔχει]

534 1210 557 1232 ῃ
590 1209 608 1227 *e
640 1209 658 1227 νε
691 1210 710 1227 *
742 1210 761 1228 νε
795 1210 812 1228 α
846 1211 862 1229 *

0 661 7 759 ὲ

0 761 10 867 ἑ

17 1283 62 1312 15
235 1268 363 1313 Εστι
394 1269 436 1314 δὲ
464 1274 535 1324 τῆς
567 1273 920 1333 Ταρρακωνησίας
957 1274 1002 1318 τὸ
1025 1293 1155 1357 μηκος
1185 1276 1316 1337 ἀρχό-

85 1355 204 1395 μενον
245 1337 319 1396 μὲν
357 1340 438 1383 ἀπὸ
472 1344 543 1394 τῆς
569 1342 730 1396 δυτικης
765 1345 942 1403 πλευρᾶς
967 1344 1048 1388 ἀπὸ
1069 1362 1138 1388 του
1167 1345 1316 1407 Νερίου

85 1405 368 1467 ἀκρωτηρίου,
407 1410 701 1469 περαιούμενον
737 1410 779 1455 δὲ
813 1411 919 1456 κατὰ
976 1411 1022 1456 τὸ
1063 1413 1315 1475 ἀκρωτήριον

84 1478 159 1530 τῆς
186 1476 382 1536 Πυρήνης
414 1477 459 1521 τὸ
482 1480 521 1522 ἐν
543 1483 594 1540 τῇ
623 1479 713 1524 καθ’
750 1483 859 1539 ἡμᾶς
896 1480 1111 1542 θαλάσσῃ,
1138 1480 1232 1526 ἔνθα
1270 1501 1316 1528 το

18 1571 19 1577 =
83 1543 190 1605 ιερὸν
217 1564 290 1600 της
312 1545 614 1607 Ἀφροδίτης(
592 1568 646 1599 ως
675 1553 778 1594 εἶναι
802 1552 875 1604 τῆς
899 1550 1102 1610 ἐπαρχίας
1120 1553 1165 1595 τὸ
1190 1570 1318 1610 μηκος

41 1626 62 1655 0
84 1612 191 1656 κατὰ
220 1611 294 1668 τὴν
318 1613 384 1658 διὰ
408 1614 533 1674 μέσου
553 1615 683 1674 τομὴν
715 1617 902 1668 σταδίους
926 1618 1042 1679 ζσλ’,
1067 1617 1113 1662 τὸ
1137 1618 1178 1662 δὲ
1205 1620 1317 1664 πλά-

84 1700 149 1732 τος
193 1685 266 1738 τῆς
317 1685 674 1744 Ταρρακωνησίας
719 1685 927 1748 [ἄρχεται
973 1686 1046 1745 μὲν
1087 1686 1194 1731 κατὰ
1242 1687 1316 1743 τὴν

84 1749 275 1813 ἀρκτῴαν
307 1752 487 1813 πλευρὰν
524 1754 606 1797 ἀπὸ
630 1758 699 1797 τοῦ
738 1754 1002 1814 Κανταὸρίου
1031 1755 1213 1800 ὠκεανοῦ
1249 1756 1318 1799 καὶ

86 1822 156 1863 τοῦ
199 1819 436 1879 Πυρηναίου
476 1818 610 1881 ὄρους,
644 1820 870 1881 καταλήγει
911 1818 952 1864 δὲ
1001 1823 1056 1874 ὡς
1102 1821 1203 1884 πρὸς
1236 1841 1318 1882 με-

87 1888 298 1950 σημὸρίαν
322 1889 377 1940 εἷς
410 1887 461 1933 τὰ
486 1890 653 1951 ἀρκτῳα
684 1887 788 1951 μέρη
821 1893 893 1944 τῆς
917 1889 1222 1951 Λουσιτανίας]
1249 1892 1319 1937 καὶ

15 1969 60 2004 ,5
84 1961 154 2013 τῆς
176 1959 375 2013 Βαιτικῆς
408 1958 512 2018 [και
543 1960 599 2010 εἷς
633 1958 800 2019 Οὐρκὴν
835 1959 953 2004 πόλιν
987 1963 1059 2014 τ’ἥς
1092 1962 1319 2021 Βαιτικῆς]

83 2029 136 2077 ὡς
159 2031 262 2071 εἰναι
283 2026 354 2071 καὶ
379 2031 452 2072 τοῦ
481 2027 659 2079 πλάτους
688 2027 734 2073 τὸ
756 2029 965 2089 διάστημα
993 2027 1100 2073 κατὰ
1132 2027 1206 2083 τὴν
1231 2030 1319 2089 μεί-

19 2100 21 2105 ’
85 2098 181 2147 ζονα
215 2095 415 2158 γραμμην
441 2096 617 2140 σταδίων
647 2097 760 2155 δσν’.
827 2095 952 2142 Ἔστι
984 2096 1025 2141 δὲ
1060 2097 1212 2141 ὃκατὰ
1244 2102 1320 2157 γῆν

85 2165 208 2218 αὖτ’ῆς
228 2164 489 2226 περιορισμὸς
513 2165 689 2209 σταδίων
711 2166 808 2227 Ιδςρ’,
836 2166 1013 2210 σταδίων
1037 2165 1129 2226 sf't'.
1197 2163 1321 2228 ’Ἔχει

85 2232 127 2277 δὲ
151 2231 245 2287 ἔθνη
269 2231 342 2288 νε’,
368 2232 506 2283 πόλεις
541 2232 767 2291 ἐπισήμους
800 2234 904 2291 σογ’,
937 2233 1012 2294 ὄρη
1052 2233 1236 2291 ἐπίσημα
1274 2233 1320 2290 ε’,

42 2314 63 2343 0
84 2300 293 2360 ποταμοὺς
317 2301 545 2360 ἐπισήμους
567 2301 650 2360 κγ’,
686 2301 922 2364 ἀκρωτήρια
949 2301 1135 2361 ἐπίσημα
1167 2301 1223 2357 η’,
1257 2306 1317 2346 λι-

87 2370 211 2430 μένας
233 2370 459 2431 ἐπισήμους
485 2371 541 2431 β’.

153 2458 204 2488 18.
247 2441 329 2487 Καὶ
354 2444 374 2485 ὃ
399 2441 473 2500 μὲν
502 2444 573 2495 τῆς
611 2440 966 2502 Ταρρακωνησίας
999 2440 1219 2502 περίπλους
1241 2445 1320 2486 τῶν

86 2508 186 2569 πρὸς
205 2512 263 2571 τῷ
287 2511 458 2571 ὠκεανῷ
489 2508 687 2568 κειμένων
712 2511 836 2564 αὐτῆς
861 2511 996 2571 μερῶν
1017 2508 1125 2554 κατὰ
1148 2509 1221 2564 τὴν
1251 2511 1321 2555 δυ-

75 2576 203 2632 Δτικην
227 2577 297 2622 καὶ
321 2578 512 2641 ἀρκτῴαν
535 2577 716 2639 πλευρὰν
745 2577 918 2639 εἴρηται·
945 2577 990 2622 τὸ
1013 2576 1054 2622 δὲ
1077 2577 1321 2637 λειπόμενον

15 2785 18 2788 ψ
86 2735 189 2790 quid
218 2736 453 2785 maluerim,
478 2737 540 2776 uti
559 2750 682 2791 supra
695 2734 781 2790 jam
807 2737 966 2775 monui.
998 2738 1166 2776 Summa
1185 2737 1324 2776 minor

19 2810 21 2813 ·
86 2799 224 2851 minus
239 2799 363 2838 etiam
385 2798 440 2838 ob
456 2798 619 2838 lacunas
635 2798 799 2838 calculis
821 2798 988 2852 probari
1008 2806 1156 2852 potest.

142 2863 164 2911 S
186 2865 251 2902 16.
271 2861 326 2900 V.
340 2860 583 2901 Ptolemaeus
605 2861 667 2909 II,
695 2860 733 2899 5.
762 2861 777 2914 ΙΙ
805 2860 844 2901 5.
863 2859 1082 2914 Οἰάσσω]
1106 2860 1239 2900 πάσσω
1256 2875 1324 2899 co-

85 2921 166 2962 dex
198 2921 242 2963 h.
266 2921 313 2972 l.,
333 2921 407 2961 sed
433 2922 541 2961 infra
561 2930 671 2961 recte
702 2920 872 2962 Οἰάσσω.
905 2920 1030 2975 Apud
1058 2921 1325 2962 Ptolemaeum

82 2993 281 3024 accentus
314 2985 358 3024 in
387 2984 530 3024 ultima
555 2982 778 3036 (Οἰασσώ).
810 2986 962 3024 Praeter
990 2983 1258 3024 Ptolemaeum
1286 2992 1325 3023 et

85 3047 343 3099 Marcianum
357 3046 690 3100 promontorium
703 3044 827 3100 hujus
840 3045 1020 3086 nominis
1035 3059 1159 3086 nemo
1171 3059 1326 3086 memo-

87 3115 151 3148 rat
164 3139 175 3157 ‚
197 3108 486 3160 cognominem
513 3122 611 3148 vero
639 3108 783 3148 urbem
802 3108 909 3148 Mela
931 3110 991 3147 III
1005 3138 1017 3158 ,
1042 3121 1060 3147 1
1079 3138 1091 3158 ,
1117 3121 1168 3148 10
1186 3107 1327 3148 scribit

88 3171 238 3218 Oeaso,
270 3169 416 3210 Strabo
447 3168 600 3212 Οἶασῲν
623 3160 704 3224 (εκ
725 3184 806 3210 em.
828 3170 1083 3219 Casauboni;
1109 3168 1328 3209 Οἰδασοῦνα

4 3225 6 3230 ’
35 3249 38 3251 ·
84 3239 127 3271 et
147 3229 367 3271 Ἴδάνουσαν
392 3231 505 3272 πόλιν
528 3230 652 3271 codd.
678 3232 720 3284 );
745 3230 952 3271 Ptolemaei
974 3229 1135 3271 codices
1160 3231 1204 3271 in
1229 3244 1326 3285 pro-

8 3326 21 3339 f
88 3295 285 3334 montorii
304 3302 344 3334 et
361 3293 475 3334 urbis
490 3293 729 3334 nominibus
746 3293 929 3347 praebent
946 3292 1102 3333 Οἰασσὼ
1121 3301 1160 3333 et
1177 3291 1324 3333 Οἷασώ.

6 3338 26 3380 ’ἶ
88 3355 213 3410 Apud
236 3355 416 3396 Plinium
431 3357 508 3406 IV,
528 3357 580 3404 34
598 3355 712 3395 locus
730 3364 900 3396 vocatur
918 3355 1063 3395 Olarso
1078 3370 1155 3409 pro
1178 3360 1328 3396 Oearso

9 3440 28 3579 {-

91 3416 105 3471 (
125 3417 223 3457 hod.
248 3419 402 3471 oscaram
419 3419 450 3471 ),
476 3417 587 3458 unde
606 3417 712 3457 tueri
746 3417 840 3456 licet
862 3416 1036 3456 sormam
1071 3416 1250 3467 Οἰασσὼ,
1283 3418 1327 3456 in

86 3493 171 3533 qua
187 3495 232 3534 ρσ
249 3482 291 3519 in
310 3495 356 3519 σσ
372 3480 535 3520 videtur
550 3480 743 3532 mitigari.
768 3479 905 3532 11-6.
928 3477 976 3518 ἓτ
988 3479 1004 3518 ε’
1017 3493 1036 3533 ρ
1049 3493 1069 3518 ο
1082 3493 1102 3517 υ
1132 3478 1155 3517 ἀ
1167 3495 1188 3519 κ
1200 3481 1324 3533 ρωτ.]

85 3543 220 3587 Situm
248 3555 385 3596 prom.
412 3545 485 3583 20ο
504 3542 587 3584 2ο’.
613 3543 686 3590 420
706 3540 867 3582 2o'sec.
889 3540 1012 3589 Ptol.;
1030 3540 1074 3580 τὸ
1095 3539 1327 3594 Ἀφροδίσιον

89 3618 156 3657 ap.
167 3604 355 3644 strabon.
368 3619 415 3659 p..
427 3608 519 3659 178.
537 3607 608 3645 181
619 3634 629 3644 .
641 3603 704 3643 Cs.
716 3603 963 3651 Plin.111‚‘4.
977 3603 1067 3642 Liv.
1083 3603 1240 3651 XXVI,
1257 3617 1323 3655 19.

90 3726 248 3767 lemaeo.

147 3789 170 3839 §
207 3791 274 3836 17,
300 3787 327 3828 l.
365 3788 430 3829 15.
469 3788 685 3844 Νερίου]
714 3787 849 3841 Kopion
879 3785 1025 3826 codex.
1065 3786 1288 3826 Hudsonus
1315 3799 1324 3826 :

98 3868 116 3884 α
149 3851 260 3902 Lego
291 3864 341 3890 ex
368 3850 587 3892 Ptolcmaeo
618 3851 743 3904 Κώρυ.
777 3866 792 3887 n
823 3849 1028 3888 Nimiium
1057 3847 1166 3924 apud
1196 3846 1329 3888 Ptole-

94 3925 243 3951 maeum
264 3911 389 3952 habes
418 3925 427 3953 :
454 3913 627 3953 Amat-32
659 3913 742 3965 Ιιώρ
725 3927 804 3959 ου,
827 3910 941 3964 ἄκρον
964 3925 1008 3949 το
1032 3909 1096 3949 καὶ
1120 3910 1233 3964 'lpus
1236 3924 1326 3950 υκον

99 3971 334 4029 (l1od.Cap
355 3974 568 4028 Orlegal),
588 3972 921 4028 7⁰15'.J.5=·.At
943 3971 1118 4012 multum
1142 3972 1255 4012 abest
1282 3979 1328 4011 ut

799 180 1088 229 PERlPLUS
1122 182 1310 230 MARIS
1346 184 1587 231 EXTERI.
1625 185 1816 246 L1BER‘
1839 186 1901 232 ΙΙ.

90 3664 201 3705 Hod.
238 3667 320 3720 Cap
342 3668 475 3707 Creus.
507 3667 523 3720 ΙΙ
549 3691 606 3697 -
624 3668 663 3706 8.
690 3678 751 3718 sq.
776 3663 939 3703 Inclusa
961 3663 1144 3717 suppleta
1162 3677 1210 3703 ex
1232 3666 1333 3722 Pto-¹

2522 184 2622 238 549'

1654 308 2057 341 TABRACONENSIS
2091 310 2342 342 PERIPLUS.

1444 408 1461 435 1
1469 399 1509 437 6.
1520 397 1715 452 Hispania
1725 398 2041 438 Tarraconensis
2051 399 2293 439 terminatur
2302 414 2324 439 a
2340 402 2616 454 septentrione

1385 484 1537 511 oceano
1557 472 1822 522 Cantabrico;
1851 481 1911 513 est
1929 481 2065 514 autem
2094 473 2162 514 hic
2180 474 2357 528 partium
2373 476 2615 529 septentrio-

1386 546 1562 596 nalium;
1592 547 1644 588 ab
1672 549 1797 588 aestivi
1832 548 1926 588 solis
1951 557 2046 589 ortu
2066 557 2149 590 tota
2175 551 2333 604 Pyrene
2350 580 2360 598 ,
2385 550 2437 590 ab
2458 551 2615 592 OEasso

1385 623 1562 676 Pyrenes
1586 625 1872 677 promontorio
1899 638 2028 678 usque
2049 624 2101 665 ad
2124 625 2298 665 alterum
2317 623 2404 676 ejus
2422 639 2616 680 promon-

1386 697 1540 737 torium
1556 728 1567 747 ‚
1591 707 1778 739 nostrum
1801 713 1912 739 mare
1939 700 2139 753 attingens
2154 731 2165 750 ‚
2191 700 2234 740 in
2254 714 2337 754 quo
2355 701 2534 755 positum
2556 710 2617 742 est

1384 773 1558 812 Veneris
1583 773 1804 827 templum;
1840 774 1855 828 [
1874 775 1926 814 ab
1953 774 2117 815 hiberno
2138 775 2238 816 solis
2258 785 2349 815 ortu
2367 776 2513 831 pelago
2536 779 2615 816 Ba-

1387 847 1564 903 lecu-ico]
1578 864 1589 898 ;
1615 863 1638 889 a
1661 849 1832 890 meridie
1865 865 1961 891 vero
1986 852 2193 891 Lusitania
2219 851 2414 905 praedicta
2430 859 2470 892 et
2496 851 2615 906 [13ae-

1386 922 1479 963 ticoe
1489 935 1613 979 parte
1633 940 1680 965 ea
1705 941 1792 980 qum
1821 926 2013 981 adjacet]
2048 928 2149 966 mari
2181 935 2351 976 nostro;
2391 926 2442 968 ab
2468 942 2615 968 occasu

1386 999 1623 1041 occidentali
1640 1015 1807 1042 oceano.
1868 1004 1928 1042 Ac
1945 1003 2132 1043 universa
2143 1002 2313 1057 quidem
2329 1004 2614 1058 circumscrip-

1386 1075 1444 1114 tio
1466 1074 1519 1116 ad
1539 1075 1650 1118 hunc
1674 1076 1843 1117 modum
1863 1091 1905 1118 se
1923 1077 2061 1126 habet,
2084 1077 2388 1134 [particularia
2403 1087 2536 1121 autem
2554 1078 2616 1121 im

1384 1149 1532 1190 habene
1556 1153 1600 1206 :]

1836 1229 1855 1247 ἡ
1885 1230 1903 1248 *
1932 1230 1951 1248 ᾖ
1982 1231 2000 1249 Ἀ·
2030 1230 2048 1249 ᾖ
2078 1231 2098 1250 *
2124 1230 2157 1269 *-

1446 1301 1510 1340 17.
1542 1289 1860 1329 Tarraconensis
1885 1291 2099 1343 longitudo
2132 1292 2274 1345 incipit
2297 1292 2348 1332 ab
2377 1293 2617 1335 occidentali

1385 1371 1508 1412 latere
1534 1387 1558 1412 a
1578 1374 1704 1413 Nerio
1724 1377 2036 1428 promontorio,
2067 1377 2310 1415 terminatur
2332 1391 2428 1417 vero
2447 1377 2499 1418 ad
2522 1393 2617 1432 pro-

1386 1457 1640 1498 montorium
1657 1461 1834 1513 Pyrenes
1860 1460 1973 1514 quod
1993 1469 2053 1501 est
2069 1462 2110 1501 in
2132 1462 2234 1502 mari
2256 1471 2397 1502 nostro
2411 1493 2423 1511 ,
2441 1462 2513 1503 ubi
2534 1464 2618 1503 Ve-

1387 1542 1495 1580 neris
1525 1541 1748 1595 templum;
1781 1541 1884 1583 adeo
1919 1552 1965 1583 ut
1999 1545 2221 1598 provinciae
2257 1545 2471 1598 longitudo
2501 1545 2620 1600 juxta

1386 1627 1533 1667 lineam
1563 1641 1637 1681 per
1659 1627 1842 1668 medium
1874 1628 2042 1669 ductam
2066 1631 2117 1670 sit
2136 1630 2360 1671 stadiorum
2387 1632 2539 1685 7‚230;
2566 1632 2619 1672 la-

1388 1712 1522 1752 titudo
1548 1726 1645 1752 vero
1672 1714 1990 1754 Tarraconensis
2024 1714 2038 1768 [
2066 1714 2214 1771 incipit
2242 1715 2283 1756 in
2317 1716 2469 1756 boreali
2499 1703 2621 1757 latere

1388 1793 1441 1833 ab
1475 1807 1619 1834 oceano
1651 1795 1894 1835 Cantabrico
1926 1805 1964 1836 et
1998 1799 2184 1851 Pyrenceo
2211 1807 2356 1848 monte,
2393 1797 2621 1854 desinitque

1390 1872 1596 1914 meridiem
1620 1888 1761 1914 versus
1783 1874 1824 1914 in
1841 1875 2017 1916 boreales
2031 1886 2176 1931 partes
2200 1877 2452 1934 Lusitaniae]
2478 1887 2518 1919 et
2536 1881 2620 1919 Bae-

1391 1954 1481 1994 ticae
1503 1954 1653 2009 [atque
1670 1954 1711 1995 in
1737 1958 1864 1996 Urcen
1881 1958 2017 1997 urbem
2037 1958 2211 2007 Baeticae,
2226 1961 2241 2014 ]
2260 1960 2315 2000 ita
2333 1968 2380 2000 ut
2394 1960 2620 2000 latitudinis

1390 2035 1567 2088 spatium
1608 2035 1839 2076 secundum
1875 2035 2074 2090 majorem
2117 2038 2265 2078 lineam
2296 2041 2348 2079 sit
2394 2040 2619 2080 stadiorum

1391 2113 1515 2161 4250.

1391 2208 1484 2236 rum
1508 2194 1631 2243 4500,
1652 2195 1881 2236 stadiorum
1903 2198 2026 2238 3300.

1576 2115 1649 2153 Est
1667 2123 1806 2154 autem
1826 2115 2005 2155 ambitus
2023 2115 2109 2170 ejus
2128 2116 2451 2160 mediterraneus
2474 2119 2622 2160 stadio-

2087 2199 2238 2238 Gentes
2258 2200 2380 2240 habet
2404 2200 2470 2250 55,
2497 2201 2620 2241 urbes

1392 2274 1568 2326 insignes
1590 2275 1685 2328 273,
1719 2283 1877 2315 montes
1897 2276 2074 2328 insignes
2103 2277 2141 2326 5,
2172 2278 2317 2318 fluvios
2340 2280 2518 2333 insignes
2538 2282 2589 2321 23
2606 2313 2617 2330 ,

1391 2355 1675 2407 promontoria
1695 2355 1869 2408 insignia
1889 2357 1928 2405 8,
1948 2364 2092 2410 portus
2112 2357 2287 2410 insignes
2309 2372 2349 2399 2.

1452 2444 1516 2482 18.
1550 2444 1611 2482 Ac
1633 2442 1684 2482 de
1705 2443 1864 2497 periplo
1895 2443 2062 2497 quidem
2094 2446 2274 2499 partium
2303 2449 2620 2489 Tarraconensis

1391 2511 1614 2564 provinciae
1654 2526 1807 2551 oceano
1840 2511 2111 2565 adjacentium
2148 2512 2267 2567 juxta
2299 2515 2547 2557 occidentale
2581 2526 2622 2558 et

1392 2580 1708 2634 septentrionale
1729 2581 1832 2621 latus
1847 2581 1973 2622 modo
1989 2581 2191 2633 diximus;
2206 2584 2405 2638 reliquam
2420 2599 2517 2626 vero
2533 2584 2620 2639 ejus

1395 2738 1562 2792 Lapatia
1586 2738 1698 2778 Coru
1730 2752 1866 2791 prom.
1905 2739 1957 2778 sit
1987 2740 2164 2779 maxime
2197 2740 2469 2791 occidentale,
2499 2752 2621 2797 atque

1394 2799 1491 2838 hinc
1515 2797 1772 2838 latitudinem
1806 2802 2036 2853 computari
2070 2802 2388 2842 Tarraconensis
2415 2804 2620 2858 Hispaniae

1394 2861 1444 2900 sit
1463 2859 1688 2914 probabile.
1709 2861 1796 2900 Sec.
1832 2861 2097 2902 Ptolemaeum
2119 2864 2296 2903 maxime
2315 2878 2504 2904 occasum
2531 2880 2620 2905 ver-

1394 2936 1462 2962 sus
1498 2929 1651 2976 spectat
1678 2920 1722 2961 τὶ)
1754 2921 2153 2978 Νέριον.ἀκρωτήριον
2187 2925 2261 2978 (5⁰
2296 2924 2376 2973 40¹.
2411 2926 2480 2976 45,
2509 2927 2619 2980 30').

1395 2982 1459 3023 Cf.
1481 2983 1627 3023 Strabo
1643 2997 1685 3036 p.
1715 2983 1789 3022 153
1811 2995 1858 3023 z..
1876 2984 1960 3037 περὶ
1974 2983 2043 3035 τὴν
2064 2985 2198 3038 ἄκραν,
2229 2986 2252 3036 ἢ
2276 2986 2449 3027 καλεῖται
2468 2987 2618 3041 Νέριον,

1395 3043 1500 3095 ἢκαὶ
1518 3046 1583 3095 τῆς
1606 3042 1776 3098 ἑσπερίου
1799 3044 1961 3099 πλευροῖς
1989 3046 2052 3085 καὶ
2075 3049 2140 3096 τῆς
2173 3046 2323 3100 βορείου
2354 3048 2464 3100 πέρας
2501 3048 2617 3090 ἐστίν.

1394 3104 1457 3146 Id.
1479 3120 1522 3160 p.
1549 3107 1639 3159 137.
1665 3107 1681 3158 (
1702 3105 1812 3146 Hod.
1836 3109 1918 3161 Cap
1939 3106 2175 3147 Finisterre.
2194 3109 2210 3160 )
2229 3110 2366 3159 Quare
2384 3108 2522 3163 Νερίου
2543 3125 2620 3164 pro

1397 3168 1533 3222 Κορίου
1563 3168 1717 3221 scripsi.
1749 3167 1980 3207 Stadiorum
2018 3182 2180 3222 quoque
2220 3182 2416 3208 numerus
2448 3169 2499 3209 ab
2542 3171 2621 3212 hoc

1395 3230 1680 3285 promontorio
1692 3237 1964 3283 computatus,
1980 3243 2077 3270 vero
2090 3230 2260 3284 propior
2272 3238 2347 3271 est.
2369 3231 2447 3284 ΙΙ-
2462 3235 2526 3273 16.
2539 3248 2591 3273 πε
2602 3257 2620 3264 -

1399 3307 1454 3346 ρα
1468 3292 1536 3332 tofi
1552 3307 1604 3347 με
1618 3292 1726 3345 νον]
1749 3291 1900 3345 Saepius
1927 3305 1976 3330 eo
2001 3305 2121 3331 sensu
2143 3306 2222 3332 vox
2244 3292 2441 3342 recurrit3
2466 3292 2621 3349 ubique

1397 3355 1515 3393 velim
1545 3353 1841 3407 περατούμενον,
1863 3353 1974 3406 quod
1997 3354 2118 3394 semel
2140 3353 2270 3395 codex
2291 3357 2313 3406 S
2331 3357 2382 3402 46
2405 3324 2573 3409 praebet.
2599 3359 2615 3412 ΙΙ

1396 3439 1452 3446 -
1465 3428 1533 3457 2ο.
1548 3414 1708 3455 Inclusa
1720 3413 1772 3454 ad
1784 3413 2024 3468 explendam
2039 3416 2278 3455 sententiam
2298 3416 2463 3455 inse1ui.
2482 3417 2619 3458 Urcen

1398 3478 1540 3518 urbem
1555 3486 1761 3530 tamquam
1779 3475 2086 3516 meridionalem
2104 3477 2260 3517 Baeticae
2276 3484 2337 3516 tei
2339 3491 2498 3517 minum
2515 3479 2622 3518 Mai-

1398 3540 1537 3579 cianus
1563 3545 1763 3578 memorat
1797 3540 1819 3589 S
1849 3539 1912 3577 18.
1947 3538 2031 3578 Sita
2050 3545 2110 3578 est
2130 3552 2210 3578 sec.
2242 3537 2414 3578 Ptolem.
2434 3539 2506 3592 37⁰
2526 3539 2617 3589 2ό’;

1398 3599 1568 3639 borealis
1591 3613 1663 3638 ora
1681 3598 1908 3638 Cantabriae
1942 3598 2017 3638 sita
2047 3598 2122 3638 sub
2146 3598 2236 3647 45⁰.
2265 3599 2373 3639 Hinc
2396 3598 2620 3639 latitudinis

1397 3662 1541 3701 lineam
1580 3668 1732 3700 rectam
1768 3659 1927 3700 obtines
1951 3659 2155 3713 graduum
2178 3663 2239 3715 7⁰,
2279 3659 2359 3709 40',
2386 3675 2409 3699 a
2429 3674 2509 3713 qua
2541 3669 2620 3701 sta-

1398 3722 1463 3762 dia
1503 3722 1610 3769 4250
1641 3735 1723 3761 non
1766 3721 1924 3773 longius
1957 3721 2158 3762 abludunt
2190 3736 2312 3776 quain
2348 3721 2442 3761 alibi
2472 3722 2622 3762 similes

1398 3784 1557 3822 numeri
1587 3797 1610 3823 a
1647 3782 1852 3822 Ptolemaei
1893 3784 2094 3823 mensuris
2126 3782 2313 3823 recedere
2343 3782 2487 3822 solent.
2521 3783 2536 3836 ΙΙ
2565 3807 2622 3814 —-

1399 3849 1466 3885 26.
1493 3843 1628 3884 ἔστιδὲ
1651 3843 1673 3894 ἣ
1694 3843 1790 3883 κατὰ
1805 3843 1917 3894 cod.‚
1939 3846 2052 3898 quasi
2076 3851 2310 3897 sequeretur
2324 3843 2494 3897 περίοδος
2503 3858 2515 3893 ;
2535 3857 2616 3883 em.

1398 3921 1537 3961 apogr.
1563 3908 1659 3946 Vat.

1453 3972 1474 4021 §
1506 3973 1569 4018 18,
1597 3968 1621 4007 Ι.
1643 3968 1693 4007 33
1714 3981 1803 4022 sqq.
1835 3967 1897 4007 Tb
1926 3966 1971 4007 δὲ
1993 3966 2287 4021 λειπόμενον
2313 3965 2434 4020 κτλ.]
2465 3966 2505 4007 Si
2521 3966 2625 4006 inte·
