2808 4342
90 146 208 203 (7--9
216 144 246 205 .)

86 250 155 293 τοῦ
174 246 367 312 Ἀψάρου..
437 244 486 306 (5)
508 243 562 291 Ὅ
595 243 636 290 δὲ
659 245 795 298 Βαθὺς
824 246 1008 308 ποταμὸς
1030 248 1314 309 ἓὸδομήκοντα

87 314 159 362 καὶ
171 315 291 360 πέντε
311 311 456 373 ἀπέχει
474 309 631 370 τούτου·
655 313 727 358 καὶ
747 316 768 360 ὁ
791 313 991 368 Ἀκίνασις
1021 318 1101 363 ἀπὸ
1124 321 1196 363 τοῦ
1215 321 1314 364 Βα-
1364 342 1366 344 ·

85 384 172 436 θέος
204 380 456 436 ἐνενήκοντα·
491 380 732 437 ἐνενήκοντα
764 383 805 428 δὲ
833 384 902 428 καὶ
937 386 1020 431 ἀπὸ
1043 386 1256 432 Ἀκινάσου
1293 390 1315 433 ὃ

85 444 206 504 Ἶσις.
275 448 529 512 Ναυσίποροι
552 449 596 495 δέ
609 453 709 496 εἰσιν
732 450 757 496 ὅ
769 470 813 497 τε
827 450 1037 516 Ἄκαμψις
1055 454 1126 500 καὶ
1145 458 1166 501 ὁ
1189 448 1311 512 Ἶσις,

40 539 66 568 5v
84 517 156 565 καὶ
171 515 298 580 αὔρας
315 517 389 569 τὰς
413 515 580 570 ἑωθινὰς
601 519 770 581 ἰσχυρὰς
788 519 1082 580 ἐκπέμπουσιν.
1150 523 1248 571 Ἀπὸ
1271 523 1315 570 δὲ

82 584 214 649 Ἴσιος·
226 585 294 631 τὸν
319 588 494 648 Μῶγρον
507 587 854 651 παρημείψαμεν.
924 589 1196 646 Ἐνενήκοντα
1213 592 1313 638 στά·

83 655 162 700 διοι
181 653 332 714 μεταξὺ
353 659 425 700 τοῦ
450 653 631 717 Μώγρου
655 657 732 702 εἶσὶ
756 657 826 702 καὶ
845 662 914 704 τοῦ
934 654 1075 712 Ἴσιος·
1107 661 1178 706 καὶ
1202 654 1316 713 οὗτος

81 724 340 785 ναυσίπορος.

146 807 200 840 10.
237 790 427 838 Ἐνθένδε
461 794 515 844 εἷς
539 791 608 838 τὸν
647 795 787 840 Φᾶσιν
820 795 1144 858 εἰσεπλεύσαμεν
1175 798 1315 855 ἐνενή-

29 884 65 913 10
83 878 206 906 κοντα
221 865 293 905 τοῦ
315 859 494 923 Μώγρου
529 859 717 924 διέχοντα
733 899 746 921 ,
771 866 970 924 ποταμῶν
998 857 1053 910 ὧν
1085 867 1166 928 ἐγὼ
1189 867 1314 929 ἔγνων

81 928 331 992 κουφότατον
352 927 461 992 ὕδωρ
480 929 764 993 παρεχόμενον
782 932 852 978 καὶ
873 933 944 988 τὴν
967 934 1111 997 χροιὰν
1133 936 1314 996 μάλιστα

79 995 394 1059 ἐξηλλαγμένον·
423 998 495 1054 τὴν
526 998 599 1057 μὲν
619 999 700 1062 γὰρ
733 1001 967 1065 κουφότητα
992 1006 1050 1065 τῷ
1074 1023 1117 1049 τε
1141 1008 1312 1068 σταθμῷ

79 1066 340 1129 τεκμαίροιτο
372 1066 419 1112 ἄν
439 1086 498 1120 τις
517 1069 587 1113 καὶ
613 1068 693 1132 πρὸ
712 1070 855 1117 τούτου
871 1107 882 1128 ,
905 1071 965 1116 ὅτι
988 1074 1153 1119 ἐπιπλεῖ
1170 1078 1218 1136 τῇ
1244 1079 1310 1120 θα-

79 1133 240 1196 λάττῃ,
275 1135 368 1197 οὐχὶ
402 1136 444 1180 δὲ
491 1137 795 1198 συμμίγνυται,
830 1141 1015 1204 καθάπερ
1048 1146 1104 1204 τῷ
1145 1147 1310 1207 Πηνειῷ

17 1223 53 1251 15
81 1203 149 1249 τὸν
187 1205 439 1269 Τιταρήσιον
480 1207 588 1266 λέγει
629 1209 806 1270 ἐπιρρεῖν
836 1210 1024 1273 εΌμηρος
1059 1212 1310 1271 καθύπερθεν

80 1272 172 1328 ἠύτ’
196 1274 347 1322 ἔλαιον.
417 1274 504 1322 Καὶ
526 1269 576 1331 ἦν
609 1275 717 1321 κατὰ
753 1275 825 1337 μὲν
859 1283 928 1324 τοῦ
953 1281 1204 1343 ἐπιρρέοντος
1238 1283 1312 1344 βά-

78 1344 216 1404 ψαντα
240 1343 368 1403 γλυκὺ
393 1344 438 1389 τὸ
461 1342 571 1407 ὕδωρ
593 1346 887 1406 ἀνιμήσασθαι·
914 1351 948 1393 εἰ
970 1350 1011 1394 δὲ
1032 1352 1086 1401 εἰς
1112 1351 1234 1412 βάθος
1255 1371 1313 1404 τις

77 1414 234 1466 καθῆκε
260 1410 334 1465 τὴν
356 1411 508 1456 κάλπιν
524 1448 536 1472 ‚
570 1412 772 1477 ἁλμυρόν.
844 1416 994 1462 Καίτοι
1015 1420 1036 1462 ὁ
1056 1426 1135 1470 πᾶς
1160 1419 1314 1471 Πόντος

76 1479 181 1523 πολύ
215 1498 253 1524 τι
277 1480 525 1542 γλυκυτέρου
549 1486 617 1527 τοῦ
644 1482 791 1537 ὕδατός
815 1487 921 1530 ἐστιν
955 1486 1060 1549 ἤπερ
1086 1491 1112 1543 ἡ
1147 1487 1221 1541 ἔξω
1248 1489 1315 1534 θά-

16 1564 57 1593 20
78 1547 221 1593 λαττα·
245 1548 316 1593 καὶ
354 1547 499 1594 τούτου
525 1549 571 1594 τὸ
605 1551 734 1596 αἴτιον
768 1555 805 1597 οἱ
842 1556 1024 1614 ποταμοί
1062 1558 1185 1612 εἰσιν,
1222 1558 1312 1604 οὔτε

77 1617 232 1672 πλῆθος
256 1615 349 1662 οὔτε
381 1617 547 1678 μέγεθος
567 1621 794 1678 σταθμητοὶ
818 1621 945 1674 ὄντες.
1015 1625 1251 1687 Τεκμήριον
1271 1627 1312 1672 δὲ

76 1688 150 1742 τῆς
181 1687 452 1747 γλυκύτητος,
479 1690 514 1732 εἰ
534 1689 773 1751 γτεκμηρίων
803 1691 863 1735 δεῖ
900 1687 969 1737 ἐπὶ
1006 1700 1090 1745 τοῖς
1125 1695 1313 1751 αἰσθήσει

82 1754 362 1817 φαινομένοις,
383 1755 446 1802 ὅτι
460 1756 595 1802 πάντα
616 1757 666 1802 τὰ
683 1759 933 1819 βοσκήματα
946 1763 982 1806 οἱ
1003 1769 1315 1825 προσοικοῦντες

73 1827 125 1886 τῇ
145 1824 326 1886 θαλάττῃ
347 1824 415 1870 ἐπὶ
438 1823 512 1881 τὴν
531 1827 740 1873 θάλατταν
760 1830 989 1888 κατάγουσι
1008 1831 1078 1876 καὶ
1099 1833 1170 1877 ἀπ’
1189 1836 1314 1890 αὐτῆς

11 1912 51 1944 25
71 1891 292 1946 ποτίζουσι·
323 1892 375 1939 τὰ
398 1893 441 1939 δὲ
463 1896 635 1941 πίνοντά
664 1916 707 1942 τε
733 1897 861 1954 ἡδέως
894 1902 1038 1962 ὁρᾶται
1056 1937 1069 1960 ,
1097 1902 1166 1947 καὶ
1196 1903 1313 1964 λόγος

72 1962 240 2025 κατέχει
263 1961 326 2009 ὅτι
358 1962 428 2009 καὶ
459 1964 667 2028 ὠφέλιμον
696 1968 830 2021 αὐτοῖς
862 1973 999 2015 τοῦτο,
1018 1969 1064 2016 τὸ
1082 1971 1205 2017 ποτόν
1226 1974 1313 2018 ἐστι

72 2035 143 2077 τοῦ
162 2031 328 2093 γλυκέος
350 2034 524 2094 μᾶλλον.
594 2034 648 2082 Ἡ
680 2035 722 2081 δὲ
743 2036 850 2100 χρόα
879 2040 938 2102 τῷ
962 2038 1120 2086 Φάσιδι
1140 2039 1206 2086 οἵα
1230 2042 1312 2087 ἀπὸ

74 2100 316 2160 μολίὸδουῆ
342 2103 582 2165 καττιτέρου
608 2104 872 2166 βεὸαμμένου
904 2113 974 2152 τοῦ
1000 2108 1158 2161 ὕδατος·
1178 2129 1311 2156 κατα-

74 2169 175 2215 στὰν
215 2169 256 2215 δὲ
290 2172 582 2232 καθαρώτατον
616 2173 812 2234 γίγνεται.
880 2178 943 2222 Οὐ
980 2177 1112 2222 τοίνυν
1146 2179 1311 2238 νενόμι-

11 2231 170 2284 anieron.
190 2239 422 2298 εἷσκομίσαι
446 2239 554 2301 ὕδωρ
579 2243 633 2292 εἷς
652 2242 720 2287 τὸν
756 2245 895 2289 Φᾶσιν
922 2243 1014 2297 τοὺς
1037 2246 1309 2300 εἷσπλέοντας·

76 2307 166 2352 ἀλλ’
194 2307 355 2352 ἐπειδὰν
377 2309 639 2354 εἷσὸαίνωσιν
660 2310 739 2366 ἤδη
765 2313 819 2363 εἷς
838 2312 905 2357 τὸν
930 2316 1045 2376 ῥοῦν,
1071 2316 1309 2376 παραγγέλ-

74 2377 188 2421 λεται
223 2374 303 2420 πᾶν
341 2377 484 2438 ἐκχέαι
520 2378 567 2422 τὸ
596 2379 682 2423 ἐνὸν
707 2378 814 2442 ὕδωρ
838 2382 880 2425 ἐν
911 2383 999 2433 ταῖς
1021 2383 1177 2428 ναυσίν·
1203 2387 1237 2428 εἰ
1266 2385 1306 2430 δὲ

76 2444 159 2503 μὴ,
181 2440 298 2506 λόγος
325 2445 494 2508 κατέχει
520 2445 581 2491 ὅτι
605 2449 641 2492 οἱ
667 2447 810 2493 τούτου
843 2450 1126 2507 ἀμελήσαντες
1149 2455 1220 2497 οὐκ
1243 2455 1308 2498 εὐ-

75 2515 264 2562 πλοοῦσι.
333 2514 395 2561 Τὸ
423 2515 464 2560 δὲ
496 2514 603 2578 ὕδωρ
623 2520 692 2562 τοῦ
718 2516 904 2571 Φάσιδος
924 2520 968 2564 οὗ
990 2519 1181 2577 σήπεται,
1204 2520 1310 2565 ἀλλὰ

12 2596 53 2626 35
74 2583 187 2644 μένει
212 2583 429 2648 ἀκραιφνὲς
456 2585 526 2630 καὶ
564 2586 667 2647 ὑπὲρ
699 2585 868 2632 δέκατον
896 2586 1007 2649 ἔτος,
1032 2590 1139 2645 πλήν
1174 2608 1219 2650 γε
1247 2590 1306 2645 δὴ

74 2654 135 2697 ὅτι
158 2654 213 2704 εἷς
233 2653 277 2698 τὸ
295 2652 540 2716 γλυκύτερον
565 2655 835 2713 μεταὸάλλει.

30 2803 37 2810 ’
73 2820 190 2867 puto,
207 2814 449 2853 Mannertus
463 2815 540 2864 VI,
559 2827 600 2864 2,
616 2829 659 2869 p.
677 2816 758 2864 364
774 2824 911 2868 censet
927 2816 1192 2859 Ptolemaeum
1210 2821 1265 2869 V,
1286 2824 1309 2860 6

75 2888 118 2929 p.
160 2874 238 2914 335
277 2876 482 2929 Apsarum
521 2877 606 2916 sive
650 2878 912 2932 Apsorrhum
953 2878 1187 2920 confudisse
1215 2896 1311 2922 cum

76 2938 284 2991 Acampsi.
304 2936 431 2992 Cujus
450 2938 704 2979 confusionis
727 2941 1003 2996 suspicionem
1024 2942 1087 2982 vel
1105 2957 1154 2983 eo
1170 2957 1310 2983 move-

75 3005 145 3039 tur
163 2998 276 3053 quod
294 2998 530 3054 Apsorrhus
546 3001 645 3041 urbs
661 3010 773 3043 sexta
789 3003 936 3056 gradus
951 3012 1065 3058 parte
1077 3014 1312 3046 removetur

75 3073 101 3100 a
122 3060 249 3100 fluvio
272 3062 502 3115 Apsorrho.
532 3062 693 3103 Deinde
717 3078 816 3104 vero
838 3079 924 3104 non
943 3066 984 3105 in
1011 3068 1217 3120 Apsarum
1234 3068 1311 3108 ssu-

77 3123 190 3162 vium
208 3123 475 3175 mediocrem,
499 3139 641 3166 verum
660 3127 704 3167 in
721 3128 942 3182 Acampsin
959 3137 1148 3169 nostrum
1163 3129 1309 3171 cadere

79 3183 272 3224 videntur
290 3199 380 3240 quae
402 3184 455 3226 de
476 3185 656 3229 fontium
673 3187 781 3239 loco,
811 3188 944 3244 deque
966 3190 1122 3231 Glauco
1141 3199 1181 3231 et
1201 3194 1312 3247 Lyco

79 3244 346 3286 influentibus
378 3247 620 3290 Ptolemaeus
654 3259 808 3291 monet.
831 3252 1020 3306 Denique
1041 3252 1187 3293 Strabo
1226 3254 1309 3304 XI,

79 3319 123 3359 p.
149 3305 226 3358 529
248 3320 377 3360 quum
403 3309 547 3350 in‘hoc
567 3319 702 3352 tractu
732 3314 895 3353 nonnisi
921 3313 1026 3354 duos
1038 3314 1186 3355 fluvios
1206 3315 1311 3356 Pha-

81 3368 143 3407 sin
153 3376 192 3408 et
201 3370 358 3422 Lycum
369 3379 584 3421 memoret,
596 3373 754 3427 Lycum
764 3375 988 3428 intelligere
997 3375 1159 3417 videtur
1166 3379 1312 3418 Acam-

81 3429 172 3482 psin
206 3438 408 3481 nostrum,
450 3441 641 3473 monente
682 3436 917 3485 Mannerto,
947 3451 1070 3490 quem
1112 3437 1221 3479 vide.
1263 3441 1313 3479 In

83 3490 243 3544 Scylace
264 3491 331 3532 τὸν
350 3493 507 3548 Λῃστῶν
530 3495 705 3550 ποταμὸν
726 3495 778 3536 ad
811 3499 1031 3552 Aeampsin
1055 3499 1155 3540 fluv.
1174 3501 1310 3541 retuli.

89 3551 105 3604 ΙΙ
126 3576 180 3582 —-
211 3566 248 3592 1.
281 3553 311 3592 B
326 3554 441 3594 aebv
458 3556 472 3609 ]
506 3556 675 3596 Fluvius
704 3571 817 3598 nunc
841 3559 1077 3599 Tzulclmda
1096 3564 1151 3601 Su
1164 3579 1180 3610 ;
1199 3571 1313 3603 vetus

84 3627 236 3653 nomen
269 3624 451 3668 superest
485 3617 528 3656 in
561 3621 735 3658 Batoam
771 3621 1058 3673 promontorio
1081 3630 1122 3662 et
1140 3625 1313 3666 Batoum

84 3674 254 3730 oppido.
271 3677 474 3718 Memorat
492 3679 666 3720 fluvium
685 3680 840 3721 Plinius
861 3682 937 3732 VI,
957 3685 998 3731 4,
1023 3682 1094 3722 sed
1113 3692 1227 3726 extra
1246 3702 1313 3727 or-

83 3736 247 3787 dinem;
279 3752 376 3778 nam
399 3739 452 3779 ita
475 3739 597 3780 habet
621 3753 632 3781 ι
669 3740 864 3782 Flumina
893 3758 907 3783 :
935 3744 1173 3800 Acampsis,
1210 3747 1310 3795 Isis,

85 3801 269 3850 Mogrus,
285 3800 453 3854 Bathys.
467 3803 516 3841 In
526 3801 631 3842 Tab.
644 3803 833 3857 Peuting.
848 3812 1015 3844 notatur
1025 3807 1177 3847 Portus
1189 3808 1315 3848 Altus

88 3860 103 3910 (
123 3859 151 3898 i.
173 3873 210 3899 e.
233 3859 352 3907 Βαθῦς
367 3862 399 3914 ),
420 3864 444 3900 6
460 3862 559 3902 mill.
578 3862 630 3903 ab
650 3868 808 3918 Apsaro
823 3864 998 3915 distans3
1020 3880 1112 3920 quae
1126 3867 1316 3911 distantia

85 3934 214 3975 quum
235 3920 445 3963 salsissima
473 3924 544 3974 sit,
573 3924 700 3965 facilis
731 3927 907 3980 suspicio
932 3936 992 3967 est
1019 3927 1134 3968 hunc
1151 3938 1333 3985 quoque'

82 3991 294 4026 auctorem
331 3986 533 4040 Apsarum
563 4000 658 4027 cum
680 3988 872 4042 Aeampsi
908 3988 1163 4042 confudisse,
1190 3991 1314 4046 idque

955 145 1258 195 PERIPLUS.
1287 149 1472 198 PONTI
1505 151 1731 199 EUXINI.

2527 182 2612 223 375

1385 261 1615 303 terivimus.
1675 262 1742 304 Ab
1761 240 1953 320 Acampsi
1975 266 2127 321 Bathys
2147 269 2445 329 (Profundus)
2470 278 2615 322 fluvius

1385 335 1499 377 abest
1509 339 1767 393 septuaginta
1778 340 1977 395 quinque,
1994 355 2018 382 a
2028 342 2159 398 Bathy
2174 345 2358 388 Acinasis
2373 354 2614 407 nonaginta;

1385 411 1436 452 ab
1459 413 1623 454 Acinasi
1645 414 1720 454 Isis
1742 414 1839 455 item
1865 416 2088 470 nonaginta
2109 418 2254 461 stadia.
2316 426 2526 481 Acampsis
2547 445 2618 471 au-

1385 494 1470 533 tem
1486 495 1526 528 et
1545 481 1624 529 Isis
1654 489 1770 529 fluvii
1791 498 1888 530 sunt
1907 491 2176 545 navigabiles,
2203 496 2274 549 qui
2293 502 2492 543 matutino
2515 513 2617 546 tem·

1384 580 1486 625 pore
1508 567 1660 609 validas
1692 568 1919 610 admodum
1952 585 2070 612 auras
2093 575 2300 617 emittunt.
2361 579 2426 619 Ab
2448 582 2502 622 Isi
2526 584 2618 624 Mo-

1383 659 1502 699 grum
1531 648 1820 701 praeteriimuS.
1879 650 2114 705 Nonaginta
2136 653 2266 696 stadia
2287 657 2481 711 Mogrum
2513 661 2619 703 inter

1382 734 1423 767 et
1444 726 1528 767 Isin
1551 736 1662 768 sunt.
1721 730 1892 783 Mogrus
1910 745 2075 787 quoque
2091 735 2326 789 navigabilis
2345 747 2419 779 est.

1443 819 1508 848 1ο.
1541 807 1644 849 Inde
1674 809 1719 850 in
1740 810 1906 852 Phasim
1927 813 2229 867 navigavimus,
2251 819 2470 872 nonaginta
2488 820 2617 864 stadia

1382 897 1405 923 a
1423 884 1571 937 Mogro
1587 884 1806 927 distantem
1826 895 1867 928 et
1884 888 1990 930 inter
2008 889 2155 932 fluvios
2175 892 2275 933 mihi
2293 896 2479 948 cognitos
2501 897 2616 938 levis·

1383 960 1530 1001 simam
1560 975 1710 1016 aquam
1729 963 1980 1018 praebentem
2003 975 2044 1006 et
2066 967 2201 1009 colore
2233 971 2409 1015 maxime
2438 974 2616 1027 singula-

1381 1050 1485 1077 rem.
1546 1039 1608 1079 Ac
1638 1038 1839 1080 levitatem
1870 1041 2041 1095 quidem
2062 1051 2152 1084 tum
2173 1053 2321 1087 statera
2352 1047 2499 1103 aliquis
2518 1064 2615 1105 pro-

1380 1111 1553 1166 baverit,
1583 1122 1672 1155 tum
1693 1114 1848 1156 facilius
1870 1118 1991 1158 etiam
2025 1118 2136 1171 inde,
2167 1121 2281 1175 quod
2311 1125 2413 1164 mari
2438 1125 2611 1177 innatat,

1381 1203 1457 1229 nec
1474 1204 1570 1230 cum
1595 1205 1643 1231 eo
1663 1193 1976 1244 commiscetur3
1999 1196 2117 1237 sicuti
2136 1197 2386 1241 Titaresium
2406 1202 2541 1243 Peneo
2556 1203 2617 1244 in-

1381 1274 1520 1306 natare
1537 1267 1743 1308 Homerus
1765 1268 1780 1324 (
1798 1270 1852 1309 Il.
1877 1283 1917 1320 2,
1937 1270 2049 1325 754)
2069 1272 2171 1313 dicit
2185 1274 2354 1330 insuper
2376 1277 2503 1318 instar
2518 1279 2611 1319 olei.

1379 1343 1509 1383 Porro
1524 1345 1558 1384 si
1574 1345 1665 1399 quis
1681 1345 1724 1385 in
1743 1359 1952 1387 summum
1975 1347 2148 1389 fluctum
2170 1364 2317 1390 urnam
2336 1351 2611 1406 immergeret,

1379 1431 1528 1472 aquam
1549 1419 1764 1473 hauriebat
1786 1420 1970 1473 dulcem;
1992 1424 2026 1463 si
2045 1433 2189 1466 contra
2203 1426 2246 1466 in
2264 1426 2517 1481 profundum
2543 1430 2614 1471 de-

1380 1493 1576 1545 mitteret,
1594 1495 1753 1537 salsam.
1816 1500 2079 1552 Quamquam
2091 1501 2305 1542 universus
2323 1504 2478 1544 Pontus
2497 1504 2616 1559 longe

1380 1568 1576 1610 dulcioris
1598 1580 1658 1612 est
1678 1586 1794 1626 aquae
1816 1587 1940 1627 quam
1957 1589 2069 1615 mare
2091 1584 2331 1628 externum,
2353 1589 2522 1634 propter
2541 1583 2615 1622 im-

1379 1659 1562 1687 mensam
1571 1647 1721 1688 scilicet
1730 1648 1948 1692 fluminum
1957 1650 2266 1693 multitudinem
2275 1655 2616 1708 magnitudinem-

1380 1735 1475 1774 que.
1535 1722 1773 1764 Duleedinis
1795 1733 1932 1766 autem
1951 1736 2239 1780 argumentum
2263 1730 2327 1782 (si
2352 1730 2477 1772 modo
2495 1746 2614 1785 argu·

1381 1797 1527 1837 mentis
1547 1812 1650 1852 opus
1667 1808 1727 1840 est
1750 1800 1792 1839 in
1815 1801 1863 1840 iis
1883 1815 1974 1855 quae
1997 1817 2120 1843 sensu
2137 1805 2424 1859 percipiuntur
2441 1808 2478 1859 ),
2501 1807 2614 1861 quod

1382 1873 1506 1912 maris
1526 1873 1671 1914 accolae
1689 1889 1839 1929 pecora
1873 1877 2011 1917 omnia
2033 1877 2086 1917 ad
2105 1893 2217 1919 mare
2239 1878 2398 1920 ducunt
2415 1889 2455 1921 et
2477 1896 2526 1922 ex
2547 1883 2614 1923 illo

1379 1955 1599 2000 aquantur.
1624 1946 1697 1988 Illa
1708 1962 1806 1988 vero
1826 1957 2053 1991 cernuntur
2066 1950 2255 1992 lubenter
2277 1951 2431 2001 bibere,
2450 1962 2490 1994 et
2510 1954 2614 1996 fama

1379 2017 1537 2069 obtinet
1552 2018 1664 2059 dulci
1682 2019 1951 2062 salubriorem
1965 2023 2023 2063 eis
2040 2022 2155 2063 hunc
2169 2031 2315 2078 potum
2333 2037 2432 2064 esse.
2492 2026 2615 2066 Color

1379 2096 1515 2129 autem
1528 2089 1714 2131 Phasidis
1725 2091 1868 2132 similis
1879 2106 1994 2146 aquae
2007 2093 2182 2147 plumbo
2194 2093 2257 2134 vel
2274 2102 2420 2135 stanno
2437 2094 2608 2145 insectae,

1379 2169 1473 2213 quae'
1492 2169 1627 2201 tamen
1655 2161 1727 2201 ubi
1752 2162 1950 2211 subsedit,
1971 2164 2190 2217 purissima
2211 2164 2270 2205 fit.
2331 2166 2611 2217 Quamobrem

1381 2245 1468 2270 mos
1480 2231 1674 2282 obtinuit,
1694 2246 1745 2272 ne
1763 2232 2035 2286 ingredientes
2057 2234 2223 2274 Phasim
2246 2235 2467 2289 quicquam
2494 2251 2610 2290 aquae

1379 2302 1595 2351 invehant3
1614 2302 1686 2342 sed
1698 2303 1869 2343 simulac
1887 2304 2040 2344 flumen
2058 2306 2230 2358 ingressi
2246 2305 2412 2355 fuerint,
2424 2307 2609 2361 praecipi-

1379 2380 1463 2422 tur,
1485 2381 1530 2412 ut
1547 2372 1746 2427 quicquid
1768 2375 1811 2414 in
1827 2374 1998 2414 navibus
2021 2375 2073 2415 sit
2090 2389 2228 2429 aquae,
2247 2375 2485 2416 effundatur
2511 2390 2520 2417 :
2546 2379 2614 2418 siu

1377 2445 1535 2494 minus,
1559 2444 1666 2485 fama
1679 2444 1849 2486 invaluit
1870 2444 2200 2487 inobedientibus
2218 2445 2330 2488 haud
2346 2446 2502 2489 felicem
2522 2449 2609 2490 sore

1376 2515 1693 2570 navigationem.
1753 2519 1874 2572 Aqua
1894 2517 2079 2559 Phasidis
2097 2533 2121 2559 a
2142 2518 2362 2573 putredine
2377 2528 2438 2560 est
2459 2521 2608 2562 immu-

1376 2586 1439 2630 nis
1452 2620 1465 2639 ,
1492 2604 1540 2631 ac
1557 2590 1650 2644 plus
1664 2603 1789 2644 quam
1804 2589 1946 2631 decem
1964 2592 2082 2631 annis
2103 2592 2343 2646 incorrupta
2360 2602 2511 2643 manet,
2529 2596 2607 2634 nisi

1377 2659 1493 2714 quod
1512 2661 1555 2700 in
1570 2659 1796 2701 dulciorem
1814 2660 1914 2701 abit.

1377 2834 1428 2860 co
1443 2819 1676 2860 confirmari
1696 2819 1822 2868 dicas,
1846 2819 1959 2873 quod
1984 2819 2092 2860 idem
2118 2824 2169 2860 16
2185 2820 2308 2860 millia
2323 2821 2406 2860 sive
2430 2824 2504 2863 128
2530 2832 2609 2864 sta-

1377 2881 1445 2922 dia
1468 2889 1659 2921 numerat
1686 2895 1710 2920 a
1728 2881 1839 2920 Cissa
1860 2880 1912 2920 ad
1934 2883 2164 2935 Apsarum;
2202 2882 2236 2921 is
2257 2882 2368 2923 enim
2394 2893 2610 2938 computus

1375 2943 1430 2984 ad
1475 2943 1696 2998 Acampsin
1739 2943 1876 2997 potius
1921 2941 2100 2983 directus
2136 2957 2223 2983 esse
2267 2953 2447 2998 apparet.
2499 2948 2513 2999 ΙΙ
2554 2971 2611 2977 --
2667 2990 2678 2997 ,

1378 3019 1419 3047 2.
1467 3004 1538 3046 ’Aa
1554 3006 1565 3046 ί
1577 3021 1629 3046 να
1644 3021 1687 3045 σι
1700 3021 1715 3052 ς
1733 3005 1748 3059 ]
1781 3005 1973 3059 Sequitur
2010 3005 2211 3058 genitivus
2250 3003 2442 3045 Ἀκινάσου
2458 3038 2467 3055 ,
2505 3007 2608 3048 adeo

1375 3077 1423 3109 ut
1436 3068 1497 3109 vel
1511 3068 1591 3109 hoc
1606 3067 1669 3108 vel
1688 3066 1787 3107 illud
1809 3074 2049 3120 corruptum
2066 3067 2117 3106 sit
2128 3083 2138 3116 ;
2155 3066 2310 3106 Gailius
2335 3068 2495 3121 scripsit
2516 3067 2608 3109 Ἀκι-

1377 3131 1507 3182 νάσης.
1534 3128 1712 3170 Aliunde
1731 3142 1815 3168 non
1835 3136 1956 3167 notus
1978 3128 2126 3167 fluvius
2147 3127 2271 3168 hodie
2289 3136 2457 3168 vocatur
2478 3129 2606 3170 Tellu-

1378 3192 1542 3232 ruk-Su.
1581 3191 1597 3244 ll
1638 3214 1694 3220 —-
1729 3192 1770 3236 4.
1804 3188 1872 3228 3Ic:
1889 3204 1923 3235 ις
1945 3188 1959 3241 ]
1996 3187 2223 3244 Apasidem
2259 3189 2362 3230 Tab.
2398 3190 2604 3244 Peuting.;

1376 3251 1596 3309 Apisidem
1620 3253 1770 3305 Geogr.
1796 3253 1914 3298 Ram,
1941 3251 1968 3289 i.
1992 3264 2028 3290 e.
2060 3249 2130 3291 vAd
2149 3249 2315 3291 Isidem.
2350 3251 2485 3292 Hodie
2504 3253 2603 3294 fluv.

1376 3313 1633 3369 ScheslKatil
1660 3313 1719 3353 vel
1761 3311 2021 3352 Schakwatil.
2047 3312 2062 3364 Η
2098 3335 2153 3342 -
2182 3315 2222 3352 6.
2256 3312 2503 3369 Μῶγρον]
2541 3315 2607 3356 Sic

1376 3378 1499 3417 etiam
1520 3375 1675 3417 Plinius
1703 3374 1730 3414 l.
1756 3373 1808 3423 l.;
1834 3373 1964 3425 Nigro
1985 3372 2089 3413 Tab.
2113 3374 2230 3414 Peut.
2255 3382 2296 3415 et
2326 3375 2477 3429 Geogit
2503 3378 2603 3417 Rav.

1376 3443 1500 3482 Nune
1521 3436 1677 3489 Kegoli.

1433 3499 1455 3549 §
1481 3501 1546 3547 10,
1561 3497 1589 3539 l.
1614 3497 1679 3537 13.
1694 3496 1753 3536 ὅτι
1769 3494 1920 3536 ἐπέπλει
1937 3495 2031 3538 cod.
2049 3496 2214 3538 eteditt.
2240 3498 2330 3551 ΙΙ’-
2348 3501 2414 3548 14.
2433 3498 2605 3555 θαλάσσῃ

1378 3572 1456 3612 vgo
1474 3566 1514 3599 et
1531 3558 1578 3599 h.·
1597 3557 1625 3598 l.
1646 3565 1686 3598 et
1702 3556 1775 3598 lin.
1793 3570 1846 3597 20
1865 3565 1905 3597 et
1921 3559 1989 3606 24.
2011 3558 2028 3614 ss
2051 3582 2104 3592 --
2121 3558 2186 3599 15.
2206 3559 2304 3600 Post
2321 3572 2362 3599 v.
2377 3560 2605 3614 καθύπερθεν

1378 3617 1554 3660 editores
1577 3617 1629 3658 de
1649 3631 1726 3658 suo
1743 3617 1969 3658 intulerunt
1987 3633 2131 3659 vocem
2151 3618 2323 3675 ἐπιρρέει.
2351 3620 2367 3674 [Ι
2383 3645 2439 3658 -«-
2459 3622 2525 3662 36.
2545 3621 2607 3668 εἶς

1382 3681 1437 3721 τὸ
1474 3679 1775 3735 γλυκύτερον
1811 3679 1964 3734 μεταὸ
1979 3679 2163 3736 άλλει]
2190 3680 2254 3721 Cf.
2275 3695 2366 3735 quae
2391 3682 2430 3721 in
2467 3681 2606 3721 codice

1378 3742 1614 3783 Monacensi
1631 3741 1737 3782 inter
1766 3742 1908 3781 Ctesiae
1935 3740 2162 3796 fragmenta
2187 3741 2201 3797 (
2219 3756 2261 3797 p.
2286 3746 2337 3795 94
2357 3742 2423 3782 ed.
2442 3750 2569 3782 nostr.
2588 3745 2604 3794 )

1378 3805 1567 3858 leguntur
1588 3816 1598 3844 ε
1625 3803 1702 3843 Τοῦ
1728 3803 1897 3851 Φάσιδος
1913 3807 2089 3859 ποταμοῦ·
2114 3804 2158 3845 τὸ
2180 3803 2280 3857 ὕδωρ
2300 3802 2338 3843 ἐν
2360 3802 2504 3858 ἀγγείῳ
2524 3804 2605 3842 δια-

1382 3868 1515 3922 μεῖναν
1549 3865 1789 3921 νυχθήμερον
1813 3864 1919 3913 οἶνος
1946 3867 2098 3917 ἥδιστος
2129 3866 2288 3920 γίνεται.
2326 3866 2459 3904 Etiam
2485 3866 2605 3905 Ponti

1380 3942 1525 3983 aquam
1542 3926 1759 3968 dulcedine
1782 3936 1821 3968 et
1842 3928 1977 3968 colere
1994 3928 2044 3968 ab
2071 3941 2176 3981 aqua
2199 3927 2320 3979 AEgaei
2339 3927 2460 3966 maris
2475 3925 2606 3966 diver-

1377 4005 1467 4032 sam
1487 3998 1638 4031 veteres
1654 3998 1835 4031 narrant.
1861 3991 1915 4031 V.
1934 3990 2102 4030 Aristot.
2121 3987 2259 4030 Probl.
2283 3989 2442 4039 XXIII,
2466 3991 2505 4029 6.
2530 3990 2605 4029 Po-
