2782 4348
174 199 204 239 6
221 200 236 235 ὶ
541 208 588 251 0

173 295 388 359 (τοσαύτη
405 294 488 359 γάρ
506 296 617 342 let-tv
634 297 662 351 ἡ
681 295 863 347 Βιθυνῶν
877 290 1028 356 Θρᾴκη
1046 291 1061 355 )
1080 295 1247 356 ἡμερῶν
1263 298 1404 358 τριῶν.

171 362 640 424 Ἇπὸδὶτοῧστόματος
661 368 733 410 τοῦ
751 362 934 418 Πόντου,
954 359 1174 426 {uestiti}
1193 363 1242 409 τὸ
1269 364 1407 427 στόμα

169 435 245 490 τῆς
267 431 502 486 Μαιώτιδος
524 432 672 492 λίμνης
693 428 984 492 παραπλήσιός
1017 431 1128 477 ἕστιν
1149 433 1173 477 ὁ
1200 433 1328 488 πλοῦς
1345 470 1360 494 ,
1382 434 1410 482 ὅ

83 554 85 556 ,
169 520 215 550 τι
234 502 349 565 παρὰ
370 501 446 558 τὴν
466 500 673 564 Εὐρώπην
695 499 767 546 καὶ
788 497 864 554 τὴν
892 497 1050 548 Ἀσίαν.

233 588 295 620 93.
323 574 499 620 ΜΥΣΙΑ.
523 568 644 617 Μετὰ
663 568 706 614 δὲ
726 566 899 632 Θρᾴκην
918 567 1063 616 Μυσία
1085 567 1212 625 ἔθνος.
1276 571 1404 623 Ἔστι

170 639 215 687 δὲ
247 641 294 687 τὸ
331 642 398 684 ἐπ’
418 641 614 700 ἀριστερᾷ
636 640 708 682 τοῦ
741 636 966 685 Ὀλὸιανοῦ
992 637 1149 686 κόλπου
1186 641 1405 690 ἐκπλέοντι

168 711 226 762 εἰς
242 709 310 754 τὸν
329 706 482 754 Κιανὸν
498 705 652 752 κόλπον
668 705 793 769 μέχρι
811 706 931 755 Κίου.
995 707 1051 756 Ἦ
1072 707 1115 755 δὲ
1132 710 1279 758 Μυσία
1296 712 1403 768 ἀκτή

167 780 272 824 ἐστι.
343 774 492 827 Πόλεις
511 774 547 820 δ’
561 776 604 820 ἐν
623 777 728 838 αύτῇ
745 775 986 833 Ἑλληνίδες
1007 776 1110 824 εἰσὶν
1127 776 1232 824 αἵδε·
1250 778 1404 827 Ὀλὸία

169 844 240 890 καὶ
276 842 420 903 λιμὴν,
455 842 713 896 Καλλίπολις
756 844 829 890 καὶ
860 843 1004 906 λιμὴν,
1038 846 1295 911 ἀκρωτήριον
1334 853 1405 895 τοῦ

172 916 331 961 Κιανοῧ
354 912 533 969 κόλπου,
556 912 629 958 καὶ
652 915 693 959 ἐν
719 915 916 978 ἀριστερᾷ
944 914 1042 968 Κίος
1062 914 1180 968 πόλις
1202 915 1273 962 καὶ
1308 916 1405 970 Κίος

163 981 368 1045 ποταμός.
438 982 694 1047 Παράπλους
712 982 755 1029 δὲ
778 986 850 1041 τῆς
868 982 1034 1037 Μυσίας
1052 986 1109 1037 εἰς
1129 984 1231 1031 Κίον
1247 986 1405 1049 ἡμέρας

157 1060 283 1172 ,mant
307 1125 512 1172 ΦΡΥΓΙΑ.
536 1123 656 1170 Μετὰ
680 1122 723 1169 δὲ
748 1123 915 1171 Μυσίαν
940 1123 1109 1187 Φρυγία
1130 1123 1240 1171 ἐστὶν
1262 1124 1400 1186 ἔθνος,

162 1193 236 1239 καὶ
266 1192 406 1246 πόλεις
437 1193 680 1250 Ἑλληνίδες
713 1192 824 1239 αἵδε·
852 1194 1040 1256 Μύρλεια
1074 1194 1146 1241 καὶ
1180 1194 1405 1248 Ῥύνδακος

162 1262 346 1323 ποταμὸς
363 1261 438 1309 καὶ
460 1263 525 1310 ἐπ’
544 1264 659 1325 αὐτῷ
683 1263 884 1316 Βέσὸικος
898 1267 1039 1321 νῆσος,
1061 1264 1132 1310 καὶ
1150 1265 1266 1317 πόλις
1283 1266 1403 1312 Πλα-

160 1332 232 1378 κία
253 1331 325 1379 καὶ
353 1332 524 1386 Κύζικος
543 1334 584 1379 ἐν
602 1325 662 1395 τῷ
682 1335 815 1394 ἰσθμῷ
835 1333 1130 1397 ἐμφράττουσα
1150 1334 1220 1380 τὸν
1240 1335 1400 1394 ἰσθμὸν,

161 1402 233 1449 καὶ
256 1401 368 1455 ἐντὸς
392 1406 466 1449 τοῦ
488 1404 637 1461 ἰσθμοῦ
663 1402 865 1466 Ἄρτοίκη.
936 1402 1060 1450 Κατὰ
1089 1402 1245 1461 ταύτην
1280 1404 1403 1461 νῆσός

159 1474 248 1519 ἔστι
266 1472 338 1519 καὶ
362 1472 479 1525 πόλις
498 1472 789 1535 Προκόννησος
807 1473 878 1519 καὶ
905 1473 1025 1535 ἑτέρα
1048 1476 1171 1530 νῆσος
1191 1474 1401 1535 εὐλίμενος

158 1541 486 1607 Ἔλαφόννησος·
506 1546 736 1607 γεωργοῦσι
759 1544 795 1588 δ’
813 1541 940 1599 αὐτὴν
966 1543 1284 1605 Προκοννήσιοι.
1323 1544 1399 1592 Ἔν

165 1610 209 1658 δὲ
227 1614 278 1673 τῇ
300 1611 462 1675 ἠπείρῳ
482 1611 599 1664 πόλις
621 1613 709 1658 ἐστὶ
729 1614 934 1677 Πρίαπος,
954 1612 1129 1676 Πάριον,
1149 1613 1400 1677 Λάμψακος,

159 1680 387 1743 Περκώτη,
423 1681 611 1739 Ἀὃυδος,
645 1682 717 1728 καὶ
750 1683 798 1729 τὸ
826 1683 962 1744 στόμα
999 1682 1109 1729 κατὰ
1143 1683 1306 1741 Σηστὸν
1329 1688 1403 1742 τῆς

163 1751 443 1814 Προποντίδος
463 1752 584 1798 τοῦτό
602 1754 707 1799 ἐστι.
1030 1752 1037 1759 ’

223 1836 284 1867 ⁹⁶.
308 1823 492 1869 ΤΡΩΑΣ.
514 1821 733 1869 Ἐντεῦθεν
758 1821 802 1868 δὲ
837 1821 988 1887 Τρωὰς
1011 1822 1210 1887 ἄρχεται,
1232 1822 1303 1870 καὶ
1325 1823 1400 1869 πό·

162 1892 248 1943 λεις
278 1889 521 1947 Ἑλληνίδες
551 1891 653 1937 εἰσὶν
678 1894 718 1938 ἐν
756 1894 861 1955 αὐτῇ
897 1891 1009 1938 αἵδε·
1031 1893 1265 1956 Δάρδανος,
1285 1892 1400 1941 Ῥοί-

155 1977 279 2018 τειον,
301 1958 429 2008 Ἴλιον
456 1960 469 2024 (
486 1960 636 2023 ἀπέχει
655 1962 697 2007 δὲ
716 1961 799 2007 ἀπὸ
818 1965 890 2017 τῆς
913 1961 1119 2019 θαλάττης
1140 1962 1289 2008 στάδια
1309 1963 1397 2022 κε’)

154 2028 228 2075 καὶ
249 2030 292 2075 ἕν
321 2031 426 2092 αὐτῇ
450 2030 639 2091 ποταμὸς
664 2031 954 2094 Σκάμανδρος.
1027 2031 1110 2078 Καὶ
1134 2035 1256 2088 νῆσος
1287 2031 1395 2077 κατὰ

152 2197 379 2242 memorat,
403 2204 489 2232 non
527 2198 666 2232 tamen
698 2189 862 2232 Olbiam
891 2190 1040 2231 urbem
1054 2221 1066 2241 ,
1091 2189 1163 2231 sed
1196 2193 1393 2232 Astacum

151 2266 410 2304 memorare;
431 2260 503 2295 aut
520 2267 598 2309 pro
622 2252 799 2295 olbiano
827 2252 997 2295 dixisset
1015 2255 1292 2304 Auctarium,
1321 2262 1394 2295 aut

155 2315 319 2358 Olbiam
342 2329 420 2372 pro
455 2318 630 2357 Astaca.
656 2317 788 2371 Magis
821 2317 999 2359 olsendit
1023 2316 1138 2372 quod
1168 2318 1390 2369 Memnon,

151 2378 223 2434 qui
242 2377 324 2420 sata
346 2377 462 2420 urbis
481 2377 611 2419 fusius
631 2380 837 2435 exposuit,
862 2379 916 2422 de
949 2387 1109 2422 mutato
1138 2381 1308 2421 nomine
1331 2381 1395 2421 ni-

148 2441 209 2483 hil
240 2439 430 2483 videatur
447 2441 674 2483 monuisse.
694 2445 713 2495 ΙΙ
729 2466 786 2474 -
805 2442 911 2499 ἐπὶ]
939 2443 1000 2484 vel
1028 2441 1079 2491 εἰς
1110 2441 1209 2484 add.
1234 2457 1258 2485 e
1278 2442 1389 2498 conj.

149 2504 288 2546 Gailii.
309 2507 327 2557 u
343 2528 402 2536 —
417 2503 612 2560 ἡμερῶν
644 2507 820 2562 τριῶν]
839 2509 876 2549 A
896 2506 1120 2548 Parthenio
1140 2505 1184 2546 ss.
1199 2504 1252 2547 ad
1271 2508 1391 2548 Asta-

149 2581 245 2609 cum
275 2566 408 2608 stadia
439 2575 537 2609 sunt
566 2566 620 2608 ad
643 2567 754 2610 mille
786 2577 982 2611 trecenta.
1003 2572 1096 2623 11-
1126 2569 1392 2625 παραπλή-

150 2631 287 2686 σιος]
310 2632 448 2672 Recte.

206 2693 321 2747 §93.
351 2692 525 2734 Κιανὸν
556 2693 771 2750 κόλπον]
801 2695 863 2737 De
885 2695 966 2737 hoc
992 2695 1086 2736 sinu
1107 2694 1213 2736 Mela
1238 2697 1274 2747 1,
1308 2709 1386 2749 19:

135 2754 243 2797 >Sine
263 2754 423 2796 nomine
446 2755 560 2797 cium
593 2756 874 2814 amplectitur.
905 2758 1051 2813 Neque
1076 2756 1234 2799 Plinius
1256 2772 1390 2813 neque

149 2814 300 2859 Strabo
320 2829 474 2857 nomen
506 2817 622 2858 sinus
658 2827 903 2860 memorant.
926 2821 944 2870 ΙΙ
960 2841 1019 2850 -
1039 2816 1387 2876 Καλλίπολις]

148 2879 250 2922 Haec
267 2876 434 2920 aliunde
453 2893 538 2920 non
561 2887 673 2931 nota,
691 2889 893 2935 quantum
909 2881 1051 2923 sciam.
1073 2883 1091 2933 ΙΙ
1107 2905 1165 2913 -
1179 2880 1304 2938 ἀκρω
1316 2882 1389 2934 τή·

147 2940 286 2998 ριον]
310 2939 540 2993 Ποσειὸήιον
563 2941 683 2997 ἄκρην
706 2941 808 2983 dicit
828 2941 1072 2998 Apollonius
1101 2942 1181 2983 Rh.
1203 2944 1238 2993 1,
1265 2956 1386 2998 1279.

126 2997 136 3005 ’
155 3002 392 3060 ,ΙΙ-Κίος
417 3004 685 3060 ποταμός]
717 3005 780 3047 De
802 3004 882 3046 hoc
905 3003 1105 3059 Scylacem
1138 3005 1388 3059 Caowidcn·

145 3062 386 3108 semlaudat
400 3065 532 3108 schol.
553 3065 747 3123 Apollon.
766 3066 847 3109 Rh.
865 3068 901 3118 1,
929 3079 1049 3122 1177,
1070 3065 1143 3107 ubi
1168 3075 1387 3122 postquam

146 3124 315 3171 dembe
328 3127 407 3171 Cio
417 3141 469 3171 ex
487 3126 707 3171 Aristotele
725 3128 907 3185 (Fragm.
919 3127 1028 3169 nist.
1047 3135 1148 3169 tom.
1164 3129 1274 3184 11,p.
1292 3133 1387 3185 161)

146 3187 336 3245 qnaedam
350 3197 612 3248 apposuerat,
633 3191 795 3247 pergit:
819 3190 893 3232 Καὶ
920 3189 1093 3247 ποταμὸς
1105 3190 1146 3232 δί
1162 3189 1264 3232 ἔστιν
1286 3191 1388 3233 οὕτω

146 3251 401 3311 καλούμενος,
417 3250 489 3307 τὴν
510 3253 664 3296 Μυσίαν
686 3254 909 3311 περιρρέων,
926 3250 972 3295 οὗ
989 3253 1222 3310 μνημονεύει
1238 3253 1388 3304 Σκύλαξ

145 3315 169 3356 ὁ
190 3315 440 3373 Καρυανδεύς.
461 3316 646 3375 Περιρριῖ·
662 3316 704 3359 δὲ
731 3318 797 3360 καὶ
814 3315 885 3371 τὴν
903 3317 1019 3361 πόλιν
1035 3317 1058 3360 6
1084 3317 1258 3375 ποταμὸς
1277 3314 1388 3368 οὗτος

148 3377 244 3432 (Cf.
268 3381 406 3436 Etym.
424 3381 486 3423 M.
511 3394 553 3423 v.
575 3379 852 3438 Ἀργανθώνιος
861 3397 873 3434 3
892 3379 1021 3424 schol.
1038 3380 1383 3433 'I'laeocrihXIIL

149 3439 204 3482 30
226 3449 267 3482 et
286 3441 656 3499 Bernhardyus’ad
678 3442 865 3495 Suidam,
886 3451 991 3486 tom.
1018 3444 1063 3496 1,
1083 3457 1127 3500 p.
1148 3446 1228 3499 694
1245 3442 1278 3501 ).
1310 3443 1386 3485 Vi·

148 3499 223 3543 des
239 3502 303 3543 his
321 3517 417 3545 cum
440 3504 590 3561 Peripli
613 3507 743 3548 nostri
766 3506 902 3549 verbis
921 3505 1024 3548 nihil
1039 3519 1127 3548 esse
1144 3519 1382 3549 commune.

143 3562 286 3606 Verba
311 3566 515 3621 περιρρέων
551 3565 622 3620 τὴν
648 3568 800 3610 Μυσίαν
827 3570 883 3611 ita
915 3567 1179 3625 intelligenda
1209 3577 1255 3611 ut
1287 3570 1385 3611 Cius

145 3623 300 3668 fluvius
315 3626 491 3683 Mysiam
519 3630 724 3672 minorem
747 3633 832 3673 sive
853 3631 1199 3688 Hellesponticam
1217 3646 1241 3674 a
1255 3630 1385 3689 Phry·

145 3686 214 3743 gia
245 3685 429 3732 dirimat.
464 3691 649 3733 Eandem
691 3694 933 3736 sententiam
970 3693 1023 3736 de
1057 3694 1208 3736 finibus
1242 3694 1384 3751 Mysia

145 3750 271 3793 etiam
286 3750 449 3794 Nostris
472 3753 604 3796 inesse
624 3768 675 3796 eo
707 3756 909 3811 probatur
929 3755 1043 3812 quod
1066 3755 1185 3808 ἀκτὴν
1204 3757 1380 3813 Mysiam

145 3820 294 3856 auctor
308 3810 437 3866 dieat,
460 3812 504 3856 id
521 3823 584 3858 est
601 3823 778 3858 tractum
796 3817 909 3859 illum
933 3818 1005 3873 qui
1036 3819 1142 3860 inter
1159 3818 1383 3862 Olbianum

144 3881 188 3918 et
213 3875 392 3918 (Eanum
418 3876 558 3919 sinum
583 3877 626 3919 in
642 3892 757 3920 mare
785 3880 1009 3935 procurrit.
1029 3882 1230 3923 Praeterea
1252 3880 1381 3933 aliud,

144 3936 262 3992 quod
293 3938 336 3981 in
370 3938 537 3997 Periplo
571 3938 723 3983 frustra
758 3942 908 3997 quaeris
921 3973 933 3993 ,
976 3956 1026 3984 ex
1066 3943 1230 3999 Scylace
1264 3942 1384 3987 affert

148 3999 296 4043 Strabo
314 4001 420 4055 ΧΠ,
447 4015 494 4060 p.
528 4003 626 4047 566.
656 4002 862 4047 Videlicet
890 4018 999 4061 pone
1032 4006 1153 4047 Cium
1179 4007 1222 4047 in
1253 4005 1383 4049 medi-

149 4065 346 4107 terraneis
381 4065 483 4108 situs
510 4074 571 4109 est
600 4065 714 4110 lacus
742 4068 943 4111 Ascanius
956 4099 968 4120 ‚
1002 4067 1053 4110 ad
1086 4083 1210 4125 quem
1243 4070 1383 4126 Mysos

1065 192 1352 241 SCYLACls
1384 195 1846 247 GARYANDENsls

2557 208 2711 271 (δῦθι)

1476 304 1635 348 tudinis
1665 314 1728 349 est
1757 306 2034 364 Bithynorum
2052 308 2260 367 Thracia)
2284 308 2448 353 dierum
2483 319 2546 354 est
2565 314 2711 359 ttinm.
2779 362 2782 363 ⁷

1475 374 1544 418 Ah
1570 377 1679 419 ostio
1710 391 1809 419 vero
1833 378 1956 420 Ponti
1985 392 2117 436 nsque
2145 378 2198 422 ad
2228 380 2432 423 Moeotidis
2457 380 2619 437 paludis
2646 397 2714 428 o·-
2732 400 2754 443 ἰ,

1527 514 1602 557 tio.

1475 526 1603 638 8¹93.
1638 585 1800 627 Mrsu.
1822 583 2044 628 Tinraciam
2062 587 2216 643 excipit
2246 602 2345 643 gens
2376 590 2607 646 Mysorum.
2639 592 2717 634 Est

2762 420 2782 433 μ

2739 441 2754 466 ,νὴ
2760 437 2779 470 ‘¹3⁴

1475 445 1582 488 tium
1601 445 1832 490 secundum
1854 449 2064 505 Europam
2093 457 2134 491 et
2156 451 2297 493 Asiam
2326 451 2491 507 aequalis
2511 460 2573 494 ast
2601 454 2782 623 navi-lg

2764 624 2782 658 ᾗ

1477 673 1575 701 vero
1589 659 1700 703 end
1713 661 1921 703 sinistram
1939 662 2107 705 Olbiani
2118 663 2234 706 sinus
2251 666 2460 720 naviganti
2477 667 2519 708 in
2535 668 2718 723 Cianum·
2771 690 2782 703 ν·

1474 735 1613 778 sinum
1635 750 1766 794 usque
1792 736 1846 780 ad
1873 739 2013 781 Cium.
2032 740 2166 797 Mysia
2187 749 2324 783 autem
2347 743 2462 798 quasi
2495 744 2712 799 peninsula
2779 749 2780 752 ’

1474 811 1518 853 in
1535 826 1648 854 mare
1666 814 1864 855 excurrit.
1924 813 2061 856 Urbes
2078 815 2123 857 in
2136 829 2185 858 ea
2198 817 2352 858 Graecae
2363 826 2458 858 sunt
2476 817 2539 859 hae
2559 831 2570 860 :
2590 818 2713 861 Olbia

1472 901 1569 930 cum
1588 897 1729 945 portu,
1751 889 1958 946 Callipolis
1974 904 2070 933 cnm
2088 900 2213 948 portu
2226 923 2239 944 ,
2251 895 2584 950 promontorium
2596 896 2711 938 sinus

1473 964 1608 1016 Ciani,
1628 964 1683 1007 ad
1704 965 1912 1008 sinistram
1945 967 2045 1009 Cius
2067 966 2166 1009 urbs
2196 977 2238 1010 et
2255 970 2354 1012 Cius
2374 971 2539 1014 fluvius.
2601 974 2717 1014 Pm-

1473 1042 1670 1083 tervectio
1683 1043 1826 1098 Mysiae
1845 1056 1978 1099 usque
2004 1041 2057 1084 ad
2076 1044 2198 1086 Cium
2215 1053 2278 1087 est
2293 1044 2377 1088 diei
2391 1048 2529 1090 unius.

1533 1135 1603 1187 94.
1621 1135 1838 1175 Puaroxa.
1860 1135 1959 1175 Post
1975 1133 2154 1190 Mysiam
2165 1131 2353 1190 sequitur
2368 1136 2579 1193 Phrygum
2593 1153 2707 1195 gens,

1473 1203 1679 1259 urbesque
1694 1204 1848 1245 Graeoae
1863 1202 1926 1245 hae
1948 1216 1959 1245 :
1975 1203 2134 1259 Myrlea
2148 1212 2189 1245 et
2202 1203 2453 1260 Rhyndacus
2467 1206 2638 1258 flumen,
2654 1208 2708 1250 ad

1471 1273 1586 1329 quod
1609 1282 1671 1315 est
1695 1273 1891 1316 Besbicus
1916 1273 2070 1325 insula,
2094 1283 2135 1316 et
2162 1274 2263 1316 urbs
2289 1274 2445 1327 Placia3
2476 1276 2520 1317 in
2554 1277 2716 1320 isthmo<

1471 1356 1595 1398 quem
1614 1342 1794 1385 obstruit
1812 1343 1983 1399 Cyzicus
2002 1343 2079 1384 sita
2097 1351 2159 1385 est
2170 1374 2182 1394 ,
2203 1343 2312 1385 intra
2331 1343 2531 1386 isthmum
2550 1353 2611 1387 est
2629 1349 2708 1388 Ar·

1471 1419 1573 1453 tace.
1633 1413 1753 1456 Circa
1781 1411 1870 1453 haec
1894 1420 1955 1453 est
1977 1413 2268 1454 Proconnesus
2295 1412 2427 1454 insula
2455 1427 2552 1454 cum
2581 1413 2707 1466 urbe,

1469 1479 1630 1536 aliaque
1663 1481 1832 1536 insuper
1863 1480 1996 1522 insula
2023 1479 2350 1536 Elaphonnesus,
2384 1480 2615 1523 commodis
2646 1483 2711 1523 in-

1474 1557 1628 1590 structa
1649 1548 1868 1605 portubus.
1929 1547 2063 1604 nujus
2082 1562 2227 1603 agrum
2256 1548 2396 1590 colunt
2425 1550 2708 1592 Proconnesii.

1468 1618 1518 1658 In
1544 1617 1776 1659 continenti
1793 1625 1855 1658 oet
1879 1615 1978 1658 urbs
1997 1617 2193 1672 Priapus,
2220 1617 2404 1668 Parium,
2437 1618 2702 1674 Lampsacus,

1468 1687 1655 1738 Percote,
1691 1684 1890 1742 Abydus,
1918 1685 2154 1741 ostiumque
2178 1684 2258 1727 boc
2286 1693 2347 1727 est
2367 1685 2634 1742 Propontidis
2655 1685 2709 1728 ad

1467 1756 1647 1797 Sestum.

1527 1824 1597 1879 95.
1625 1824 1786 1866 Taoas.
1822 1824 1932 1865 Hinc
1948 1824 2079 1865 Troas
2097 1822 2316 1864 exordium
2344 1824 2478 1879 capit,
2503 1823 2717 1880 urbesque

1470 1895 1514 1935 in
1544 1907 1591 1935 ea
1613 1893 1767 1935 Graeoe
1798 1900 1896 1933 sunt
1921 1892 2013 1934 hae:
2039 1891 2275 1943 Dardanus,
2306 1891 2543 1943 Rhoiteum,
2567 1892 2709 1943 Ilium,

1471 1975 1563 2016 quae
1585 1960 1727 2003 stadiis
1749 1960 1801 2002 25
1819 1975 1843 2002 a
1866 1961 1969 2001 mari
1986 1960 2120 2011 abest,
2145 1969 2187 2001 et
2205 1962 2248 2002 in
2271 1974 2319 2002 ea
2340 1960 2491 2002 fluvius
2514 1961 2707 2004 scaman-

1469 2029 1560 2071 der.
1586 2030 1708 2071 Circa
1722 2028 1810 2071 haec
1825 2037 1887 2070 est
1913 2027 2108 2070 Tenedus
2137 2028 2269 2070 insula
2300 2043 2396 2070 cum
2426 2037 2575 2085 portu,
2595 2028 2708 2071 unde

1465 2190 1728 2246 Phrygoeque
1742 2203 1787 2230 se
1807 2189 1987 2244 attigisse
2007 2188 2124 2230 dicit.
2142 2188 2303 2231 Deinde
2317 2190 2479 2246 pergit:
2497 2188 2588 2232 'Oti
2605 2190 2640 2231 δ’
2657 2185 2704 2243 ἥν

1468 2252 1644 2294 κατοικία
1677 2251 1822 2293 Μυσῶν
1847 2249 1872 2303 ἥ
1899 2250 2055 2292 Βιθυνία
2081 2254 2232 2307 πρῶτον
2257 2250 2488 2310 μαρτυρήσει
2506 2251 2658 2302 Σκύλαξ
2685 2252 2707 2295 ὁ

1467 2314 1705 2372 Καρυανδεῦς
1720 2313 1843 2371 φήσας
1855 2315 2063 2370 περιοικεῖν
2078 2311 2149 2366 τὴν
2174 2312 2371 2357 Ἀσκανίαν
2389 2314 2531 2372 λίμνην
2550 2314 2717 2372 Φρύγας

1466 2378 1531 2419 καὶ
1544 2377 1710 2427 Μυσούς·
1729 2377 1861 2420 ἔπειτα
1873 2376 2071 2425 Διονύσιος
2084 2376 2107 2418 ὁ
2120 2374 2188 2426 τὰς
2199 2376 2347 2427 Κτίσεις
2362 2377 2595 2435 συγγράψας.
2618 2378 2635 2432 ΙΙ
2650 2401 2708 2410 -

1465 2440 1607 2497 ἡμέρας
1639 2441 1755 2498 μιᾶς]
1792 2440 1860 2484 Ab
1881 2443 2033 2484 Astaco
2066 2438 2120 2482 ad
2152 2440 2274 2482 Cium
2299 2454 2425 2498 supra
2460 2441 2542 2484 800
2575 2437 2708 2483 stadia

1464 2513 1576 2547 sunt.
1596 2503 1838 2547 Notandum
1865 2512 1927 2546 est
1945 2504 1988 2545 in
2006 2502 2273 2558 sequentibus
2297 2517 2465 2560 quoque
2487 2516 2563 2560 per
2577 2510 2704 2545 totam

1464 2582 1580 2609 oram
1606 2568 1714 2611 Asiae
1734 2567 1908 2609 minoris
1922 2566 2137 2623 paraplum
2167 2566 2209 2607 in
2234 2568 2358 2608 unius
2372 2565 2455 2609 diei
2482 2566 2704 2621 navigatio-

1463 2644 1559 2671 nem
1575 2629 1707 2671 multo
1724 2629 1880 2685 majora
1893 2629 2023 2685 spatia
2041 2642 2166 2684 quam
2185 2628 2364 2684 Scylaeei
2386 2626 2528 2670 calculi
2545 2625 2701 2678 serunt,

1462 2693 1711 2748 computari.

1517 2758 1540 2808 S
1559 2757 1629 2809 94.
1662 2754 1840 2809 Phrygia
1865 2767 1946 2795 sec.
1978 2752 2184 2809 Scylacem
2218 2753 2396 2809 pertinet
2413 2766 2437 2794 a
2466 2752 2542 2794 Cio
2574 2752 2702 2796 fluvio

1461 2830 1591 2873 usque
1602 2815 1654 2858 ad
1667 2814 1947 2859 Antandrum.
1969 2816 2292 2870 Distinguuntur
2309 2823 2447 2857 autem
2464 2815 2506 2856 in
2518 2814 2598 2858 hoc
2617 2831 2701 2859 orae

1461 2886 1594 2920 tractu
1613 2880 1744 2922 Troas
1765 2886 1807 2920 et
1820 2877 1962 2921 AEolis.
1982 2877 2139 2920 Cl'not.
2162 2880 2271 2932 596.
2292 2880 2385 2931 11-
2407 2875 2697 2935 Ῥύνὸακος]

1466 2937 1672 2991 Ῥύδανκος
1694 2939 1809 2992 ood.;
1828 2955 1911 2982 em.
1932 2938 2051 2982 editt.
2071 2943 2090 2994 ΙΙ
2106 2964 2163 2972 -
2185 2939 2322 2981 Πλακ
2338 2939 2410 2996 ία]
2436 2939 2609 2982 Πλακίου
2631 2956 2701 2983 co-

1459 3002 1566 3055 dex;
1588 3019 1671 3046 em.
1695 3003 1949 3046 Clausenius.
1973 3003 2146 3045 Vossius
2169 3003 2298 3045 voluit
2326 3002 2477 3056 Πλακίη
2505 3002 2588 3059 (ex
2618 3005 2700 3047 He-

1459 3065 1640 3124 rodoto)
1665 3065 1727 3108 vel
1746 3065 1934 3107 Πλάκιον.
1957 3066 2015 3107 V.
2038 3064 2225 3106 Herodot
2248 3066 2294 3116 1,
2322 3066 2400 3119 573
2431 3063 2538 3107 Mela
2557 3066 2592 3117 1,
2619 3078 2694 3121 ¹9?

1459 3129 1615 3171 Plinius
1633 3130 1690 3180 V,
1716 3132 1795 3180 1.ος
1829 3128 1970 3184 steph.
1996 3129 2093 3184 Byz.
2118 3142 2157 3169 v.
2181 3127 2334 3180 Πλάκη.
2364 3125 2600 3169 Holstenius
2618 3127 2699 3171 hoc

1458 3190 1549 3234 loco
1564 3190 1728 3234 Thebas
1750 3190 2022 3247 Hypoplacias
2045 3190 2215 3232 Homeri
2234 3188 2307 3246 (11.
2330 3193 2371 3239 6,
2394 3190 2491 3239 425.
2505 3202 2575 3240 αα,
2594 3189 2695 3246 479)

1458 3252 1699 3310 quaerendas
1713 3254 1887 3310 putavit,
1905 3267 2137 3310 perperam.
2158 3255 2251 3306 11-
2267 3251 2326 3293 Ka
2337 3253 2359 3300 ζ
2372 3267 2413 3293 ικ
2425 3267 2446 3293 ο
2459 3267 2475 3300 ς
2490 3251 2506 3307 ]
2519 3252 2576 3294 V.
2587 3252 2698 3295 Mar·

1457 3315 1607 3373 quardt
1642 3316 1809 3372 &zicus
1838 3314 1924 3357 und
1947 3315 2034 3357 sein
2067 3315 2224 3358 Gebt'ee.
2259 3313 2412 3357 Berlin.
2451 3315 2573 3357 1836.
2606 3317 2700 3369 ΙΙ-
2756 3360 2758 3362 ,

1456 3378 1585 3421 κατὰ
1620 3378 1844 3434 ταύτην]
1867 3395 1904 3420 κ.
1927 3378 2046 3436 ταύτῃ
2062 3377 2220 3430 codem
2243 3392 2325 3420 em.
2345 3376 2579 3430 Fabricius3
2598 3375 2696 3421 κατᾶ

1456 3443 1577 3484 ταῦτα
1606 3440 1701 3483 cod.
1734 3442 2035 3495 Vatican.11—
2055 3441 2278 3498 Πάριον]
2312 3440 2440 3496 σάριος
2470 3438 2585 3492 cod.;
2608 3453 2696 3483 em.
2750 3426 2782 3453 εἴ

1455 3505 1643 3546 Vossius.

1510 3568 1631 3623 595.
1663 3566 1938 3608 Ἐντεῦθεν
1974 3566 2224 3623 ἄρχεται]
2257 3567 2355 3609 Post
2376 3563 2570 3622 Abydum
2593 3563 2701 3607 inci·
2776 3591 2782 3602 ..

1454 3643 1554 3688 pere
1573 3629 1780 3672 Troadem
1803 3645 1827 3672 e
1857 3629 2022 3686 Scylace
2045 3630 2167 3672 etiam
2195 3627 2343 3672 Strabo
2374 3635 2546 3670 testatur
2566 3626 2692 3678 xm,

1453 3707 1497 3751 p.
1525 3693 1627 3745 583,
1658 3693 1727 3735 ubi
1752 3702 1970 3750 postquam
1988 3692 2149 3735 dixerat
2161 3690 2337 3735 Troadis
2354 3691 2519 3747 initium
2538 3690 2690 3732 Home-

1454 3770 1547 3799 rum
1570 3770 1724 3812 ponere
1747 3756 1799 3798 ab
1825 3757 1974 3813 AEsepo
1995 3756 2123 3798 fluvio
2137 3787 2148 3807 ,
2168 3754 2391 3798 Eudoxum
2412 3767 2436 3796 a
2466 3753 2616 3809 Priapo
2647 3757 2695 3794 st

1454 3822 1619 3870 Artace,
1650 3822 1883 3862 Damastem
1908 3834 1931 3862 a
1951 3819 2097 3872 Pario,
2122 3818 2355 3861 Charonem
2378 3831 2402 3859 a
2423 3813 2600 3863 Practio.
2618 3808 2716 3855 ndu

1454 3880 1544 3923 dit:
1566 3881 1819 3931 Σκύλαξδὲ
1848 3882 1871 3923 ὁ
1902 3880 2204 3938 Καρυανδεὶις
2230 3878 2305 3923 ἀπὸ
2330 3878 2484 3922 Ἀὅύὸου
2510 3875 2684 3932 ἄρχεται.

1454 3944 1597 4001 ὁμοίως
1624 3944 1664 3986 δὲ
1702 3943 1770 3997 τὴν
1800 3944 1963 3987 Αἰολίδα
1998 3944 2163 4001 Ἔφορος
2197 3942 2264 4001 μὶν
2294 3942 2402 3998 λέγει
2431 3937 2506 3982 ἇπδ
2534 3933 2686 3979 nmen

1456 4008 1570 4064 μίχρι
1587 4006 1727 4064 Κύμης·
1748 4007 1864 4049 ἄλλοι
1881 4007 1923 4050 δὲ
1942 4006 2085 4056 ἄλλως.
2105 4010 2126 4061 ΙΙ
2142 4030 2199 4039 -
2221 4001 2490 4065 Ῥοίτειον]
2515 3996 2691 4040 'Pistum

1454 4068 1567 4122 cod.;
1585 4085 1667 4111 em.
1693 4069 1811 4113 editt.
1832 4085 1881 4113 ex
1913 4069 2115 4112 Herodot.
2133 4070 2230 4121 vn,
2249 4067 2324 4119 [ὣς
2342 4062 2533 4108 strabon.
2554 4058 2682 4111 xm,

2759 3403 2779 3459 ,ε

2756 3471 2779 3511 «⁴

2754 3527 2775 3581 5²

2773 3603 2782 3659 ἑ
