2808 4342
57 177 124 236 (21,
137 177 210 238 οε.)

144 280 312 326 σπεύδοι
335 285 564 333 καταντᾶν,
585 273 799 321 ἀπολιπὼν
816 276 890 330 τὴν
912 274 1110 322 Ἑλλάδα.

140 353 422 412 Κροτωνιᾶται
444 344 618 402 πλησίον
637 343 681 389 δὲ
701 344 880 404 κείμενοι

139 417 246 462 κατὰ
265 416 410 479 κράτος
429 413 574 465 αὐτοὺς
595 405 702 474 ἦραν
719 415 760 458 ἓν
782 416 931 474 βραχεῖ
953 413 1089 476 χρόνῳ

143 485 194 531 τὰ
219 484 354 530 πάντα
374 481 664 542 διαμείναντας
689 480 928 533 ἀπταίστως
953 480 1022 538 ἔτη

58 570 120 600 360
140 556 195 604 ὥς
214 551 356 598 ἑκατὸν
379 548 619 605 ἐνενήκοντα
639 549 739 612 πρὸς
757 550 839 601 τοῖς
857 548 1002 595 εἴκοσι.

138 620 260 668 Μετὰ
276 619 350 676 τὴν
373 619 553 666 Ἰταλίαν
571 617 686 671 εὐθὺς
708 618 850 670 Ἰόνιος
869 618 991 681 πόρος

140 692 285 734 κεῖται·
307 688 551 744 καθήκοντες
572 687 613 733 δὲ
633 686 732 749 πρὸς
751 686 826 743 τὴν
846 687 1035 742 εἷσὸολῆν

140 757 290 804 οἷκοῧσ’
307 756 510 819 Ἰάπυγες·
529 759 618 814 μεθ’
641 756 707 809 οὒς
727 755 944 819 Οἷνώτριοι

141 827 378 889 Βρεντέσιον
398 826 571 871 ἐπίνειόν
590 845 634 871 τε
658 829 738 871 τῶν
763 825 1035 872 Μεσσαπίων.

57 911 116 940 365
144 894 284 957 Πέραν
301 894 343 940 δὲ
363 893 515 941 τούτων
536 895 618 941 ἔστ’
635 895 709 958 ὅρη
733 895 961 957 Κεραύνια.

139 963 392 1010 Μεσσαπίων
417 965 453 1010 δ’
476 966 654 1010 οἰκοῦσιν
662 999 1093 1013 .........

141 1068 151 1078 ·
191 1028 230 1076 ι’
242 1069 830 1082 ............
871 1034 1118 1097 Ὀμὸρικοί,

140 1101 206 1153 οὕς
228 1120 349 1165 φασιν
375 1102 636 1165 ἇὸροδίαιτον
653 1107 854 1165 αἱρεῖσθαι
882 1103 966 1165 βίον

141 1173 313 1217 Λυδοῖσι
332 1172 588 1234 βιοτεύοντας
611 1174 911 1236 ἐμφερέστατα.

65 1245 67 1249 ”
137 1233 225 1287 Εἶτ’
246 1241 351 1287 ἔστιν
372 1242 559 1304 Ἀδριανὴ
585 1245 768 1288 θάλαττα
788 1242 1003 1305 λεγομένη.

56 1327 117 1357 370
141 1311 390 1370 Θεόπομπος
413 1312 640 1375 ἀναγράφει
661 1313 702 1357 δὲ
724 1311 874 1368 ταύτης
893 1312 964 1367 τὴν
987 1312 1116 1368 θέσιν,

139 1382 192 1431 ὡς
212 1378 260 1434 δὴ
280 1381 596 1440 συνισθμίζουσα
617 1381 717 1444 πρὸς
737 1381 809 1436 τὴν
831 1381 1039 1437 Ποντικήν

54 1528 148 1554 nus.
179 1514 195 1566 ll
221 1537 277 1543 —
299 1513 393 1554 355.
426 1515 576 1555 σπεύδει
599 1524 640 1555 et
669 1514 865 1556 Ἑλλάδαν
886 1516 1042 1564 codex;
1066 1530 1146 1555 em.
1173 1514 1290 1555 editt.

60 1576 75 1628 Η
99 1599 155 1605 -
170 1573 265 1627 359.
284 1574 349 1627 ἔτη
370 1577 490 1616 omis.
506 1575 635 1616 codex
648 1607 659 1627 ,
678 1578 882 1633 supplevit
893 1578 1083 1631 Scaliger.
1107 1578 1293 1617 Fortasse

56 1636 281 1684 ἀπταίστους
295 1638 372 1692 leg.
386 1653 472 1679 esse
483 1640 712 1692 suspicatur
719 1639 965 1680 Meinekius.
985 1641 1063 1693 ss—
1075 1640 1170 1680 360.
1185 1641 1291 1680 Hoc-

53 1712 99 1738 ce
128 1699 408 1740 testimonium
441 1714 535 1740 cum
572 1699 748 1741 Diodori
778 1700 877 1741 locis
896 1703 973 1752 XI,
1007 1716 1075 1755 90.
1098 1702 1196 1751 XII,
1225 1715 1289 1752 10,

53 1775 134 1801 sec.
157 1774 248 1815 quae
269 1760 400 1802 deleta
414 1762 577 1816 Sybaris
605 1771 666 1803 est
696 1762 863 1818 Olymp.
897 1767 966 1817 67,
992 1775 1033 1804 2.
1059 1764 1133 1803 511
1165 1778 1200 1803 a.
1235 1765 1289 1814 C,

54 1821 264 1876 iungentes
276 1823 515 1877 chronologi
528 1825 729 1878 originem
739 1825 854 1865 urbis
866 1824 1053 1866 referunt
1065 1825 1117 1866 ad
1127 1840 1194 1866 an.
1212 1839 1263 1880 72
1271 1840 1288 1866 1

52 1885 137 1924 sive
163 1884 228 1925 Ol.
269 1888 334 1935 14,
367 1889 408 1934 4.
433 1886 635 1926 Eusebius
674 1886 864 1941 Sybarim
893 1886 1041 1928 eodem
1064 1902 1173 1927 anno
1208 1901 1291 1941 quo

54 1947 276 1988 Crotonem
289 1947 498 1989 conditam
513 1948 635 1999 dicit,
659 1949 725 1990 Ol.
747 1951 812 2000 18,
836 1963 874 1990 1.
893 1951 996 2004 7083
1019 1949 1090 1990 sed
1105 1950 1292 2004 Sybarim

54 2017 148 2050 ante
169 2010 393 2051 Crotonem
422 2010 643 2052 deductam
662 2026 747 2052 esse
769 2012 898 2067 liquet
922 2027 972 2053 ex
993 2013 1200 2053 Antiocho
1223 2027 1289 2067 ap.

53 2071 186 2112 strab.
211 2074 287 2123 VI,
305 2087 348 2127 p.
373 2076 470 2114 262.
494 2074 550 2114 V.
576 2073 758 2114 Clinton.
785 2075 832 2114 F.
863 2074 917 2115 H.
942 2083 1045 2114 tom.
1066 2077 1101 2124 Ι,
1127 2089 1170 2129 p.
1196 2077 1289 2128 174.

59 2135 75 2187 ΙΙ
101 2157 158 2166 --
176 2135 272 2175 361.
294 2137 392 2175 Haec
409 2136 443 2175 si
466 2144 654 2177 accurate
670 2135 781 2177 dicta
797 2145 908 2186 sunt,
930 2137 1046 2176 Italia
1062 2151 1148 2176 non
1165 2136 1292 2176 modo

55 2210 183 2251 usque
197 2196 250 2237 ad
264 2198 492 2239 Tarentum
507 2199 723 2253 pertinuit,
741 2197 813 2239 sed
831 2198 1031 2252 reliquam
1047 2200 1169 2238 etiam
1182 2213 1293 2238 com-

54 2257 306 2312 plectebatur
331 2274 463 2310 oram,
495 2274 586 2314 quae
608 2260 659 2300 ab
682 2261 840 2300 oriente
864 2260 1001 2300 sinum
1020 2261 1293 2303 Tarentinum

53 2319 221 2361 claudit.
248 2321 264 2374 ll
287 2344 344 2351 —
362 2322 458 2362 362.
491 2321 728 2372 καθήκοντος
746 2321 859 2372 cod.;
880 2336 961 2362 em.
986 2322 1175 2375 Scaliger.
1201 2323 1216 2376 Η
1237 2347 1294 2353 -

57 2381 151 2423 363.
170 2383 340 2438 Γάπυγες
357 2383 450 2423 cod.
474 2384 490 2437 ll
510 2407 566 2414 —-
584 2384 615 2423 O
630 2383 641 2423 ἰ
655 2386 715 2424 νώ
728 2399 778 2438 τρ
794 2400 833 2424 ιο
849 2400 859 2423 ι
877 2385 1062 2438 ]Mirum
1083 2393 1144 2425 est
1164 2399 1294 2439 usque

55 2444 107 2483 ad
142 2445 381 2485 orientalem
410 2446 534 2486 maris
565 2461 681 2486 oram
706 2448 932 2487 OEnotrios
962 2446 1144 2487 extendi.
1165 2447 1294 2487 Vide-

56 2515 123 2546 tur
148 2508 299 2547 Noster
336 2515 469 2548 totum
500 2507 739 2548 inferiorem
760 2508 887 2549 Italiae
918 2517 1095 2549 tractum
1114 2507 1210 2548 inde
1243 2509 1294 2548 ab

58 2571 142 2610 Lao
162 2570 288 2609 fluvio
311 2583 440 2624 usque
456 2569 510 2610 ad
532 2571 772 2624 Garganum
795 2586 844 2611 eo
861 2563 1293 2624 nominegeneraliori

55 2625 308 2683 designasse,
351 2631 527 2686 ideoque
562 2634 686 2673 etiam
723 2634 949 2689 Iapygiam,
992 2647 1117 2688 quam
1152 2633 1293 2688 Scylax

56 2688 170 2740 dicit,
203 2707 252 2732 eo
282 2694 659 2748 comprehendisse,
692 2696 771 2735 nisi
800 2695 915 2750 quod
943 2694 1121 2749 singulas
1150 2696 1293 2735 OEno-

57 2752 144 2793 triae
166 2763 305 2807 gentes
330 2763 540 2810 tamquam
562 2756 786 2810 peculiares
810 2757 985 2813 populos
1007 2771 1154 2812 parum
1173 2771 1293 2798 accu-

57 2823 142 2855 rate
179 2816 408 2871 distinguit,
439 2826 486 2858 ut
524 2819 567 2858 in
598 2827 754 2859 antece.
797 2818 985 2860 distinxit
1019 2821 1208 2861 Ausones
1243 2820 1294 2860 ab

59 2878 212 2931 Opicis.
232 2880 337 2920 Nam
350 2880 473 2920 Italos
489 2895 574 2921 esse
601 2883 815 2923 OEnotriae
831 2891 995 2936 gentem
1017 2881 1128 2937 apud
1150 2883 1296 2924 Antio-

59 2939 184 2981 chum
199 2941 382 2997 aliosque
394 2944 763 2998 scriptores,·sicuti
779 2946 985 2998 Morgetes
1003 2952 1119 2984 erant
1135 2952 1174 2984 et
1189 2944 1296 2985 Cho-

60 3016 155 3053 nes,
180 3004 223 3043 in
246 3004 433 3045 confesso
462 3014 537 3046 est.
563 3006 723 3047 Eodem
745 3006 872 3047 modo
902 3008 945 3047 in
966 3020 1086 3047 versu
1108 3008 1294 3061 sequenti

59 3065 247 3120 Messapii
263 3070 483 3109 memorari
498 3084 646 3124 parum
669 3069 861 3111 distincte
875 3068 1050 3125 putandi
1062 3077 1173 3109 sunt.
1190 3070 1295 3110 Nam

61 3135 154 3179 post
171 3129 340 3183 Iapyges
362 3144 535 3185 parvum
564 3146 645 3172 orae
674 3141 850 3173 tractum
872 3132 925 3173 ad
948 3133 1158 3174 OEnotros
1172 3133 1296 3187 perti-

63 3189 212 3240 nuisse,
233 3190 382 3233 deinde
403 3195 626 3250 Messapios
642 3195 858 3246 habitasse,
884 3196 1056 3235 minime
1073 3195 1297 3250 probabilis

63 3249 168 3291 soret
192 3255 405 3296 sententia.
436 3256 452 3310 ll
491 3280 548 3287 -—-
577 3258 672 3307 364.
717 3258 1048 3312 Μεσσαπίων]
1084 3259 1296 3314 μεσαιγέων

61 3312 194 3353 codex
229 3323 269 3356 et
307 3318 492 3358 similiter
525 3334 565 3359 v.
599 3321 679 3361 366
713 3321 947 3377 μεσσαγίων.
986 3322 1176 3376 Utroque
1207 3322 1297 3362 loco

65 3375 296 3417 Μεσσαπίων
320 3380 497 3421 restituit
514 3381 760 3425 Meinekius.
783 3386 844 3425 Ac
861 3385 1162 3439 Messapiorum
1186 3399 1298 3425 men-

65 3438 220 3477 tionem
239 3439 368 3480 inesse
400 3456 459 3482 vs,
483 3443 562 3491 364
599 3453 709 3485 recte
736 3445 823 3499 jam
845 3445 1078 3500 conjecerat
1117 3446 1295 3497 Gailius,

66 3513 318 3554 quamquam
335 3503 378 3542 in
403 3511 519 3544 textu
544 3506 709 3560 reliquit
726 3508 946 3549 Hoeschelii
971 3510 1217 3564 scripturam
1235 3525 1300 3565 με-

67 3561 246 3615 σαιγέων.
276 3564 338 3603 Βε
364 3578 446 3618 quo
463 3565 567 3606 bene
589 3569 819 3610 Meinekius
846 3583 855 3610 :
881 3590 896 3606 α
927 3572 984 3611 Ut
1006 3570 1059 3611 de
1084 3571 1300 3613 insolentia

66 3621 208 3662 sormae
234 3623 347 3663 nullo
371 3627 557 3681 exemplo
589 3630 865 3683 comprobatae
887 3638 1043 3672 taceam
1057 3662 1069 3682 ,
1087 3632 1189 3686 quid
1210 3640 1299 3674 tan-

67 3683 160 3726 dem
188 3684 268 3725 hoc
286 3693 360 3731 est,
386 3687 497 3741 quod
517 3689 784 3732 Brundisium
810 3691 1206 3735 mediterraneorum
1222 3695 1298 3736 ho-

67 3746 227 3787 minum
254 3756 397 3802 portus
417 3749 593 3791 dicitur?
612 3752 654 3792 id
676 3753 788 3807 quod
809 3769 977 3809 prorsus
997 3755 1199 3798 absonum
1213 3767 1294 3809 est,

66 3808 283 3864 omnisque
298 3812 467 3852 rationis
483 3827 642 3867 expers.
666 3834 682 3850 n
703 3817 753 3855 In
769 3818 953 3870 sequenti
971 3831 1091 3858 versu
1102 3820 1296 3861 Hoesche-

67 3868 143 3910 lius
171 3870 355 3914 ediderat
389 3875 643 3928 μεσαίτατον;
678 3877 867 3919 lacunam
901 3893 998 3920 vero
1035 3881 1211 3936 Scaliger
1241 3883 1297 3924 ita

67 3932 264 3986 explevit:
299 3936 527 3989 μεσαίτατον
562 3938 595 3977 δ’
620 3937 788 3980 οἰκοῦσιν
835 3939 1039 3995 Ὀμβρικοὶ
1069 3942 1185 3994 λεώ;
1220 3958 1297 3999 pro

36 4010 40 4012 ·
67 3991 146 4033 λεώ
168 3995 384 4039 Salmasius
418 3998 545 4040 voluit
573 4000 708 4051 πέδον;
734 4003 980 4043 Letronnius
1008 4018 1031 4044 e
1059 4004 1298 4046 Boissonadi

1035 175 1213 222 ORBIS
1247 176 1619 226 DESCRIPTIO.

2500 198 2584 237 211

1359 286 1543 327 studeret
1559 299 1772 328 accurrere
1786 317 1796 336 ,
1821 286 2012 327 deserens
2032 289 2247 330 Graeciam.

1359 354 1609 394 Crotoniatae
1627 361 1763 394 autem
1774 384 1785 404 ,
1810 367 1939 408 prope
1956 355 2046 404 siti,

1365 421 1402 459 vi
1422 428 1463 461 et
1485 422 1608 460 armis
1623 435 1692 461 cos
1714 421 1968 461 sustulerunt
1989 422 2104 462 brevi
2127 430 2313 478 tempore
2328 455 2338 475 ,

1361 497 1581 543 postquam
1600 490 1644 529 in
1661 503 1822 530 summa
1842 499 2152 545 permanserant
2171 492 2258 532 sine
2276 492 2501 536 offensione

1362 569 1437 610 per
1458 570 1588 596 annos
1607 556 1770 596 circiter
1788 556 1989 598 ducentos
2010 565 2131 611 atque
2151 557 2311 600 decem.

1364 624 1464 663 Post
1481 622 1642 663 Italiam
1660 623 1799 662 statim
1820 625 1988 665 Ionium
2013 623 2166 665 fretum

1364 691 1491 731 situm
1515 698 1596 740 est;
1617 690 1890 744 pertingentes
1911 699 2050 731 autem
2071 691 2124 731 ad
2147 693 2298 735 ostium
2316 693 2401 749 ejus

1363 758 1553 799 habitant
1568 759 1754 813 Iapyges.
1776 759 1874 797 Post
1893 772 1997 812 quos
2017 761 2211 801 OEnotrii

1361 827 1728 882 Brundusiumque
1747 826 1888 867 navale
1911 829 2225 884 Messapiorum.

1362 897 1399 935 E
1421 895 1587 949 regione
1609 903 1748 935 autem
1765 892 1830 933 his
1849 902 2011 935 montes
2029 904 2126 936 sunt
2145 897 2351 938 Ceraunii.

1362 963 1663 1018 Messapiorum
1681 964 1867 1004 habitant
1888 962 2050 1015 (vicini
2069 964 2231 1012 Dauni,

1362 1025 1626 1072 (Ieimle'sunt
1643 1033 1846 1074 Samnites
1862 1050 1876 1081 ;
1889 1042 1990 1088 post
2014 1033 2117 1086 hos)
2137 1034 2285 1074 Umbri
2302 1066 2311 1084 ,

1362 1114 1467 1154 quos
1490 1101 1606 1140 aiunt
1629 1100 1843 1142 delicatam
1865 1100 2029 1154 elegisse
2050 1101 2172 1141 vitam
2185 1133 2196 1152 ,

1364 1169 1492 1224 Lydis
1514 1170 1696 1210 viventes
1718 1169 1932 1210 simillimi.

1362 1237 1525 1277 Deinde
1547 1246 1607 1278 est
1625 1238 1856 1279 Adrianum
1876 1245 1989 1277 mare
2007 1237 2180 1279 dictum.

1361 1305 1658 1364 Theopompus
1676 1308 1763 1363 ejus
1781 1308 1978 1349 describit
1996 1310 2121 1349 situm
2137 1340 2148 1359 ‚

1364 1388 1409 1420 ut
1427 1380 1541 1435 quod
1559 1394 1655 1421 cum
1677 1381 1851 1421 Pontico
1870 1380 2069 1420 isthmum
2088 1380 2260 1431 faciens,

1363 1513 1600 1569 conjectura
1623 1515 1785 1569 scripsit
1801 1515 1939 1564 τόπον;
1960 1514 2171 1554 Fabricius
2191 1529 2213 1554 e
2229 1515 2470 1556 Grotesendi
2487 1517 2594 1570 conj.

1363 1577 1501 1627 πάλιν;
1522 1577 1724 1617 Krebsius
1743 1576 1963 1630 legendum
1979 1577 2197 1630 proposuit
2214 1590 2223 1616 :
2242 1578 2468 1631 μεσαίτατον
2485 1579 2518 1618 δ’
2536 1579 2597 1619 αὖ·

1362 1643 1437 1678 τῶν
1461 1638 1520 1693 (i.
1544 1652 1581 1678 e.
1604 1639 1789 1692 gentium
1806 1638 2006 1679 Italarum
2032 1652 2124 1692 quae
2147 1647 2243 1678 sunt
2268 1639 2321 1679 ad
2340 1639 2598 1682 Adriaticum

1362 1701 1614 1755 Ioniumque
1631 1703 1647 1755 )
1665 1699 1812 1741 οἰκοῦσι
1833 1700 2051 1756 Ὀμβρικοί.
2076 1704 2179 1753 Quae
2200 1701 2368 1756 quidem
2389 1701 2597 1757 conjectu-

1362 1777 1440 1813 rae,
1473 1763 1623 1817 quibus
1660 1763 1840 1804 mediam
1862 1778 1944 1804 orae
1976 1762 2196 1805 Adriaticae
2218 1778 2335 1804 oram
2352 1764 2521 1806 Umbris
2546 1767 2598 1808 ab

1361 1834 1530 1866 auctore
1556 1827 1752 1879 assignari
1771 1826 1936 1876 volunt,
1961 1840 2102 1866 veram
2124 1840 2220 1866 sane
2236 1827 2502 1878 sententiam,
2528 1829 2599 1869 sed

1362 1888 1516 1928 mirum
1539 1889 1582 1928 in
1610 1887 1783 1928 modum
1806 1889 2054 1929 enuntiatam
2089 1886 2312 1940 effingunt,
2334 1896 2381 1928 ut
2411 1888 2599 1942 pluribus

1363 1959 1506 1991 monet
1527 1949 1776 1991 Meinekius.
1798 1948 1962 1990 Codicis
1988 1950 2192 2004 scriptura
2214 1958 2376 1990 tantum
2394 1965 2479 1991 non
2498 1952 2600 1991 inte-

1362 2013 1444 2064 gris
1479 2013 1605 2053 literis
1635 2011 1758 2052 offert
1779 2026 1933 2051 nomen
1954 2012 2270 2066 Messapiorum.
2297 2014 2393 2064 Quo
2420 2013 2599 2066 reposito

1361 2074 1594 2115 Meinekius
1611 2088 1774 2115 versum
1790 2074 1924 2128 explet
1946 2074 2060 2114 hunc
2082 2075 2125 2114 in
2139 2073 2314 2114 modum
2337 2087 2345 2114 :
2365 2075 2599 2115 Μεσσαπίων

1363 2135 1396 2174 δ’
1421 2135 1568 2177 οἰκοῦσι
1595 2135 1800 2191 Ὀμδρικοὶ
1828 2135 1956 2182 πέλας.
1979 2137 2139 2175 Verum
2164 2136 2257 2190 quis
2285 2150 2470 2190 unquam
2497 2136 2601 2180 dixit

1362 2199 1543 2240 Umbros
1563 2213 1692 2253 usque
1707 2198 1758 2238 ad
1770 2198 1994 2252 Messapios
2012 2198 2287 2252 pertinuisse?
2303 2198 2428 2251 Quod
2441 2213 2492 2239 ne
2510 2207 2599 2239 tum

1362 2260 1528 2316 quidem
1553 2259 1766 2315 probabile
1788 2269 1867 2309 est,
1896 2260 1928 2299 si
1951 2258 2052 2299 fines
2070 2259 2369 2314 Messapiorum
2393 2273 2523 2313 usque
2546 2260 2598 2299 ad

1362 2325 1601 2376 Garganum
1617 2322 1782 2363 extendi
1799 2322 1911 2362 velis.
1934 2323 2072 2372 Quare
2091 2335 2177 2360 non
2198 2321 2300 2362 duas
2318 2320 2509 2375 syllabas,
2528 2321 2598 2361 sed

1364 2399 1527 2425 versum
1560 2386 1766 2437 integrum
1796 2381 1994 2422 excidisse
2015 2390 2139 2436 puto,
2169 2396 2253 2436 quo
2278 2381 2599 2423 recensebantur

1366 2448 1547 2488 Peucetii
1580 2447 1642 2487 vel
1674 2446 1827 2485 Daunii
1865 2453 1904 2484 et
1932 2444 2199 2499 probabiliter
2239 2445 2445 2485 Samnitas.
2491 2445 2508 2498 Η
2543 2468 2600 2476 —

1365 2510 1460 2564 367.
1494 2512 1599 2561 Quae
1621 2508 1808 2562 sequitur
1823 2506 1937 2546 sinus
1956 2505 2155 2546 Adriatici
2176 2503 2347 2560 ejusque
2368 2504 2599 2546 accolarum

1364 2571 1585 2626 descriptio
1593 2578 1679 2612 tota
1689 2570 1816 2625 petita
1822 2577 1882 2609 est
1892 2582 1914 2608 e
1927 2567 2216 2623 Theopompo,
2226 2581 2350 2622 quem
2363 2567 2448 2622 ipse
2455 2576 2600 2609 auctor

1364 2635 1551 2674 nominat
1570 2647 1611 2673 v.
1635 2633 1715 2686 370
1730 2663 1740 2682 ,
1764 2645 1970 2686 quemque
1989 2631 2146 2671 fontem
2168 2630 2290 2671 fuisse
2312 2629 2460 2670 clarius
2476 2631 2598 2671 etiam

1363 2704 1542 2750 arguunt
1565 2695 1792 2748 fragmenta
1812 2693 1906 2734 libri
1932 2694 2049 2733 XXI.
2072 2694 2138 2734 Sic
2160 2707 2251 2748 quae
2271 2700 2415 2733 nostro
2434 2692 2526 2733 loco
2549 2693 2600 2733 de

1363 2758 1534 2799 Umbris
1568 2757 1777 2811 leguntur,
1823 2771 1845 2796 e
1884 2755 2157 2810 Theopompo
2197 2754 2211 2811 (
2234 2755 2286 2795 fr.
2331 2757 2409 2803 142
2434 2756 2449 2808 )
2483 2754 2602 2796 affert

1365 2819 1587 2860 Athenaeus
1609 2820 1717 2868 XII,
1740 2832 1782 2872 p.
1819 2816 1914 2867 526,
1950 2818 1982 2857 F
2009 2830 2018 2856 :
2040 2816 2094 2856 Tb
2123 2820 2198 2857 τῶν
2233 2814 2452 2870 Ὀμὸρικῶν
2488 2831 2600 2870 φησιν

1366 2881 1525 2929 ἔθνος...
1553 2880 1723 2928 ἐπιεικῶς
1749 2877 1850 2920 εἶναι
1870 2878 2110 2934 ἁ6ροδίαιτον
2138 2877 2413 2933 παραπλησίως
2445 2893 2485 2918 τε
2521 2879 2601 2932 βιο-

1364 2944 1484 2984 τεύειν
1501 2945 1583 2991 τοῖς
1597 2943 1749 2992 Λυδοῖς,
1771 2943 1903 2996 χώραν
1924 2957 1964 2982 τε
1986 2940 2090 2996 ἔχειν
2109 2938 2276 2995 ἀγαθὴν,
2299 2939 2385 2979 ὅθεν
2399 2938 2600 2994 προελθεῖν

1366 3006 1417 3054 εἰς
1450 3005 1708 3062 εὐδαιμονίαν.
1742 3005 1758 3059 ll
1781 3028 1838 3035 —
1871 3005 1967 3057 369.
1995 3001 2128 3044 εἶτεν
2153 3004 2167 3058 ]
2196 3001 2321 3055 Quod
2350 3002 2381 3041 si
2414 3010 2602 3042 accurate

1365 3070 1546 3120 dictum,
1574 3067 1834 3110 Adriaticum
1864 3082 1975 3107 mare
1995 3075 2088 3122 post
2104 3065 2287 3106 Umbros
2309 3063 2475 3103 demum
2499 3064 2598 3104 inci-

1365 3132 1447 3187 pit,
1477 3130 1653 3185 ideoque
1674 3129 1838 3170 nonnisi
1875 3127 1927 3168 ad
1952 3127 2018 3167 τὸν
2037 3126 2160 3182 μυχὸν
2183 3127 2295 3166 sinus
2322 3125 2451 3165 Ionici
2472 3138 2600 3180 prope

1366 3193 1538 3236 Adriam
1574 3192 1720 3233 urbem
1753 3191 1945 3246 pertinet,
1977 3203 2061 3243 quo
2081 3202 2202 3228 sensu
2221 3187 2263 3227 id
2286 3200 2438 3227 nomen
2471 3200 2494 3226 a
2517 3188 2600 3240 pri·

1367 3257 1444 3298 scis
1463 3254 1730 3311 scriptoribus
1762 3259 2006 3306 usurpatum
2027 3265 2111 3290 esse
2133 3249 2275 3289 monui
2299 3247 2351 3288 ad
2376 3247 2597 3301 Scylacem.

1368 3323 1561 3373 Quocum
1583 3318 1687 3357 bene
1714 3315 1894 3355 concinit
1917 3311 2030 3366 quod
2056 3312 2350 3364 Theopompus
2375 3307 2460 3361 (fr.
2490 3311 2598 3362 140)

1370 3396 1520 3422 nomen
1552 3378 1652 3420 illud
1686 3377 1737 3418 ab
1767 3374 1894 3417 Adria
1918 3375 2044 3414 fluvio
2076 3371 2260 3413 deducit.
2297 3371 2463 3411 Ionium
2488 3384 2601 3411 mare

1368 3443 1597 3485 secundum
1615 3438 1792 3481 eundem
1810 3437 1861 3478 ab
1879 3437 2014 3486 Ionio,
2038 3436 2126 3475 viro
2143 3433 2306 3488 Illyrico
2320 3463 2331 3483 ,
2357 3433 2428 3487 qui
2453 3433 2496 3472 in
2516 3435 2602 3474 Issa

1369 3509 1447 3548 ins.
1466 3504 1663 3559 regnavit,
1686 3514 1837 3541 nomen
1859 3499 2029 3552 accepit.
2053 3496 2176 3537 Unde
2198 3496 2294 3536 satis
2312 3502 2423 3550 patet
2447 3508 2531 3535 non
2551 3509 2600 3535 eo

1370 3568 1495 3610 modo
1516 3567 1677 3607 Ionium
1714 3577 1826 3603 mare
1857 3577 1879 3602 a
1905 3562 2177 3615 Theopompo
2199 3557 2358 3599 dictum
2386 3571 2494 3607 esse,
2517 3571 2600 3611 quo

1368 3633 1540 3673 seriores
1562 3628 1780 3681 scriptores
1797 3624 1932 3664 dicere
1951 3623 2097 3663 solent.
2121 3621 2137 3676 ss
2160 3645 2216 3652 —
2237 3621 2333 3675 370.
2356 3618 2600 3674 Θεόπεμπτος

1368 3694 1566 3749 ἀναγράφη
1580 3686 1880 3740 ταύτηςεο(1εχ;
1896 3700 1977 3726 em.
1996 3684 2113 3726 editt.
2138 3684 2154 3737 ΙΙ
2173 3707 2229 3714 ——
2247 3683 2343 3737 371.
2366 3682 2602 3735 συνιθμίζου-

1369 3771 1417 3796 σα
1435 3753 1579 3795 codex,
1599 3749 1759 3791 Deinde
1775 3749 1866 3803 πρὸς
1878 3746 1946 3799 τὴν
1969 3745 2133 3797 Ἰονικὴν
2154 3746 2406 3800 scripserunt
2423 3742 2599 3783 Vindiu-

1368 3819 1472 3871 gius,
1493 3814 1683 3864 Hudson,
1714 3813 1886 3861 Gailius,
1905 3810 2018 3865 quod
2037 3809 2172 3850 fauces
2190 3806 2387 3849 Adriatici
2407 3812 2447 3845 et
2468 3804 2598 3844 Ionici

1369 3880 1491 3920 maris
1506 3890 1745 3918 communes
1757 3876 1853 3915 sint.
1868 3872 1993 3926 Quod
2005 3869 2216 3927 quomodo
2236 3867 2481 3920 Forbigerus
2493 3865 2599 3905 tueri
2639 3899 2648 3906 .

1369 3949 1539 3983 conatus
1556 3941 1622 3989 sit,
1648 3953 1803 3993 quaero.
1822 3939 1884 3977 De
1905 3937 1980 3977 ista
1993 3931 2251 3988 Theopompi
2275 3928 2490 3977 sententia,
2517 3941 2599 3981 qua

1369 4003 1625 4047 Adriaticum
1650 4015 1743 4042 cum
1762 4001 1932 4041 Pontico
1960 3997 2059 4038 mari
2082 3995 2276 4035 isthmum
2296 3989 2477 4031 effecerit
2495 3989 2599 4030 adeo

2357 4065 2407 4096 14.
