2808 4342
0 0 47 178 γ,

0 189 8 216 ἰ

0 875 19 905 0

0 1214 22 1244 5

56 246 264 307 στρατιήν·
279 246 348 292 καὶ
367 246 503 295 κακῶς
519 243 601 299 ἤδη
615 243 695 289 ὑπὸ
717 245 840 304 λιμοῦ
860 245 1021 307 ἔχοντες
1034 246 1194 293 ἔπλωον
1210 248 1283 304 τήν

49 333 93 359 τε
117 315 274 379 ἡμέρην
291 314 360 360 καὶ
379 313 453 367 τὴν
476 311 624 368 νύκτα,
644 313 715 358 καὶ
733 313 967 375 ὁρμίζονται
985 315 1087 378 πρὸς
1097 317 1283 379 ἀἰγιαλῷ

50 383 207 446 ἐρήμῳ.
278 381 326 443 (3)
353 381 544 442 Νέαρχος
558 380 599 425 δὲ
617 381 866 432 καταδείσας
883 382 940 442 μὴ
961 383 1039 445 ἄρα
1063 379 1103 435 ἒς
1118 383 1191 440 τὴν
1207 388 1282 446 γῆν

49 450 240 501 ἕκὸάντες
262 447 523 493 ἀπολείποιεν
546 448 619 499 τὰς
639 450 733 501 νέας
757 450 835 495 ὑπὸ
859 451 1055 511 ἀθυμίης,
1082 453 1151 497 ἐπὶ
1178 454 1283 514 τῷδε

50 517 275 579 μετεώρους
295 516 391 577 ἔσχε
414 515 484 567 τὰς
515 515 607 568 νέας
628 520 693 563 ἐπ’
722 518 949 580 ἀγκυρέων.
1021 521 1070 582 (4)
1096 520 1283 566 Ἐνθένδε

47 581 287 647 ἀναχθέντες
308 587 344 636 ἐς
369 585 564 641 Κανάτην
587 585 848 647 ὁρμίζονται,
867 586 1056 638 ’σταδίους
1079 591 1136 639 ὡς
1155 590 1281 634 ἑπτα-

46 655 206 706 κοσίους
219 655 288 700 καὶ
308 654 560 709 πεντήκοντα
582 656 922 708 διεκπλώσαντες.
989 654 1117 703 Ἔστι
1144 656 1284 702 δὲικαὶ

47 723 231 783 αἰγιαλὸς
253 726 292 769 ἐν
316 725 427 787 αὐτῷ
448 723 517 768 καὶ
536 722 731 784 διώρυχες
752 726 943 787 βραχέαι.
1017 723 1066 787 (5)
1092 723 1283 774 Ἐνθένδε

45 793 234 845 σταδίους
257 791 516 844 ὀκτακοσίους
546 793 872 846 διεκπλώσαντες
903 796 943 839 ἓν
965 795 1137 844 Ταοῒσιν
1159 795 1282 858 ὃρμί*

45 861 202 913 ζονται·
224 863 364 918 κῶμαι
390 859 432 905 δὲ
457 860 628 922 σμικραὶ
652 861 723 906 καὶ
746 861 921 924 πονηραὶ
947 864 1122 918 ἐπῆσαν·
1144 863 1213 907 καὶ
1245 865 1281 908 οἱ

46 927 120 986 μὲν
142 928 347 989 ἄνθρωποι
368 929 603 974 ἐκλείπουσι
624 930 676 974 τὰ
697 930 856 987 οἷκήϊα,
882 931 995 975 αὐτοὶ
1019 930 1060 976 δὲ
1081 930 1183 993 σίτῳ
1202 932 1280 976 τινὶ

43 992 169 1060 ὅλίγῳ
193 998 535 1059 ἐπιτυγχάνουσι,
558 998 630 1043 καὶ
650 999 887 1060 βαλάνοισιν
909 1002 955 1045 ἐκ
978 998 1185 1063 φοινίκων·
1210 1001 1280 1046 καὶ

43 1067 255 1126 καμήλους
280 1067 389 1112 ἑπτὰ
423 1066 516 1111 ὅσαι
544 1069 917 1131 ἐγκατελείφθησαν
944 1068 1278 1133 κατακόψαντες,

45 1135 127 1180 ἀπὸ
152 1135 326 1182 τουτέων
355 1136 408 1180 τὰ
431 1137 532 1199 κρέα
556 1137 769 1184 ἐσιτέοντο.
839 1137 886 1200 (ο)
916 1137 1024 1185 Ὑπὸ
1056 1137 1192 1194 δὲτὴν
1226 1138 1280 1183 ἕω

44 1205 287 1266 ἀναχθέντες
311 1205 500 1257 σταδίους
523 1206 780 1267 τριηκοσίους
802 1206 986 1254 πλώουσι
1001 1244 1013 1268 ,
1037 1208 1109 1253 καὶ
1127 1226 1277 1268 κατορ-

45 1272 230 1328 μίζονται
261 1277 300 1326 ἐς
323 1273 574 1337 Δαγάσειρα·
611 1275 704 1321 ἔνθα
736 1276 907 1336 νομάδες
936 1276 1039 1329 τινὲς
1072 1277 1279 1339 ἄνθρωποι

43 1339 186 1403 ᾤκεον.
260 1343 308 1405 (7)
336 1343 523 1390 Ἐνθένδε
559 1344 730 1407 ἄραντες
761 1345 834 1401 τήν
867 1365 911 1391 τε
943 1347 1071 1392 νύκτα
1101 1345 1173 1392 καὶ
1205 1345 1277 1401 τὴν

44 1412 202 1473 ἡμέρην
227 1412 340 1456 οὐδέν
377 1431 416 1456 τι
447 1413 668 1466 ἐλινύοντες
703 1414 875 1460 ἔπλωον·
913 1415 1020 1461 ἀλλὰ
1057 1414 1280 1467 διελθόντες

43 1479 122 1540 γὰρ
147 1479 333 1530 σταδίους
357 1479 514 1541 χιλίους
532 1500 574 1525 τε
594 1482 664 1526 καὶ
686 1482 828 1528 ἑκατὸν
847 1482 1080 1535 ἐξέπλωσαν
1099 1483 1146 1528 τὸ
1169 1483 1280 1535 ἔθνος

0 1559 25 1590 :o
43 1550 121 1593 τῶν
147 1547 451 1610 Ἰχθυοφάγων,
475 1549 609 1593 πολλὰ
632 1550 742 1595 κακὰ
762 1550 890 1612 ταύτῃ
912 1552 1107 1603 παθόντες
1128 1553 1278 1614 ἀπορίῃ

42 1619 123 1661 τῶν
159 1617 409 1677 ἀναγκαίων.
482 1619 530 1677 (8)
557 1617 827 1679 εΟρμίζοντοιι
862 1620 903 1663 δὲ
927 1622 971 1664 οὐ
996 1621 1096 1680 πρὸς
1125 1624 1176 1680 τῇ
1209 1614 1278 1681 γ’ᾔ·

45 1685 170 1749 ῥηχίη
188 1685 266 1748 γὰρ
286 1680 336 1742 ἦν
361 1686 428 1730 ἐπὶ
445 1685 594 1731 πολλὸν
610 1686 815 1748 ἀνέχουσα
830 1723 841 1744 ,
867 1686 974 1733 ἀλλὰ
994 1687 1192 1751 μετέωροι
1215 1689 1280 1732 ἐπ’

46 1754 272 1816 ἀγκυρέων.
303 1758 449 1810 Μῆκος
464 1760 534 1800 τοῦ
557 1756 777 1817 παράπλου
801 1760 880 1801 τῶν
905 1757 1185 1819 Ἰχθυοφάγων
1205 1761 1279 1812 τῆς

43 1823 181 1884 χώρης
209 1824 334 1885 ὀλίγῳ
357 1826 524 1875 πλεῦνες
548 1825 704 1869 στάδιοι
729 1825 882 1887 μύριοι.
957 1828 1004 1886 (9)
1031 1820 1159 1872 Οῧτοι
1180 1826 1220 1871 δὲ
1241 1829 1278 1871 οἱ

41 1976 253 2024 rimantes.
265 1982 328 2024 Cf.
340 1984 592 2039 Xenophon.
608 1985 740 2026 Anab.
756 1987 834 2034 III,
856 1990 921 2026 16.
935 1986 1091 2026 Plinius
1104 1988 1221 2037 XIII,
1238 2003 1279 2040 9.

48 2060 64 2082 «
86 2044 176 2085 The
199 2044 425 2101 ἐγκέφαλος,
445 2060 487 2087 as
511 2048 594 2087 Mr.
611 2048 732 2092 Iones
751 2047 925 2088 informs
944 2063 1032 2099 me,
1054 2049 1087 2088 is
1110 2049 1180 2089 the
1195 2057 1281 2089 ten-

42 2105 118 2147 der
135 2107 241 2148 head
260 2107 309 2148 of
312 2108 390 2149 'the
412 2107 506 2150 date
520 2117 622 2160 trec,
640 2110 876 2165 commonly
894 2110 1022 2151 called
1040 2110 1096 2166 by
1115 2111 1184 2151 the
1199 2112 1282 2151 Eu-

41 2183 216 2224 ropeans
238 2170 419 2225 residing
443 2179 484 2211 at
516 2172 709 2222 Bussora‚
744 2173 814 2212 the
843 2172 937 2212 date
972 2181 1057 2212 tree
1087 2173 1279 2226 cabbage,

41 2231 178 2272 which
193 2234 243 2283 is,
267 2232 350 2273 and
370 2234 404 2272 is
422 2231 666 2273 considered
682 2247 724 2273 as
740 2248 764 2273 a
778 2228 958 2289 delicacy
976 2234 1078 2274 both
1097 2234 1152 2289 by
1168 2234 1282 2275 them

41 2292 124 2334 and
148 2293 204 2348 by
219 2294 288 2334 the
307 2295 479 2334 natives.
497 2293 655 2344 Boiled,
676 2294 730 2335 he
756 2295 930 2345 adds‚'·it
949 2296 982 2335 is
1004 2295 1130 2336 much
1148 2295 1229 2336 like
1258 2311 1281 2337 a

42 2355 124 2395 fine
147 2365 271 2396 sweet
300 2356 501 2410 cabbage3
538 2356 716 2411 pickled,
741 2358 774 2397 it
791 2358 826 2397 is
854 2356 1094 2398 admirable.
1119 2375 1136 2395 »
1172 2360 1281 2398 Vm-

44 2433 152 2458 CENT
169 2433 212 2473 p.
236 2421 331 2460 268.
360 2420 376 2472 Η
398 2443 455 2449 -
481 2418 730 2460 ἀπολελοίπει
748 2421 800 2461 Α.
827 2420 843 2473 ΙΙ
863 2443 919 2450 -
937 2423 978 2468 4.
998 2418 1173 2468 ἐκὸάντες
1192 2435 1276 2462 om.

42 2481 90 2520 B.
115 2482 130 2534 Η
154 2504 208 2511 ——-
232 2484 282 2529 4.·
301 2480 524 2522 ἀπολίποιεν
557 2483 610 2521 D.
636 2482 651 2534 {l
678 2504 735 2511 -
767 2485 807 2522 6.
830 2480 1035 2536 ὁρμίζοντο
1063 2481 1152 2537 (sic)
1178 2483 1230 2523 D.
1259 2483 1275 2536 ΙΙ

41 2565 96 2572 ·—
111 2542 143 2581 K
153 2558 177 2582 α
190 2558 208 2583 ν
224 2544 278 2583 άτ
289 2558 341 2594 ην
358 2545 374 2597 ]
397 2543 468 2583 ubi
484 2557 596 2584 nunc
607 2546 807 2596 Kungoim
821 2557 951 2598 prope
962 2547 1048 2584 Rus
1062 2544 1204 2591 Kalat,
1228 2544 1281 2585 ad

41 2604 177 2643 Bantlz
190 2605 237 2654 fl.
259 2605 291 2644 F
293 2613 374 2644 ort.
399 2604 477 2657 leg.
502 2605 703 2659 Κανάγην.
721 2607 770 2645 In
793 2605 1128 2646 antecedentibus
1150 2620 1279 2660 quum

41 2666 165 2706 unius
190 2666 271 2707 diei
290 2668 505 2721 noctisque
520 2668 725 2721 navigatio
746 2668 861 2709 nullo
879 2668 1109 2709 stadiorum
1133 2683 1279 2710 nume-

41 2741 91 2768 ro
107 2727 275 2769 definita
291 2730 358 2779 sit,
380 2728 608 2784 supplenda
629 2728 824 2770 videntur
842 2744 924 2784 700
940 2729 1005 2770 vel
1027 2733 1108 2772 800
1131 2729 1276 2770 stadia.

33 2789 289 2830 Ptolemaeus-
314 2790 492 2843 Κανάτην
510 2805 595 2831 non
612 2799 910 2832 commemorat
917 2807 928 2842 ;
949 2800 1044 2847 post
1058 2792 1153 2832 Tisa
1169 2791 1280 2846 apud

44 2867 139 2893 eum
162 2853 348 2906 sequitur
376 2852 619 2908 Samydaces
656 2853 699 2893 ss.
727 2852 863 2906 (hod.
887 2853 1006 2895 Sirvo
1034 2869 1067 2894 s.
1099 2854 1215 2893 ΤαιιᾸ·
1233 2853 1276 2908 );

43 2914 193 2956 deinde
211 2915 331 2969 longe
355 2915 408 2955 ab
436 2930 485 2956 eo
508 2915 649 2956 dissita
662 2915 881 2970 Samydace
894 2916 995 2956 urbs
1019 2917 1035 2969 (
1050 2916 1158 2956 circa
1175 2916 1277 2957 hod.

43 2977 199 3032 Kaley)
211 2995 226 3027 ,·
246 2986 335 3018 tum
354 2977 468 3018 locus
490 2978 649 3032 Μάγιδα
676 2979 692 3031 (
714 2986 762 3018 ut
783 2978 905 3032 vulgo
928 2978 942 3035 )
970 2979 1033 3019 vel
1066 2978 1191 3026 Μασίς
1218 2979 1282 3019 vel

42 3039 193 3091 Μασίν,
215 3054 292 3094 pro
315 3054 398 3094 quo
416 3040 543 3081 habes
566 3041 609 3080 in
641 3042 842 3082 Marciani
872 3041 1015 3082 codice
1040 3041 1209 3091 Πάσιδα;
1235 3042 1279 3082 in

44 3114 127 3156 quo
150 3102 267 3143 litera
287 3117 315 3142 π
342 3101 455 3142 haud
488 3101 616 3143 dubie
645 3111 756 3144 recte
779 3118 822 3144 se
849 3103 989 3154 habet,
1013 3103 1199 3158 maleque
1227 3103 1279 3143 ab

45 3161 162 3204 editt.
184 3171 390 3214 mutatur,
425 3164 764 3220 quandoquidem
799 3165 896 3206 urbi
920 3164 1132 3206 hodiernae
1154 3165 1280 3217 Pagi-

44 3232 165 3273 stan,
196 3239 286 3280 quae
313 3227 502 3280 proxime
535 3229 722 3283 sequitur
741 3236 835 3284 post
855 3228 997 3284 Kaley,
1040 3227 1276 3283 respondet.

44 3283 204 3325 Urbem
225 3287 430 3338 Pagistan
447 3290 598 3344 excipit
613 3293 790 3342 Kangun
809 3289 862 3330 ad
880 3290 981 3330 fluV.
998 3290 1170 3339 Bantia„
1189 3303 1280 3344 quae

45 3345 158 3400 apud
178 3347 435 3390 Marcianum
464 3359 505 3391 et
535 3351 803 3392 Ptolemaeum
836 3349 1007 3406 Ῥόγανα
1041 3351 1106 3391 vel
1125 3351 1281 3406 Γόγανα

0 3409 1 3446 l
45 3407 254 3449 scribitur.
294 3409 399 3451 Inde
436 3426 522 3452 non
553 3406 673 3468 longe
704 3413 818 3458 abest
852 3416 937 3454 Ras
983 3414 1127 3454 Kalat.
1170 3415 1186 3468 Η
1224 3438 1282 3445 —

48 3471 90 3511 8.
127 3468 275 3511 ἐνθένδε
317 3471 358 3512 δὲ
388 3474 495 3514 σταδ.
529 3476 579 3515 L.
615 3475 632 3527 ΙΙ
676 3498 733 3509 -η-
761 3491 802 3529 9.
854 3475 1280 3530 διεκπλώσαντες]

44 3531 134 3581 BC;
150 3531 372 3581 πλώσαντες
385 3535 461 3576 DA
478 3543 518 3576 et
535 3550 629 3590 vgo.
650 3536 666 3588 Ι)
688 3560 745 3567 —-
766 3552 806 3590 9.
824 3537 854 3577 T
867 3551 920 3577 αο
932 3539 980 3576 ῗσ
994 3552 1005 3576 ι
1018 3538 1034 3592 ]
1046 3538 1276 3588 sicABCD3

52 3595 176 3647 Tajos
189 3594 311 3640 etiam
321 3596 626 3648 Faciusvertit.;
639 3597 676 3639 ἐν
690 3598 825 3653 Τροῖσι
839 3600 890 3640 L.
910 3607 951 3639 et
962 3599 1099 3653 vulgo.
1118 3601 1280 3640 Nomen

46 3656 224 3709 regionis
239 3656 443 3710 ignotum,
454 3659 532 3699 nisi
543 3659 656 3714 quod
666 3660 826 3715 Djagin
835 3660 949 3702 locus
957 3661 1281 3703 mediterraneus

46 3730 171 3772 supra
191 3732 328 3773 prom.
349 3720 525 3761 Mucksa
547 3722 678 3762 simile
699 3722 802 3776 quid
823 3731 956 3763 sonat.
979 3722 1177 3778 Tajorum
1199 3726 1280 3766 vici

46 3793 152 3834 quos
166 3780 220 3821 N.
243 3780 361 3832 adiit,
382 3781 506 3823 fuisse
526 3782 680 3825 debent
699 3784 774 3825 ubi
788 3799 902 3826 nunc
922 3786 1006 3825 exit
1030 3785 1182 3827 Sudicli
1204 3788 1281 3828 ssu-

45 3842 159 3892 vius,
198 3844 265 3884 cui
300 3842 451 3885 Sudick
473 3859 570 3900 opp.
605 3845 777 3900 adjacet.
808 3847 1051 3889 Ptolemaeus
1083 3848 1141 3888 ibi
1161 3851 1280 3904 ponit

46 3903 239 3961 Κόμμανα
259 3905 320 3946 vel
341 3906 558 3963 Νόμμανα,
579 3910 814 3951 Marcianus
834 3910 1021 3966 Ὄμμανα
1034 3910 1175 3952 ‘locum
1191 3911 1205 3968 (
1224 3912 1278 3953 cf.

47 3975 136 4009 not.
151 3967 218 4009 ad.
230 3970 440 4025 Anonym.
455 3970 592 4026 Peripl
618 3985 674 4012 m.
687 3972 908 4028 Erythr.p.
922 3972 1209 4029 285).11—1[..
1221 3973 1280 4018 ἐπὶ

1056 147 1354 196 HISTORIA,
1379 150 1582 197 INDICA
1592 183 1602 194 .

2495 176 2587 217 349

1931 262 2114 315 Urgente
2148 265 2284 319 itaque
2321 266 2425 309 fame
2458 279 2589 315 totum

1357 328 1470 368 illum
1486 329 1597 374 diem
1613 338 1653 370 et
1665 339 1829 371 noctem
1848 333 2108 386 navigarunt,
2127 342 2167 374 et
2185 335 2236 374 ad
2252 336 2363 377 littus
2385 339 2588 383 desertum

1355 400 1632 454 appelluntur.
1695 403 1758 455 (3)
1788 403 2000 443 Nearchus
2030 404 2184 444 veritus
2217 420 2269 446 ne
2302 409 2334 447 si
2370 410 2410 449 in
2440 419 2590 454 terram

1356 265 1448 298 tum
1483 259 1681 299 exercitui
1717 259 1872 301 deerat.

1356 473 1667 524 descenderent,
1684 488 1769 529 prae
1788 473 2073 529 desperatione
2088 491 2211 519 naves
2234 477 2479 533 desererent,
2501 500 2590 527 eam

1356 544 1410 584 ob
1440 559 1527 585 rem
1545 546 1587 585 in
1607 545 1691 602 salo
1709 559 1880 586 ancoras
1889 545 1971 600 jaci
1984 545 2119 601 jubet.
2181 550 2243 603 (4)
2266 551 2368 592 Inde
2393 554 2591 597 solventes

1356 616 1400 655 in
1419 616 1598 656 Canaten
1621 625 1837 667 venerunt,
1867 617 1996 658 stadia
2018 620 2275 674 septingenta
2297 624 2591 679 quinquaginta

1356 689 1529 729 emensi.
1590 690 1663 728 Est
1683 689 1747 740 vibi
1770 697 1810 729 et
1839 689 1951 730 littus
1988 690 2186 732 vadosum
2214 701 2255 733 et
2274 693 2389 736 fossae
2418 698 2588 751 exiguae.

1356 761 1419 815 (5)
1441 761 1545 802 Inde
1570 761 1742 816 digressi
1766 764 2011 817 octingentis
2040 765 2180 806 stadiis
2200 767 2394 809 confectis
2414 769 2466 810 ad
2484 771 2595 813 Taos

1355 834 1617 889 appulerunt.
1654 855 1656 858 >
1678 835 1746 878 Ad
1770 835 1882 876 littus
1901 839 1992 892 pagi
2025 839 2194 892 quidam
2223 851 2339 882 erant
2364 845 2500 899 exigui
2529 855 2590 889 at·

1355 921 1435 962 que
1468 908 1626 962 inopes.
1685 908 1838 949 Incolae
1860 908 2007 950 domos
2029 925 2121 952 suas
2147 912 2424 956 deseruerant.
2484 919 2593 960 Pan-

1353 979 1494 1020 culum
1514 979 1571 1020 ibi
1587 979 1785 1020 frumenti
1809 988 1849 1020 et
1872 982 2097 1023 caricarum
2117 998 2166 1024 ex
2188 985 2331 1039 palmis
2350 988 2457 1028 nacti
2476 998 2586 1030 sunt.

1353 1051 1527 1091 Camelis
1549 1060 1704 1106 septem
1723 1053 1794 1106 qui
1810 1053 1937 1093 relicti
1951 1053 2114 1095 fuerant
2135 1057 2245 1096 caesis
2259 1088 2270 1107 ‚
2288 1072 2430 1099 carnes
2445 1073 2591 1101 eorum

1353 1131 1565 1163 vorarunt.
1627 1125 1690 1177 (6)
1708 1123 1794 1184 Sub
1822 1124 1956 1164 lucem
1978 1128 2147 1180 repetita
2168 1129 2438 1182 navigatione,
2460 1131 2590 1172 stadia

1353 1202 1533 1236 trecenta
1550 1197 1704 1236 emensi
1727 1197 1770 1236 in
1786 1199 1980 1251 Dagasira
2002 1209 2296 1253 pervenerunt3
2311 1216 2434 1255 quem
2453 1203 2588 1244 locum·

1353 1266 1518 1321 quidam
1550 1270 1639 1322 vagi
1662 1269 1852 1313 homines
1871 1269 2118 1311 incolebant.
2181 1272 2240 1327 (7)
2267 1273 2369 1313 Inde
2391 1274 2589 1315 solventes

1351 1339 1553 1395 integram
1569 1349 1733 1382 noctem
1745 1349 1786 1383 et
1800 1341 1911 1383 diem
1926 1342 2037 1384 nulla
2050 1344 2288 1399 interposita
2300 1359 2416 1387 mora
2430 1348 2590 1402 naviga-

1351 1420 1450 1452 runt
1464 1443 1475 1462 ‚
1507 1413 1728 1469 stadiisque
1754 1414 1864 1455 mille
1886 1423 2053 1456 centum
2072 1417 2246 1471 peractis
2268 1416 2369 1457 fines
2398 1418 2589 1474 Ichthyo-

1352 1483 1580 1537 phagorum
1610 1486 1894 1538 enavigarunt,
1930 1500 2078 1539 magna
2105 1501 2244 1526 rerum
2271 1489 2588 1530 necessariarum

1350 1557 1522 1611 penuria
1537 1558 1681 1611 pressi.
1727 1559 1789 1610 (8)
1808 1558 1952 1610 Neque
1970 1571 2066 1598 vero
2085 1558 2138 1598 ad
2153 1567 2303 1599 terram
2325 1560 2586 1614 appulerunt,

1352 1636 1468 1667 erant
1494 1629 1604 1667 enim
1629 1628 1752 1681 longo
1782 1629 1913 1682 spatio
1940 1637 2083 1678 aestus,
2109 1628 2181 1668 sed
2204 1628 2322 1682 jactis
2345 1631 2387 1670 in
2411 1630 2494 1671 salo
2516 1646 2588 1671 an-

1353 1700 1459 1738 coris
1478 1699 1770 1740 substiterunt.
1828 1700 2063 1752 Longitudo
2082 1715 2164 1740 01·ae
2184 1701 2588 1755 Ichthyophagomm

1354 1766 1431 1809 hac
1458 1767 1715 1819 navigatione
1737 1775 2001 1821 praetervecta
2019 1776 2078 1807 est
2095 1768 2231 1821 paullo
2253 1768 2344 1822 plus
2362 1769 2588 1810 stadiorum

1355 1832 1498 1873 decem
1532 1834 1723 1873 millium.
1786 1835 1848 1886 (9)
1878 1834 2176 1893 Ichthyophagi
2209 1849 2306 1874 vero
2334 1835 2377 1874 hi
2410 1837 2590 1890 piscibus

1354 1987 1519 2039 τουτέων
1556 1989 1608 2027 Α.
1635 1987 1651 2037 ll
1677 2010 1734 2016 —
1763 1989 1828 2025 16.
1852 1986 2168 2040 Δαγάσειρα]
2197 1985 2411 2041 Δαγάσωρα
2431 1989 2484 2028 D.
2506 1990 2588 2029 Da-

1355 2049 1488 2102 gasira
1506 2047 1615 2103 apud
1635 2046 1900 2088 Ptolemaeum
1919 2055 1981 2087 est
2004 2046 2128 2102 ’Άγρις
2143 2047 2276 2098 πόλις;
2294 2062 2361 2103 ap.
2387 2051 2585 2091 Marcian.

1354 2106 1538 2165 ’Άγρισα;
1574 2108 1699 2149 hodie
1732 2108 1916 2150 Girislak.
1956 2110 1971 2162 Η
2010 2133 2066 2140 -—
2092 2123 2158 2163 19.
2183 2111 2422 2158 σταδίους
2444 2115 2587 2167 1100]

1352 2172 1669 2227 Haec‘pertinent
1677 2184 1805 2223 usque
1818 2169 1869 2210 ad
1879 2184 2015 2224 prom.
2030 2171 2146 2218 Jasls,
2158 2171 2271 2224 quod
2286 2172 2407 2212 etiam
2419 2187 2455 2212 c.
2476 2174 2543 2223 32,
2563 2188 2588 2214 2
2607 2191 2610 2193 “

1352 2243 1523 2275 vocatur
1542 2233 1657 2288 ῥηχίη
1681 2233 1969 2288 παρατεταμένη
1991 2231 2026 2279 ἐς
2044 2232 2090 2272 τὸ
2117 2232 2284 2287 πέλαγος
2298 2235 2462 2288 τρηχέα,
2492 2235 2587 2275 inde

1353 2312 1377 2337 a
1406 2312 1490 2351 quo
1504 2294 1674 2337 boream
1695 2309 1833 2335 versus
1851 2294 2061 2349 paullatim
2089 2294 2196 2335 flecti
2225 2296 2427 2348 navigatio
2443 2298 2582 2350 coepit.

1360 2360 1375 2412 Η
1403 2383 1460 2389 -
1481 2361 1551 2407 24.
1585 2357 1797 2403 πλεῦνες
1827 2357 2019 2396 στάδιοι
2045 2351 2246 2411 μύριοι]
2271 2358 2329 2396 sic
2347 2356 2413 2398 ed.
2434 2359 2583 2399 Vulca-

1350 2422 1466 2471 nius;
1498 2420 1656 2466 πλεῦνες
1679 2418 1866 2471 (πλέονες
1887 2418 1935 2458 C.
1958 2417 1972 2473 )
2000 2418 2171 2464 σταδίους
2192 2418 2317 2472 μύριοι
2348 2420 2480 2469 ADC,
2505 2421 2583 2460 nisi

1351 2482 1464 2537 quod
1483 2484 1526 2523 in
1560 2484 1594 2523 C
1622 2481 1947 2536 suprascriptum
1972 2487 2032 2519 est
2062 2480 2208 2519 στάδιοι
2218 2495 2229 2530 ;
2265 2478 2381 2520 πλέον
2412 2481 2584 2530 σταδίους

1354 2545 1478 2599 μύριοι
1496 2547 1544 2585 Β.
1570 2544 1839 2585 Accusativus
1854 2541 2027 2589 σταδίους
2047 2550 2166 2582 natus
2184 2541 2347 2582 videtur
2365 2557 2415 2582 ex
2438 2544 2583 2586 vitiosa

1350 2608 1553 2662 scriptura
1575 2606 1691 2649 πλέον
1720 2605 1768 2652 ἐς.
1809 2605 1983 2645 Dfibner
2012 2603 2122 2657 conj.
2153 2603 2310 2651 πλεῦνες
2343 2605 2489 2645 στάδιοι
2518 2607 2583 2646 καὶ

1353 2669 1493 2724 μύριοι.
1511 2671 1546 2709 Ε
1568 2667 1738 2721 singulis
1753 2667 1936 2707 numeris
1954 2665 2200 2719 colliguntur
2221 2664 2351 2706 stadia
2365 2679 2494 2719 9ooo;
2512 2667 2583 2708 de-

1351 2731 1583 2772 siderantur
1610 2731 1737 2784 igitur
1768 2728 1899 2787 stadia
1931 2727 2040 2768 mille
2072 2735 2112 2767 et
2130 2727 2267 2782 paullo
2289 2727 2483 2782 amplius,
2513 2731 2586 2770 tri·

1350 2793 1515 2834 buenda
1537 2794 1674 2834 itineri
1690 2807 1714 2833 a
1728 2792 1843 2846 Cysis
1869 2789 1922 2831 ad
1939 2790 2164 2841 Mosarna(
2182 2789 2291 2838 400?
2307 2789 2339 2845 ),
2360 2798 2402 2829 et
2415 2789 2495 2830 diei
2511 2806 2584 2832 no-

1351 2854 1784 2910 ctisque-navigationi
1806 2854 1822 2905 (
1839 2851 1945 2906 700?
1961 2851 1994 2907 )‚
2016 2865 2140 2904 quam
2156 2865 2193 2891 c.
2222 2864 2291 2904 29,
2310 2864 2335 2890 2
2357 2854 2583 2895 accuratius

1350 2918 1522 2958 definire
1540 2918 1742 2958 Arrianus
1766 2915 1918 2955 omisit.
1949 2912 2221 2954 Probabiliter
2238 2912 2291 2953 ad
2308 2913 2583 2969 Ichthyopha-

1351 2994 1496 3034 gorum
1514 2994 1628 3021 oram
1641 2976 1859 3019 reserenda
1873 2984 1970 3016 sunt
1992 2990 2082 3030 quae
2100 2975 2152 3015 de
2170 2976 2386 3015 Carmania
2399 2990 2448 3015 ex
2462 2978 2584 3017 Near-

1351 3043 1430 3083 cho
1450 3042 1575 3082 refert
1590 3041 1746 3083 Plinius
1760 3041 1838 3089 VI,
1856 3039 1907 3078 23
1925 3040 1947 3090 5
1969 3052 2021 3091 97
2041 3050 2051 3077 :
2073 3036 2296 3077 Carmaniae
2313 3050 2424 3075 oram
2439 3047 2582 3091 patere

1355 3103 1460 3145 1250
1480 3103 1584 3144 mill.
1606 3117 1722 3159 pass·
1742 3102 1759 3155 (
1779 3118 1829 3135 =
1858 3113 2009 3149 10‚ooo
2024 3098 2128 3138 stad.
2149 3097 2162 3153 )
2187 3098 2398 3139 Nearchus
2416 3098 2578 3139 scribit.

1350 3168 1537 3208 Fuerunt
1553 3181 1650 3207 sane
1674 3165 1745 3219 qui
1768 3162 1994 3203 Carmaniae
2011 3161 2180 3201 nomine
2195 3157 2392 3214 majorem
2421 3168 2580 3213 partem
2643 3205 2647 3209 ,

1351 3243 1433 3269 orae
1468 3227 1874 3282 Ichthyophagorum
1906 3221 2297 3277 comprehenderent
2327 3222 2343 3273 (
2362 3229 2409 3260 ut
2442 3230 2580 3262 aucto-

1350 3306 1415 3332 res
1433 3291 1555 3332 Plinii
1585 3290 1613 3330 l.
1640 3290 1668 3329 l.
1692 3288 1784 3341 §95
1819 3295 1860 3327 et
1890 3285 2130 3326 Ptolemaeus
2149 3284 2220 3337 qui
2244 3284 2468 3323 Carmaniae
2497 3298 2581 3325 01·ae

1352 3356 1459 3395 circa
1477 3366 1611 3394 1oooo
1629 3350 1760 3391 stadia
1771 3347 1944 3403 tribuit)
1970 3361 1980 3387 ε
1999 3360 2142 3387 verum
2161 3345 2236 3385 hos
2249 3346 2282 3384 si
2298 3353 2458 3385 secutus
2476 3355 2582 3387 esset

1350 3417 1506 3458 Plinius
1521 3415 1549 3456 l.
1570 3414 1616 3464 l.‚
1635 3412 1801 3453 initium
1816 3409 2041 3451 Carmaniae
2062 3407 2114 3448 ad
2134 3407 2268 3447 fauces
2294 3407 2407 3447 sinus
2428 3408 2579 3449 Persici

1350 3492 1504 3534 ponere
1541 3491 1624 3517 non
1649 3474 1785 3532 potuit
1811 3480 1883 3514 aut
1910 3471 2049 3526 posuit
2070 3470 2222 3524 inepte.
2245 3468 2362 3509 Idem
2383 3467 2539 3509 Plinius
2557 3482 2581 3508 e

1350 3543 1374 3582 J
1377 3540 1457 3581 uba
1472 3538 1596 3580 refert
1614 3540 1636 3590 5
1652 3550 1705 3591 97
1726 3548 1737 3576 ι
1755 3532 1910 3575 Deinde
1928 3530 2226 3588 Ichthyophagi
2245 3539 2331 3571 tam
2354 3530 2470 3582 longo
2496 3539 2580 3571 tra-

1351 3613 1420 3643 ctu
1444 3612 1489 3643 ut
1507 3601 1654 3652 XXX(
1677 3599 1735 3638 sic
1750 3596 1873 3638 codd.
1898 3595 2040 3649 Silligii
2055 3596 2071 3649 )
2084 3593 2242 3635 dierum
2259 3592 2399 3649 spatio
2413 3602 2581 3648 preater.-

1351 3662 1655 3717 navigaverint‚
1682 3661 1724 3700 in
1756 3659 1905 3714 quibus
1925 3671 2003 3712 pro
2030 3659 2153 3697 XXX
2176 3653 2440 3696 scribendum
2467 3653 2578 3694 vide·

1351 3736 1421 3768 tur
1442 3729 1532 3773 XX,
1561 3725 1620 3764 uti
1652 3722 1837 3763 fecerunt
1864 3719 2150 3774 Dalecampius
2171 3717 2378 3771 ceterique
2402 3715 2579 3756 editores

1350 3796 1443 3829 ante
1468 3786 1681 3840 Silligium.
1714 3784 1834 3825 Certe
1861 3797 1912 3823 ex
1936 3781 2115 3824 Arriano
2133 3778 2388 3821 XXdierum
2413 3777 2576 3829 naviga-

1351 3852 1504 3891 tionem
1555 3847 1714 3888 ratione
1756 3845 1907 3886 idonea
1948 3843 2107 3897 collegit
2150 3842 2391 3882 Vincentus.
2431 3837 2576 3878 Strabo

1350 3928 1393 3969 p.
1409 3926 1489 3967 720
1507 3909 1558 3950 de
1575 3907 1832 3963 longitudine
1844 3922 1926 3949 orae
1942 3903 2345 3960 Ichthyophagorum
2356 3899 2576 3941 aNearcho

1353 3975 1447 4016 satis
1458 3973 1577 4027 longe
1593 3969 1770 4022 recedit;
1785 3984 1878 4011 nam
1898 3983 1974 4025 pro
2002 3980 2134 4009 1oooo
2144 3964 2307 4006 nonnisi
2322 3962 2431 4017 7300
2446 3959 2577 4001 stadia
