2756 4354
482 0 533 55 Ο
792 47 802 50 .

697 84 744 130 0

122 187 180 230 36
516 229 565 274 ο

115 291 223 334 νειοῦ
251 291 443 349 ποταμοῦ
478 286 551 334 καὶ
570 286 772 348 Ὅμολίου
803 287 1074 347 Μαγνητικῆς
1101 283 1259 338 πόλεως
1273 320 1287 344 ,
1318 285 1348 343 ἤ

115 357 204 403 tm
221 356 339 422 παρὰ
362 357 428 404 τὸν
446 357 648 419 ποταμόν.
716 354 970 417 Παράπλους
992 353 1035 399 δὲ
1053 355 1128 410 τῆς
1157 352 1351 417 Ἀμὸρα-

111 424 206 478 κίας
226 425 404 472 σταδίων
424 427 503 488 ρκ’.

179 510 235 542 u.
265 499 560 543 AKAPNANIA.
595 491 718 541 Μετὰ
757 491 799 537 δὲ
820 489 1077 553 Ἀμ6ρακίαν
1102 489 1349 554 Ἀκαρνανία

123 563 237 616 ἔθνος
259 566 367 621 ἐστὶ,
391 565 462 610 καὶ
484 563 628 626 πρώτη
647 561 764 612 πόλις
794 559 936 606 αὐτόθι
954 558 1101 624 Ἄργος
1131 561 1178 607 τὸ
1202 561 1350 627 Ἀμφι-

55 639 57 641 '
113 633 278 696 λοχικὸν
302 634 372 678 καὶ
395 631 652 691 Ἀνακτόριον
675 628 746 675 καὶ
765 627 907 689 λιμὴν,
936 629 1009 675 καὶ
1035 629 1114 685 ἔξω
1135 635 1207 678 τοῦ
1225 630 1349 679 Ἀνα-

114 707 303 764 κτορικοῦ
332 702 483 747 κόλπου
522 699 631 745 αἵδε·
670 698 791 753 Ἀκτὴ
825 698 896 744 καὶ
937 699 1057 753 πόλις
1082 699 1246 754 Λευκὸς
1275 702 1348 747 καὶ

74 795 79 798 ·
113 771 251 830 λιμήν·
271 769 373 825 αὕτη
397 769 535 830 ἀνέχει
555 766 622 813 ἐπὶ
638 766 707 813 τὸν
728 767 960 826 Λευκάταν,
981 767 1009 815 8
1021 771 1131 816 ἐστιν
1152 769 1347 833 ἀκρωτή-

114 857 197 902 ριον
215 838 421 900 πόρρωθεν
439 839 480 882 ἐν
495 841 547 898 τῇ
568 835 797 899 (ialin-9⁸.
869 836 986 894 Αὕτη
1004 842 1031 895 ἡ
1051 838 1169 892 πόλις
1187 838 1234 884 τὸ
1250 839 1348 901 πρὶν

111 908 182 955 καὶ
205 907 509 955 Ἐπιλευκάδιοι
535 907 814 966 ὠνομάζοντο.
884 907 1131 971 Ἀκαρνᾶνες
1163 908 1207 954 δὲ
1242 926 1352 954 ctas

111 976 324 1028 σιάσαντες
346 975 495 1022 ἔλαὸον
516 979 563 1022 ἐκ
594 975 798 1039 Κορίνθου
819 977 1007 1029 ἐποίκους
1033 976 1213 1039 χιλίους·
1236 978 1274 1022 οἱ
1296 977 1340 1022 δὲ

110 1045 267 1091 ἔποικοι
290 1046 626 1100 ἀποκτείναντες,
651 1044 805 1091 τούτων
827 1043 903 1102 τὴν
926 1044 1070 1108 χώραν
1094 1044 1210 1092 αὐτοὶ
1230 1044 1349 1108 ἔχου-

110 1132 187 1161 σιν.
261 1114 375 1171 Αὕτη
406 1116 442 1160 δ’
478 1115 565 1161 ἐστὶ
602 1119 672 1161 νῦν
700 1118 822 1170 νῆσος
851 1114 921 1161 τὸν
952 1114 1098 1175 ἰσθμὸν
1135 1117 1343 1161 ἀποτετα-

109 1183 314 1247 φρευμένη
334 1183 358 1248 [
378 1183 554 1246 Εὔριπος
577 1185 797 1247 Διόρυκτος
820 1187 861 1230 ἐν
882 1187 941 1247 τῷ
962 1186 1096 1248 ἰσθμῷ
1112 1183 1152 1248 ].
1222 1183 1341 1231 Μετὰ

107 1341 251 1367 rorum
270 1325 500 1368 ditionibus
522 1326 686 1368 Graecas
709 1327 893 1367 civitates
911 1340 997 1382 prae
1025 1327 1172 1367 ceteris
1202 1335 1348 1367 auctor

109 1389 331 1429 recensuit.

164 1452 187 1503 S
210 1450 279 1499 34.
312 1449 495 1506 Ἀργος
527 1450 580 1491 τὸ
617 1449 660 1491 ’A
676 1466 763 1506 μς).
786 1452 800 1503 ]
819 1451 1042 1506 Dionysius
1064 1452 1218 1505 Anagr.
1241 1453 1294 1499 46
1309 1459 1350 1491 et

109 1513 312 1568 Scymnus
328 1514 407 1563 455
428 1516 561 1567 Argos
574 1512 936 1568 Amphilochicum
956 1521 1153 1568 tanquam
1169 1512 1349 1569 peculia·

107 1588 195 1615 rem
204 1575 405 1617 ditionem
417 1575 470 1616 ab
480 1575 710 1617 Acarnania
718 1574 993 1630 distinguunt.
1010 1576 1251 1618 Acarnaniae
1258 1589 1349 1617 eam

109 1645 293 1679 ¹·cceuset
305 1637 463 1679 Plinius
474 1639 551 1688 IV,
573 1651 615 1679 α.
636 1637 699 1679 Cl‘.
723 1638 872 1679 Strabo
885 1639 941 1688 X,
962 1652 1005 1694 p.
1029 1638 1126 1687 450.
1148 1641 1245 1688 462.
1263 1639 1349 1680 Sci-

106 1698 201 1741 licet
215 1699 479 1756 Amphilochi
495 1714 626 1756 quum
645 1700 698 1741 ab
714 1700 1006 1751 Ambraciotis,
1027 1714 1132 1756 quos
1147 1701 1191 1742 in
1210 1701 1351 1742 civita·

61 1771 64 1774 ’
107 1761 159 1801 tis
173 1762 407 1803 societatem
423 1763 671 1812 acciverant,
687 1762 790 1803 urbe
804 1761 922 1817 ejecti
937 1771 1086 1814 essent,
1104 1761 1157 1803 ad
1170 1765 1350 1804 Acarna·

106 1837 179 1864 nes
195 1825 461 1866 transierunt.
478 1826 655 1880 Utrique
669 1825 823 1867 auxilio
840 1825 1045 1867 advocant
1061 1825 1346 1876 Athenienses,

106 1886 179 1941 qui
199 1886 453 1928 Phormione
475 1886 582 1928 duce
602 1886 887 1929 Ambraciotas
915 1887 1188 1929 debellarunt.
1207 1886 1349 1942 Ejecto

106 1949 175 2003 sic,
186 1948 320 2000 hoste,
341 1953 475 2005 Argos
496 1950 643 1991 urbem
668 1950 932 2006 Amphilochi
964 1959 1005 1992 et
1023 1954 1259 1993 Aoernanes
1285 1952 1349 1992 in-

106 2010 271 2053 coluere
305 2013 598 2054 communiter.
640 2014 695 2054 V.
732 2013 925 2069 Thucyd.
963 2015 1026 2065 Π,
1061 2015 1129 2056 68.
1171 2015 1234 2055 De
1267 2015 1350 2055 situ

107 2073 223 2115 urbis
262 2073 276 2132 (
296 2074 398 2117 hod.
435 2078 475 2118 F
474 2075 575 2117 iloki
598 2076 612 2131 )
650 2090 781 2132 prope
810 2076 989 2118 Neokori
1022 2091 1062 2117 v.
1103 2074 1239 2118 Lealte
1270 2077 1346 2127 IV,

105 2149 150 2191 p.
173 2137 281 2189 238,
305 2137 570 2194 Pouqueville
593 2140 634 2179 11
651 2169 663 2188 ,
685 2152 728 2194 p.
766 2142 859 2179 116.
885 2140 902 2192 ΙΙ
926 2162 984 2170 -
1005 2138 1084 2180 καὶ
1122 2137 1348 2180 Ἀνακτό-

105 2213 209 2253 ριον
245 2199 389 2254 κτλ.]
413 2201 633 2256 Sequentia
656 2201 761 2241 mire
786 2200 950 2242 turbata
977 2209 1075 2242 sunt
1107 2201 1150 2242 in
1177 2199 1346 2253 codice,

104 2262 177 2317 qui
203 2262 258 2303 ita
279 2262 404 2304 habet
548 2262 682 2319 Ἀργος
706 2263 751 2304 τὸ
786 2261 1076 2319 Ἄμφιλοχικόν·
1114 2263 1180 2305 καὶ
1202 2263 1350 2320 εὔριπος

53 2322 59 2327 ”
104 2323 170 2365 καὶ
192 2323 343 2379 οὗριτὸν
374 2325 414 2367 ἔν
443 2330 500 2382 τῷ
519 2324 652 2381 ἰκονίῳ
680 2325 745 2366 καὶ
767 2325 839 2374 ἔξω
861 2329 930 2367 τοῦ
966 2325 1232 2383 Ἀνακτορικοῦ
1254 2326 1348 2368 κόλ-

104 2402 178 2429 που
199 2387 298 2429 αἵδε·
329 2386 569 2443 Ἀνακτόριον
594 2387 660 2429 καὶ
684 2387 805 2444 λιμήν
822 2405 830 2413 ·
864 2387 1013 2441 Ἀκτήν·
1054 2388 1169 2447 (sic)
1194 2390 1260 2432 καὶ
1277 2391 1349 2432 πό-Ι

103 2449 164 2497 λις
189 2449 330 2499 Αευκὰς
351 2450 438 2492 κτλ.
461 2452 510 2491 In
532 2451 598 2492 his
623 2450 747 2492 verba
768 2450 966 2507 εὔριπος...
993 2451 1125 2509 ἶκονίῳ
1145 2467 1169 2494 e
1198 2452 1349 2508 glosse-

105 2521 213 2554 mate
244 2512 295 2554 ad
333 2512 550 2555 Leucadiae
581 2512 903 2570 descriptionem
939 2515 1173 2571 pertinente
1207 2516 1349 2571 inepto

105 2575 196 2617 loco
216 2576 322 2618 illata
343 2586 465 2627 sunt,
490 2585 536 2618 ut
554 2578 780 2619 rectissime
801 2580 966 2619 monuit
986 2580 1195 2620 Mannert.
1216 2580 1320 2621 VIII
1334 2611 1346 2631 ,

104 2652 148 2694 p.
164 2640 233 2693 73,
254 2641 326 2694 qui
346 2654 369 2680 e
384 2641 448 2680 καὶ
462 2639 612 2695 οὖριτὶιν
628 2639 735 2681 bene
749 2640 890 2682 elicuit
907 2641 1110 2695 Διόρυκτος
1127 2657 1139 2691 ;
1158 2639 1272 2695 quod
1287 2655 1349 2682 se·

105 2702 265 2755 quitur,
286 2716 370 2742 non
393 2702 529 2742 minus
547 2710 819 2757 corruptum,
843 2702 882 2744 ἓν
901 2707 957 2758 τῷ
978 2702 1124 2759 ἰκονίῳ,
1148 2704 1346 2744 intactum

105 2762 294 2819 reliquit,
325 2777 575 2819 quamquam
606 2763 811 2806 lenissima
837 2779 964 2806 manu
999 2766 1134 2807 sanari
1169 2762 1343 2821 potera’t.

105 2825 314 2867 Nimirum
337 2825 511 2866 lKONlm
532 2826 724 2867 librarius
745 2827 908 2882 scripsit
923 2841 1000 2883 pro
1019 2827 1063 2868 l
1037 2827 1192 2868 ...θΜω.
1217 2829 1349 2901 Igitur

108 2886 232 2930 verba
267 2888 427 2944 Διόρυκτ
429 2904 470 2936 ος
492 2888 531 2930 ἐν
565 2893 621 2929 τῶ
655 2888 781 2945 ἰσθμῷ
816 2889 922 2931 infra
946 2905 1023 2931 suo
1056 2890 1148 2931 loco
1181 2891 1377 2932 uncinis‘

106 2948 290 2992 inclusa
278 2964 542 2992 inseruimus
557 2950 740 3006 Reliqui
730 2959 973 3007 interpretes
989 2967 1088 2993 voce
1104 2951 1251 3007 εὔριπος
1268 2953 1345 2994 sre-

106 3020 197 3075 tum
214 3012 384 3071 aliquod
400 3015 516 3055 sinus
538 3012 771 3056 Ambracici
788 3014 849 3054 vel
868 3015 991 3055 etiam
1013 3014 1156 3055 urbem
1181 3014 1345 3070 Εὔριπον

105 3068 180 3117 ad
178 3076 373 3132 euripum
393 3076 572 3132 aliquem
596 3077 715 3118 sitam
737 3075 903 3131 intelligi
925 3076 1159 3119 voluerunt.
1180 3078 1246 3118 Sir
1270 3080 1347 3121 La·

106 3138 223 3194 pieus
239 3139 445 3196 Euripum
460 3138 607 3180 urbem
622 3139 741 3180 sitam
758 3138 883 3180 fuisse
903 3139 1133 3196 suspicatur
1150 3140 1221 3181 ubi
1236 3155 1347 3183 nunc

105 3209 166 3242 est
188 3202 486 3244 monasterium
505 3202 548 3244 S.
568 3202 801 3257 Georgii,·
802 3215 893 3242 sur
908 3201 945 3243 la
964 3203 1095 3259 partie
1119 3203 1267 3245 etroite
1294 3203 1348 3246 de

106 3262 143 3305 la
172 3263 264 3307 baie
284 3263 339 3307 de
356 3264 678 3316 Caravanserail,
698 3265 770 3320 qui
794 3262 926 3305 forme
958 3278 1015 3306 un
1034 3265 1192 3321 euripe.
1215 3285 1233 3302 ·
1266 3266 1346 3308 Sed

106 3340 240 3382 neque
271 3327 359 3369 haec
392 3341 528 3383 neque
558 3326 638 3369 alia
657 3326 772 3368 sinus
802 3339 899 3383 pars
930 3326 1098 3384 euripus
1122 3334 1233 3370 recte
1263 3327 1346 3370 dici

106 3398 283 3445 poterat,
299 3391 377 3432 nisi
397 3390 504 3433 sorte
524 3390 859 3446 angustissimum
874 3389 990 3431 sinus
1005 3390 1175 3441 ostium,
1192 3389 1246 3432 de
1263 3405 1348 3447 quo

108 3451 188 3493 hoc
218 3452 312 3494 loco
345 3454 515 3508 cogitari
546 3454 705 3509 nequit.
735 3453 973 3495 Gronovius
1007 3454 1170 3509 putavit
1196 3451 1347 3510 εὔριπον

69 3540 74 3546 -
107 3523 351 3570 corruptum
382 3530 468 3557 esse
500 3530 551 3557 ex
579 3514 764 3571 Ἐχῖνος,
800 3514 949 3557 collato
973 3515 1109 3558 Plinio
1129 3517 1200 3572 qui
1219 3515 1272 3558 ad
1294 3517 1349 3559 si-

108 3580 213 3619 num
240 3575 534 3619 Ambracicum
552 3578 677 3619 urboe
699 3586 912 3619 recenset:
939 3578 1194 3629 Heraclium,
1220 3579 1347 3622 Eclu‘-

108 3631 222 3694 Μύρι,
238 3637 427 3687 Actium,
445 3646 486 3679 et
500 3640 559 3679 St.
581 3640 677 3694 Byr..
695 3654 735 3681 v.
760 3638 933 3694 Ἐχινος.
951 3642 1084 3682 Porro
1102 3655 1180 3697 pro
1195 3639 1348 3697 οὗριτδν

109 3699 151 3743 ἂν
171 3703 230 3758 τῷ
250 3698 384 3757 ἰκονίῳ
400 3701 589 3751 Vossius,
610 3702 784 3752 Gailius,
809 3705 1017 3753 Osannus,
1042 3703 1254 3745 Fabricius
1275 3703 1349 3746 de·

108 3760 238 3806 dere·
267 3761 407 3819 Θόριον
425 3762 465 3805 ἔν
484 3755 541 3819 τῳ·
560 3762 696 3805 κόλπω
730 3763 800 3820 (ἐν
823 3768 880 3820 τῷ
906 3763 1034 3821 Ἰονίῳ
1058 3766 1344 3824 Gronovius).

110 3822 238 3880 Quod
255 3823 419 3868 admitti
447 3806 618 3881 nequit3
641 3839 761 3876 nam,
782 3826 815 3866 si
849 3834 1034 3868 veterum
1056 3825 1110 3869 de
1141 3827 1218 3869 hac
1243 3828 1348 3871 urhe

109 3888 345 3931 testimonia
365 3886 607 3939 κοιιεεεῆε,
628 3887 867 3943 intelligitur
885 3888 1090 3944 Thyrium
1109 3904 1193 3931 non
1212 3890 1264 3932 ad
1293 3893 1348 3934 si-

111 3963 237 4001 num,
266 3949 405 3995 sedin
433 3948 746 3992 mediterraneis
776 3950 901 3991 situm
931 3949 1071 3993 fuisse.
1111 3953 1179 3995 Sic
1205 3954 1347 3996 Livius

112 4012 318 4066 XXXVI,
354 4026 400 4056 11
439 4020 580 4055 narrat
606 4015 840 4055 Acarnanes
869 4020 916 4055 ut
942 4012 1241 4056 mediterranea
1264 4029 1348 4058 suae

990 180 1279 228 SCYLACIS
1311 175 1780 233 CARYANDRNSIS

2507 195 2566 251 {ts
2587 206 2631 237 ιτ

1420 295 1662 341 nemetiam
1690 299 1911 354 Magnesiae
1944 267 2176 349 civitatem,
2210 312 2303 354 quae
2334 305 2395 339 est
2422 295 2543 352 juxta
2579 298 2661 342 ssu-

1418 364 1548 407 vium.
1606 366 1965 421 Preternavigatio
1983 365 2214 408 Ambraciae
2230 374 2293 407 est
2309 364 2537 407 stadiorum
2558 379 2659 408 ceu·
2704 358 2716 434 ‘V

1418 438 1508 474 tum
1528 433 1688 488 viginti.

1474 500 1544 550 34.
1564 502 1835 543 Acunum.
1859 503 1957 544 Post
1986 500 2248 545 Ambraciam
2281 503 2520 544 Aeni-nanim
2543 502 2663 556 regio·

1416 575 1504 619 est,
1527 582 1576 610 ac
1596 569 1730 625 prima
1745 569 1802 611 ibi
1822 569 1921 611 urbs
1944 572 2076 624 Argos
2102 568 2480 627 Amphilochicum,
2505 568 2656 611 deiude
2702 617 2707 621 ¹

1417 637 1688 678 Anactorium
1712 650 1808 678 cum
1831 645 1972 693 portu,
1995 646 2037 679 et
2063 645 2178 679 extra
2202 639 2494 680 Anactoricum
2518 639 2654 679 sinum

1416 704 1434 756 (
1444 702 1508 745 hoe
1525 717 1536 745 z
1554 706 1572 759 )
1589 706 1692 748 Acte
1709 712 1751 745 et
1767 704 1867 746 urbs
1884 706 2038 747 Iaeueas
2053 718 2149 747 cum
2164 714 2304 762 portu.
2325 709 2425 748 Acte
2444 706 2531 747 hxrc
2547 705 2654 746 ‹lesi-

1415 772 1479 814 nit
1489 772 1532 814 in
1549 774 1788 824 Leucatam,
1802 772 1917 829 quod
1931 782 1993 816 αἱ
2005 769 2339 830 promontorium
2353 775 2496 831 procul
2513 790 2536 815 e
2550 775 2652 816 mari

1415 840 1711 898 [conspicuum
1731 842 1764 897 ].
1796 843 1953 884 Leucas
1985 842 2086 884 urbs
2115 843 2213 885 olim
2243 845 2366 886 etiam
2400 844 2653 901 Epileucadii

1415 908 1653 951 vocabatur.
1715 914 1951 951 Acarnanes
1968 918 2106 952 autem
2125 910 2304 954 dissidiis
2323 914 2525 955 intestinis
2544 912 2657 955 labo·

1415 985 1566 1028 rantes,
1588 976 1699 1018 mille
1717 991 1740 1019 a
1761 977 1988 1020 Corinthiis
2006 977 2176 1021 colonos
2194 994 2402 1036 accepere,
2431 983 2502 1037 qui
2522 996 2653 1038 quum

1415 1049 1655 1088 Acarnanes
1690 1046 2003 1098 interfecissent,
2032 1048 2109 1103 ipsi
2145 1048 2309 1091 illorum
2338 1051 2505 1104 regione
2534 1053 2654 1107 potiti

1414 1123 1525 1156 sunt.
1587 1114 1807 1157 Peninsula
1828 1114 1915 1157 haec
1937 1129 2050 1156 nunc
2082 1115 2214 1158 insula
2242 1124 2319 1167 est,
2344 1116 2451 1159 fossa
2465 1132 2540 1174 per
2557 1120 2654 1162 isth-

1417 1198 1532 1225 mum
1555 1182 1678 1224 ducta
1702 1179 1725 1243 ff
1744 1184 1926 1239 Euripus
1948 1184 2171 1240 Dioryctus
2193 1185 2277 1225 sive
2303 1198 2431 1226 manu
2459 1184 2590 1228 fossus
2613 1188 2654 1229 in

1421 1326 1600 1380 regionis
1618 1333 1761 1366 contra
1776 1324 1931 1366 AEtolos
1951 1332 2200 1375 tutarentur,
2218 1325 2379 1381 Thyn-eo
2403 1334 2444 1367 et
2464 1316 2657 1368 Medeoni

1418 1387 1610 1444 praesidia
1632 1388 1890 1443 imposuisse.
1915 1387 1981 1429 Cf.
2019 1389 2111 1429 Liv.
2151 1389 2393 1439 XXXVIII,
2434 1404 2474 1443 9.
2511 1389 2654 1446 Polyb.

1418 1453 1495 1503 IV,
1529 1452 1598 1500 25,
1631 1454 1672 1500 4.
1705 1451 1780 1501 IV,
1815 1454 1856 1500 6,
1890 1463 1931 1500 2,
1956 1451 2122 1506 passim,
2153 1459 2193 1491 et
2209 1450 2326 1506 plura
2343 1466 2410 1507 ap.
2442 1451 2654 1506 Forbiger.

1418 1516 1562 1565 Geor-g.
1592 1515 1669 1554 111.
1694 1527 1735 1568 p.
1769 1515 1865 1567 896.
1899 1521 1940 1553 et
1969 1514 2010 1553 in
2034 1512 2175 1569 Steph.
2216 1513 2341 1555 Thes.
2366 1528 2400 1554 s.
2427 1529 2467 1555 v.
2492 1515 2658 1556 Errasse

1422 1574 1718 1626 Reichardum,
1739 1575 1811 1631 qui
1834 1575 1980 1616 urbem
2001 1589 2024 1616 a
2045 1574 2248 1616 Medeone
2280 1575 2494 1618 meridiem
2518 1591 2658 1619 versus

1418 1640 1561 1694 ponit,
1602 1637 1699 1679 inde
1733 1637 1897 1693 colligas
1931 1637 2045 1693 quod
2080 1639 2310 1681 Antiochus
2330 1654 2354 1680 a
2387 1640 2524 1681 Strato
2555 1641 2660 1683 urbe

1422 1701 1631 1757 profectus
1649 1702 1832 1758 primum
1854 1700 2100 1743 Medeonem
2124 1703 2258 1753 venit,
2282 1701 2434 1744 deinde
2453 1702 2657 1758 Thyrium

1418 1778 1629 1819 aggressus
1662 1771 1737 1804 est.
1770 1762 1849 1805 Sed
1875 1763 1963 1805 hoec
1980 1764 2102 1805 missa
2136 1764 2347 1806 faciamus.
2373 1767 2478 1819 Quae
2507 1764 2659 1810 deiude

1419 1825 1461 1866 in
1482 1825 1625 1867 codice
1650 1825 1844 1882 leguntur
1857 1857 1869 1877 ,
1890 1834 2085 1867 monente
2114 1828 2283 1869 Osanno
2298 1859 2309 1878 ,
2335 1828 2390 1869 ita
2406 1830 2660 1885 transposui-

1418 1902 1527 1939 mus,
1546 1897 1593 1929 ut
1612 1889 1884 1931 Anactorium
1903 1903 1926 1930 e
1947 1890 2041 1930 sinu
2060 1890 2306 1944 cognomine
2330 1905 2413 1931 non
2437 1891 2656 1947 expellere·

1418 1959 1502 1992 tur.
1529 1953 1544 2006 ΙΙ
1567 1975 1625 1983 -—
1643 1949 1816 2004 Ἀκτὴ]
1838 1950 2020 2007 Reliquis
2038 1952 2232 1994 omnibus
2245 1961 2306 1994 est
2327 1952 2491 1994 Ἄκτιον.
2516 1954 2659 2010 Neque

1418 2013 1536 2055 aliter
1556 2012 1709 2055 dixerit
1730 2014 1890 2070 Scylax.
1917 2015 2058 2056 Fuisse
2086 2014 2183 2056 olim
2212 2024 2332 2072 putes
2358 2016 2472 2058 hunc
2498 2017 2540 2057 in
2571 2030 2660 2058 mo·

1417 2074 1519 2117 dum
1542 2089 1589 2118 z..
1612 2077 1710 2118 αἵδε·
1743 2079 1756 2130 [
1775 2076 1942 2128 Ἄκτιον,
1968 2077 2033 2118 καὶ
2056 2077 2153 2134 μετὰ
2175 2078 2348 2131 ταύτην]
2381 2076 2476 2130 ἀκτὴ
2501 2077 2566 2119 καὶ
2587 2080 2657 2120 πό·

1417 2137 1476 2186 λις
1492 2138 1635 2188 Λευκὰς
1651 2138 1759 2189 κτλ.,
1778 2140 1855 2181 nisi
1876 2139 1982 2181 sorte
1998 2139 2189 2182 librarius
2207 2140 2269 2182 vel
2284 2148 2502 2197 excerptor
2516 2155 2657 2183 vocem

1418 2202 1503 2242 αἵδε
1522 2200 1575 2243 de
1596 2216 1673 2243 suo
1697 2202 1852 2253 intulit,
1887 2203 1985 2257 quia
2014 2216 2115 2244 voce
2137 2200 2233 2254 ἀκτὴ
2265 2202 2412 2245 urbem
2453 2202 2661 2260 designari

1417 2265 1602 2319 putavit,
1633 2278 1764 2320 quum
1798 2264 1941 2320 Scylax
1964 2265 2130 2306 nonnisi
2164 2263 2217 2306 de
2238 2274 2329 2306 acte
2353 2265 2514 2308 locutus
2536 2275 2658 2309 esset.

1418 2326 1543 2380 Quod
1584 2335 1699 2368 tanto
1738 2327 1867 2382 magis
1904 2326 2153 2369 crediderim
2168 2358 2180 2379 ,
2223 2326 2337 2383 quod
2387 2342 2513 2371 nemo
2556 2329 2659 2372 alius

1418 2390 1613 2430 Romanis
1653 2389 1910 2446 temporibus
1957 2390 2169 2446 antiquior
2204 2391 2382 2447 scriptor
2424 2391 2532 2434 Actii
2579 2391 2658 2435 loci

1419 2453 1674 2494 mentionem
1724 2452 1880 2494 fecerit.
1927 2452 2191 2495 Peninsulam
2241 2467 2340 2495 vero
2386 2453 2660 2498 Leueadicam

1419 2508 1556 2566 Ἀκτὴν
1575 2514 1728 2556 dictam
1751 2529 1838 2556 oese
1856 2514 1979 2557 docet
1995 2515 2242 2571 Stephanus,
2267 2516 2339 2571 qui
2359 2524 2580 2573 postquam
2604 2516 2659 2560 de

1417 2579 1524 2617 Acte
1554 2577 1691 2619 Attica
1724 2585 1765 2618 et
1795 2578 2004 2630 Magnesia
2037 2576 2227 2628 dixerat,
2252 2578 2387 2634 pergit
2412 2591 2423 2619 :
2452 2577 2563 2620 Ἔστι
2594 2580 2663 2621 καὶ

1418 2636 1526 2693 ἑτέρα
1557 2637 1825 2694 Ἀκαρνανίας,
1861 2635 1905 2691 ἧς
1933 2640 2123 2695 μέμνηται
2155 2639 2406 2695 Δημάγετος;
2430 2638 2526 2681 dein
2561 2640 2657 2684 alias

1417 2708 1525 2741 actas
1556 2700 1696 2753 addit;
1726 2701 1874 2743 urbem
1910 2716 2008 2743 vero
2039 2700 2163 2757 hujus
2192 2702 2372 2742 nominis
2405 2702 2549 2753 nescit,
2581 2717 2661 2746 nec

1417 2776 1591 2818 usquam
1622 2764 1794 2819 reperiri
1826 2771 1947 2820 puto.
1976 2766 1993 2819 11
2023 2787 2081 2795 -
2111 2763 2164 2804 αὖ
2178 2779 2229 2816 τη
2262 2763 2461 2819 ἀνέχει]
2483 2778 2541 2806 sc.
2568 2774 2659 2809 acte

1418 2823 1636 2866 Leucadia.
1659 2827 1741 2867 Pro
1768 2825 1899 2882 ἀνέχει
1921 2826 2060 2867 nescio
2078 2840 2130 2867 nn
2154 2825 2275 2867 suerit
2296 2825 2443 2877 ἀνήκει.
2464 2827 2656 2871 Ceterum

1417 2897 1550 2931 totum
1590 2889 1671 2931 hoc
1705 2899 1829 2946 caput
1857 2889 2011 2932 laceros
2043 2888 2245 2930 uberioris
2277 2888 2374 2930 olim
2412 2891 2656 2934 narrationis

1416 2960 1611 2994 centones
1633 2952 1812 2995 exhibet.
1846 2954 1863 3005 Ιὶ
1890 2977 1947 2984 -
1983 2952 2234 2993 Λευκάταν
2263 2953 2316 3004 ὅ]
2345 2951 2560 2995 λευκαταιῶ
2585 2969 2655 2997 co·

1416 3014 1495 3056 (lex
1512 3031 1523 3066 ;
1541 3029 1624 3057 em.
1645 3014 1789 3070 editt.n
1807 3040 1864 3047 —
1887 3015 2140 3071 πόρρωθεν
2167 3014 2213 3057 ἐν
2233 3017 2246 3068 ]
2270 3014 2309 3056 ἐν
2327 3016 2478 3057 inserui
2495 3031 2518 3057 e
2542 3017 2652 3074 conj.

1418 3078 1647 3129 Gronovii;
1677 3085 1771 3134 post
1794 3077 1969 3135 θαλάσσῃ
1988 3077 2187 3119 excidisse
2211 3076 2374 3118 videtur
2393 3078 2564 3119 ἄποπτον
2594 3080 2659 3136 vel.

1418 3139 1693 3195 ἔκφαινόμενον
1717 3139 1778 3182 vel
1810 3140 1888 3182 tale
1916 3140 2042 3195 quid3
2065 3142 2182 3196 πέτρα
2206 3137 2422 3195 τηλεφανὴς
2451 3138 2606 3182 dicitur
2631 3156 2655 3183 a

1416 3201 1649 3243 Menandro
1685 3216 1753 3258 ap.
1790 3202 2034 3243 Strabonem
2058 3203 2097 3243 X
2113 3233 2123 3252 ,
2145 3216 2186 3257 p.
2216 3203 2296 3251 452
2313 3233 2323 3251 ,
2349 3201 2420 3243 ubi
2447 3200 2554 3244 vide.
2582 3203 2655 3245 Sin

1418 3264 1534 3305 malis
1549 3264 1678 3320 πόρρω
1694 3263 1745 3312 εἰς
1760 3261 1829 3314 τὴν
1847 3263 2061 3315 θάλασσαν,
2081 3264 2181 3305 nihil
2197 3263 2393 3318 refragor.
2417 3265 2432 3317 ΙΙ
2451 3288 2508 3297 -
2530 3264 2656 3309 Ἐπι-

1416 3325 1698 3380 λευκάὸιοι]
1721 3327 1787 3368 Sic
1806 3327 2031 3368 necamus.
2046 3340 2112 3383 ap.
2140 3326 2335 3383 Stephan.
2361 3342 2395 3368 s.
2422 3341 2480 3379 v.;
2504 3326 2654 3370 ἐπιλευ-

1417 3389 1630 3431 καδιοστῶν
1652 3388 1905 3445 ὠνομάζοντο
1934 3388 2082 3431 codex.
2108 3392 2131 3444 ll
2151 3413 2207 3421 —
2240 3388 2652 3444 ἀποκτείναντες,

1417 3452 1601 3495 τούτων
1621 3451 1682 3494 vel
1706 3450 1772 3494 ἀπ.
1792 3452 1971 3501 τούτους,
1990 3454 2004 3506 ]
2024 3451 2110 3503 ἀπ..
2135 3454 2277 3494 τοῦτον
2289 3451 2438 3495 codex.
2462 3447 2654 3496 Hiulcatn

1417 3516 1646 3557 orationem
1670 3528 1723 3556 nc
1741 3516 1834 3571 quis
1859 3516 2047 3557 miretur.
2075 3518 2137 3557 De
2170 3514 2386 3558 Leucadiis
2418 3515 2660 3558 Corinthio-

2724 276 2729 284 *
2728 196 2756 257 ³1:¹⁴..
2754 182 2756 187 .
2684 0 2756 176 .Εῗίῖΐ.ᾗ

1417 3590 1511 3619 rum
1534 3575 1690 3619 colonis
1710 3577 1837 3618 verbo
1862 3586 2030 3619 monent
2053 3577 2291 3620 Herodotus
2315 3579 2414 3629 VII,
2443 3579 2513 3630 45,
2538 3577 2663 3621 Thu-
2719 3603 2722 3605 Δ

1416 3638 1586 3696 cydides
1600 3641 1636 3690 1,
1657 3640 1726 3689 30,
1754 3641 1956 3696 Scymnus
1974 3644 2069 3691 464,
2089 3642 2260 3697 Dionys.
2279 3641 2371 3683 Hal.
2391 3644 2442 3683 Λ.
2458 3642 2508 3683 R.
2526 3642 2562 3692 1,
2580 3643 2649 3691 4ο.

1418 3702 1625 3745 Plutarch.
1642 3702 1844 3744 Tlirmist.
1864 3707 1933 3753 24
1949 3704 2102 3746 Timol.
2118 3720 2155 3746 c.
2179 3706 2244 3745 15.
2263 3702 2479 3753 StraboX,
2496 3716 2539 3760 p.
2553 3703 2648 3753 4⁵2:

1419 3764 1612 3821 Κορίνθιοι
1630 3764 1670 3805 δὲ
1701 3781 1803 3821 πεςιρι
1779 3767 1845 3807 02¹
1834 3781 1909 3808 -ντε
1915 3783 1930 3815 ς
1950 3766 2023 3808 υπὸ
2049 3766 2218 3823 Κυψέλου
2239 3766 2304 3808 και
2334 3766 2483 3822 Γόργου
2509 3764 2651 3817 ταύτην

1417 3841 1459 3869 τε
1481 3827 1671 3883 κατίσγον
1695 3826 1765 3879 τὴν
1797 3828 1883 3869 dre*
1853 3845 1932 3880 τν,
1960 3830 2024 3871 καὶ
2048 3831 2162 3886 μέχρι
2189 3832 2257 3871 τοῦ
2285 3828 2536 3890 Ἀμὸρακικοῦ
2554 3824 2650 3868 κόλ·

1416 3904 1490 3932 που
1507 3889 2064 3946 προῆλθον.Νιιο1·ιιιςῙ)ειιιι.
2087 3892 2128 3933 in
2149 3893 2251 3934 Exc.
2271 3892 2415 3933 Escor.
2437 3890 2523 3946 (Fr.
2539 3886 2650 3931 nist.

1416 3951 2117 4009 111,p.392‚§07)'13:2u³2
2152 3952 2271 4009 ὃὲ(ὃ
2282 3948 2496 4030 „Rs-{tssoss
2531 3945 2583 4000 εἷς
2606 3960 2647 3988 τε

1417 4014 1589 4057 Λευκάδα
1621 4013 1686 4055 καὶ
1713 4012 1843 4056 Ἆνακ.
1826 4015 1904 4071 ·όρ·
1896 4030 1969 4067 ι,ον
2005 4014 2173 4064 οἰκιστὰς
2210 4014 2278 4056 αὖ·
2264 4018 2333 4057 ,ῶν
2368 4011 2549 4064 Πυλάδην
2583 4007 2651 4051 καὶ
