<?xml version="1.0" encoding="UTF-8"?>
<!DOCTYPE html PUBLIC "-//W3C//DTD XHTML 1.0 Transitional//EN"
    "http://www.w3.org/TR/xhtml1/DTD/xhtml1-transitional.dtd">
<html xmlns="http://www.w3.org/1999/xhtml" xml:lang="en" lang="en">
 <head>
  <title>
</title>
<meta http-equiv="Content-Type" content="text/html;charset=utf-8" />
  <meta name='ocr-system' content='tesseract 3.04.00' />
  <meta name='ocr-capabilities' content='ocr_page ocr_carea ocr_par ocr_line ocrx_word'/>
</head>
<body>
  <div class='ocr_page' id='page_1' title='image "./geographigraeci00mueluoft_0197.png"; bbox 0 0 2782 4348; ppageno 0'>
   <div class='ocr_carea' id='block_1_1' title="bbox 98 174 250 236">
    <p class='ocr_par' dir='ltr' id='par_1_1' title="bbox 98 174 250 236">
     <span class='ocr_line' id='line_1_1' title="bbox 98 174 250 236; baseline -0.013 0"><span class='ocrx_word' id='word_1_1' title='bbox 98 175 163 236; x_wconf 57' lang='grc' dir='ltr'>(ιε,</span> <span class='ocrx_word' id='word_1_2' title='bbox 177 174 250 234; x_wconf 67' lang='lat'>1⁶.)</span> 
     </span>
    </p>
   </div>
   <div class='ocr_carea' id='block_1_2' title="bbox 97 268 1326 405">
    <p class='ocr_par' dir='ltr' id='par_1_2' title="bbox 97 268 1326 405">
     <span class='ocr_line' id='line_1_2' title="bbox 159 268 1322 332; baseline -0.007 -9"><span class='ocrx_word' id='word_1_3' title='bbox 159 293 215 322; x_wconf 74' lang='lat'>40.</span> <span class='ocrx_word' id='word_1_4' title='bbox 244 279 515 322; x_wconf 86' lang='grc' dir='ltr'>ΚΟΡΙΝΘΟΣ.</span> <span class='ocrx_word' id='word_1_5' title='bbox 544 272 665 319; x_wconf 91' lang='grc' dir='ltr'>Μετὰ</span> <span class='ocrx_word' id='word_1_6' title='bbox 685 271 728 317; x_wconf 82' lang='grc' dir='ltr'>δὲ</span> <span class='ocrx_word' id='word_1_7' title='bbox 749 273 955 332; x_wconf 84' lang='grc' dir='ltr'>Μεγαρεῖς</span> <span class='ocrx_word' id='word_1_8' title='bbox 979 272 1005 324; x_wconf 84' lang='grc' dir='ltr'>ἡ</span> <span class='ocrx_word' id='word_1_9' title='bbox 1031 268 1226 331; x_wconf 85' lang='grc' dir='ltr'>Κόρινθος</span> <span class='ocrx_word' id='word_1_10' title='bbox 1247 271 1322 316; x_wconf 87' lang='grc' dir='ltr'>πό-</span> 
     </span>
     <span class='ocr_line' id='line_1_3' title="bbox 97 337 1326 405; baseline -0.007 -15"><span class='ocrx_word' id='word_1_11' title='bbox 97 347 156 396; x_wconf 93' lang='grc' dir='ltr'>λις</span> <span class='ocrx_word' id='word_1_12' title='bbox 172 344 243 390; x_wconf 79' lang='grc' dir='ltr'>καὶ</span> <span class='ocrx_word' id='word_1_13' title='bbox 262 345 382 405; x_wconf 81' lang='grc' dir='ltr'>ἱερὸν,</span> <span class='ocrx_word' id='word_1_14' title='bbox 405 343 600 404; x_wconf 86' lang='grc' dir='ltr'>Λέχαιον,</span> <span class='ocrx_word' id='word_1_15' title='bbox 622 337 804 396; x_wconf 82' lang='grc' dir='ltr'>Ἰσθμός.</span> <span class='ocrx_word' id='word_1_16' title='bbox 873 338 1084 384; x_wconf 80' lang='grc' dir='ltr'>Ἐντεῦθεν</span> <span class='ocrx_word' id='word_1_17' title='bbox 1105 337 1184 394; x_wconf 85' lang='grc' dir='ltr'>ἤδη</span> <span class='ocrx_word' id='word_1_18' title='bbox 1205 337 1326 400; x_wconf 83' lang='grc' dir='ltr'>ἄρχε-</span> 
     </span>
    </p>
   </div>
   <div class='ocr_carea' id='block_1_3' title="bbox 1209 168 2621 233">
    <p class='ocr_par' dir='ltr' id='par_1_3' title="bbox 1209 168 2621 233">
     <span class='ocr_line' id='line_1_4' title="bbox 1209 168 2621 233; baseline 0.002 -19"><span class='ocrx_word' id='word_1_19' title='bbox 1209 168 1524 216; x_wconf 77' lang='lat' dir='ltr'>PEmPLUs.</span> <span class='ocrx_word' id='word_1_20' title='bbox 1841 201 1844 205; x_wconf 83' lang='lat'>.</span> <span class='ocrx_word' id='word_1_21' title='bbox 2567 196 2621 233; x_wconf 70' lang='lat'>39</span> 
     </span>
    </p>
   </div>
   <div class='ocr_carea' id='block_1_4' title="bbox 1396 278 2628 400">
    <p class='ocr_par' dir='ltr' id='par_1_4' title="bbox 1396 278 2628 400">
     <span class='ocr_line' id='line_1_5' title="bbox 1453 278 2625 333; baseline 0.011 -14"><span class='ocrx_word' id='word_1_22' title='bbox 1453 280 1522 326; x_wconf 93' lang='lat'>40.</span> <span class='ocrx_word' id='word_1_23' title='bbox 1552 278 1817 318; x_wconf 69' lang='lat' dir='ltr'>Commaus.</span> <span class='ocrx_word' id='word_1_24' title='bbox 1843 280 1942 319; x_wconf 83' lang='lat' dir='ltr'>Post</span> <span class='ocrx_word' id='word_1_25' title='bbox 1958 279 2215 331; x_wconf 83' lang='lat' dir='ltr'>Megarenses</span> <span class='ocrx_word' id='word_1_26' title='bbox 2230 292 2291 323; x_wconf 92' lang='lat' dir='ltr'>est</span> <span class='ocrx_word' id='word_1_27' title='bbox 2305 286 2517 330; x_wconf 88' lang='lat' dir='ltr'>Corinthia</span> <span class='ocrx_word' id='word_1_28' title='bbox 2529 293 2625 333; x_wconf 86' lang='lat' dir='ltr'>civi-</span> 
     </span>
     <span class='ocr_line' id='line_1_6' title="bbox 1396 345 2628 400; baseline 0.011 -14"><span class='ocrx_word' id='word_1_29' title='bbox 1396 354 1457 386; x_wconf 89' lang='lat' dir='ltr'>tas</span> <span class='ocrx_word' id='word_1_30' title='bbox 1478 354 1519 387; x_wconf 90' lang='lat' dir='ltr'>et</span> <span class='ocrx_word' id='word_1_31' title='bbox 1537 345 1681 387; x_wconf 85' lang='lat' dir='ltr'>sanum</span> <span class='ocrx_word' id='word_1_32' title='bbox 1706 348 1721 399; x_wconf 95' lang='lat'><strong>[</strong></span> <span class='ocrx_word' id='word_1_33' title='bbox 1742 347 1916 388; x_wconf 79' lang='lat' dir='ltr'>Iunonis</span> <span class='ocrx_word' id='word_1_34' title='bbox 1939 349 1971 400; x_wconf 92' lang='lat'>]‚</span> <span class='ocrx_word' id='word_1_35' title='bbox 2005 347 2240 400; x_wconf 88' lang='lat' dir='ltr'>Lechaeum,</span> <span class='ocrx_word' id='word_1_36' title='bbox 2270 352 2467 396; x_wconf 85' lang='lat' dir='ltr'>Isthmus.</span> <span class='ocrx_word' id='word_1_37' title='bbox 2525 360 2628 400; x_wconf 88' lang='lat' dir='ltr'>Inde</span> 
     </span>
    </p>
   </div>
   <div class='ocr_carea' id='block_1_5' title="bbox 96 405 2629 473">
    <p class='ocr_par' dir='ltr' id='par_1_5' title="bbox 96 405 2629 473">
     <span class='ocr_line' id='line_1_7' title="bbox 96 405 2629 473; baseline 0.009 -27"><span class='ocrx_word' id='word_1_38' title='bbox 96 433 164 459; x_wconf 65' lang='grc' dir='ltr'>ται</span> <span class='ocrx_word' id='word_1_39' title='bbox 184 418 208 469; x_wconf 73' lang='grc' dir='ltr'>ἦ</span> <span class='ocrx_word' id='word_1_40' title='bbox 246 411 569 464; x_wconf 67' lang='grc' dir='ltr'>Πελρπόννησος,</span> <span class='ocrx_word' id='word_1_41' title='bbox 635 405 760 454; x_wconf 86' lang='grc' dir='ltr'><strong>Ἔστι</strong></span> <span class='ocrx_word' id='word_1_42' title='bbox 795 408 830 451; x_wconf 87' lang='grc' dir='ltr'>δ’</span> <span class='ocrx_word' id='word_1_43' title='bbox 856 405 937 452; x_wconf 84' lang='grc' dir='ltr'>ἀπὸ</span> <span class='ocrx_word' id='word_1_44' title='bbox 959 406 1168 462; x_wconf 78' lang='grc' dir='ltr'>θαλάσσης</span> <span class='ocrx_word' id='word_1_45' title='bbox 1185 408 1212 461; x_wconf 82' lang='grc' dir='ltr'>ἡ</span> <span class='ocrx_word' id='word_1_46' title='bbox 1237 406 1324 458; x_wconf 83' lang='grc' dir='ltr'>ὁδὸς</span> <span class='ocrx_word' id='word_1_47' title='bbox 1390 413 1479 468; x_wconf 89' lang='lat' dir='ltr'>jam</span> <span class='ocrx_word' id='word_1_48' title='bbox 1500 415 1646 470; x_wconf 87' lang='lat' dir='ltr'>incipit</span> <span class='ocrx_word' id='word_1_49' title='bbox 1659 415 1981 471; x_wconf 82' lang='lat' dir='ltr'>PeloponnesuS.</span> <span class='ocrx_word' id='word_1_50' title='bbox 2043 418 2080 457; x_wconf 92' lang='lat' dir='ltr'><strong>A</strong></span> <span class='ocrx_word' id='word_1_51' title='bbox 2095 418 2199 457; x_wconf 86' lang='lat' dir='ltr'>mari</span> <span class='ocrx_word' id='word_1_52' title='bbox 2222 432 2352 473; x_wconf 89' lang='lat' dir='ltr'>usque</span> <span class='ocrx_word' id='word_1_53' title='bbox 2368 422 2420 462; x_wconf 88' lang='lat' dir='ltr'>ad</span> <span class='ocrx_word' id='word_1_54' title='bbox 2442 434 2629 469; x_wconf 88' lang='lat' dir='ltr'>nostrum</span> 
     </span>
    </p>
   </div>
   <div class='ocr_carea' id='block_1_6' title="bbox 54 474 1330 1650">
    <p class='ocr_par' dir='ltr' id='par_1_6' title="bbox 95 474 1324 681">
     <span class='ocr_line' id='line_1_8' title="bbox 95 474 1323 545; baseline -0.007 -19"><span class='ocrx_word' id='word_1_55' title='bbox 95 483 194 545; x_wconf 84' lang='grc' dir='ltr'>πρὸς</span> <span class='ocrx_word' id='word_1_56' title='bbox 209 481 281 537; x_wconf 85' lang='grc' dir='ltr'>τὴν</span> <span class='ocrx_word' id='word_1_57' title='bbox 307 479 375 526; x_wconf 80' lang='grc' dir='ltr'>ἐπὶ</span> <span class='ocrx_word' id='word_1_58' title='bbox 398 481 515 538; x_wconf 83' lang='grc' dir='ltr'>ἡμῶν</span> <span class='ocrx_word' id='word_1_59' title='bbox 533 477 743 522; x_wconf 81' lang='grc' dir='ltr'>θάλασσαν</span> <span class='ocrx_word' id='word_1_60' title='bbox 764 474 831 520; x_wconf 90' lang='grc' dir='ltr'>διὰ</span> <span class='ocrx_word' id='word_1_61' title='bbox 847 480 919 521; x_wconf 77' lang='grc' dir='ltr'>τοῦ</span> <span class='ocrx_word' id='word_1_62' title='bbox 937 477 1081 534; x_wconf 77' lang='grc' dir='ltr'>ἰσθμοῦ</span> <span class='ocrx_word' id='word_1_63' title='bbox 1095 474 1242 519; x_wconf 83' lang='grc' dir='ltr'>στάδια</span> <span class='ocrx_word' id='word_1_64' title='bbox 1264 475 1323 534; x_wconf 83' lang='grc' dir='ltr'>μ’.</span> 
     </span>
     <span class='ocr_line' id='line_1_9' title="bbox 96 544 1324 608; baseline -0.007 -11"><span class='ocrx_word' id='word_1_65' title='bbox 96 555 242 598; x_wconf 75' lang='grc' dir='ltr'>Ταῦτα</span> <span class='ocrx_word' id='word_1_66' title='bbox 262 547 453 603; x_wconf 83' lang='grc' dir='ltr'>κολπώδη</span> <span class='ocrx_word' id='word_1_67' title='bbox 470 546 622 592; x_wconf 80' lang='grc' dir='ltr'>πάντα.</span> <span class='ocrx_word' id='word_1_68' title='bbox 691 545 946 608; x_wconf 86' lang='grc' dir='ltr'>Παράπλους</span> <span class='ocrx_word' id='word_1_69' title='bbox 962 544 1002 589; x_wconf 84' lang='grc' dir='ltr'>δὲ</span> <span class='ocrx_word' id='word_1_70' title='bbox 1016 548 1088 600; x_wconf 79' lang='grc' dir='ltr'>τ’ῆς</span> <span class='ocrx_word' id='word_1_71' title='bbox 1102 544 1324 606; x_wconf 85' lang='grc' dir='ltr'>Κορινθίων</span> 
     </span>
     <span class='ocr_line' id='line_1_10' title="bbox 98 614 570 681; baseline -0.004 -17"><span class='ocrx_word' id='word_1_72' title='bbox 98 621 232 681; x_wconf 71' lang='grc' dir='ltr'>χώρας</span> <span class='ocrx_word' id='word_1_73' title='bbox 249 617 378 676; x_wconf 80' lang='grc' dir='ltr'>ἥμισυ</span> <span class='ocrx_word' id='word_1_74' title='bbox 398 614 570 678; x_wconf 78' lang='grc' dir='ltr'>ἡμέρας.</span> 
     </span>
    </p>

    <p class='ocr_par' dir='ltr' id='par_1_7' title="bbox 94 680 1321 818">
     <span class='ocr_line' id='line_1_11' title="bbox 155 680 1321 744; baseline -0.003 -12"><span class='ocrx_word' id='word_1_75' title='bbox 155 704 209 733; x_wconf 83' lang='lat'>41.</span> <span class='ocrx_word' id='word_1_76' title='bbox 250 688 456 734; x_wconf 85' lang='grc' dir='ltr'>ΣΙΚΥΩΝ.</span> <span class='ocrx_word' id='word_1_77' title='bbox 498 683 621 731; x_wconf 84' lang='grc' dir='ltr'>Μετὰ</span> <span class='ocrx_word' id='word_1_78' title='bbox 661 682 703 728; x_wconf 78' lang='grc' dir='ltr'>δὲ</span> <span class='ocrx_word' id='word_1_79' title='bbox 738 682 936 744; x_wconf 85' lang='grc' dir='ltr'>Κόρινθον</span> <span class='ocrx_word' id='word_1_80' title='bbox 977 680 1142 728; x_wconf 83' lang='grc' dir='ltr'>Σικυὼν</span> <span class='ocrx_word' id='word_1_81' title='bbox 1185 681 1321 733; x_wconf 88' lang='grc' dir='ltr'>πόλις.</span> 
     </span>
     <span class='ocr_line' id='line_1_12' title="bbox 94 752 820 818; baseline -0.006 -15"><span class='ocrx_word' id='word_1_82' title='bbox 94 756 258 812; x_wconf 83' lang='grc' dir='ltr'>Ταύτης</span> <span class='ocrx_word' id='word_1_83' title='bbox 277 754 519 818; x_wconf 78' lang='grc' dir='ltr'>παράπλους</span> <span class='ocrx_word' id='word_1_84' title='bbox 543 752 719 799; x_wconf 86' lang='grc' dir='ltr'>σταδίων</span> <span class='ocrx_word' id='word_1_85' title='bbox 741 752 820 815; x_wconf 83' lang='grc' dir='ltr'>ρκ’.</span> 
     </span>
    </p>

    <p class='ocr_par' dir='ltr' id='par_1_8' title="bbox 93 821 1327 1094">
     <span class='ocr_line' id='line_1_13' title="bbox 156 821 1327 885; baseline -0.003 -14"><span class='ocrx_word' id='word_1_86' title='bbox 156 842 214 871; x_wconf 78' lang='lat'>42.</span> <span class='ocrx_word' id='word_1_87' title='bbox 246 829 442 873; x_wconf 83' lang='lat' dir='ltr'>AXAIOI.</span> <span class='ocrx_word' id='word_1_88' title='bbox 479 822 603 870; x_wconf 83' lang='grc' dir='ltr'>Μετὰ</span> <span class='ocrx_word' id='word_1_89' title='bbox 631 823 673 868; x_wconf 82' lang='grc' dir='ltr'>δὲ</span> <span class='ocrx_word' id='word_1_90' title='bbox 696 825 890 869; x_wconf 84' lang='grc' dir='ltr'>Σικυῶνα</span> <span class='ocrx_word' id='word_1_91' title='bbox 914 821 1072 885; x_wconf 84' lang='grc' dir='ltr'>Ἀχαιοὶ</span> <span class='ocrx_word' id='word_1_92' title='bbox 1093 821 1228 879; x_wconf 85' lang='grc' dir='ltr'>ἔθνος,</span> <span class='ocrx_word' id='word_1_93' title='bbox 1255 822 1327 868; x_wconf 82' lang='grc' dir='ltr'>καὶ</span> 
     </span>
     <span class='ocr_line' id='line_1_14' title="bbox 94 890 1324 959; baseline -0.003 -19"><span class='ocrx_word' id='word_1_94' title='bbox 94 895 231 946; x_wconf 88' lang='grc' dir='ltr'>πόλεις</span> <span class='ocrx_word' id='word_1_95' title='bbox 253 894 352 939; x_wconf 82' lang='grc' dir='ltr'>εἰσὶν</span> <span class='ocrx_word' id='word_1_96' title='bbox 374 895 414 938; x_wconf 82' lang='grc' dir='ltr'>ἐν</span> <span class='ocrx_word' id='word_1_97' title='bbox 438 895 573 959; x_wconf 80' lang='grc' dir='ltr'>αὐτοῖς</span> <span class='ocrx_word' id='word_1_98' title='bbox 593 891 697 945; x_wconf 77' lang='grc' dir='ltr'>αἵδε·</span> <span class='ocrx_word' id='word_1_99' title='bbox 718 891 933 947; x_wconf 78' lang='grc' dir='ltr'>Πελλήνη,</span> <span class='ocrx_word' id='word_1_100' title='bbox 958 890 1148 954; x_wconf 76' lang='grc' dir='ltr'>Αἴγειρα,</span> <span class='ocrx_word' id='word_1_101' title='bbox 1177 891 1324 951; x_wconf 85' lang='grc' dir='ltr'>Αἰγαὶ,</span> 
     </span>
     <span class='ocr_line' id='line_1_15' title="bbox 95 960 1326 1025; baseline -0.002 -16"><span class='ocrx_word' id='word_1_102' title='bbox 95 964 255 1025; x_wconf 88' lang='grc' dir='ltr'>Αἴγιον,</span> <span class='ocrx_word' id='word_1_103' title='bbox 272 962 436 1018; x_wconf 85' lang='grc' dir='ltr'>Ῥύπες,</span> <span class='ocrx_word' id='word_1_104' title='bbox 455 962 532 1016; x_wconf 84' lang='grc' dir='ltr'>ἔξω</span> <span class='ocrx_word' id='word_1_105' title='bbox 558 961 601 1007; x_wconf 83' lang='grc' dir='ltr'>δὲ</span> <span class='ocrx_word' id='word_1_106' title='bbox 621 961 734 1025; x_wconf 84' lang='grc' dir='ltr'>Ῥίου</span> <span class='ocrx_word' id='word_1_107' title='bbox 755 961 947 1021; x_wconf 81' lang='grc' dir='ltr'>Πάτραι,</span> <span class='ocrx_word' id='word_1_108' title='bbox 970 960 1110 1021; x_wconf 84' lang='grc' dir='ltr'>Δύμη.</span> <span class='ocrx_word' id='word_1_109' title='bbox 1179 962 1326 1025; x_wconf 79' lang='grc' dir='ltr'>Παρά-</span> 
     </span>
     <span class='ocr_line' id='line_1_16' title="bbox 93 1029 987 1094; baseline 0.001 -17"><span class='ocrx_word' id='word_1_110' title='bbox 93 1036 217 1084; x_wconf 87' lang='grc' dir='ltr'>πλους</span> <span class='ocrx_word' id='word_1_111' title='bbox 241 1033 282 1078; x_wconf 83' lang='grc' dir='ltr'>δὲ</span> <span class='ocrx_word' id='word_1_112' title='bbox 305 1036 377 1087; x_wconf 69' lang='grc' dir='ltr'>τῆς</span> <span class='ocrx_word' id='word_1_113' title='bbox 403 1029 571 1094; x_wconf 72' lang='grc' dir='ltr'>Ἀχαίας</span> <span class='ocrx_word' id='word_1_114' title='bbox 590 1030 730 1094; x_wconf 88' lang='grc' dir='ltr'>χώρας</span> <span class='ocrx_word' id='word_1_115' title='bbox 756 1030 902 1076; x_wconf 78' lang='grc' dir='ltr'>στάδια</span> <span class='ocrx_word' id='word_1_116' title='bbox 928 1030 987 1092; x_wconf 78' lang='grc' dir='ltr'>ψ’.</span> 
     </span>
    </p>

    <p class='ocr_par' dir='ltr' id='par_1_9' title="bbox 54 1091 1330 1510">
     <span class='ocr_line' id='line_1_17' title="bbox 156 1091 1327 1162; baseline -0.002 -15"><span class='ocrx_word' id='word_1_117' title='bbox 156 1118 214 1149; x_wconf 78' lang='lat'>43.</span> <span class='ocrx_word' id='word_1_118' title='bbox 250 1105 388 1148; x_wconf 87' lang='grc' dir='ltr'><strong>ΗΛΙΣ.</strong></span> <span class='ocrx_word' id='word_1_119' title='bbox 429 1100 551 1148; x_wconf 88' lang='grc' dir='ltr'>Μετὰ</span> <span class='ocrx_word' id='word_1_120' title='bbox 589 1099 632 1146; x_wconf 81' lang='grc' dir='ltr'>δὲ</span> <span class='ocrx_word' id='word_1_121' title='bbox 665 1098 854 1162; x_wconf 75' lang='grc' dir='ltr'>Ἀχαιοὺς</span> <span class='ocrx_word' id='word_1_122' title='bbox 892 1091 1016 1158; x_wconf 58' lang='grc' dir='ltr'>’Ἦλίς</span> <span class='ocrx_word' id='word_1_123' title='bbox 1046 1101 1153 1145; x_wconf 81' lang='grc' dir='ltr'>ἐστιν</span> <span class='ocrx_word' id='word_1_124' title='bbox 1198 1099 1327 1157; x_wconf 87' lang='grc' dir='ltr'>ἔθνος,</span> 
     </span>
     <span class='ocr_line' id='line_1_18' title="bbox 95 1168 1330 1234; baseline -0.002 -18"><span class='ocrx_word' id='word_1_125' title='bbox 95 1171 166 1217; x_wconf 78' lang='grc' dir='ltr'>καὶ</span> <span class='ocrx_word' id='word_1_126' title='bbox 189 1170 328 1223; x_wconf 89' lang='grc' dir='ltr'>πόλεις</span> <span class='ocrx_word' id='word_1_127' title='bbox 352 1174 392 1216; x_wconf 84' lang='grc' dir='ltr'>ἐν</span> <span class='ocrx_word' id='word_1_128' title='bbox 420 1173 524 1234; x_wconf 76' lang='grc' dir='ltr'>αὐτῇ</span> <span class='ocrx_word' id='word_1_129' title='bbox 551 1169 661 1219; x_wconf 82' lang='grc' dir='ltr'>αἵδε·</span> <span class='ocrx_word' id='word_1_130' title='bbox 687 1168 883 1225; x_wconf 81' lang='grc' dir='ltr'>Κυλλήνη</span> <span class='ocrx_word' id='word_1_131' title='bbox 904 1168 974 1214; x_wconf 76' lang='grc' dir='ltr'>καὶ</span> <span class='ocrx_word' id='word_1_132' title='bbox 993 1168 1136 1228; x_wconf 78' lang='grc' dir='ltr'>λιμὴν,</span> <span class='ocrx_word' id='word_1_133' title='bbox 1164 1168 1237 1214; x_wconf 74' lang='grc' dir='ltr'>καὶ</span> <span class='ocrx_word' id='word_1_134' title='bbox 1256 1188 1330 1214; x_wconf 87' lang='grc' dir='ltr'>πο-</span> 
     </span>
     <span class='ocr_line' id='line_1_19' title="bbox 94 1238 1322 1302; baseline -0.002 -16"><span class='ocrx_word' id='word_1_135' title='bbox 94 1241 223 1300; x_wconf 81' lang='grc' dir='ltr'>ταμὸς</span> <span class='ocrx_word' id='word_1_136' title='bbox 252 1241 452 1302; x_wconf 79' lang='grc' dir='ltr'>Ἀλφειός·</span> <span class='ocrx_word' id='word_1_137' title='bbox 490 1241 577 1286; x_wconf 86' lang='grc' dir='ltr'>ἔστι</span> <span class='ocrx_word' id='word_1_138' title='bbox 612 1240 653 1285; x_wconf 83' lang='grc' dir='ltr'>δὲ</span> <span class='ocrx_word' id='word_1_139' title='bbox 688 1239 758 1285; x_wconf 87' lang='grc' dir='ltr'>καὶ</span> <span class='ocrx_word' id='word_1_140' title='bbox 794 1238 899 1294; x_wconf 85' lang='grc' dir='ltr'>ἄλλη</span> <span class='ocrx_word' id='word_1_141' title='bbox 942 1239 1125 1284; x_wconf 88' lang='grc' dir='ltr'>συνοικία</span> <span class='ocrx_word' id='word_1_142' title='bbox 1160 1239 1322 1284; x_wconf 90' lang='grc' dir='ltr'>πόλεων</span> 
     </span>
     <span class='ocr_line' id='line_1_20' title="bbox 54 1305 1328 1371; baseline -0.003 -15"><span class='ocrx_word' id='word_1_143' title='bbox 54 1322 61 1328; x_wconf 88' lang='grc'><em>“</em></span> <span class='ocrx_word' id='word_1_144' title='bbox 95 1305 219 1362; x_wconf 52' lang='grc' dir='ltr'>’ζΗλις</span> <span class='ocrx_word' id='word_1_145' title='bbox 242 1312 283 1356; x_wconf 82' lang='grc' dir='ltr'>ἓν</span> <span class='ocrx_word' id='word_1_146' title='bbox 305 1309 534 1371; x_wconf 79' lang='grc' dir='ltr'>μεσογείᾳ.“</span> <span class='ocrx_word' id='word_1_147' title='bbox 589 1308 711 1356; x_wconf 86' lang='grc' dir='ltr'>Κατὰ</span> <span class='ocrx_word' id='word_1_148' title='bbox 729 1307 882 1364; x_wconf 90' lang='grc' dir='ltr'>ταύτην</span> <span class='ocrx_word' id='word_1_149' title='bbox 894 1307 968 1363; x_wconf 80' lang='grc' dir='ltr'>τὴν</span> <span class='ocrx_word' id='word_1_150' title='bbox 987 1307 1128 1370; x_wconf 82' lang='grc' dir='ltr'>χώραν</span> <span class='ocrx_word' id='word_1_151' title='bbox 1149 1308 1237 1353; x_wconf 77' lang='grc' dir='ltr'>ἐστὶ</span> <span class='ocrx_word' id='word_1_152' title='bbox 1256 1312 1328 1364; x_wconf 79' lang='grc' dir='ltr'>ν’ῆ-</span> 
     </span>
     <span class='ocr_line' id='line_1_21' title="bbox 98 1373 1327 1441; baseline -0.002 -16"><span class='ocrx_word' id='word_1_153' title='bbox 98 1399 163 1432; x_wconf 91' lang='grc' dir='ltr'>σος</span> <span class='ocrx_word' id='word_1_154' title='bbox 173 1379 396 1436; x_wconf 73' lang='grc' dir='ltr'>Ζάκυνθος,</span> <span class='ocrx_word' id='word_1_155' title='bbox 416 1373 495 1441; x_wconf 67' lang='grc' dir='ltr'>ἕνῇ</span> <span class='ocrx_word' id='word_1_156' title='bbox 512 1378 583 1425; x_wconf 77' lang='grc' dir='ltr'>καὶ</span> <span class='ocrx_word' id='word_1_157' title='bbox 599 1377 715 1430; x_wconf 89' lang='grc' dir='ltr'>πόλις</span> <span class='ocrx_word' id='word_1_158' title='bbox 725 1377 796 1422; x_wconf 82' lang='grc' dir='ltr'>καὶ</span> <span class='ocrx_word' id='word_1_159' title='bbox 815 1377 956 1437; x_wconf 85' lang='grc' dir='ltr'>λιμήν.</span> <span class='ocrx_word' id='word_1_160' title='bbox 1023 1373 1276 1440; x_wconf 83' lang='grc' dir='ltr'>Παροίπλους</span> <span class='ocrx_word' id='word_1_161' title='bbox 1287 1377 1327 1422; x_wconf 81' lang='grc' dir='ltr'>δὲ</span> 
     </span>
     <span class='ocr_line' id='line_1_22' title="bbox 96 1445 1327 1510; baseline -0.003 -15"><span class='ocrx_word' id='word_1_162' title='bbox 96 1453 166 1505; x_wconf 74' lang='grc' dir='ltr'>τῆς</span> <span class='ocrx_word' id='word_1_163' title='bbox 177 1448 349 1494; x_wconf 85' lang='grc' dir='ltr'>Ἠλείων</span> <span class='ocrx_word' id='word_1_164' title='bbox 359 1447 499 1510; x_wconf 81' lang='grc' dir='ltr'>χώρας</span> <span class='ocrx_word' id='word_1_165' title='bbox 509 1447 606 1510; x_wconf 85' lang='grc' dir='ltr'>ἄχρι</span> <span class='ocrx_word' id='word_1_166' title='bbox 617 1447 683 1492; x_wconf 81' lang='grc' dir='ltr'>ἐπὶ</span> <span class='ocrx_word' id='word_1_167' title='bbox 702 1445 794 1498; x_wconf 79' lang='grc' dir='ltr'>τοὺς</span> <span class='ocrx_word' id='word_1_168' title='bbox 816 1449 1066 1509; x_wconf 81' lang='grc' dir='ltr'>Λεπρεατῶν</span> <span class='ocrx_word' id='word_1_169' title='bbox 1077 1447 1099 1470; x_wconf 66' lang='lat'><em>*</em></span> <span class='ocrx_word' id='word_1_170' title='bbox 1110 1446 1256 1492; x_wconf 81' lang='grc' dir='ltr'>στάδια</span> <span class='ocrx_word' id='word_1_171' title='bbox 1267 1446 1327 1509; x_wconf 79' lang='grc' dir='ltr'>ψ’.</span> 
     </span>
    </p>

    <p class='ocr_par' dir='ltr' id='par_1_10' title="bbox 97 1508 1328 1650">
     <span class='ocr_line' id='line_1_23' title="bbox 157 1508 1322 1577; baseline 0 -15"><span class='ocrx_word' id='word_1_172' title='bbox 157 1533 214 1564; x_wconf 82' lang='grc'>44.</span> <span class='ocrx_word' id='word_1_173' title='bbox 236 1521 466 1564; x_wconf 89' lang='grc' dir='ltr'>ΑΡΚΑΔΙΑ.</span> <span class='ocrx_word' id='word_1_174' title='bbox 492 1516 612 1562; x_wconf 87' lang='grc' dir='ltr'>Μετὰ</span> <span class='ocrx_word' id='word_1_175' title='bbox 643 1516 686 1561; x_wconf 82' lang='grc' dir='ltr'>δὲ</span> <span class='ocrx_word' id='word_1_176' title='bbox 704 1508 831 1561; x_wconf 49' lang='grc' dir='ltr'>ῗΗλιν</span> <span class='ocrx_word' id='word_1_177' title='bbox 857 1515 1051 1577; x_wconf 82' lang='grc' dir='ltr'>Ἀρκαδία</span> <span class='ocrx_word' id='word_1_178' title='bbox 1076 1515 1195 1568; x_wconf 81' lang='grc' dir='ltr'>ἔθνος</span> <span class='ocrx_word' id='word_1_179' title='bbox 1217 1515 1322 1563; x_wconf 81' lang='grc' dir='ltr'>ἐστί.</span> 
     </span>
     <span class='ocr_line' id='line_1_24' title="bbox 97 1586 1328 1650; baseline -0.003 -15"><span class='ocrx_word' id='word_1_180' title='bbox 97 1589 284 1645; x_wconf 81' lang='grc' dir='ltr'>Καθήκει</span> <span class='ocrx_word' id='word_1_181' title='bbox 308 1588 348 1634; x_wconf 77' lang='grc' dir='ltr'>δὲ</span> <span class='ocrx_word' id='word_1_182' title='bbox 371 1592 395 1644; x_wconf 82' lang='grc' dir='ltr'>ἡ</span> <span class='ocrx_word' id='word_1_183' title='bbox 419 1586 614 1650; x_wconf 80' lang='grc' dir='ltr'>Ἀρκαδία</span> <span class='ocrx_word' id='word_1_184' title='bbox 639 1586 706 1632; x_wconf 83' lang='grc' dir='ltr'>ἐπὶ</span> <span class='ocrx_word' id='word_1_185' title='bbox 725 1586 932 1632; x_wconf 84' lang='grc' dir='ltr'>θάλατταν</span> <span class='ocrx_word' id='word_1_186' title='bbox 952 1586 1063 1632; x_wconf 89' lang='grc' dir='ltr'>κατὰ</span> <span class='ocrx_word' id='word_1_187' title='bbox 1080 1586 1265 1647; x_wconf 82' lang='grc' dir='ltr'>Λέπρεον</span> <span class='ocrx_word' id='word_1_188' title='bbox 1283 1590 1328 1632; x_wconf 81' lang='grc' dir='ltr'>ἐκ</span> 
     </span>
    </p>
   </div>
   <div class='ocr_carea' id='block_1_7' title="bbox 94 1748 1339 4052">
    <p class='ocr_par' dir='ltr' id='par_1_11' title="bbox 94 1748 1336 3802">
     <span class='ocr_line' id='line_1_25' title="bbox 96 1748 1334 1805; baseline -0.002 -12"><span class='ocrx_word' id='word_1_189' title='bbox 96 1753 148 1793; x_wconf 85' lang='lat' dir='ltr'>ad</span> <span class='ocrx_word' id='word_1_190' title='bbox 171 1761 354 1795; x_wconf 86' lang='lat' dir='ltr'>montem</span> <span class='ocrx_word' id='word_1_191' title='bbox 374 1752 663 1805; x_wconf 86' lang='lat' dir='ltr'>cognominem</span> <span class='ocrx_word' id='word_1_192' title='bbox 685 1748 890 1805; x_wconf 87' lang='lat' dir='ltr'>(Pausan.</span> <span class='ocrx_word' id='word_1_193' title='bbox 911 1752 948 1801; x_wconf 92' lang='grc' dir='ltr'>Ι,</span> <span class='ocrx_word' id='word_1_194' title='bbox 969 1753 1038 1801; x_wconf 87' lang='grc'>44,</span> <span class='ocrx_word' id='word_1_195' title='bbox 1073 1753 1096 1792; x_wconf 92' lang='grc'><strong>8</strong></span> <span class='ocrx_word' id='word_1_196' title='bbox 1112 1781 1124 1801; x_wconf 89' lang='grc'>,</span> <span class='ocrx_word' id='word_1_197' title='bbox 1145 1750 1219 1791; x_wconf 91' lang='lat' dir='ltr'>ubi</span> <span class='ocrx_word' id='word_1_198' title='bbox 1243 1751 1334 1804; x_wconf 90' lang='lat' dir='ltr'>vlgo</span> 
     </span>
     <span class='ocr_line' id='line_1_26' title="bbox 102 1813 1333 1871; baseline -0.001 -16"><span class='ocrx_word' id='word_1_199' title='bbox 102 1814 294 1871; x_wconf 77' lang='grc' dir='ltr'>Ἔρὲνεια;</span> <span class='ocrx_word' id='word_1_200' title='bbox 319 1816 476 1857; x_wconf 83' lang='lat' dir='ltr'>Plinius</span> <span class='ocrx_word' id='word_1_201' title='bbox 511 1816 589 1865; x_wconf 89' lang='lat' dir='ltr'>IV,</span> <span class='ocrx_word' id='word_1_202' title='bbox 621 1817 643 1867; x_wconf 80' lang='lat'>§</span> <span class='ocrx_word' id='word_1_203' title='bbox 672 1813 779 1870; x_wconf 87' lang='lat'>11),</span> <span class='ocrx_word' id='word_1_204' title='bbox 817 1814 966 1864; x_wconf 90' lang='lat' dir='ltr'>situm,</span> <span class='ocrx_word' id='word_1_205' title='bbox 998 1822 1046 1854; x_wconf 90' lang='lat' dir='ltr'>ut</span> <span class='ocrx_word' id='word_1_206' title='bbox 1077 1813 1182 1865; x_wconf 69' lang='lat' dir='ltr'>vid„</span> <span class='ocrx_word' id='word_1_207' title='bbox 1203 1828 1333 1869; x_wconf 86' lang='lat' dir='ltr'>prope</span> 
     </span>
     <span class='ocr_line' id='line_1_27' title="bbox 96 1876 1333 1931; baseline -0.002 -13"><span class='ocrx_word' id='word_1_208' title='bbox 96 1882 222 1920; x_wconf 87' lang='lat' dir='ltr'>Porto</span> <span class='ocrx_word' id='word_1_209' title='bbox 245 1883 458 1927; x_wconf 80' lang='lat' dir='ltr'>Germano,</span> <span class='ocrx_word' id='word_1_210' title='bbox 480 1892 531 1917; x_wconf 87' lang='lat' dir='ltr'>cx</span> <span class='ocrx_word' id='word_1_211' title='bbox 550 1877 753 1917; x_wconf 87' lang='lat' dir='ltr'>sententia</span> <span class='ocrx_word' id='word_1_212' title='bbox 783 1876 927 1916; x_wconf 88' lang='lat' dir='ltr'>Krusii</span> <span class='ocrx_word' id='word_1_213' title='bbox 960 1877 1017 1926; x_wconf 88' lang='grc' dir='ltr'>Π,</span> <span class='ocrx_word' id='word_1_214' title='bbox 1054 1890 1091 1926; x_wconf 94' lang='lat'>1,</span> <span class='ocrx_word' id='word_1_215' title='bbox 1116 1891 1160 1931; x_wconf 89' lang='lat' dir='ltr'>p.</span> <span class='ocrx_word' id='word_1_216' title='bbox 1189 1879 1266 1925; x_wconf 93' lang='lat'>401</span> <span class='ocrx_word' id='word_1_217' title='bbox 1293 1885 1333 1916; x_wconf 92' lang='lat' dir='ltr'>et</span> 
     </span>
     <span class='ocr_line' id='line_1_28' title="bbox 94 1938 1333 1997; baseline -0.005 -13"><span class='ocrx_word' id='word_1_218' title='bbox 94 1943 173 1984; x_wconf 89' lang='lat' dir='ltr'>W.</span> <span class='ocrx_word' id='word_1_219' title='bbox 199 1942 319 1984; x_wconf 89' lang='lat' dir='ltr'>Gellii</span> <span class='ocrx_word' id='word_1_220' title='bbox 339 1956 382 1997; x_wconf 87' lang='lat' dir='ltr'>p.</span> <span class='ocrx_word' id='word_1_221' title='bbox 402 1956 442 1996; x_wconf 86' lang='lat'>7.</span> <span class='ocrx_word' id='word_1_222' title='bbox 461 1940 528 1982; x_wconf 90' lang='lat' dir='ltr'>Ad</span> <span class='ocrx_word' id='word_1_223' title='bbox 543 1941 689 1981; x_wconf 88' lang='lat' dir='ltr'>Cerata</span> <span class='ocrx_word' id='word_1_224' title='bbox 708 1947 894 1979; x_wconf 88' lang='lat' dir='ltr'>montem</span> <span class='ocrx_word' id='word_1_225' title='bbox 909 1952 1040 1993; x_wconf 86' lang='lat' dir='ltr'>prope</span> <span class='ocrx_word' id='word_1_226' title='bbox 1057 1938 1259 1979; x_wconf 78' lang='lat' dir='ltr'>Kandara</span> <span class='ocrx_word' id='word_1_227' title='bbox 1271 1939 1333 1979; x_wconf 93' lang='lat' dir='ltr'>lo-</span> 
     </span>
     <span class='ocr_line' id='line_1_29' title="bbox 95 2001 1334 2057; baseline -0.004 -11"><span class='ocrx_word' id='word_1_228' title='bbox 95 2021 191 2046; x_wconf 91' lang='lat' dir='ltr'>cum</span> <span class='ocrx_word' id='word_1_229' title='bbox 220 2006 390 2046; x_wconf 86' lang='lat' dir='ltr'>collocat</span> <span class='ocrx_word' id='word_1_230' title='bbox 411 2003 546 2046; x_wconf 87' lang='lat' dir='ltr'>Leake</span> <span class='ocrx_word' id='word_1_231' title='bbox 562 2006 619 2045; x_wconf 88' lang='grc' dir='ltr'>Ν.</span> <span class='ocrx_word' id='word_1_232' title='bbox 642 2006 715 2044; x_wconf 83' lang='lat' dir='ltr'>Gr.</span> <span class='ocrx_word' id='word_1_233' title='bbox 741 2004 799 2052; x_wconf 88' lang='lat' dir='ltr'>II,</span> <span class='ocrx_word' id='word_1_234' title='bbox 815 2017 859 2057; x_wconf 89' lang='lat' dir='ltr'>p.</span> <span class='ocrx_word' id='word_1_235' title='bbox 891 2004 988 2050; x_wconf 90' lang='lat'>408.</span> <span class='ocrx_word' id='word_1_236' title='bbox 1014 2001 1195 2056; x_wconf 87' lang='grc' dir='ltr'>Γεράνεια</span> <span class='ocrx_word' id='word_1_237' title='bbox 1229 2002 1334 2056; x_wconf 79' lang='grc' dir='ltr'>ἄκρις</span> 
     </span>
     <span class='ocr_line' id='line_1_30' title="bbox 96 2063 1332 2123; baseline -0.003 -15"><span class='ocrx_word' id='word_1_238' title='bbox 96 2069 158 2109; x_wconf 88' lang='lat' dir='ltr'>vel</span> <span class='ocrx_word' id='word_1_239' title='bbox 184 2068 279 2123; x_wconf 81' lang='grc' dir='ltr'>ἄκρα</span> <span class='ocrx_word' id='word_1_240' title='bbox 297 2065 406 2120; x_wconf 89' lang='lat' dir='ltr'>conj.</span> <span class='ocrx_word' id='word_1_241' title='bbox 425 2065 677 2115; x_wconf 82' lang='lat' dir='ltr'>Palmerius3</span> <span class='ocrx_word' id='word_1_242' title='bbox 699 2063 887 2104; x_wconf 90' lang='lat' dir='ltr'>similiter</span> <span class='ocrx_word' id='word_1_243' title='bbox 907 2063 1064 2104; x_wconf 88' lang='lat' dir='ltr'>Gailius</span> <span class='ocrx_word' id='word_1_244' title='bbox 1080 2064 1244 2118; x_wconf 81' lang='lat' dir='ltr'>scripsit</span> <span class='ocrx_word' id='word_1_245' title='bbox 1264 2064 1332 2104; x_wconf 83' lang='grc' dir='ltr'>Γε-</span> 
     </span>
     <span class='ocr_line' id='line_1_31' title="bbox 96 2126 1333 2184; baseline -0.004 -14"><span class='ocrx_word' id='word_1_246' title='bbox 96 2131 225 2184; x_wconf 77' lang='grc' dir='ltr'>ράνεια</span> <span class='ocrx_word' id='word_1_247' title='bbox 244 2130 343 2184; x_wconf 84' lang='grc' dir='ltr'>ὄρος,</span> <span class='ocrx_word' id='word_1_248' title='bbox 366 2128 563 2183; x_wconf 86' lang='lat' dir='ltr'>quoniam</span> <span class='ocrx_word' id='word_1_249' title='bbox 591 2126 690 2181; x_wconf 76' lang='grc' dir='ltr'>’Άρις</span> <span class='ocrx_word' id='word_1_250' title='bbox 703 2126 817 2166; x_wconf 90' lang='lat' dir='ltr'>locus</span> <span class='ocrx_word' id='word_1_251' title='bbox 833 2140 919 2166; x_wconf 92' lang='lat' dir='ltr'>non</span> <span class='ocrx_word' id='word_1_252' title='bbox 941 2133 1064 2165; x_wconf 91' lang='lat' dir='ltr'>notus</span> <span class='ocrx_word' id='word_1_253' title='bbox 1080 2126 1146 2165; x_wconf 91' lang='lat' dir='ltr'>sit.</span> <span class='ocrx_word' id='word_1_254' title='bbox 1172 2127 1333 2166; x_wconf 90' lang='lat' dir='ltr'>Verum</span> 
     </span>
     <span class='ocr_line' id='line_1_32' title="bbox 97 2189 1333 2248; baseline -0.006 -13"><span class='ocrx_word' id='word_1_255' title='bbox 97 2208 225 2248; x_wconf 92' lang='lat' dir='ltr'>quum</span> <span class='ocrx_word' id='word_1_256' title='bbox 244 2193 424 2246; x_wconf 79' lang='grc' dir='ltr'>Γεράνεια</span> <span class='ocrx_word' id='word_1_257' title='bbox 438 2191 552 2230; x_wconf 90' lang='lat' dir='ltr'>locus</span> <span class='ocrx_word' id='word_1_258' title='bbox 568 2198 690 2230; x_wconf 91' lang='lat' dir='ltr'>notus</span> <span class='ocrx_word' id='word_1_259' title='bbox 705 2189 772 2238; x_wconf 91' lang='lat' dir='ltr'>sit,</span> <span class='ocrx_word' id='word_1_260' title='bbox 791 2189 1000 2228; x_wconf 82' lang='lat' dir='ltr'>montium</span> <span class='ocrx_word' id='word_1_261' title='bbox 1016 2195 1153 2230; x_wconf 89' lang='lat' dir='ltr'>autem</span> <span class='ocrx_word' id='word_1_262' title='bbox 1165 2201 1333 2241; x_wconf 89' lang='lat' dir='ltr'>perrara</span> 
     </span>
     <span class='ocr_line' id='line_1_33' title="bbox 97 2251 1332 2308; baseline -0.006 -12"><span class='ocrx_word' id='word_1_263' title='bbox 97 2257 139 2295; x_wconf 90' lang='lat' dir='ltr'>in</span> <span class='ocrx_word' id='word_1_264' title='bbox 166 2255 328 2308; x_wconf 89' lang='lat' dir='ltr'>Periplo</span> <span class='ocrx_word' id='word_1_265' title='bbox 363 2253 533 2301; x_wconf 85' lang='lat' dir='ltr'>mentio,</span> <span class='ocrx_word' id='word_1_266' title='bbox 562 2252 716 2300; x_wconf 87' lang='lat' dir='ltr'>locum,</span> <span class='ocrx_word' id='word_1_267' title='bbox 747 2265 832 2290; x_wconf 90' lang='lat' dir='ltr'>non</span> <span class='ocrx_word' id='word_1_268' title='bbox 870 2259 1071 2300; x_wconf 90' lang='lat' dir='ltr'>montem,</span> <span class='ocrx_word' id='word_1_269' title='bbox 1111 2251 1332 2290; x_wconf 89' lang='lat' dir='ltr'>memorari</span> 
     </span>
     <span class='ocr_line' id='line_1_34' title="bbox 96 2311 1333 2372; baseline -0.005 -15"><span class='ocrx_word' id='word_1_270' title='bbox 96 2317 307 2372; x_wconf 84' lang='lat' dir='ltr'>probabile</span> <span class='ocrx_word' id='word_1_271' title='bbox 339 2324 413 2355; x_wconf 89' lang='lat' dir='ltr'>est.</span> <span class='ocrx_word' id='word_1_272' title='bbox 436 2317 452 2367; x_wconf 71' lang='lat' dir='ltr'>H</span> <span class='ocrx_word' id='word_1_273' title='bbox 474 2339 530 2344; x_wconf 93' lang='lat'>—-</span> <span class='ocrx_word' id='word_1_274' title='bbox 567 2313 647 2367; x_wconf 81' lang='grc' dir='ltr'>’Άρ</span> <span class='ocrx_word' id='word_1_275' title='bbox 663 2315 732 2365; x_wconf 88' lang='grc' dir='ltr'>ις]</span> <span class='ocrx_word' id='word_1_276' title='bbox 769 2332 785 2347; x_wconf 71' lang='grc' dir='ltr'>α</span> <span class='ocrx_word' id='word_1_277' title='bbox 812 2311 993 2353; x_wconf 89' lang='lat' dir='ltr'>Videtur</span> <span class='ocrx_word' id='word_1_278' title='bbox 1015 2327 1096 2352; x_wconf 86' lang='lat' dir='ltr'>vox</span> <span class='ocrx_word' id='word_1_279' title='bbox 1116 2312 1214 2366; x_wconf 81' lang='grc' dir='ltr'>Ἄρις</span> <span class='ocrx_word' id='word_1_280' title='bbox 1248 2326 1333 2351; x_wconf 91' lang='lat' dir='ltr'>esse</span> 
     </span>
     <span class='ocr_line' id='line_1_35' title="bbox 97 2374 1329 2430; baseline -0.004 -11"><span class='ocrx_word' id='word_1_281' title='bbox 97 2387 305 2419; x_wconf 87' lang='lat' dir='ltr'>contracta</span> <span class='ocrx_word' id='word_1_282' title='bbox 321 2392 372 2417; x_wconf 83' lang='lat' dir='ltr'>ex</span> <span class='ocrx_word' id='word_1_283' title='bbox 387 2375 575 2430; x_wconf 81' lang='grc' dir='ltr'>Αἴγειρος.</span> <span class='ocrx_word' id='word_1_284' title='bbox 598 2396 614 2410; x_wconf 65' lang='lat' dir='ltr'>n</span> <span class='ocrx_word' id='word_1_285' title='bbox 644 2376 919 2424; x_wconf 68' lang='lat' dir='ltr'>GRoNovms,</span> <span class='ocrx_word' id='word_1_286' title='bbox 943 2375 1066 2414; x_wconf 90' lang='lat' dir='ltr'>citato</span> <span class='ocrx_word' id='word_1_287' title='bbox 1090 2374 1299 2429; x_wconf 85' lang='lat' dir='ltr'>Stephano</span> <span class='ocrx_word' id='word_1_288' title='bbox 1320 2387 1329 2414; x_wconf 73' lang='grc' dir='ltr'>ε</span> 
     </span>
     <span class='ocr_line' id='line_1_36' title="bbox 97 2435 1331 2496; baseline -0.006 -15"><span class='ocrx_word' id='word_1_289' title='bbox 97 2441 339 2496; x_wconf 80' lang='grc' dir='ltr'>Αἶγείρουσα,</span> <span class='ocrx_word' id='word_1_290' title='bbox 375 2439 485 2485; x_wconf 84' lang='grc' dir='ltr'>πόλις</span> <span class='ocrx_word' id='word_1_291' title='bbox 516 2441 583 2489; x_wconf 88' lang='grc' dir='ltr'>τῆς</span> <span class='ocrx_word' id='word_1_292' title='bbox 606 2437 838 2492; x_wconf 75' lang='grc' dir='ltr'>Μεγαρίδος,</span> <span class='ocrx_word' id='word_1_293' title='bbox 857 2436 908 2484; x_wconf 80' lang='grc' dir='ltr'>ὡς</span> <span class='ocrx_word' id='word_1_294' title='bbox 934 2436 1116 2491; x_wconf 71' lang='grc' dir='ltr'>Στράὸων</span> <span class='ocrx_word' id='word_1_295' title='bbox 1150 2435 1222 2492; x_wconf 86' lang='grc' dir='ltr'>(Ρ.</span> <span class='ocrx_word' id='word_1_296' title='bbox 1250 2438 1331 2490; x_wconf 84' lang='grc'>494</span> 
     </span>
     <span class='ocr_line' id='line_1_37' title="bbox 98 2497 1335 2555; baseline -0.003 -12"><span class='ocrx_word' id='word_1_297' title='bbox 98 2519 148 2543; x_wconf 82' lang='lat' dir='ltr'>ex</span> <span class='ocrx_word' id='word_1_298' title='bbox 175 2505 344 2543; x_wconf 86' lang='lat' dir='ltr'>Homer.</span> <span class='ocrx_word' id='word_1_299' title='bbox 374 2501 422 2541; x_wconf 87' lang='lat' dir='ltr'>Il.</span> <span class='ocrx_word' id='word_1_300' title='bbox 454 2515 495 2550; x_wconf 83' lang='lat'>2,</span> <span class='ocrx_word' id='word_1_301' title='bbox 523 2500 601 2540; x_wconf 89' lang='lat'>558</span> <span class='ocrx_word' id='word_1_302' title='bbox 621 2498 652 2555; x_wconf 91' lang='lat'>).</span> <span class='ocrx_word' id='word_1_303' title='bbox 687 2499 847 2553; x_wconf 82' lang='grc' dir='ltr'>Λέγεται</span> <span class='ocrx_word' id='word_1_304' title='bbox 868 2497 934 2539; x_wconf 76' lang='grc' dir='ltr'>καὶ</span> <span class='ocrx_word' id='word_1_305' title='bbox 954 2497 1142 2554; x_wconf 78' lang='grc' dir='ltr'>Αἴγειρος,</span> <span class='ocrx_word' id='word_1_306' title='bbox 1169 2498 1219 2545; x_wconf 85' lang='grc' dir='ltr'>ὡς</span> <span class='ocrx_word' id='word_1_307' title='bbox 1243 2497 1335 2539; x_wconf 87' lang='grc' dir='ltr'>Θεό-</span> 
     </span>
     <span class='ocr_line' id='line_1_38' title="bbox 97 2559 1333 2620; baseline -0.006 -14"><span class='ocrx_word' id='word_1_308' title='bbox 97 2580 247 2620; x_wconf 79' lang='grc' dir='ltr'>πομπος</span> <span class='ocrx_word' id='word_1_309' title='bbox 262 2565 502 2618; x_wconf 77' lang='grc' dir='ltr'>πεντηκοστῇ</span> <span class='ocrx_word' id='word_1_310' title='bbox 536 2563 642 2618; x_wconf 72' lang='grc' dir='ltr'>ἕκτῃ.</span> <span class='ocrx_word' id='word_1_311' title='bbox 661 2562 736 2602; x_wconf 92' lang='lat' dir='ltr'>His</span> <span class='ocrx_word' id='word_1_312' title='bbox 764 2560 874 2601; x_wconf 90' lang='lat' dir='ltr'>addo</span> <span class='ocrx_word' id='word_1_313' title='bbox 895 2560 1034 2600; x_wconf 92' lang='lat' dir='ltr'>locum</span> <span class='ocrx_word' id='word_1_314' title='bbox 1061 2559 1270 2600; x_wconf 84' lang='lat' dir='ltr'>Plutarchi</span> <span class='ocrx_word' id='word_1_315' title='bbox 1290 2560 1333 2600; x_wconf 91' lang='lat' dir='ltr'>in</span> 
     </span>
     <span class='ocr_line' id='line_1_39' title="bbox 98 2621 1333 2681; baseline -0.005 -13"><span class='ocrx_word' id='word_1_316' title='bbox 98 2631 181 2680; x_wconf 88' lang='lat' dir='ltr'>Qu.</span> <span class='ocrx_word' id='word_1_317' title='bbox 211 2642 268 2681; x_wconf 85' lang='lat' dir='ltr'>gr.</span> <span class='ocrx_word' id='word_1_318' title='bbox 292 2626 359 2680; x_wconf 88' lang='lat'>59,</span> <span class='ocrx_word' id='word_1_319' title='bbox 378 2626 450 2666; x_wconf 92' lang='lat' dir='ltr'>ubi</span> <span class='ocrx_word' id='word_1_320' title='bbox 466 2624 750 2679; x_wconf 83' lang='lat' dir='ltr'>Peloponnesii</span> <span class='ocrx_word' id='word_1_321' title='bbox 771 2622 824 2664; x_wconf 90' lang='lat' dir='ltr'>ad</span> <span class='ocrx_word' id='word_1_322' title='bbox 857 2623 1105 2677; x_wconf 90' lang='lat' dir='ltr'>Delphicum</span> <span class='ocrx_word' id='word_1_323' title='bbox 1120 2621 1333 2663; x_wconf 91' lang='lat' dir='ltr'>oraculum</span> 
     </span>
     <span class='ocr_line' id='line_1_40' title="bbox 96 2684 1335 2745; baseline -0.006 -14"><span class='ocrx_word' id='word_1_324' title='bbox 96 2690 398 2745; x_wconf 83' lang='lat' dir='ltr'>proficiscentes</span> <span class='ocrx_word' id='word_1_325' title='bbox 438 2687 741 2738; x_wconf 86' lang='grc' dir='ltr'>καταυλισθῆναι</span> <span class='ocrx_word' id='word_1_326' title='bbox 772 2685 1045 2741; x_wconf 82' lang='lat' dir='ltr'>perhibentur</span> <span class='ocrx_word' id='word_1_327' title='bbox 1079 2684 1117 2726; x_wconf 80' lang='grc' dir='ltr'>ἐν</span> <span class='ocrx_word' id='word_1_328' title='bbox 1147 2684 1335 2740; x_wconf 78' lang='grc' dir='ltr'>Αἰγείροις</span> 
     </span>
     <span class='ocr_line' id='line_1_41' title="bbox 98 2747 1332 2807; baseline -0.005 -15"><span class='ocrx_word' id='word_1_329' title='bbox 98 2751 199 2807; x_wconf 87' lang='grc' dir='ltr'>παρὰ</span> <span class='ocrx_word' id='word_1_330' title='bbox 218 2749 286 2802; x_wconf 87' lang='grc' dir='ltr'>τὴν</span> <span class='ocrx_word' id='word_1_331' title='bbox 313 2751 472 2806; x_wconf 80' lang='grc' dir='ltr'>λίμνην,</span> <span class='ocrx_word' id='word_1_332' title='bbox 503 2749 643 2803; x_wconf 89' lang='lat' dir='ltr'>ibique</span> <span class='ocrx_word' id='word_1_333' title='bbox 665 2763 689 2789; x_wconf 88' lang='lat' dir='ltr'>a</span> <span class='ocrx_word' id='word_1_334' title='bbox 715 2747 1025 2801; x_wconf 83' lang='lat' dir='ltr'>Megarensibus</span> <span class='ocrx_word' id='word_1_335' title='bbox 1047 2747 1257 2788; x_wconf 87' lang='lat' dir='ltr'>nonnullis</span> <span class='ocrx_word' id='word_1_336' title='bbox 1289 2748 1332 2788; x_wconf 92' lang='lat' dir='ltr'>in</span> 
     </span>
     <span class='ocr_line' id='line_1_42' title="bbox 100 2808 1330 2869; baseline -0.003 -14"><span class='ocrx_word' id='word_1_337' title='bbox 100 2829 247 2869; x_wconf 86' lang='lat' dir='ltr'>aquam</span> <span class='ocrx_word' id='word_1_338' title='bbox 270 2813 458 2854; x_wconf 89' lang='lat' dir='ltr'>detrusos</span> <span class='ocrx_word' id='word_1_339' title='bbox 480 2812 663 2867; x_wconf 86' lang='lat' dir='ltr'>periisse.</span> <span class='ocrx_word' id='word_1_340' title='bbox 687 2809 811 2851; x_wconf 88' lang='lat' dir='ltr'>Haud</span> <span class='ocrx_word' id='word_1_341' title='bbox 833 2818 943 2850; x_wconf 91' lang='lat' dir='ltr'>recte</span> <span class='ocrx_word' id='word_1_342' title='bbox 964 2809 1165 2851; x_wconf 78' lang='lat' dir='ltr'>Mullerus</span> <span class='ocrx_word' id='word_1_343' title='bbox 1190 2808 1204 2866; x_wconf 96' lang='lat'>(</span> <span class='ocrx_word' id='word_1_344' title='bbox 1228 2813 1330 2851; x_wconf 84' lang='lat' dir='ltr'>Dor.</span> 
     </span>
     <span class='ocr_line' id='line_1_43' title="bbox 99 2872 1333 2932; baseline -0.003 -16"><span class='ocrx_word' id='word_1_345' title='bbox 99 2878 155 2926; x_wconf 91' lang='grc' dir='ltr'>ΙΙ,</span> <span class='ocrx_word' id='word_1_346' title='bbox 175 2891 218 2931; x_wconf 94' lang='lat' dir='ltr'>p.</span> <span class='ocrx_word' id='word_1_347' title='bbox 241 2877 321 2925; x_wconf 83' lang='lat'>432</span> <span class='ocrx_word' id='word_1_348' title='bbox 351 2874 385 2932; x_wconf 87' lang='lat'>),</span> <span class='ocrx_word' id='word_1_349' title='bbox 408 2874 669 2929; x_wconf 88' lang='lat' dir='ltr'>Theopompi</span> <span class='ocrx_word' id='word_1_350' title='bbox 692 2873 933 2923; x_wconf 87' lang='lat' dir='ltr'>immemor,</span> <span class='ocrx_word' id='word_1_351' title='bbox 971 2887 1037 2927; x_wconf 88' lang='lat' dir='ltr'>ap.</span> <span class='ocrx_word' id='word_1_352' title='bbox 1066 2872 1333 2913; x_wconf 84' lang='lat' dir='ltr'>Plutarchum</span> 
     </span>
     <span class='ocr_line' id='line_1_44' title="bbox 100 2935 1333 2994; baseline -0.003 -15"><span class='ocrx_word' id='word_1_353' title='bbox 100 2954 175 2994; x_wconf 85' lang='lat' dir='ltr'>pro</span> <span class='ocrx_word' id='word_1_354' title='bbox 199 2939 236 2981; x_wconf 79' lang='grc' dir='ltr'>ἐν</span> <span class='ocrx_word' id='word_1_355' title='bbox 261 2938 450 2994; x_wconf 73' lang='grc' dir='ltr'>Αἰγείροις</span> <span class='ocrx_word' id='word_1_356' title='bbox 472 2937 595 2978; x_wconf 87' lang='lat' dir='ltr'>scribi</span> <span class='ocrx_word' id='word_1_357' title='bbox 626 2936 756 2977; x_wconf 86' lang='lat' dir='ltr'>voluit</span> <span class='ocrx_word' id='word_1_358' title='bbox 781 2935 819 2977; x_wconf 83' lang='grc' dir='ltr'>ἐν</span> <span class='ocrx_word' id='word_1_359' title='bbox 851 2935 1109 2990; x_wconf 80' lang='grc' dir='ltr'>Αἰγοσθέναις.</span> <span class='ocrx_word' id='word_1_360' title='bbox 1140 2936 1333 2977; x_wconf 90' lang='lat' dir='ltr'>Ceterum</span> 
     </span>
     <span class='ocr_line' id='line_1_45' title="bbox 100 2996 1330 3056; baseline -0.002 -15"><span class='ocrx_word' id='word_1_361' title='bbox 100 3001 209 3042; x_wconf 84' lang='lat' dir='ltr'>lacus</span> <span class='ocrx_word' id='word_1_362' title='bbox 227 3003 292 3043; x_wconf 91' lang='lat' dir='ltr'>ille</span> <span class='ocrx_word' id='word_1_363' title='bbox 313 3001 411 3053; x_wconf 64' lang='lat' dir='ltr'>est-52</span> <span class='ocrx_word' id='word_1_364' title='bbox 430 2996 626 3056; x_wconf 67' lang='grc' dir='ltr'>Γοργῶπις</span> <span class='ocrx_word' id='word_1_365' title='bbox 646 3000 784 3055; x_wconf 81' lang='grc' dir='ltr'>λίμνη,</span> <span class='ocrx_word' id='word_1_366' title='bbox 802 3014 928 3054; x_wconf 91' lang='lat' dir='ltr'>quam</span> <span class='ocrx_word' id='word_1_367' title='bbox 948 2999 1163 3054; x_wconf 87' lang='lat' dir='ltr'>AEschylus</span> <span class='ocrx_word' id='word_1_368' title='bbox 1184 3000 1330 3053; x_wconf 87' lang='lat' dir='ltr'>Agam.</span> 
     </span>
     <span class='ocr_line' id='line_1_46' title="bbox 104 3060 1334 3118; baseline -0.002 -14"><span class='ocrx_word' id='word_1_369' title='bbox 104 3065 182 3118; x_wconf 82' lang='lat'>309</span> <span class='ocrx_word' id='word_1_370' title='bbox 198 3066 304 3105; x_wconf 88' lang='lat' dir='ltr'>inter</span> <span class='ocrx_word' id='word_1_371' title='bbox 315 3065 590 3107; x_wconf 87' lang='lat' dir='ltr'>Cithaeronem</span> <span class='ocrx_word' id='word_1_372' title='bbox 609 3072 650 3104; x_wconf 88' lang='lat' dir='ltr'>et</span> <span class='ocrx_word' id='word_1_373' title='bbox 667 3062 972 3118; x_wconf 89' lang='lat' dir='ltr'>AEgiplanctum</span> <span class='ocrx_word' id='word_1_374' title='bbox 992 3060 1005 3118; x_wconf 92' lang='lat'>(</span> <span class='ocrx_word' id='word_1_375' title='bbox 1025 3063 1202 3102; x_wconf 89' lang='lat' dir='ltr'>Geranei</span> <span class='ocrx_word' id='word_1_376' title='bbox 1216 3076 1334 3102; x_wconf 91' lang='lat' dir='ltr'>mon-</span> 
     </span>
     <span class='ocr_line' id='line_1_47' title="bbox 103 3122 1335 3181; baseline 0 -15"><span class='ocrx_word' id='word_1_377' title='bbox 103 3128 153 3166; x_wconf 89' lang='lat' dir='ltr'>tis</span> <span class='ocrx_word' id='word_1_378' title='bbox 185 3128 393 3177; x_wconf 90' lang='lat' dir='ltr'>verticem,</span> <span class='ocrx_word' id='word_1_379' title='bbox 419 3141 543 3181; x_wconf 90' lang='lat' dir='ltr'>quem</span> <span class='ocrx_word' id='word_1_380' title='bbox 576 3140 690 3166; x_wconf 88' lang='lat' dir='ltr'>mare</span> <span class='ocrx_word' id='word_1_381' title='bbox 719 3123 931 3181; x_wconf 85' lang='lat' dir='ltr'>alluebat)</span> <span class='ocrx_word' id='word_1_382' title='bbox 967 3122 1230 3179; x_wconf 81' lang='lat' dir='ltr'>interjectum</span> <span class='ocrx_word' id='word_1_383' title='bbox 1249 3139 1335 3166; x_wconf 86' lang='lat' dir='ltr'>esse</span> 
     </span>
     <span class='ocr_line' id='line_1_48' title="bbox 105 3187 1334 3242; baseline 0.001 -14"><span class='ocrx_word' id='word_1_384' title='bbox 105 3188 217 3239; x_wconf 88' lang='lat' dir='ltr'>dicit,</span> <span class='ocrx_word' id='word_1_385' title='bbox 255 3191 337 3229; x_wconf 81' lang='lat' dir='ltr'>sive</span> <span class='ocrx_word' id='word_1_386' title='bbox 366 3204 548 3230; x_wconf 86' lang='lat' dir='ltr'>recessus</span> <span class='ocrx_word' id='word_1_387' title='bbox 576 3189 747 3229; x_wconf 90' lang='lat' dir='ltr'>intimus</span> <span class='ocrx_word' id='word_1_388' title='bbox 779 3189 903 3229; x_wconf 84' lang='lat' dir='ltr'>maris</span> <span class='ocrx_word' id='word_1_389' title='bbox 938 3188 1145 3242; x_wconf 88' lang='lat' dir='ltr'>Alcyonii.</span> <span class='ocrx_word' id='word_1_390' title='bbox 1177 3187 1334 3229; x_wconf 89' lang='lat' dir='ltr'>Eadem</span> 
     </span>
     <span class='ocr_line' id='line_1_49' title="bbox 105 3249 1335 3306; baseline 0.001 -17"><span class='ocrx_word' id='word_1_391' title='bbox 105 3252 226 3291; x_wconf 88' lang='lat' dir='ltr'>etiam</span> <span class='ocrx_word' id='word_1_392' title='bbox 244 3250 493 3306; x_wconf 81' lang='grc' dir='ltr'>Ἔσχατιῶτις</span> <span class='ocrx_word' id='word_1_393' title='bbox 506 3251 735 3301; x_wconf 83' lang='lat' dir='ltr'>dicebatur,</span> <span class='ocrx_word' id='word_1_394' title='bbox 751 3250 944 3302; x_wconf 87' lang='grc' dir='ltr'>θαλάσσης</span> <span class='ocrx_word' id='word_1_395' title='bbox 960 3249 1216 3305; x_wconf 86' lang='grc' dir='ltr'>ἀπόσπασμα;</span> <span class='ocrx_word' id='word_1_396' title='bbox 1233 3250 1335 3290; x_wconf 89' lang='lat' dir='ltr'>illud</span> 
     </span>
     <span class='ocr_line' id='line_1_50' title="bbox 108 3312 1336 3367; baseline 0.003 -17"><span class='ocrx_word' id='word_1_397' title='bbox 108 3327 203 3352; x_wconf 78' lang='lat' dir='ltr'>vero</span> <span class='ocrx_word' id='word_1_398' title='bbox 233 3327 383 3354; x_wconf 89' lang='lat' dir='ltr'>nomen</span> <span class='ocrx_word' id='word_1_399' title='bbox 406 3323 525 3355; x_wconf 86' lang='lat' dir='ltr'>nacta</span> <span class='ocrx_word' id='word_1_400' title='bbox 548 3328 634 3354; x_wconf 86' lang='lat' dir='ltr'>csse</span> <span class='ocrx_word' id='word_1_401' title='bbox 653 3313 806 3354; x_wconf 91' lang='lat' dir='ltr'>dicitur</span> <span class='ocrx_word' id='word_1_402' title='bbox 826 3328 850 3354; x_wconf 88' lang='lat' dir='ltr'>a</span> <span class='ocrx_word' id='word_1_403' title='bbox 869 3315 1008 3367; x_wconf 83' lang='lat' dir='ltr'>Gorge</span> <span class='ocrx_word' id='word_1_404' title='bbox 1038 3314 1218 3366; x_wconf 90' lang='lat' dir='ltr'>Megarei</span> <span class='ocrx_word' id='word_1_405' title='bbox 1242 3312 1271 3354; x_wconf 89' lang='lat' dir='ltr'>f.</span> <span class='ocrx_word' id='word_1_406' title='bbox 1295 3322 1336 3354; x_wconf 90' lang='lat' dir='ltr'>et</span> 
     </span>
     <span class='ocr_line' id='line_1_51' title="bbox 108 3375 1332 3431; baseline 0.001 -16"><span class='ocrx_word' id='word_1_407' title='bbox 108 3375 295 3415; x_wconf 88' lang='lat' dir='ltr'>Corinthi</span> <span class='ocrx_word' id='word_1_408' title='bbox 316 3390 460 3417; x_wconf 82' lang='lat' dir='ltr'>uxore.</span> <span class='ocrx_word' id='word_1_409' title='bbox 487 3375 597 3416; x_wconf 88' lang='lat' dir='ltr'>Vide</span> <span class='ocrx_word' id='word_1_410' title='bbox 624 3376 803 3430; x_wconf 86' lang='lat' dir='ltr'>Hesych.</span> <span class='ocrx_word' id='word_1_411' title='bbox 836 3390 877 3416; x_wconf 88' lang='lat' dir='ltr'>v.</span> <span class='ocrx_word' id='word_1_412' title='bbox 905 3376 1022 3431; x_wconf 91' lang='grc' dir='ltr'>Γοργ.</span> <span class='ocrx_word' id='word_1_413' title='bbox 1056 3384 1098 3416; x_wconf 91' lang='lat' dir='ltr'>et</span> <span class='ocrx_word' id='word_1_414' title='bbox 1111 3378 1249 3431; x_wconf 89' lang='lat' dir='ltr'>Etym.</span> <span class='ocrx_word' id='word_1_415' title='bbox 1271 3378 1332 3417; x_wconf 89' lang='lat' dir='ltr'>M.</span> 
     </span>
     <span class='ocr_line' id='line_1_52' title="bbox 107 3437 1335 3494; baseline 0.003 -19"><span class='ocrx_word' id='word_1_416' title='bbox 107 3451 149 3490; x_wconf 88' lang='lat' dir='ltr'>p.</span> <span class='ocrx_word' id='word_1_417' title='bbox 174 3437 360 3486; x_wconf 63' lang='lat'>381‚.32,</span> <span class='ocrx_word' id='word_1_418' title='bbox 379 3438 450 3492; x_wconf 91' lang='lat' dir='ltr'>qui</span> <span class='ocrx_word' id='word_1_419' title='bbox 476 3439 519 3478; x_wconf 93' lang='lat' dir='ltr'>in</span> <span class='ocrx_word' id='word_1_420' title='bbox 545 3438 760 3479; x_wconf 87' lang='lat' dir='ltr'>Corinthia</span> <span class='ocrx_word' id='word_1_421' title='bbox 779 3438 841 3478; x_wconf 88' lang='lat' dir='ltr'>vel</span> <span class='ocrx_word' id='word_1_422' title='bbox 861 3437 957 3493; x_wconf 83' lang='grc' dir='ltr'>μετὰ</span> <span class='ocrx_word' id='word_1_423' title='bbox 979 3438 1046 3478; x_wconf 75' lang='grc' dir='ltr'>τὸν</span> <span class='ocrx_word' id='word_1_424' title='bbox 1065 3437 1203 3494; x_wconf 75' lang='grc' dir='ltr'>ἰσθμὸν</span> <span class='ocrx_word' id='word_1_425' title='bbox 1223 3453 1335 3479; x_wconf 88' lang='lat' dir='ltr'>mare</span> 
     </span>
     <span class='ocr_line' id='line_1_53' title="bbox 107 3497 1336 3554; baseline 0.004 -17"><span class='ocrx_word' id='word_1_426' title='bbox 107 3497 208 3538; x_wconf 93' lang='lat' dir='ltr'>illud</span> <span class='ocrx_word' id='word_1_427' title='bbox 223 3507 384 3553; x_wconf 91' lang='lat' dir='ltr'>ponunt</span> <span class='ocrx_word' id='word_1_428' title='bbox 403 3513 633 3554; x_wconf 85' lang='lat' dir='ltr'>perperam.</span> <span class='ocrx_word' id='word_1_429' title='bbox 658 3501 743 3541; x_wconf 91' lang='lat' dir='ltr'>Nos</span> <span class='ocrx_word' id='word_1_430' title='bbox 761 3501 888 3554; x_wconf 88' lang='lat' dir='ltr'>igitur</span> <span class='ocrx_word' id='word_1_431' title='bbox 905 3501 986 3541; x_wconf 89' lang='lat' dir='ltr'>hoc</span> <span class='ocrx_word' id='word_1_432' title='bbox 1002 3510 1111 3542; x_wconf 89' lang='lat' dir='ltr'>certe</span> <span class='ocrx_word' id='word_1_433' title='bbox 1139 3503 1249 3542; x_wconf 90' lang='lat' dir='ltr'>nacti</span> <span class='ocrx_word' id='word_1_434' title='bbox 1269 3515 1336 3542; x_wconf 90' lang='lat' dir='ltr'>su-</span> 
     </span>
     <span class='ocr_line' id='line_1_54' title="bbox 110 3561 1335 3617; baseline 0.004 -18"><span class='ocrx_word' id='word_1_435' title='bbox 110 3575 216 3610; x_wconf 91' lang='lat' dir='ltr'>mus,</span> <span class='ocrx_word' id='word_1_436' title='bbox 240 3561 435 3615; x_wconf 85' lang='lat' dir='ltr'>AEgyrum</span> <span class='ocrx_word' id='word_1_437' title='bbox 458 3562 521 3602; x_wconf 87' lang='lat' dir='ltr'>vel</span> <span class='ocrx_word' id='word_1_438' title='bbox 535 3562 705 3617; x_wconf 86' lang='lat' dir='ltr'>AEgyros</span> <span class='ocrx_word' id='word_1_439' title='bbox 724 3562 777 3603; x_wconf 87' lang='lat' dir='ltr'>ad</span> <span class='ocrx_word' id='word_1_440' title='bbox 800 3577 916 3604; x_wconf 88' lang='lat' dir='ltr'>oram</span> <span class='ocrx_word' id='word_1_441' title='bbox 939 3565 1191 3604; x_wconf 87' lang='lat' dir='ltr'>maritimam</span> <span class='ocrx_word' id='word_1_442' title='bbox 1215 3565 1335 3605; x_wconf 87' lang='lat' dir='ltr'>sitam</span> 
     </span>
     <span class='ocr_line' id='line_1_55' title="bbox 109 3624 1333 3677; baseline 0.003 -15"><span class='ocrx_word' id='word_1_443' title='bbox 109 3638 208 3672; x_wconf 91' lang='lat' dir='ltr'>esse,</span> <span class='ocrx_word' id='word_1_444' title='bbox 230 3624 490 3677; x_wconf 88' lang='lat' dir='ltr'>potuisseque</span> <span class='ocrx_word' id='word_1_445' title='bbox 512 3639 556 3664; x_wconf 90' lang='lat' dir='ltr'>n.</span> <span class='ocrx_word' id='word_1_446' title='bbox 593 3624 619 3664; x_wconf 94' lang='lat' dir='ltr'>l.</span> <span class='ocrx_word' id='word_1_447' title='bbox 651 3627 981 3666; x_wconf 89' lang='lat' dir='ltr'>commemorari.</span> <span class='ocrx_word' id='word_1_448' title='bbox 1015 3626 1076 3666; x_wconf 92' lang='lat' dir='ltr'>Ne</span> <span class='ocrx_word' id='word_1_449' title='bbox 1096 3626 1333 3667; x_wconf 86' lang='lat' dir='ltr'>violentiam</span> 
     </span>
     <span class='ocr_line' id='line_1_56' title="bbox 109 3685 1336 3744; baseline 0.004 -20"><span class='ocrx_word' id='word_1_450' title='bbox 109 3685 348 3725; x_wconf 85' lang='lat' dir='ltr'>mutationis</span> <span class='ocrx_word' id='word_1_451' title='bbox 368 3699 520 3739; x_wconf 89' lang='lat' dir='ltr'>crepes,</span> <span class='ocrx_word' id='word_1_452' title='bbox 539 3685 630 3725; x_wconf 88' lang='lat' dir='ltr'>coll.</span> <span class='ocrx_word' id='word_1_453' title='bbox 653 3689 675 3738; x_wconf 69' lang='lat'><strong>5</strong></span> <span class='ocrx_word' id='word_1_454' title='bbox 692 3689 759 3736; x_wconf 84' lang='lat'>42,</span> <span class='ocrx_word' id='word_1_455' title='bbox 778 3686 851 3727; x_wconf 87' lang='lat' dir='ltr'>ubi</span> <span class='ocrx_word' id='word_1_456' title='bbox 871 3686 1002 3727; x_wconf 82' lang='lat' dir='ltr'>codex</span> <span class='ocrx_word' id='word_1_457' title='bbox 1018 3687 1160 3742; x_wconf 82' lang='grc' dir='ltr'>’Άσπρα</span> <span class='ocrx_word' id='word_1_458' title='bbox 1179 3703 1255 3744; x_wconf 85' lang='grc' dir='ltr'>ΡιῸ</span> <span class='ocrx_word' id='word_1_459' title='bbox 1271 3687 1336 3728; x_wconf 74' lang='grc' dir='ltr'>Αἴ-</span> 
     </span>
     <span class='ocr_line' id='line_1_57' title="bbox 110 3763 232 3802; baseline -0.008 -14"><span class='ocrx_word' id='word_1_460' title='bbox 110 3763 232 3802; x_wconf 84' lang='grc' dir='ltr'>γειρα.</span> 
     </span>
    </p>

    <p class='ocr_par' dir='ltr' id='par_1_12' title="bbox 110 3808 1339 4052">
     <span class='ocr_line' id='line_1_58' title="bbox 166 3808 1339 3867; baseline 0.003 -18"><span class='ocrx_word' id='word_1_461' title='bbox 166 3813 188 3862; x_wconf 67' lang='lat'>5</span> <span class='ocrx_word' id='word_1_462' title='bbox 206 3813 272 3858; x_wconf 82' lang='lat'>40.</span> <span class='ocrx_word' id='word_1_463' title='bbox 301 3809 442 3856; x_wconf 83' lang='grc' dir='ltr'>πόλις</span> <span class='ocrx_word' id='word_1_464' title='bbox 467 3808 543 3848; x_wconf 78' lang='grc' dir='ltr'>καὶ</span> <span class='ocrx_word' id='word_1_465' title='bbox 571 3809 614 3849; x_wconf 62' lang='grc' dir='ltr'>ἰε</span> <span class='ocrx_word' id='word_1_466' title='bbox 628 3808 705 3863; x_wconf 64' lang='grc' dir='ltr'>ρὀν</span> <span class='ocrx_word' id='word_1_467' title='bbox 722 3812 789 3862; x_wconf 61' lang='lat' dir='ltr'>[ln.</span> <span class='ocrx_word' id='word_1_468' title='bbox 812 3809 912 3850; x_wconf 78' lang='grc' dir='ltr'>ἐστὶν</span> <span class='ocrx_word' id='word_1_469' title='bbox 931 3810 959 3850; x_wconf 81' lang='grc' dir='ltr'>ἱ.</span> <span class='ocrx_word' id='word_1_470' title='bbox 986 3809 1079 3850; x_wconf 91' lang='lat' dir='ltr'>cod.</span> <span class='ocrx_word' id='word_1_471' title='bbox 1098 3811 1224 3853; x_wconf 88' lang='lat' dir='ltr'>Palat.</span> <span class='ocrx_word' id='word_1_472' title='bbox 1238 3815 1263 3867; x_wconf 80' lang='grc' dir='ltr'>-Η</span> <span class='ocrx_word' id='word_1_473' title='bbox 1282 3836 1339 3843; x_wconf 83' lang='grc'><strong>-</strong></span> 
     </span>
     <span class='ocr_line' id='line_1_59' title="bbox 110 3869 1338 3930; baseline 0.002 -18"><span class='ocrx_word' id='word_1_474' title='bbox 110 3873 319 3925; x_wconf 81' lang='grc' dir='ltr'>Λέχαιον</span> <span class='ocrx_word' id='word_1_475' title='bbox 337 3874 351 3924; x_wconf 90' lang='grc'>]</span> <span class='ocrx_word' id='word_1_476' title='bbox 375 3869 510 3926; x_wconf 77' lang='grc' dir='ltr'>αἴγνον</span> <span class='ocrx_word' id='word_1_477' title='bbox 536 3870 678 3921; x_wconf 88' lang='lat' dir='ltr'>codd.;</span> <span class='ocrx_word' id='word_1_478' title='bbox 699 3871 863 3911; x_wconf 89' lang='lat' dir='ltr'>emend.</span> <span class='ocrx_word' id='word_1_479' title='bbox 894 3873 1154 3924; x_wconf 91' lang='lat' dir='ltr'>Gronovius;</span> <span class='ocrx_word' id='word_1_480' title='bbox 1184 3876 1338 3930; x_wconf 89' lang='lat' dir='ltr'>recepit</span> 
     </span>
     <span class='ocr_line' id='line_1_60' title="bbox 112 3932 1336 3990; baseline 0.002 -16"><span class='ocrx_word' id='word_1_481' title='bbox 112 3934 287 3984; x_wconf 85' lang='lat' dir='ltr'>Gailius;</span> <span class='ocrx_word' id='word_1_482' title='bbox 308 3934 418 3989; x_wconf 81' lang='grc' dir='ltr'>ἅγιον</span> <span class='ocrx_word' id='word_1_483' title='bbox 431 3933 554 3988; x_wconf 81' lang='grc' dir='ltr'>ἽῙρας</span> <span class='ocrx_word' id='word_1_484' title='bbox 573 3933 633 3974; x_wconf 90' lang='lat' dir='ltr'>vel</span> <span class='ocrx_word' id='word_1_485' title='bbox 655 3932 814 3988; x_wconf 76' lang='grc' dir='ltr'>Ἡραῖον</span> <span class='ocrx_word' id='word_1_486' title='bbox 833 3936 973 3984; x_wconf 88' lang='lat' dir='ltr'>Voss.;</span> <span class='ocrx_word' id='word_1_487' title='bbox 990 3936 1099 3990; x_wconf 81' lang='grc' dir='ltr'>ἅγιον</span> <span class='ocrx_word' id='word_1_488' title='bbox 1117 3938 1237 3976; x_wconf 83' lang='lat' dir='ltr'>etiam</span> <span class='ocrx_word' id='word_1_489' title='bbox 1258 3939 1336 3977; x_wconf 84' lang='lat' dir='ltr'>Le-</span> 
     </span>
     <span class='ocr_line' id='line_1_61' title="bbox 114 3995 1333 4052; baseline 0.004 -17"><span class='ocrx_word' id='word_1_490' title='bbox 114 3997 299 4037; x_wconf 87' lang='lat' dir='ltr'>tronnius</span> <span class='ocrx_word' id='word_1_491' title='bbox 316 3995 602 4051; x_wconf 85' lang='lat' dir='ltr'>reponendum</span> <span class='ocrx_word' id='word_1_492' title='bbox 621 3998 801 4052; x_wconf 80' lang='lat' dir='ltr'>putavit,</span> <span class='ocrx_word' id='word_1_493' title='bbox 821 3998 1084 4052; x_wconf 76' lang='lat' dir='ltr'>reposuitque</span> <span class='ocrx_word' id='word_1_494' title='bbox 1108 3999 1333 4040; x_wconf 84' lang='lat' dir='ltr'>Fabricius.</span> 
     </span>
    </p>
   </div>
   <div class='ocr_carea' id='block_1_8' title="bbox 1395 483 2635 1393">
    <p class='ocr_par' dir='ltr' id='par_1_13' title="bbox 1395 483 2630 659">
     <span class='ocr_line' id='line_1_62' title="bbox 1396 483 2629 538; baseline 0.009 -17"><span class='ocrx_word' id='word_1_495' title='bbox 1396 496 1510 522; x_wconf 89' lang='lat' dir='ltr'>mare</span> <span class='ocrx_word' id='word_1_496' title='bbox 1541 483 1620 523; x_wconf 90' lang='lat' dir='ltr'>iter</span> <span class='ocrx_word' id='word_1_497' title='bbox 1654 491 1714 523; x_wconf 91' lang='lat' dir='ltr'>est</span> <span class='ocrx_word' id='word_1_498' title='bbox 1741 497 1818 538; x_wconf 89' lang='lat' dir='ltr'>per</span> <span class='ocrx_word' id='word_1_499' title='bbox 1850 483 2049 524; x_wconf 87' lang='lat' dir='ltr'>isthmum</span> <span class='ocrx_word' id='word_1_500' title='bbox 2080 483 2351 538; x_wconf 87' lang='lat' dir='ltr'>quadraginta</span> <span class='ocrx_word' id='word_1_501' title='bbox 2386 490 2629 536; x_wconf 80' lang='lat' dir='ltr'>stadiorum,</span> 
     </span>
     <span class='ocr_line' id='line_1_63' title="bbox 1395 549 2630 612; baseline 0.009 -23"><span class='ocrx_word' id='word_1_502' title='bbox 1395 550 1502 590; x_wconf 93' lang='lat' dir='ltr'>Tota</span> <span class='ocrx_word' id='word_1_503' title='bbox 1528 549 1616 590; x_wconf 92' lang='lat' dir='ltr'>haec</span> <span class='ocrx_word' id='word_1_504' title='bbox 1644 564 1717 591; x_wconf 88' lang='lat' dir='ltr'>ora</span> <span class='ocrx_word' id='word_1_505' title='bbox 1745 551 1912 591; x_wconf 88' lang='lat' dir='ltr'>sinuosa</span> <span class='ocrx_word' id='word_1_506' title='bbox 1946 559 2022 591; x_wconf 89' lang='lat' dir='ltr'>est.</span> <span class='ocrx_word' id='word_1_507' title='bbox 2078 553 2436 607; x_wconf 88' lang='lat' dir='ltr'>Praeternavigatio</span> <span class='ocrx_word' id='word_1_508' title='bbox 2457 560 2630 612; x_wconf 85' lang='lat' dir='ltr'>regionis</span> 
     </span>
     <span class='ocr_line' id='line_1_64' title="bbox 1397 617 2138 659; baseline 0.001 -1"><span class='ocrx_word' id='word_1_509' title='bbox 1397 617 1711 658; x_wconf 87' lang='lat' dir='ltr'>Corinthiorum</span> <span class='ocrx_word' id='word_1_510' title='bbox 1733 626 1794 658; x_wconf 88' lang='lat' dir='ltr'>est</span> <span class='ocrx_word' id='word_1_511' title='bbox 1814 617 1896 658; x_wconf 91' lang='lat' dir='ltr'>diei</span> <span class='ocrx_word' id='word_1_512' title='bbox 1916 617 2138 659; x_wconf 88' lang='lat' dir='ltr'>dimidiati.</span> 
     </span>
    </p>

    <p class='ocr_par' dir='ltr' id='par_1_14' title="bbox 1395 685 2632 808">
     <span class='ocr_line' id='line_1_65' title="bbox 1453 685 2632 749; baseline 0.01 -25"><span class='ocrx_word' id='word_1_513' title='bbox 1453 687 1524 733; x_wconf 91' lang='lat'>41.</span> <span class='ocrx_word' id='word_1_514' title='bbox 1553 685 1734 725; x_wconf 64' lang='lat' dir='ltr'>s1cxo1v.</span> <span class='ocrx_word' id='word_1_515' title='bbox 1755 686 1854 725; x_wconf 88' lang='lat' dir='ltr'>Post</span> <span class='ocrx_word' id='word_1_516' title='bbox 1872 686 2122 725; x_wconf 91' lang='lat' dir='ltr'>Corinthum</span> <span class='ocrx_word' id='word_1_517' title='bbox 2142 686 2292 741; x_wconf 83' lang='lat' dir='ltr'>Sicyon</span> <span class='ocrx_word' id='word_1_518' title='bbox 2312 690 2467 732; x_wconf 91' lang='lat' dir='ltr'>civitas.</span> <span class='ocrx_word' id='word_1_519' title='bbox 2500 693 2632 749; x_wconf 85' lang='lat' dir='ltr'>Hujus</span> 
     </span>
     <span class='ocr_line' id='line_1_66' title="bbox 1395 751 2045 808; baseline 0 -15"><span class='ocrx_word' id='word_1_520' title='bbox 1395 752 1678 808; x_wconf 89' lang='lat' dir='ltr'>praetervectio</span> <span class='ocrx_word' id='word_1_521' title='bbox 1704 751 1934 793; x_wconf 85' lang='lat' dir='ltr'>stadiorum</span> <span class='ocrx_word' id='word_1_522' title='bbox 1953 766 2045 794; x_wconf 84' lang='lat'>120.</span> 
     </span>
    </p>

    <p class='ocr_par' dir='ltr' id='par_1_15' title="bbox 1397 820 2631 1085">
     <span class='ocr_line' id='line_1_67' title="bbox 1454 820 2631 881; baseline 0.008 -19"><span class='ocrx_word' id='word_1_523' title='bbox 1454 823 1524 869; x_wconf 82' lang='grc'>42.</span> <span class='ocrx_word' id='word_1_524' title='bbox 1549 822 1712 862; x_wconf 70' lang='lat' dir='ltr'>Aoum.</span> <span class='ocrx_word' id='word_1_525' title='bbox 1733 822 1832 861; x_wconf 87' lang='lat' dir='ltr'>Post</span> <span class='ocrx_word' id='word_1_526' title='bbox 1853 820 2071 874; x_wconf 90' lang='lat' dir='ltr'>Sicyonem</span> <span class='ocrx_word' id='word_1_527' title='bbox 2092 828 2154 860; x_wconf 90' lang='lat' dir='ltr'>est</span> <span class='ocrx_word' id='word_1_528' title='bbox 2170 821 2416 866; x_wconf 84' lang='lat' dir='ltr'>Achaeorum</span> <span class='ocrx_word' id='word_1_529' title='bbox 2446 842 2542 881; x_wconf 88' lang='lat' dir='ltr'>gens</span> <span class='ocrx_word' id='word_1_530' title='bbox 2557 862 2567 880; x_wconf 86' lang='lat'>,</span> <span class='ocrx_word' id='word_1_531' title='bbox 2591 832 2631 871; x_wconf 88' lang='lat' dir='ltr'>in</span> 
     </span>
     <span class='ocr_line' id='line_1_68' title="bbox 1398 888 2630 950; baseline 0.008 -21"><span class='ocrx_word' id='word_1_532' title='bbox 1398 903 1478 943; x_wconf 82' lang='lat' dir='ltr'>qua</span> <span class='ocrx_word' id='word_1_533' title='bbox 1497 889 1562 929; x_wconf 88' lang='lat' dir='ltr'>hae</span> <span class='ocrx_word' id='word_1_534' title='bbox 1577 897 1673 929; x_wconf 90' lang='lat' dir='ltr'>sunt</span> <span class='ocrx_word' id='word_1_535' title='bbox 1700 888 1824 929; x_wconf 91' lang='lat' dir='ltr'>urbes</span> <span class='ocrx_word' id='word_1_536' title='bbox 1851 901 1860 929; x_wconf 83' lang='lat' dir='ltr'><strong><em>z</em></strong></span> <span class='ocrx_word' id='word_1_537' title='bbox 1882 888 2068 940; x_wconf 90' lang='lat' dir='ltr'>Pellene,</span> <span class='ocrx_word' id='word_1_538' title='bbox 2098 889 2262 943; x_wconf 86' lang='lat' dir='ltr'>AEgira,</span> <span class='ocrx_word' id='word_1_539' title='bbox 2298 893 2427 947; x_wconf 87' lang='lat' dir='ltr'>AEgae,</span> <span class='ocrx_word' id='word_1_540' title='bbox 2452 897 2630 950; x_wconf 85' lang='lat' dir='ltr'>AEgium,</span> 
     </span>
     <span class='ocr_line' id='line_1_69' title="bbox 1398 956 2630 1021; baseline 0.008 -23"><span class='ocrx_word' id='word_1_541' title='bbox 1398 957 1563 1013; x_wconf 89' lang='lat' dir='ltr'>Rhypes</span> <span class='ocrx_word' id='word_1_542' title='bbox 1576 972 1588 1008; x_wconf 82' lang='lat'>3</span> <span class='ocrx_word' id='word_1_543' title='bbox 1603 965 1644 998; x_wconf 91' lang='lat' dir='ltr'>et</span> <span class='ocrx_word' id='word_1_544' title='bbox 1658 965 1774 999; x_wconf 80' lang='lat' dir='ltr'>extra</span> <span class='ocrx_word' id='word_1_545' title='bbox 1787 956 1942 1003; x_wconf 84' lang='lat' dir='ltr'>Rhium</span> <span class='ocrx_word' id='word_1_546' title='bbox 1956 959 2291 1014; x_wconf 88' lang='lat' dir='ltr'>promontorium</span> <span class='ocrx_word' id='word_1_547' title='bbox 2306 963 2468 1014; x_wconf 85' lang='lat' dir='ltr'>:Patrae‚</span> <span class='ocrx_word' id='word_1_548' title='bbox 2484 967 2630 1021; x_wconf 83' lang='lat' dir='ltr'>Dyme.</span> 
     </span>
     <span class='ocr_line' id='line_1_70' title="bbox 1397 1024 2509 1085; baseline 0.006 -19"><span class='ocrx_word' id='word_1_549' title='bbox 1397 1026 1685 1067; x_wconf 86' lang='lat' dir='ltr'>Praetervectio</span> <span class='ocrx_word' id='word_1_550' title='bbox 1707 1024 1871 1080; x_wconf 85' lang='lat' dir='ltr'>Achajae</span> <span class='ocrx_word' id='word_1_551' title='bbox 1893 1026 2074 1080; x_wconf 91' lang='lat' dir='ltr'>regionis</span> <span class='ocrx_word' id='word_1_552' title='bbox 2090 1035 2151 1067; x_wconf 89' lang='lat' dir='ltr'>est</span> <span class='ocrx_word' id='word_1_553' title='bbox 2172 1027 2399 1070; x_wconf 87' lang='lat' dir='ltr'>stadiorum</span> <span class='ocrx_word' id='word_1_554' title='bbox 2415 1046 2509 1085; x_wconf 89' lang='lat'>700.</span> 
     </span>
    </p>

    <p class='ocr_par' dir='ltr' id='par_1_16' title="bbox 1398 1093 2635 1393">
     <span class='ocr_line' id='line_1_71' title="bbox 1413 1093 2632 1155; baseline 0.008 -22"><span class='ocrx_word' id='word_1_555' title='bbox 1413 1118 1420 1124; x_wconf 92' lang='lat'><strong>·</strong></span> <span class='ocrx_word' id='word_1_556' title='bbox 1453 1095 1524 1143; x_wconf 85' lang='lat'>43.</span> <span class='ocrx_word' id='word_1_557' title='bbox 1548 1095 1664 1135; x_wconf 78' lang='lat' dir='ltr'>Eus.</span> <span class='ocrx_word' id='word_1_558' title='bbox 1689 1096 1788 1135; x_wconf 85' lang='lat' dir='ltr'>Post</span> <span class='ocrx_word' id='word_1_559' title='bbox 1815 1093 1988 1135; x_wconf 86' lang='lat' dir='ltr'>Achaeos</span> <span class='ocrx_word' id='word_1_560' title='bbox 2009 1102 2069 1135; x_wconf 90' lang='lat' dir='ltr'>est</span> <span class='ocrx_word' id='word_1_561' title='bbox 2094 1094 2178 1135; x_wconf 92' lang='lat' dir='ltr'>Elis</span> <span class='ocrx_word' id='word_1_562' title='bbox 2198 1097 2312 1149; x_wconf 87' lang='lat' dir='ltr'>regio</span> <span class='ocrx_word' id='word_1_563' title='bbox 2327 1128 2338 1147; x_wconf 94' lang='lat'>,</span> <span class='ocrx_word' id='word_1_564' title='bbox 2370 1099 2572 1155; x_wconf 88' lang='lat' dir='ltr'>urbesque</span> <span class='ocrx_word' id='word_1_565' title='bbox 2592 1105 2632 1143; x_wconf 90' lang='lat' dir='ltr'>in</span> 
     </span>
     <span class='ocr_line' id='line_1_72' title="bbox 1399 1154 2631 1215; baseline 0.007 -21"><span class='ocrx_word' id='word_1_566' title='bbox 1399 1169 1447 1195; x_wconf 87' lang='lat' dir='ltr'>ea</span> <span class='ocrx_word' id='word_1_567' title='bbox 1467 1163 1565 1195; x_wconf 88' lang='lat' dir='ltr'>sunt</span> <span class='ocrx_word' id='word_1_568' title='bbox 1585 1154 1649 1194; x_wconf 90' lang='lat' dir='ltr'>hae</span> <span class='ocrx_word' id='word_1_569' title='bbox 1671 1167 1681 1195; x_wconf 76' lang='grc' dir='ltr'>ε</span> <span class='ocrx_word' id='word_1_570' title='bbox 1716 1154 1882 1210; x_wconf 92' lang='lat' dir='ltr'>Cyllene</span> <span class='ocrx_word' id='word_1_571' title='bbox 1906 1169 2004 1195; x_wconf 88' lang='lat' dir='ltr'>cum</span> <span class='ocrx_word' id='word_1_572' title='bbox 2031 1155 2172 1210; x_wconf 87' lang='lat' dir='ltr'>portu,</span> <span class='ocrx_word' id='word_1_573' title='bbox 2193 1164 2234 1196; x_wconf 90' lang='lat' dir='ltr'>et</span> <span class='ocrx_word' id='word_1_574' title='bbox 2255 1157 2404 1198; x_wconf 89' lang='lat' dir='ltr'>fluvius</span> <span class='ocrx_word' id='word_1_575' title='bbox 2426 1160 2631 1215; x_wconf 82' lang='lat' dir='ltr'>Alpheus3</span> 
     </span>
     <span class='ocr_line' id='line_1_73' title="bbox 1399 1214 2634 1272; baseline 0.007 -17"><span class='ocrx_word' id='word_1_576' title='bbox 1399 1224 1459 1256; x_wconf 87' lang='lat' dir='ltr'>est</span> <span class='ocrx_word' id='word_1_577' title='bbox 1481 1216 1604 1256; x_wconf 88' lang='lat' dir='ltr'>etiam</span> <span class='ocrx_word' id='word_1_578' title='bbox 1627 1214 1752 1255; x_wconf 87' lang='lat' dir='ltr'>altera</span> <span class='ocrx_word' id='word_1_579' title='bbox 1774 1230 1824 1255; x_wconf 83' lang='lat' dir='ltr'>ex</span> <span class='ocrx_word' id='word_1_580' title='bbox 1846 1215 2035 1270; x_wconf 91' lang='lat' dir='ltr'>pluribus</span> <span class='ocrx_word' id='word_1_581' title='bbox 2052 1215 2216 1272; x_wconf 92' lang='lat' dir='ltr'>oppidis</span> <span class='ocrx_word' id='word_1_582' title='bbox 2236 1219 2411 1260; x_wconf 75' lang='lat' dir='ltr'>conflata</span> <span class='ocrx_word' id='word_1_583' title='bbox 2430 1222 2530 1262; x_wconf 90' lang='lat' dir='ltr'>urbs</span> <span class='ocrx_word' id='word_1_584' title='bbox 2551 1223 2634 1264; x_wconf 91' lang='lat' dir='ltr'>Elis</span> 
     </span>
     <span class='ocr_line' id='line_1_74' title="bbox 1398 1274 2635 1335; baseline 0.006 -21"><span class='ocrx_word' id='word_1_585' title='bbox 1398 1275 1443 1316; x_wconf 90' lang='lat' dir='ltr'>in</span> <span class='ocrx_word' id='word_1_586' title='bbox 1463 1274 1790 1316; x_wconf 54' lang='lat' dir='ltr'>mediterraneis</span> <span class='ocrx_word' id='word_1_587' title='bbox 1823 1277 1933 1316; x_wconf 93' lang='lat' dir='ltr'>Huic</span> <span class='ocrx_word' id='word_1_588' title='bbox 1954 1277 2114 1331; x_wconf 84' lang='lat' dir='ltr'>regioni</span> <span class='ocrx_word' id='word_1_589' title='bbox 2130 1286 2191 1318; x_wconf 89' lang='lat' dir='ltr'>est</span> <span class='ocrx_word' id='word_1_590' title='bbox 2207 1279 2393 1332; x_wconf 89' lang='lat' dir='ltr'>opposita</span> <span class='ocrx_word' id='word_1_591' title='bbox 2405 1282 2635 1335; x_wconf 87' lang='lat' dir='ltr'>Zacynthus</span> 
     </span>
     <span class='ocr_line' id='line_1_75' title="bbox 1398 1334 2634 1393; baseline 0.005 -17"><span class='ocrx_word' id='word_1_592' title='bbox 1398 1334 1546 1384; x_wconf 90' lang='lat' dir='ltr'>insula,</span> <span class='ocrx_word' id='word_1_593' title='bbox 1564 1335 1608 1375; x_wconf 92' lang='lat' dir='ltr'>in</span> <span class='ocrx_word' id='word_1_594' title='bbox 1623 1349 1704 1388; x_wconf 88' lang='lat' dir='ltr'>qua</span> <span class='ocrx_word' id='word_1_595' title='bbox 1722 1335 1822 1375; x_wconf 89' lang='lat' dir='ltr'>urbs</span> <span class='ocrx_word' id='word_1_596' title='bbox 1841 1350 1937 1376; x_wconf 90' lang='lat' dir='ltr'>cum</span> <span class='ocrx_word' id='word_1_597' title='bbox 1955 1345 2097 1391; x_wconf 79' lang='lat' dir='ltr'>portU.</span> <span class='ocrx_word' id='word_1_598' title='bbox 2157 1339 2515 1393; x_wconf 85' lang='lat' dir='ltr'>Praeternavigatio</span> <span class='ocrx_word' id='word_1_599' title='bbox 2537 1357 2634 1382; x_wconf 87' lang='lat' dir='ltr'>vero</span> 
     </span>
    </p>
   </div>
   <div class='ocr_carea' id='block_1_9' title="bbox 1398 1394 2638 1510">
    <p class='ocr_par' dir='ltr' id='par_1_17' title="bbox 1398 1394 2638 1510">
     <span class='ocr_line' id='line_1_76' title="bbox 1398 1394 2638 1452; baseline 0.006 -17"><span class='ocrx_word' id='word_1_600' title='bbox 1398 1396 1576 1450; x_wconf 85' lang='lat' dir='ltr'>regionis</span> <span class='ocrx_word' id='word_1_601' title='bbox 1597 1394 1793 1436; x_wconf 87' lang='lat' dir='ltr'>Eleorum</span> <span class='ocrx_word' id='word_1_602' title='bbox 1823 1410 1954 1451; x_wconf 90' lang='lat' dir='ltr'>usque</span> <span class='ocrx_word' id='word_1_603' title='bbox 1971 1396 2024 1437; x_wconf 90' lang='lat' dir='ltr'>ad</span> <span class='ocrx_word' id='word_1_604' title='bbox 2047 1399 2343 1452; x_wconf 88' lang='lat' dir='ltr'>Lepreatarum</span> <span class='ocrx_word' id='word_1_605' title='bbox 2373 1400 2562 1441; x_wconf 78' lang='lat' dir='ltr'>terminos</span> <span class='ocrx_word' id='word_1_606' title='bbox 2578 1412 2638 1443; x_wconf 87' lang='lat' dir='ltr'>est</span> 
     </span>
     <span class='ocr_line' id='line_1_77' title="bbox 1399 1455 1754 1510; baseline 0 -12"><span class='ocrx_word' id='word_1_607' title='bbox 1399 1455 1629 1498; x_wconf 91' lang='lat' dir='ltr'>stadiorum</span> <span class='ocrx_word' id='word_1_608' title='bbox 1658 1470 1754 1510; x_wconf 91' lang='lat'>700.</span> 
     </span>
    </p>
   </div>
   <div class='ocr_carea' id='block_1_10' title="bbox 1400 1517 2637 1646">
    <p class='ocr_par' dir='ltr' id='par_1_18' title="bbox 1400 1517 2637 1646">
     <span class='ocr_line' id='line_1_78' title="bbox 1455 1517 2637 1573; baseline 0.003 -15"><span class='ocrx_word' id='word_1_609' title='bbox 1455 1520 1525 1566; x_wconf 90' lang='lat'>44.</span> <span class='ocrx_word' id='word_1_610' title='bbox 1546 1518 1758 1559; x_wconf 72' lang='lat' dir='ltr'>AncAmA.</span> <span class='ocrx_word' id='word_1_611' title='bbox 1779 1518 1877 1558; x_wconf 91' lang='lat' dir='ltr'>Post</span> <span class='ocrx_word' id='word_1_612' title='bbox 1906 1517 2000 1558; x_wconf 91' lang='lat' dir='ltr'>Elin</span> <span class='ocrx_word' id='word_1_613' title='bbox 2023 1519 2210 1573; x_wconf 91' lang='lat' dir='ltr'>sequitur</span> <span class='ocrx_word' id='word_1_614' title='bbox 2227 1519 2419 1561; x_wconf 88' lang='lat' dir='ltr'>Arcadia.</span> <span class='ocrx_word' id='word_1_615' title='bbox 2457 1523 2637 1562; x_wconf 89' lang='lat' dir='ltr'>Pertinet</span> 
     </span>
     <span class='ocr_line' id='line_1_79' title="bbox 1400 1586 2636 1646; baseline 0.004 -19"><span class='ocrx_word' id='word_1_616' title='bbox 1400 1595 1538 1628; x_wconf 88' lang='lat' dir='ltr'>autem</span> <span class='ocrx_word' id='word_1_617' title='bbox 1559 1586 1736 1628; x_wconf 89' lang='lat' dir='ltr'>Arcadia</span> <span class='ocrx_word' id='word_1_618' title='bbox 1759 1601 1784 1627; x_wconf 88' lang='lat' dir='ltr'>a</span> <span class='ocrx_word' id='word_1_619' title='bbox 1804 1594 1941 1627; x_wconf 88' lang='lat' dir='ltr'>tractu</span> <span class='ocrx_word' id='word_1_620' title='bbox 1974 1587 2276 1629; x_wconf 89' lang='lat' dir='ltr'>mediterraneo</span> <span class='ocrx_word' id='word_1_621' title='bbox 2298 1589 2350 1630; x_wconf 87' lang='lat' dir='ltr'>ad</span> <span class='ocrx_word' id='word_1_622' title='bbox 2383 1605 2496 1631; x_wconf 88' lang='lat' dir='ltr'>mare</span> <span class='ocrx_word' id='word_1_623' title='bbox 2527 1591 2636 1646; x_wconf 88' lang='lat' dir='ltr'>apud</span> 
     </span>
    </p>
   </div>
   <div class='ocr_carea' id='block_1_11' title="bbox 1401 1748 2639 4047">
    <p class='ocr_par' dir='ltr' id='par_1_19' title="bbox 1401 1748 2639 3301">
     <span class='ocr_line' id='line_1_80' title="bbox 1404 1748 2636 1805; baseline 0.006 -17"><span class='ocrx_word' id='word_1_624' title='bbox 1404 1752 1668 1804; x_wconf 89' lang='lat' dir='ltr'>Quamquam</span> <span class='ocrx_word' id='word_1_625' title='bbox 1683 1748 1887 1803; x_wconf 90' lang='lat' dir='ltr'>ejusmodi</span> <span class='ocrx_word' id='word_1_626' title='bbox 1916 1750 2095 1805; x_wconf 88' lang='lat' dir='ltr'>epitheta</span> <span class='ocrx_word' id='word_1_627' title='bbox 2123 1765 2147 1791; x_wconf 87' lang='lat' dir='ltr'>a</span> <span class='ocrx_word' id='word_1_628' title='bbox 2169 1765 2284 1791; x_wconf 91' lang='lat' dir='ltr'>more</span> <span class='ocrx_word' id='word_1_629' title='bbox 2306 1754 2483 1792; x_wconf 87' lang='lat' dir='ltr'>auctoris</span> <span class='ocrx_word' id='word_1_630' title='bbox 2508 1757 2636 1796; x_wconf 88' lang='lat' dir='ltr'>nostri</span> 
     </span>
     <span class='ocr_line' id='line_1_81' title="bbox 1403 1812 2633 1867; baseline 0.003 -15"><span class='ocrx_word' id='word_1_631' title='bbox 1403 1812 1535 1853; x_wconf 88' lang='lat' dir='ltr'>aliena</span> <span class='ocrx_word' id='word_1_632' title='bbox 1563 1820 1673 1852; x_wconf 93' lang='lat' dir='ltr'>sunt.</span> <span class='ocrx_word' id='word_1_633' title='bbox 1704 1813 1888 1867; x_wconf 89' lang='lat' dir='ltr'>Neptuni</span> <span class='ocrx_word' id='word_1_634' title='bbox 1916 1813 2117 1867; x_wconf 91' lang='lat' dir='ltr'>templum</span> <span class='ocrx_word' id='word_1_635' title='bbox 2138 1814 2336 1854; x_wconf 84' lang='lat' dir='ltr'>intellexit</span> <span class='ocrx_word' id='word_1_636' title='bbox 2363 1817 2633 1866; x_wconf 89' lang='lat' dir='ltr'>Letronnius‚</span> 
     </span>
     <span class='ocr_line' id='line_1_82' title="bbox 1404 1875 2634 1933; baseline 0.004 -18"><span class='ocrx_word' id='word_1_637' title='bbox 1404 1875 1586 1930; x_wconf 91' lang='lat' dir='ltr'>itemque</span> <span class='ocrx_word' id='word_1_638' title='bbox 1601 1875 1863 1926; x_wconf 90' lang='lat' dir='ltr'>Clauscnius,</span> <span class='ocrx_word' id='word_1_639' title='bbox 1886 1875 1958 1929; x_wconf 94' lang='lat' dir='ltr'>qui</span> <span class='ocrx_word' id='word_1_640' title='bbox 1981 1875 2084 1916; x_wconf 93' lang='lat' dir='ltr'>adeo</span> <span class='ocrx_word' id='word_1_641' title='bbox 2107 1877 2269 1932; x_wconf 89' lang='lat' dir='ltr'>scripsit</span> <span class='ocrx_word' id='word_1_642' title='bbox 2291 1877 2391 1932; x_wconf 74' lang='grc' dir='ltr'>ἱερὸν</span> <span class='ocrx_word' id='word_1_643' title='bbox 2411 1877 2584 1933; x_wconf 77' lang='grc' dir='ltr'>Αἰγεῖον,</span> <span class='ocrx_word' id='word_1_644' title='bbox 2607 1882 2634 1921; x_wconf 93' lang='lat' dir='ltr'>i.</span> 
     </span>
     <span class='ocr_line' id='line_1_83' title="bbox 1403 1936 2638 1993; baseline 0.003 -15"><span class='ocrx_word' id='word_1_645' title='bbox 1403 1952 1441 1978; x_wconf 91' lang='lat' dir='ltr'>e.</span> <span class='ocrx_word' id='word_1_646' title='bbox 1473 1938 1656 1993; x_wconf 88' lang='lat' dir='ltr'>Neptuni</span> <span class='ocrx_word' id='word_1_647' title='bbox 1682 1937 1824 1991; x_wconf 84' lang='lat' dir='ltr'>AEgaei,</span> <span class='ocrx_word' id='word_1_648' title='bbox 1851 1945 1995 1992; x_wconf 89' lang='lat' dir='ltr'>utpote</span> <span class='ocrx_word' id='word_1_649' title='bbox 2021 1936 2232 1979; x_wconf 89' lang='lat' dir='ltr'>undarum</span> <span class='ocrx_word' id='word_1_650' title='bbox 2253 1940 2451 1980; x_wconf 89' lang='lat' dir='ltr'>numinis.</span> <span class='ocrx_word' id='word_1_651' title='bbox 2483 1940 2562 1981; x_wconf 88' lang='lat' dir='ltr'>Sed</span> <span class='ocrx_word' id='word_1_652' title='bbox 2591 1951 2638 1982; x_wconf 88' lang='lat' dir='ltr'>ut</span> 
     </span>
     <span class='ocr_line' id='line_1_84' title="bbox 1402 1998 2637 2056; baseline 0.003 -16"><span class='ocrx_word' id='word_1_653' title='bbox 1402 2001 1565 2042; x_wconf 73' lang='lat' dir='ltr'>mittam</span> <span class='ocrx_word' id='word_1_654' title='bbox 1580 1999 1729 2056; x_wconf 80' lang='grc' dir='ltr'>αἰγεῗον</span> <span class='ocrx_word' id='word_1_655' title='bbox 1746 1998 1848 2040; x_wconf 89' lang='lat' dir='ltr'>illud</span> <span class='ocrx_word' id='word_1_656' title='bbox 1874 2014 1925 2040; x_wconf 84' lang='lat' dir='ltr'>ex</span> <span class='ocrx_word' id='word_1_657' title='bbox 1939 2000 2201 2055; x_wconf 88' lang='lat' dir='ltr'>mythologiae</span> <span class='ocrx_word' id='word_1_658' title='bbox 2215 2002 2493 2056; x_wconf 90' lang='lat' dir='ltr'>penetralibus</span> <span class='ocrx_word' id='word_1_659' title='bbox 2507 2018 2637 2044; x_wconf 84' lang='lat' dir='ltr'>arces-</span> 
     </span>
     <span class='ocr_line' id='line_1_85' title="bbox 1403 2061 2637 2118; baseline 0.003 -16"><span class='ocrx_word' id='word_1_660' title='bbox 1403 2063 1551 2113; x_wconf 91' lang='lat' dir='ltr'>situm,</span> <span class='ocrx_word' id='word_1_661' title='bbox 1577 2063 1749 2103; x_wconf 91' lang='lat' dir='ltr'>omnino</span> <span class='ocrx_word' id='word_1_662' title='bbox 1779 2062 1884 2103; x_wconf 93' lang='lat' dir='ltr'>nihil</span> <span class='ocrx_word' id='word_1_663' title='bbox 1911 2070 2072 2103; x_wconf 86' lang='lat' dir='ltr'>constat</span> <span class='ocrx_word' id='word_1_664' title='bbox 2092 2061 2144 2103; x_wconf 89' lang='lat' dir='ltr'>dc</span> <span class='ocrx_word' id='word_1_665' title='bbox 2165 2064 2346 2118; x_wconf 89' lang='lat' dir='ltr'>Neptuni</span> <span class='ocrx_word' id='word_1_666' title='bbox 2377 2063 2472 2105; x_wconf 88' lang='lat' dir='ltr'>fano</span> <span class='ocrx_word' id='word_1_667' title='bbox 2501 2065 2543 2104; x_wconf 91' lang='lat' dir='ltr'>in</span> <span class='ocrx_word' id='word_1_668' title='bbox 2562 2066 2637 2106; x_wconf 89' lang='lat' dir='ltr'>hac</span> 
     </span>
     <span class='ocr_line' id='line_1_86' title="bbox 1403 2125 2637 2182; baseline 0.003 -17"><span class='ocrx_word' id='word_1_669' title='bbox 1403 2140 1498 2176; x_wconf 88' lang='lat' dir='ltr'>ora;</span> <span class='ocrx_word' id='word_1_670' title='bbox 1516 2125 1830 2165; x_wconf 73' lang='lat' dir='ltr'>celeberrimum</span> <span class='ocrx_word' id='word_1_671' title='bbox 1843 2125 2028 2179; x_wconf 88' lang='lat' dir='ltr'>Neptuni</span> <span class='ocrx_word' id='word_1_672' title='bbox 2046 2125 2209 2165; x_wconf 90' lang='lat' dir='ltr'>Isthmii</span> <span class='ocrx_word' id='word_1_673' title='bbox 2225 2125 2367 2166; x_wconf 88' lang='lat' dir='ltr'>fanum</span> <span class='ocrx_word' id='word_1_674' title='bbox 2393 2127 2436 2167; x_wconf 92' lang='lat' dir='ltr'>in</span> <span class='ocrx_word' id='word_1_675' title='bbox 2453 2130 2637 2182; x_wconf 86' lang='lat' dir='ltr'>opposita</span> 
     </span>
     <span class='ocr_line' id='line_1_87' title="bbox 1404 2187 2636 2244; baseline 0.002 -17"><span class='ocrx_word' id='word_1_676' title='bbox 1404 2196 1491 2228; x_wconf 91' lang='lat' dir='ltr'>erat</span> <span class='ocrx_word' id='word_1_677' title='bbox 1508 2188 1654 2227; x_wconf 91' lang='lat' dir='ltr'>Isthmi</span> <span class='ocrx_word' id='word_1_678' title='bbox 1674 2195 1804 2242; x_wconf 90' lang='lat' dir='ltr'>parte,</span> <span class='ocrx_word' id='word_1_679' title='bbox 1826 2187 1966 2241; x_wconf 90' lang='lat' dir='ltr'>ibique</span> <span class='ocrx_word' id='word_1_680' title='bbox 1981 2188 2104 2227; x_wconf 85' lang='lat' dir='ltr'>etiam</span> <span class='ocrx_word' id='word_1_681' title='bbox 2122 2202 2147 2228; x_wconf 86' lang='lat' dir='ltr'>a</span> <span class='ocrx_word' id='word_1_682' title='bbox 2163 2189 2316 2238; x_wconf 78' lang='lat' dir='ltr'>Nostro</span> <span class='ocrx_word' id='word_1_683' title='bbox 2334 2187 2373 2243; x_wconf 84' lang='lat'>(§</span> <span class='ocrx_word' id='word_1_684' title='bbox 2389 2188 2457 2244; x_wconf 86' lang='lat'>55)</span> <span class='ocrx_word' id='word_1_685' title='bbox 2482 2205 2636 2230; x_wconf 89' lang='lat' dir='ltr'>memo-</span> 
     </span>
     <span class='ocr_line' id='line_1_88' title="bbox 1402 2248 2636 2305; baseline 0.002 -17"><span class='ocrx_word' id='word_1_686' title='bbox 1402 2257 1533 2289; x_wconf 89' lang='lat' dir='ltr'>ratur.</span> <span class='ocrx_word' id='word_1_687' title='bbox 1558 2250 1649 2289; x_wconf 92' lang='lat' dir='ltr'>Hoc</span> <span class='ocrx_word' id='word_1_688' title='bbox 1668 2257 1805 2289; x_wconf 83' lang='lat' dir='ltr'>autem</span> <span class='ocrx_word' id='word_1_689' title='bbox 1823 2249 1914 2288; x_wconf 89' lang='lat' dir='ltr'>loco</span> <span class='ocrx_word' id='word_1_690' title='bbox 1931 2248 2242 2302; x_wconf 90' lang='lat' dir='ltr'>intelligendum</span> <span class='ocrx_word' id='word_1_691' title='bbox 2264 2258 2325 2290; x_wconf 91' lang='lat' dir='ltr'>est</span> <span class='ocrx_word' id='word_1_692' title='bbox 2343 2250 2542 2305; x_wconf 86' lang='lat' dir='ltr'>templum</span> <span class='ocrx_word' id='word_1_693' title='bbox 2563 2255 2588 2292; x_wconf 94' lang='lat' dir='ltr'><strong>J</strong></span> <span class='ocrx_word' id='word_1_694' title='bbox 2592 2267 2636 2291; x_wconf 92' lang='lat' dir='ltr'>u-</span> 
     </span>
     <span class='ocr_line' id='line_1_89' title="bbox 1402 2311 2635 2368; baseline 0.003 -18"><span class='ocrx_word' id='word_1_695' title='bbox 1402 2312 1524 2350; x_wconf 85' lang='lat' dir='ltr'>nonis</span> <span class='ocrx_word' id='word_1_696' title='bbox 1550 2313 1701 2351; x_wconf 86' lang='lat' dir='ltr'>Acraeae</span> <span class='ocrx_word' id='word_1_697' title='bbox 1727 2311 1770 2350; x_wconf 90' lang='lat' dir='ltr'>in</span> <span class='ocrx_word' id='word_1_698' title='bbox 1798 2311 2087 2365; x_wconf 88' lang='lat' dir='ltr'>promontorio</span> <span class='ocrx_word' id='word_1_699' title='bbox 2109 2312 2379 2365; x_wconf 86' lang='lat' dir='ltr'>cognomine,</span> <span class='ocrx_word' id='word_1_700' title='bbox 2407 2314 2481 2353; x_wconf 89' lang='lat' dir='ltr'>etsi</span> <span class='ocrx_word' id='word_1_701' title='bbox 2501 2314 2635 2368; x_wconf 91' lang='lat' dir='ltr'>ipsum</span> 
     </span>
     <span class='ocr_line' id='line_1_90' title="bbox 1403 2370 2636 2428; baseline 0.003 -16"><span class='ocrx_word' id='word_1_702' title='bbox 1403 2371 1483 2412; x_wconf 90' lang='lat' dir='ltr'>hoc</span> <span class='ocrx_word' id='word_1_703' title='bbox 1506 2387 1659 2413; x_wconf 91' lang='lat' dir='ltr'>nomen</span> <span class='ocrx_word' id='word_1_704' title='bbox 1681 2372 1833 2412; x_wconf 90' lang='lat' dir='ltr'>inferre</span> <span class='ocrx_word' id='word_1_705' title='bbox 1851 2381 1892 2412; x_wconf 92' lang='lat' dir='ltr'>et</span> <span class='ocrx_word' id='word_1_706' title='bbox 1904 2386 1981 2427; x_wconf 93' lang='lat' dir='ltr'>pro</span> <span class='ocrx_word' id='word_1_707' title='bbox 2001 2370 2136 2427; x_wconf 77' lang='grc' dir='ltr'>αἶ’γνον</span> <span class='ocrx_word' id='word_1_708' title='bbox 2156 2374 2359 2426; x_wconf 91' lang='lat' dir='ltr'>corrigere</span> <span class='ocrx_word' id='word_1_709' title='bbox 2382 2373 2540 2428; x_wconf 76' lang='grc' dir='ltr'>ἀκραΐον</span> <span class='ocrx_word' id='word_1_710' title='bbox 2558 2377 2575 2428; x_wconf 83' lang='grc'>&lt;</span> <span class='ocrx_word' id='word_1_711' title='bbox 2590 2386 2636 2417; x_wconf 89' lang='lat' dir='ltr'>ut</span> 
     </span>
     <span class='ocr_line' id='line_1_91' title="bbox 1401 2439 2634 2494; baseline 0.003 -14"><span class='ocrx_word' id='word_1_712' title='bbox 1401 2439 1601 2480; x_wconf 73' lang='lat' dir='ltr'>Mullerus</span> <span class='ocrx_word' id='word_1_713' title='bbox 1621 2442 1725 2479; x_wconf 85' lang='lat' dir='ltr'>Dor.</span> <span class='ocrx_word' id='word_1_714' title='bbox 1752 2441 1809 2489; x_wconf 92' lang='lat' dir='ltr'>II,</span> <span class='ocrx_word' id='word_1_715' title='bbox 1833 2453 1876 2494; x_wconf 90' lang='lat' dir='ltr'>p.</span> <span class='ocrx_word' id='word_1_716' title='bbox 1909 2439 1990 2487; x_wconf 84' lang='lat'>432</span> <span class='ocrx_word' id='word_1_717' title='bbox 2015 2440 2247 2493; x_wconf 89' lang='lat' dir='ltr'>proponit)</span> <span class='ocrx_word' id='word_1_718' title='bbox 2276 2440 2496 2482; x_wconf 90' lang='lat' dir='ltr'>noluerim.</span> <span class='ocrx_word' id='word_1_719' title='bbox 2528 2443 2634 2485; x_wconf 85' lang='lat' dir='ltr'>Sim-</span> 
     </span>
     <span class='ocr_line' id='line_1_92' title="bbox 1402 2499 2633 2557; baseline 0.002 -15"><span class='ocrx_word' id='word_1_720' title='bbox 1402 2501 1496 2557; x_wconf 84' lang='lat' dir='ltr'>plex</span> <span class='ocrx_word' id='word_1_721' title='bbox 1515 2501 1616 2557; x_wconf 75' lang='grc' dir='ltr'>ἷερὸν</span> <span class='ocrx_word' id='word_1_722' title='bbox 1633 2500 1896 2551; x_wconf 85' lang='lat' dir='ltr'>vocabulum,</span> <span class='ocrx_word' id='word_1_723' title='bbox 1910 2500 2022 2541; x_wconf 86' lang='lat' dir='ltr'>nulla</span> <span class='ocrx_word' id='word_1_724' title='bbox 2037 2499 2194 2555; x_wconf 86' lang='lat' dir='ltr'>adjecta</span> <span class='ocrx_word' id='word_1_725' title='bbox 2207 2502 2418 2543; x_wconf 90' lang='lat' dir='ltr'>mentione</span> <span class='ocrx_word' id='word_1_726' title='bbox 2434 2505 2633 2554; x_wconf 90' lang='lat' dir='ltr'>numinis,</span> 
     </span>
     <span class='ocr_line' id='line_1_93' title="bbox 1403 2561 2636 2618; baseline 0.002 -15"><span class='ocrx_word' id='word_1_727' title='bbox 1403 2565 1525 2604; x_wconf 89' lang='lat' dir='ltr'>etiam</span> <span class='ocrx_word' id='word_1_728' title='bbox 1544 2577 1669 2618; x_wconf 90' lang='lat' dir='ltr'>supra</span> <span class='ocrx_word' id='word_1_729' title='bbox 1686 2561 1866 2603; x_wconf 91' lang='lat' dir='ltr'>vidimus</span> <span class='ocrx_word' id='word_1_730' title='bbox 1885 2563 1902 2614; x_wconf 92' lang='lat'>(</span> <span class='ocrx_word' id='word_1_731' title='bbox 1920 2564 1942 2614; x_wconf 81' lang='lat'>§</span> <span class='ocrx_word' id='word_1_732' title='bbox 1959 2562 2009 2602; x_wconf 82' lang='lat'>35</span> <span class='ocrx_word' id='word_1_733' title='bbox 2030 2564 2063 2615; x_wconf 88' lang='lat'>).</span> <span class='ocrx_word' id='word_1_734' title='bbox 2085 2563 2305 2603; x_wconf 87' lang='lat' dir='ltr'>Lechaeum</span> <span class='ocrx_word' id='word_1_735' title='bbox 2321 2577 2419 2603; x_wconf 88' lang='lat' dir='ltr'>vero</span> <span class='ocrx_word' id='word_1_736' title='bbox 2431 2563 2474 2604; x_wconf 91' lang='lat' dir='ltr'>h.</span> <span class='ocrx_word' id='word_1_737' title='bbox 2497 2564 2527 2606; x_wconf 95' lang='lat' dir='ltr'>l.</span> <span class='ocrx_word' id='word_1_738' title='bbox 2551 2579 2636 2605; x_wconf 89' lang='lat' dir='ltr'>me-</span> 
     </span>
     <span class='ocr_line' id='line_1_94' title="bbox 1403 2624 2637 2680; baseline 0.002 -13"><span class='ocrx_word' id='word_1_739' title='bbox 1403 2635 1612 2667; x_wconf 88' lang='lat' dir='ltr'>moratum</span> <span class='ocrx_word' id='word_1_740' title='bbox 1634 2625 1780 2675; x_wconf 88' lang='lat' dir='ltr'>fuerit,</span> <span class='ocrx_word' id='word_1_741' title='bbox 1797 2626 1858 2665; x_wconf 90' lang='lat' dir='ltr'>uti</span> <span class='ocrx_word' id='word_1_742' title='bbox 1881 2624 1981 2665; x_wconf 87' lang='lat' dir='ltr'>alter</span> <span class='ocrx_word' id='word_1_743' title='bbox 1996 2626 2093 2666; x_wconf 90' lang='lat' dir='ltr'>Cor.</span> <span class='ocrx_word' id='word_1_744' title='bbox 2110 2635 2270 2680; x_wconf 90' lang='lat' dir='ltr'>portus,</span> <span class='ocrx_word' id='word_1_745' title='bbox 2296 2626 2530 2677; x_wconf 75' lang='lat' dir='ltr'>Cenchreae,</span> <span class='ocrx_word' id='word_1_746' title='bbox 2551 2643 2637 2669; x_wconf 91' lang='lat' dir='ltr'>me-</span> 
     </span>
     <span class='ocr_line' id='line_1_95' title="bbox 1403 2686 2638 2742; baseline 0.001 -14"><span class='ocrx_word' id='word_1_747' title='bbox 1403 2696 1590 2728; x_wconf 86' lang='lat' dir='ltr'>moratur</span> <span class='ocrx_word' id='word_1_748' title='bbox 1602 2690 1623 2740; x_wconf 84' lang='lat'>§</span> <span class='ocrx_word' id='word_1_749' title='bbox 1641 2687 1707 2728; x_wconf 87' lang='lat'>55.</span> <span class='ocrx_word' id='word_1_750' title='bbox 1723 2687 1739 2739; x_wconf 79' lang='grc' dir='ltr'>ΙΙ</span> <span class='ocrx_word' id='word_1_751' title='bbox 1751 2711 1808 2717; x_wconf 86' lang='grc'>-</span> <span class='ocrx_word' id='word_1_752' title='bbox 1820 2686 1836 2728; x_wconf 79' lang='grc' dir='ltr'>ἐ</span> <span class='ocrx_word' id='word_1_753' title='bbox 1849 2701 1867 2726; x_wconf 92' lang='grc' dir='ltr'>ν</span> <span class='ocrx_word' id='word_1_754' title='bbox 1877 2689 1954 2727; x_wconf 75' lang='grc' dir='ltr'>τεῦ</span> <span class='ocrx_word' id='word_1_755' title='bbox 1965 2687 1983 2726; x_wconf 88' lang='grc' dir='ltr'>θ</span> <span class='ocrx_word' id='word_1_756' title='bbox 1995 2702 2012 2727; x_wconf 93' lang='grc' dir='ltr'>ε</span> <span class='ocrx_word' id='word_1_757' title='bbox 2022 2686 2064 2740; x_wconf 84' lang='grc' dir='ltr'>ν]</span> <span class='ocrx_word' id='word_1_758' title='bbox 2083 2688 2191 2727; x_wconf 90' lang='lat' dir='ltr'>Ante</span> <span class='ocrx_word' id='word_1_759' title='bbox 2204 2687 2311 2727; x_wconf 88' lang='lat' dir='ltr'>hanc</span> <span class='ocrx_word' id='word_1_760' title='bbox 2325 2702 2467 2728; x_wconf 86' lang='lat' dir='ltr'>vocem</span> <span class='ocrx_word' id='word_1_761' title='bbox 2483 2688 2574 2742; x_wconf 89' lang='lat' dir='ltr'>vlgo</span> <span class='ocrx_word' id='word_1_762' title='bbox 2590 2691 2638 2729; x_wconf 89' lang='lat' dir='ltr'>ti-</span> 
     </span>
     <span class='ocr_line' id='line_1_96' title="bbox 1405 2748 2631 2804; baseline 0.002 -15"><span class='ocrx_word' id='word_1_763' title='bbox 1405 2749 1516 2790; x_wconf 92' lang='lat' dir='ltr'>tulus</span> <span class='ocrx_word' id='word_1_764' title='bbox 1530 2750 1702 2804; x_wconf 90' lang='lat' dir='ltr'>ponitur</span> <span class='ocrx_word' id='word_1_765' title='bbox 1715 2748 2034 2800; x_wconf 84' lang='grc' dir='ltr'>Πελοπόννησος,</span> <span class='ocrx_word' id='word_1_766' title='bbox 2055 2749 2127 2803; x_wconf 93' lang='lat' dir='ltr'>qui</span> <span class='ocrx_word' id='word_1_767' title='bbox 2150 2749 2194 2788; x_wconf 93' lang='lat' dir='ltr'>in</span> <span class='ocrx_word' id='word_1_768' title='bbox 2213 2748 2307 2790; x_wconf 92' lang='lat' dir='ltr'>cod.</span> <span class='ocrx_word' id='word_1_769' title='bbox 2329 2751 2423 2790; x_wconf 90' lang='lat' dir='ltr'>Par.</span> <span class='ocrx_word' id='word_1_770' title='bbox 2445 2765 2530 2790; x_wconf 91' lang='lat' dir='ltr'>non</span> <span class='ocrx_word' id='word_1_771' title='bbox 2558 2761 2631 2792; x_wconf 87' lang='lat' dir='ltr'>est.</span> 
     </span>
     <span class='ocr_line' id='line_1_97' title="bbox 1406 2809 2639 2867; baseline 0.002 -15"><span class='ocrx_word' id='word_1_772' title='bbox 1406 2811 1470 2852; x_wconf 91' lang='lat' dir='ltr'>Cf.</span> <span class='ocrx_word' id='word_1_773' title='bbox 1493 2813 1667 2867; x_wconf 92' lang='lat' dir='ltr'>Dionys.</span> <span class='ocrx_word' id='word_1_774' title='bbox 1690 2814 1772 2853; x_wconf 91' lang='lat' dir='ltr'>An.</span> <span class='ocrx_word' id='word_1_775' title='bbox 1806 2811 1913 2852; x_wconf 91' lang='lat' dir='ltr'>Hell.</span> <span class='ocrx_word' id='word_1_776' title='bbox 1940 2813 2017 2852; x_wconf 90' lang='lat'>108</span> <span class='ocrx_word' id='word_1_777' title='bbox 2038 2824 2046 2851; x_wconf 89' lang='lat'>:</span> <span class='ocrx_word' id='word_1_778' title='bbox 2078 2809 2278 2851; x_wconf 76' lang='grc' dir='ltr'>Ἐντεῦθεν</span> <span class='ocrx_word' id='word_1_779' title='bbox 2311 2809 2411 2867; x_wconf 84' lang='grc' dir='ltr'>ἀρχὴ</span> <span class='ocrx_word' id='word_1_780' title='bbox 2435 2815 2503 2853; x_wconf 79' lang='grc' dir='ltr'>τοῦ</span> <span class='ocrx_word' id='word_1_781' title='bbox 2519 2813 2639 2854; x_wconf 83' lang='grc' dir='ltr'>Πελο-</span> 
     </span>
     <span class='ocr_line' id='line_1_98' title="bbox 1403 2871 2637 2929; baseline 0.001 -14"><span class='ocrx_word' id='word_1_782' title='bbox 1403 2875 1598 2926; x_wconf 82' lang='grc' dir='ltr'>ποννήσου</span> <span class='ocrx_word' id='word_1_783' title='bbox 1627 2883 1705 2914; x_wconf 92' lang='lat' dir='ltr'>etc.</span> <span class='ocrx_word' id='word_1_784' title='bbox 1735 2874 1751 2925; x_wconf 80' lang='grc' dir='ltr'>Η</span> <span class='ocrx_word' id='word_1_785' title='bbox 1770 2899 1827 2905; x_wconf 84' lang='grc'>-</span> <span class='ocrx_word' id='word_1_786' title='bbox 1848 2873 1967 2929; x_wconf 73' lang='grc' dir='ltr'>πρὸς</span> <span class='ocrx_word' id='word_1_787' title='bbox 1993 2871 2081 2924; x_wconf 82' lang='grc' dir='ltr'>τὴν</span> <span class='ocrx_word' id='word_1_788' title='bbox 2120 2873 2196 2915; x_wconf 75' lang='grc' dir='ltr'>ἐπὶ</span> <span class='ocrx_word' id='word_1_789' title='bbox 2232 2873 2362 2929; x_wconf 78' lang='grc' dir='ltr'>ἡμῶν</span> <span class='ocrx_word' id='word_1_790' title='bbox 2389 2875 2458 2928; x_wconf 80' lang='grc'>6.]</span> <span class='ocrx_word' id='word_1_791' title='bbox 2489 2893 2504 2913; x_wconf 76' lang='grc' dir='ltr'>(ι</span> <span class='ocrx_word' id='word_1_792' title='bbox 2525 2877 2637 2916; x_wconf 88' lang='lat' dir='ltr'>Cette</span> 
     </span>
     <span class='ocr_line' id='line_1_99' title="bbox 1404 2935 2637 2992; baseline 0 -15"><span class='ocrx_word' id='word_1_793' title='bbox 1404 2938 1657 2992; x_wconf 87' lang='lat' dir='ltr'>expression,</span> <span class='ocrx_word' id='word_1_794' title='bbox 1678 2951 1787 2991; x_wconf 93' lang='lat' dir='ltr'>pour</span> <span class='ocrx_word' id='word_1_795' title='bbox 1798 2935 1994 2990; x_wconf 79' lang='lat' dir='ltr'>designer</span> <span class='ocrx_word' id='word_1_796' title='bbox 2006 2936 2042 2976; x_wconf 91' lang='lat' dir='ltr'>le</span> <span class='ocrx_word' id='word_1_797' title='bbox 2062 2935 2168 2990; x_wconf 85' lang='lat' dir='ltr'>golse</span> <span class='ocrx_word' id='word_1_798' title='bbox 2183 2936 2432 2990; x_wconf 85' lang='lat' dir='ltr'>Saronique‚</span> <span class='ocrx_word' id='word_1_799' title='bbox 2452 2951 2637 2977; x_wconf 87' lang='lat' dir='ltr'>annonce</span> 
     </span>
     <span class='ocr_line' id='line_1_100' title="bbox 1404 2999 2639 3053; baseline -0.001 -13"><span class='ocrx_word' id='word_1_800' title='bbox 1404 3014 1512 3040; x_wconf 87' lang='lat' dir='ltr'>assez</span> <span class='ocrx_word' id='word_1_801' title='bbox 1525 2999 1762 3040; x_wconf 88' lang='lat' dir='ltr'>clairement</span> <span class='ocrx_word' id='word_1_802' title='bbox 1773 3013 1830 3039; x_wconf 92' lang='lat' dir='ltr'>un</span> <span class='ocrx_word' id='word_1_803' title='bbox 1842 2999 2061 3040; x_wconf 79' lang='lat' dir='ltr'>Athenien.</span> <span class='ocrx_word' id='word_1_804' title='bbox 2085 3019 2101 3034; x_wconf 81' lang='lat' dir='ltr'>n</span> <span class='ocrx_word' id='word_1_805' title='bbox 2122 3000 2356 3039; x_wconf 79' lang='lat' dir='ltr'>LETRONNE</span> <span class='ocrx_word' id='word_1_806' title='bbox 2373 3013 2415 3053; x_wconf 94' lang='lat' dir='ltr'>p.</span> <span class='ocrx_word' id='word_1_807' title='bbox 2432 3000 2527 3047; x_wconf 80' lang='grc'>243.</span> <span class='ocrx_word' id='word_1_808' title='bbox 2552 3001 2566 3051; x_wconf 80' lang='grc' dir='ltr'>Η</span> <span class='ocrx_word' id='word_1_809' title='bbox 2585 3024 2639 3030; x_wconf 80' lang='lat'>—</span> 
     </span>
     <span class='ocr_line' id='line_1_101' title="bbox 1405 3060 2634 3117; baseline -0.002 -14"><span class='ocrx_word' id='word_1_810' title='bbox 1405 3064 1601 3104; x_wconf 79' lang='grc' dir='ltr'>στάδιοι</span> <span class='ocrx_word' id='word_1_811' title='bbox 1625 3061 1665 3117; x_wconf 84' lang='grc' dir='ltr'>μ’</span> <span class='ocrx_word' id='word_1_812' title='bbox 1682 3065 1697 3116; x_wconf 91' lang='grc'>]</span> <span class='ocrx_word' id='word_1_813' title='bbox 1714 3063 1780 3103; x_wconf 90' lang='lat' dir='ltr'>Sic</span> <span class='ocrx_word' id='word_1_814' title='bbox 1799 3062 1921 3102; x_wconf 90' lang='lat' dir='ltr'>etiam</span> <span class='ocrx_word' id='word_1_815' title='bbox 1936 3062 2081 3102; x_wconf 87' lang='lat' dir='ltr'>Strabo</span> <span class='ocrx_word' id='word_1_816' title='bbox 2102 3063 2137 3111; x_wconf 95' lang='grc' dir='ltr'>Ι,</span> <span class='ocrx_word' id='word_1_817' title='bbox 2163 3075 2206 3115; x_wconf 93' lang='lat' dir='ltr'>p.</span> <span class='ocrx_word' id='word_1_818' title='bbox 2230 3060 2280 3109; x_wconf 89' lang='lat'>54</span> <span class='ocrx_word' id='word_1_819' title='bbox 2297 3069 2337 3101; x_wconf 88' lang='lat' dir='ltr'>et</span> <span class='ocrx_word' id='word_1_820' title='bbox 2352 3062 2566 3114; x_wconf 84' lang='lat' dir='ltr'>Agathem.</span> <span class='ocrx_word' id='word_1_821' title='bbox 2591 3064 2610 3101; x_wconf 91' lang='grc' dir='ltr'>Ι</span> <span class='ocrx_word' id='word_1_822' title='bbox 2625 3093 2634 3110; x_wconf 92' lang='grc'>,</span> 
     </span>
     <span class='ocr_line' id='line_1_102' title="bbox 1407 3123 2637 3178; baseline -0.003 -11"><span class='ocrx_word' id='word_1_823' title='bbox 1407 3127 1445 3167; x_wconf 90' lang='grc'>5.</span> <span class='ocrx_word' id='word_1_824' title='bbox 1470 3126 1678 3168; x_wconf 79' lang='lat' dir='ltr'>Palatinus</span> <span class='ocrx_word' id='word_1_825' title='bbox 1698 3124 1792 3166; x_wconf 89' lang='lat' dir='ltr'>cod.</span> <span class='ocrx_word' id='word_1_826' title='bbox 1819 3126 1991 3174; x_wconf 77' lang='grc' dir='ltr'>στάδιοι;</span> <span class='ocrx_word' id='word_1_827' title='bbox 2014 3125 2057 3164; x_wconf 90' lang='lat' dir='ltr'>in</span> <span class='ocrx_word' id='word_1_828' title='bbox 2077 3125 2205 3165; x_wconf 87' lang='lat' dir='ltr'>Paris.</span> <span class='ocrx_word' id='word_1_829' title='bbox 2228 3137 2357 3178; x_wconf 91' lang='lat' dir='ltr'>quum</span> <span class='ocrx_word' id='word_1_830' title='bbox 2374 3138 2534 3178; x_wconf 88' lang='lat' dir='ltr'>semper</span> <span class='ocrx_word' id='word_1_831' title='bbox 2555 3123 2637 3164; x_wconf 84' lang='lat' dir='ltr'>sere</span> 
     </span>
     <span class='ocr_line' id='line_1_103' title="bbox 1404 3186 2636 3244; baseline -0.005 -15"><span class='ocrx_word' id='word_1_832' title='bbox 1404 3190 1603 3244; x_wconf 85' lang='lat' dir='ltr'>scriptum</span> <span class='ocrx_word' id='word_1_833' title='bbox 1622 3190 1673 3228; x_wconf 88' lang='lat' dir='ltr'>sit</span> <span class='ocrx_word' id='word_1_834' title='bbox 1696 3188 1824 3238; x_wconf 61' lang='lat'>01:028„</span> <span class='ocrx_word' id='word_1_835' title='bbox 1849 3201 1996 3242; x_wconf 86' lang='lat' dir='ltr'>parum</span> <span class='ocrx_word' id='word_1_836' title='bbox 2012 3186 2154 3241; x_wconf 90' lang='lat' dir='ltr'>liquet,</span> <span class='ocrx_word' id='word_1_837' title='bbox 2181 3200 2283 3225; x_wconf 90' lang='lat' dir='ltr'>num</span> <span class='ocrx_word' id='word_1_838' title='bbox 2303 3186 2449 3225; x_wconf 76' lang='grc' dir='ltr'>στάδιοι</span> <span class='ocrx_word' id='word_1_839' title='bbox 2472 3200 2523 3225; x_wconf 84' lang='lat' dir='ltr'>an</span> <span class='ocrx_word' id='word_1_840' title='bbox 2547 3187 2636 3224; x_wconf 85' lang='grc' dir='ltr'>στά-</span> 
     </span>
     <span class='ocr_line' id='line_1_104' title="bbox 1405 3246 2527 3301; baseline -0.005 -9"><span class='ocrx_word' id='word_1_841' title='bbox 1405 3253 1467 3291; x_wconf 82' lang='grc' dir='ltr'>δια</span> <span class='ocrx_word' id='word_1_842' title='bbox 1489 3260 1633 3292; x_wconf 87' lang='lat' dir='ltr'>auctor</span> <span class='ocrx_word' id='word_1_843' title='bbox 1655 3250 1830 3290; x_wconf 86' lang='lat' dir='ltr'>dederit.</span> <span class='ocrx_word' id='word_1_844' title='bbox 1857 3250 1871 3301; x_wconf 77' lang='grc' dir='ltr'>ΙΙ</span> <span class='ocrx_word' id='word_1_845' title='bbox 1891 3274 1948 3280; x_wconf 92' lang='grc'><strong>-</strong></span> <span class='ocrx_word' id='word_1_846' title='bbox 1968 3249 2122 3290; x_wconf 87' lang='grc' dir='ltr'>πάντα</span> <span class='ocrx_word' id='word_1_847' title='bbox 2140 3251 2155 3301; x_wconf 96' lang='grc'>]</span> <span class='ocrx_word' id='word_1_848' title='bbox 2178 3262 2262 3287; x_wconf 91' lang='lat' dir='ltr'>om.</span> <span class='ocrx_word' id='word_1_849' title='bbox 2282 3246 2375 3287; x_wconf 92' lang='lat' dir='ltr'>cod.</span> <span class='ocrx_word' id='word_1_850' title='bbox 2401 3247 2527 3288; x_wconf 87' lang='lat' dir='ltr'>Palat.</span> 
     </span>
    </p>

    <p class='ocr_par' dir='ltr' id='par_1_20' title="bbox 1405 3309 2639 3617">
     <span class='ocr_line' id='line_1_105' title="bbox 1462 3309 2636 3368; baseline -0.005 -13"><span class='ocrx_word' id='word_1_851' title='bbox 1462 3318 1568 3367; x_wconf 82' lang='lat'>§41.</span> <span class='ocrx_word' id='word_1_852' title='bbox 1594 3311 2039 3368; x_wconf 75' lang='grc' dir='ltr'>ταύτης]ταυτῄὀοά.</span> <span class='ocrx_word' id='word_1_853' title='bbox 2060 3313 2074 3364; x_wconf 76' lang='lat' dir='ltr'>ss</span> <span class='ocrx_word' id='word_1_854' title='bbox 2090 3313 2259 3363; x_wconf 70' lang='lat'>—§,42.</span> <span class='ocrx_word' id='word_1_855' title='bbox 2278 3309 2477 3365; x_wconf 76' lang='grc' dir='ltr'>Αἴγειρα</span> <span class='ocrx_word' id='word_1_856' title='bbox 2500 3310 2636 3362; x_wconf 80' lang='grc' dir='ltr'>κτλ.]</span> 
     </span>
     <span class='ocr_line' id='line_1_106' title="bbox 1406 3372 2634 3430; baseline -0.005 -12"><span class='ocrx_word' id='word_1_857' title='bbox 1406 3377 1716 3430; x_wconf 74' lang='grc' dir='ltr'>Οοάἀ.;ἅσπρα,</span> <span class='ocrx_word' id='word_1_858' title='bbox 1733 3374 1897 3430; x_wconf 76' lang='grc' dir='ltr'>αἴγειον,</span> <span class='ocrx_word' id='word_1_859' title='bbox 1915 3374 2073 3429; x_wconf 87' lang='grc' dir='ltr'>αἶγειὰς,</span> <span class='ocrx_word' id='word_1_860' title='bbox 2089 3373 2214 3429; x_wconf 80' lang='grc' dir='ltr'>ῥῦπος,</span> <span class='ocrx_word' id='word_1_861' title='bbox 2230 3372 2455 3429; x_wconf 78' lang='grc' dir='ltr'>ἐξωχερίου;</span> <span class='ocrx_word' id='word_1_862' title='bbox 2471 3373 2634 3413; x_wconf 83' lang='lat' dir='ltr'>emend.</span> 
     </span>
     <span class='ocr_line' id='line_1_107' title="bbox 1405 3436 2639 3493; baseline -0.005 -13"><span class='ocrx_word' id='word_1_863' title='bbox 1405 3442 1528 3480; x_wconf 86' lang='lat' dir='ltr'>Voss.</span> <span class='ocrx_word' id='word_1_864' title='bbox 1547 3439 1721 3480; x_wconf 88' lang='lat' dir='ltr'>Palmer.</span> <span class='ocrx_word' id='word_1_865' title='bbox 1747 3438 1854 3479; x_wconf 87' lang='lat' dir='ltr'>Gail.</span> <span class='ocrx_word' id='word_1_866' title='bbox 1881 3437 2046 3478; x_wconf 79' lang='lat' dir='ltr'>Muller.</span> <span class='ocrx_word' id='word_1_867' title='bbox 2066 3437 2199 3489; x_wconf 83' lang='lat' dir='ltr'>(Dor.</span> <span class='ocrx_word' id='word_1_868' title='bbox 2223 3437 2282 3493; x_wconf 77' lang='lat' dir='ltr'>II,</span> <span class='ocrx_word' id='word_1_869' title='bbox 2303 3449 2345 3490; x_wconf 92' lang='lat' dir='ltr'>p.</span> <span class='ocrx_word' id='word_1_870' title='bbox 2375 3436 2504 3489; x_wconf 85' lang='grc'>432).</span> <span class='ocrx_word' id='word_1_871' title='bbox 2532 3436 2639 3475; x_wconf 80' lang='lat' dir='ltr'>Nota</span> 
     </span>
     <span class='ocr_line' id='line_1_108' title="bbox 1406 3497 2638 3552; baseline -0.005 -10"><span class='ocrx_word' id='word_1_872' title='bbox 1406 3502 1561 3542; x_wconf 90' lang='lat' dir='ltr'>nullam</span> <span class='ocrx_word' id='word_1_873' title='bbox 1578 3502 1697 3541; x_wconf 89' lang='lat' dir='ltr'>Burae</span> <span class='ocrx_word' id='word_1_874' title='bbox 1719 3507 1759 3539; x_wconf 92' lang='lat' dir='ltr'>et</span> <span class='ocrx_word' id='word_1_875' title='bbox 1781 3498 1940 3539; x_wconf 89' lang='lat' dir='ltr'>Helices</span> <span class='ocrx_word' id='word_1_876' title='bbox 1958 3500 2210 3539; x_wconf 88' lang='lat' dir='ltr'>mentionem</span> <span class='ocrx_word' id='word_1_877' title='bbox 2239 3497 2326 3538; x_wconf 89' lang='lat' dir='ltr'>fieri</span> <span class='ocrx_word' id='word_1_878' title='bbox 2342 3528 2353 3548; x_wconf 92' lang='lat'>,</span> <span class='ocrx_word' id='word_1_879' title='bbox 2376 3498 2528 3552; x_wconf 86' lang='lat' dir='ltr'>quippe</span> <span class='ocrx_word' id='word_1_880' title='bbox 2549 3511 2638 3550; x_wconf 80' lang='lat' dir='ltr'>quae</span> 
     </span>
     <span class='ocr_line' id='line_1_109' title="bbox 1406 3562 2239 3617; baseline -0.005 -12"><span class='ocrx_word' id='word_1_881' title='bbox 1406 3564 1584 3605; x_wconf 84' lang='lat' dir='ltr'>auctoris</span> <span class='ocrx_word' id='word_1_882' title='bbox 1604 3563 1732 3603; x_wconf 87' lang='lat' dir='ltr'>nostri</span> <span class='ocrx_word' id='word_1_883' title='bbox 1752 3570 1867 3602; x_wconf 70' lang='lat' dir='ltr'>aetate</span> <span class='ocrx_word' id='word_1_884' title='bbox 1884 3562 2085 3617; x_wconf 67' lang='lat' dir='ltr'>absorptae</span> <span class='ocrx_word' id='word_1_885' title='bbox 2108 3569 2239 3601; x_wconf 83' lang='lat' dir='ltr'>erant.</span> 
     </span>
    </p>

    <p class='ocr_par' dir='ltr' id='par_1_21' title="bbox 1407 3620 2637 3866">
     <span class='ocr_line' id='line_1_110' title="bbox 1464 3620 2634 3679; baseline -0.006 -13"><span class='ocrx_word' id='word_1_886' title='bbox 1464 3630 1485 3679; x_wconf 81' lang='lat'>§</span> <span class='ocrx_word' id='word_1_887' title='bbox 1508 3626 1576 3675; x_wconf 85' lang='lat'>43.</span> <span class='ocrx_word' id='word_1_888' title='bbox 1599 3624 1750 3671; x_wconf 68' lang='grc' dir='ltr'>ἿΙλις</span> <span class='ocrx_word' id='word_1_889' title='bbox 1784 3623 1829 3665; x_wconf 83' lang='grc' dir='ltr'>ἐν</span> <span class='ocrx_word' id='word_1_890' title='bbox 1863 3626 2079 3678; x_wconf 82' lang='grc' dir='ltr'>μεσογ.]</span> <span class='ocrx_word' id='word_1_891' title='bbox 2110 3622 2233 3674; x_wconf 82' lang='grc' dir='ltr'>ἣλιεῖς</span> <span class='ocrx_word' id='word_1_892' title='bbox 2264 3621 2302 3663; x_wconf 76' lang='grc' dir='ltr'>ἓν</span> <span class='ocrx_word' id='word_1_893' title='bbox 2323 3637 2363 3677; x_wconf 82' lang='grc' dir='ltr'>μ.</span> <span class='ocrx_word' id='word_1_894' title='bbox 2391 3620 2501 3669; x_wconf 86' lang='lat' dir='ltr'>cod.;</span> <span class='ocrx_word' id='word_1_895' title='bbox 2529 3635 2634 3660; x_wconf 86' lang='lat' dir='ltr'>corr.</span> 
     </span>
     <span class='ocr_line' id='line_1_111' title="bbox 1407 3684 2636 3739; baseline -0.008 -9"><span class='ocrx_word' id='word_1_896' title='bbox 1407 3692 1640 3738; x_wconf 91' lang='lat' dir='ltr'>Letronne;</span> <span class='ocrx_word' id='word_1_897' title='bbox 1664 3686 1832 3734; x_wconf 83' lang='grc' dir='ltr'>Ἠλείοις</span> <span class='ocrx_word' id='word_1_898' title='bbox 1853 3686 1959 3728; x_wconf 88' lang='lat' dir='ltr'>Gail.</span> <span class='ocrx_word' id='word_1_899' title='bbox 1981 3688 2044 3727; x_wconf 88' lang='lat' dir='ltr'>De</span> <span class='ocrx_word' id='word_1_900' title='bbox 2059 3685 2176 3726; x_wconf 91' lang='lat' dir='ltr'>Elide</span> <span class='ocrx_word' id='word_1_901' title='bbox 2191 3685 2294 3725; x_wconf 90' lang='lat' dir='ltr'>urbe</span> <span class='ocrx_word' id='word_1_902' title='bbox 2308 3692 2401 3739; x_wconf 90' lang='lat' dir='ltr'>post</span> <span class='ocrx_word' id='word_1_903' title='bbox 2422 3684 2523 3723; x_wconf 82' lang='lat' dir='ltr'>bella</span> <span class='ocrx_word' id='word_1_904' title='bbox 2543 3685 2636 3722; x_wconf 86' lang='lat' dir='ltr'>Pcr-</span> 
     </span>
     <span class='ocr_line' id='line_1_112' title="bbox 1408 3746 2637 3805; baseline -0.008 -13"><span class='ocrx_word' id='word_1_905' title='bbox 1408 3753 1491 3792; x_wconf 88' lang='lat' dir='ltr'>sica</span> <span class='ocrx_word' id='word_1_906' title='bbox 1509 3766 1557 3791; x_wconf 85' lang='lat' dir='ltr'>ex</span> <span class='ocrx_word' id='word_1_907' title='bbox 1571 3759 1663 3791; x_wconf 90' lang='lat' dir='ltr'>octo</span> <span class='ocrx_word' id='word_1_908' title='bbox 1680 3751 1793 3805; x_wconf 88' lang='lat' dir='ltr'>pagis</span> <span class='ocrx_word' id='word_1_909' title='bbox 1805 3749 1980 3790; x_wconf 69' lang='lat' dir='ltr'>conflata</span> <span class='ocrx_word' id='word_1_910' title='bbox 1997 3764 2035 3789; x_wconf 90' lang='lat' dir='ltr'>v.</span> <span class='ocrx_word' id='word_1_911' title='bbox 2059 3748 2220 3789; x_wconf 85' lang='lat' dir='ltr'>Strabo.</span> <span class='ocrx_word' id='word_1_912' title='bbox 2234 3749 2352 3795; x_wconf 89' lang='lat' dir='ltr'>VIII,</span> <span class='ocrx_word' id='word_1_913' title='bbox 2373 3760 2415 3800; x_wconf 91' lang='lat' dir='ltr'>p.</span> <span class='ocrx_word' id='word_1_914' title='bbox 2435 3746 2528 3784; x_wconf 74' lang='lat'>336.</span> <span class='ocrx_word' id='word_1_915' title='bbox 2553 3746 2567 3796; x_wconf 78' lang='grc' dir='ltr'>Η</span> <span class='ocrx_word' id='word_1_916' title='bbox 2583 3767 2637 3772; x_wconf 86' lang='grc'>-</span> 
     </span>
     <span class='ocr_line' id='line_1_113' title="bbox 1407 3809 2264 3866; baseline -0.005 -13"><span class='ocrx_word' id='word_1_917' title='bbox 1407 3814 1438 3853; x_wconf 87' lang='lat' dir='ltr'>A</span> <span class='ocrx_word' id='word_1_918' title='bbox 1451 3828 1529 3866; x_wconf 87' lang='grc' dir='ltr'>επρ</span> <span class='ocrx_word' id='word_1_919' title='bbox 1543 3813 1689 3852; x_wconf 71' lang='grc' dir='ltr'>εατῶν</span> <span class='ocrx_word' id='word_1_920' title='bbox 1706 3814 1718 3862; x_wconf 85' lang='grc'><strong>]</strong></span> <span class='ocrx_word' id='word_1_921' title='bbox 1743 3812 1852 3866; x_wconf 78' lang='grc' dir='ltr'>ὅρους</span> <span class='ocrx_word' id='word_1_922' title='bbox 1870 3809 2067 3851; x_wconf 79' lang='lat' dir='ltr'>excidisse</span> <span class='ocrx_word' id='word_1_923' title='bbox 2086 3809 2264 3850; x_wconf 88' lang='lat' dir='ltr'>videtur.</span> 
     </span>
    </p>

    <p class='ocr_par' dir='ltr' id='par_1_22' title="bbox 1408 3865 2637 4047">
     <span class='ocr_line' id='line_1_114' title="bbox 1464 3865 2635 3927; baseline -0.005 -14"><span class='ocrx_word' id='word_1_924' title='bbox 1464 3876 1486 3926; x_wconf 72' lang='lat'><strong>5</strong></span> <span class='ocrx_word' id='word_1_925' title='bbox 1502 3876 1570 3922; x_wconf 93' lang='lat'>44.</span> <span class='ocrx_word' id='word_1_926' title='bbox 1593 3872 1713 3927; x_wconf 83' lang='grc' dir='ltr'>κατὰ</span> <span class='ocrx_word' id='word_1_927' title='bbox 1731 3874 1948 3927; x_wconf 83' lang='grc' dir='ltr'>Λέπρεον</span> <span class='ocrx_word' id='word_1_928' title='bbox 1971 3875 1984 3924; x_wconf 88' lang='lat'>]</span> <span class='ocrx_word' id='word_1_929' title='bbox 2001 3887 2022 3912; x_wconf 93' lang='lat' dir='ltr'>e</span> <span class='ocrx_word' id='word_1_930' title='bbox 2042 3871 2150 3925; x_wconf 85' lang='lat' dir='ltr'>conj.</span> <span class='ocrx_word' id='word_1_931' title='bbox 2168 3870 2304 3919; x_wconf 88' lang='lat' dir='ltr'>Gailii,</span> <span class='ocrx_word' id='word_1_932' title='bbox 2326 3885 2362 3909; x_wconf 84' lang='grc' dir='ltr'>κ.</span> <span class='ocrx_word' id='word_1_933' title='bbox 2382 3865 2553 3919; x_wconf 54' lang='lat' dir='ltr'>Ampio»)</span> <span class='ocrx_word' id='word_1_934' title='bbox 2570 3878 2635 3903; x_wconf 84' lang='lat' dir='ltr'>CO-</span> 
     </span>
     <span class='ocr_line' id='line_1_115' title="bbox 1408 3924 2637 3990; baseline -0.007 -13"><span class='ocrx_word' id='word_1_935' title='bbox 1408 3936 1502 3977; x_wconf 89' lang='lat' dir='ltr'>dex.</span> <span class='ocrx_word' id='word_1_936' title='bbox 1521 3938 1731 3990; x_wconf 30' lang='lat' dir='ltr'>*Lepreum</span> <span class='ocrx_word' id='word_1_937' title='bbox 1756 3936 1920 3988; x_wconf 84' lang='lat' dir='ltr'>(ruinae</span> <span class='ocrx_word' id='word_1_938' title='bbox 1938 3948 2067 3988; x_wconf 88' lang='lat' dir='ltr'>prope</span> <span class='ocrx_word' id='word_1_939' title='bbox 2096 3931 2328 3983; x_wconf 72' lang='lat' dir='ltr'>strovitzi)</span> <span class='ocrx_word' id='word_1_940' title='bbox 2365 3932 2418 3976; x_wconf 90' lang='lat'>40</span> <span class='ocrx_word' id='word_1_941' title='bbox 2449 3924 2586 3965; x_wconf 81' lang='lat' dir='ltr'>stadiis</span> <span class='ocrx_word' id='word_1_942' title='bbox 2614 3939 2637 3964; x_wconf 83' lang='lat' dir='ltr'>a</span> 
     </span>
     <span class='ocr_line' id='line_1_116' title="bbox 1408 3987 2636 4047; baseline -0.011 -9"><span class='ocrx_word' id='word_1_943' title='bbox 1408 3998 1510 4038; x_wconf 83' lang='lat' dir='ltr'>mari</span> <span class='ocrx_word' id='word_1_944' title='bbox 1523 3996 1714 4038; x_wconf 83' lang='lat' dir='ltr'>distabat.</span> <span class='ocrx_word' id='word_1_945' title='bbox 1730 3999 1793 4037; x_wconf 91' lang='lat' dir='ltr'>De</span> <span class='ocrx_word' id='word_1_946' title='bbox 1802 3995 1976 4038; x_wconf 85' lang='lat' dir='ltr'>Arcadia</span> <span class='ocrx_word' id='word_1_947' title='bbox 1987 3995 2036 4035; x_wconf 87' lang='lat' dir='ltr'>ad</span> <span class='ocrx_word' id='word_1_948' title='bbox 2059 4008 2169 4034; x_wconf 87' lang='lat' dir='ltr'>mare</span> <span class='ocrx_word' id='word_1_949' title='bbox 2181 3993 2407 4047; x_wconf 85' lang='lat' dir='ltr'>pertinente</span> <span class='ocrx_word' id='word_1_950' title='bbox 2423 3987 2476 4028; x_wconf 85' lang='lat' dir='ltr'>cs.</span> <span class='ocrx_word' id='word_1_951' title='bbox 2495 3988 2636 4027; x_wconf 87' lang='lat' dir='ltr'>Cicero</span> 
     </span>
    </p>
   </div>
  </div>
 </body>
</html>
