2808 4342
198 247 287 288 2⁰⁴
542 245 585 286 Ο

262 358 322 390 so.
361 339 481 389 Μετὰ
502 338 621 386 δὲτὰ
646 335 867 398 Βαρύγαζα
892 332 1040 385 εὐθέως
1057 335 1086 389 ἡ
1112 331 1295 398 συναφῆς
1315 332 1438 391 ἥκῃ-

204 429 271 475 ρος
295 412 343 456 ἔκ
373 413 447 456 τοῦ
472 407 616 472 βορίου
652 408 708 456 εἷς
737 404 805 449 τὸν
828 402 941 448 νότον
972 401 1254 464 παρεκτείνει·
1273 402 1337 450 διὸ
1362 402 1435 450 καὶ

200 477 496 541 Δαχιναὸἄδης
519 476 707 522 καλεῖται
726 476 752 527 ἡ
776 470 919 533 χώρα·
947 469 1126 532 δάχανος
1142 466 1226 535 γὰρ
1248 473 1438 519 καλεῖται

198 549 222 594 ὁ
238 547 350 599 νότος
367 550 418 607 τῇ
436 547 569 590 αὐτῶν
587 540 774 603 γλώσσῃ.
841 541 882 586 Τ
884 536 1011 595 αύτης
1026 541 1054 595 ἡ
1071 538 1147 600 μὲν
1163 540 1437 604 ὖπερκειμίνη

137 634 159 665 s
199 617 300 680 πρὸς
319 613 517 664 ἀνατολὰς
539 610 750 671 μεσόγειος
773 607 1010 672 ἐμπεριέχει
1042 607 1185 674 χώρας
1214 629 1259 657 τε
1281 609 1440 666 πολλὰς

195 686 267 733 καὶ
287 684 460 746 ἐρήμους
479 680 551 726 καὶ
566 678 641 743 ὅρη
656 678 821 740 μεγάλα
841 678 913 725 καὶ
931 677 1085 742 θηρίων
1100 679 1198 742 γε’νη
1218 680 1438 741 παντοίων,

196 751 421 813 παρδάλεις
447 767 492 795 τε
514 747 585 794 καὶ
604 747 753 811 τίγρεις
776 746 849 794 καὶ
872 746 1098 812 ἐλέφαντας
1116 749 1188 795 καὶ
1211 749 1438 813 δράκοντας

194 818 483 881 ὑπερμεγέθεις
501 818 574 864 καὶ
600 817 826 881 κροκόττας
849 816 920 863 καὶ
940 817 1233 881 κυνοκεφάλων
1263 820 1438 866 πλεῖστα

192 890 289 951 γένη
305 925 318 950 ,
350 888 445 946 ἔθνη
482 907 527 935 τε
560 888 738 935 πλεῖστα
771 888 844 934 καὶ
879 886 1185 951 πολυάνθρωπα
1213 888 1338 951 μέχρι
1364 893 1438 936 τοῦ

129 973 166 1003 ιο
194 959 395 1021 Γάγγους.

257 1046 315 1076 st.
352 1029 449 1076 Τῶν
483 1025 527 1074 δὲ
557 1028 599 1073 ἐν
625 1028 730 1090 αὐτῇ
760 1029 811 1088 τῇ
845 1026 1131 1089 Δαχιναὸάδει
1158 1026 1230 1073 δύο
1266 1025 1355 1072 ἐστὶ
1387 1026 1438 1073 τὰ

198 1097 488 1159 διασημότατα
518 1095 698 1160 ἐμπόρια
714 1131 726 1153 ,
762 1096 957 1143 Παίθανα
978 1095 1053 1156 μὲν
1081 1094 1163 1141 ἀπὸ
1187 1095 1438 1158 Βαρυγᾶζων

194 1167 404 1230 ἀπέχοντα
425 1165 516 1213 ὁδὸν
538 1168 708 1230 ἡμερῶν
733 1164 863 1212 εἴκοσι
894 1166 995 1229 πρὸς
1013 1165 1144 1223 νότον,
1173 1164 1254 1211 ἀπὸ
1277 1165 1321 1212 δὲ
1339 1165 1438 1212 ταύ-

192 1256 266 1294 της
288 1239 343 1290 ὡς
375 1238 540 1299 ἡμερῶν
566 1235 667 1282 δέκα
692 1235 794 1298 πρὸς
824 1234 1030 1291 ἀνατολὴν
1063 1233 1184 1298 ἑτέρα
1210 1234 1328 1287 πόλις
1355 1253 1440 1296 με-

135 1321 170 1349 ι·»
192 1306 315 1368 γίστη
356 1306 559 1370 Τᾶγαρα.
644 1306 887 1366 Κατάγεται
924 1303 966 1351 δὲ
1003 1304 1044 1358 ἐξ
1084 1306 1219 1351 αὐτῶν
1257 1305 1441 1367 πορείαις

193 1375 364 1437 ἁμαξῶν
383 1377 455 1423 καὶ
491 1374 672 1428 ἀνοδίαις
696 1375 909 1436 μεγίσταις
941 1376 996 1427 εἰς
1031 1373 1084 1420 τὰ
1109 1374 1332 1438 Βαρύγαζα
1359 1374 1441 1420 ἀπὸ

191 1445 268 1506 μὲν
293 1446 515 1494 Παιθᾶνων
539 1445 708 1508 ὀνυχίνη
730 1445 841 1491 λιθία
867 1444 1045 1501 πλείστη
1060 1480 1074 1504 ,
1104 1443 1187 1490 ἀπὸ
1227 1443 1269 1490 δὲ
1292 1444 1442 1505 Ταγά-

196 1532 277 1577 ρων
299 1514 451 1562 ὀθόνιον
490 1514 596 1561 πολὺ
625 1515 797 1578 χυδαῖον
834 1513 906 1560 καὶ
933 1513 1126 1560 σινδόνων
1160 1516 1337 1559 παντοῖα
1368 1514 1439 1561 καὶ

192 1584 394 1646 μολόχινα
430 1582 503 1629 καί
535 1602 627 1629 τινα
662 1582 772 1629 ἄλλα
807 1585 987 1636 τοπικῶς
1025 1584 1110 1629 ἐκεῖ
1142 1587 1438 1646 προχωροῦντα

70 1655 77 1662 ”
128 1653 338 1717 ποφορτία
359 1654 441 1699 τῶν
475 1652 831 1717 παραθαλασσίων
868 1655 1026 1715 μερῶν.
1098 1652 1148 1699 Ὀ
1170 1651 1212 1699 δὲ
1246 1652 1338 1706 ὅλος
1357 1671 1438 1699 πα·

192 1721 373 1784 ρᾶπλους
396 1720 520 1785 μέχρι
540 1725 612 1778 τῆς
630 1725 867 1785 Λιμυρικῆς
884 1721 972 1768 ἐστὶ
995 1721 1174 1768 σταδίων
1195 1724 1438 1785 ἑπτακισχι-

190 1791 305 1850 λίων,
327 1793 517 1838 πλεῖστοι
541 1792 584 1838 δὲ
609 1794 664 1844 εἷς
689 1791 905 1853 Αἰγιαλόν.

254 1878 312 1910 52.
350 1860 518 1909 Τοπικὰ
542 1860 585 1907 δὲ
605 1860 785 1924 ἐμπόρια
813 1860 924 1906 κατὰ
941 1859 988 1906 τὸ
1012 1860 1101 1916 ἑξῆς
1120 1860 1292 1921 κείμενα
1316 1860 1437 1907 Ἀκα-

193 2067 258 2108 nis
283 2067 325 2107 in
361 2069 563 2108 Guzemee
596 2078 635 2105 v.
665 2065 811 2105 Ritter.
846 2066 924 2115 VI,
960 2079 1003 2121 p.
1036 2067 1133 2116 603,
1158 2074 1199 2106 et
1224 2065 1277 2107 de
1299 2067 1440 2121 pipere

196 2127 307 2170 idem
326 2128 382 2178 V,
404 2141 447 2183 p.
466 2127 547 2181 439

247 2194 271 2244 S
293 2195 364 2241 50,
382 2189 409 2230 l.
432 2190 475 2231 3.
494 2189 595 2243 Δαχ
608 2203 648 2228 ιν
663 2189 718 2228 αὖ
732 2189 756 2228 ά
771 2189 793 2228 ὃ
806 2204 830 2239 η
845 2189 888 2243 ς]
914 2188 1013 2241 ling.
1035 2190 1223 2230 sanserit.
1242 2188 1440 2231 dakslnin-

189 2252 372 2310 ‹lpatlms
393 2251 406 2306 (
431 2251 461 2292 i.
502 2265 540 2291 e.
574 2264 716 2290 versus
738 2249 956 2291 meridiem
978 2250 1057 2291 iter
1071 2253 1111 2305 );
1143 2252 1314 2308 praerit.
1337 2251 1441 2293 dak-

190 2313 458 2356 kleindbadlaa
470 2331 486 2363 ;
505 2313 677 2368 δάχανος
698 2311 838 2353 reddit
857 2326 1000 2354 vocem
1017 2314 1189 2368 pracrit.
1210 2312 1437 2355 dakkhina.

190 2378 245 2418 V.
273 2379 425 2419 Lassen
443 2377 629 2417 Institut.
654 2374 755 2429 ling.
779 2375 950 2430 praerit.
981 2377 1092 2430 App.
1115 2389 1161 2430 p.
1188 2374 1263 2427 15;
1286 2375 1440 2432 Bensey

191 2439 219 2481 Ι.
241 2439 268 2481 Ι.
289 2453 332 2495 p.
355 2451 432 2493 92;
456 2436 751 2480 Schwanbeck.
771 2436 801 2478 1.
826 2436 855 2479 Ι.
884 2451 928 2493 p.
950 2438 1046 2478 361.
1069 2436 1207 2478 Hodie
1229 2438 1343 2492 regio
1358 2441 1440 2480 De·

191 2502 287 2544 kun.
331 2502 348 2556 ΙΙ
390 2517 431 2556 9.
474 2501 620 2556 μέχρι
655 2503 740 2542 τοῦ
781 2499 999 2556 Γάγγους
1027 2500 1042 2555 ]
1072 2499 1358 2556 πολυάνθρωπα
1393 2500 1441 2543 τὰ

195 2566 309 2621 μέχρι
324 2567 394 2606 τοῦ
416 2564 603 2620 σύνεγγυς
622 2563 737 2616 cod.;
762 2577 844 2604 em.
866 2562 1009 2605 Stuck.

246 2630 368 2680 551,
394 2626 422 2668 l.
453 2640 518 2668 12.
540 2626 758 2667 Παίθανα
783 2625 896 2681 μὲν]
920 2625 1197 2681 ἐπιφαινόμενα
1219 2624 1334 2675 cod.;
1355 2640 1437 2667 em.

190 2689 484 2731 Schwanbeck.
502 2692 602 2731 Mox
620 2704 697 2745 pro
721 2687 797 2731 ἀπὸ
820 2687 1025 2729 Παιθάνων
1042 2687 1175 2728 codex
1195 2686 1270 2729 ἀπὸ
1293 2687 1439 2729 Πλιθά-

194 2768 287 2802 νων,
308 2753 488 2793 confusis
515 2752 642 2794 literis
665 2754 696 2793 Λ
717 2761 758 2793 et
776 2751 823 2793 Α.
845 2752 919 2793 Est
952 2751 1063 2792 enim
1084 2749 1350 2806 §aliwahana
1377 2765 1441 2792 re·

193 2815 325 2869 gionis
342 2815 440 2855 urbs
451 2815 637 2865 celebris,
655 2829 748 2870 quae
764 2822 935 2856 vocatur
953 2813 1052 2868 ling.
1075 2814 1244 2869 praerit.
1269 2812 1443 2854 Paitha-

193 2891 263 2926 na,
281 2876 381 2930 ling.
402 2877 589 2917 sanserit.
611 2876 940 2925 Praekistlcana;
956 2875 1178 2918 Ptolemaeo
1199 2876 1298 2926 vn,
1324 2890 1362 2926 1,
1387 2878 1440 2918 82

187 2946 253 2991 est
290 2939 474 2989 Βαίθανα,
513 2938 710 2993 βασίλειον
743 2937 1074 2994 Σιροπτολεμαίου
1112 2938 1183 2993 (9),
1215 2939 1257 2978 in
1290 2938 1441 2993 quibus

194 3000 286 3058 Σιρο
301 3009 362 3043 est
377 3001 570 3058 praelixus
585 3001 746 3042 nomini
770 3001 941 3056 proprio
958 2999 1101 3040 titulus
1120 3000 1133 3054 (
1155 2999 1217 3039 cri
1232 3002 1437 3053 sanserit„

193 3067 223 3108 i.
248 3079 286 3108 e.
307 3073 473 3107 sanctus
489 3067 532 3118 );
557 3062 671 3119 quod
691 3077 790 3104 vero
817 3062 1005 3117 sequitur
1025 3062 1131 3115 regis
1157 3075 1309 3102 numen
1330 3062 1439 3103 haud

193 3125 321 3168 dubie
342 3124 536 3167 mendam
567 3125 693 3166 traxit
715 3126 732 3178 (
754 3139 793 3166 v.
816 3123 968 3179 Bensey
988 3123 1016 3165 l.
1042 3122 1069 3164 l.
1102 3137 1146 3178 p.
1171 3137 1224 3177 97
1249 3126 1280 3175 ).
1307 3124 1441 3165 Hodie

195 3188 295 3231 urbs
313 3187 477 3244 Python
494 3189 510 3241 (
527 3186 740 3228 Pultanala
756 3201 823 3243 ap.
835 3185 1118 3230 Will‘ordium
1134 3188 1150 3240 )
1165 3184 1217 3227 ad
1235 3185 1441 3228 Godmwi

195 3253 295 3294 ssuv.
331 3266 461 3308 prope
482 3250 815 3303 Ahmednagara.
847 3251 903 3291 V.
928 3247 1134 3292 Wilsord.
1159 3251 1239 3290 As.
1275 3250 1366 3289 Res.
1403 3251 1437 3299 1,

194 3328 237 3370 p.
260 3313 462 3368 369·375.
487 3314 566 3363 IX,
587 3327 630 3370 p.
662 3326 757 3367 ¹99·
778 3311 949 3354 Wilson
972 3309 1211 3353 Mackenzie
1230 3308 1439 3351 collection

194 3378 242 3427 1,
274 3390 318 3432 p.
351 3390 512 3427 cxx1n;
538 3374 771 3417 Vincenti.
796 3374 823 3416 1.
847 3376 914 3426 11,
937 3387 980 3430 p.
1012 3377 1119 3425 [0123
1155 3373 1306 3414 Lmen
1339 3372 1436 3414 Ind.

196 3438 396 3481 Altertla..
413 3440 451 3490 Ι,
468 3452 511 3495 p.
532 3435 933 3494 177;schwanbeck
951 3450 994 3493 p.
1012 3438 1117 3487 3623
1138 3433 1291 3491 Bensey
1305 3448 1347 3491 p.
1367 3449 1436 3490 9⁶²·

198 3501 401 3551 RitterV,
418 3515 461 3556 p.
479 3501 576 3542 513.
595 3503 680 3555 ΙΙ-
697 3501 762 3542 13.
779 3498 1051 3555 ἀπέχοντα]
1069 3495 1338 3554 ἔχονταοοά.;
1354 3511 1436 3539 em.

195 3562 452 3618 Bernhardy.
478 3564 495 3615 ΙΙ
524 3587 581 3594 -
607 3563 672 3604 15.
697 3563 858 3619 Τάγαρα
879 3563 1041 3618 μεγίστη
1072 3559 1230 3612 codex3
1251 3568 1439 3617 transpo-

197 3625 279 3665 suit
299 3624 422 3665 Fabr.
454 3625 698 3666 Ptolemaeus
722 3627 776 3667 ita
801 3639 810 3667 :
831 3626 991 3681 Τάγαρα
1029 3625 1128 3666 118⁰
1149 3623 1261 3678 long.
1285 3633 1357 3678 19⁰
1372 3623 1442 3666 20'

197 3685 287 3738 lat.;
321 3686 492 3727 Batom
520 3695 615 3741 ¹¹7⁰
638 3688 769 3742 long„
810 3692 881 3732 18⁰
906 3691 958 3731 3ο
981 3689 1051 3730 lat.
1077 3689 1173 3730 Haec
1201 3684 1395 3729 distantia
1415 3702 1438 3730 a

196 3748 358 3791 Nostris
379 3748 500 3803 longe
521 3749 647 3790 abest.
668 3751 1015 3793 Schwanbeckius
1035 3751 1300 3793 Ptolemaeum
1316 3763 1391 3792 sua
1415 3765 1439 3793 e

197 3812 348 3854 Nostro
363 3810 557 3853 sumsisse
582 3814 777 3868 opinatur
795 3824 1028 3870 propterea,
1059 3812 1173 3869 quod
1205 3812 1270 3855 ille
1281 3812 1438 3868 ‘ragan

195 3873 315 3929 juxta
332 3868 526 3916 Paethana
545 3874 750 3925 nominat,
767 3876 886 3916 sicuti
906 3878 1069 3917 Noster.
1094 3879 1295 3930 Quaenam
1314 3873 1439 3917 hodie

198 3938 251 3979 sit
269 3936 428 3992 Tagara
462 3934 563 3977 urbs
590 3937 699 3978 inter
721 3944 782 3978 tot
804 3938 1011 3979 interioris
1042 3939 1182 3979 Dok-me
1211 3937 1300 3980 loca
1323 3935 1438 3979 dictu

200 3997 381 4040 difficile.
416 3998 610 4042 wilsord
643 4013 693 4041 ex
726 4014 860 4055 eoque
893 4002 1124 4042 vincemus
1152 4003 1215 4051 11,
1251 4014 1294 4057 p.
1328 3998 1408 4050 4ι3
1423 4031 1435 4051 ,

199 4061 440 4103 Mannertus
461 4062 518 4113 V,
552 4074 590 4114 1,
613 4075 656 4118 p.
682 4062 752 4113 83,
773 4062 954 4103 Ritterus
973 4063 1028 4113 V,
1055 4077 1096 4118 p.
1122 4064 1219 4114 513,
1239 4061 1332 4113 alii,
1349 4075 1436 4104 esse

903 231 1198 280 ’ΔΝΟΝΥΜΙ
1234 230 1540 295 (Annum,
1573 236 1658 288 UT
1687 238 1960 303 mrum

2579 255 2652 310 iao,
2665 251 2743 315 so.)

1557 346 1626 391 50.
1658 349 1788 404 Quod
1809 344 1920 407 poet*
1937 353 2144 410 Barygaza
2161 355 2363 397 continuo
2390 358 2578 413 sequitur
2588 358 2696 416 ¹lituis
2716 353 2743 405 ὃ
2769 414 2771 416 q
2799 358 2808 406 ἑ

1499 412 1627 458 bom
1647 430 1789 460 versus
1817 426 1967 462 notum
1990 420 2254 475 extenditur3
2278 436 2406 479 quare
2441 426 2563 467 etiam
2587 427 2759 487 Baebi-V
2802 445 2808 484 ,³

1500 481 1681 526 mbades
1715 493 1886 529 vocatur
1906 487 2041 544 regim
2073 502 2172 532 nam
2201 490 2423 533 Dachanus
2446 491 2789 549 indigenarum

1500 549 1642 606 lingua
1679 561 1828 595 uotum
1873 554 2090 610 signifieat.
2149 557 2453 603 Mediterranea
2495 575 2587 617 qua}
2626 563 2738 605 litori
2767 485 2808 630 ἲ

1501 618 1763 676 superjacent
1793 621 1944 666 multas
1977 632 2020 667 et
2047 622 2229 668 desertas
2261 628 2477 670 continent
2521 631 2733 684 regiones,
2775 630 2808 685 d

1501 697 1665 731 montes
1684 689 1808 741 altos,
1830 689 2012 734 serarum
2035 706 2184 748 genera
2205 695 2316 736 varia
2330 726 2342 745 ,
2378 703 2426 736 ut
2447 695 2658 751 pardales,
2686 700 2737 741 ti·
2798 700 2808 747 ἰ

1500 769 1614 811 gres,
1633 750 1891 814 elephantes,
1913 768 2123 816 serpentes
2151 762 2267 804 mine
2289 762 2587 816 magnitudinis
2602 797 2613 815 ,
2649 779 2741 809 ero-
2798 751 2808 784 '¹'

1499 831 1652 874 cottas,
1690 826 2068 882 cynocephalorum
2099 829 2266 885 speeies
2286 830 2506 887 plurimas,
2546 832 2742 888 plurimas
2786 835 2799 868 ff

1503 890 1603 932 item
1623 892 2044 950 populosissimasque
2062 904 2203 949 gentes
2226 911 2357 953 usque
2379 897 2433 940 ad
2453 899 2641 955 Gangem
2666 901 2743 944 ssu·
2774 930 2784 937 ,

1503 975 1635 1004 vium.
2782 972 2786 979 ⁴

1562 1034 1629 1076 51.
1659 1035 1709 1076 In
1730 1034 1818 1090 ipsa
1840 1042 1980 1077 autem
1998 1034 2292 1079 Dachinabade
2309 1037 2395 1080 duo
2421 1048 2519 1082 sunt
2536 1054 2622 1097 prae
2639 1050 2743 1084 cete·
2776 1038 2801 1098 J·

1504 1102 1561 1143 ris
1592 1103 1768 1158 insignia
1802 1102 2011 1159 emporia,
2051 1103 2246 1147 Paethana
2259 1135 2272 1157 ,
2295 1119 2321 1148 a
2352 1107 2567 1163 numnis
2601 1111 2744 1165 viginti
2787 1114 2791 1115 ⁷

1503 1171 1669 1213 dierum
1687 1172 1835 1213 itinere
1852 1185 1995 1213 versus
2009 1171 2228 1214 meridiem
2248 1171 2406 1228 dissita,
2426 1185 2468 1220 et
2484 1177 2585 1221 hinc
2601 1178 2744 1221 decem
2795 1226 2799 1227 ⁷

1505 1238 1588 1281 sere
1607 1239 1774 1282 dierum
1794 1240 1859 1281 via
1877 1238 2034 1281 distans
2055 1238 2133 1282 alia
2164 1240 2265 1282 urbs
2287 1243 2469 1286 maxima
2496 1258 2591 1301 quae
2622 1260 2742 1289 voca·
2794 1248 2796 1250 ’

1503 1315 1574 1349 tur
1587 1308 1760 1363 Tagara.
1778 1308 1841 1349 Ex
1860 1305 1925 1348 bis
1940 1307 2136 1363 emporiis
2154 1309 2360 1365 Barygaza
2378 1325 2453 1367 per
2465 1311 2555 1355 loca
2572 1313 2750 1356 maxime
2788 1323 2790 1327 ’

1504 1377 1617 1419 invia
1635 1377 1829 1434 plaustris
1849 1390 2006 1418 meroes
2031 1376 2311 1431 devehuntur,
2333 1381 2538 1424 Paethanis
2569 1382 2750 1440 onyches
2770 1377 2779 1441 5*

1502 1443 1659 1501 lapides
1679 1444 1874 1501 plurimi,
1904 1445 2074 1500 Tagaris
2097 1459 2244 1501 magna
2269 1447 2330 1489 vis
2349 1448 2510 1491 othonii
2545 1449 2746 1506 vulgaris,
2778 1442 2784 1455 '

1510 1512 1737 1554 sindonum
1758 1526 1908 1568 genera
1930 1513 2043 1555 varia
2061 1522 2101 1555 et
2118 1514 2354 1558 molochina
2375 1525 2417 1559 et
2447 1516 2535 1559 aliae
2557 1517 2747 1574 quaedam

1510 1595 1683 1633 merces,
1701 1595 1795 1637 quae
1814 1595 1893 1637 pro
1910 1580 2099 1623 locorum
2121 1583 2282 1624 ratione
2298 1598 2350 1626 ex
2369 1585 2608 1639 regionibus
2624 1587 2747 1628 mari·

1509 1651 1622 1692 timis
1653 1664 1704 1691 eo
1730 1649 2023 1705 importantur.
2083 1650 2286 1692 Universa
2310 1660 2449 1694 autem
2485 1655 2749 1710 praeternavi-

1509 1721 1619 1775 gatio
1637 1718 1832 1776 usquead
1857 1720 2106 1776 Limyricam
2125 1729 2185 1762 est
2204 1723 2352 1777 septies
2374 1722 2484 1764 mille
2504 1722 2748 1775 stadiorum,

1509 1789 1587 1831 alia
1609 1803 1706 1831 vero
1727 1788 1907 1845 plurima
1925 1797 2023 1830 sunt
2049 1788 2101 1830 ad
2120 1789 2340 1844 AEgialum.

1568 1862 1636 1903 52.
1666 1861 1833 1903 Minora
1864 1869 2005 1903 autem
2038 1861 2305 1917 quorundam
2342 1862 2531 1904 locorum
2565 1864 2754 1921 emporia

1510 2073 1656 2122 putant
1666 2065 1859 2118 Deoglu‘r,
1876 2080 1968 2121 quae
1975 2066 2174 2122 principis
2184 2065 2300 2108 sedoe
2309 2074 2396 2108 erat
2405 2081 2535 2123 usque
2542 2082 2611 2110 an.
2627 2069 2750 2123 1293,

1510 2142 1622 2170 nunc
1650 2129 1692 2169 in
1715 2128 1846 2169 ruinis
1860 2126 1969 2183 jaoet
1982 2142 2112 2185 prope
2139 2126 2240 2169 hod.
2259 2127 2530 2169 Doulaeabad
2548 2130 2564 2182 (
2585 2129 2753 2172 Dowlu-
2795 2181 2798 2186 J

1509 2189 1642 2232 zabad
1665 2190 1873 2245 Berghaus
1887 2192 1921 2244 ),
1945 2204 2023 2231 nec
2036 2189 2157 2245 longe
2174 2189 2227 2231 ab
2242 2189 2363 2232 Elore
2389 2191 2481 2233 vieo
2500 2191 2749 2248 templorum
2783 2222 2797 2243 x

1509 2254 1643 2294 ruinis
1667 2251 1821 2308 inclyto
1846 2253 1863 2306 (
1884 2253 1941 2294 V.
1966 2253 2067 2294 Ritt.
2090 2253 2169 2303 vl,
2197 2265 2241 2308 p.
2266 2256 2347 2307 679
2371 2254 2405 2307 ).
2430 2256 2486 2296 At
2501 2254 2536 2296 si
2558 2253 2753 2299 Paetliana
2797 2273 2804 2279 >

1509 2323 1607 2356 sunt
1622 2315 1801 2370 Python,
1825 2314 1984 2369 Tagara
2002 2328 2090 2356 esse
2112 2321 2324 2369 nequeunt
2345 2314 2542 2368 Deagkir,
2570 2324 2642 2358 aut
2656 2315 2754 2360 salse
2778 2332 2791 2359 ’γ

1510 2386 1709 2420 notantur
1737 2376 1965 2418 intervalla.
2003 2377 2111 2419 Cum
2137 2375 2461 2419 Schwanbeckio
2493 2373 2599 2420 nihil
2632 2391 2756 2435 posse

1510 2438 1673 2482 definiri
1697 2453 1860 2481 censeo.
1878 2438 1895 2493 ΙΙ
1917 2463 1974 2471 -
2000 2443 2065 2482 16.
2085 2437 2311 2495 Βαρῦγαζαν
2339 2447 2382 2481 et
2401 2438 2631 2482 Πλινθάνων
2654 2439 2752 2487 eod.
2777 2443 2802 2489 ,ἕ

1514 2502 1530 2556 ΙΙ
1556 2527 1614 2535 —-
1641 2516 1709 2544 21.
1748 2502 1891 2543 σταδ.
1924 2501 2247 2558 ἐπτακισχιλ.
2274 2502 2290 2559 ]
2315 2503 2505 2546 Primum
2528 2484 2802 2561 Limyrioesi

1509 2565 1744 2620 emporium
1792 2563 1900 2606 infra
1953 2563 2108 2606 dicitur
2167 2565 2307 2606 Naura
2322 2595 2334 2616 ,
2393 2579 2506 2607 nunc
2551 2567 2773 2611 nonam
2798 2566 2803 2612 ῗ

1511 2628 1622 2679 (14⁰
1645 2626 1708 2669 16'
1722 2626 1792 2668 lat.
1813 2628 1846 2681 ),
1863 2625 1975 2682 quod
1993 2640 2015 2667 a
2038 2626 2264 2667 Bamaesch
2280 2627 2297 2680 (
2313 2635 2390 2667 21⁰
2405 2625 2502 2682 48')
2520 2626 2625 2670 linea
2643 2636 2769 2674 recta>
2797 2644 2802 2676 1

1509 2688 1633 2730 distat
1652 2688 1736 2730 sere
1751 2688 1862 2738 4500
1873 2687 2025 2739 stadia;
2046 2688 2110 2729 sin
2126 2701 2209 2729 orae
2228 2687 2358 2731 ssexus
2372 2689 2573 2743 sequaris,
2590 2690 2754 2735 circiter
2794 2718 2802 2736 ι

1513 2752 1621 2794 5300
1639 2750 1786 2792 stadia.
1803 2753 1947 2806 Itaque
1961 2750 2112 2806 Peripli
2129 2764 2327 2792 numerus
2347 2765 2372 2792 a
2397 2764 2495 2793 vero
2515 2752 2612 2794 satis
2632 2747 2770 2811 longe*
2791 2768 2797 2805 ζ

1509 2812 1679 2855 recedit.
1703 2825 1813 2867 7000
1831 2811 1961 2854 stadia
1975 2813 2230 2869 pertinerent
2253 2812 2337 2855 scre
2355 2827 2486 2870 usque
2499 2812 2553 2856 ad
2573 2815 2773 2871 addent,
2790 2813 2795 2839 ἶ

1510 2875 1594 2915 sive
1613 2889 1744 2931 usque
1769 2874 1821 2917 ad
1845 2875 1968 2916 finem
1998 2875 2223 2931 Limyrices
2252 2884 2293 2917 et
2317 2876 2481 2918 initium
2509 2878 2625 2934 regui
2646 2879 2764 2923 Pan-1
2795 2916 2797 2921 .

1509 2936 1661 2979 dionis.
1684 2938 1777 2980 Jam
1813 2939 1967 2979 mirum
1996 2946 2057 2979 est
2087 2937 2351 2980 Ptolemaeum
2370 2970 2380 2989 ,
2406 2940 2594 2995 quamvis
2624 2947 2762 2998 syste-
2794 2934 2800 2984 ἦ

1511 3008 1618 3041 mate
1635 3014 1711 3042 suo
1725 3000 1998 3056 geographico
2019 2999 2213 3042 seductus
2232 2998 2487 3043 falsissimam
2500 3000 2632 3044 Indiae
2648 3000 2751 3046 deli·
2798 3009 2804 3040 i

1511 3064 1742 3104 neationem
1795 3062 1972 3114 dederit,
2009 3070 2119 3104 recte
2169 3070 2305 3104 tamen
2353 3076 2484 3119 usque
2528 3062 2580 3105 ad
2624 3063 2766 3109 finem'*
2801 3059 2808 3118 '³

1512 3126 1735 3180 Limyrices
1757 3139 1869 3180 7000
1900 3124 1983 3166 sere
2004 3124 2133 3166 stadia
2156 3132 2410 3181 computare.
2445 3126 2585 3178 Quare
2611 3126 2749 3169 nendo

1509 3200 1560 3227 an
1585 3187 1692 3228 idem
1707 3186 1792 3242 jam
1816 3188 1965 3228 Noster
1986 3188 2188 3237 statuerit,
2209 3194 2250 3227 et
2271 3200 2349 3242 pro
2373 3186 2487 3242 μέχρι
2503 3189 2571 3239 τῆς
2596 3188 2750 3244 Λιμυρι-

1510 3251 1578 3300 κῆς
1595 3248 1717 3290 suerit
1739 3250 1851 3304 μέχρι
1870 3253 1938 3289 τοῦ
1956 3248 2086 3296 τέλους
2104 3263 2136 3289 s.
2164 3251 2230 3289 τοῦ
2251 3247 2417 3303 ἐσχάτου
2438 3252 2506 3302 τῆς
2525 3251 2711 3306 Λιμυρικῆ

1508 3309 1694 3367 adeoque
1725 3310 2023 3366 longitudinem
2047 3311 2231 3367 posuerit
2263 3312 2389 3353 totius
2417 3310 2546 3354 Indiae
2577 3320 2639 3355 tra

1509 3387 1631 3429 quem
1658 3374 1744 3430 ipse
1763 3371 1944 3424 adierat;
1966 3387 2062 3415 nam
2082 3373 2187 3415 ultra
2212 3374 2429 3430 Limyricae
2453 3375 2641 3431 emporia
2674 3397 2679 3411 ·
2701 3397 2706 3410 ·
2735 3369 2742 3376 ’

1509 3449 1769 3492 progressum
1794 3451 1879 3478 esse
1899 3444 2169 3478 mercatorem
2193 3445 2382 3489 nostrum
2401 3451 2452 3479 ex
2471 3435 2634 3480 diversa
2666 3438 2699 3473 Τ
2720 3465 2723 3471 -

1509 3499 1679 3540 rationis
1710 3498 1847 3540 indole
1881 3498 2102 3554 colligitur.
2123 3499 2340 3541 Ulterioris
2363 3507 2516 3542 tractus
2538 3500 2625 3542 int
2710 3545 2727 3550 Ἰ

1509 3576 1712 3618 nusquam
1737 3562 1916 3604 delinitis
1946 3563 2130 3604 numeris
2160 3561 2329 3614 indicat,
2354 3561 2426 3605 sed
2448 3563 2634 3620 hocipso
2668 3581 2712 3597 π
2751 3611 2752 3614 ¹

1510 3638 1655 3679 vagum
1673 3626 1714 3666 in
1735 3624 1906 3666 modum
1935 3626 2167 3679 significare
2183 3625 2347 3667 videtur
2362 3625 2496 3667 verbis
2509 3625 2689 3676 πλεῖστός
2714 3678 2718 3679 ⁷
2781 3640 2787 3680 '-

1509 3685 1559 3734 εἰς
1582 3685 1784 3742 Αἰγιαλόν,
1810 3689 1839 3728 ἰ.
1860 3701 1897 3728 e.
1920 3686 1995 3728 alia
2016 3701 2114 3729 vero
2142 3686 2320 3743 plurima
2348 3686 2477 3730 stadia
2498 3695 2595 3731 sunt
2627 3709 2645 3722 ·-
2674 3708 2705 3721 ·*
2805 3726 2808 3734 .

1507 3748 1558 3789 ad
1580 3749 1779 3803 AEgialum
1798 3749 1946 3805 dequo
1960 3757 2098 3806 postea
2114 3763 2252 3791 sermo
2266 3757 2343 3791 est.
2362 3749 2482 3792 Certe
2495 3747 2610 3806 quod
2661 3770 2678 3781 ·=
2701 3742 2731 3796 ,⁸
2772 3791 2774 3794 ,
2805 3750 2808 3758 ’

1510 3818 1672 3851 vertunt
1695 3830 1711 3845 -
1730 3810 1847 3866 plura
1867 3825 1966 3852 vero
1983 3811 2016 3851 si
2037 3810 2154 3852 litora
2173 3810 2358 3866 legentur
2380 3831 2396 3847 ·
2421 3809 2538 3852 nihili
2552 3817 2628 3852 eet.
2666 3808 2698 3832 ³⁸
2720 3811 2727 3849 J
2742 3805 2750 3813 ”
2806 3815 2808 3817 ’

1563 3873 1712 3927 352,1.
1725 3875 1795 3916 23.
1812 3873 2073 3930 Ἀκαὸάρου
2087 3872 2317 3929 Σούππαρα]
2335 3869 2615 3930 Ἆκαὸάρουςοὸ
2641 3870 2706 3915 ms:
2784 3894 2808 3925 =;

1507 3936 1620 3987 cod.,
1646 3937 1687 3977 in
1705 3937 1855 3991 quibus
1873 3936 1988 3978 litera
2006 3950 2026 3977 s
2048 3934 2100 3977 ad
2122 3935 2295 3977 alterum
2318 3949 2469 3977 nomen
2499 3943 2562 3977 tra
2707 3930 2710 3936 ’
2799 3940 2803 3948 '

1507 4013 1593 4039 esse
1618 4013 1683 4039 vv.
1707 3998 1779 4039 dd.
1806 4006 2086 4048 monuerunt,
2106 4011 2236 4054 quum
2259 3996 2432 4039 eandem
2448 3996 2601 4040 urbem
2732 4000 2782 4046 2³⁴²}
2804 3967 2808 4066 ἒ

1509 4076 1635 4104 maeus
1669 4062 1779 4104 dicat
1815 4062 2017 4118 Σούπαρα,
2051 4075 2127 4103 nos
2150 4075 2247 4103 vero
2277 4059 2401 4116 hodie
2433 4063 2590 4102 Sumee.
2612 4030 2808 4146 Ωωᾶξῖ
