<?xml version="1.0" encoding="UTF-8"?>
<!DOCTYPE html PUBLIC "-//W3C//DTD XHTML 1.0 Transitional//EN"
    "http://www.w3.org/TR/xhtml1/DTD/xhtml1-transitional.dtd">
<html xmlns="http://www.w3.org/1999/xhtml" xml:lang="en" lang="en">
 <head>
  <title>
</title>
<meta http-equiv="Content-Type" content="text/html;charset=utf-8" />
  <meta name='ocr-system' content='tesseract 3.04.00' />
  <meta name='ocr-capabilities' content='ocr_page ocr_carea ocr_par ocr_line ocrx_word'/>
</head>
<body>
  <div class='ocr_page' id='page_1' title='image "./geographigraeci00mueluoft_0276.png"; bbox 0 0 2782 4348; ppageno 0'>
   <div class='ocr_carea' id='block_1_1' title="bbox 140 214 603 259">
    <p class='ocr_par' dir='ltr' id='par_1_1' title="bbox 140 214 603 259">
     <span class='ocr_line' id='line_1_1' title="bbox 140 214 603 259; baseline -0.004 0"><span class='ocrx_word' id='word_1_1' title='bbox 140 217 230 259; x_wconf 82' lang='lat'>118</span> <span class='ocrx_word' id='word_1_2' title='bbox 556 214 603 257; x_wconf 70' lang='lat'>0</span> 
     </span>
    </p>
   </div>
   <div class='ocr_carea' id='block_1_2' title="bbox 64 301 1375 3688">
    <p class='ocr_par' dir='ltr' id='par_1_2' title="bbox 133 301 1373 573">
     <span class='ocr_line' id='line_1_2' title="bbox 136 301 1373 374; baseline -0.01 -15"><span class='ocrx_word' id='word_1_3' title='bbox 136 310 276 374; x_wconf 70' lang='grc' dir='ltr'><strong>ίτέρου</strong></span> <span class='ocrx_word' id='word_1_4' title='bbox 297 308 491 373; x_wconf 86' lang='grc' dir='ltr'><strong>βούλεται</strong></span> <span class='ocrx_word' id='word_1_5' title='bbox 517 308 678 369; x_wconf 78' lang='grc' dir='ltr'>μαθεῖν,</span> <span class='ocrx_word' id='word_1_6' title='bbox 694 306 766 352; x_wconf 79' lang='grc' dir='ltr'>καὶ</span> <span class='ocrx_word' id='word_1_7' title='bbox 790 307 919 352; x_wconf 83' lang='grc' dir='ltr'><strong>ποιεῖν</strong></span> <span class='ocrx_word' id='word_1_8' title='bbox 938 302 1008 350; x_wconf 70' lang='grc' dir='ltr'>τὀν</span> <span class='ocrx_word' id='word_1_9' title='bbox 1034 301 1269 363; x_wconf 73' lang='grc' dir='ltr'><strong>σύμόουλον</strong></span> <span class='ocrx_word' id='word_1_10' title='bbox 1291 305 1373 349; x_wconf 87' lang='grc' dir='ltr'>τῶν</span> 
     </span>
     <span class='ocr_line' id='line_1_3' title="bbox 137 371 1032 444; baseline -0.015 -17"><span class='ocrx_word' id='word_1_11' title='bbox 137 378 432 444; x_wconf 69' lang='grc' dir='ltr'><strong>ᾶπορουμόνων</strong></span> <span class='ocrx_word' id='word_1_12' title='bbox 452 376 677 439; x_wconf 78' lang='grc' dir='ltr'><strong>συνήγορον</strong></span> <span class='ocrx_word' id='word_1_13' title='bbox 698 378 771 431; x_wconf 70' lang='grc' dir='ltr'>τῆς</span> <span class='ocrx_word' id='word_1_14' title='bbox 792 371 1032 431; x_wconf 68' lang='grc' dir='ltr'><strong>ἐπιθυμίαςς</strong></span> 
     </span>
     <span class='ocr_line' id='line_1_4' title="bbox 133 439 1372 509; baseline -0.006 -14"><span class='ocrx_word' id='word_1_15' title='bbox 133 488 145 495; x_wconf 81' lang='lat'><em>.</em></span> <span class='ocrx_word' id='word_1_16' title='bbox 202 465 258 497; x_wconf 77' lang='lat' dir='ltr'>ts.</span> <span class='ocrx_word' id='word_1_17' title='bbox 285 450 339 496; x_wconf 78' lang='lat' dir='ltr'>Et</span> <span class='ocrx_word' id='word_1_18' title='bbox 361 446 444 509; x_wconf 72' lang='grc' dir='ltr'>γὰρ</span> <span class='ocrx_word' id='word_1_19' title='bbox 458 449 481 492; x_wconf 80' lang='lat'>6</span> <span class='ocrx_word' id='word_1_20' title='bbox 502 444 639 507; x_wconf 82' lang='grc' dir='ltr'><strong>κύριος</strong></span> <span class='ocrx_word' id='word_1_21' title='bbox 661 445 743 488; x_wconf 83' lang='grc' dir='ltr'>τῶν</span> <span class='ocrx_word' id='word_1_22' title='bbox 764 440 969 487; x_wconf 82' lang='grc' dir='ltr'><strong>τοσούτων</strong></span> <span class='ocrx_word' id='word_1_23' title='bbox 993 441 1159 500; x_wconf 73' lang='grc' dir='ltr'><strong>ἀγαθῶν</strong></span> <span class='ocrx_word' id='word_1_24' title='bbox 1174 439 1372 503; x_wconf 85' lang='grc' dir='ltr'><strong>κρείττων</strong></span> 
     </span>
     <span class='ocr_line' id='line_1_5' title="bbox 134 507 1371 573; baseline -0.008 -9"><span class='ocrx_word' id='word_1_25' title='bbox 134 517 224 564; x_wconf 73' lang='grc' dir='ltr'><strong>ἐστὶ</strong></span> <span class='ocrx_word' id='word_1_26' title='bbox 260 520 335 573; x_wconf 76' lang='grc' dir='ltr'>τῆς</span> <span class='ocrx_word' id='word_1_27' title='bbox 377 513 596 572; x_wconf 71' lang='grc' dir='ltr'><strong>ἰπιθυμίας</strong></span> <span class='ocrx_word' id='word_1_28' title='bbox 626 514 701 566; x_wconf 78' lang='grc' dir='ltr'>τῆς</span> <span class='ocrx_word' id='word_1_29' title='bbox 727 512 810 555; x_wconf 85' lang='grc' dir='ltr'>τῶν</span> <span class='ocrx_word' id='word_1_30' title='bbox 835 507 1107 572; x_wconf 71' lang='grc' dir='ltr'><strong>βιαζομένων,</strong></span> <span class='ocrx_word' id='word_1_31' title='bbox 1139 509 1371 571; x_wconf 73' lang='grc' dir='ltr'><strong>μακαρίσαι</strong></span> 
     </span>
    </p>

    <p class='ocr_par' dir='ltr' id='par_1_3' title="bbox 93 575 1371 905">
     <span class='ocr_line' id='line_1_6' title="bbox 93 575 1371 647; baseline -0.002 -19"><span class='ocrx_word' id='word_1_32' title='bbox 93 597 115 628; x_wconf 74' lang='grc' dir='ltr'><strong>ι</strong></span> <span class='ocrx_word' id='word_1_33' title='bbox 136 583 211 647; x_wconf 61' lang='grc' dir='ltr'>μὲν</span> <span class='ocrx_word' id='word_1_34' title='bbox 234 584 319 647; x_wconf 71' lang='grc' dir='ltr'><strong>ἔχω</strong></span> <span class='ocrx_word' id='word_1_35' title='bbox 354 588 426 630; x_wconf 78' lang='grc' dir='ltr'>τοῦ</span> <span class='ocrx_word' id='word_1_36' title='bbox 447 585 578 627; x_wconf 80' lang='grc' dir='ltr'><strong>ταῦτα</strong></span> <span class='ocrx_word' id='word_1_37' title='bbox 600 577 855 637; x_wconf 72' lang='grc' dir='ltr'>κεκτημένου</span> <span class='ocrx_word' id='word_1_38' title='bbox 889 578 967 634; x_wconf 79' lang='grc' dir='ltr'>τὴν</span> <span class='ocrx_word' id='word_1_39' title='bbox 993 575 1198 643; x_wconf 66' lang='grc' dir='ltr'><strong>ἐξουσίαν,</strong></span> <span class='ocrx_word' id='word_1_40' title='bbox 1220 577 1371 642; x_wconf 61' lang='lat' dir='ltr'>dap-M·</span> 
     </span>
     <span class='ocr_line' id='line_1_7' title="bbox 134 643 1371 710; baseline -0.006 -10"><span class='ocrx_word' id='word_1_41' title='bbox 134 658 229 701; x_wconf 89' lang='grc' dir='ltr'><strong>σθαι</strong></span> <span class='ocrx_word' id='word_1_42' title='bbox 253 654 294 698; x_wconf 78' lang='grc' dir='ltr'>δὲ</span> <span class='ocrx_word' id='word_1_43' title='bbox 321 654 402 701; x_wconf 86' lang='grc' dir='ltr'><strong>τοῖς</strong></span> <span class='ocrx_word' id='word_1_44' title='bbox 425 648 565 700; x_wconf 78' lang='grc' dir='ltr'>ὅπλοις</span> <span class='ocrx_word' id='word_1_45' title='bbox 589 645 839 709; x_wconf 82' lang='grc' dir='ltr'><strong>βιασάμενος</strong></span> <span class='ocrx_word' id='word_1_46' title='bbox 860 643 934 699; x_wconf 72' lang='grc' dir='ltr'>τὰς</span> <span class='ocrx_word' id='word_1_47' title='bbox 950 645 1153 710; x_wconf 77' lang='grc' dir='ltr'>χορηγίας</span> <span class='ocrx_word' id='word_1_48' title='bbox 1174 646 1219 693; x_wconf 85' lang='grc' dir='ltr'><strong>οὗ</strong></span> <span class='ocrx_word' id='word_1_49' title='bbox 1242 645 1371 693; x_wconf 78' lang='grc' dir='ltr'><strong>δύνα·</strong></span> 
     </span>
     <span class='ocr_line' id='line_1_8' title="bbox 134 712 1369 795; baseline -0.005 -28"><span class='ocrx_word' id='word_1_50' title='bbox 134 740 226 783; x_wconf 90' lang='grc' dir='ltr'><strong>μαι.</strong></span> <span class='ocrx_word' id='word_1_51' title='bbox 261 720 314 767; x_wconf 86' lang='grc' dir='ltr'>Τι’</span> <span class='ocrx_word' id='word_1_52' title='bbox 342 712 411 765; x_wconf 75' lang='grc' dir='ltr'>οὗν</span> <span class='ocrx_word' id='word_1_53' title='bbox 440 716 657 795; x_wconf 52' lang='grc' dir='ltr'><strong>ἀμήχανον</strong></span> <span class='ocrx_word' id='word_1_54' title='bbox 693 715 842 779; x_wconf 72' lang='grc' dir='ltr'><strong>πρᾶξιν</strong></span> <span class='ocrx_word' id='word_1_55' title='bbox 878 716 935 768; x_wconf 76' lang='grc' dir='ltr'>εἰς</span> <span class='ocrx_word' id='word_1_56' title='bbox 953 715 1076 772; x_wconf 78' lang='grc' dir='ltr'><strong>κενὴν</strong></span> <span class='ocrx_word' id='word_1_57' title='bbox 1118 716 1369 778; x_wconf 67' lang='grc' dir='ltr'><strong>ἕπαγγελίαν</strong></span> 
     </span>
     <span class='ocr_line' id='line_1_9' title="bbox 134 777 1369 843; baseline -0.004 -15"><span class='ocrx_word' id='word_1_58' title='bbox 134 784 262 843; x_wconf 77' lang='grc' dir='ltr'><strong>ἄγειν,</strong></span> <span class='ocrx_word' id='word_1_59' title='bbox 280 780 350 827; x_wconf 73' lang='grc' dir='ltr'>καὶ</span> <span class='ocrx_word' id='word_1_60' title='bbox 368 779 441 832; x_wconf 73' lang='grc' dir='ltr'>τὰς</span> <span class='ocrx_word' id='word_1_61' title='bbox 459 780 635 835; x_wconf 82' lang='grc' dir='ltr'><strong>ἀδηλους</strong></span> <span class='ocrx_word' id='word_1_62' title='bbox 655 778 825 831; x_wconf 72' lang='grc' dir='ltr'><strong>ἐλπίδας</strong></span> <span class='ocrx_word' id='word_1_63' title='bbox 844 780 926 825; x_wconf 84' lang='grc' dir='ltr'>τῶν</span> <span class='ocrx_word' id='word_1_64' title='bbox 944 777 1161 841; x_wconf 80' lang='grc' dir='ltr'><strong>προδήλων</strong></span> <span class='ocrx_word' id='word_1_65' title='bbox 1172 778 1369 825; x_wconf 76' lang='grc' dir='ltr'><strong>κινδύνων</strong></span> 
     </span>
     <span class='ocr_line' id='line_1_10' title="bbox 132 849 563 905; baseline -0.009 -8"><span class='ocrx_word' id='word_1_66' title='bbox 132 853 254 897; x_wconf 80' lang='grc' dir='ltr'><strong>πλέον</strong></span> <span class='ocrx_word' id='word_1_67' title='bbox 274 849 563 905; x_wconf 50' lang='lat' dir='ltr'>emonensem</span> 
     </span>
    </p>

    <p class='ocr_par' dir='ltr' id='par_1_4' title="bbox 71 914 1375 1260">
     <span class='ocr_line' id='line_1_11' title="bbox 71 914 1375 973; baseline -0.002 -10"><span class='ocrx_word' id='word_1_68' title='bbox 71 932 111 963; x_wconf 81' lang='grc' dir='ltr'>ιο</span> <span class='ocrx_word' id='word_1_69' title='bbox 198 937 250 966; x_wconf 81' lang='grc' dir='ltr'>ιο.</span> <span class='ocrx_word' id='word_1_70' title='bbox 290 918 412 966; x_wconf 73' lang='grc' dir='ltr'><strong>Ἀλλὰ</strong></span> <span class='ocrx_word' id='word_1_71' title='bbox 442 916 779 973; x_wconf 79' lang='grc' dir='ltr'><strong>καταπλήξονται</strong></span> <span class='ocrx_word' id='word_1_72' title='bbox 802 915 896 970; x_wconf 74' lang='grc' dir='ltr'><strong>τοὺς</strong></span> <span class='ocrx_word' id='word_1_73' title='bbox 916 915 1129 973; x_wconf 84' lang='grc' dir='ltr'><strong>Ἓλληνας</strong></span> <span class='ocrx_word' id='word_1_74' title='bbox 1151 916 1190 961; x_wconf 78' lang='grc' dir='ltr'><strong>οἰ</strong></span> <span class='ocrx_word' id='word_1_75' title='bbox 1222 914 1375 963; x_wconf 78' lang='grc' dir='ltr'><strong>Αἰθίο-</strong></span> 
     </span>
     <span class='ocr_line' id='line_1_12' title="bbox 134 987 1372 1051; baseline -0.004 -16"><span class='ocrx_word' id='word_1_76' title='bbox 134 1008 219 1041; x_wconf 90' lang='grc' dir='ltr'><strong>πες.</strong></span> <span class='ocrx_word' id='word_1_77' title='bbox 241 988 360 1050; x_wconf 85' lang='grc' dir='ltr'><strong>Τίνι;</strong></span> <span class='ocrx_word' id='word_1_78' title='bbox 383 991 435 1047; x_wconf 72' lang='grc' dir='ltr'>τῇ</span> <span class='ocrx_word' id='word_1_79' title='bbox 457 988 635 1051; x_wconf 71' lang='grc' dir='ltr'><strong>μελανία</strong></span> <span class='ocrx_word' id='word_1_80' title='bbox 657 987 728 1033; x_wconf 80' lang='grc' dir='ltr'>καὶ</span> <span class='ocrx_word' id='word_1_81' title='bbox 750 989 802 1047; x_wconf 76' lang='grc' dir='ltr'>τῇ</span> <span class='ocrx_word' id='word_1_82' title='bbox 825 987 1078 1049; x_wconf 76' lang='grc' dir='ltr'><strong>παραλλαγῇ</strong></span> <span class='ocrx_word' id='word_1_83' title='bbox 1098 988 1171 1042; x_wconf 72' lang='grc' dir='ltr'>τῆς</span> <span class='ocrx_word' id='word_1_84' title='bbox 1191 988 1372 1049; x_wconf 75' lang='grc' dir='ltr'><strong>μορφῆςς</strong></span> 
     </span>
     <span class='ocr_line' id='line_1_13' title="bbox 132 1054 1374 1120; baseline -0.004 -16"><span class='ocrx_word' id='word_1_85' title='bbox 132 1059 228 1119; x_wconf 77' lang='grc' dir='ltr'>Οὐχ</span> <span class='ocrx_word' id='word_1_86' title='bbox 250 1055 491 1120; x_wconf 77' lang='grc' dir='ltr'><strong>ὑπερὸαίνει</strong></span> <span class='ocrx_word' id='word_1_87' title='bbox 526 1055 601 1111; x_wconf 80' lang='grc' dir='ltr'>τὴν</span> <span class='ocrx_word' id='word_1_88' title='bbox 625 1059 697 1102; x_wconf 76' lang='grc' dir='ltr'>τοῦ</span> <span class='ocrx_word' id='word_1_89' title='bbox 720 1054 865 1107; x_wconf 77' lang='grc' dir='ltr'><strong>παιδὸς</strong></span> <span class='ocrx_word' id='word_1_90' title='bbox 900 1054 1065 1110; x_wconf 81' lang='grc' dir='ltr'><strong>ἠλικίαν</strong></span> <span class='ocrx_word' id='word_1_91' title='bbox 1098 1056 1199 1116; x_wconf 85' lang='grc' dir='ltr'><strong>παρ’</strong></span> <span class='ocrx_word' id='word_1_92' title='bbox 1231 1057 1331 1115; x_wconf 81' lang='grc' dir='ltr'><strong>ἡμῖν</strong></span> <span class='ocrx_word' id='word_1_93' title='bbox 1351 1057 1374 1100; x_wconf 99' lang='lat'>6</span> 
     </span>
     <span class='ocr_line' id='line_1_14' title="bbox 133 1122 1374 1189; baseline -0.002 -17"><span class='ocrx_word' id='word_1_94' title='bbox 133 1131 309 1179; x_wconf 73' lang='grc' dir='ltr'><strong>τοιοῦτος</strong></span> <span class='ocrx_word' id='word_1_95' title='bbox 340 1125 482 1189; x_wconf 77' lang='grc' dir='ltr'><strong>φόὸος.</strong></span> <span class='ocrx_word' id='word_1_96' title='bbox 513 1126 589 1174; x_wconf 85' lang='grc' dir='ltr'>Ἐν</span> <span class='ocrx_word' id='word_1_97' title='bbox 609 1124 652 1171; x_wconf 85' lang='grc' dir='ltr'>δὲ</span> <span class='ocrx_word' id='word_1_98' title='bbox 677 1132 761 1177; x_wconf 86' lang='grc' dir='ltr'><strong>τοῖς</strong></span> <span class='ocrx_word' id='word_1_99' title='bbox 784 1123 979 1186; x_wconf 80' lang='grc' dir='ltr'><strong>πολέμοις</strong></span> <span class='ocrx_word' id='word_1_100' title='bbox 1008 1123 1080 1170; x_wconf 78' lang='grc' dir='ltr'>καὶ</span> <span class='ocrx_word' id='word_1_101' title='bbox 1102 1130 1187 1176; x_wconf 85' lang='grc' dir='ltr'><strong>τοῖς</strong></span> <span class='ocrx_word' id='word_1_102' title='bbox 1215 1122 1374 1184; x_wconf 82' lang='grc' dir='ltr'><strong>μείζοσι</strong></span> 
     </span>
     <span class='ocr_line' id='line_1_15' title="bbox 133 1191 1373 1260; baseline -0.002 -19"><span class='ocrx_word' id='word_1_103' title='bbox 133 1197 344 1260; x_wconf 72' lang='grc' dir='ltr'><strong>διαφοραῖς</strong></span> <span class='ocrx_word' id='word_1_104' title='bbox 366 1196 441 1241; x_wconf 79' lang='grc' dir='ltr'><strong>οὐκ</strong></span> <span class='ocrx_word' id='word_1_105' title='bbox 460 1194 551 1258; x_wconf 75' lang='grc' dir='ltr'><strong>ὄψει</strong></span> <span class='ocrx_word' id='word_1_106' title='bbox 575 1194 647 1240; x_wconf 81' lang='grc' dir='ltr'>καὶ</span> <span class='ocrx_word' id='word_1_107' title='bbox 669 1193 890 1256; x_wconf 78' lang='grc' dir='ltr'><strong>χρώματι,</strong></span> <span class='ocrx_word' id='word_1_108' title='bbox 924 1193 1059 1255; x_wconf 82' lang='grc' dir='ltr'><strong>τόλμῃ</strong></span> <span class='ocrx_word' id='word_1_109' title='bbox 1083 1193 1127 1239; x_wconf 85' lang='grc' dir='ltr'>δὲ</span> <span class='ocrx_word' id='word_1_110' title='bbox 1153 1191 1224 1239; x_wconf 70' lang='grc' dir='ltr'>καὶ</span> <span class='ocrx_word' id='word_1_111' title='bbox 1244 1211 1373 1258; x_wconf 83' lang='grc' dir='ltr'><strong>στρα-</strong></span> 
     </span>
    </p>

    <p class='ocr_par' dir='ltr' id='par_1_5' title="bbox 73 1263 804 1328">
     <span class='ocr_line' id='line_1_16' title="bbox 73 1263 804 1328; baseline 0.004 -21"><span class='ocrx_word' id='word_1_112' title='bbox 73 1278 110 1307; x_wconf 78' lang='lat' dir='ltr'>ts</span> <span class='ocrx_word' id='word_1_113' title='bbox 132 1266 256 1328; x_wconf 78' lang='grc' dir='ltr'><strong>τηγία</strong></span> <span class='ocrx_word' id='word_1_114' title='bbox 278 1263 332 1311; x_wconf 76' lang='grc' dir='ltr'>τὰ</span> <span class='ocrx_word' id='word_1_115' title='bbox 354 1263 585 1328; x_wconf 87' lang='grc' dir='ltr'><strong>πράγματα</strong></span> <span class='ocrx_word' id='word_1_116' title='bbox 606 1263 804 1326; x_wconf 84' lang='grc' dir='ltr'><strong>κρίνεται.</strong></span> 
     </span>
    </p>

    <p class='ocr_par' dir='ltr' id='par_1_6' title="bbox 131 1327 1374 1606">
     <span class='ocr_line' id='line_1_17' title="bbox 196 1327 1374 1398; baseline -0.004 -16"><span class='ocrx_word' id='word_1_117' title='bbox 196 1351 252 1383; x_wconf 83' lang='lat'>17.</span> <span class='ocrx_word' id='word_1_118' title='bbox 277 1334 394 1397; x_wconf 80' lang='grc' dir='ltr'><strong>Ἐγὼ</strong></span> <span class='ocrx_word' id='word_1_119' title='bbox 425 1336 460 1380; x_wconf 87' lang='grc' dir='ltr'>δ’</span> <span class='ocrx_word' id='word_1_120' title='bbox 489 1333 557 1398; x_wconf 73' lang='grc' dir='ltr'>ἀφ’</span> <span class='ocrx_word' id='word_1_121' title='bbox 580 1327 629 1390; x_wconf 68' lang='grc' dir='ltr'>ἧς</span> <span class='ocrx_word' id='word_1_122' title='bbox 652 1332 814 1396; x_wconf 76' lang='grc' dir='ltr'><strong>ἡμέρας</strong></span> <span class='ocrx_word' id='word_1_123' title='bbox 849 1335 876 1388; x_wconf 81' lang='grc' dir='ltr'>ἡ</span> <span class='ocrx_word' id='word_1_124' title='bbox 901 1330 1008 1394; x_wconf 77' lang='grc' dir='ltr'><strong>τύχη</strong></span> <span class='ocrx_word' id='word_1_125' title='bbox 1032 1349 1085 1392; x_wconf 83' lang='grc' dir='ltr'>με</span> <span class='ocrx_word' id='word_1_126' title='bbox 1118 1331 1374 1388; x_wconf 78' lang='grc' dir='ltr'><strong>κατέστησεν</strong></span> 
     </span>
     <span class='ocr_line' id='line_1_18' title="bbox 132 1400 1370 1467; baseline -0.002 -19"><span class='ocrx_word' id='word_1_127' title='bbox 132 1403 351 1467; x_wconf 73' lang='grc' dir='ltr'><strong>ἐπίτροπον</strong></span> <span class='ocrx_word' id='word_1_128' title='bbox 369 1407 440 1450; x_wconf 75' lang='grc' dir='ltr'>τοῦ</span> <span class='ocrx_word' id='word_1_129' title='bbox 462 1404 653 1464; x_wconf 85' lang='grc' dir='ltr'><strong>σώματος</strong></span> <span class='ocrx_word' id='word_1_130' title='bbox 676 1406 747 1448; x_wconf 80' lang='grc' dir='ltr'>τοῦ</span> <span class='ocrx_word' id='word_1_131' title='bbox 772 1406 867 1459; x_wconf 78' lang='grc' dir='ltr'><strong>σοῧ,</strong></span> <span class='ocrx_word' id='word_1_132' title='bbox 891 1401 983 1447; x_wconf 83' lang='grc' dir='ltr'><strong>νέου</strong></span> <span class='ocrx_word' id='word_1_133' title='bbox 1004 1403 1217 1454; x_wconf 80' lang='grc' dir='ltr'><strong>παντελῶς</strong></span> <span class='ocrx_word' id='word_1_134' title='bbox 1240 1400 1370 1461; x_wconf 81' lang='grc' dir='ltr'><strong>ὄντος,</strong></span> 
     </span>
     <span class='ocr_line' id='line_1_19' title="bbox 132 1470 1372 1534; baseline -0.001 -15"><span class='ocrx_word' id='word_1_135' title='bbox 132 1474 204 1519; x_wconf 74' lang='grc' dir='ltr'>καὶ</span> <span class='ocrx_word' id='word_1_136' title='bbox 226 1477 298 1530; x_wconf 68' lang='grc' dir='ltr'>τῆς</span> <span class='ocrx_word' id='word_1_137' title='bbox 321 1474 419 1529; x_wconf 80' lang='grc' dir='ltr'><strong>ὅλης</strong></span> <span class='ocrx_word' id='word_1_138' title='bbox 446 1472 683 1534; x_wconf 81' lang='grc' dir='ltr'><strong>βασιλείας,</strong></span> <span class='ocrx_word' id='word_1_139' title='bbox 699 1473 771 1517; x_wconf 81' lang='grc' dir='ltr'><strong>ἀπ’</strong></span> <span class='ocrx_word' id='word_1_140' title='bbox 787 1472 943 1528; x_wconf 78' lang='grc' dir='ltr'><strong>ἐκείνης</strong></span> <span class='ocrx_word' id='word_1_141' title='bbox 962 1470 1073 1524; x_wconf 73' lang='grc' dir='ltr'><strong>εὐθὺς</strong></span> <span class='ocrx_word' id='word_1_142' title='bbox 1093 1471 1224 1533; x_wconf 85' lang='grc' dir='ltr'><strong>μέγαν</strong></span> <span class='ocrx_word' id='word_1_143' title='bbox 1244 1472 1372 1532; x_wconf 74' lang='grc' dir='ltr'><strong>έμαυ·</strong></span> 
     </span>
     <span class='ocr_line' id='line_1_20' title="bbox 131 1540 1373 1606; baseline -0.002 -17"><span class='ocrx_word' id='word_1_144' title='bbox 131 1545 191 1606; x_wconf 76' lang='grc' dir='ltr'>τῷ</span> <span class='ocrx_word' id='word_1_145' title='bbox 225 1543 348 1589; x_wconf 81' lang='grc' dir='ltr'><strong>πόνον</strong></span> <span class='ocrx_word' id='word_1_146' title='bbox 385 1542 607 1589; x_wconf 79' lang='grc' dir='ltr'><strong>ἐπέὸαλον.</strong></span> <span class='ocrx_word' id='word_1_147' title='bbox 640 1541 747 1590; x_wconf 83' lang='grc' dir='ltr'><strong>Τίνα</strong></span> <span class='ocrx_word' id='word_1_148' title='bbox 778 1546 944 1599; x_wconf 81' lang='grc' dir='ltr'><strong>τοῦτον;</strong></span> <span class='ocrx_word' id='word_1_149' title='bbox 984 1548 1068 1594; x_wconf 86' lang='grc' dir='ltr'><strong>τοῖς</strong></span> <span class='ocrx_word' id='word_1_150' title='bbox 1097 1541 1197 1604; x_wconf 78' lang='grc' dir='ltr'><strong>πρὸς</strong></span> <span class='ocrx_word' id='word_1_151' title='bbox 1222 1540 1373 1597; x_wconf 70' lang='grc' dir='ltr'><strong>ἡδονὴν</strong></span> 
     </span>
    </p>

    <p class='ocr_par' dir='ltr' id='par_1_7' title="bbox 66 1611 1373 1952">
     <span class='ocr_line' id='line_1_21' title="bbox 66 1611 1373 1674; baseline 0.002 -19"><span class='ocrx_word' id='word_1_152' title='bbox 66 1625 110 1655; x_wconf 72' lang='lat'>2»</span> <span class='ocrx_word' id='word_1_153' title='bbox 130 1614 343 1672; x_wconf 75' lang='grc' dir='ltr'><strong>ὁμιλοῦσιν</strong></span> <span class='ocrx_word' id='word_1_154' title='bbox 379 1613 662 1658; x_wconf 72' lang='grc' dir='ltr'><strong>ἐναντιοῦσθαι</strong></span> <span class='ocrx_word' id='word_1_155' title='bbox 684 1611 756 1657; x_wconf 82' lang='grc' dir='ltr'>καὶ</span> <span class='ocrx_word' id='word_1_156' title='bbox 786 1611 1083 1674; x_wconf 74' lang='grc' dir='ltr'><strong>δυσχεραίνειν,</strong></span> <span class='ocrx_word' id='word_1_157' title='bbox 1107 1615 1180 1657; x_wconf 78' lang='grc' dir='ltr'>σοῦ</span> <span class='ocrx_word' id='word_1_158' title='bbox 1210 1613 1373 1674; x_wconf 88' lang='grc' dir='ltr'><strong>πρῶτον</strong></span> 
     </span>
     <span class='ocr_line' id='line_1_22' title="bbox 131 1679 1373 1745; baseline -0.001 -18"><span class='ocrx_word' id='word_1_159' title='bbox 131 1684 254 1727; x_wconf 73' lang='grc' dir='ltr'><strong>αὑτοῦ</strong></span> <span class='ocrx_word' id='word_1_160' title='bbox 271 1680 607 1745; x_wconf 81' lang='grc' dir='ltr'><strong>περίαιρούμενος</strong></span> <span class='ocrx_word' id='word_1_161' title='bbox 620 1683 664 1727; x_wconf 81' lang='grc' dir='ltr'><strong>οὐ</strong></span> <span class='ocrx_word' id='word_1_162' title='bbox 681 1681 755 1738; x_wconf 79' lang='grc' dir='ltr'>τὴν</span> <span class='ocrx_word' id='word_1_163' title='bbox 774 1680 977 1737; x_wconf 74' lang='grc' dir='ltr'><strong>ἐξουσίαν,</strong></span> <span class='ocrx_word' id='word_1_164' title='bbox 990 1679 1180 1737; x_wconf 76' lang='grc' dir='ltr'><strong>ἀλλὰτὴν</strong></span> <span class='ocrx_word' id='word_1_165' title='bbox 1191 1679 1373 1742; x_wconf 80' lang='grc' dir='ltr'><strong>ἄγνοιαν,</strong></span> 
     </span>
     <span class='ocr_line' id='line_1_23' title="bbox 128 1749 1372 1813; baseline 0.001 -18"><span class='ocrx_word' id='word_1_166' title='bbox 128 1749 197 1796; x_wconf 73' lang='grc' dir='ltr'>ἵνα</span> <span class='ocrx_word' id='word_1_167' title='bbox 216 1753 298 1796; x_wconf 90' lang='grc' dir='ltr'>τῶν</span> <span class='ocrx_word' id='word_1_168' title='bbox 321 1750 530 1797; x_wconf 82' lang='grc' dir='ltr'><strong>τοσούτων</strong></span> <span class='ocrx_word' id='word_1_169' title='bbox 550 1752 715 1812; x_wconf 76' lang='grc' dir='ltr'><strong>ἀγαθῶν</strong></span> <span class='ocrx_word' id='word_1_170' title='bbox 741 1753 898 1813; x_wconf 84' lang='grc' dir='ltr'><strong>φρονῶν</strong></span> <span class='ocrx_word' id='word_1_171' title='bbox 916 1749 1182 1813; x_wconf 81' lang='grc' dir='ltr'><strong>ἀπολαύσῃς,</strong></span> <span class='ocrx_word' id='word_1_172' title='bbox 1204 1749 1263 1810; x_wconf 82' lang='grc' dir='ltr'><strong>μὴ</strong></span> <span class='ocrx_word' id='word_1_173' title='bbox 1284 1750 1372 1796; x_wconf 82' lang='grc' dir='ltr'><strong>δια·</strong></span> 
     </span>
     <span class='ocr_line' id='line_1_24' title="bbox 132 1819 1372 1883; baseline 0.001 -18"><span class='ocrx_word' id='word_1_174' title='bbox 132 1820 371 1883; x_wconf 87' lang='grc' dir='ltr'><strong>μαρτάνων.</strong></span> <span class='ocrx_word' id='word_1_175' title='bbox 415 1823 551 1868; x_wconf 79' lang='grc' dir='ltr'><strong>Τοῦτο</strong></span> <span class='ocrx_word' id='word_1_176' title='bbox 586 1819 668 1883; x_wconf 71' lang='grc' dir='ltr'>γὰρ</span> <span class='ocrx_word' id='word_1_177' title='bbox 691 1821 858 1876; x_wconf 81' lang='grc' dir='ltr'><strong>ἐζήτουν</strong></span> <span class='ocrx_word' id='word_1_178' title='bbox 890 1819 1045 1883; x_wconf 87' lang='grc' dir='ltr'><strong>πατρὸς</strong></span> <span class='ocrx_word' id='word_1_179' title='bbox 1078 1819 1185 1882; x_wconf 71' lang='grc' dir='ltr'><strong>ἔχων</strong></span> <span class='ocrx_word' id='word_1_180' title='bbox 1215 1819 1372 1866; x_wconf 82' lang='grc' dir='ltr'><strong>εὔνοιαν</strong></span> 
     </span>
     <span class='ocr_line' id='line_1_25' title="bbox 129 1887 1368 1952; baseline -0.001 -16"><span class='ocrx_word' id='word_1_181' title='bbox 129 1889 276 1952; x_wconf 81' lang='grc' dir='ltr'><strong>χρόνου</strong></span> <span class='ocrx_word' id='word_1_182' title='bbox 290 1889 615 1952; x_wconf 76' lang='grc' dir='ltr'><strong>στοχαζομένην,</strong></span> <span class='ocrx_word' id='word_1_183' title='bbox 625 1889 672 1934; x_wconf 83' lang='grc' dir='ltr'><strong>οὗ</strong></span> <span class='ocrx_word' id='word_1_184' title='bbox 683 1888 855 1941; x_wconf 87' lang='grc' dir='ltr'><strong>κόλακος</strong></span> <span class='ocrx_word' id='word_1_185' title='bbox 869 1887 1076 1951; x_wconf 83' lang='grc' dir='ltr'><strong>εἰρωνείαν</strong></span> <span class='ocrx_word' id='word_1_186' title='bbox 1090 1890 1222 1950; x_wconf 80' lang='grc' dir='ltr'><strong>καιρῷ</strong></span> <span class='ocrx_word' id='word_1_187' title='bbox 1242 1906 1368 1952; x_wconf 89' lang='grc' dir='ltr'><strong>προσ-</strong></span> 
     </span>
    </p>

    <p class='ocr_par' dir='ltr' id='par_1_8' title="bbox 66 1952 1375 2299">
     <span class='ocr_line' id='line_1_26' title="bbox 66 1952 1373 2021; baseline -0.002 -15"><span class='ocrx_word' id='word_1_188' title='bbox 66 1971 108 2001; x_wconf 68' lang='lat'>25</span> <span class='ocrx_word' id='word_1_189' title='bbox 130 1960 369 2020; x_wconf 80' lang='grc' dir='ltr'><strong>ομιλοῦσαν.</strong></span> <span class='ocrx_word' id='word_1_190' title='bbox 426 1952 536 2006; x_wconf 74' lang='grc' dir='ltr'><strong>Οἶδα</strong></span> <span class='ocrx_word' id='word_1_191' title='bbox 566 1957 647 2020; x_wconf 78' lang='grc' dir='ltr'>γὰρ</span> <span class='ocrx_word' id='word_1_192' title='bbox 688 1958 965 2021; x_wconf 73' lang='grc' dir='ltr'><strong>πρεσὸύτερος</strong></span> <span class='ocrx_word' id='word_1_193' title='bbox 1002 1955 1059 2004; x_wconf 80' lang='grc' dir='ltr'>ὧν</span> <span class='ocrx_word' id='word_1_194' title='bbox 1099 1957 1172 2004; x_wconf 77' lang='grc' dir='ltr'>καὶ</span> <span class='ocrx_word' id='word_1_195' title='bbox 1210 1959 1373 2004; x_wconf 82' lang='grc' dir='ltr'><strong>πολλῶν</strong></span> 
     </span>
     <span class='ocr_line' id='line_1_27' title="bbox 131 2026 1374 2091; baseline -0.001 -17"><span class='ocrx_word' id='word_1_196' title='bbox 131 2027 325 2091; x_wconf 74' lang='grc' dir='ltr'><strong>ἔμπειρος</strong></span> <span class='ocrx_word' id='word_1_197' title='bbox 354 2027 532 2090; x_wconf 84' lang='grc' dir='ltr'><strong>γεγονὼς</strong></span> <span class='ocrx_word' id='word_1_198' title='bbox 553 2027 828 2089; x_wconf 80' lang='grc' dir='ltr'><strong>πραγμάτων,</strong></span> <span class='ocrx_word' id='word_1_199' title='bbox 854 2027 920 2073; x_wconf 78' lang='grc' dir='ltr'>διὰ</span> <span class='ocrx_word' id='word_1_200' title='bbox 943 2026 1035 2079; x_wconf 78' lang='grc' dir='ltr'><strong>τοὺς</strong></span> <span class='ocrx_word' id='word_1_201' title='bbox 1066 2027 1264 2073; x_wconf 86' lang='grc' dir='ltr'><strong>θωπεύειν</strong></span> <span class='ocrx_word' id='word_1_202' title='bbox 1284 2029 1374 2074; x_wconf 74' lang='grc' dir='ltr'><strong>ἐπι-</strong></span> 
     </span>
     <span class='ocr_line' id='line_1_28' title="bbox 131 2095 1375 2160; baseline 0.001 -18"><span class='ocrx_word' id='word_1_203' title='bbox 131 2095 410 2158; x_wconf 74' lang='grc' dir='ltr'><strong>ὅεὸλημένους</strong></span> <span class='ocrx_word' id='word_1_204' title='bbox 433 2096 525 2150; x_wconf 78' lang='grc' dir='ltr'><strong>τοὺς</strong></span> <span class='ocrx_word' id='word_1_205' title='bbox 545 2099 586 2142; x_wconf 81' lang='grc' dir='ltr'>ἕν</span> <span class='ocrx_word' id='word_1_206' title='bbox 609 2103 699 2149; x_wconf 86' lang='grc' dir='ltr'><strong>ταῖς</strong></span> <span class='ocrx_word' id='word_1_207' title='bbox 722 2099 946 2160; x_wconf 77' lang='grc' dir='ltr'><strong>ὑπεροχαῖς</strong></span> <span class='ocrx_word' id='word_1_208' title='bbox 967 2095 1039 2143; x_wconf 76' lang='grc' dir='ltr'>καὶ</span> <span class='ocrx_word' id='word_1_209' title='bbox 1072 2096 1145 2150; x_wconf 74' lang='grc' dir='ltr'>τὰς</span> <span class='ocrx_word' id='word_1_210' title='bbox 1177 2096 1375 2158; x_wconf 84' lang='grc' dir='ltr'><strong>μεγίστας</strong></span> 
     </span>
     <span class='ocr_line' id='line_1_29' title="bbox 132 2165 1374 2230; baseline -0.001 -18"><span class='ocrx_word' id='word_1_211' title='bbox 132 2165 347 2228; x_wconf 78' lang='grc' dir='ltr'><strong>βασιλείας</strong></span> <span class='ocrx_word' id='word_1_212' title='bbox 370 2166 499 2230; x_wconf 78' lang='grc' dir='ltr'><strong>ἄρδην</strong></span> <span class='ocrx_word' id='word_1_213' title='bbox 514 2165 796 2228; x_wconf 80' lang='grc' dir='ltr'><strong>ἀνῃρημένας,</strong></span> <span class='ocrx_word' id='word_1_214' title='bbox 815 2165 890 2221; x_wconf 85' lang='grc' dir='ltr'>τὴν</span> <span class='ocrx_word' id='word_1_215' title='bbox 909 2165 1176 2229; x_wconf 81' lang='grc' dir='ltr'><strong>Κασάνδρου,</strong></span> <span class='ocrx_word' id='word_1_216' title='bbox 1193 2166 1270 2223; x_wconf 83' lang='grc' dir='ltr'>τὴν</span> <span class='ocrx_word' id='word_1_217' title='bbox 1282 2170 1374 2215; x_wconf 82' lang='grc' dir='ltr'>Λυ-</span> 
     </span>
     <span class='ocr_line' id='line_1_30' title="bbox 130 2228 1374 2299; baseline 0.002 -17"><span class='ocrx_word' id='word_1_218' title='bbox 130 2235 340 2299; x_wconf 84' lang='grc' dir='ltr'><strong>σιμάχου,</strong></span> <span class='ocrx_word' id='word_1_219' title='bbox 362 2235 437 2292; x_wconf 78' lang='grc' dir='ltr'>τὴν</span> <span class='ocrx_word' id='word_1_220' title='bbox 459 2235 725 2298; x_wconf 70' lang='grc' dir='ltr'><strong>Ἀλεξάνδρου</strong></span> <span class='ocrx_word' id='word_1_221' title='bbox 747 2234 1001 2293; x_wconf 68' lang='grc' dir='ltr'><strong>τηλικαύτην</strong></span> <span class='ocrx_word' id='word_1_222' title='bbox 1025 2228 1166 2294; x_wconf 62' lang='grc' dir='ltr'><strong>οὖσαν,</strong></span> <span class='ocrx_word' id='word_1_223' title='bbox 1185 2235 1259 2293; x_wconf 81' lang='grc' dir='ltr'>τὴν</span> <span class='ocrx_word' id='word_1_224' title='bbox 1283 2237 1374 2294; x_wconf 81' lang='grc' dir='ltr'>Μή·</span> 
     </span>
    </p>

    <p class='ocr_par' dir='ltr' id='par_1_9' title="bbox 66 2303 1375 2647">
     <span class='ocr_line' id='line_1_31' title="bbox 66 2303 1372 2368; baseline 0.002 -20"><span class='ocrx_word' id='word_1_225' title='bbox 66 2320 108 2348; x_wconf 79' lang='lat'>³0</span> <span class='ocrx_word' id='word_1_226' title='bbox 131 2306 225 2362; x_wconf 84' lang='grc' dir='ltr'><strong>δων,</strong></span> <span class='ocrx_word' id='word_1_227' title='bbox 241 2303 319 2361; x_wconf 77' lang='grc' dir='ltr'>τὴν</span> <span class='ocrx_word' id='word_1_228' title='bbox 342 2304 511 2367; x_wconf 87' lang='grc' dir='ltr'><strong>Σύρων,</strong></span> <span class='ocrx_word' id='word_1_229' title='bbox 535 2304 611 2360; x_wconf 81' lang='grc' dir='ltr'>τὴν</span> <span class='ocrx_word' id='word_1_230' title='bbox 633 2306 820 2368; x_wconf 86' lang='grc' dir='ltr'><strong>Περσῶν,</strong></span> <span class='ocrx_word' id='word_1_231' title='bbox 839 2304 945 2351; x_wconf 82' lang='grc' dir='ltr'><strong>ὥστε</strong></span> <span class='ocrx_word' id='word_1_232' title='bbox 973 2303 1079 2366; x_wconf 81' lang='grc' dir='ltr'><strong>μηδὲ</strong></span> <span class='ocrx_word' id='word_1_233' title='bbox 1099 2305 1267 2368; x_wconf 84' lang='grc' dir='ltr'><strong>σπέρμα</strong></span> <span class='ocrx_word' id='word_1_234' title='bbox 1290 2324 1372 2352; x_wconf 94' lang='grc' dir='ltr'>κα-</span> 
     </span>
     <span class='ocr_line' id='line_1_32' title="bbox 128 2373 1375 2439; baseline 0.001 -18"><span class='ocrx_word' id='word_1_235' title='bbox 128 2376 391 2439; x_wconf 82' lang='grc' dir='ltr'><strong>ταλελεῖφθαι</strong></span> <span class='ocrx_word' id='word_1_236' title='bbox 415 2378 485 2420; x_wconf 75' lang='grc' dir='ltr'>τοῦ</span> <span class='ocrx_word' id='word_1_237' title='bbox 514 2374 668 2436; x_wconf 81' lang='grc' dir='ltr'><strong>γένους.</strong></span> <span class='ocrx_word' id='word_1_238' title='bbox 690 2376 784 2422; x_wconf 82' lang='grc' dir='ltr'>Οὐκ</span> <span class='ocrx_word' id='word_1_239' title='bbox 815 2373 997 2435; x_wconf 81' lang='grc' dir='ltr'><strong>ἀλόγως·</strong></span> <span class='ocrx_word' id='word_1_240' title='bbox 1021 2374 1110 2421; x_wconf 89' lang='grc' dir='ltr'><strong>νέου</strong></span> <span class='ocrx_word' id='word_1_241' title='bbox 1132 2374 1213 2439; x_wconf 73' lang='grc' dir='ltr'>γὰρ</span> <span class='ocrx_word' id='word_1_242' title='bbox 1238 2375 1375 2422; x_wconf 79' lang='grc' dir='ltr'><strong>πολλὰ</strong></span> 
     </span>
     <span class='ocr_line' id='line_1_33' title="bbox 130 2442 1373 2507; baseline 0.002 -17"><span class='ocrx_word' id='word_1_243' title='bbox 130 2444 204 2504; x_wconf 80' lang='grc' dir='ltr'>μὲν</span> <span class='ocrx_word' id='word_1_244' title='bbox 224 2446 464 2507; x_wconf 77' lang='grc' dir='ltr'><strong>ἀγνοοῦντος</strong></span> <span class='ocrx_word' id='word_1_245' title='bbox 495 2443 562 2489; x_wconf 76' lang='grc' dir='ltr'>διὰ</span> <span class='ocrx_word' id='word_1_246' title='bbox 597 2442 672 2500; x_wconf 80' lang='grc' dir='ltr'>τὴν</span> <span class='ocrx_word' id='word_1_247' title='bbox 702 2443 885 2501; x_wconf 88' lang='grc' dir='ltr'><strong>ἡλικίαν,</strong></span> <span class='ocrx_word' id='word_1_248' title='bbox 911 2444 1209 2506; x_wconf 80' lang='grc' dir='ltr'><strong>εὐλογουμένου</strong></span> <span class='ocrx_word' id='word_1_249' title='bbox 1234 2444 1277 2491; x_wconf 84' lang='grc' dir='ltr'>δὲ</span> <span class='ocrx_word' id='word_1_250' title='bbox 1305 2445 1373 2493; x_wconf 77' lang='grc' dir='ltr'><strong>ἐπὶ</strong></span> 
     </span>
     <span class='ocr_line' id='line_1_34' title="bbox 126 2513 1372 2578; baseline 0.002 -18"><span class='ocrx_word' id='word_1_251' title='bbox 126 2514 210 2566; x_wconf 81' lang='grc' dir='ltr'><strong>τοῖς</strong></span> <span class='ocrx_word' id='word_1_252' title='bbox 240 2513 540 2578; x_wconf 76' lang='grc' dir='ltr'><strong>ἁμαρτήμασιν</strong></span> <span class='ocrx_word' id='word_1_253' title='bbox 573 2513 689 2560; x_wconf 79' lang='grc' dir='ltr'><strong>οὐδὲν</strong></span> <span class='ocrx_word' id='word_1_254' title='bbox 731 2513 1043 2578; x_wconf 81' lang='grc' dir='ltr'><strong>σφαλερώτερον</strong></span> <span class='ocrx_word' id='word_1_255' title='bbox 1083 2515 1175 2561; x_wconf 73' lang='grc' dir='ltr'><strong>οὐδὲ</strong></span> <span class='ocrx_word' id='word_1_256' title='bbox 1203 2517 1372 2562; x_wconf 78' lang='grc' dir='ltr'><strong>ἐπικιν-</strong></span> 
     </span>
     <span class='ocr_line' id='line_1_35' title="bbox 129 2582 1374 2647; baseline 0.004 -19"><span class='ocrx_word' id='word_1_257' title='bbox 129 2583 358 2647; x_wconf 84' lang='grc' dir='ltr'><strong>δυνότερον.</strong></span> <span class='ocrx_word' id='word_1_258' title='bbox 390 2582 447 2631; x_wconf 83' lang='lat' dir='ltr'>‘O</span> <span class='ocrx_word' id='word_1_259' title='bbox 469 2587 566 2645; x_wconf 72' lang='grc' dir='ltr'><strong>γοῦν</strong></span> <span class='ocrx_word' id='word_1_260' title='bbox 600 2582 884 2646; x_wconf 82' lang='grc' dir='ltr'><strong>Ἀλέξανδρος,</strong></span> <span class='ocrx_word' id='word_1_261' title='bbox 915 2583 1117 2641; x_wconf 80' lang='grc' dir='ltr'><strong>ἀήττητος</strong></span> <span class='ocrx_word' id='word_1_262' title='bbox 1148 2582 1205 2631; x_wconf 79' lang='grc' dir='ltr'>ὧν</span> <span class='ocrx_word' id='word_1_263' title='bbox 1225 2586 1267 2631; x_wconf 76' lang='grc' dir='ltr'>ἐν</span> <span class='ocrx_word' id='word_1_264' title='bbox 1290 2592 1374 2639; x_wconf 87' lang='grc' dir='ltr'><strong>τοῖς</strong></span> 
     </span>
    </p>

    <p class='ocr_par' dir='ltr' id='par_1_10' title="bbox 69 2646 1372 2922">
     <span class='ocr_line' id='line_1_36' title="bbox 69 2646 1371 2718; baseline 0.005 -23"><span class='ocrx_word' id='word_1_265' title='bbox 69 2665 111 2695; x_wconf 66' lang='lat' dir='ltr'>aa</span> <span class='ocrx_word' id='word_1_266' title='bbox 130 2653 293 2709; x_wconf 79' lang='grc' dir='ltr'><strong>ὅπλοις,</strong></span> <span class='ocrx_word' id='word_1_267' title='bbox 314 2653 611 2706; x_wconf 72' lang='grc' dir='ltr'><strong>ἀσθενέστατος</strong></span> <span class='ocrx_word' id='word_1_268' title='bbox 629 2646 679 2709; x_wconf 69' lang='grc' dir='ltr'>ἦν</span> <span class='ocrx_word' id='word_1_269' title='bbox 697 2655 738 2698; x_wconf 79' lang='grc' dir='ltr'>ἐν</span> <span class='ocrx_word' id='word_1_270' title='bbox 754 2660 843 2706; x_wconf 86' lang='grc' dir='ltr'><strong>ταῖς</strong></span> <span class='ocrx_word' id='word_1_271' title='bbox 858 2653 1058 2714; x_wconf 82' lang='grc' dir='ltr'><strong>ὁμιλίαις·</strong></span> <span class='ocrx_word' id='word_1_272' title='bbox 1077 2654 1270 2711; x_wconf 84' lang='grc' dir='ltr'><strong>ἡλίσκετο</strong></span> <span class='ocrx_word' id='word_1_273' title='bbox 1291 2655 1371 2718; x_wconf 78' lang='grc' dir='ltr'>γὰρ</span> 
     </span>
     <span class='ocr_line' id='line_1_37' title="bbox 129 2721 1372 2786; baseline 0.002 -19"><span class='ocrx_word' id='word_1_274' title='bbox 129 2721 209 2767; x_wconf 75' lang='grc' dir='ltr'><strong>ὑπὸ</strong></span> <span class='ocrx_word' id='word_1_275' title='bbox 230 2725 311 2767; x_wconf 88' lang='grc' dir='ltr'>τῶν</span> <span class='ocrx_word' id='word_1_276' title='bbox 331 2722 527 2779; x_wconf 82' lang='grc' dir='ltr'><strong>ἐπαίνων,</strong></span> <span class='ocrx_word' id='word_1_277' title='bbox 549 2723 620 2767; x_wconf 78' lang='grc' dir='ltr'>καὶ</span> <span class='ocrx_word' id='word_1_278' title='bbox 636 2722 739 2775; x_wconf 74' lang='grc' dir='ltr'><strong>Ζεὺς</strong></span> <span class='ocrx_word' id='word_1_279' title='bbox 760 2723 1012 2784; x_wconf 88' lang='grc' dir='ltr'><strong>καλούμενος</strong></span> <span class='ocrx_word' id='word_1_280' title='bbox 1034 2725 1080 2770; x_wconf 80' lang='grc' dir='ltr'><strong>οὔ</strong></span> <span class='ocrx_word' id='word_1_281' title='bbox 1100 2725 1372 2786; x_wconf 85' lang='grc' dir='ltr'><strong>χλευάζεσθαι</strong></span> 
     </span>
     <span class='ocr_line' id='line_1_38' title="bbox 130 2790 1369 2855; baseline 0.003 -20"><span class='ocrx_word' id='word_1_282' title='bbox 130 2790 313 2849; x_wconf 73' lang='grc' dir='ltr'><strong>ἰνόμιζεν</strong></span> <span class='ocrx_word' id='word_1_283' title='bbox 333 2790 441 2835; x_wconf 80' lang='grc' dir='ltr'><strong>ἀλλὰ</strong></span> <span class='ocrx_word' id='word_1_284' title='bbox 467 2795 689 2850; x_wconf 79' lang='grc' dir='ltr'><strong>τιμᾶσθαι,</strong></span> <span class='ocrx_word' id='word_1_285' title='bbox 705 2795 785 2837; x_wconf 85' lang='grc' dir='ltr'>τῶν</span> <span class='ocrx_word' id='word_1_286' title='bbox 803 2792 878 2853; x_wconf 76' lang='grc' dir='ltr'>μὲν</span> <span class='ocrx_word' id='word_1_287' title='bbox 910 2792 1121 2839; x_wconf 81' lang='grc' dir='ltr'><strong>ἀδυνάτων</strong></span> <span class='ocrx_word' id='word_1_288' title='bbox 1142 2794 1369 2855; x_wconf 79' lang='grc' dir='ltr'><strong>ἐπιθυμῶν,</strong></span> 
     </span>
     <span class='ocr_line' id='line_1_39' title="bbox 127 2859 1312 2922; baseline 0.002 -17"><span class='ocrx_word' id='word_1_289' title='bbox 127 2862 201 2916; x_wconf 77' lang='grc' dir='ltr'>τῆς</span> <span class='ocrx_word' id='word_1_290' title='bbox 222 2860 265 2906; x_wconf 73' lang='grc' dir='ltr'>δὲ</span> <span class='ocrx_word' id='word_1_291' title='bbox 294 2859 453 2922; x_wconf 88' lang='grc' dir='ltr'><strong>φύσεως</strong></span> <span class='ocrx_word' id='word_1_292' title='bbox 476 2859 816 2921; x_wconf 71' lang='grc' dir='ltr'><strong>ἐπιλελησμένος.</strong></span> <span class='ocrx_word' id='word_1_293' title='bbox 1303 2860 1312 2867; x_wconf 79' lang='grc'><strong><em>’</em></strong></span> 
     </span>
    </p>

    <p class='ocr_par' dir='ltr' id='par_1_11' title="bbox 195 2928 1370 2993">
     <span class='ocr_line' id='line_1_40' title="bbox 195 2928 1370 2993; baseline 0.003 -18"><span class='ocrx_word' id='word_1_294' title='bbox 195 2945 247 2977; x_wconf 78' lang='grc'>18.</span> <span class='ocrx_word' id='word_1_295' title='bbox 265 2928 403 2976; x_wconf 80' lang='grc' dir='ltr'><strong>Ὅταν</strong></span> <span class='ocrx_word' id='word_1_296' title='bbox 423 2931 446 2974; x_wconf 87' lang='lat'>6</span> <span class='ocrx_word' id='word_1_297' title='bbox 466 2929 714 2990; x_wconf 79' lang='grc' dir='ltr'><strong>δημαγωγὸς</strong></span> <span class='ocrx_word' id='word_1_298' title='bbox 732 2935 816 2981; x_wconf 89' lang='grc' dir='ltr'><strong>τοῖς</strong></span> <span class='ocrx_word' id='word_1_299' title='bbox 839 2931 1004 2983; x_wconf 83' lang='grc' dir='ltr'><strong>πολλοῖς</strong></span> <span class='ocrx_word' id='word_1_300' title='bbox 1028 2930 1293 2993; x_wconf 84' lang='grc' dir='ltr'><strong>διαλέγηται,</strong></span> <span class='ocrx_word' id='word_1_301' title='bbox 1311 2931 1370 2992; x_wconf 76' lang='grc' dir='ltr'><strong>μὴ</strong></span> 
     </span>
    </p>

    <p class='ocr_par' dir='ltr' id='par_1_12' title="bbox 66 2997 1373 3341">
     <span class='ocr_line' id='line_1_41' title="bbox 66 2997 1371 3061; baseline 0.001 -16"><span class='ocrx_word' id='word_1_302' title='bbox 66 3006 110 3038; x_wconf 75' lang='lat'>⁴0</span> <span class='ocrx_word' id='word_1_303' title='bbox 127 2997 203 3056; x_wconf 72' lang='grc' dir='ltr'>τὴν</span> <span class='ocrx_word' id='word_1_304' title='bbox 222 3001 293 3045; x_wconf 79' lang='grc' dir='ltr'>τοῦ</span> <span class='ocrx_word' id='word_1_305' title='bbox 314 2998 432 3061; x_wconf 88' lang='grc' dir='ltr'><strong>φίλου</strong></span> <span class='ocrx_word' id='word_1_306' title='bbox 462 2998 578 3052; x_wconf 83' lang='grc' dir='ltr'><strong>τάξιν</strong></span> <span class='ocrx_word' id='word_1_307' title='bbox 600 2998 940 3059; x_wconf 79' lang='grc' dir='ltr'><strong>ὑποστησάμενος</strong></span> <span class='ocrx_word' id='word_1_308' title='bbox 954 3036 967 3059; x_wconf 95' lang='grc'>,</span> <span class='ocrx_word' id='word_1_309' title='bbox 989 2999 1097 3045; x_wconf 77' lang='grc' dir='ltr'><strong>ἀλλὰ</strong></span> <span class='ocrx_word' id='word_1_310' title='bbox 1116 3000 1190 3055; x_wconf 76' lang='grc' dir='ltr'>τὴν</span> <span class='ocrx_word' id='word_1_311' title='bbox 1208 3004 1279 3047; x_wconf 75' lang='grc' dir='ltr'>τοῦ</span> <span class='ocrx_word' id='word_1_312' title='bbox 1301 3002 1371 3046; x_wconf 87' lang='grc' dir='ltr'>κό-</span> 
     </span>
     <span class='ocr_line' id='line_1_42' title="bbox 127 3068 1373 3132; baseline -0.002 -16"><span class='ocrx_word' id='word_1_313' title='bbox 127 3070 269 3129; x_wconf 84' lang='grc' dir='ltr'><strong>λακος,</strong></span> <span class='ocrx_word' id='word_1_314' title='bbox 283 3071 312 3125; x_wconf 78' lang='grc' dir='ltr'>ἡ</span> <span class='ocrx_word' id='word_1_315' title='bbox 326 3070 408 3114; x_wconf 84' lang='grc' dir='ltr'>τῶν</span> <span class='ocrx_word' id='word_1_316' title='bbox 422 3068 559 3130; x_wconf 80' lang='grc' dir='ltr'><strong>ὄχλων</strong></span> <span class='ocrx_word' id='word_1_317' title='bbox 572 3068 681 3131; x_wconf 74' lang='grc' dir='ltr'><strong>ὁρμὴ</strong></span> <span class='ocrx_word' id='word_1_318' title='bbox 697 3068 928 3131; x_wconf 71' lang='grc' dir='ltr'><strong>βεὸαιωτὴν</strong></span> <span class='ocrx_word' id='word_1_319' title='bbox 948 3068 1136 3115; x_wconf 66' lang='grc' dir='ltr'><strong>λαθοῦσα</strong></span> <span class='ocrx_word' id='word_1_320' title='bbox 1151 3072 1223 3125; x_wconf 83' lang='grc' dir='ltr'>τῆς</span> <span class='ocrx_word' id='word_1_321' title='bbox 1238 3070 1373 3132; x_wconf 81' lang='grc' dir='ltr'><strong>ἁμαρ·</strong></span> 
     </span>
     <span class='ocr_line' id='line_1_43' title="bbox 127 3136 1371 3202; baseline 0 -18"><span class='ocrx_word' id='word_1_322' title='bbox 127 3138 218 3191; x_wconf 87' lang='grc' dir='ltr'><strong>τίας</strong></span> <span class='ocrx_word' id='word_1_323' title='bbox 242 3137 311 3184; x_wconf 77' lang='grc' dir='ltr'>τὸν</span> <span class='ocrx_word' id='word_1_324' title='bbox 335 3136 573 3199; x_wconf 74' lang='grc' dir='ltr'><strong>σύμόουλον</strong></span> <span class='ocrx_word' id='word_1_325' title='bbox 603 3137 800 3202; x_wconf 78' lang='grc' dir='ltr'><strong>ἀνέτρεψε</strong></span> <span class='ocrx_word' id='word_1_326' title='bbox 832 3137 907 3195; x_wconf 80' lang='grc' dir='ltr'>τὴν</span> <span class='ocrx_word' id='word_1_327' title='bbox 943 3139 1080 3186; x_wconf 92' lang='grc' dir='ltr'><strong>πόλιν.</strong></span> <span class='ocrx_word' id='word_1_328' title='bbox 1117 3138 1371 3195; x_wconf 82' lang='grc' dir='ltr'><strong>Ἐνσκήπτει</strong></span> 
     </span>
     <span class='ocr_line' id='line_1_44' title="bbox 129 3207 1370 3271; baseline 0.002 -17"><span class='ocrx_word' id='word_1_329' title='bbox 129 3208 210 3271; x_wconf 70' lang='grc' dir='ltr'>γὰρ</span> <span class='ocrx_word' id='word_1_330' title='bbox 233 3211 255 3255; x_wconf 88' lang='lat'>6</span> <span class='ocrx_word' id='word_1_331' title='bbox 275 3210 418 3269; x_wconf 86' lang='grc' dir='ltr'><strong>μῶμος</strong></span> <span class='ocrx_word' id='word_1_332' title='bbox 450 3208 498 3255; x_wconf 81' lang='grc' dir='ltr'><strong>οὗ</strong></span> <span class='ocrx_word' id='word_1_333' title='bbox 525 3207 635 3255; x_wconf 78' lang='grc' dir='ltr'><strong>κατὰ</strong></span> <span class='ocrx_word' id='word_1_334' title='bbox 664 3211 747 3255; x_wconf 86' lang='grc' dir='ltr'>τῶν</span> <span class='ocrx_word' id='word_1_335' title='bbox 768 3207 968 3254; x_wconf 74' lang='grc' dir='ltr'><strong>ὑπαιτίων</strong></span> <span class='ocrx_word' id='word_1_336' title='bbox 989 3208 1127 3269; x_wconf 92' lang='grc' dir='ltr'><strong>μόνον,</strong></span> <span class='ocrx_word' id='word_1_337' title='bbox 1160 3209 1269 3254; x_wconf 77' lang='grc' dir='ltr'><strong>ἀλλὰ</strong></span> <span class='ocrx_word' id='word_1_338' title='bbox 1299 3209 1370 3256; x_wconf 81' lang='grc' dir='ltr'>καὶ</span> 
     </span>
     <span class='ocr_line' id='line_1_45' title="bbox 129 3270 1368 3341; baseline 0.002 -18"><span class='ocrx_word' id='word_1_339' title='bbox 129 3270 188 3330; x_wconf 74' lang='grc' dir='ltr'>οἶς</span> <span class='ocrx_word' id='word_1_340' title='bbox 206 3277 255 3324; x_wconf 80' lang='grc' dir='ltr'>ἂν</span> <span class='ocrx_word' id='word_1_341' title='bbox 279 3281 301 3324; x_wconf 86' lang='lat'>6</span> <span class='ocrx_word' id='word_1_342' title='bbox 324 3278 465 3339; x_wconf 81' lang='grc' dir='ltr'><strong>φθόνος</strong></span> <span class='ocrx_word' id='word_1_343' title='bbox 480 3279 593 3341; x_wconf 77' lang='grc' dir='ltr'><strong>αὐτῷ</strong></span> <span class='ocrx_word' id='word_1_344' title='bbox 614 3277 688 3334; x_wconf 76' lang='grc' dir='ltr'>τὴν</span> <span class='ocrx_word' id='word_1_345' title='bbox 709 3277 851 3341; x_wconf 78' lang='grc' dir='ltr'><strong>ἔφοδον</strong></span> <span class='ocrx_word' id='word_1_346' title='bbox 874 3277 1261 3341; x_wconf 76' lang='grc' dir='ltr'><strong>πρωδοποιήσαιτο.</strong></span> <span class='ocrx_word' id='word_1_347' title='bbox 1294 3276 1368 3325; x_wconf 79' lang='lat' dir='ltr'>&#39;&#39;ll-</span> 
     </span>
    </p>

    <p class='ocr_par' dir='ltr' id='par_1_13' title="bbox 64 3347 1370 3604">
     <span class='ocr_line' id='line_1_46' title="bbox 64 3347 1369 3411; baseline 0.001 -17"><span class='ocrx_word' id='word_1_348' title='bbox 64 3357 107 3389; x_wconf 74' lang='lat'>⁴⁵</span> <span class='ocrx_word' id='word_1_349' title='bbox 129 3349 275 3411; x_wconf 83' lang='grc' dir='ltr'><strong>κρατεῖ</strong></span> <span class='ocrx_word' id='word_1_350' title='bbox 289 3348 369 3411; x_wconf 79' lang='grc' dir='ltr'>γὰρ</span> <span class='ocrx_word' id='word_1_351' title='bbox 398 3351 421 3394; x_wconf 91' lang='lat'>6</span> <span class='ocrx_word' id='word_1_352' title='bbox 445 3353 591 3409; x_wconf 87' lang='grc' dir='ltr'><strong>μῶμος</strong></span> <span class='ocrx_word' id='word_1_353' title='bbox 618 3349 664 3395; x_wconf 79' lang='grc' dir='ltr'><strong>οὗ</strong></span> <span class='ocrx_word' id='word_1_354' title='bbox 683 3351 765 3395; x_wconf 89' lang='grc' dir='ltr'>τῶν</span> <span class='ocrx_word' id='word_1_355' title='bbox 785 3348 985 3395; x_wconf 77' lang='grc' dir='ltr'><strong>ὑπαιτίων</strong></span> <span class='ocrx_word' id='word_1_356' title='bbox 1006 3348 1143 3406; x_wconf 88' lang='grc' dir='ltr'><strong>μόνον,</strong></span> <span class='ocrx_word' id='word_1_357' title='bbox 1170 3347 1261 3394; x_wconf 77' lang='grc' dir='ltr'><strong>ἀλλ’</strong></span> <span class='ocrx_word' id='word_1_358' title='bbox 1287 3347 1369 3395; x_wconf 73' lang='lat'>1⁶0⁹</span> 
     </span>
     <span class='ocr_line' id='line_1_47' title="bbox 130 3416 1370 3482; baseline 0.002 -21"><span class='ocrx_word' id='word_1_359' title='bbox 130 3416 196 3461; x_wconf 79' lang='grc' dir='ltr'>ὅτε</span> <span class='ocrx_word' id='word_1_360' title='bbox 215 3416 286 3461; x_wconf 81' lang='grc' dir='ltr'>καὶ</span> <span class='ocrx_word' id='word_1_361' title='bbox 307 3421 388 3463; x_wconf 87' lang='grc' dir='ltr'>τῶν</span> <span class='ocrx_word' id='word_1_362' title='bbox 413 3417 766 3481; x_wconf 76' lang='grc' dir='ltr'><strong>ἐπικρατεστέρων</strong></span> <span class='ocrx_word' id='word_1_363' title='bbox 800 3417 955 3474; x_wconf 74' lang='grc' dir='ltr'><strong>αἰτίας,</strong></span> <span class='ocrx_word' id='word_1_364' title='bbox 980 3416 1145 3464; x_wconf 74' lang='grc' dir='ltr'><strong>ἐπειδὰν</strong></span> <span class='ocrx_word' id='word_1_365' title='bbox 1176 3420 1198 3463; x_wconf 91' lang='lat'>6</span> <span class='ocrx_word' id='word_1_366' title='bbox 1230 3418 1370 3482; x_wconf 84' lang='grc' dir='ltr'><strong>φθόνος</strong></span> 
     </span>
     <span class='ocr_line' id='line_1_48' title="bbox 130 3485 1370 3552; baseline 0.002 -23"><span class='ocrx_word' id='word_1_367' title='bbox 130 3485 276 3546; x_wconf 84' lang='grc' dir='ltr'><strong>πικρὸν</strong></span> <span class='ocrx_word' id='word_1_368' title='bbox 307 3486 353 3531; x_wconf 80' lang='grc' dir='ltr'><strong>τὸ</strong></span> <span class='ocrx_word' id='word_1_369' title='bbox 389 3487 504 3547; x_wconf 88' lang='grc' dir='ltr'><strong>βέλος</strong></span> <span class='ocrx_word' id='word_1_370' title='bbox 524 3487 638 3550; x_wconf 76' lang='grc' dir='ltr'><strong>ἀφεὶς</strong></span> <span class='ocrx_word' id='word_1_371' title='bbox 667 3488 1051 3552; x_wconf 84' lang='grc' dir='ltr'><strong>προκατειργάσατο</strong></span> <span class='ocrx_word' id='word_1_372' title='bbox 1073 3487 1141 3534; x_wconf 81' lang='grc' dir='ltr'>τὸν</span> <span class='ocrx_word' id='word_1_373' title='bbox 1162 3488 1236 3534; x_wconf 81' lang='grc' dir='ltr'><strong>οὔκ</strong></span> <span class='ocrx_word' id='word_1_374' title='bbox 1259 3486 1370 3541; x_wconf 82' lang='grc' dir='ltr'><strong>ἄξιον</strong></span> 
     </span>
     <span class='ocr_line' id='line_1_49' title="bbox 129 3554 501 3604; baseline 0.008 -3"><span class='ocrx_word' id='word_1_375' title='bbox 129 3558 250 3601; x_wconf 70' lang='grc' dir='ltr'><strong>τοῦτο</strong></span> <span class='ocrx_word' id='word_1_376' title='bbox 271 3554 501 3604; x_wconf 76' lang='grc' dir='ltr'><strong>πείσεσθαι.</strong></span> 
     </span>
    </p>

    <p class='ocr_par' dir='ltr' id='par_1_14' title="bbox 197 3625 1367 3688">
     <span class='ocr_line' id='line_1_50' title="bbox 197 3625 1367 3688; baseline 0.002 -18"><span class='ocrx_word' id='word_1_377' title='bbox 197 3639 252 3670; x_wconf 71' lang='grc' dir='ltr'>ιν.</span> <span class='ocrx_word' id='word_1_378' title='bbox 288 3625 484 3685; x_wconf 82' lang='grc' dir='ltr'><strong>Χρῶνται</strong></span> <span class='ocrx_word' id='word_1_379' title='bbox 523 3625 565 3671; x_wconf 81' lang='grc' dir='ltr'>δὲ</span> <span class='ocrx_word' id='word_1_380' title='bbox 600 3627 667 3672; x_wconf 73' lang='grc' dir='ltr'><strong>ἐπὶ</strong></span> <span class='ocrx_word' id='word_1_381' title='bbox 702 3630 781 3673; x_wconf 88' lang='grc' dir='ltr'>τῶν</span> <span class='ocrx_word' id='word_1_382' title='bbox 805 3627 1001 3673; x_wconf 83' lang='grc' dir='ltr'><strong>κινδύνων</strong></span> <span class='ocrx_word' id='word_1_383' title='bbox 1026 3630 1106 3673; x_wconf 89' lang='grc' dir='ltr'>τῶν</span> <span class='ocrx_word' id='word_1_384' title='bbox 1131 3629 1367 3688; x_wconf 86' lang='grc' dir='ltr'><strong>πολεμικῶν</strong></span> 
     </span>
    </p>
   </div>
   <div class='ocr_carea' id='block_1_3' title="bbox 131 3790 1374 4099">
    <p class='ocr_par' dir='ltr' id='par_1_15' title="bbox 187 3790 1235 3850">
     <span class='ocr_line' id='line_1_51' title="bbox 187 3790 1235 3850; baseline 0.001 -15"><span class='ocrx_word' id='word_1_385' title='bbox 187 3791 404 3846; x_wconf 77' lang='lat' dir='ltr'>§15‚lln.</span> <span class='ocrx_word' id='word_1_386' title='bbox 430 3806 470 3846; x_wconf 93' lang='lat'>7.</span> <span class='ocrx_word' id='word_1_387' title='bbox 495 3790 850 3849; x_wconf 75' lang='grc' dir='ltr'><strong>ἐπαγγελίαν]</strong></span> <span class='ocrx_word' id='word_1_388' title='bbox 878 3793 1121 3850; x_wconf 73' lang='grc' dir='ltr'><strong>ἀπαγγελίαν</strong></span> <span class='ocrx_word' id='word_1_389' title='bbox 1150 3797 1235 3837; x_wconf 79' lang='grc' dir='ltr'>ΑΒ.</span> 
     </span>
    </p>

    <p class='ocr_par' dir='ltr' id='par_1_16' title="bbox 131 3853 1374 4036">
     <span class='ocr_line' id='line_1_52' title="bbox 186 3853 1374 3912; baseline 0 -14"><span class='ocrx_word' id='word_1_390' title='bbox 186 3857 211 3908; x_wconf 81' lang='lat' dir='ltr'>S</span> <span class='ocrx_word' id='word_1_391' title='bbox 231 3859 300 3907; x_wconf 85' lang='lat'>17,</span> <span class='ocrx_word' id='word_1_392' title='bbox 323 3853 353 3896; x_wconf 86' lang='lat' dir='ltr'>l.</span> <span class='ocrx_word' id='word_1_393' title='bbox 382 3868 449 3909; x_wconf 81' lang='lat'>19.</span> <span class='ocrx_word' id='word_1_394' title='bbox 471 3853 685 3897; x_wconf 68' lang='grc' dir='ltr'><strong>ἔπίὸαλλον</strong></span> <span class='ocrx_word' id='word_1_395' title='bbox 704 3869 797 3910; x_wconf 82' lang='lat' dir='ltr'>vgo.</span> <span class='ocrx_word' id='word_1_396' title='bbox 832 3860 846 3907; x_wconf 66' lang='grc' dir='ltr'><strong>η</strong></span> <span class='ocrx_word' id='word_1_397' title='bbox 868 3880 924 3887; x_wconf 93' lang='grc'><strong>-</strong></span> <span class='ocrx_word' id='word_1_398' title='bbox 944 3858 1011 3898; x_wconf 87' lang='grc' dir='ltr'><strong>3ο.</strong></span> <span class='ocrx_word' id='word_1_399' title='bbox 1040 3858 1236 3912; x_wconf 79' lang='grc' dir='ltr'><strong>σπέρματα</strong></span> <span class='ocrx_word' id='word_1_400' title='bbox 1260 3871 1374 3899; x_wconf 86' lang='grc' dir='ltr'><strong>κατα-</strong></span> 
     </span>
     <span class='ocr_line' id='line_1_53' title="bbox 131 3915 1368 3974; baseline 0.003 -17"><span class='ocrx_word' id='word_1_401' title='bbox 131 3915 333 3973; x_wconf 78' lang='grc' dir='ltr'><strong>λειφθῆναι</strong></span> <span class='ocrx_word' id='word_1_402' title='bbox 351 3917 400 3959; x_wconf 89' lang='lat' dir='ltr'>C.</span> <span class='ocrx_word' id='word_1_403' title='bbox 424 3918 439 3971; x_wconf 85' lang='grc' dir='ltr'>ΙΙ</span> <span class='ocrx_word' id='word_1_404' title='bbox 463 3940 521 3949; x_wconf 92' lang='lat'>—-</span> <span class='ocrx_word' id='word_1_405' title='bbox 542 3920 612 3967; x_wconf 74' lang='grc'>44.</span> <span class='ocrx_word' id='word_1_406' title='bbox 644 3917 727 3958; x_wconf 77' lang='grc' dir='ltr'>καὶ</span> <span class='ocrx_word' id='word_1_407' title='bbox 746 3915 853 3972; x_wconf 82' lang='grc' dir='ltr'><strong>οἷς]</strong></span> <span class='ocrx_word' id='word_1_408' title='bbox 876 3918 940 3958; x_wconf 71' lang='grc' dir='ltr'><strong>καὶ</strong></span> <span class='ocrx_word' id='word_1_409' title='bbox 959 3917 1008 3966; x_wconf 76' lang='grc' dir='ltr'>εἰς</span> <span class='ocrx_word' id='word_1_410' title='bbox 1027 3919 1115 3967; x_wconf 63' lang='grc' dir='ltr'>οὒςὲ</span> <span class='ocrx_word' id='word_1_411' title='bbox 1137 3924 1150 3969; x_wconf 66' lang='lat'>2³.</span> <span class='ocrx_word' id='word_1_412' title='bbox 1170 3944 1227 3951; x_wconf 93' lang='lat'><strong>—</strong></span> <span class='ocrx_word' id='word_1_413' title='bbox 1242 3919 1368 3974; x_wconf 58' lang='lat' dir='ltr'>Ibu&#39;tl]</span> 
     </span>
     <span class='ocr_line' id='line_1_54' title="bbox 132 3978 1367 4036; baseline 0.002 -17"><span class='ocrx_word' id='word_1_414' title='bbox 132 3979 196 4020; x_wconf 67' lang='grc' dir='ltr'>καὶ</span> <span class='ocrx_word' id='word_1_415' title='bbox 213 3978 343 4027; x_wconf 77' lang='grc' dir='ltr'><strong>ἄλλως</strong></span> <span class='ocrx_word' id='word_1_416' title='bbox 358 3994 515 4034; x_wconf 84' lang='lat' dir='ltr'>margo.</span> <span class='ocrx_word' id='word_1_417' title='bbox 532 3980 631 4022; x_wconf 84' lang='lat' dir='ltr'>Mox</span> <span class='ocrx_word' id='word_1_418' title='bbox 645 3993 721 4035; x_wconf 84' lang='lat' dir='ltr'>pro</span> <span class='ocrx_word' id='word_1_419' title='bbox 739 3980 858 4035; x_wconf 86' lang='grc' dir='ltr'><strong>μόνον</strong></span> <span class='ocrx_word' id='word_1_420' title='bbox 874 3980 1002 4021; x_wconf 86' lang='lat' dir='ltr'>codex</span> <span class='ocrx_word' id='word_1_421' title='bbox 1028 3984 1060 4022; x_wconf 89' lang='grc' dir='ltr'>Α</span> <span class='ocrx_word' id='word_1_422' title='bbox 1081 3980 1203 4022; x_wconf 85' lang='lat' dir='ltr'>habet</span> <span class='ocrx_word' id='word_1_423' title='bbox 1222 3982 1367 4036; x_wconf 83' lang='grc' dir='ltr'><strong>μόνων.</strong></span> 
     </span>
    </p>

    <p class='ocr_par' dir='ltr' id='par_1_17' title="bbox 188 4041 1370 4099">
     <span class='ocr_line' id='line_1_55' title="bbox 188 4041 1370 4099; baseline 0.001 -15"><span class='ocrx_word' id='word_1_424' title='bbox 188 4045 211 4094; x_wconf 81' lang='lat' dir='ltr'>S</span> <span class='ocrx_word' id='word_1_425' title='bbox 234 4043 384 4093; x_wconf 56' lang='lat' dir='ltr'>19.,De</span> <span class='ocrx_word' id='word_1_426' title='bbox 404 4043 529 4083; x_wconf 84' lang='lat' dir='ltr'>armis</span> <span class='ocrx_word' id='word_1_427' title='bbox 546 4041 789 4098; x_wconf 80' lang='lat' dir='ltr'>AEthiopum</span> <span class='ocrx_word' id='word_1_428' title='bbox 823 4042 877 4083; x_wconf 85' lang='lat' dir='ltr'>cl&#39;.</span> <span class='ocrx_word' id='word_1_429' title='bbox 900 4042 1074 4083; x_wconf 84' lang='lat' dir='ltr'>Diodor.</span> <span class='ocrx_word' id='word_1_430' title='bbox 1096 4043 1109 4099; x_wconf 89' lang='lat'>(</span> <span class='ocrx_word' id='word_1_431' title='bbox 1133 4045 1209 4094; x_wconf 87' lang='lat'>111,</span> <span class='ocrx_word' id='word_1_432' title='bbox 1232 4047 1272 4094; x_wconf 88' lang='grc'>8,</span> <span class='ocrx_word' id='word_1_433' title='bbox 1296 4047 1319 4093; x_wconf 65' lang='grc' dir='ltr'>Ι.</span> <span class='ocrx_word' id='word_1_434' title='bbox 1337 4045 1370 4099; x_wconf 90' lang='grc'>),</span> 
     </span>
    </p>
   </div>
   <div class='ocr_carea' id='block_1_4' title="bbox 1131 200 1724 252">
    <p class='ocr_par' dir='ltr' id='par_1_18' title="bbox 1131 200 1724 252">
     <span class='ocr_line' id='line_1_56' title="bbox 1131 200 1724 252; baseline 0.007 -4"><span class='ocrx_word' id='word_1_435' title='bbox 1131 202 1212 249; x_wconf 78' lang='lat' dir='ltr'>Ex</span> <span class='ocrx_word' id='word_1_436' title='bbox 1245 200 1724 252; x_wconf 73' lang='lat' dir='ltr'>AGATBAncumE</span> 
     </span>
    </p>
   </div>
   <div class='ocr_carea' id='block_1_5' title="bbox 2439 206 2782 273">
    <p class='ocr_par' dir='ltr' id='par_1_19' title="bbox 2439 206 2782 273">
     <span class='ocr_line' id='line_1_57' title="bbox 2439 206 2782 273; baseline 0.017 -6"><span class='ocrx_word' id='word_1_437' title='bbox 2439 236 2442 238; x_wconf 93' lang='lat'>·</span> <span class='ocrx_word' id='word_1_438' title='bbox 2523 206 2592 267; x_wconf 74' lang='lat'><strong>(¹⁴,</strong></span> <span class='ocrx_word' id='word_1_439' title='bbox 2606 207 2679 273; x_wconf 62' lang='grc' dir='ltr'>ἰ)</span> <span class='ocrx_word' id='word_1_440' title='bbox 2743 212 2782 261; x_wconf 57' lang='lat' dir='ltr'>”s</span> 
     </span>
    </p>
   </div>
   <div class='ocr_carea' id='block_1_6' title="bbox 1435 310 2782 2998">
    <p class='ocr_par' dir='ltr' id='par_1_20' title="bbox 1437 310 2681 437">
     <span class='ocr_line' id='line_1_58' title="bbox 1438 310 2681 373; baseline 0.003 -19"><span class='ocrx_word' id='word_1_441' title='bbox 1438 318 1482 354; x_wconf 87' lang='lat' dir='ltr'>et</span> <span class='ocrx_word' id='word_1_442' title='bbox 1498 310 1553 355; x_wconf 83' lang='lat' dir='ltr'>de</span> <span class='ocrx_word' id='word_1_443' title='bbox 1570 311 1695 355; x_wconf 85' lang='lat' dir='ltr'>rebus</span> <span class='ocrx_word' id='word_1_444' title='bbox 1710 311 1916 370; x_wconf 76' lang='lat' dir='ltr'>perplexis</span> <span class='ocrx_word' id='word_1_445' title='bbox 1945 312 2225 356; x_wconf 72' lang='lat' dir='ltr'>consiliarium</span> <span class='ocrx_word' id='word_1_446' title='bbox 2241 314 2328 356; x_wconf 80' lang='lat' dir='ltr'>liert</span> <span class='ocrx_word' id='word_1_447' title='bbox 2345 314 2581 373; x_wconf 74' lang='lat' dir='ltr'>cupiditatis</span> <span class='ocrx_word' id='word_1_448' title='bbox 2597 329 2681 359; x_wconf 74' lang='lat' dir='ltr'>suoe</span> 
     </span>
     <span class='ocr_line' id='line_1_59' title="bbox 1437 378 1706 437; baseline -0.007 -14"><span class='ocrx_word' id='word_1_449' title='bbox 1437 378 1672 437; x_wconf 83' lang='lat' dir='ltr'>adjutorem</span> <span class='ocrx_word' id='word_1_450' title='bbox 1686 379 1706 421; x_wconf 69' lang='grc' dir='ltr'><strong><em>ἶ</em></strong></span> 
     </span>
    </p>

    <p class='ocr_par' dir='ltr' id='par_1_21' title="bbox 1436 447 2683 907">
     <span class='ocr_line' id='line_1_60' title="bbox 1498 447 2680 507; baseline 0.003 -18"><span class='ocrx_word' id='word_1_451' title='bbox 1498 448 1566 490; x_wconf 81' lang='lat'>15.</span> <span class='ocrx_word' id='word_1_452' title='bbox 1595 447 1702 489; x_wconf 71' lang='lat' dir='ltr'>Nam</span> <span class='ocrx_word' id='word_1_453' title='bbox 1723 447 1757 489; x_wconf 87' lang='lat' dir='ltr'>si</span> <span class='ocrx_word' id='word_1_454' title='bbox 1781 455 1992 492; x_wconf 82' lang='lat' dir='ltr'>tantorum</span> <span class='ocrx_word' id='word_1_455' title='bbox 2028 449 2226 493; x_wconf 87' lang='lat' dir='ltr'>dominus</span> <span class='ocrx_word' id='word_1_456' title='bbox 2257 450 2466 493; x_wconf 82' lang='lat' dir='ltr'>bonorum</span> <span class='ocrx_word' id='word_1_457' title='bbox 2489 452 2680 507; x_wconf 75' lang='lat' dir='ltr'>superior</span> 
     </span>
     <span class='ocr_line' id='line_1_61' title="bbox 1438 525 2683 587; baseline 0.003 -17"><span class='ocrx_word' id='word_1_458' title='bbox 1438 534 1500 570; x_wconf 77' lang='lat' dir='ltr'>est</span> <span class='ocrx_word' id='word_1_459' title='bbox 1521 525 1747 584; x_wconf 86' lang='lat' dir='ltr'>cupiditate</span> <span class='ocrx_word' id='word_1_460' title='bbox 1764 541 1910 571; x_wconf 86' lang='lat' dir='ltr'>eorum</span> <span class='ocrx_word' id='word_1_461' title='bbox 1928 529 2002 585; x_wconf 83' lang='lat' dir='ltr'>qui</span> <span class='ocrx_word' id='word_1_462' title='bbox 2026 529 2065 572; x_wconf 82' lang='lat' dir='ltr'>vi</span> <span class='ocrx_word' id='word_1_463' title='bbox 2092 538 2367 587; x_wconf 82' lang='lat' dir='ltr'>extorquent,</span> <span class='ocrx_word' id='word_1_464' title='bbox 2389 530 2549 572; x_wconf 80' lang='lat' dir='ltr'>beatam</span> <span class='ocrx_word' id='word_1_465' title='bbox 2580 546 2683 587; x_wconf 81' lang='lat' dir='ltr'>prae·</span> 
     </span>
     <span class='ocr_line' id='line_1_62' title="bbox 1436 605 2681 664; baseline 0.002 -15"><span class='ocrx_word' id='word_1_466' title='bbox 1436 605 1534 649; x_wconf 86' lang='lat' dir='ltr'>dieo</span> <span class='ocrx_word' id='word_1_467' title='bbox 1561 605 1628 650; x_wconf 87' lang='lat' dir='ltr'>illa</span> <span class='ocrx_word' id='word_1_468' title='bbox 1666 606 1913 664; x_wconf 81' lang='lat' dir='ltr'>possidentis</span> <span class='ocrx_word' id='word_1_469' title='bbox 1949 607 2211 658; x_wconf 66' lang='lat' dir='ltr'>facultatemg</span> <span class='ocrx_word' id='word_1_470' title='bbox 2249 608 2322 651; x_wconf 86' lang='lat' dir='ltr'>scd</span> <span class='ocrx_word' id='word_1_471' title='bbox 2352 609 2513 652; x_wconf 78' lang='lat' dir='ltr'>auferre</span> <span class='ocrx_word' id='word_1_472' title='bbox 2545 624 2681 652; x_wconf 84' lang='lat' dir='ltr'>armo·</span> 
     </span>
     <span class='ocr_line' id='line_1_63' title="bbox 1436 688 2681 747; baseline 0.002 -18"><span class='ocrx_word' id='word_1_473' title='bbox 1436 700 1531 729; x_wconf 88' lang='lat' dir='ltr'>rum</span> <span class='ocrx_word' id='word_1_474' title='bbox 1554 688 1596 729; x_wconf 76' lang='lat' dir='ltr'>vi</span> <span class='ocrx_word' id='word_1_475' title='bbox 1620 701 1790 730; x_wconf 83' lang='lat' dir='ltr'>munera</span> <span class='ocrx_word' id='word_1_476' title='bbox 1817 702 1902 730; x_wconf 90' lang='lat' dir='ltr'>non</span> <span class='ocrx_word' id='word_1_477' title='bbox 1923 702 2109 745; x_wconf 83' lang='lat' dir='ltr'>possum.</span> <span class='ocrx_word' id='word_1_478' title='bbox 2168 690 2255 733; x_wconf 89' lang='lat' dir='ltr'>Cur</span> <span class='ocrx_word' id='word_1_479' title='bbox 2280 691 2406 745; x_wconf 81' lang='lat' dir='ltr'>igitur</span> <span class='ocrx_word' id='word_1_480' title='bbox 2439 690 2552 747; x_wconf 90' lang='lat' dir='ltr'>quod</span> <span class='ocrx_word' id='word_1_481' title='bbox 2574 690 2681 732; x_wconf 80' lang='lat' dir='ltr'>ellici</span> 
     </span>
     <span class='ocr_line' id='line_1_64' title="bbox 1437 767 2682 827; baseline 0.003 -18"><span class='ocrx_word' id='word_1_482' title='bbox 1437 767 1582 823; x_wconf 86' lang='lat' dir='ltr'>nequit</span> <span class='ocrx_word' id='word_1_483' title='bbox 1602 768 1715 810; x_wconf 86' lang='lat' dir='ltr'>inani</span> <span class='ocrx_word' id='word_1_484' title='bbox 1737 769 2012 825; x_wconf 67' lang='lat' dir='ltr'>promissione</span> <span class='ocrx_word' id='word_1_485' title='bbox 2025 771 2288 821; x_wconf 81' lang='lat' dir='ltr'>annuntiare,</span> <span class='ocrx_word' id='word_1_486' title='bbox 2308 779 2349 812; x_wconf 90' lang='lat' dir='ltr'>et</span> <span class='ocrx_word' id='word_1_487' title='bbox 2366 770 2419 812; x_wconf 90' lang='lat' dir='ltr'>de</span> <span class='ocrx_word' id='word_1_488' title='bbox 2440 785 2512 827; x_wconf 87' lang='lat' dir='ltr'>spe</span> <span class='ocrx_word' id='word_1_489' title='bbox 2528 773 2682 813; x_wconf 86' lang='lat' dir='ltr'>incerta</span> 
     </span>
     <span class='ocr_line' id='line_1_65' title="bbox 1437 847 2595 907; baseline 0.004 -19"><span class='ocrx_word' id='word_1_490' title='bbox 1437 847 1567 901; x_wconf 86' lang='lat' dir='ltr'>magis</span> <span class='ocrx_word' id='word_1_491' title='bbox 1585 861 1710 904; x_wconf 87' lang='lat' dir='ltr'>quam</span> <span class='ocrx_word' id='word_1_492' title='bbox 1732 847 1785 890; x_wconf 89' lang='lat' dir='ltr'>de</span> <span class='ocrx_word' id='word_1_493' title='bbox 1806 848 2035 892; x_wconf 71' lang='lat' dir='ltr'>manifestis</span> <span class='ocrx_word' id='word_1_494' title='bbox 2049 850 2243 907; x_wconf 87' lang='lat' dir='ltr'>periculis</span> <span class='ocrx_word' id='word_1_495' title='bbox 2258 866 2345 893; x_wconf 74' lang='lat' dir='ltr'>esse</span> <span class='ocrx_word' id='word_1_496' title='bbox 2359 852 2595 893; x_wconf 83' lang='lat' dir='ltr'>sollicitum.</span> 
     </span>
    </p>

    <p class='ocr_par' dir='ltr' id='par_1_22' title="bbox 1437 928 2683 1310">
     <span class='ocr_line' id='line_1_66' title="bbox 1498 928 2680 988; baseline 0.006 -21"><span class='ocrx_word' id='word_1_497' title='bbox 1498 930 1565 969; x_wconf 84' lang='lat'>16.</span> <span class='ocrx_word' id='word_1_498' title='bbox 1594 932 1649 969; x_wconf 77' lang='lat' dir='ltr'>At</span> <span class='ocrx_word' id='word_1_499' title='bbox 1679 935 1883 969; x_wconf 89' lang='lat' dir='ltr'>terrorem</span> <span class='ocrx_word' id='word_1_500' title='bbox 1900 957 1913 979; x_wconf 89' lang='lat'>,</span> <span class='ocrx_word' id='word_1_501' title='bbox 1934 928 2021 980; x_wconf 89' lang='lat' dir='ltr'>ais,</span> <span class='ocrx_word' id='word_1_502' title='bbox 2045 929 2201 971; x_wconf 77' lang='lat' dir='ltr'>Graecis</span> <span class='ocrx_word' id='word_1_503' title='bbox 2223 930 2436 988; x_wconf 73' lang='lat' dir='ltr'>Ethiopes</span> <span class='ocrx_word' id='word_1_504' title='bbox 2462 932 2680 975; x_wconf 84' lang='lat' dir='ltr'>incutient.</span> 
     </span>
     <span class='ocr_line' id='line_1_67' title="bbox 1439 994 2683 1054; baseline 0.006 -19"><span class='ocrx_word' id='word_1_505' title='bbox 1439 996 1632 1047; x_wconf 89' lang='lat' dir='ltr'>Quanam</span> <span class='ocrx_word' id='word_1_506' title='bbox 1657 995 1732 1036; x_wconf 86' lang='lat' dir='ltr'>re?</span> <span class='ocrx_word' id='word_1_507' title='bbox 1757 1009 1810 1036; x_wconf 88' lang='lat' dir='ltr'>an</span> <span class='ocrx_word' id='word_1_508' title='bbox 1833 994 2049 1050; x_wconf 79' lang='lat' dir='ltr'>nigredine</span> <span class='ocrx_word' id='word_1_509' title='bbox 2074 1010 2148 1038; x_wconf 86' lang='lat' dir='ltr'>sua</span> <span class='ocrx_word' id='word_1_510' title='bbox 2167 996 2391 1054; x_wconf 64' lang='lat' dir='ltr'>formaque</span> <span class='ocrx_word' id='word_1_511' title='bbox 2417 998 2683 1042; x_wconf 71' lang='lat' dir='ltr'>differentia?</span> 
     </span>
     <span class='ocr_line' id='line_1_68' title="bbox 1437 1060 2680 1124; baseline 0.007 -22"><span class='ocrx_word' id='word_1_512' title='bbox 1437 1060 1656 1116; x_wconf 87' lang='lat' dir='ltr'>Ejusmodi</span> <span class='ocrx_word' id='word_1_513' title='bbox 1675 1070 1809 1104; x_wconf 88' lang='lat' dir='ltr'>metus</span> <span class='ocrx_word' id='word_1_514' title='bbox 1830 1077 1917 1105; x_wconf 89' lang='lat' dir='ltr'>non</span> <span class='ocrx_word' id='word_1_515' title='bbox 1935 1062 2098 1106; x_wconf 77' lang='lat' dir='ltr'>excedit</span> <span class='ocrx_word' id='word_1_516' title='bbox 2128 1064 2240 1120; x_wconf 83' lang='lat' dir='ltr'>apud</span> <span class='ocrx_word' id='word_1_517' title='bbox 2259 1079 2335 1107; x_wconf 89' lang='lat' dir='ltr'>nos</span> <span class='ocrx_word' id='word_1_518' title='bbox 2366 1074 2524 1109; x_wconf 77' lang='lat' dir='ltr'>aetatem</span> <span class='ocrx_word' id='word_1_519' title='bbox 2543 1070 2680 1124; x_wconf 84' lang='lat' dir='ltr'>pueri·</span> 
     </span>
     <span class='ocr_line' id='line_1_69' title="bbox 1438 1129 2683 1188; baseline 0.006 -17"><span class='ocrx_word' id='word_1_520' title='bbox 1438 1129 1534 1172; x_wconf 90' lang='lat' dir='ltr'>lem.</span> <span class='ocrx_word' id='word_1_521' title='bbox 1595 1132 1646 1172; x_wconf 91' lang='lat' dir='ltr'>In</span> <span class='ocrx_word' id='word_1_522' title='bbox 1662 1129 1779 1172; x_wconf 90' lang='lat' dir='ltr'>bellis</span> <span class='ocrx_word' id='word_1_523' title='bbox 1797 1139 1935 1174; x_wconf 88' lang='lat' dir='ltr'>autem</span> <span class='ocrx_word' id='word_1_524' title='bbox 1955 1130 2330 1188; x_wconf 78' lang='lat' dir='ltr'>grandioribusque</span> <span class='ocrx_word' id='word_1_525' title='bbox 2347 1137 2683 1179; x_wconf 87' lang='lat' dir='ltr'>contentionibus</span> 
     </span>
     <span class='ocr_line' id='line_1_70' title="bbox 1438 1198 2682 1257; baseline 0.005 -17"><span class='ocrx_word' id='word_1_526' title='bbox 1438 1213 1524 1240; x_wconf 91' lang='lat' dir='ltr'>non</span> <span class='ocrx_word' id='word_1_527' title='bbox 1547 1198 1648 1240; x_wconf 74' lang='lat' dir='ltr'>facie</span> <span class='ocrx_word' id='word_1_528' title='bbox 1666 1206 1739 1240; x_wconf 88' lang='lat' dir='ltr'>aut</span> <span class='ocrx_word' id='word_1_529' title='bbox 1760 1198 1914 1252; x_wconf 90' lang='lat' dir='ltr'>colore,</span> <span class='ocrx_word' id='word_1_530' title='bbox 1934 1198 2007 1241; x_wconf 90' lang='lat' dir='ltr'>sed</span> <span class='ocrx_word' id='word_1_531' title='bbox 2029 1198 2200 1242; x_wconf 90' lang='lat' dir='ltr'>audacia</span> <span class='ocrx_word' id='word_1_532' title='bbox 2219 1208 2259 1242; x_wconf 93' lang='lat' dir='ltr'>et</span> <span class='ocrx_word' id='word_1_533' title='bbox 2281 1200 2503 1257; x_wconf 87' lang='lat' dir='ltr'>prudentia</span> <span class='ocrx_word' id='word_1_534' title='bbox 2518 1203 2682 1247; x_wconf 87' lang='lat' dir='ltr'>militari</span> 
     </span>
     <span class='ocr_line' id='line_1_71' title="bbox 1438 1267 1794 1310; baseline 0.003 -1"><span class='ocrx_word' id='word_1_535' title='bbox 1438 1282 1503 1309; x_wconf 91' lang='lat' dir='ltr'>res</span> <span class='ocrx_word' id='word_1_536' title='bbox 1520 1267 1794 1310; x_wconf 87' lang='lat' dir='ltr'>dirimuntur.</span> 
     </span>
    </p>

    <p class='ocr_par' dir='ltr' id='par_1_23' title="bbox 1437 1336 2770 2594">
     <span class='ocr_line' id='line_1_72' title="bbox 1499 1336 2685 1394; baseline 0.003 -15"><span class='ocrx_word' id='word_1_537' title='bbox 1499 1351 1565 1392; x_wconf 91' lang='lat'>17.</span> <span class='ocrx_word' id='word_1_538' title='bbox 1597 1339 1686 1392; x_wconf 85' lang='lat' dir='ltr'>Ego</span> <span class='ocrx_word' id='word_1_539' title='bbox 1715 1351 1815 1380; x_wconf 83' lang='lat' dir='ltr'>vero</span> <span class='ocrx_word' id='word_1_540' title='bbox 1836 1352 1860 1379; x_wconf 91' lang='lat' dir='ltr'>a</span> <span class='ocrx_word' id='word_1_541' title='bbox 1885 1351 1970 1394; x_wconf 88' lang='lat' dir='ltr'>quo</span> <span class='ocrx_word' id='word_1_542' title='bbox 1991 1336 2061 1379; x_wconf 89' lang='lat' dir='ltr'>die</span> <span class='ocrx_word' id='word_1_543' title='bbox 2091 1337 2258 1380; x_wconf 79' lang='lat' dir='ltr'>fortuna</span> <span class='ocrx_word' id='word_1_544' title='bbox 2286 1352 2352 1379; x_wconf 90' lang='lat' dir='ltr'>me</span> <span class='ocrx_word' id='word_1_545' title='bbox 2382 1346 2562 1381; x_wconf 89' lang='lat' dir='ltr'>tutorem</span> <span class='ocrx_word' id='word_1_546' title='bbox 2593 1354 2685 1382; x_wconf 91' lang='lat' dir='ltr'>cor-</span> 
     </span>
     <span class='ocr_line' id='line_1_73' title="bbox 1438 1402 2684 1462; baseline 0.002 -16"><span class='ocrx_word' id='word_1_547' title='bbox 1438 1405 1552 1461; x_wconf 84' lang='lat' dir='ltr'>poris</span> <span class='ocrx_word' id='word_1_548' title='bbox 1563 1405 1641 1456; x_wconf 90' lang='lat' dir='ltr'>tui,</span> <span class='ocrx_word' id='word_1_549' title='bbox 1665 1418 1796 1461; x_wconf 89' lang='lat' dir='ltr'>quum</span> <span class='ocrx_word' id='word_1_550' title='bbox 1810 1402 1976 1460; x_wconf 81' lang='lat' dir='ltr'>juvenis</span> <span class='ocrx_word' id='word_1_551' title='bbox 1992 1404 2220 1447; x_wconf 79' lang='lat' dir='ltr'>admodum</span> <span class='ocrx_word' id='word_1_552' title='bbox 2246 1419 2369 1457; x_wconf 87' lang='lat' dir='ltr'>esses,</span> <span class='ocrx_word' id='word_1_553' title='bbox 2388 1406 2595 1462; x_wconf 87' lang='lat' dir='ltr'>totiusque</span> <span class='ocrx_word' id='word_1_554' title='bbox 2620 1421 2684 1449; x_wconf 90' lang='lat' dir='ltr'>re·</span> 
     </span>
     <span class='ocr_line' id='line_1_74' title="bbox 1438 1469 2683 1525; baseline 0.004 -15"><span class='ocrx_word' id='word_1_555' title='bbox 1438 1469 1507 1523; x_wconf 89' lang='lat' dir='ltr'>gni</span> <span class='ocrx_word' id='word_1_556' title='bbox 1526 1469 1768 1521; x_wconf 88' lang='lat' dir='ltr'>constituit,</span> <span class='ocrx_word' id='word_1_557' title='bbox 1792 1469 1936 1512; x_wconf 89' lang='lat' dir='ltr'>abillo</span> <span class='ocrx_word' id='word_1_558' title='bbox 1971 1471 2109 1512; x_wconf 89' lang='lat' dir='ltr'>statim</span> <span class='ocrx_word' id='word_1_559' title='bbox 2136 1484 2333 1525; x_wconf 86' lang='lat' dir='ltr'>magnum</span> <span class='ocrx_word' id='word_1_560' title='bbox 2369 1471 2469 1512; x_wconf 86' lang='lat' dir='ltr'>mihi</span> <span class='ocrx_word' id='word_1_561' title='bbox 2503 1471 2683 1515; x_wconf 87' lang='lat' dir='ltr'>laborem</span> 
     </span>
     <span class='ocr_line' id='line_1_75' title="bbox 1438 1535 2684 1595; baseline 0.004 -19"><span class='ocrx_word' id='word_1_562' title='bbox 1438 1535 1634 1591; x_wconf 89' lang='lat' dir='ltr'>imposui.</span> <span class='ocrx_word' id='word_1_563' title='bbox 1695 1536 1963 1590; x_wconf 79' lang='lat' dir='ltr'>Quemnam?</span> <span class='ocrx_word' id='word_1_564' title='bbox 1994 1538 2054 1579; x_wconf 89' lang='lat' dir='ltr'>Ut</span> <span class='ocrx_word' id='word_1_565' title='bbox 2093 1537 2143 1577; x_wconf 87' lang='lat' dir='ltr'>iis</span> <span class='ocrx_word' id='word_1_566' title='bbox 2175 1538 2247 1591; x_wconf 89' lang='lat' dir='ltr'>qui</span> <span class='ocrx_word' id='word_1_567' title='bbox 2284 1537 2449 1579; x_wconf 83' lang='lat' dir='ltr'>nonnisi</span> <span class='ocrx_word' id='word_1_568' title='bbox 2487 1538 2684 1595; x_wconf 80' lang='lat' dir='ltr'>voluptati</span> 
     </span>
     <span class='ocr_line' id='line_1_76' title="bbox 1439 1602 2686 1659; baseline 0.004 -17"><span class='ocrx_word' id='word_1_569' title='bbox 1439 1608 1520 1643; x_wconf 85' lang='lat' dir='ltr'>tuae</span> <span class='ocrx_word' id='word_1_570' title='bbox 1542 1602 1810 1643; x_wconf 86' lang='lat' dir='ltr'>inservientes</span> <span class='ocrx_word' id='word_1_571' title='bbox 1833 1610 1969 1643; x_wconf 91' lang='lat' dir='ltr'>tecum</span> <span class='ocrx_word' id='word_1_572' title='bbox 2000 1610 2314 1653; x_wconf 79' lang='lat' dir='ltr'>conversantur,</span> <span class='ocrx_word' id='word_1_573' title='bbox 2345 1616 2620 1659; x_wconf 82' lang='lat' dir='ltr'>repugnarem</span> <span class='ocrx_word' id='word_1_574' title='bbox 2644 1614 2686 1647; x_wconf 90' lang='lat' dir='ltr'>et</span> 
     </span>
     <span class='ocr_line' id='line_1_77' title="bbox 1438 1666 2684 1723; baseline 0.003 -15"><span class='ocrx_word' id='word_1_575' title='bbox 1438 1666 1691 1723; x_wconf 84' lang='lat' dir='ltr'>indignarer,</span> <span class='ocrx_word' id='word_1_576' title='bbox 1737 1676 1850 1709; x_wconf 88' lang='lat' dir='ltr'>tuam</span> <span class='ocrx_word' id='word_1_577' title='bbox 1883 1668 1959 1710; x_wconf 88' lang='lat' dir='ltr'>tibi</span> <span class='ocrx_word' id='word_1_578' title='bbox 1993 1676 2088 1710; x_wconf 90' lang='lat' dir='ltr'>ante</span> <span class='ocrx_word' id='word_1_579' title='bbox 2132 1669 2273 1710; x_wconf 88' lang='lat' dir='ltr'>omnia</span> <span class='ocrx_word' id='word_1_580' title='bbox 2320 1683 2405 1710; x_wconf 90' lang='lat' dir='ltr'>non</span> <span class='ocrx_word' id='word_1_581' title='bbox 2451 1669 2684 1713; x_wconf 78' lang='lat' dir='ltr'>facultatem</span> 
     </span>
     <span class='ocr_line' id='line_1_78' title="bbox 1438 1732 2684 1792; baseline 0.004 -18"><span class='ocrx_word' id='word_1_582' title='bbox 1438 1734 1618 1790; x_wconf 89' lang='lat' dir='ltr'>eripiens</span> <span class='ocrx_word' id='word_1_583' title='bbox 1639 1732 1712 1776; x_wconf 86' lang='lat' dir='ltr'>sed</span> <span class='ocrx_word' id='word_1_584' title='bbox 1732 1733 1996 1790; x_wconf 86' lang='lat' dir='ltr'>imperitiam,</span> <span class='ocrx_word' id='word_1_585' title='bbox 2021 1748 2107 1789; x_wconf 89' lang='lat' dir='ltr'>quo</span> <span class='ocrx_word' id='word_1_586' title='bbox 2129 1742 2338 1775; x_wconf 90' lang='lat' dir='ltr'>tantorum</span> <span class='ocrx_word' id='word_1_587' title='bbox 2358 1733 2567 1777; x_wconf 88' lang='lat' dir='ltr'>bonorum</span> <span class='ocrx_word' id='word_1_588' title='bbox 2585 1750 2684 1792; x_wconf 90' lang='lat' dir='ltr'>pru-</span> 
     </span>
     <span class='ocr_line' id='line_1_79' title="bbox 1439 1800 2687 1860; baseline 0.004 -18"><span class='ocrx_word' id='word_1_589' title='bbox 1439 1800 1544 1842; x_wconf 87' lang='lat' dir='ltr'>dens</span> <span class='ocrx_word' id='word_1_590' title='bbox 1559 1800 1709 1843; x_wconf 75' lang='lat' dir='ltr'>fruaris</span> <span class='ocrx_word' id='word_1_591' title='bbox 1725 1816 1802 1843; x_wconf 87' lang='lat' dir='ltr'>nec</span> <span class='ocrx_word' id='word_1_592' title='bbox 1819 1801 2029 1844; x_wconf 89' lang='lat' dir='ltr'>aberrans.</span> <span class='ocrx_word' id='word_1_593' title='bbox 2062 1803 2153 1844; x_wconf 78' lang='lat' dir='ltr'>Hoc</span> <span class='ocrx_word' id='word_1_594' title='bbox 2171 1802 2283 1843; x_wconf 89' lang='lat' dir='ltr'>enim</span> <span class='ocrx_word' id='word_1_595' title='bbox 2302 1801 2535 1858; x_wconf 72' lang='lat' dir='ltr'>quaerebam</span> <span class='ocrx_word' id='word_1_596' title='bbox 2558 1805 2687 1860; x_wconf 86' lang='lat' dir='ltr'>patris</span> 
     </span>
     <span class='ocr_line' id='line_1_80' title="bbox 1438 1868 2683 1926; baseline 0.003 -16"><span class='ocrx_word' id='word_1_597' title='bbox 1438 1868 1594 1911; x_wconf 87' lang='lat' dir='ltr'>habens</span> <span class='ocrx_word' id='word_1_598' title='bbox 1615 1869 1946 1912; x_wconf 85' lang='lat' dir='ltr'>benevolentiam</span> <span class='ocrx_word' id='word_1_599' title='bbox 1975 1884 2067 1926; x_wconf 81' lang='lat' dir='ltr'>quae</span> <span class='ocrx_word' id='word_1_600' title='bbox 2085 1869 2286 1913; x_wconf 86' lang='lat' dir='ltr'>duratura</span> <span class='ocrx_word' id='word_1_601' title='bbox 2307 1870 2391 1911; x_wconf 89' lang='lat' dir='ltr'>sint</span> <span class='ocrx_word' id='word_1_602' title='bbox 2406 1878 2683 1926; x_wconf 87' lang='lat' dir='ltr'>spectantem,</span> 
     </span>
     <span class='ocr_line' id='line_1_81' title="bbox 1439 1934 2770 1992; baseline 0.003 -15"><span class='ocrx_word' id='word_1_603' title='bbox 1439 1950 1525 1977; x_wconf 91' lang='lat' dir='ltr'>non</span> <span class='ocrx_word' id='word_1_604' title='bbox 1554 1934 1780 1978; x_wconf 88' lang='lat' dir='ltr'>adulatoris</span> <span class='ocrx_word' id='word_1_605' title='bbox 1809 1934 2179 1978; x_wconf 85' lang='lat' dir='ltr'>dissimulationem</span> <span class='ocrx_word' id='word_1_606' title='bbox 2200 1945 2437 1992; x_wconf 87' lang='lat' dir='ltr'>temporum</span> <span class='ocrx_word' id='word_1_607' title='bbox 2463 1941 2686 1981; x_wconf 87' lang='lat' dir='ltr'>momentis</span> <span class='ocrx_word' id='word_1_608' title='bbox 2763 1958 2770 1968; x_wconf 82' lang='lat'><em>=</em></span> 
     </span>
     <span class='ocr_line' id='line_1_82' title="bbox 1437 2001 2686 2058; baseline 0.002 -14"><span class='ocrx_word' id='word_1_609' title='bbox 1437 2001 1806 2045; x_wconf 80' lang='lat' dir='ltr'>accommodatam.</span> <span class='ocrx_word' id='word_1_610' title='bbox 1867 2003 1975 2045; x_wconf 86' lang='lat' dir='ltr'>Novi</span> <span class='ocrx_word' id='word_1_611' title='bbox 1994 2005 2123 2055; x_wconf 89' lang='lat' dir='ltr'>enim,</span> <span class='ocrx_word' id='word_1_612' title='bbox 2141 2012 2188 2045; x_wconf 90' lang='lat' dir='ltr'>ut</span> <span class='ocrx_word' id='word_1_613' title='bbox 2201 2011 2302 2045; x_wconf 89' lang='lat' dir='ltr'>natu</span> <span class='ocrx_word' id='word_1_614' title='bbox 2316 2002 2515 2058; x_wconf 82' lang='lat' dir='ltr'>grandior</span> <span class='ocrx_word' id='word_1_615' title='bbox 2540 2004 2686 2048; x_wconf 88' lang='lat' dir='ltr'>multa·</span> 
     </span>
     <span class='ocr_line' id='line_1_83' title="bbox 1438 2069 2684 2127; baseline 0.002 -17"><span class='ocrx_word' id='word_1_616' title='bbox 1438 2082 1617 2125; x_wconf 89' lang='lat' dir='ltr'>rumque</span> <span class='ocrx_word' id='word_1_617' title='bbox 1634 2083 1775 2111; x_wconf 90' lang='lat' dir='ltr'>rerum</span> <span class='ocrx_word' id='word_1_618' title='bbox 1801 2069 2100 2125; x_wconf 86' lang='lat' dir='ltr'>experientiam</span> <span class='ocrx_word' id='word_1_619' title='bbox 2120 2077 2366 2111; x_wconf 89' lang='lat' dir='ltr'>consecutus</span> <span class='ocrx_word' id='word_1_620' title='bbox 2383 2099 2395 2119; x_wconf 89' lang='lat'>,</span> <span class='ocrx_word' id='word_1_621' title='bbox 2420 2082 2495 2125; x_wconf 87' lang='lat' dir='ltr'>per</span> <span class='ocrx_word' id='word_1_622' title='bbox 2518 2082 2590 2110; x_wconf 85' lang='lat' dir='ltr'>eos</span> <span class='ocrx_word' id='word_1_623' title='bbox 2613 2073 2684 2127; x_wconf 88' lang='lat' dir='ltr'>qui</span> 
     </span>
     <span class='ocr_line' id='line_1_84' title="bbox 1438 2134 2686 2193; baseline 0.002 -16"><span class='ocrx_word' id='word_1_624' title='bbox 1438 2136 1712 2178; x_wconf 83' lang='lat' dir='ltr'>assentatione</span> <span class='ocrx_word' id='word_1_625' title='bbox 1726 2135 2032 2192; x_wconf 88' lang='lat' dir='ltr'>deceperuntin</span> <span class='ocrx_word' id='word_1_626' title='bbox 2047 2136 2232 2192; x_wconf 88' lang='lat' dir='ltr'>imperiis</span> <span class='ocrx_word' id='word_1_627' title='bbox 2243 2136 2414 2193; x_wconf 85' lang='lat' dir='ltr'>positos,</span> <span class='ocrx_word' id='word_1_628' title='bbox 2430 2134 2493 2177; x_wconf 78' lang='lat' dir='ltr'>vel</span> <span class='ocrx_word' id='word_1_629' title='bbox 2506 2136 2686 2179; x_wconf 84' lang='lat' dir='ltr'>maxima</span> 
     </span>
     <span class='ocr_line' id='line_1_85' title="bbox 1438 2200 2684 2259; baseline 0 -15"><span class='ocrx_word' id='word_1_630' title='bbox 1438 2216 1566 2257; x_wconf 90' lang='lat' dir='ltr'>regna</span> <span class='ocrx_word' id='word_1_631' title='bbox 1584 2201 1773 2244; x_wconf 83' lang='lat' dir='ltr'>funditus</span> <span class='ocrx_word' id='word_1_632' title='bbox 1802 2200 1938 2244; x_wconf 86' lang='lat' dir='ltr'>deleta</span> <span class='ocrx_word' id='word_1_633' title='bbox 1958 2216 2066 2253; x_wconf 74' lang='lat' dir='ltr'>esse,</span> <span class='ocrx_word' id='word_1_634' title='bbox 2095 2210 2143 2244; x_wconf 88' lang='lat' dir='ltr'>ut</span> <span class='ocrx_word' id='word_1_635' title='bbox 2171 2200 2408 2253; x_wconf 85' lang='lat' dir='ltr'>Cassandri,</span> <span class='ocrx_word' id='word_1_636' title='bbox 2432 2202 2684 2259; x_wconf 79' lang='lat' dir='ltr'>Lysimachi,</span> 
     </span>
     <span class='ocr_line' id='line_1_86' title="bbox 1439 2262 2686 2324; baseline 0.002 -15"><span class='ocrx_word' id='word_1_637' title='bbox 1439 2282 1636 2323; x_wconf 87' lang='lat' dir='ltr'>magnum</span> <span class='ocrx_word' id='word_1_638' title='bbox 1661 2267 1763 2310; x_wconf 90' lang='lat' dir='ltr'>illud</span> <span class='ocrx_word' id='word_1_639' title='bbox 1778 2267 2021 2321; x_wconf 80' lang='lat' dir='ltr'>Alexandri,</span> <span class='ocrx_word' id='word_1_640' title='bbox 2041 2267 2283 2318; x_wconf 87' lang='lat' dir='ltr'>Medorum,</span> <span class='ocrx_word' id='word_1_641' title='bbox 2305 2262 2521 2324; x_wconf 75' lang='lat' dir='ltr'>Syrorum,</span> <span class='ocrx_word' id='word_1_642' title='bbox 2542 2269 2686 2322; x_wconf 72' lang='lat' dir='ltr'>Persa-</span> 
     </span>
     <span class='ocr_line' id='line_1_87' title="bbox 1438 2335 2684 2392; baseline 0.001 -14"><span class='ocrx_word' id='word_1_643' title='bbox 1438 2349 1533 2378; x_wconf 86' lang='lat' dir='ltr'>rum</span> <span class='ocrx_word' id='word_1_644' title='bbox 1548 2367 1560 2388; x_wconf 91' lang='lat'>,</span> <span class='ocrx_word' id='word_1_645' title='bbox 1584 2335 1689 2379; x_wconf 90' lang='lat' dir='ltr'>adeo</span> <span class='ocrx_word' id='word_1_646' title='bbox 1716 2344 1764 2378; x_wconf 89' lang='lat' dir='ltr'>ut</span> <span class='ocrx_word' id='word_1_647' title='bbox 1788 2350 1841 2379; x_wconf 89' lang='lat' dir='ltr'>ne</span> <span class='ocrx_word' id='word_1_648' title='bbox 1867 2336 2027 2378; x_wconf 86' lang='lat' dir='ltr'>semina</span> <span class='ocrx_word' id='word_1_649' title='bbox 2050 2335 2221 2392; x_wconf 89' lang='lat' dir='ltr'>quidem</span> <span class='ocrx_word' id='word_1_650' title='bbox 2256 2336 2465 2392; x_wconf 89' lang='lat' dir='ltr'>supersint</span> <span class='ocrx_word' id='word_1_651' title='bbox 2498 2337 2684 2391; x_wconf 77' lang='lat' dir='ltr'>generis3</span> 
     </span>
     <span class='ocr_line' id='line_1_88' title="bbox 1438 2399 2686 2460; baseline 0 -15"><span class='ocrx_word' id='word_1_652' title='bbox 1438 2417 1575 2459; x_wconf 90' lang='lat' dir='ltr'>neque</span> <span class='ocrx_word' id='word_1_653' title='bbox 1607 2403 1651 2446; x_wconf 89' lang='lat' dir='ltr'>id</span> <span class='ocrx_word' id='word_1_654' title='bbox 1686 2411 1837 2460; x_wconf 81' lang='lat' dir='ltr'>praeter</span> <span class='ocrx_word' id='word_1_655' title='bbox 1869 2403 2073 2446; x_wconf 85' lang='lat' dir='ltr'>rationem</span> <span class='ocrx_word' id='word_1_656' title='bbox 2085 2418 2097 2454; x_wconf 86' lang='lat'>;</span> <span class='ocrx_word' id='word_1_657' title='bbox 2129 2416 2226 2445; x_wconf 89' lang='lat' dir='ltr'>nam</span> <span class='ocrx_word' id='word_1_658' title='bbox 2253 2400 2407 2457; x_wconf 81' lang='lat' dir='ltr'>juvene</span> <span class='ocrx_word' id='word_1_659' title='bbox 2442 2399 2499 2443; x_wconf 89' lang='lat' dir='ltr'>ob</span> <span class='ocrx_word' id='word_1_660' title='bbox 2527 2409 2686 2445; x_wconf 80' lang='lat' dir='ltr'>aetatem</span> 
     </span>
     <span class='ocr_line' id='line_1_89' title="bbox 1438 2467 2687 2526; baseline -0.001 -15"><span class='ocrx_word' id='word_1_661' title='bbox 1438 2469 1567 2511; x_wconf 90' lang='lat' dir='ltr'>multa</span> <span class='ocrx_word' id='word_1_662' title='bbox 1598 2470 1817 2525; x_wconf 83' lang='lat' dir='ltr'>ignorante</span> <span class='ocrx_word' id='word_1_663' title='bbox 1845 2478 1886 2511; x_wconf 88' lang='lat' dir='ltr'>et</span> <span class='ocrx_word' id='word_1_664' title='bbox 1918 2478 2185 2526; x_wconf 85' lang='lat' dir='ltr'>peccatorum</span> <span class='ocrx_word' id='word_1_665' title='bbox 2216 2467 2450 2510; x_wconf 83' lang='lat' dir='ltr'>laudatores</span> <span class='ocrx_word' id='word_1_666' title='bbox 2479 2474 2602 2509; x_wconf 90' lang='lat' dir='ltr'>nacto</span> <span class='ocrx_word' id='word_1_667' title='bbox 2621 2468 2687 2510; x_wconf 90' lang='lat' dir='ltr'>ni·</span> 
     </span>
     <span class='ocr_line' id='line_1_90' title="bbox 1437 2533 2683 2594; baseline -0.001 -16"><span class='ocrx_word' id='word_1_668' title='bbox 1437 2536 1496 2579; x_wconf 86' lang='lat' dir='ltr'>hil</span> <span class='ocrx_word' id='word_1_669' title='bbox 1537 2536 1590 2579; x_wconf 88' lang='lat' dir='ltr'>ad</span> <span class='ocrx_word' id='word_1_670' title='bbox 1633 2537 1793 2594; x_wconf 88' lang='lat' dir='ltr'>lapsum</span> <span class='ocrx_word' id='word_1_671' title='bbox 1840 2537 2078 2593; x_wconf 88' lang='lat' dir='ltr'>promptius</span> <span class='ocrx_word' id='word_1_672' title='bbox 2093 2568 2104 2587; x_wconf 93' lang='lat'>,</span> <span class='ocrx_word' id='word_1_673' title='bbox 2147 2536 2250 2578; x_wconf 88' lang='lat' dir='ltr'>nibil</span> <span class='ocrx_word' id='word_1_674' title='bbox 2295 2533 2566 2591; x_wconf 88' lang='lat' dir='ltr'>periculosius</span> <span class='ocrx_word' id='word_1_675' title='bbox 2607 2542 2683 2577; x_wconf 87' lang='lat' dir='ltr'>est.</span> 
     </span>
    </p>

    <p class='ocr_par' dir='ltr' id='par_1_24' title="bbox 1435 2598 2782 2998">
     <span class='ocr_line' id='line_1_91' title="bbox 1439 2598 2782 2655; baseline -0.001 -11"><span class='ocrx_word' id='word_1_676' title='bbox 1439 2603 1507 2644; x_wconf 88' lang='lat' dir='ltr'>Sic</span> <span class='ocrx_word' id='word_1_677' title='bbox 1531 2602 1770 2645; x_wconf 84' lang='lat' dir='ltr'>Alexander</span> <span class='ocrx_word' id='word_1_678' title='bbox 1786 2603 1912 2645; x_wconf 89' lang='lat' dir='ltr'>armis</span> <span class='ocrx_word' id='word_1_679' title='bbox 1928 2602 2186 2653; x_wconf 81' lang='lat' dir='ltr'>invictus,·in</span> <span class='ocrx_word' id='word_1_680' title='bbox 2204 2600 2504 2642; x_wconf 87' lang='lat' dir='ltr'>consuetudine</span> <span class='ocrx_word' id='word_1_681' title='bbox 2525 2598 2603 2642; x_wconf 81' lang='lat' dir='ltr'>suit</span> <span class='ocrx_word' id='word_1_682' title='bbox 2621 2601 2686 2643; x_wconf 85' lang='lat' dir='ltr'>in·</span> <span class='ocrx_word' id='word_1_683' title='bbox 2779 2650 2782 2655; x_wconf 30' lang='grc' dir='ltr'>Ι</span> 
     </span>
     <span class='ocr_line' id='line_1_92' title="bbox 1437 2659 2782 2724; baseline -0.001 -13"><span class='ocrx_word' id='word_1_684' title='bbox 1437 2670 1610 2721; x_wconf 75' lang='lat' dir='ltr'>firmu53</span> <span class='ocrx_word' id='word_1_685' title='bbox 1631 2670 1867 2712; x_wconf 83' lang='lat' dir='ltr'>laudatione</span> <span class='ocrx_word' id='word_1_686' title='bbox 1895 2670 2006 2711; x_wconf 91' lang='lat' dir='ltr'>enim</span> <span class='ocrx_word' id='word_1_687' title='bbox 2026 2684 2070 2710; x_wconf 86' lang='lat' dir='ltr'>se</span> <span class='ocrx_word' id='word_1_688' title='bbox 2087 2669 2177 2724; x_wconf 84' lang='lat' dir='ltr'>capi</span> <span class='ocrx_word' id='word_1_689' title='bbox 2206 2682 2347 2724; x_wconf 84' lang='lat' dir='ltr'>passus</span> <span class='ocrx_word' id='word_1_690' title='bbox 2374 2676 2461 2717; x_wconf 70' lang='lat' dir='ltr'>est,</span> <span class='ocrx_word' id='word_1_691' title='bbox 2487 2674 2528 2708; x_wconf 92' lang='lat' dir='ltr'>et</span> <span class='ocrx_word' id='word_1_692' title='bbox 2554 2680 2684 2723; x_wconf 90' lang='lat' dir='ltr'>quum</span> <span class='ocrx_word' id='word_1_693' title='bbox 2765 2659 2782 2698; x_wconf 75' lang='lat'>‚⁴</span> 
     </span>
     <span class='ocr_line' id='line_1_93' title="bbox 1435 2733 2782 2793; baseline -0.001 -14"><span class='ocrx_word' id='word_1_694' title='bbox 1435 2738 1600 2793; x_wconf 86' lang='lat' dir='ltr'>Jupiter</span> <span class='ocrx_word' id='word_1_695' title='bbox 1621 2736 1910 2793; x_wconf 76' lang='lat' dir='ltr'>appellaretur,</span> <span class='ocrx_word' id='word_1_696' title='bbox 1944 2750 2028 2778; x_wconf 93' lang='lat' dir='ltr'>non</span> <span class='ocrx_word' id='word_1_697' title='bbox 2050 2750 2093 2777; x_wconf 90' lang='lat' dir='ltr'>se</span> <span class='ocrx_word' id='word_1_698' title='bbox 2121 2735 2366 2776; x_wconf 85' lang='lat' dir='ltr'>subsannari</span> <span class='ocrx_word' id='word_1_699' title='bbox 2386 2733 2457 2775; x_wconf 80' lang='lat' dir='ltr'>sed</span> <span class='ocrx_word' id='word_1_700' title='bbox 2484 2733 2684 2777; x_wconf 85' lang='lat' dir='ltr'>honorari</span> <span class='ocrx_word' id='word_1_701' title='bbox 2779 2771 2782 2777; x_wconf 92' lang='lat'><em>.</em></span> 
     </span>
     <span class='ocr_line' id='line_1_94' title="bbox 1435 2801 2779 2862; baseline 0 -17"><span class='ocrx_word' id='word_1_702' title='bbox 1435 2803 1631 2861; x_wconf 75' lang='lat' dir='ltr'>putabat,</span> <span class='ocrx_word' id='word_1_703' title='bbox 1665 2811 1860 2859; x_wconf 85' lang='lat' dir='ltr'>expetens</span> <span class='ocrx_word' id='word_1_704' title='bbox 1888 2816 1980 2859; x_wconf 80' lang='lat' dir='ltr'>quae</span> <span class='ocrx_word' id='word_1_705' title='bbox 2016 2802 2104 2844; x_wconf 83' lang='lat' dir='ltr'>fleri</span> <span class='ocrx_word' id='word_1_706' title='bbox 2140 2801 2391 2857; x_wconf 86' lang='lat' dir='ltr'>nequibant,</span> <span class='ocrx_word' id='word_1_707' title='bbox 2435 2815 2483 2842; x_wconf 88' lang='lat' dir='ltr'>ac</span> <span class='ocrx_word' id='word_1_708' title='bbox 2527 2809 2689 2845; x_wconf 64' lang='lat' dir='ltr'>nature</span> <span class='ocrx_word' id='word_1_709' title='bbox 2777 2858 2779 2862; x_wconf 13' lang='lat' dir='ltr'>X</span> 
     </span>
     <span class='ocr_line' id='line_1_95' title="bbox 1436 2870 2782 2912; baseline 0.003 -2"><span class='ocrx_word' id='word_1_710' title='bbox 1436 2884 1519 2912; x_wconf 84' lang='lat' dir='ltr'>suae</span> <span class='ocrx_word' id='word_1_711' title='bbox 1538 2870 1706 2912; x_wconf 88' lang='lat' dir='ltr'>oblitus.</span> <span class='ocrx_word' id='word_1_712' title='bbox 2778 2876 2782 2883; x_wconf 77' lang='lat'><strong>⁴</strong></span> 
     </span>
     <span class='ocr_line' id='line_1_96' title="bbox 1498 2912 2782 2998; baseline 0 -21"><span class='ocrx_word' id='word_1_713' title='bbox 1498 2938 1563 2979; x_wconf 88' lang='lat'>18.</span> <span class='ocrx_word' id='word_1_714' title='bbox 1596 2934 1779 2990; x_wconf 89' lang='lat' dir='ltr'>Quando</span> <span class='ocrx_word' id='word_1_715' title='bbox 1801 2943 1942 2977; x_wconf 90' lang='lat' dir='ltr'>orator</span> <span class='ocrx_word' id='word_1_716' title='bbox 1966 2949 2061 2977; x_wconf 91' lang='lat' dir='ltr'>cum</span> <span class='ocrx_word' id='word_1_717' title='bbox 2082 2936 2237 2991; x_wconf 90' lang='lat' dir='ltr'>populo</span> <span class='ocrx_word' id='word_1_718' title='bbox 2264 2934 2429 2976; x_wconf 81' lang='lat' dir='ltr'>disserit</span> <span class='ocrx_word' id='word_1_719' title='bbox 2458 2949 2543 2977; x_wconf 92' lang='lat' dir='ltr'>non</span> <span class='ocrx_word' id='word_1_720' title='bbox 2562 2935 2686 2977; x_wconf 74' lang='lat' dir='ltr'>amici</span> <span class='ocrx_word' id='word_1_721' title='bbox 2774 2912 2782 2998; x_wconf 58' lang='grc' dir='ltr'>Ξ</span> 
     </span>
    </p>
   </div>
   <div class='ocr_carea' id='block_1_7' title="bbox 2760 3004 2782 3047">
    <p class='ocr_par' dir='ltr' id='par_1_25' title="bbox 2760 3004 2782 3047">
     <span class='ocr_line' id='line_1_97' title="bbox 2760 3004 2782 3047; baseline 0 0"><span class='ocrx_word' id='word_1_722' title='bbox 2760 3004 2782 3047; x_wconf 51' lang='lat' dir='ltr'>v!</span> 
     </span>
    </p>
   </div>
   <div class='ocr_carea' id='block_1_8' title="bbox 2756 304 2782 705">
    <p class='ocr_par' dir='ltr' id='par_1_26' title="bbox 2756 304 2782 705">
     <span class='ocr_line' id='line_1_98' title="bbox 2756 304 2782 705; textangle 90"><span class='ocrx_word' id='word_1_723' title='bbox 2775 698 2780 705; x_wconf 94' lang='lat'><em>.</em></span> <span class='ocrx_word' id='word_1_724' title='bbox 2756 434 2782 673; x_wconf 41' lang='lat' dir='ltr'>,.„.ffl&#39;fflif.&#39;v</span> <span class='ocrx_word' id='word_1_725' title='bbox 2758 374 2767 394; x_wconf 87' lang='grc'>”</span> <span class='ocrx_word' id='word_1_726' title='bbox 2758 304 2770 327; x_wconf 45' lang='lat'>*⁴</span> 
     </span>
    </p>
   </div>
   <div class='ocr_carea' id='block_1_9' title="bbox 1435 3016 2762 3537">
    <p class='ocr_par' dir='ltr' id='par_1_27' title="bbox 1435 3016 2762 3537">
     <span class='ocr_line' id='line_1_99' title="bbox 1439 3016 2683 3073; baseline -0.001 -15"><span class='ocrx_word' id='word_1_727' title='bbox 1439 3016 1507 3058; x_wconf 53' lang='lat' dir='ltr'>,sed</span> <span class='ocrx_word' id='word_1_728' title='bbox 1544 3016 1768 3059; x_wconf 86' lang='lat' dir='ltr'>adulatoris</span> <span class='ocrx_word' id='word_1_729' title='bbox 1804 3031 2022 3073; x_wconf 82' lang='lat' dir='ltr'>personam</span> <span class='ocrx_word' id='word_1_730' title='bbox 2052 3018 2279 3067; x_wconf 87' lang='lat' dir='ltr'>sustinens,</span> <span class='ocrx_word' id='word_1_731' title='bbox 2320 3016 2450 3072; x_wconf 82' lang='lat' dir='ltr'>plebis</span> <span class='ocrx_word' id='word_1_732' title='bbox 2482 3017 2683 3072; x_wconf 83' lang='lat' dir='ltr'>impetus,</span> 
     </span>
     <span class='ocr_line' id='line_1_100' title="bbox 1435 3096 2762 3153; baseline -0.001 -14"><span class='ocrx_word' id='word_1_733' title='bbox 1435 3097 1714 3139; x_wconf 84' lang='lat' dir='ltr'>consiliarium</span> <span class='ocrx_word' id='word_1_734' title='bbox 1746 3098 1817 3153; x_wconf 87' lang='lat' dir='ltr'>qui</span> <span class='ocrx_word' id='word_1_735' title='bbox 1850 3098 1890 3138; x_wconf 90' lang='lat' dir='ltr'>in</span> <span class='ocrx_word' id='word_1_736' title='bbox 1908 3105 2075 3153; x_wconf 88' lang='lat' dir='ltr'>peccato</span> <span class='ocrx_word' id='word_1_737' title='bbox 2102 3096 2318 3138; x_wconf 78' lang='lat' dir='ltr'>conlirnnet</span> <span class='ocrx_word' id='word_1_738' title='bbox 2345 3105 2510 3147; x_wconf 86' lang='lat' dir='ltr'>nactus,</span> <span class='ocrx_word' id='word_1_739' title='bbox 2542 3098 2685 3139; x_wconf 86' lang='lat' dir='ltr'>civita·</span> <span class='ocrx_word' id='word_1_740' title='bbox 2759 3143 2762 3146; x_wconf 44' lang='grc'><strong>,</strong></span> 
     </span>
     <span class='ocr_line' id='line_1_101' title="bbox 1436 3172 2682 3228; baseline -0.001 -12"><span class='ocrx_word' id='word_1_741' title='bbox 1436 3183 1519 3216; x_wconf 89' lang='lat' dir='ltr'>tem</span> <span class='ocrx_word' id='word_1_742' title='bbox 1549 3182 1732 3216; x_wconf 74' lang='lat' dir='ltr'>evertere</span> <span class='ocrx_word' id='word_1_743' title='bbox 1755 3174 1973 3228; x_wconf 79' lang='lat' dir='ltr'>contingit.</span> <span class='ocrx_word' id='word_1_744' title='bbox 2034 3174 2162 3216; x_wconf 86' lang='lat' dir='ltr'>Irruit</span> <span class='ocrx_word' id='word_1_745' title='bbox 2191 3174 2302 3214; x_wconf 85' lang='lat' dir='ltr'>enim</span> <span class='ocrx_word' id='word_1_746' title='bbox 2323 3172 2491 3214; x_wconf 77' lang='lat' dir='ltr'>infamia</span> <span class='ocrx_word' id='word_1_747' title='bbox 2522 3187 2607 3214; x_wconf 88' lang='lat' dir='ltr'>non</span> <span class='ocrx_word' id='word_1_748' title='bbox 2639 3174 2682 3215; x_wconf 87' lang='lat' dir='ltr'>in</span> 
     </span>
     <span class='ocr_line' id='line_1_102' title="bbox 1438 3248 2682 3307; baseline -0.001 -15"><span class='ocrx_word' id='word_1_749' title='bbox 1438 3250 1667 3307; x_wconf 85' lang='lat' dir='ltr'>culpandos</span> <span class='ocrx_word' id='word_1_750' title='bbox 1680 3250 1831 3301; x_wconf 86' lang='lat' dir='ltr'>solum,</span> <span class='ocrx_word' id='word_1_751' title='bbox 1853 3249 1924 3291; x_wconf 88' lang='lat' dir='ltr'>sed</span> <span class='ocrx_word' id='word_1_752' title='bbox 1941 3251 1983 3292; x_wconf 89' lang='lat' dir='ltr'>in</span> <span class='ocrx_word' id='word_1_753' title='bbox 1999 3264 2069 3291; x_wconf 88' lang='lat' dir='ltr'>cos</span> <span class='ocrx_word' id='word_1_754' title='bbox 2084 3250 2223 3300; x_wconf 87' lang='lat' dir='ltr'>etiam,</span> <span class='ocrx_word' id='word_1_755' title='bbox 2241 3249 2292 3290; x_wconf 88' lang='lat' dir='ltr'>ad</span> <span class='ocrx_word' id='word_1_756' title='bbox 2323 3264 2428 3305; x_wconf 87' lang='lat' dir='ltr'>quos</span> <span class='ocrx_word' id='word_1_757' title='bbox 2445 3248 2682 3304; x_wconf 74' lang='lat' dir='ltr'>aggredien-</span> 
     </span>
     <span class='ocr_line' id='line_1_103' title="bbox 1439 3324 2685 3384; baseline -0.002 -15"><span class='ocrx_word' id='word_1_758' title='bbox 1439 3327 1516 3370; x_wconf 89' lang='lat' dir='ltr'>dos</span> <span class='ocrx_word' id='word_1_759' title='bbox 1532 3326 1688 3370; x_wconf 80' lang='lat' dir='ltr'>invidia</span> <span class='ocrx_word' id='word_1_760' title='bbox 1702 3328 1778 3384; x_wconf 83' lang='lat' dir='ltr'>ipsi</span> <span class='ocrx_word' id='word_1_761' title='bbox 1798 3329 1904 3369; x_wconf 84' lang='lat' dir='ltr'>viam</span> <span class='ocrx_word' id='word_1_762' title='bbox 1922 3326 2182 3383; x_wconf 78' lang='lat' dir='ltr'>patefecerit3</span> <span class='ocrx_word' id='word_1_763' title='bbox 2202 3325 2262 3367; x_wconf 74' lang='lat' dir='ltr'>vel</span> <span class='ocrx_word' id='word_1_764' title='bbox 2279 3326 2338 3368; x_wconf 81' lang='lat' dir='ltr'>sic</span> <span class='ocrx_word' id='word_1_765' title='bbox 2359 3339 2368 3367; x_wconf 89' lang='lat'>:</span> <span class='ocrx_word' id='word_1_766' title='bbox 2387 3324 2562 3367; x_wconf 76' lang='lat' dir='ltr'>Infamia</span> <span class='ocrx_word' id='word_1_767' title='bbox 2577 3330 2685 3382; x_wconf 87' lang='lat' dir='ltr'>poti·</span> 
     </span>
     <span class='ocr_line' id='line_1_104' title="bbox 1441 3398 2754 3460; baseline -0.002 -14"><span class='ocrx_word' id='word_1_768' title='bbox 1441 3412 1510 3446; x_wconf 91' lang='lat' dir='ltr'>tur</span> <span class='ocrx_word' id='word_1_769' title='bbox 1524 3418 1608 3446; x_wconf 92' lang='lat' dir='ltr'>non</span> <span class='ocrx_word' id='word_1_770' title='bbox 1631 3403 1711 3445; x_wconf 86' lang='lat' dir='ltr'>reis</span> <span class='ocrx_word' id='word_1_771' title='bbox 1727 3412 1915 3455; x_wconf 89' lang='lat' dir='ltr'>tantum,</span> <span class='ocrx_word' id='word_1_772' title='bbox 1946 3402 2018 3444; x_wconf 87' lang='lat' dir='ltr'>scd</span> <span class='ocrx_word' id='word_1_773' title='bbox 2039 3401 2248 3445; x_wconf 86' lang='lat' dir='ltr'>interdum</span> <span class='ocrx_word' id='word_1_774' title='bbox 2278 3402 2402 3444; x_wconf 87' lang='lat' dir='ltr'>etiam</span> <span class='ocrx_word' id='word_1_775' title='bbox 2430 3402 2544 3443; x_wconf 85' lang='lat' dir='ltr'>omni</span> <span class='ocrx_word' id='word_1_776' title='bbox 2564 3400 2684 3458; x_wconf 80' lang='lat' dir='ltr'>culpa</span> <span class='ocrx_word' id='word_1_777' title='bbox 2731 3398 2754 3460; x_wconf 91' lang='lat'>²</span> 
     </span>
     <span class='ocr_line' id='line_1_105' title="bbox 1441 3472 2719 3537; baseline -0.003 -14"><span class='ocrx_word' id='word_1_778' title='bbox 1441 3481 1579 3523; x_wconf 77' lang='lat' dir='ltr'>vacuis</span> <span class='ocrx_word' id='word_1_779' title='bbox 1590 3478 1957 3537; x_wconf 83' lang='lat' dir='ltr'>,quandoquidem</span> <span class='ocrx_word' id='word_1_780' title='bbox 1989 3478 2142 3521; x_wconf 86' lang='lat' dir='ltr'>invidia</span> <span class='ocrx_word' id='word_1_781' title='bbox 2174 3478 2369 3521; x_wconf 86' lang='lat' dir='ltr'>acerbum</span> <span class='ocrx_word' id='word_1_782' title='bbox 2402 3491 2525 3520; x_wconf 89' lang='lat' dir='ltr'>suum</span> <span class='ocrx_word' id='word_1_783' title='bbox 2556 3476 2683 3521; x_wconf 86' lang='lat' dir='ltr'>telum</span> <span class='ocrx_word' id='word_1_784' title='bbox 2717 3472 2719 3475; x_wconf 39' lang='lat'><strong><em>¹</em></strong></span> 
     </span>
    </p>
   </div>
   <div class='ocr_carea' id='block_1_10' title="bbox 1434 3551 2743 3681">
    <p class='ocr_par' dir='ltr' id='par_1_28' title="bbox 1434 3551 2743 3681">
     <span class='ocr_line' id='line_1_106' title="bbox 1434 3551 2511 3611; baseline -0.002 -15"><span class='ocrx_word' id='word_1_785' title='bbox 1434 3553 1612 3611; x_wconf 86' lang='lat' dir='ltr'>jaculata</span> <span class='ocrx_word' id='word_1_786' title='bbox 1633 3553 1813 3596; x_wconf 76' lang='lat' dir='ltr'>effecerit</span> <span class='ocrx_word' id='word_1_787' title='bbox 1826 3585 1836 3604; x_wconf 92' lang='lat'>,</span> <span class='ocrx_word' id='word_1_788' title='bbox 1858 3561 1904 3594; x_wconf 93' lang='lat' dir='ltr'>ut</span> <span class='ocrx_word' id='word_1_789' title='bbox 1926 3552 1987 3597; x_wconf 74' lang='lat' dir='ltr'>ve]</span> <span class='ocrx_word' id='word_1_790' title='bbox 2007 3553 2237 3595; x_wconf 87' lang='lat' dir='ltr'>immeritus</span> <span class='ocrx_word' id='word_1_791' title='bbox 2258 3551 2299 3594; x_wconf 92' lang='lat' dir='ltr'>id</span> <span class='ocrx_word' id='word_1_792' title='bbox 2317 3552 2511 3609; x_wconf 87' lang='lat' dir='ltr'>patiatur.</span> 
     </span>
     <span class='ocr_line' id='line_1_107' title="bbox 1499 3622 2743 3681; baseline -0.002 -14"><span class='ocrx_word' id='word_1_793' title='bbox 1499 3639 1565 3679; x_wconf 88' lang='lat'>19·</span> <span class='ocrx_word' id='word_1_794' title='bbox 1598 3626 1785 3668; x_wconf 89' lang='lat' dir='ltr'>Utuntur</span> <span class='ocrx_word' id='word_1_795' title='bbox 1805 3624 2016 3681; x_wconf 77' lang='lat' dir='ltr'>AEthiopes</span> <span class='ocrx_word' id='word_1_796' title='bbox 2050 3626 2092 3667; x_wconf 90' lang='lat' dir='ltr'>in</span> <span class='ocrx_word' id='word_1_797' title='bbox 2109 3624 2263 3666; x_wconf 86' lang='lat' dir='ltr'>bellicis</span> <span class='ocrx_word' id='word_1_798' title='bbox 2279 3624 2471 3681; x_wconf 83' lang='lat' dir='ltr'>periculis</span> <span class='ocrx_word' id='word_1_799' title='bbox 2489 3622 2577 3665; x_wconf 81' lang='lat' dir='ltr'>telis</span> <span class='ocrx_word' id='word_1_800' title='bbox 2598 3634 2687 3664; x_wconf 79' lang='lat' dir='ltr'>ma·</span> <span class='ocrx_word' id='word_1_801' title='bbox 2740 3662 2743 3665; x_wconf 19' lang='grc' dir='ltr'><strong>Α</strong></span> 
     </span>
    </p>
   </div>
   <div class='ocr_carea' id='block_1_11' title="bbox 2734 3050 2782 3728">
    <p class='ocr_par' dir='ltr' id='par_1_29' title="bbox 2734 3050 2782 3728">
     <span class='ocr_line' id='line_1_108' title="bbox 2734 3050 2782 3728; baseline 0.813 -44"><span class='ocrx_word' id='word_1_802' title='bbox 2734 3050 2782 3728; x_wconf 95' lang='lat' dir='ltr'>  </span> 
     </span>
    </p>
   </div>
   <div class='ocr_carea' id='block_1_12' title="bbox 2499 3730 2665 3741">
    <p class='ocr_par' dir='ltr' id='par_1_30' title="bbox 2499 3730 2665 3741">
     <span class='ocr_line' id='line_1_109' title="bbox 2499 3730 2665 3741; baseline 0 607"><span class='ocrx_word' id='word_1_803' title='bbox 2499 3730 2665 3741; x_wconf 95' lang='lat' dir='ltr'> </span> 
     </span>
    </p>
   </div>
   <div class='ocr_carea' id='block_1_13' title="bbox 2738 3756 2743 3766">
    <p class='ocr_par' dir='ltr' id='par_1_31' title="bbox 2738 3756 2743 3766">
     <span class='ocr_line' id='line_1_110' title="bbox 2738 3756 2743 3766; baseline 0 0"><span class='ocrx_word' id='word_1_804' title='bbox 2738 3756 2743 3766; x_wconf 62' lang='lat' dir='ltr'>‘v</span> 
     </span>
    </p>
   </div>
   <div class='ocr_carea' id='block_1_14' title="bbox 1442 3776 2782 4095">
    <p class='ocr_par' dir='ltr' id='par_1_32' title="bbox 1442 3776 2782 4095">
     <span class='ocr_line' id='line_1_111' title="bbox 1442 3776 2782 3873; baseline -0.008 -39"><span class='ocrx_word' id='word_1_805' title='bbox 1442 3794 1512 3849; x_wconf 91' lang='lat' dir='ltr'>qui</span> <span class='ocrx_word' id='word_1_806' title='bbox 1543 3806 1657 3834; x_wconf 83' lang='lat' dir='ltr'>suam</span> <span class='ocrx_word' id='word_1_807' title='bbox 1681 3791 1918 3850; x_wconf 66' lang='lat' dir='ltr'>Aithiopum</span> <span class='ocrx_word' id='word_1_808' title='bbox 1942 3789 2263 3846; x_wconf 81' lang='lat' dir='ltr'>descriptionem</span> <span class='ocrx_word' id='word_1_809' title='bbox 2290 3786 2383 3843; x_wconf 84' lang='lat'>(111,</span> <span class='ocrx_word' id='word_1_810' title='bbox 2408 3784 2527 3842; x_wconf 82' lang='lat'>2-11)</span> <span class='ocrx_word' id='word_1_811' title='bbox 2547 3798 2590 3825; x_wconf 84' lang='lat' dir='ltr'>se</span> <span class='ocrx_word' id='word_1_812' title='bbox 2611 3795 2686 3839; x_wconf 82' lang='lat' dir='ltr'>pe·</span> <span class='ocrx_word' id='word_1_813' title='bbox 2709 3776 2782 3873; x_wconf 46' lang='grc' dir='ltr'><em>Α</em></span> 
     </span>
     <span class='ocr_line' id='line_1_112' title="bbox 1442 3843 2740 3907; baseline -0.009 -10"><span class='ocrx_word' id='word_1_814' title='bbox 1442 3856 1552 3897; x_wconf 83' lang='lat' dir='ltr'>tiisse</span> <span class='ocrx_word' id='word_1_815' title='bbox 1574 3853 1674 3895; x_wconf 84' lang='lat' dir='ltr'>dicit</span> <span class='ocrx_word' id='word_1_816' title='bbox 1697 3869 1745 3894; x_wconf 88' lang='lat' dir='ltr'>cx</span> <span class='ocrx_word' id='word_1_817' title='bbox 1764 3850 2079 3907; x_wconf 80' lang='lat' dir='ltr'>Agatharchidis</span> <span class='ocrx_word' id='word_1_818' title='bbox 2099 3853 2162 3892; x_wconf 84' lang='lat' dir='ltr'>De</span> <span class='ocrx_word' id='word_1_819' title='bbox 2191 3849 2301 3893; x_wconf 78' lang='lat' dir='ltr'>Asia</span> <span class='ocrx_word' id='word_1_820' title='bbox 2318 3848 2425 3890; x_wconf 85' lang='lat' dir='ltr'>libro</span> <span class='ocrx_word' id='word_1_821' title='bbox 2443 3843 2626 3888; x_wconf 85' lang='lat' dir='ltr'>secundo</span> <span class='ocrx_word' id='word_1_822' title='bbox 2641 3850 2740 3887; x_wconf 63' lang='grc' dir='ltr'><strong>α</strong></span> 
     </span>
     <span class='ocr_line' id='line_1_113' title="bbox 1443 3906 2751 3970; baseline -0.009 -12"><span class='ocrx_word' id='word_1_823' title='bbox 1443 3915 1695 3960; x_wconf 80' lang='lat' dir='ltr'>Artemidori</span> <span class='ocrx_word' id='word_1_824' title='bbox 1726 3915 1832 3957; x_wconf 87' lang='lat' dir='ltr'>libro</span> <span class='ocrx_word' id='word_1_825' title='bbox 1855 3923 2017 3956; x_wconf 82' lang='lat' dir='ltr'>octavo.</span> <span class='ocrx_word' id='word_1_826' title='bbox 2043 3911 2256 3955; x_wconf 79' lang='lat' dir='ltr'>Putaveris</span> <span class='ocrx_word' id='word_1_827' title='bbox 2276 3908 2529 3953; x_wconf 89' lang='lat' dir='ltr'>laudandum</span> <span class='ocrx_word' id='word_1_828' title='bbox 2561 3906 2683 3949; x_wconf 74' lang='lat' dir='ltr'>fuisse</span> <span class='ocrx_word' id='word_1_829' title='bbox 2734 3963 2751 3970; x_wconf 7' lang='grc' dir='ltr'>γ’</span> 
     </span>
     <span class='ocr_line' id='line_1_114' title="bbox 1443 3970 2782 4038; baseline -0.01 -17"><span class='ocrx_word' id='word_1_830' title='bbox 1443 3976 1757 4033; x_wconf 74' lang='lat' dir='ltr'>Aganmrchidis</span> <span class='ocrx_word' id='word_1_831' title='bbox 1782 3980 1842 4018; x_wconf 81' lang='lat' dir='ltr'>De</span> <span class='ocrx_word' id='word_1_832' title='bbox 1864 3975 1972 4017; x_wconf 76' lang='lat' dir='ltr'>mari</span> <span class='ocrx_word' id='word_1_833' title='bbox 1994 3974 2130 4018; x_wconf 78' lang='lat' dir='ltr'>Rubro</span> <span class='ocrx_word' id='word_1_834' title='bbox 2152 3987 2279 4029; x_wconf 86' lang='lat' dir='ltr'>opus,</span> <span class='ocrx_word' id='word_1_835' title='bbox 2304 3972 2528 4029; x_wconf 64' lang='lat' dir='ltr'>pia-sertim</span> <span class='ocrx_word' id='word_1_836' title='bbox 2553 3979 2681 4024; x_wconf 82' lang='lat' dir='ltr'>quum</span> <span class='ocrx_word' id='word_1_837' title='bbox 2735 3970 2782 4038; x_wconf 41' lang='lat' dir='ltr'>’V</span> 
     </span>
     <span class='ocr_line' id='line_1_115' title="bbox 1443 4030 2771 4095; baseline -0.011 -12"><span class='ocrx_word' id='word_1_838' title='bbox 1443 4042 1533 4083; x_wconf 86' lang='lat' dir='ltr'>luoe</span> <span class='ocrx_word' id='word_1_839' title='bbox 1554 4040 1701 4081; x_wconf 71' lang='lat' dir='ltr'>clarius</span> <span class='ocrx_word' id='word_1_840' title='bbox 1720 4041 1772 4080; x_wconf 82' lang='lat' dir='ltr'>sit</span> <span class='ocrx_word' id='word_1_841' title='bbox 1793 4055 1840 4081; x_wconf 84' lang='lat' dir='ltr'>ea</span> <span class='ocrx_word' id='word_1_842' title='bbox 1863 4052 1955 4095; x_wconf 81' lang='lat' dir='ltr'>quae</span> <span class='ocrx_word' id='word_1_843' title='bbox 1971 4036 2165 4093; x_wconf 84' lang='lat' dir='ltr'>deinceps</span> <span class='ocrx_word' id='word_1_844' title='bbox 2187 4036 2200 4093; x_wconf 95' lang='lat'>(</span> <span class='ocrx_word' id='word_1_845' title='bbox 2220 4050 2258 4077; x_wconf 90' lang='lat' dir='ltr'>c.</span> <span class='ocrx_word' id='word_1_846' title='bbox 2289 4036 2410 4083; x_wconf 76' lang='lat'>12·48</span> <span class='ocrx_word' id='word_1_847' title='bbox 2434 4035 2450 4087; x_wconf 95' lang='lat'><em>)</em></span> <span class='ocrx_word' id='word_1_848' title='bbox 2474 4030 2684 4086; x_wconf 78' lang='lat' dir='ltr'>leguntur,</span> <span class='ocrx_word' id='word_1_849' title='bbox 2765 4035 2771 4038; x_wconf 84' lang='grc'><em>“</em></span> 
     </span>
    </p>
   </div>
  </div>
 </body>
</html>
