<?xml version="1.0" encoding="UTF-8"?>
<!DOCTYPE html PUBLIC "-//W3C//DTD XHTML 1.0 Transitional//EN"
    "http://www.w3.org/TR/xhtml1/DTD/xhtml1-transitional.dtd">
<html xmlns="http://www.w3.org/1999/xhtml" xml:lang="en" lang="en">
 <head>
  <title>
</title>
<meta http-equiv="Content-Type" content="text/html;charset=utf-8" />
  <meta name='ocr-system' content='tesseract 3.04.00' />
  <meta name='ocr-capabilities' content='ocr_page ocr_carea ocr_par ocr_line ocrx_word'/>
</head>
<body>
  <div class='ocr_page' id='page_1' title='image "./geographigraeci00mueluoft/geographigraeci00mueluoft_0435.png"; bbox 0 0 2808 4342; ppageno 0'>
   <div class='ocr_carea' id='block_1_1' title="bbox 10 174 133 234">
    <p class='ocr_par' dir='ltr' id='par_1_1' title="bbox 10 174 133 234">
     <span class='ocr_line' id='line_1_1' title="bbox 10 174 133 234; baseline 0 -1"><span class='ocrx_word' id='word_1_1' title='bbox 10 174 14 207; x_wconf 81' lang='lat'>2</span> <span class='ocrx_word' id='word_1_2' title='bbox 65 178 133 234; x_wconf 61' lang='grc' dir='ltr'><strong>(π.)</strong></span> 
     </span>
    </p>
   </div>
   <div class='ocr_carea' id='block_1_2' title="bbox 14 275 1320 1451">
    <p class='ocr_par' dir='ltr' id='par_1_2' title="bbox 37 275 1320 417">
     <span class='ocr_line' id='line_1_2' title="bbox 89 275 1319 345; baseline 0.008 -24"><span class='ocrx_word' id='word_1_3' title='bbox 89 275 216 329; x_wconf 82' lang='grc' dir='ltr'>δείους</span> <span class='ocrx_word' id='word_1_4' title='bbox 238 277 307 322; x_wconf 87' lang='grc' dir='ltr'><strong>καὶ</strong></span> <span class='ocrx_word' id='word_1_5' title='bbox 335 277 567 340; x_wconf 79' lang='grc' dir='ltr'>ὑδρεύματα</span> <span class='ocrx_word' id='word_1_6' title='bbox 595 277 822 340; x_wconf 84' lang='grc' dir='ltr'>γλυκύτερα</span> <span class='ocrx_word' id='word_1_7' title='bbox 852 280 981 343; x_wconf 83' lang='grc' dir='ltr'>[καὶ]</span> <span class='ocrx_word' id='word_1_8' title='bbox 1007 283 1223 345; x_wconf 76' lang='grc' dir='ltr'>κρείσσονα</span> <span class='ocrx_word' id='word_1_9' title='bbox 1248 291 1319 343; x_wconf 80' lang='grc' dir='ltr'>τ’ῆς</span> 
     </span>
     <span class='ocr_line' id='line_1_3' title="bbox 37 341 1320 417; baseline 0.009 -27"><span class='ocrx_word' id='word_1_10' title='bbox 37 341 51 361; x_wconf 80' lang='lat'><strong><em>‘</em></strong></span> <span class='ocrx_word' id='word_1_11' title='bbox 88 344 298 402; x_wconf 83' lang='grc' dir='ltr'>Ὀκήλεως</span> <span class='ocrx_word' id='word_1_12' title='bbox 310 344 567 407; x_wconf 83' lang='grc' dir='ltr'>ἔχουσα,ἤδη</span> <span class='ocrx_word' id='word_1_13' title='bbox 585 344 627 390; x_wconf 83' lang='grc' dir='ltr'>δὲ</span> <span class='ocrx_word' id='word_1_14' title='bbox 640 347 679 390; x_wconf 80' lang='grc' dir='ltr'>ἐν</span> <span class='ocrx_word' id='word_1_15' title='bbox 693 349 803 410; x_wconf 85' lang='grc' dir='ltr'>ἀρχῇ</span> <span class='ocrx_word' id='word_1_16' title='bbox 819 350 974 395; x_wconf 88' lang='grc' dir='ltr'>κόλπου</span> <span class='ocrx_word' id='word_1_17' title='bbox 996 351 1163 411; x_wconf 84' lang='grc' dir='ltr'>κειμένη</span> <span class='ocrx_word' id='word_1_18' title='bbox 1179 357 1235 417; x_wconf 84' lang='grc' dir='ltr'><strong>τῷ</strong></span> <span class='ocrx_word' id='word_1_19' title='bbox 1247 355 1320 412; x_wconf 87' lang='grc' dir='ltr'>τὴν</span> 
     </span>
    </p>

    <p class='ocr_par' dir='ltr' id='par_1_3' title="bbox 119 412 1318 486">
     <span class='ocr_line' id='line_1_4' title="bbox 119 412 1318 486; baseline 0.009 -28"><span class='ocrx_word' id='word_1_20' title='bbox 119 413 229 477; x_wconf 86' lang='grc' dir='ltr'>ώραν</span> <span class='ocrx_word' id='word_1_21' title='bbox 249 412 506 475; x_wconf 77' lang='grc' dir='ltr'>ὑποφεύγειν.</span> <span class='ocrx_word' id='word_1_22' title='bbox 573 414 798 474; x_wconf 84' lang='grc' dir='ltr'>Εὐδαίμων</span> <span class='ocrx_word' id='word_1_23' title='bbox 819 417 855 461; x_wconf 88' lang='grc' dir='ltr'>δ’</span> <span class='ocrx_word' id='word_1_24' title='bbox 879 420 1102 477; x_wconf 82' lang='grc' dir='ltr'>ἐπεκλήθη,</span> <span class='ocrx_word' id='word_1_25' title='bbox 1124 423 1318 486; x_wconf 86' lang='grc' dir='ltr'>πρότερον</span> 
     </span>
    </p>

    <p class='ocr_par' dir='ltr' id='par_1_4' title="bbox 43 481 1318 620">
     <span class='ocr_line' id='line_1_5' title="bbox 85 481 1318 546; baseline 0.008 -18"><span class='ocrx_word' id='word_1_26' title='bbox 85 500 185 528; x_wconf 89' lang='grc' dir='ltr'>ουσα</span> <span class='ocrx_word' id='word_1_27' title='bbox 209 481 348 541; x_wconf 87' lang='grc' dir='ltr'>πόλις,</span> <span class='ocrx_word' id='word_1_28' title='bbox 372 481 460 538; x_wconf 81' lang='grc' dir='ltr'>ὅτε,</span> <span class='ocrx_word' id='word_1_29' title='bbox 489 481 618 542; x_wconf 88' lang='grc' dir='ltr'>μήπω</span> <span class='ocrx_word' id='word_1_30' title='bbox 654 483 736 529; x_wconf 82' lang='grc' dir='ltr'>ἀπὸ</span> <span class='ocrx_word' id='word_1_31' title='bbox 766 489 838 541; x_wconf 81' lang='grc' dir='ltr'>τῆς</span> <span class='ocrx_word' id='word_1_32' title='bbox 859 485 1034 545; x_wconf 81' lang='grc' dir='ltr'>Ἰνδικῆς</span> <span class='ocrx_word' id='word_1_33' title='bbox 1064 492 1118 541; x_wconf 87' lang='grc' dir='ltr'><strong>εἷς</strong></span> <span class='ocrx_word' id='word_1_34' title='bbox 1141 490 1212 546; x_wconf 77' lang='grc' dir='ltr'>τὴν</span> <span class='ocrx_word' id='word_1_35' title='bbox 1240 496 1318 539; x_wconf 88' lang='grc' dir='ltr'><strong>Αἴ-</strong></span> 
     </span>
     <span class='ocr_line' id='line_1_6' title="bbox 43 550 1318 620; baseline 0.011 -27"><span class='ocrx_word' id='word_1_36' title='bbox 43 567 63 597; x_wconf 77' lang='lat'><strong>⁶</strong></span> <span class='ocrx_word' id='word_1_37' title='bbox 85 567 235 611; x_wconf 83' lang='grc' dir='ltr'>γυπτον</span> <span class='ocrx_word' id='word_1_38' title='bbox 270 550 503 612; x_wconf 81' lang='grc' dir='ltr'>ἐρχομένων</span> <span class='ocrx_word' id='word_1_39' title='bbox 523 551 628 611; x_wconf 82' lang='grc' dir='ltr'>μηδὲ</span> <span class='ocrx_word' id='word_1_40' title='bbox 649 552 731 597; x_wconf 78' lang='grc' dir='ltr'>ἀπὸ</span> <span class='ocrx_word' id='word_1_41' title='bbox 757 553 880 616; x_wconf 76' lang='grc' dir='ltr'>[τῆς]</span> <span class='ocrx_word' id='word_1_42' title='bbox 902 557 1114 617; x_wconf 85' lang='grc' dir='ltr'>Αἰγύπτου</span> <span class='ocrx_word' id='word_1_43' title='bbox 1134 562 1318 620; x_wconf 86' lang='grc' dir='ltr'>τολμών·</span> 
     </span>
    </p>

    <p class='ocr_par' dir='ltr' id='par_1_5' title="bbox 79 618 1318 689">
     <span class='ocr_line' id='line_1_7' title="bbox 79 618 1318 689; baseline 0.01 -27"><span class='ocrx_word' id='word_1_44' title='bbox 79 635 159 662; x_wconf 91' lang='grc' dir='ltr'><strong>των</strong></span> <span class='ocrx_word' id='word_1_45' title='bbox 182 619 238 670; x_wconf 85' lang='grc' dir='ltr'><strong>εἷς</strong></span> <span class='ocrx_word' id='word_1_46' title='bbox 270 618 361 670; x_wconf 85' lang='grc' dir='ltr'>τοὺς</span> <span class='ocrx_word' id='word_1_47' title='bbox 401 618 482 665; x_wconf 87' lang='grc' dir='ltr'><strong>ἔσω</strong></span> <span class='ocrx_word' id='word_1_48' title='bbox 513 620 664 674; x_wconf 87' lang='grc' dir='ltr'>τόπους</span> <span class='ocrx_word' id='word_1_49' title='bbox 699 622 887 685; x_wconf 86' lang='grc' dir='ltr'>διαίρειν,</span> <span class='ocrx_word' id='word_1_50' title='bbox 920 626 1010 670; x_wconf 87' lang='grc' dir='ltr'>ἀλλ’</span> <span class='ocrx_word' id='word_1_51' title='bbox 1042 626 1140 689; x_wconf 83' lang='grc' dir='ltr'>ἄχρι</span> <span class='ocrx_word' id='word_1_52' title='bbox 1166 629 1318 686; x_wconf 85' lang='grc' dir='ltr'>ταύτης</span> 
     </span>
    </p>

    <p class='ocr_par' dir='ltr' id='par_1_6' title="bbox 79 688 1316 757">
     <span class='ocr_line' id='line_1_8' title="bbox 79 688 1316 757; baseline 0.009 -24"><span class='ocrx_word' id='word_1_53' title='bbox 79 688 433 750; x_wconf 80' lang='grc' dir='ltr'>παραγινομένων,</span> <span class='ocrx_word' id='word_1_54' title='bbox 459 689 550 742; x_wconf 80' lang='grc' dir='ltr'>τοὺς</span> <span class='ocrx_word' id='word_1_55' title='bbox 568 694 668 753; x_wconf 91' lang='grc' dir='ltr'>παρ’</span> <span class='ocrx_word' id='word_1_56' title='bbox 692 693 935 756; x_wconf 79' lang='grc' dir='ltr'>ἀμφοτέρων</span> <span class='ocrx_word' id='word_1_57' title='bbox 965 694 1133 757; x_wconf 83' lang='grc' dir='ltr'>φόρτους</span> <span class='ocrx_word' id='word_1_58' title='bbox 1163 698 1316 744; x_wconf 84' lang='grc' dir='ltr'>ἀπεδέ-</span> 
     </span>
    </p>

    <p class='ocr_par' dir='ltr' id='par_1_7' title="bbox 82 757 1315 822">
     <span class='ocr_line' id='line_1_9' title="bbox 82 757 1315 822; baseline 0.009 -20"><span class='ocrx_word' id='word_1_59' title='bbox 82 775 196 820; x_wconf 84' lang='grc' dir='ltr'>χετο,</span> <span class='ocrx_word' id='word_1_60' title='bbox 217 757 358 821; x_wconf 83' lang='grc' dir='ltr'>ὥσπερ</span> <span class='ocrx_word' id='word_1_61' title='bbox 379 758 658 822; x_wconf 81' lang='grc' dir='ltr'>Ἀλεξάνδρεια</span> <span class='ocrx_word' id='word_1_62' title='bbox 681 761 750 806; x_wconf 82' lang='grc' dir='ltr'><strong>καὶ</strong></span> <span class='ocrx_word' id='word_1_63' title='bbox 768 765 848 807; x_wconf 83' lang='grc' dir='ltr'>τῶν</span> <span class='ocrx_word' id='word_1_64' title='bbox 870 761 1015 816; x_wconf 82' lang='grc' dir='ltr'>ἔξωθεν</span> <span class='ocrx_word' id='word_1_65' title='bbox 1037 766 1107 812; x_wconf 80' lang='grc' dir='ltr'><strong>καὶ</strong></span> <span class='ocrx_word' id='word_1_66' title='bbox 1128 770 1208 812; x_wconf 85' lang='grc' dir='ltr'>τῶν</span> <span class='ocrx_word' id='word_1_67' title='bbox 1233 769 1315 813; x_wconf 85' lang='grc' dir='ltr'>ἀπὸ</span> 
     </span>
    </p>

    <p class='ocr_par' dir='ltr' id='par_1_8' title="bbox 16 827 1314 1026">
     <span class='ocr_line' id='line_1_10' title="bbox 78 827 1314 900; baseline 0.01 -29"><span class='ocrx_word' id='word_1_68' title='bbox 78 829 150 882; x_wconf 78' lang='grc' dir='ltr'>τῆς</span> <span class='ocrx_word' id='word_1_69' title='bbox 173 827 384 889; x_wconf 79' lang='grc' dir='ltr'>Αἰγύπτου</span> <span class='ocrx_word' id='word_1_70' title='bbox 407 829 641 892; x_wconf 86' lang='grc' dir='ltr'>φερομένων</span> <span class='ocrx_word' id='word_1_71' title='bbox 661 830 925 893; x_wconf 84' lang='grc' dir='ltr'>ἀποδέχεται.</span> <span class='ocrx_word' id='word_1_72' title='bbox 995 837 1080 882; x_wconf 77' lang='grc' dir='ltr'>Νῦν</span> <span class='ocrx_word' id='word_1_73' title='bbox 1106 835 1147 881; x_wconf 80' lang='grc' dir='ltr'>δὲ</span> <span class='ocrx_word' id='word_1_74' title='bbox 1170 839 1214 882; x_wconf 83' lang='grc' dir='ltr'><strong>οὐ</strong></span> <span class='ocrx_word' id='word_1_75' title='bbox 1235 838 1314 900; x_wconf 84' lang='grc' dir='ltr'>πρὸ</span> 
     </span>
     <span class='ocr_line' id='line_1_11' title="bbox 16 897 1312 969; baseline 0.01 -29"><span class='ocrx_word' id='word_1_76' title='bbox 16 909 57 941; x_wconf 87' lang='lat'><strong>10</strong></span> <span class='ocrx_word' id='word_1_77' title='bbox 80 897 233 941; x_wconf 80' lang='grc' dir='ltr'>πολλοῦ</span> <span class='ocrx_word' id='word_1_78' title='bbox 254 899 332 942; x_wconf 85' lang='grc' dir='ltr'>τῶν</span> <span class='ocrx_word' id='word_1_79' title='bbox 352 897 564 959; x_wconf 83' lang='grc' dir='ltr'>ἡμετέρων</span> <span class='ocrx_word' id='word_1_80' title='bbox 577 899 736 961; x_wconf 88' lang='grc' dir='ltr'>χρόνων</span> <span class='ocrx_word' id='word_1_81' title='bbox 754 903 922 965; x_wconf 85' lang='grc' dir='ltr'>Καῖσαρ</span> <span class='ocrx_word' id='word_1_82' title='bbox 943 903 1070 960; x_wconf 77' lang='grc' dir='ltr'>αὐτὴν</span> <span class='ocrx_word' id='word_1_83' title='bbox 1092 907 1312 969; x_wconf 87' lang='grc' dir='ltr'>κατεστρέ·</span> 
     </span>
     <span class='ocr_line' id='line_1_12' title="bbox 78 967 249 1026; baseline -0.006 -16"><span class='ocrx_word' id='word_1_84' title='bbox 78 967 202 1026; x_wconf 84' lang='grc' dir='ltr'>ψατο.</span> <span class='ocrx_word' id='word_1_85' title='bbox 246 1006 249 1009; x_wconf 92' lang='grc'>.</span> 
     </span>
    </p>

    <p class='ocr_par' dir='ltr' id='par_1_9' title="bbox 14 1032 1312 1451">
     <span class='ocr_line' id='line_1_13' title="bbox 139 1032 1312 1104; baseline 0.01 -26"><span class='ocrx_word' id='word_1_86' title='bbox 139 1049 196 1079; x_wconf 81' lang='lat'><strong>27.</strong></span> <span class='ocrx_word' id='word_1_87' title='bbox 218 1032 315 1078; x_wconf 83' lang='grc' dir='ltr'>Ἀπὸ</span> <span class='ocrx_word' id='word_1_88' title='bbox 334 1033 374 1080; x_wconf 82' lang='grc' dir='ltr'>δὲ</span> <span class='ocrx_word' id='word_1_89' title='bbox 394 1038 465 1091; x_wconf 72' lang='grc' dir='ltr'>τῆς</span> <span class='ocrx_word' id='word_1_90' title='bbox 482 1036 736 1096; x_wconf 82' lang='grc' dir='ltr'>Εὐδαίμονος</span> <span class='ocrx_word' id='word_1_91' title='bbox 756 1038 976 1101; x_wconf 72' lang='grc' dir='ltr'>Ἀραὸικῆς</span> <span class='ocrx_word' id='word_1_92' title='bbox 990 1039 1200 1104; x_wconf 73' lang='grc' dir='ltr'>ἐκδέχεται</span> <span class='ocrx_word' id='word_1_93' title='bbox 1217 1063 1312 1090; x_wconf 89' lang='grc' dir='ltr'>συν-</span> 
     </span>
     <span class='ocr_line' id='line_1_14' title="bbox 77 1101 1310 1172; baseline 0.011 -28"><span class='ocrx_word' id='word_1_94' title='bbox 77 1101 182 1164; x_wconf 80' lang='grc' dir='ltr'>αφὴς</span> <span class='ocrx_word' id='word_1_95' title='bbox 216 1103 401 1163; x_wconf 82' lang='grc' dir='ltr'>αἰγιαλὸς</span> <span class='ocrx_word' id='word_1_96' title='bbox 435 1105 640 1164; x_wconf 79' lang='grc' dir='ltr'>ἐπιμήκης</span> <span class='ocrx_word' id='word_1_97' title='bbox 663 1107 733 1151; x_wconf 79' lang='grc' dir='ltr'><strong>καὶ</strong></span> <span class='ocrx_word' id='word_1_98' title='bbox 759 1108 905 1160; x_wconf 87' lang='grc' dir='ltr'>κόλπος</span> <span class='ocrx_word' id='word_1_99' title='bbox 941 1110 1006 1154; x_wconf 80' lang='grc' dir='ltr'>ἐπὶ</span> <span class='ocrx_word' id='word_1_100' title='bbox 1033 1111 1253 1172; x_wconf 82' lang='grc' dir='ltr'>δισχιλίους</span> <span class='ocrx_word' id='word_1_101' title='bbox 1283 1113 1310 1168; x_wconf 82' lang='grc' dir='ltr'>ἢ</span> 
     </span>
     <span class='ocr_line' id='line_1_15' title="bbox 75 1170 1308 1242; baseline 0.011 -28"><span class='ocrx_word' id='word_1_102' title='bbox 75 1170 265 1222; x_wconf 88' lang='grc' dir='ltr'>πλείονας</span> <span class='ocrx_word' id='word_1_103' title='bbox 284 1172 484 1234; x_wconf 85' lang='grc' dir='ltr'>παρήκων</span> <span class='ocrx_word' id='word_1_104' title='bbox 509 1175 727 1235; x_wconf 82' lang='grc' dir='ltr'>σταδίους,</span> <span class='ocrx_word' id='word_1_105' title='bbox 751 1177 958 1237; x_wconf 82' lang='grc' dir='ltr'>Νομάδων</span> <span class='ocrx_word' id='word_1_106' title='bbox 996 1199 1038 1224; x_wconf 89' lang='grc' dir='ltr'><strong>τε</strong></span> <span class='ocrx_word' id='word_1_107' title='bbox 1061 1181 1132 1225; x_wconf 80' lang='grc' dir='ltr'><strong>καὶ</strong></span> <span class='ocrx_word' id='word_1_108' title='bbox 1149 1181 1308 1242; x_wconf 83' lang='grc' dir='ltr'>Ἰχθυο-</span> 
     </span>
     <span class='ocr_line' id='line_1_16' title="bbox 14 1240 1306 1313; baseline 0.012 -31"><span class='ocrx_word' id='word_1_109' title='bbox 14 1253 52 1282; x_wconf 77' lang='lat'><strong>15</strong></span> <span class='ocrx_word' id='word_1_110' title='bbox 75 1240 215 1302; x_wconf 81' lang='grc' dir='ltr'>φάγων</span> <span class='ocrx_word' id='word_1_111' title='bbox 257 1241 418 1300; x_wconf 82' lang='grc' dir='ltr'>κώμαις</span> <span class='ocrx_word' id='word_1_112' title='bbox 453 1244 799 1306; x_wconf 76' lang='grc' dir='ltr'>παροικούμενος,</span> <span class='ocrx_word' id='word_1_113' title='bbox 841 1241 888 1292; x_wconf 62' lang='grc' dir='ltr'><strong>οὗ</strong></span> <span class='ocrx_word' id='word_1_114' title='bbox 942 1249 1047 1309; x_wconf 81' lang='grc' dir='ltr'>μετὰ</span> <span class='ocrx_word' id='word_1_115' title='bbox 1074 1249 1149 1305; x_wconf 81' lang='grc' dir='ltr'>τὴν</span> <span class='ocrx_word' id='word_1_116' title='bbox 1186 1251 1306 1313; x_wconf 84' lang='grc' dir='ltr'>προέ·</span> 
     </span>
     <span class='ocr_line' id='line_1_17' title="bbox 77 1310 1307 1380; baseline 0.011 -28"><span class='ocrx_word' id='word_1_117' title='bbox 77 1327 234 1370; x_wconf 78' lang='grc' dir='ltr'>χουσαν</span> <span class='ocrx_word' id='word_1_118' title='bbox 275 1310 402 1372; x_wconf 84' lang='grc' dir='ltr'>ἄκραν</span> <span class='ocrx_word' id='word_1_119' title='bbox 428 1313 621 1375; x_wconf 82' lang='grc' dir='ltr'>ἐμπόριόν</span> <span class='ocrx_word' id='word_1_120' title='bbox 649 1317 755 1360; x_wconf 82' lang='grc' dir='ltr'>ἐστιν</span> <span class='ocrx_word' id='word_1_121' title='bbox 785 1315 918 1378; x_wconf 80' lang='grc' dir='ltr'>ἕτερον</span> <span class='ocrx_word' id='word_1_122' title='bbox 952 1318 1307 1380; x_wconf 83' lang='grc' dir='ltr'>παραθαλάσσιον,</span> 
     </span>
     <span class='ocr_line' id='line_1_18' title="bbox 81 1378 1307 1451; baseline 0.011 -29"><span class='ocrx_word' id='word_1_123' title='bbox 81 1378 216 1434; x_wconf 82' lang='grc' dir='ltr'>Κανὴ,</span> <span class='ocrx_word' id='word_1_124' title='bbox 259 1380 470 1440; x_wconf 83' lang='grc' dir='ltr'>βασιλείας</span> <span class='ocrx_word' id='word_1_125' title='bbox 510 1382 740 1443; x_wconf 81' lang='grc' dir='ltr'>Ἔλεάζου,</span> <span class='ocrx_word' id='word_1_126' title='bbox 773 1384 913 1447; x_wconf 79' lang='grc' dir='ltr'>χώρας</span> <span class='ocrx_word' id='word_1_127' title='bbox 948 1387 1307 1451; x_wconf 72' lang='grc' dir='ltr'>λιὸανωτοφόρου,</span> 
     </span>
    </p>
   </div>
   <div class='ocr_carea' id='block_1_3' title="bbox 910 182 1806 241">
    <p class='ocr_par' dir='ltr' id='par_1_10' title="bbox 910 182 1806 241">
     <span class='ocr_line' id='line_1_19' title="bbox 910 182 1806 241; baseline 0.015 -15"><span class='ocrx_word' id='word_1_128' title='bbox 910 182 1203 231; x_wconf 83' lang='lat' dir='ltr'><strong>PERlPLUS</strong></span> <span class='ocrx_word' id='word_1_129' title='bbox 1234 186 1424 235; x_wconf 84' lang='lat' dir='ltr'><strong>MARIS</strong></span> <span class='ocrx_word' id='word_1_130' title='bbox 1459 190 1806 241; x_wconf 76' lang='lat' dir='ltr'><strong>ERYTH&#39;RAEI.</strong></span> 
     </span>
    </p>
   </div>
   <div class='ocr_carea' id='block_1_4' title="bbox 2529 227 2613 266">
    <p class='ocr_par' dir='ltr' id='par_1_11' title="bbox 2529 227 2613 266">
     <span class='ocr_line' id='line_1_20' title="bbox 2529 227 2613 266; baseline 0.048 -4"><span class='ocrx_word' id='word_1_131' title='bbox 2529 227 2613 266; x_wconf 77' lang='lat'><strong>277</strong></span> 
     </span>
    </p>
   </div>
   <div class='ocr_carea' id='block_1_5' title="bbox 1379 300 2620 1453">
    <p class='ocr_par' dir='ltr' id='par_1_12' title="bbox 1382 300 2620 1022">
     <span class='ocr_line' id='line_1_21' title="bbox 1392 300 2615 364; baseline 0.021 -27"><span class='ocrx_word' id='word_1_132' title='bbox 1392 300 1632 352; x_wconf 84' lang='lat' dir='ltr'>aquationes</span> <span class='ocrx_word' id='word_1_133' title='bbox 1641 300 1846 343; x_wconf 84' lang='lat' dir='ltr'><strong>dulciores</strong></span> <span class='ocrx_word' id='word_1_134' title='bbox 1855 312 1893 344; x_wconf 90' lang='lat' dir='ltr'><strong>et</strong></span> <span class='ocrx_word' id='word_1_135' title='bbox 1900 308 2199 360; x_wconf 87' lang='lat' dir='ltr'><strong>praestantiores</strong></span> <span class='ocrx_word' id='word_1_136' title='bbox 2209 324 2332 364; x_wconf 89' lang='lat' dir='ltr'><strong>quam</strong></span> <span class='ocrx_word' id='word_1_137' title='bbox 2341 316 2473 357; x_wconf 90' lang='lat' dir='ltr'><strong>Ocelis</strong></span> <span class='ocrx_word' id='word_1_138' title='bbox 2480 319 2599 363; x_wconf 89' lang='lat' dir='ltr'><strong>habet</strong></span> <span class='ocrx_word' id='word_1_139' title='bbox 2606 356 2615 364; x_wconf 93' lang='lat'><strong>.</strong></span> 
     </span>
     <span class='ocr_line' id='line_1_22' title="bbox 1391 366 2618 435; baseline 0.02 -30"><span class='ocrx_word' id='word_1_140' title='bbox 1391 366 1499 406; x_wconf 90' lang='lat' dir='ltr'><strong>Situs</strong></span> <span class='ocrx_word' id='word_1_141' title='bbox 1509 366 1596 422; x_wconf 88' lang='lat' dir='ltr'><strong>jam</strong></span> <span class='ocrx_word' id='word_1_142' title='bbox 1616 378 1675 410; x_wconf 89' lang='lat' dir='ltr'><strong>est</strong></span> <span class='ocrx_word' id='word_1_143' title='bbox 1692 371 1734 410; x_wconf 91' lang='lat' dir='ltr'><strong>in</strong></span> <span class='ocrx_word' id='word_1_144' title='bbox 1752 371 1870 412; x_wconf 90' lang='lat' dir='ltr'><strong>initio</strong></span> <span class='ocrx_word' id='word_1_145' title='bbox 1885 373 2014 424; x_wconf 87' lang='lat' dir='ltr'><strong>sinus,</strong></span> <span class='ocrx_word' id='word_1_146' title='bbox 2035 388 2160 429; x_wconf 88' lang='lat' dir='ltr'><strong>quam</strong></span> <span class='ocrx_word' id='word_1_147' title='bbox 2181 392 2254 418; x_wconf 90' lang='lat' dir='ltr'><strong>ora</strong></span> <span class='ocrx_word' id='word_1_148' title='bbox 2269 380 2458 435; x_wconf 84' lang='lat' dir='ltr'>refugiat.</span> <span class='ocrx_word' id='word_1_149' title='bbox 2519 389 2550 427; x_wconf 90' lang='lat' dir='ltr'>F</span> <span class='ocrx_word' id='word_1_150' title='bbox 2551 390 2618 430; x_wconf 85' lang='lat' dir='ltr'><strong>eli-</strong></span> 
     </span>
     <span class='ocr_line' id='line_1_23' title="bbox 1390 434 2619 500; baseline 0.02 -28"><span class='ocrx_word' id='word_1_151' title='bbox 1390 434 1447 473; x_wconf 93' lang='lat' dir='ltr'><strong>cis</strong></span> <span class='ocrx_word' id='word_1_152' title='bbox 1467 448 1564 476; x_wconf 88' lang='lat' dir='ltr'><strong>vero</strong></span> <span class='ocrx_word' id='word_1_153' title='bbox 1590 450 1820 491; x_wconf 85' lang='lat' dir='ltr'>cognomen</span> <span class='ocrx_word' id='word_1_154' title='bbox 1839 448 1982 481; x_wconf 90' lang='lat' dir='ltr'><strong>nactus</strong></span> <span class='ocrx_word' id='word_1_155' title='bbox 2001 450 2059 483; x_wconf 90' lang='lat' dir='ltr'><strong>est</strong></span> <span class='ocrx_word' id='word_1_156' title='bbox 2074 473 2084 491; x_wconf 95' lang='lat'><strong>,</strong></span> <span class='ocrx_word' id='word_1_157' title='bbox 2112 457 2243 497; x_wconf 92' lang='lat' dir='ltr'><strong>quum</strong></span> <span class='ocrx_word' id='word_1_158' title='bbox 2263 449 2378 500; x_wconf 92' lang='lat' dir='ltr'><strong>prius</strong></span> <span class='ocrx_word' id='word_1_159' title='bbox 2401 452 2498 492; x_wconf 90' lang='lat' dir='ltr'><strong>urbs</strong></span> <span class='ocrx_word' id='word_1_160' title='bbox 2520 455 2619 497; x_wconf 89' lang='lat' dir='ltr'><strong>fuis-</strong></span> 
     </span>
     <span class='ocr_line' id='line_1_24' title="bbox 1389 503 2618 575; baseline 0.02 -35"><span class='ocrx_word' id='word_1_161' title='bbox 1389 509 1470 551; x_wconf 88' lang='lat' dir='ltr'><strong>set,</strong></span> <span class='ocrx_word' id='word_1_162' title='bbox 1499 503 1693 556; x_wconf 89' lang='lat' dir='ltr'><strong>quando,</strong></span> <span class='ocrx_word' id='word_1_163' title='bbox 1725 507 1861 546; x_wconf 87' lang='lat' dir='ltr'><strong>nautis</strong></span> <span class='ocrx_word' id='word_1_164' title='bbox 1882 508 2073 550; x_wconf 88' lang='lat' dir='ltr'><strong>nondum</strong></span> <span class='ocrx_word' id='word_1_165' title='bbox 2099 525 2149 552; x_wconf 87' lang='lat' dir='ltr'><strong>ex</strong></span> <span class='ocrx_word' id='word_1_166' title='bbox 2177 513 2296 554; x_wconf 87' lang='lat' dir='ltr'><strong>India</strong></span> <span class='ocrx_word' id='word_1_167' title='bbox 2326 516 2368 555; x_wconf 92' lang='lat' dir='ltr'><strong>in</strong></span> <span class='ocrx_word' id='word_1_168' title='bbox 2399 518 2618 575; x_wconf 86' lang='lat' dir='ltr'><strong>AEgyptum</strong></span> 
     </span>
     <span class='ocr_line' id='line_1_25' title="bbox 1387 568 2619 633; baseline 0.019 -26"><span class='ocrx_word' id='word_1_169' title='bbox 1387 568 1765 621; x_wconf 89' lang='lat' dir='ltr'><strong>proficiscentibus,</strong></span> <span class='ocrx_word' id='word_1_170' title='bbox 1791 587 1924 628; x_wconf 90' lang='lat' dir='ltr'><strong>neque</strong></span> <span class='ocrx_word' id='word_1_171' title='bbox 1947 590 1995 616; x_wconf 88' lang='lat' dir='ltr'><strong>ex</strong></span> <span class='ocrx_word' id='word_1_172' title='bbox 2018 577 2192 633; x_wconf 84' lang='lat' dir='ltr'><strong>AEgypto</strong></span> <span class='ocrx_word' id='word_1_173' title='bbox 2211 581 2253 620; x_wconf 91' lang='lat' dir='ltr'><strong>in</strong></span> <span class='ocrx_word' id='word_1_174' title='bbox 2271 582 2477 626; x_wconf 88' lang='lat' dir='ltr'><strong>interioris</strong></span> <span class='ocrx_word' id='word_1_175' title='bbox 2497 593 2619 631; x_wconf 89' lang='lat' dir='ltr'><strong>maris</strong></span> 
     </span>
     <span class='ocr_line' id='line_1_26' title="bbox 1386 634 2620 712; baseline 0.019 -37"><span class='ocrx_word' id='word_1_176' title='bbox 1386 634 1474 676; x_wconf 91' lang='lat' dir='ltr'><strong>loca</strong></span> <span class='ocrx_word' id='word_1_177' title='bbox 1503 636 1688 692; x_wconf 86' lang='lat' dir='ltr'><strong>trajicere</strong></span> <span class='ocrx_word' id='word_1_178' title='bbox 1710 641 1954 683; x_wconf 88' lang='lat' dir='ltr'>conantibus</span> <span class='ocrx_word' id='word_1_179' title='bbox 1969 675 1980 694; x_wconf 93' lang='lat'>‚</span> <span class='ocrx_word' id='word_1_180' title='bbox 1998 644 2069 686; x_wconf 91' lang='lat' dir='ltr'><strong>sed</strong></span> <span class='ocrx_word' id='word_1_181' title='bbox 2100 649 2263 689; x_wconf 87' lang='lat' dir='ltr'><strong>nonnisi</strong></span> <span class='ocrx_word' id='word_1_182' title='bbox 2295 650 2347 691; x_wconf 91' lang='lat' dir='ltr'><strong>ad</strong></span> <span class='ocrx_word' id='word_1_183' title='bbox 2363 651 2468 694; x_wconf 89' lang='lat' dir='ltr'><strong>hanc</strong></span> <span class='ocrx_word' id='word_1_184' title='bbox 2488 669 2620 712; x_wconf 83' lang='lat' dir='ltr'><strong>usque</strong></span> 
     </span>
     <span class='ocr_line' id='line_1_27' title="bbox 1387 703 2616 778; baseline 0.02 -36"><span class='ocrx_word' id='word_1_185' title='bbox 1387 703 1532 744; x_wconf 91' lang='lat' dir='ltr'><strong>urbem</strong></span> <span class='ocrx_word' id='word_1_186' title='bbox 1566 706 1848 759; x_wconf 85' lang='lat' dir='ltr'><strong>venientibus,</strong></span> <span class='ocrx_word' id='word_1_187' title='bbox 1882 709 1934 750; x_wconf 92' lang='lat' dir='ltr'><strong>ab</strong></span> <span class='ocrx_word' id='word_1_188' title='bbox 1967 713 2152 769; x_wconf 91' lang='lat' dir='ltr'><strong>utrisque</strong></span> <span class='ocrx_word' id='word_1_189' title='bbox 2189 730 2342 759; x_wconf 82' lang='lat' dir='ltr'>merces</span> <span class='ocrx_word' id='word_1_190' title='bbox 2374 722 2616 778; x_wconf 89' lang='lat' dir='ltr'><strong>recipiebat,</strong></span> 
     </span>
     <span class='ocr_line' id='line_1_28' title="bbox 1385 772 2618 847; baseline 0.019 -37"><span class='ocrx_word' id='word_1_191' title='bbox 1385 772 1738 825; x_wconf 85' lang='lat' dir='ltr'><strong>quemadmodum</strong></span> <span class='ocrx_word' id='word_1_192' title='bbox 1760 775 2008 820; x_wconf 86' lang='lat' dir='ltr'><strong>Alexandria</strong></span> <span class='ocrx_word' id='word_1_193' title='bbox 2029 789 2069 821; x_wconf 88' lang='lat' dir='ltr'><strong>et</strong></span> <span class='ocrx_word' id='word_1_194' title='bbox 2085 791 2270 825; x_wconf 88' lang='lat' dir='ltr'><strong>externas</strong></span> <span class='ocrx_word' id='word_1_195' title='bbox 2293 801 2446 829; x_wconf 84' lang='lat' dir='ltr'><strong>merces</strong></span> <span class='ocrx_word' id='word_1_196' title='bbox 2464 799 2504 832; x_wconf 90' lang='lat' dir='ltr'><strong>et</strong></span> <span class='ocrx_word' id='word_1_197' title='bbox 2525 806 2618 847; x_wconf 86' lang='lat' dir='ltr'><strong>quae</strong></span> 
     </span>
     <span class='ocr_line' id='line_1_29' title="bbox 1384 840 2616 902; baseline 0.019 -23"><span class='ocrx_word' id='word_1_198' title='bbox 1384 853 1433 880; x_wconf 87' lang='lat' dir='ltr'><strong>cx</strong></span> <span class='ocrx_word' id='word_1_199' title='bbox 1444 840 1619 896; x_wconf 84' lang='lat' dir='ltr'><strong>AEgypto</strong></span> <span class='ocrx_word' id='word_1_200' title='bbox 1630 842 1877 895; x_wconf 88' lang='lat' dir='ltr'><strong>afferuntur,</strong></span> <span class='ocrx_word' id='word_1_201' title='bbox 1891 847 2051 902; x_wconf 83' lang='lat' dir='ltr'><strong>recipit.</strong></span> <span class='ocrx_word' id='word_1_202' title='bbox 2081 851 2201 891; x_wconf 90' lang='lat' dir='ltr'><strong>Nunc</strong></span> <span class='ocrx_word' id='word_1_203' title='bbox 2214 867 2309 894; x_wconf 89' lang='lat' dir='ltr'><strong>vero</strong></span> <span class='ocrx_word' id='word_1_204' title='bbox 2323 869 2405 896; x_wconf 91' lang='lat' dir='ltr'><strong>non</strong></span> <span class='ocrx_word' id='word_1_205' title='bbox 2419 857 2472 898; x_wconf 88' lang='lat' dir='ltr'><strong>ita</strong></span> <span class='ocrx_word' id='word_1_206' title='bbox 2485 859 2616 902; x_wconf 89' lang='lat' dir='ltr'><strong>multo</strong></span> 
     </span>
     <span class='ocr_line' id='line_1_30' title="bbox 1383 900 2614 976; baseline 0.019 -28"><span class='ocrx_word' id='word_1_207' title='bbox 1383 917 1476 949; x_wconf 88' lang='lat' dir='ltr'><strong>ante</strong></span> <span class='ocrx_word' id='word_1_208' title='bbox 1512 900 1650 952; x_wconf 85' lang='lat' dir='ltr'><strong>nostra</strong></span> <span class='ocrx_word' id='word_1_209' title='bbox 1682 920 1868 967; x_wconf 84' lang='lat' dir='ltr'><strong>tempora</strong></span> <span class='ocrx_word' id='word_1_210' title='bbox 1902 915 2034 957; x_wconf 78' lang='lat' dir='ltr'><strong>Caesar</strong></span> <span class='ocrx_word' id='word_1_211' title='bbox 2067 917 2080 973; x_wconf 87' lang='lat'>(</span> <span class='ocrx_word' id='word_1_212' title='bbox 2105 920 2314 976; x_wconf 72' lang='lat' dir='ltr'><strong>Eli.5ar.³)</strong></span> <span class='ocrx_word' id='word_1_213' title='bbox 2344 939 2431 966; x_wconf 87' lang='lat' dir='ltr'><strong>cam</strong></span> <span class='ocrx_word' id='word_1_214' title='bbox 2468 928 2614 971; x_wconf 88' lang='lat' dir='ltr'><strong>urbem</strong></span> 
     </span>
     <span class='ocr_line' id='line_1_31' title="bbox 1382 978 1598 1022; baseline 0.019 -4"><span class='ocrx_word' id='word_1_215' title='bbox 1382 978 1598 1022; x_wconf 81' lang='lat' dir='ltr'><strong>destruxit.</strong></span> 
     </span>
    </p>

    <p class='ocr_par' dir='ltr' id='par_1_13' title="bbox 1379 1049 2613 1453">
     <span class='ocr_line' id='line_1_32' title="bbox 1439 1049 2613 1118; baseline 0.017 -31"><span class='ocrx_word' id='word_1_216' title='bbox 1439 1061 1507 1102; x_wconf 86' lang='lat'><strong>27.</strong></span> <span class='ocrx_word' id='word_1_217' title='bbox 1540 1049 1837 1092; x_wconf 85' lang='lat' dir='ltr'><strong>Eudaemonem</strong></span> <span class='ocrx_word' id='word_1_218' title='bbox 1871 1054 2087 1096; x_wconf 82' lang='lat' dir='ltr'><strong>Arabicam</strong></span> <span class='ocrx_word' id='word_1_219' title='bbox 2117 1061 2314 1101; x_wconf 87' lang='lat' dir='ltr'><strong>continuo</strong></span> <span class='ocrx_word' id='word_1_220' title='bbox 2342 1064 2491 1118; x_wconf 81' lang='lat' dir='ltr'><strong>excipit</strong></span> <span class='ocrx_word' id='word_1_221' title='bbox 2519 1066 2613 1107; x_wconf 88' lang='lat' dir='ltr'><strong>litus</strong></span> 
     </span>
     <span class='ocr_line' id='line_1_33' title="bbox 1381 1117 2613 1187; baseline 0.017 -30"><span class='ocrx_word' id='word_1_222' title='bbox 1381 1117 1499 1172; x_wconf 87' lang='lat' dir='ltr'><strong>longe</strong></span> <span class='ocrx_word' id='word_1_223' title='bbox 1521 1130 1758 1175; x_wconf 83' lang='lat' dir='ltr'><strong>porrectum</strong></span> <span class='ocrx_word' id='word_1_224' title='bbox 1782 1131 1821 1163; x_wconf 86' lang='lat' dir='ltr'><strong>et</strong></span> <span class='ocrx_word' id='word_1_225' title='bbox 1847 1125 1960 1164; x_wconf 89' lang='lat' dir='ltr'><strong>sinus</strong></span> <span class='ocrx_word' id='word_1_226' title='bbox 1983 1126 2035 1166; x_wconf 91' lang='lat' dir='ltr'><strong>ad</strong></span> <span class='ocrx_word' id='word_1_227' title='bbox 2051 1127 2112 1180; x_wconf 81' lang='lat' dir='ltr'><strong>bis</strong></span> <span class='ocrx_word' id='word_1_228' title='bbox 2130 1130 2236 1170; x_wconf 88' lang='lat' dir='ltr'><strong>mille</strong></span> <span class='ocrx_word' id='word_1_229' title='bbox 2256 1132 2315 1172; x_wconf 87' lang='lat' dir='ltr'><strong>vel</strong></span> <span class='ocrx_word' id='word_1_230' title='bbox 2344 1134 2461 1187; x_wconf 88' lang='lat' dir='ltr'><strong>plura</strong></span> <span class='ocrx_word' id='word_1_231' title='bbox 2491 1138 2613 1178; x_wconf 89' lang='lat' dir='ltr'><strong>ctiam</strong></span> 
     </span>
     <span class='ocr_line' id='line_1_34' title="bbox 1379 1189 2613 1257; baseline 0.016 -32"><span class='ocrx_word' id='word_1_232' title='bbox 1379 1195 1520 1240; x_wconf 91' lang='lat' dir='ltr'><strong>patens</strong></span> <span class='ocrx_word' id='word_1_233' title='bbox 1566 1189 1720 1239; x_wconf 89' lang='lat' dir='ltr'><strong>stadia,</strong></span> <span class='ocrx_word' id='word_1_234' title='bbox 1775 1192 1845 1244; x_wconf 91' lang='lat' dir='ltr'><strong>qui</strong></span> <span class='ocrx_word' id='word_1_235' title='bbox 1883 1194 2087 1235; x_wconf 87' lang='lat' dir='ltr'><strong>Nomades</strong></span> <span class='ocrx_word' id='word_1_236' title='bbox 2123 1204 2163 1238; x_wconf 90' lang='lat' dir='ltr'><strong>et</strong></span> <span class='ocrx_word' id='word_1_237' title='bbox 2205 1199 2531 1257; x_wconf 83' lang='lat' dir='ltr'><strong>Ichthyophagos</strong></span> <span class='ocrx_word' id='word_1_238' title='bbox 2571 1206 2613 1245; x_wconf 89' lang='lat' dir='ltr'><strong>in</strong></span> 
     </span>
     <span class='ocr_line' id='line_1_35' title="bbox 1380 1255 2613 1323; baseline 0.016 -30"><span class='ocrx_word' id='word_1_239' title='bbox 1380 1255 1478 1294; x_wconf 91' lang='lat' dir='ltr'><strong>vicis</strong></span> <span class='ocrx_word' id='word_1_240' title='bbox 1494 1255 1616 1296; x_wconf 89' lang='lat' dir='ltr'><strong>habet</strong></span> <span class='ocrx_word' id='word_1_241' title='bbox 1634 1257 1804 1299; x_wconf 78' lang='lat' dir='ltr'><strong>accolas,</strong></span> <span class='ocrx_word' id='word_1_242' title='bbox 1865 1259 1965 1314; x_wconf 89' lang='lat' dir='ltr'><strong>Ejus</strong></span> <span class='ocrx_word' id='word_1_243' title='bbox 1983 1271 2075 1316; x_wconf 91' lang='lat' dir='ltr'><strong>post</strong></span> <span class='ocrx_word' id='word_1_244' title='bbox 2093 1266 2355 1318; x_wconf 90' lang='lat' dir='ltr'><strong>proeminens</strong></span> <span class='ocrx_word' id='word_1_245' title='bbox 2373 1282 2613 1323; x_wconf 90' lang='lat' dir='ltr'><strong>promonto-</strong></span> 
     </span>
     <span class='ocr_line' id='line_1_36' title="bbox 1379 1322 2611 1387; baseline 0.015 -26"><span class='ocrx_word' id='word_1_246' title='bbox 1379 1322 1490 1362; x_wconf 88' lang='lat' dir='ltr'><strong>rium</strong></span> <span class='ocrx_word' id='word_1_247' title='bbox 1518 1332 1577 1364; x_wconf 92' lang='lat' dir='ltr'><strong>est</strong></span> <span class='ocrx_word' id='word_1_248' title='bbox 1604 1324 1717 1365; x_wconf 91' lang='lat' dir='ltr'><strong>aliud</strong></span> <span class='ocrx_word' id='word_1_249' title='bbox 1746 1329 1979 1381; x_wconf 89' lang='lat' dir='ltr'><strong>emporium</strong></span> <span class='ocrx_word' id='word_1_250' title='bbox 2009 1332 2285 1384; x_wconf 88' lang='lat' dir='ltr'><strong>maritimum,</strong></span> <span class='ocrx_word' id='word_1_251' title='bbox 2317 1337 2441 1387; x_wconf 88' lang='lat' dir='ltr'><strong>Cane,</strong></span> <span class='ocrx_word' id='word_1_252' title='bbox 2469 1338 2518 1378; x_wconf 94' lang='lat' dir='ltr'><strong>ad</strong></span> <span class='ocrx_word' id='word_1_253' title='bbox 2550 1355 2611 1380; x_wconf 91' lang='lat' dir='ltr'><strong>re-</strong></span> 
     </span>
     <span class='ocr_line' id='line_1_37' title="bbox 1381 1394 2612 1453; baseline 0.015 -23"><span class='ocrx_word' id='word_1_254' title='bbox 1381 1405 1508 1444; x_wconf 92' lang='lat' dir='ltr'><strong>gnum</strong></span> <span class='ocrx_word' id='word_1_255' title='bbox 1527 1394 1736 1447; x_wconf 85' lang='lat' dir='ltr'><strong>pertinens</strong></span> <span class='ocrx_word' id='word_1_256' title='bbox 1754 1395 1888 1436; x_wconf 88' lang='lat' dir='ltr'><strong>Eleazi</strong></span> <span class='ocrx_word' id='word_1_257' title='bbox 1909 1397 1951 1438; x_wconf 93' lang='lat' dir='ltr'><strong>in</strong></span> <span class='ocrx_word' id='word_1_258' title='bbox 1980 1400 2147 1453; x_wconf 86' lang='lat' dir='ltr'><strong>regione</strong></span> <span class='ocrx_word' id='word_1_259' title='bbox 2172 1401 2387 1444; x_wconf 91' lang='lat' dir='ltr'><strong>thurifera.</strong></span> <span class='ocrx_word' id='word_1_260' title='bbox 2448 1408 2510 1447; x_wconf 70' lang='lat' dir='ltr'><strong>Ex</strong></span> <span class='ocrx_word' id='word_1_261' title='bbox 2540 1407 2612 1448; x_wconf 88' lang='lat' dir='ltr'><strong>ad-</strong></span> 
     </span>
    </p>
   </div>
   <div class='ocr_carea' id='block_1_6' title="bbox 82 1458 2611 1509">
    <p class='ocr_par' dir='ltr' id='par_1_14' title="bbox 82 1458 2611 1509">
     <span class='ocr_line' id='line_1_38' title="bbox 82 1458 2611 1509; baseline 0.012 -33"><span class='ocrx_word' id='word_1_262' title='bbox 82 1458 2611 1509; x_wconf 33' lang='grc' dir='ltr'><strong>ῄ-ἫἫ</strong></span> 
     </span>
    </p>
   </div>
   <div class='ocr_carea' id='block_1_7' title="bbox 23 1509 1313 4057">
    <p class='ocr_par' dir='ltr' id='par_1_15' title="bbox 23 1509 1313 4057">
     <span class='ocr_line' id='line_1_39' title="bbox 77 1509 1311 1577; baseline 0.013 -29"><span class='ocrx_word' id='word_1_263' title='bbox 77 1523 114 1550; x_wconf 89' lang='lat'><strong>1.</strong></span> <span class='ocrx_word' id='word_1_264' title='bbox 137 1509 158 1549; x_wconf 81' lang='grc' dir='ltr'><strong>ὓ</strong></span> <span class='ocrx_word' id='word_1_265' title='bbox 171 1511 191 1549; x_wconf 86' lang='grc' dir='ltr'>δ</span> <span class='ocrx_word' id='word_1_266' title='bbox 206 1525 224 1564; x_wconf 87' lang='grc' dir='ltr'>ρ</span> <span class='ocrx_word' id='word_1_267' title='bbox 239 1526 254 1550; x_wconf 88' lang='grc' dir='ltr'><strong>ε</strong></span> <span class='ocrx_word' id='word_1_268' title='bbox 267 1510 287 1550; x_wconf 81' lang='grc' dir='ltr'>ύ</span> <span class='ocrx_word' id='word_1_269' title='bbox 301 1513 462 1566; x_wconf 80' lang='grc' dir='ltr'>ματα]</span> <span class='ocrx_word' id='word_1_270' title='bbox 489 1514 579 1553; x_wconf 88' lang='lat' dir='ltr'><strong>Rivi</strong></span> <span class='ocrx_word' id='word_1_271' title='bbox 600 1515 641 1554; x_wconf 87' lang='lat' dir='ltr'><strong>in</strong></span> <span class='ocrx_word' id='word_1_272' title='bbox 664 1515 741 1556; x_wconf 90' lang='lat' dir='ltr'><strong>hac</strong></span> <span class='ocrx_word' id='word_1_273' title='bbox 759 1519 973 1571; x_wconf 86' lang='lat' dir='ltr'><strong>peninsula</strong></span> <span class='ocrx_word' id='word_1_274' title='bbox 994 1521 1118 1574; x_wconf 86' lang='lat' dir='ltr'><strong>nulli,</strong></span> <span class='ocrx_word' id='word_1_275' title='bbox 1146 1522 1217 1562; x_wconf 89' lang='lat' dir='ltr'><strong>sed</strong></span> <span class='ocrx_word' id='word_1_276' title='bbox 1236 1537 1311 1577; x_wconf 91' lang='lat' dir='ltr'><strong>pu-</strong></span> 
     </span>
     <span class='ocr_line' id='line_1_40' title="bbox 71 1572 1311 1637; baseline 0.011 -26"><span class='ocrx_word' id='word_1_277' title='bbox 71 1572 126 1612; x_wconf 89' lang='lat' dir='ltr'><strong>tei</strong></span> <span class='ocrx_word' id='word_1_278' title='bbox 150 1573 257 1612; x_wconf 91' lang='lat' dir='ltr'><strong>saxis</strong></span> <span class='ocrx_word' id='word_1_279' title='bbox 284 1573 404 1614; x_wconf 87' lang='lat' dir='ltr'><strong>incisi</strong></span> <span class='ocrx_word' id='word_1_280' title='bbox 424 1583 520 1614; x_wconf 90' lang='lat' dir='ltr'><strong>sunt</strong></span> <span class='ocrx_word' id='word_1_281' title='bbox 542 1590 659 1629; x_wconf 90' lang='lat' dir='ltr'><strong>aquae</strong></span> <span class='ocrx_word' id='word_1_282' title='bbox 675 1580 845 1631; x_wconf 82' lang='lat' dir='ltr'><strong>egregiae</strong></span> <span class='ocrx_word' id='word_1_283' title='bbox 864 1582 1026 1634; x_wconf 89' lang='lat' dir='ltr'><strong>copiam</strong></span> <span class='ocrx_word' id='word_1_284' title='bbox 1035 1584 1311 1637; x_wconf 68' lang='lat' dir='ltr'><strong>¹suppeditan-</strong></span> 
     </span>
     <span class='ocr_line' id='line_1_41' title="bbox 71 1635 1313 1698; baseline 0.01 -24"><span class='ocrx_word' id='word_1_285' title='bbox 71 1642 145 1674; x_wconf 89' lang='lat' dir='ltr'><strong>tes.</strong></span> <span class='ocrx_word' id='word_1_286' title='bbox 176 1635 378 1676; x_wconf 77' lang='lat' dir='ltr'><strong>Praeterea</strong></span> <span class='ocrx_word' id='word_1_287' title='bbox 424 1636 690 1690; x_wconf 87' lang='lat' dir='ltr'><strong>aquaeductus</strong></span> <span class='ocrx_word' id='word_1_288' title='bbox 727 1639 879 1681; x_wconf 90' lang='lat' dir='ltr'><strong>rudera</strong></span> <span class='ocrx_word' id='word_1_289' title='bbox 918 1653 1153 1697; x_wconf 89' lang='lat' dir='ltr'><strong>supersunt.</strong></span> <span class='ocrx_word' id='word_1_290' title='bbox 1196 1646 1212 1698; x_wconf 78' lang='grc' dir='ltr'><strong>ΙΙ</strong></span> <span class='ocrx_word' id='word_1_291' title='bbox 1230 1657 1234 1670; x_wconf 77' lang='lat'><em>³</em></span> <span class='ocrx_word' id='word_1_292' title='bbox 1256 1670 1313 1678; x_wconf 91' lang='lat'><strong>—-</strong></span> 
     </span>
     <span class='ocr_line' id='line_1_42' title="bbox 74 1696 1311 1762; baseline 0.011 -27"><span class='ocrx_word' id='word_1_293' title='bbox 74 1710 111 1736; x_wconf 74' lang='grc' dir='ltr'><strong>Ι.</strong></span> <span class='ocrx_word' id='word_1_294' title='bbox 141 1696 206 1737; x_wconf 83' lang='grc' dir='ltr'><strong>καὶ</strong></span> <span class='ocrx_word' id='word_1_295' title='bbox 235 1697 439 1752; x_wconf 88' lang='lat' dir='ltr'><strong>supplevit</strong></span> <span class='ocrx_word' id='word_1_296' title='bbox 461 1698 686 1740; x_wconf 90' lang='lat' dir='ltr'><strong>Hudsonus</strong></span> <span class='ocrx_word' id='word_1_297' title='bbox 709 1701 725 1755; x_wconf 79' lang='lat' dir='ltr'><strong>l}</strong></span> <span class='ocrx_word' id='word_1_298' title='bbox 744 1725 800 1737; x_wconf 83' lang='lat'><strong>—-</strong></span> <span class='ocrx_word' id='word_1_299' title='bbox 823 1703 863 1743; x_wconf 88' lang='grc'><strong>3.</strong></span> <span class='ocrx_word' id='word_1_300' title='bbox 887 1702 1214 1762; x_wconf 74' lang='grc' dir='ltr'>ὑποφεύγειν]</span> <span class='ocrx_word' id='word_1_301' title='bbox 1240 1722 1311 1749; x_wconf 87' lang='lat' dir='ltr'><strong>au-</strong></span> 
     </span>
     <span class='ocr_line' id='line_1_43' title="bbox 70 1758 1306 1820; baseline 0.01 -22"><span class='ocrx_word' id='word_1_302' title='bbox 70 1758 211 1800; x_wconf 88' lang='lat' dir='ltr'><strong>dacius</strong></span> <span class='ocrx_word' id='word_1_303' title='bbox 235 1759 392 1800; x_wconf 86' lang='lat' dir='ltr'><strong>dietum</strong></span> <span class='ocrx_word' id='word_1_304' title='bbox 413 1775 491 1816; x_wconf 90' lang='lat' dir='ltr'><strong>pro</strong></span> <span class='ocrx_word' id='word_1_305' title='bbox 514 1761 750 1818; x_wconf 68' lang='grc' dir='ltr'>ὑποχωρεῖν,</span> <span class='ocrx_word' id='word_1_306' title='bbox 786 1778 870 1818; x_wconf 92' lang='lat' dir='ltr'><strong>quo</strong></span> <span class='ocrx_word' id='word_1_307' title='bbox 904 1767 966 1806; x_wconf 89' lang='lat' dir='ltr'><strong>uti</strong></span> <span class='ocrx_word' id='word_1_308' title='bbox 996 1768 1146 1808; x_wconf 88' lang='lat' dir='ltr'><strong>Noster</strong></span> <span class='ocrx_word' id='word_1_309' title='bbox 1179 1769 1306 1820; x_wconf 90' lang='lat' dir='ltr'><strong>solet,</strong></span> 
     </span>
     <span class='ocr_line' id='line_1_44' title="bbox 69 1820 1306 1881; baseline 0.009 -20"><span class='ocrx_word' id='word_1_310' title='bbox 69 1829 110 1862; x_wconf 88' lang='lat' dir='ltr'><strong>et</strong></span> <span class='ocrx_word' id='word_1_311' title='bbox 129 1820 243 1876; x_wconf 90' lang='lat' dir='ltr'><strong>quod</strong></span> <span class='ocrx_word' id='word_1_312' title='bbox 265 1822 346 1863; x_wconf 86' lang='lat' dir='ltr'><strong>hoc</strong></span> <span class='ocrx_word' id='word_1_313' title='bbox 368 1837 535 1878; x_wconf 91' lang='lat' dir='ltr'><strong>quoque</strong></span> <span class='ocrx_word' id='word_1_314' title='bbox 562 1825 653 1865; x_wconf 87' lang='lat' dir='ltr'><strong>loco</strong></span> <span class='ocrx_word' id='word_1_315' title='bbox 674 1828 820 1881; x_wconf 92' lang='lat' dir='ltr'><strong>reponi</strong></span> <span class='ocrx_word' id='word_1_316' title='bbox 855 1828 983 1870; x_wconf 93' lang='lat' dir='ltr'><strong>voluit</strong></span> <span class='ocrx_word' id='word_1_317' title='bbox 1014 1830 1306 1873; x_wconf 86' lang='lat' dir='ltr'><strong>Schwanbeck.</strong></span> 
     </span>
     <span class='ocr_line' id='line_1_45' title="bbox 73 1876 1309 1946; baseline 0.011 -25"><span class='ocrx_word' id='word_1_318' title='bbox 73 1883 90 1936; x_wconf 80' lang='grc' dir='ltr'><strong>ΙΙ</strong></span> <span class='ocrx_word' id='word_1_319' title='bbox 116 1906 172 1913; x_wconf 91' lang='lat'>—</span> <span class='ocrx_word' id='word_1_320' title='bbox 189 1876 342 1939; x_wconf 59' lang='grc' dir='ltr'>ὅῙτῆς]</span> <span class='ocrx_word' id='word_1_321' title='bbox 363 1885 534 1926; x_wconf 88' lang='lat' dir='ltr'><strong>inserui.</strong></span> <span class='ocrx_word' id='word_1_322' title='bbox 567 1887 659 1941; x_wconf 66' lang='lat'>11—-</span> <span class='ocrx_word' id='word_1_323' title='bbox 684 1901 749 1929; x_wconf 88' lang='lat'><strong>10.</strong></span> <span class='ocrx_word' id='word_1_324' title='bbox 774 1889 1002 1946; x_wconf 78' lang='grc' dir='ltr'>Καῖσαρ]</span> <span class='ocrx_word' id='word_1_325' title='bbox 1024 1891 1180 1933; x_wconf 81' lang='lat' dir='ltr'><strong>Hoc’de</strong></span> <span class='ocrx_word' id='word_1_326' title='bbox 1207 1895 1309 1935; x_wconf 90' lang='lat' dir='ltr'><strong>Tra-</strong></span> 
     </span>
     <span class='ocr_line' id='line_1_46' title="bbox 63 1943 1309 2007; baseline 0.01 -23"><span class='ocrx_word' id='word_1_327' title='bbox 63 1943 163 1999; x_wconf 90' lang='lat' dir='ltr'><strong>jano</strong></span> <span class='ocrx_word' id='word_1_328' title='bbox 177 1975 188 1994; x_wconf 91' lang='lat'><strong>,</strong></span> <span class='ocrx_word' id='word_1_329' title='bbox 214 1946 286 1999; x_wconf 90' lang='lat' dir='ltr'><strong>qui</strong></span> <span class='ocrx_word' id='word_1_330' title='bbox 309 1946 506 1987; x_wconf 86' lang='lat' dir='ltr'><strong>Arabiam</strong></span> <span class='ocrx_word' id='word_1_331' title='bbox 531 1948 671 1989; x_wconf 88' lang='lat' dir='ltr'><strong>fecerit</strong></span> <span class='ocrx_word' id='word_1_332' title='bbox 693 1952 966 2005; x_wconf 90' lang='lat' dir='ltr'><strong>provinciam,</strong></span> <span class='ocrx_word' id='word_1_333' title='bbox 990 1954 1158 2007; x_wconf 88' lang='lat' dir='ltr'><strong>intelligi</strong></span> <span class='ocrx_word' id='word_1_334' title='bbox 1179 1954 1309 1996; x_wconf 91' lang='lat' dir='ltr'><strong>voluit</strong></span> 
     </span>
     <span class='ocr_line' id='line_1_47' title="bbox 66 2006 1302 2072; baseline 0.01 -26"><span class='ocrx_word' id='word_1_335' title='bbox 66 2006 317 2048; x_wconf 91' lang='lat' dir='ltr'><strong>Dodwellus.</strong></span> <span class='ocrx_word' id='word_1_336' title='bbox 340 2009 466 2060; x_wconf 90' lang='lat' dir='ltr'><strong>Quod</strong></span> <span class='ocrx_word' id='word_1_337' title='bbox 489 2009 650 2052; x_wconf 90' lang='lat' dir='ltr'><strong>admitti</strong></span> <span class='ocrx_word' id='word_1_338' title='bbox 673 2012 816 2067; x_wconf 85' lang='lat' dir='ltr'><strong>nequit</strong></span> <span class='ocrx_word' id='word_1_339' title='bbox 838 2013 893 2069; x_wconf 77' lang='lat' dir='ltr'><strong>(V.</strong></span> <span class='ocrx_word' id='word_1_340' title='bbox 916 2029 1040 2069; x_wconf 87' lang='lat' dir='ltr'><strong>supra</strong></span> <span class='ocrx_word' id='word_1_341' title='bbox 1062 2024 1150 2056; x_wconf 87' lang='lat' dir='ltr'><strong>not.</strong></span> <span class='ocrx_word' id='word_1_342' title='bbox 1169 2019 1190 2068; x_wconf 63' lang='grc' dir='ltr'><strong>ἓ</strong></span> <span class='ocrx_word' id='word_1_343' title='bbox 1210 2017 1302 2072; x_wconf 90' lang='lat'><strong>19).</strong></span> 
     </span>
     <span class='ocr_line' id='line_1_48' title="bbox 66 2069 1307 2132; baseline 0.01 -24"><span class='ocrx_word' id='word_1_344' title='bbox 66 2069 307 2110; x_wconf 88' lang='lat' dir='ltr'><strong>Mannertus</strong></span> <span class='ocrx_word' id='word_1_345' title='bbox 342 2072 398 2121; x_wconf 92' lang='lat' dir='ltr'><strong>V,</strong></span> <span class='ocrx_word' id='word_1_346' title='bbox 450 2074 496 2123; x_wconf 90' lang='lat' dir='ltr'><strong>I,</strong></span> <span class='ocrx_word' id='word_1_347' title='bbox 522 2088 564 2128; x_wconf 90' lang='lat' dir='ltr'><strong>p.</strong></span> <span class='ocrx_word' id='word_1_348' title='bbox 603 2078 675 2114; x_wconf 89' lang='lat'><strong>161</strong></span> <span class='ocrx_word' id='word_1_349' title='bbox 716 2074 768 2115; x_wconf 90' lang='lat' dir='ltr'><strong>de</strong></span> <span class='ocrx_word' id='word_1_350' title='bbox 793 2076 887 2116; x_wconf 86' lang='lat' dir='ltr'><strong>AElii</strong></span> <span class='ocrx_word' id='word_1_351' title='bbox 918 2077 1022 2118; x_wconf 92' lang='lat' dir='ltr'><strong>Galli</strong></span> <span class='ocrx_word' id='word_1_352' title='bbox 1046 2078 1307 2132; x_wconf 87' lang='lat' dir='ltr'><strong>expeditione</strong></span> 
     </span>
     <span class='ocr_line' id='line_1_49' title="bbox 66 2131 1306 2193; baseline 0.008 -22"><span class='ocrx_word' id='word_1_353' title='bbox 66 2131 143 2171; x_wconf 91' lang='lat' dir='ltr'><strong>sub</strong></span> <span class='ocrx_word' id='word_1_354' title='bbox 178 2134 366 2186; x_wconf 92' lang='lat' dir='ltr'><strong>Augusto</strong></span> <span class='ocrx_word' id='word_1_355' title='bbox 403 2134 504 2188; x_wconf 91' lang='lat' dir='ltr'><strong>imp.</strong></span> <span class='ocrx_word' id='word_1_356' title='bbox 543 2136 751 2187; x_wconf 88' lang='lat' dir='ltr'><strong>cogitavit.</strong></span> <span class='ocrx_word' id='word_1_357' title='bbox 779 2138 1010 2178; x_wconf 89' lang='lat' dir='ltr'><strong>Vincentus</strong></span> <span class='ocrx_word' id='word_1_358' title='bbox 1038 2138 1217 2193; x_wconf 91' lang='lat' dir='ltr'><strong>denique</strong></span> <span class='ocrx_word' id='word_1_359' title='bbox 1253 2140 1306 2181; x_wconf 90' lang='lat' dir='ltr'><strong>ad</strong></span> 
     </span>
     <span class='ocr_line' id='line_1_50' title="bbox 66 2192 1304 2256; baseline 0.007 -23"><span class='ocrx_word' id='word_1_360' title='bbox 66 2192 227 2233; x_wconf 89' lang='lat' dir='ltr'><strong>Claudii</strong></span> <span class='ocrx_word' id='word_1_361' title='bbox 249 2203 432 2249; x_wconf 89' lang='lat' dir='ltr'><strong>tempora</strong></span> <span class='ocrx_word' id='word_1_362' title='bbox 455 2210 543 2236; x_wconf 87' lang='lat' dir='ltr'><strong>rem</strong></span> <span class='ocrx_word' id='word_1_363' title='bbox 565 2196 705 2245; x_wconf 87' lang='lat' dir='ltr'><strong>refert,</strong></span> <span class='ocrx_word' id='word_1_364' title='bbox 736 2199 870 2238; x_wconf 90' lang='lat' dir='ltr'><strong>nitens</strong></span> <span class='ocrx_word' id='word_1_365' title='bbox 888 2199 1044 2249; x_wconf 90' lang='lat' dir='ltr'><strong>Plinio,</strong></span> <span class='ocrx_word' id='word_1_366' title='bbox 1085 2202 1156 2256; x_wconf 85' lang='lat' dir='ltr'><strong>qui</strong></span> <span class='ocrx_word' id='word_1_367' title='bbox 1178 2201 1304 2242; x_wconf 89' lang='lat' dir='ltr'><strong>tradit</strong></span> 
     </span>
     <span class='ocr_line' id='line_1_51' title="bbox 66 2253 1302 2317; baseline 0.008 -24"><span class='ocrx_word' id='word_1_368' title='bbox 66 2253 153 2294; x_wconf 87' lang='lat' dir='ltr'><strong>haec</strong></span> <span class='ocrx_word' id='word_1_369' title='bbox 170 2257 246 2305; x_wconf 89' lang='lat' dir='ltr'><strong>VI,</strong></span> <span class='ocrx_word' id='word_1_370' title='bbox 278 2259 359 2304; x_wconf 77' lang='lat'><strong>24:</strong></span> <span class='ocrx_word' id='word_1_371' title='bbox 392 2257 524 2298; x_wconf 81' lang='lat' dir='ltr'><strong>Nobis</strong></span> <span class='ocrx_word' id='word_1_372' title='bbox 553 2257 793 2310; x_wconf 79' lang='lat' dir='ltr'><strong>diligentior</strong></span> <span class='ocrx_word' id='word_1_373' title='bbox 823 2260 976 2301; x_wconf 87' lang='lat' dir='ltr'><strong>notitia</strong></span> <span class='ocrx_word' id='word_1_374' title='bbox 1006 2261 1302 2317; x_wconf 90' lang='lat' dir='ltr'><strong>(Taprobanes</strong></span> 
     </span>
     <span class='ocr_line' id='line_1_52' title="bbox 65 2316 1306 2374; baseline 0.007 -19"><span class='ocrx_word' id='word_1_375' title='bbox 65 2316 175 2368; x_wconf 91' lang='lat' dir='ltr'><strong>ins.)</strong></span> <span class='ocrx_word' id='word_1_376' title='bbox 205 2317 368 2358; x_wconf 80' lang='lat' dir='ltr'><strong>Claudii</strong></span> <span class='ocrx_word' id='word_1_377' title='bbox 379 2319 626 2374; x_wconf 76' lang='lat' dir='ltr'><strong>principatu</strong></span> <span class='ocrx_word' id='word_1_378' title='bbox 645 2320 834 2373; x_wconf 80' lang='lat' dir='ltr'><strong>contigit,</strong></span> <span class='ocrx_word' id='word_1_379' title='bbox 862 2321 1008 2373; x_wconf 82' lang='lat' dir='ltr'><strong>legatis</strong></span> <span class='ocrx_word' id='word_1_380' title='bbox 1027 2323 1152 2363; x_wconf 85' lang='lat' dir='ltr'><strong>etiam</strong></span> <span class='ocrx_word' id='word_1_381' title='bbox 1182 2339 1234 2364; x_wconf 80' lang='lat' dir='ltr'><strong>ex</strong></span> <span class='ocrx_word' id='word_1_382' title='bbox 1257 2340 1306 2365; x_wconf 90' lang='lat' dir='ltr'><strong>ea-</strong></span> 
     </span>
     <span class='ocr_line' id='line_1_53' title="bbox 71 2374 1298 2435; baseline 0.008 -19"><span class='ocrx_word' id='word_1_383' title='bbox 71 2374 207 2417; x_wconf 81' lang='lat' dir='ltr'><strong>insula</strong></span> <span class='ocrx_word' id='word_1_384' title='bbox 225 2377 428 2419; x_wconf 80' lang='lat' dir='ltr'><strong>advectis.</strong></span> <span class='ocrx_word' id='word_1_385' title='bbox 451 2379 508 2420; x_wconf 82' lang='lat' dir='ltr'><strong>Id</strong></span> <span class='ocrx_word' id='word_1_386' title='bbox 523 2380 679 2421; x_wconf 84' lang='lat' dir='ltr'><strong>accidit</strong></span> <span class='ocrx_word' id='word_1_387' title='bbox 698 2382 771 2422; x_wconf 82' lang='lat' dir='ltr'><strong>hoc</strong></span> <span class='ocrx_word' id='word_1_388' title='bbox 790 2382 921 2423; x_wconf 89' lang='lat' dir='ltr'><strong>modo.</strong></span> <span class='ocrx_word' id='word_1_389' title='bbox 947 2384 1064 2424; x_wconf 89' lang='lat' dir='ltr'><strong>Anni</strong></span> <span class='ocrx_word' id='word_1_390' title='bbox 1085 2385 1298 2435; x_wconf 88' lang='lat' dir='ltr'><strong>Plocami,</strong></span> 
     </span>
     <span class='ocr_line' id='line_1_54' title="bbox 65 2438 1303 2498; baseline 0.008 -20"><span class='ocrx_word' id='word_1_391' title='bbox 65 2438 138 2493; x_wconf 86' lang='lat' dir='ltr'><strong>qui</strong></span> <span class='ocrx_word' id='word_1_392' title='bbox 160 2439 289 2480; x_wconf 83' lang='lat' dir='ltr'><strong>maris</strong></span> <span class='ocrx_word' id='word_1_393' title='bbox 312 2441 442 2481; x_wconf 82' lang='lat' dir='ltr'><strong>Rubri</strong></span> <span class='ocrx_word' id='word_1_394' title='bbox 470 2442 651 2494; x_wconf 81' lang='lat' dir='ltr'><strong>vectigal</strong></span> <span class='ocrx_word' id='word_1_395' title='bbox 676 2457 703 2483; x_wconf 89' lang='lat' dir='ltr'><strong>a</strong></span> <span class='ocrx_word' id='word_1_396' title='bbox 719 2444 827 2498; x_wconf 80' lang='lat' dir='ltr'><strong>fisco</strong></span> <span class='ocrx_word' id='word_1_397' title='bbox 860 2444 1105 2495; x_wconf 81' lang='lat' dir='ltr'><strong>redemerat,</strong></span> <span class='ocrx_word' id='word_1_398' title='bbox 1133 2447 1303 2488; x_wconf 81' lang='lat' dir='ltr'><strong>libertus</strong></span> 
     </span>
     <span class='ocr_line' id='line_1_55' title="bbox 65 2499 1305 2563; baseline 0.008 -24"><span class='ocrx_word' id='word_1_399' title='bbox 65 2499 176 2540; x_wconf 85' lang='lat' dir='ltr'><strong>circa</strong></span> <span class='ocrx_word' id='word_1_400' title='bbox 214 2502 420 2543; x_wconf 81' lang='lat' dir='ltr'><strong>Arabiam</strong></span> <span class='ocrx_word' id='word_1_401' title='bbox 449 2503 654 2555; x_wconf 78' lang='lat' dir='ltr'><strong>navigans</strong></span> <span class='ocrx_word' id='word_1_402' title='bbox 689 2505 951 2560; x_wconf 77' lang='lat' dir='ltr'><strong>aquilonibus</strong></span> <span class='ocrx_word' id='word_1_403' title='bbox 983 2516 1131 2562; x_wconf 80' lang='lat' dir='ltr'><strong>raptus</strong></span> <span class='ocrx_word' id='word_1_404' title='bbox 1148 2518 1305 2563; x_wconf 67' lang='lat' dir='ltr'><strong>praeter</strong></span> 
     </span>
     <span class='ocr_line' id='line_1_56' title="bbox 68 2562 1302 2625; baseline 0.008 -24"><span class='ocrx_word' id='word_1_405' title='bbox 68 2562 328 2604; x_wconf 85' lang='lat' dir='ltr'><strong>Carmaniam</strong></span> <span class='ocrx_word' id='word_1_406' title='bbox 342 2596 354 2612; x_wconf 93' lang='lat'><strong>,</strong></span> <span class='ocrx_word' id='word_1_407' title='bbox 381 2564 535 2605; x_wconf 85' lang='lat' dir='ltr'><strong>decimo</strong></span> <span class='ocrx_word' id='word_1_408' title='bbox 554 2565 697 2620; x_wconf 81' lang='lat' dir='ltr'><strong>quinto</strong></span> <span class='ocrx_word' id='word_1_409' title='bbox 713 2567 779 2607; x_wconf 85' lang='lat' dir='ltr'><strong>die</strong></span> <span class='ocrx_word' id='word_1_410' title='bbox 797 2568 1013 2623; x_wconf 80' lang='lat' dir='ltr'><strong>Hippuros</strong></span> <span class='ocrx_word' id='word_1_411' title='bbox 1026 2579 1196 2625; x_wconf 83' lang='lat' dir='ltr'><strong>portum</strong></span> <span class='ocrx_word' id='word_1_412' title='bbox 1215 2572 1302 2625; x_wconf 82' lang='lat' dir='ltr'><strong>ejus</strong></span> 
     </span>
     <span class='ocr_line' id='line_1_57' title="bbox 66 2625 1302 2687; baseline 0.006 -22"><span class='ocrx_word' id='word_1_413' title='bbox 66 2625 262 2675; x_wconf 80' lang='lat' dir='ltr'><strong>invectus,</strong></span> <span class='ocrx_word' id='word_1_414' title='bbox 286 2635 364 2667; x_wconf 90' lang='lat' dir='ltr'><strong>etc.</strong></span> <span class='ocrx_word' id='word_1_415' title='bbox 383 2629 446 2668; x_wconf 88' lang='lat' dir='ltr'><strong>Ex</strong></span> <span class='ocrx_word' id='word_1_416' title='bbox 462 2628 525 2668; x_wconf 89' lang='lat' dir='ltr'><strong>his</strong></span> <span class='ocrx_word' id='word_1_417' title='bbox 544 2629 669 2682; x_wconf 89' lang='lat' dir='ltr'><strong>igitur</strong></span> <span class='ocrx_word' id='word_1_418' title='bbox 691 2630 843 2684; x_wconf 91' lang='lat' dir='ltr'><strong>colligit</strong></span> <span class='ocrx_word' id='word_1_419' title='bbox 861 2630 1021 2671; x_wconf 87' lang='lat' dir='ltr'><strong>Claudii</strong></span> <span class='ocrx_word' id='word_1_420' title='bbox 1046 2633 1302 2687; x_wconf 88' lang='lat' dir='ltr'><strong>temporibus</strong></span> 
     </span>
     <span class='ocr_line' id='line_1_58' title="bbox 62 2691 1302 2749; baseline 0.007 -23"><span class='ocrx_word' id='word_1_421' title='bbox 62 2695 305 2741; x_wconf 89' lang='lat' dir='ltr'><strong>potestatem</strong></span> <span class='ocrx_word' id='word_1_422' title='bbox 329 2691 613 2730; x_wconf 89' lang='lat' dir='ltr'><strong>Romanorum</strong></span> <span class='ocrx_word' id='word_1_423' title='bbox 637 2692 759 2732; x_wconf 91' lang='lat' dir='ltr'><strong>etiam</strong></span> <span class='ocrx_word' id='word_1_424' title='bbox 779 2693 823 2731; x_wconf 91' lang='lat' dir='ltr'><strong>in</strong></span> <span class='ocrx_word' id='word_1_425' title='bbox 852 2694 1005 2733; x_wconf 89' lang='lat' dir='ltr'><strong>Oceani</strong></span> <span class='ocrx_word' id='word_1_426' title='bbox 1028 2702 1173 2748; x_wconf 88' lang='lat' dir='ltr'><strong>portus</strong></span> <span class='ocrx_word' id='word_1_427' title='bbox 1206 2709 1302 2749; x_wconf 89' lang='lat' dir='ltr'><strong>pro-</strong></span> 
     </span>
     <span class='ocr_line' id='line_1_59' title="bbox 63 2749 1301 2810; baseline 0.006 -20"><span class='ocrx_word' id='word_1_428' title='bbox 63 2749 185 2791; x_wconf 89' lang='lat' dir='ltr'><strong>latam</strong></span> <span class='ocrx_word' id='word_1_429' title='bbox 208 2766 310 2802; x_wconf 89' lang='lat' dir='ltr'><strong>esse,</strong></span> <span class='ocrx_word' id='word_1_430' title='bbox 336 2761 377 2793; x_wconf 92' lang='lat' dir='ltr'><strong>et</strong></span> <span class='ocrx_word' id='word_1_431' title='bbox 407 2752 557 2794; x_wconf 90' lang='lat' dir='ltr'><strong>ducem</strong></span> <span class='ocrx_word' id='word_1_432' title='bbox 574 2755 751 2809; x_wconf 85' lang='lat' dir='ltr'><strong>aliquem</strong></span> <span class='ocrx_word' id='word_1_433' title='bbox 771 2756 1028 2810; x_wconf 90' lang='lat' dir='ltr'><strong>imperatoris</strong></span> <span class='ocrx_word' id='word_1_434' title='bbox 1048 2757 1220 2798; x_wconf 90' lang='lat' dir='ltr'><strong>Adanen</strong></span> <span class='ocrx_word' id='word_1_435' title='bbox 1239 2759 1301 2799; x_wconf 93' lang='lat' dir='ltr'><strong>di-</strong></span> 
     </span>
     <span class='ocr_line' id='line_1_60' title="bbox 63 2813 1300 2872; baseline 0.007 -20"><span class='ocrx_word' id='word_1_436' title='bbox 63 2813 214 2864; x_wconf 88' lang='lat' dir='ltr'><strong>ruisse,</strong></span> <span class='ocrx_word' id='word_1_437' title='bbox 239 2822 310 2863; x_wconf 88' lang='lat' dir='ltr'><strong>ut,</strong></span> <span class='ocrx_word' id='word_1_438' title='bbox 343 2815 503 2856; x_wconf 88' lang='lat' dir='ltr'><strong>sublato</strong></span> <span class='ocrx_word' id='word_1_439' title='bbox 524 2816 604 2857; x_wconf 92' lang='lat' dir='ltr'><strong>hoe</strong></span> <span class='ocrx_word' id='word_1_440' title='bbox 637 2818 824 2872; x_wconf 87' lang='lat' dir='ltr'><strong>emporio</strong></span> <span class='ocrx_word' id='word_1_441' title='bbox 856 2818 1048 2868; x_wconf 89' lang='lat' dir='ltr'><strong>Arabico,</strong></span> <span class='ocrx_word' id='word_1_442' title='bbox 1071 2821 1300 2861; x_wconf 89' lang='lat' dir='ltr'><strong>commodis</strong></span> 
     </span>
     <span class='ocr_line' id='line_1_61' title="bbox 23 2876 1300 2924; baseline 0.008 -11"><span class='ocrx_word' id='word_1_443' title='bbox 23 2906 25 2908; x_wconf 84' lang='lat'><strong>.</strong></span> <span class='ocrx_word' id='word_1_444' title='bbox 63 2876 409 2917; x_wconf 87' lang='lat' dir='ltr'><strong>commerciorum</strong></span> <span class='ocrx_word' id='word_1_445' title='bbox 427 2880 710 2919; x_wconf 87' lang='lat' dir='ltr'><strong>Romanorum</strong></span> <span class='ocrx_word' id='word_1_446' title='bbox 730 2879 974 2921; x_wconf 90' lang='lat' dir='ltr'><strong>consuleret.</strong></span> <span class='ocrx_word' id='word_1_447' title='bbox 993 2881 1184 2922; x_wconf 84' lang='lat' dir='ltr'><strong>Eundem</strong></span> <span class='ocrx_word' id='word_1_448' title='bbox 1200 2884 1300 2924; x_wconf 90' lang='lat' dir='ltr'><strong>Vin-</strong></span> 
     </span>
     <span class='ocr_line' id='line_1_62' title="bbox 63 2940 1298 2997; baseline 0.008 -21"><span class='ocrx_word' id='word_1_449' title='bbox 63 2945 228 2978; x_wconf 88' lang='lat' dir='ltr'><strong>centum</strong></span> <span class='ocrx_word' id='word_1_450' title='bbox 255 2940 401 2980; x_wconf 88' lang='lat' dir='ltr'><strong>Leucae</strong></span> <span class='ocrx_word' id='word_1_451' title='bbox 430 2955 558 2981; x_wconf 83' lang='lat' dir='ltr'><strong>comae</strong></span> <span class='ocrx_word' id='word_1_452' title='bbox 580 2943 812 2982; x_wconf 88' lang='lat' dir='ltr'><strong>Romanum</strong></span> <span class='ocrx_word' id='word_1_453' title='bbox 843 2942 1082 2997; x_wconf 91' lang='lat' dir='ltr'><strong>praesidium</strong></span> <span class='ocrx_word' id='word_1_454' title='bbox 1110 2953 1151 2985; x_wconf 89' lang='lat' dir='ltr'><strong>et</strong></span> <span class='ocrx_word' id='word_1_455' title='bbox 1175 2948 1298 2987; x_wconf 89' lang='lat' dir='ltr'><strong>vecti-</strong></span> 
     </span>
     <span class='ocr_line' id='line_1_63' title="bbox 63 2997 1298 3062; baseline 0.009 -24"><span class='ocrx_word' id='word_1_456' title='bbox 63 2997 212 3050; x_wconf 84' lang='lat' dir='ltr'><strong>galium</strong></span> <span class='ocrx_word' id='word_1_457' title='bbox 251 3011 535 3057; x_wconf 88' lang='lat' dir='ltr'><strong>perceptorem</strong></span> <span class='ocrx_word' id='word_1_458' title='bbox 580 3004 793 3059; x_wconf 89' lang='lat' dir='ltr'><strong>imponere</strong></span> <span class='ocrx_word' id='word_1_459' title='bbox 829 3019 954 3060; x_wconf 88' lang='lat' dir='ltr'><strong>supra</strong></span> <span class='ocrx_word' id='word_1_460' title='bbox 996 3005 1048 3062; x_wconf 72' lang='lat' dir='ltr'><strong>(S</strong></span> <span class='ocrx_word' id='word_1_461' title='bbox 1089 3009 1168 3061; x_wconf 91' lang='lat'><strong>19)</strong></span> <span class='ocrx_word' id='word_1_462' title='bbox 1210 3006 1298 3062; x_wconf 89' lang='lat' dir='ltr'><strong>jam</strong></span> 
     </span>
     <span class='ocr_line' id='line_1_64' title="bbox 63 3063 1298 3122; baseline 0.008 -22"><span class='ocrx_word' id='word_1_463' title='bbox 63 3063 323 3112; x_wconf 86' lang='lat' dir='ltr'><strong>monuimus,</strong></span> <span class='ocrx_word' id='word_1_464' title='bbox 360 3079 610 3119; x_wconf 86' lang='lat' dir='ltr'><strong>quamquam</strong></span> <span class='ocrx_word' id='word_1_465' title='bbox 644 3081 777 3121; x_wconf 92' lang='lat' dir='ltr'><strong>neque</strong></span> <span class='ocrx_word' id='word_1_466' title='bbox 810 3066 982 3108; x_wconf 90' lang='lat' dir='ltr'><strong>historia</strong></span> <span class='ocrx_word' id='word_1_467' title='bbox 1013 3082 1146 3122; x_wconf 92' lang='lat' dir='ltr'><strong>neque</strong></span> <span class='ocrx_word' id='word_1_468' title='bbox 1174 3070 1298 3112; x_wconf 89' lang='lat' dir='ltr'><strong>verba</strong></span> 
     </span>
     <span class='ocr_line' id='line_1_65' title="bbox 62 3123 1297 3189; baseline 0.009 -27"><span class='ocrx_word' id='word_1_469' title='bbox 62 3123 212 3177; x_wconf 91' lang='lat' dir='ltr'><strong>Peripli</strong></span> <span class='ocrx_word' id='word_1_470' title='bbox 237 3124 437 3179; x_wconf 85' lang='lat' dir='ltr'><strong>ejusmodi</strong></span> <span class='ocrx_word' id='word_1_471' title='bbox 468 3127 570 3181; x_wconf 90' lang='lat' dir='ltr'><strong>quid</strong></span> <span class='ocrx_word' id='word_1_472' title='bbox 603 3129 882 3184; x_wconf 88' lang='lat' dir='ltr'><strong>suppeditent.</strong></span> <span class='ocrx_word' id='word_1_473' title='bbox 904 3132 997 3170; x_wconf 87' lang='lat' dir='ltr'><strong>Jam</strong></span> <span class='ocrx_word' id='word_1_474' title='bbox 1033 3130 1145 3189; x_wconf 82' lang='lat' dir='ltr'><strong>quod</strong></span> <span class='ocrx_word' id='word_1_475' title='bbox 1175 3132 1297 3174; x_wconf 91' lang='lat' dir='ltr'><strong>Plinii</strong></span> 
     </span>
     <span class='ocr_line' id='line_1_66' title="bbox 64 3182 1296 3238; baseline 0.011 -16"><span class='ocrx_word' id='word_1_476' title='bbox 64 3182 199 3224; x_wconf 87' lang='lat' dir='ltr'><strong>locum</strong></span> <span class='ocrx_word' id='word_1_477' title='bbox 233 3189 400 3238; x_wconf 85' lang='lat' dir='ltr'><strong>attinet,</strong></span> <span class='ocrx_word' id='word_1_478' title='bbox 441 3190 543 3230; x_wconf 90' lang='lat' dir='ltr'><strong>nihil</strong></span> <span class='ocrx_word' id='word_1_479' title='bbox 579 3190 631 3231; x_wconf 92' lang='lat' dir='ltr'><strong>ad</strong></span> <span class='ocrx_word' id='word_1_480' title='bbox 654 3206 741 3231; x_wconf 87' lang='lat' dir='ltr'><strong>rem</strong></span> <span class='ocrx_word' id='word_1_481' title='bbox 775 3191 869 3232; x_wconf 90' lang='lat' dir='ltr'><strong>facit</strong></span> <span class='ocrx_word' id='word_1_482' title='bbox 890 3192 1072 3233; x_wconf 90' lang='lat' dir='ltr'><strong>Plocami</strong></span> <span class='ocrx_word' id='word_1_483' title='bbox 1104 3193 1296 3236; x_wconf 91' lang='lat' dir='ltr'><strong>libertum</strong></span> 
     </span>
     <span class='ocr_line' id='line_1_67' title="bbox 64 3245 1296 3312; baseline 0.012 -29"><span class='ocrx_word' id='word_1_484' title='bbox 64 3245 269 3297; x_wconf 88' lang='lat' dir='ltr'><strong>quendam</strong></span> <span class='ocrx_word' id='word_1_485' title='bbox 291 3250 334 3289; x_wconf 91' lang='lat' dir='ltr'><strong>in</strong></span> <span class='ocrx_word' id='word_1_486' title='bbox 356 3252 520 3292; x_wconf 89' lang='lat' dir='ltr'><strong>Oceano</strong></span> <span class='ocrx_word' id='word_1_487' title='bbox 545 3254 767 3307; x_wconf 82' lang='lat' dir='ltr'><strong>navigasse,</strong></span> <span class='ocrx_word' id='word_1_488' title='bbox 793 3269 923 3309; x_wconf 90' lang='lat' dir='ltr'><strong>quum</strong></span> <span class='ocrx_word' id='word_1_489' title='bbox 950 3254 1002 3295; x_wconf 89' lang='lat' dir='ltr'><strong>de</strong></span> <span class='ocrx_word' id='word_1_490' title='bbox 1025 3257 1195 3298; x_wconf 86' lang='lat' dir='ltr'><strong>consilio</strong></span> <span class='ocrx_word' id='word_1_491' title='bbox 1210 3257 1296 3312; x_wconf 87' lang='lat' dir='ltr'><strong>ejus</strong></span> 
     </span>
     <span class='ocr_line' id='line_1_68' title="bbox 63 3307 1294 3374; baseline 0.015 -30"><span class='ocrx_word' id='word_1_492' title='bbox 63 3307 330 3360; x_wconf 87' lang='lat' dir='ltr'><strong>navigationis</strong></span> <span class='ocrx_word' id='word_1_493' title='bbox 350 3312 452 3353; x_wconf 88' lang='lat' dir='ltr'><strong>nihil</strong></span> <span class='ocrx_word' id='word_1_494' title='bbox 472 3323 652 3365; x_wconf 89' lang='lat' dir='ltr'><strong>constet;</strong></span> <span class='ocrx_word' id='word_1_495' title='bbox 675 3317 883 3370; x_wconf 89' lang='lat' dir='ltr'><strong>vectigalia</strong></span> <span class='ocrx_word' id='word_1_496' title='bbox 913 3326 1051 3359; x_wconf 91' lang='lat' dir='ltr'><strong>autem</strong></span> <span class='ocrx_word' id='word_1_497' title='bbox 1086 3333 1178 3374; x_wconf 83' lang='lat' dir='ltr'><strong>quae</strong></span> <span class='ocrx_word' id='word_1_498' title='bbox 1200 3320 1294 3362; x_wconf 90' lang='lat' dir='ltr'><strong>Plo-</strong></span> 
     </span>
     <span class='ocr_line' id='line_1_69' title="bbox 65 3371 1295 3436; baseline 0.015 -30"><span class='ocrx_word' id='word_1_499' title='bbox 65 3382 203 3408; x_wconf 89' lang='lat' dir='ltr'><strong>camus</strong></span> <span class='ocrx_word' id='word_1_500' title='bbox 225 3371 476 3426; x_wconf 88' lang='lat' dir='ltr'><strong>redemerat,</strong></span> <span class='ocrx_word' id='word_1_501' title='bbox 511 3378 676 3418; x_wconf 90' lang='lat' dir='ltr'><strong>nonnisi</strong></span> <span class='ocrx_word' id='word_1_502' title='bbox 709 3388 907 3433; x_wconf 89' lang='lat' dir='ltr'><strong>portuum</strong></span> <span class='ocrx_word' id='word_1_503' title='bbox 935 3381 1222 3436; x_wconf 88' lang='lat' dir='ltr'><strong>AEgyptiorum</strong></span> <span class='ocrx_word' id='word_1_504' title='bbox 1243 3384 1295 3425; x_wconf 92' lang='lat' dir='ltr'><strong>ad</strong></span> 
     </span>
     <span class='ocr_line' id='line_1_70' title="bbox 63 3431 1295 3498; baseline 0.015 -29"><span class='ocrx_word' id='word_1_505' title='bbox 63 3431 199 3470; x_wconf 84' lang='lat' dir='ltr'><strong>sinum</strong></span> <span class='ocrx_word' id='word_1_506' title='bbox 227 3435 449 3477; x_wconf 87' lang='lat' dir='ltr'><strong>Arabicum</strong></span> <span class='ocrx_word' id='word_1_507' title='bbox 472 3453 557 3479; x_wconf 90' lang='lat' dir='ltr'><strong>esse</strong></span> <span class='ocrx_word' id='word_1_508' title='bbox 576 3448 780 3493; x_wconf 88' lang='lat' dir='ltr'><strong>poterant,</strong></span> <span class='ocrx_word' id='word_1_509' title='bbox 802 3442 1007 3496; x_wconf 84' lang='lat' dir='ltr'><strong>siquidem</strong></span> <span class='ocrx_word' id='word_1_510' title='bbox 1035 3453 1180 3498; x_wconf 87' lang='lat' dir='ltr'><strong>putare</strong></span> <span class='ocrx_word' id='word_1_511' title='bbox 1202 3446 1295 3488; x_wconf 90' lang='lat' dir='ltr'><strong>licet</strong></span> 
     </span>
     <span class='ocr_line' id='line_1_71' title="bbox 63 3495 1291 3559; baseline 0.015 -29"><span class='ocrx_word' id='word_1_512' title='bbox 63 3506 203 3532; x_wconf 90' lang='lat' dir='ltr'><strong>rerum</strong></span> <span class='ocrx_word' id='word_1_513' title='bbox 226 3495 503 3538; x_wconf 89' lang='lat' dir='ltr'><strong>Romanarum</strong></span> <span class='ocrx_word' id='word_1_514' title='bbox 540 3501 758 3554; x_wconf 90' lang='lat' dir='ltr'><strong>scriptores</strong></span> <span class='ocrx_word' id='word_1_515' title='bbox 774 3533 783 3551; x_wconf 93' lang='lat'>‚</span> <span class='ocrx_word' id='word_1_516' title='bbox 810 3503 843 3541; x_wconf 88' lang='lat' dir='ltr'><strong>si</strong></span> <span class='ocrx_word' id='word_1_517' title='bbox 877 3503 992 3544; x_wconf 80' lang='lat' dir='ltr'><strong>aliter</strong></span> <span class='ocrx_word' id='word_1_518' title='bbox 1011 3519 1074 3545; x_wconf 89' lang='lat' dir='ltr'><strong>res</strong></span> <span class='ocrx_word' id='word_1_519' title='bbox 1095 3506 1264 3548; x_wconf 90' lang='lat' dir='ltr'><strong>haberet</strong></span> <span class='ocrx_word' id='word_1_520' title='bbox 1279 3539 1291 3559; x_wconf 95' lang='lat'><strong>,</strong></span> 
     </span>
     <span class='ocr_line' id='line_1_72' title="bbox 64 3557 1294 3609; baseline 0.015 -18"><span class='ocrx_word' id='word_1_521' title='bbox 64 3561 224 3593; x_wconf 88' lang='lat' dir='ltr'><strong>tantum</strong></span> <span class='ocrx_word' id='word_1_522' title='bbox 253 3557 445 3609; x_wconf 84' lang='lat' dir='ltr'><strong>potentiae</strong></span> <span class='ocrx_word' id='word_1_523' title='bbox 482 3561 676 3601; x_wconf 87' lang='lat' dir='ltr'><strong>Romanae</strong></span> <span class='ocrx_word' id='word_1_524' title='bbox 715 3562 1016 3605; x_wconf 89' lang='lat' dir='ltr'><strong>incrementum</strong></span> <span class='ocrx_word' id='word_1_525' title='bbox 1053 3581 1137 3607; x_wconf 91' lang='lat' dir='ltr'><strong>non</strong></span> <span class='ocrx_word' id='word_1_526' title='bbox 1171 3567 1294 3609; x_wconf 89' lang='lat' dir='ltr'><strong>fuisse</strong></span> 
     </span>
     <span class='ocr_line' id='line_1_73' title="bbox 63 3612 1293 3671; baseline 0.016 -20"><span class='ocrx_word' id='word_1_527' title='bbox 63 3612 144 3652; x_wconf 92' lang='lat' dir='ltr'><strong>alto</strong></span> <span class='ocrx_word' id='word_1_528' title='bbox 163 3628 375 3668; x_wconf 88' lang='lat' dir='ltr'><strong>pressuros</strong></span> <span class='ocrx_word' id='word_1_529' title='bbox 399 3620 570 3660; x_wconf 82' lang='lat' dir='ltr'><strong>silentio.</strong></span> <span class='ocrx_word' id='word_1_530' title='bbox 594 3622 727 3662; x_wconf 86' lang='lat' dir='ltr'><strong>Multo</strong></span> <span class='ocrx_word' id='word_1_531' title='bbox 751 3625 873 3665; x_wconf 88' lang='lat' dir='ltr'><strong>etiam</strong></span> <span class='ocrx_word' id='word_1_532' title='bbox 895 3627 1169 3668; x_wconf 88' lang='lat' dir='ltr'><strong>confidentius</strong></span> <span class='ocrx_word' id='word_1_533' title='bbox 1194 3645 1293 3671; x_wconf 91' lang='lat' dir='ltr'><strong>con-</strong></span> 
     </span>
     <span class='ocr_line' id='line_1_74' title="bbox 66 3674 1293 3743; baseline 0.016 -29"><span class='ocrx_word' id='word_1_534' title='bbox 66 3674 244 3716; x_wconf 90' lang='lat' dir='ltr'><strong>tenderis</strong></span> <span class='ocrx_word' id='word_1_535' title='bbox 265 3691 391 3718; x_wconf 89' lang='lat' dir='ltr'><strong>unam</strong></span> <span class='ocrx_word' id='word_1_536' title='bbox 413 3677 527 3720; x_wconf 87' lang='lat' dir='ltr'><strong>istam</strong></span> <span class='ocrx_word' id='word_1_537' title='bbox 552 3684 867 3738; x_wconf 74' lang='lat' dir='ltr'><strong>Pe1·ipli,voeem</strong></span> <span class='ocrx_word' id='word_1_538' title='bbox 886 3702 972 3728; x_wconf 92' lang='lat' dir='ltr'><strong>non</strong></span> <span class='ocrx_word' id='word_1_539' title='bbox 992 3689 1079 3743; x_wconf 89' lang='lat' dir='ltr'><strong>ejus</strong></span> <span class='ocrx_word' id='word_1_540' title='bbox 1098 3705 1183 3732; x_wconf 92' lang='lat' dir='ltr'><strong>esse</strong></span> <span class='ocrx_word' id='word_1_541' title='bbox 1205 3707 1293 3733; x_wconf 88' lang='lat' dir='ltr'><strong>mo-</strong></span> 
     </span>
     <span class='ocr_line' id='line_1_75' title="bbox 63 3738 1293 3802; baseline 0.016 -26"><span class='ocrx_word' id='word_1_542' title='bbox 63 3738 189 3777; x_wconf 86' lang='lat' dir='ltr'><strong>menti</strong></span> <span class='ocrx_word' id='word_1_543' title='bbox 228 3747 273 3778; x_wconf 90' lang='lat' dir='ltr'><strong>ut</strong></span> <span class='ocrx_word' id='word_1_544' title='bbox 308 3739 407 3779; x_wconf 91' lang='lat' dir='ltr'><strong>hinc</strong></span> <span class='ocrx_word' id='word_1_545' title='bbox 446 3744 705 3802; x_wconf 81' lang='lat' dir='ltr'><strong>proficiscens</strong></span> <span class='ocrx_word' id='word_1_546' title='bbox 755 3747 953 3801; x_wconf 85' lang='lat' dir='ltr'><strong>refingere</strong></span> <span class='ocrx_word' id='word_1_547' title='bbox 994 3750 1207 3799; x_wconf 84' lang='lat' dir='ltr'><strong>historiam</strong></span> <span class='ocrx_word' id='word_1_548' title='bbox 1246 3770 1293 3796; x_wconf 88' lang='lat' dir='ltr'><strong>ac</strong></span> 
     </span>
     <span class='ocr_line' id='line_1_76' title="bbox 56 3800 1293 3869; baseline 0.017 -32"><span class='ocrx_word' id='word_1_549' title='bbox 56 3800 317 3854; x_wconf 77' lang='lat' dir='ltr'><strong>negligentia:</strong></span> <span class='ocrx_word' id='word_1_550' title='bbox 338 3802 553 3844; x_wconf 91' lang='lat' dir='ltr'><strong>historicos</strong></span> <span class='ocrx_word' id='word_1_551' title='bbox 574 3820 763 3848; x_wconf 84' lang='lat' dir='ltr'><strong>accusare</strong></span> <span class='ocrx_word' id='word_1_552' title='bbox 786 3810 1031 3863; x_wconf 89' lang='lat' dir='ltr'><strong>prudentior</strong></span> <span class='ocrx_word' id='word_1_553' title='bbox 1056 3813 1200 3869; x_wconf 90' lang='lat' dir='ltr'><strong>aliquis</strong></span> <span class='ocrx_word' id='word_1_554' title='bbox 1221 3827 1293 3858; x_wconf 89' lang='lat' dir='ltr'><strong>au-</strong></span> 
     </span>
     <span class='ocr_line' id='line_1_77' title="bbox 61 3860 1291 3925; baseline 0.016 -25"><span class='ocrx_word' id='word_1_555' title='bbox 61 3860 170 3902; x_wconf 90' lang='lat' dir='ltr'><strong>deat.</strong></span> <span class='ocrx_word' id='word_1_556' title='bbox 190 3864 294 3903; x_wconf 90' lang='lat' dir='ltr'><strong>Nam</strong></span> <span class='ocrx_word' id='word_1_557' title='bbox 319 3865 351 3904; x_wconf 91' lang='lat' dir='ltr'><strong>si</strong></span> <span class='ocrx_word' id='word_1_558' title='bbox 374 3873 483 3905; x_wconf 88' lang='lat' dir='ltr'><strong>recte</strong></span> <span class='ocrx_word' id='word_1_559' title='bbox 500 3867 596 3907; x_wconf 90' lang='lat' dir='ltr'><strong>illud</strong></span> <span class='ocrx_word' id='word_1_560' title='bbox 614 3868 761 3925; x_wconf 78' lang='grc' dir='ltr'>Καῖσαρ</span> <span class='ocrx_word' id='word_1_561' title='bbox 780 3871 918 3924; x_wconf 88' lang='lat' dir='ltr'><strong>habet,</strong></span> <span class='ocrx_word' id='word_1_562' title='bbox 943 3875 1045 3915; x_wconf 92' lang='lat' dir='ltr'><strong>nihil</strong></span> <span class='ocrx_word' id='word_1_563' title='bbox 1065 3877 1175 3918; x_wconf 93' lang='lat' dir='ltr'><strong>aliud</strong></span> <span class='ocrx_word' id='word_1_564' title='bbox 1195 3880 1291 3921; x_wconf 91' lang='lat' dir='ltr'><strong>inde</strong></span> 
     </span>
     <span class='ocr_line' id='line_1_78' title="bbox 62 3923 1289 3988; baseline 0.016 -25"><span class='ocrx_word' id='word_1_565' title='bbox 62 3923 248 3977; x_wconf 86' lang='lat' dir='ltr'><strong>colligere</strong></span> <span class='ocrx_word' id='word_1_566' title='bbox 290 3925 383 3966; x_wconf 90' lang='lat' dir='ltr'><strong>licet</strong></span> <span class='ocrx_word' id='word_1_567' title='bbox 398 3958 408 3977; x_wconf 93' lang='lat'><strong>,</strong></span> <span class='ocrx_word' id='word_1_568' title='bbox 449 3929 527 3968; x_wconf 91' lang='lat' dir='ltr'><strong>nisi</strong></span> <span class='ocrx_word' id='word_1_569' title='bbox 565 3928 712 3971; x_wconf 89' lang='lat' dir='ltr'><strong>ducem</strong></span> <span class='ocrx_word' id='word_1_570' title='bbox 750 3933 927 3988; x_wconf 88' lang='lat' dir='ltr'><strong>aliquem</strong></span> <span class='ocrx_word' id='word_1_571' title='bbox 963 3939 1194 3981; x_wconf 82' lang='lat' dir='ltr'><strong>Romanum</strong></span> <span class='ocrx_word' id='word_1_572' title='bbox 1239 3957 1289 3983; x_wconf 85' lang='lat' dir='ltr'><strong>ex</strong></span> 
     </span>
     <span class='ocr_line' id='line_1_79' title="bbox 59 3986 1288 4057; baseline 0.015 -29"><span class='ocrx_word' id='word_1_573' title='bbox 59 3986 234 4043; x_wconf 70' lang='lat' dir='ltr'><strong>AEgypto</strong></span> <span class='ocrx_word' id='word_1_574' title='bbox 266 3990 494 4044; x_wconf 87' lang='lat' dir='ltr'><strong>profectum</strong></span> <span class='ocrx_word' id='word_1_575' title='bbox 524 3992 696 4036; x_wconf 89' lang='lat' dir='ltr'><strong>diruisse</strong></span> <span class='ocrx_word' id='word_1_576' title='bbox 717 3999 947 4052; x_wconf 86' lang='lat' dir='ltr'><strong>emporium</strong></span> <span class='ocrx_word' id='word_1_577' title='bbox 974 4001 1032 4041; x_wconf 89' lang='lat' dir='ltr'><strong>vel</strong></span> <span class='ocrx_word' id='word_1_578' title='bbox 1057 4010 1100 4042; x_wconf 88' lang='lat' dir='ltr'><strong>ut</strong></span> <span class='ocrx_word' id='word_1_579' title='bbox 1120 4003 1288 4057; x_wconf 87' lang='lat' dir='ltr'><strong>injurias</strong></span> 
     </span>
    </p>
   </div>
   <div class='ocr_carea' id='block_1_8' title="bbox 1355 1526 2644 4061">
    <p class='ocr_par' dir='ltr' id='par_1_16' title="bbox 1357 1526 2644 3626">
     <span class='ocr_line' id='line_1_80' title="bbox 1378 1526 2611 1595; baseline 0.016 -32"><span class='ocrx_word' id='word_1_580' title='bbox 1378 1526 1674 1566; x_wconf 89' lang='lat' dir='ltr'><strong>mercatoribus</strong></span> <span class='ocrx_word' id='word_1_581' title='bbox 1706 1530 1901 1569; x_wconf 86' lang='lat' dir='ltr'><strong>Romanis</strong></span> <span class='ocrx_word' id='word_1_582' title='bbox 1939 1531 2065 1572; x_wconf 90' lang='lat' dir='ltr'><strong>illatas</strong></span> <span class='ocrx_word' id='word_1_583' title='bbox 2101 1534 2379 1588; x_wconf 87' lang='lat' dir='ltr'><strong>ulcisceretur,</strong></span> <span class='ocrx_word' id='word_1_584' title='bbox 2405 1540 2466 1580; x_wconf 90' lang='lat' dir='ltr'><strong>vel</strong></span> <span class='ocrx_word' id='word_1_585' title='bbox 2498 1543 2611 1595; x_wconf 86' lang='lat' dir='ltr'><strong>quod</strong></span> 
     </span>
     <span class='ocr_line' id='line_1_81' title="bbox 1377 1587 2610 1657; baseline 0.015 -31"><span class='ocrx_word' id='word_1_586' title='bbox 1377 1587 1433 1627; x_wconf 90' lang='lat' dir='ltr'><strong>sic</strong></span> <span class='ocrx_word' id='word_1_587' title='bbox 1451 1587 1578 1628; x_wconf 89' lang='lat' dir='ltr'><strong>Indos</strong></span> <span class='ocrx_word' id='word_1_588' title='bbox 1600 1598 1744 1630; x_wconf 89' lang='lat' dir='ltr'><strong>nautas</strong></span> <span class='ocrx_word' id='word_1_589' title='bbox 1764 1591 1806 1630; x_wconf 91' lang='lat' dir='ltr'><strong>in</strong></span> <span class='ocrx_word' id='word_1_590' title='bbox 1831 1592 1990 1647; x_wconf 85' lang='lat' dir='ltr'><strong>AEgypti</strong></span> <span class='ocrx_word' id='word_1_591' title='bbox 2014 1597 2197 1649; x_wconf 90' lang='lat' dir='ltr'><strong>emporia</strong></span> <span class='ocrx_word' id='word_1_592' title='bbox 2219 1612 2260 1638; x_wconf 89' lang='lat' dir='ltr'><strong>se</strong></span> <span class='ocrx_word' id='word_1_593' title='bbox 2279 1599 2516 1642; x_wconf 86' lang='lat' dir='ltr'><strong>allecturum</strong></span> <span class='ocrx_word' id='word_1_594' title='bbox 2536 1613 2610 1657; x_wconf 80' lang='lat' dir='ltr'><strong>pu-</strong></span> 
     </span>
     <span class='ocr_line' id='line_1_82' title="bbox 1376 1651 2610 1712; baseline 0.014 -24"><span class='ocrx_word' id='word_1_595' title='bbox 1376 1656 1493 1690; x_wconf 87' lang='lat' dir='ltr'><strong>taret.</strong></span> <span class='ocrx_word' id='word_1_596' title='bbox 1516 1651 1615 1691; x_wconf 93' lang='lat' dir='ltr'><strong>Tale</strong></span> <span class='ocrx_word' id='word_1_597' title='bbox 1643 1652 1745 1706; x_wconf 91' lang='lat' dir='ltr'><strong>quid</strong></span> <span class='ocrx_word' id='word_1_598' title='bbox 1773 1653 1850 1693; x_wconf 91' lang='lat' dir='ltr'><strong>sub</strong></span> <span class='ocrx_word' id='word_1_599' title='bbox 1878 1656 2022 1708; x_wconf 88' lang='lat' dir='ltr'><strong>quovis</strong></span> <span class='ocrx_word' id='word_1_600' title='bbox 2053 1658 2300 1712; x_wconf 87' lang='lat' dir='ltr'><strong>imperatore</strong></span> <span class='ocrx_word' id='word_1_601' title='bbox 2328 1662 2424 1702; x_wconf 89' lang='lat' dir='ltr'><strong>inde</strong></span> <span class='ocrx_word' id='word_1_602' title='bbox 2443 1663 2494 1703; x_wconf 92' lang='lat' dir='ltr'><strong>ab</strong></span> <span class='ocrx_word' id='word_1_603' title='bbox 2525 1669 2610 1705; x_wconf 79' lang='lat' dir='ltr'><strong>Au·</strong></span> 
     </span>
     <span class='ocr_line' id='line_1_83' title="bbox 1375 1714 2605 1780; baseline 0.015 -31"><span class='ocrx_word' id='word_1_604' title='bbox 1375 1719 1494 1763; x_wconf 88' lang='lat' dir='ltr'><strong>gusto</strong></span> <span class='ocrx_word' id='word_1_605' title='bbox 1515 1726 1645 1767; x_wconf 91' lang='lat' dir='ltr'><strong>usque</strong></span> <span class='ocrx_word' id='word_1_606' title='bbox 1670 1714 1723 1754; x_wconf 90' lang='lat' dir='ltr'><strong>ad</strong></span> <span class='ocrx_word' id='word_1_607' title='bbox 1753 1716 1892 1756; x_wconf 89' lang='lat' dir='ltr'><strong>Nostri</strong></span> <span class='ocrx_word' id='word_1_608' title='bbox 1918 1717 2001 1758; x_wconf 90' lang='lat' dir='ltr'><strong>sere</strong></span> <span class='ocrx_word' id='word_1_609' title='bbox 2025 1726 2211 1774; x_wconf 88' lang='lat' dir='ltr'><strong>tempora</strong></span> <span class='ocrx_word' id='word_1_610' title='bbox 2229 1722 2413 1764; x_wconf 90' lang='lat' dir='ltr'><strong>accidere</strong></span> <span class='ocrx_word' id='word_1_611' title='bbox 2430 1735 2605 1780; x_wconf 85' lang='lat' dir='ltr'><strong>poterat.</strong></span> 
     </span>
     <span class='ocr_line' id='line_1_84' title="bbox 1374 1773 2608 1836; baseline 0.015 -24"><span class='ocrx_word' id='word_1_612' title='bbox 1374 1773 1454 1813; x_wconf 90' lang='lat' dir='ltr'><strong>Sed</strong></span> <span class='ocrx_word' id='word_1_613' title='bbox 1486 1774 1566 1814; x_wconf 89' lang='lat' dir='ltr'><strong>hoe</strong></span> <span class='ocrx_word' id='word_1_614' title='bbox 1594 1789 1758 1830; x_wconf 91' lang='lat' dir='ltr'><strong>quoque</strong></span> <span class='ocrx_word' id='word_1_615' title='bbox 1777 1786 1836 1817; x_wconf 88' lang='lat' dir='ltr'><strong>est</strong></span> <span class='ocrx_word' id='word_1_616' title='bbox 1859 1793 1933 1819; x_wconf 91' lang='lat' dir='ltr'><strong>cur</strong></span> <span class='ocrx_word' id='word_1_617' title='bbox 1958 1779 2213 1824; x_wconf 85' lang='lat' dir='ltr'><strong>addubitem.</strong></span> <span class='ocrx_word' id='word_1_618' title='bbox 2243 1786 2324 1836; x_wconf 90' lang='lat' dir='ltr'><strong>Qui</strong></span> <span class='ocrx_word' id='word_1_619' title='bbox 2355 1788 2465 1828; x_wconf 90' lang='lat' dir='ltr'><strong>enim</strong></span> <span class='ocrx_word' id='word_1_620' title='bbox 2498 1790 2543 1830; x_wconf 86' lang='lat' dir='ltr'><strong>fit</strong></span> <span class='ocrx_word' id='word_1_621' title='bbox 2562 1801 2608 1832; x_wconf 87' lang='lat' dir='ltr'><strong>ut</strong></span> 
     </span>
     <span class='ocr_line' id='line_1_85' title="bbox 1373 1835 2606 1896; baseline 0.015 -23"><span class='ocrx_word' id='word_1_622' title='bbox 1373 1835 1524 1889; x_wconf 91' lang='lat' dir='ltr'><strong>Peripli</strong></span> <span class='ocrx_word' id='word_1_623' title='bbox 1547 1845 1705 1888; x_wconf 90' lang='lat' dir='ltr'><strong>auctor,</strong></span> <span class='ocrx_word' id='word_1_624' title='bbox 1731 1840 1802 1892; x_wconf 85' lang='lat' dir='ltr'><strong>qui</strong></span> <span class='ocrx_word' id='word_1_625' title='bbox 1831 1840 1883 1880; x_wconf 93' lang='lat' dir='ltr'><strong>de</strong></span> <span class='ocrx_word' id='word_1_626' title='bbox 1908 1842 2227 1896; x_wconf 89' lang='lat' dir='ltr'><strong>imperatoribus</strong></span> <span class='ocrx_word' id='word_1_627' title='bbox 2258 1849 2453 1889; x_wconf 87' lang='lat' dir='ltr'><strong>Romanis</strong></span> <span class='ocrx_word' id='word_1_628' title='bbox 2481 1852 2606 1892; x_wconf 91' lang='lat' dir='ltr'><strong>modo</strong></span> 
     </span>
     <span class='ocr_line' id='line_1_86' title="bbox 1374 1897 2644 1963; baseline 0.014 -27"><span class='ocrx_word' id='word_1_629' title='bbox 1374 1897 1566 1939; x_wconf 88' lang='lat' dir='ltr'><strong>utebatur</strong></span> <span class='ocrx_word' id='word_1_630' title='bbox 1589 1899 1879 1955; x_wconf 76' lang='grc' dir='ltr'>αὐτοκρατόρων</span> <span class='ocrx_word' id='word_1_631' title='bbox 1901 1917 2001 1943; x_wconf 87' lang='lat' dir='ltr'><strong>voce</strong></span> <span class='ocrx_word' id='word_1_632' title='bbox 2015 1934 2027 1954; x_wconf 89' lang='lat'><strong>,</strong></span> <span class='ocrx_word' id='word_1_633' title='bbox 2064 1919 2178 1946; x_wconf 87' lang='lat' dir='ltr'><strong>nunc</strong></span> <span class='ocrx_word' id='word_1_634' title='bbox 2200 1909 2339 1963; x_wconf 81' lang='grc' dir='ltr'>καῖσαρ</span> <span class='ocrx_word' id='word_1_635' title='bbox 2360 1911 2605 1954; x_wconf 91' lang='lat' dir='ltr'><strong>vocabulum</strong></span> <span class='ocrx_word' id='word_1_636' title='bbox 2634 1927 2644 1936; x_wconf 85' lang='lat'><strong>·</strong></span> 
     </span>
     <span class='ocr_line' id='line_1_87' title="bbox 1372 1962 2604 2018; baseline 0.015 -19"><span class='ocrx_word' id='word_1_637' title='bbox 1372 1962 1568 2015; x_wconf 83' lang='lat' dir='ltr'><strong>usurpet?</strong></span> <span class='ocrx_word' id='word_1_638' title='bbox 1591 1963 1678 2003; x_wconf 89' lang='lat' dir='ltr'><strong>Cur</strong></span> <span class='ocrx_word' id='word_1_639' title='bbox 1704 1971 1787 2004; x_wconf 87' lang='lat' dir='ltr'><strong>tam</strong></span> <span class='ocrx_word' id='word_1_640' title='bbox 1810 1979 1957 2018; x_wconf 87' lang='lat' dir='ltr'><strong>vagum</strong></span> <span class='ocrx_word' id='word_1_641' title='bbox 1984 1966 2027 2006; x_wconf 91' lang='lat' dir='ltr'><strong>in</strong></span> <span class='ocrx_word' id='word_1_642' title='bbox 2063 1968 2235 2010; x_wconf 90' lang='lat' dir='ltr'><strong>modum</strong></span> <span class='ocrx_word' id='word_1_643' title='bbox 2267 1971 2336 2011; x_wconf 90' lang='lat' dir='ltr'><strong>tali</strong></span> <span class='ocrx_word' id='word_1_644' title='bbox 2370 1970 2495 2014; x_wconf 83' lang='lat' dir='ltr'><strong>verbo</strong></span> <span class='ocrx_word' id='word_1_645' title='bbox 2519 1973 2604 2017; x_wconf 81' lang='lat' dir='ltr'><strong>rem</strong></span> 
     </span>
     <span class='ocr_line' id='line_1_88' title="bbox 1372 2022 2606 2086; baseline 0.014 -25"><span class='ocrx_word' id='word_1_646' title='bbox 1372 2022 1634 2074; x_wconf 84' lang='lat' dir='ltr'><strong>significarit?</strong></span> <span class='ocrx_word' id='word_1_647' title='bbox 1666 2026 1815 2066; x_wconf 90' lang='lat' dir='ltr'><strong>Nonne</strong></span> <span class='ocrx_word' id='word_1_648' title='bbox 1839 2027 2032 2069; x_wconf 89' lang='lat' dir='ltr'><strong>mendam</strong></span> <span class='ocrx_word' id='word_1_649' title='bbox 2066 2030 2134 2070; x_wconf 92' lang='lat' dir='ltr'><strong>hic</strong></span> <span class='ocrx_word' id='word_1_650' title='bbox 2154 2045 2318 2086; x_wconf 91' lang='lat' dir='ltr'><strong>quoque</strong></span> <span class='ocrx_word' id='word_1_651' title='bbox 2346 2033 2439 2075; x_wconf 88' lang='lat' dir='ltr'><strong>libri</strong></span> <span class='ocrx_word' id='word_1_652' title='bbox 2467 2051 2606 2078; x_wconf 88' lang='lat' dir='ltr'><strong>corru-</strong></span> 
     </span>
     <span class='ocr_line' id='line_1_89' title="bbox 1370 2084 2606 2154; baseline 0.014 -31"><span class='ocrx_word' id='word_1_653' title='bbox 1370 2084 1544 2136; x_wconf 92' lang='lat' dir='ltr'><strong>ptissimi</strong></span> <span class='ocrx_word' id='word_1_654' title='bbox 1569 2085 1682 2126; x_wconf 92' lang='lat' dir='ltr'><strong>locus</strong></span> <span class='ocrx_word' id='word_1_655' title='bbox 1707 2089 1905 2129; x_wconf 84' lang='lat' dir='ltr'><strong>traxerit?</strong></span> <span class='ocrx_word' id='word_1_656' title='bbox 1921 2091 2055 2130; x_wconf 89' lang='lat' dir='ltr'><strong>Tanto</strong></span> <span class='ocrx_word' id='word_1_657' title='bbox 2072 2090 2227 2132; x_wconf 87' lang='lat' dir='ltr'><strong>facilius</strong></span> <span class='ocrx_word' id='word_1_658' title='bbox 2243 2094 2503 2148; x_wconf 88' lang='lat' dir='ltr'><strong>crediderim,</strong></span> <span class='ocrx_word' id='word_1_659' title='bbox 2522 2115 2606 2154; x_wconf 90' lang='lat' dir='ltr'><strong>quo</strong></span> 
     </span>
     <span class='ocr_line' id='line_1_90' title="bbox 1369 2143 2606 2214; baseline 0.014 -30"><span class='ocrx_word' id='word_1_660' title='bbox 1369 2143 1501 2186; x_wconf 90' lang='lat' dir='ltr'><strong>lenior</strong></span> <span class='ocrx_word' id='word_1_661' title='bbox 1518 2146 1692 2187; x_wconf 88' lang='lat' dir='ltr'><strong>offertur</strong></span> <span class='ocrx_word' id='word_1_662' title='bbox 1713 2149 1960 2190; x_wconf 88' lang='lat' dir='ltr'><strong>emendatio.</strong></span> <span class='ocrx_word' id='word_1_663' title='bbox 1982 2152 2063 2191; x_wconf 90' lang='lat' dir='ltr'><strong>Pro</strong></span> <span class='ocrx_word' id='word_1_664' title='bbox 2087 2153 2261 2193; x_wconf 85' lang='grc' dir='ltr'>ΚΑΙΣΑΡ</span> <span class='ocrx_word' id='word_1_665' title='bbox 2283 2155 2404 2197; x_wconf 92' lang='lat' dir='ltr'><strong>fuisse</strong></span> <span class='ocrx_word' id='word_1_666' title='bbox 2422 2162 2606 2214; x_wconf 90' lang='lat' dir='ltr'><strong>suspicor</strong></span> 
     </span>
     <span class='ocr_line' id='line_1_91' title="bbox 1368 2205 2604 2266; baseline 0.015 -21"><span class='ocrx_word' id='word_1_667' title='bbox 1368 2205 1558 2247; x_wconf 90' lang='grc' dir='ltr'>ΕΛΙΣΑΡ.</span> <span class='ocrx_word' id='word_1_668' title='bbox 1582 2209 1728 2249; x_wconf 77' lang='lat' dir='ltr'><strong>Elisar</strong></span> <span class='ocrx_word' id='word_1_669' title='bbox 1748 2218 1787 2249; x_wconf 92' lang='lat' dir='ltr'><strong>et</strong></span> <span class='ocrx_word' id='word_1_670' title='bbox 1806 2211 1939 2251; x_wconf 84' lang='lat' dir='ltr'><strong>Ilisar</strong></span> <span class='ocrx_word' id='word_1_671' title='bbox 1962 2211 2143 2266; x_wconf 90' lang='lat' dir='ltr'><strong>ejusdem</strong></span> <span class='ocrx_word' id='word_1_672' title='bbox 2163 2217 2342 2257; x_wconf 87' lang='lat' dir='ltr'><strong>nominis</strong></span> <span class='ocrx_word' id='word_1_673' title='bbox 2363 2229 2458 2260; x_wconf 89' lang='lat' dir='ltr'><strong>sunt</strong></span> <span class='ocrx_word' id='word_1_674' title='bbox 2479 2225 2604 2263; x_wconf 88' lang='lat' dir='ltr'><strong>varie-</strong></span> 
     </span>
     <span class='ocr_line' id='line_1_92' title="bbox 1369 2271 2599 2333; baseline 0.012 -25"><span class='ocrx_word' id='word_1_675' title='bbox 1369 2276 1468 2309; x_wconf 89' lang='lat' dir='ltr'><strong>tates</strong></span> <span class='ocrx_word' id='word_1_676' title='bbox 1484 2284 1550 2324; x_wconf 90' lang='lat' dir='ltr'><strong>ap.</strong></span> <span class='ocrx_word' id='word_1_677' title='bbox 1567 2271 1812 2312; x_wconf 91' lang='lat' dir='ltr'><strong>Strabonem</strong></span> <span class='ocrx_word' id='word_1_678' title='bbox 1821 2281 1861 2312; x_wconf 94' lang='lat' dir='ltr'><strong>et</strong></span> <span class='ocrx_word' id='word_1_679' title='bbox 1876 2274 2142 2316; x_wconf 88' lang='lat' dir='ltr'><strong>Ptolemaeum</strong></span> <span class='ocrx_word' id='word_1_680' title='bbox 2158 2277 2303 2318; x_wconf 86' lang='lat' dir='ltr'><strong>obviae.</strong></span> <span class='ocrx_word' id='word_1_681' title='bbox 2323 2280 2468 2321; x_wconf 90' lang='lat' dir='ltr'><strong>Strabo</strong></span> <span class='ocrx_word' id='word_1_682' title='bbox 2482 2284 2599 2333; x_wconf 86' lang='lat' dir='ltr'><strong>XVI,</strong></span> 
     </span>
     <span class='ocr_line' id='line_1_93' title="bbox 1367 2334 2602 2393; baseline 0.011 -22"><span class='ocrx_word' id='word_1_683' title='bbox 1367 2344 1409 2384; x_wconf 88' lang='lat' dir='ltr'><strong>p.</strong></span> <span class='ocrx_word' id='word_1_684' title='bbox 1445 2334 1525 2385; x_wconf 83' lang='lat'><strong>782</strong></span> <span class='ocrx_word' id='word_1_685' title='bbox 1548 2342 1686 2373; x_wconf 88' lang='lat' dir='ltr'><strong>narrat</strong></span> <span class='ocrx_word' id='word_1_686' title='bbox 1717 2334 1869 2374; x_wconf 84' lang='lat' dir='ltr'><strong>AElium</strong></span> <span class='ocrx_word' id='word_1_687' title='bbox 1901 2336 2064 2377; x_wconf 89' lang='lat' dir='ltr'><strong>Gallum</strong></span> <span class='ocrx_word' id='word_1_688' title='bbox 2091 2353 2309 2393; x_wconf 83' lang='lat' dir='ltr'><strong>occupasse</strong></span> <span class='ocrx_word' id='word_1_689' title='bbox 2342 2342 2523 2384; x_wconf 90' lang='lat' dir='ltr'><strong>Athralla</strong></span> <span class='ocrx_word' id='word_1_690' title='bbox 2561 2355 2602 2386; x_wconf 89' lang='lat' dir='ltr'><strong>et</strong></span> 
     </span>
     <span class='ocr_line' id='line_1_94' title="bbox 1365 2393 2600 2456; baseline 0.013 -25"><span class='ocrx_word' id='word_1_691' title='bbox 1365 2393 1600 2447; x_wconf 85' lang='lat' dir='ltr'><strong>Marsyabas</strong></span> <span class='ocrx_word' id='word_1_692' title='bbox 1623 2395 1687 2447; x_wconf 90' lang='lat' dir='ltr'><strong>(v.</strong></span> <span class='ocrx_word' id='word_1_693' title='bbox 1713 2395 1815 2435; x_wconf 86' lang='lat' dir='ltr'><strong>Noel</strong></span> <span class='ocrx_word' id='word_1_694' title='bbox 1840 2394 1911 2435; x_wconf 88' lang='lat' dir='ltr'><strong>des</strong></span> <span class='ocrx_word' id='word_1_695' title='bbox 1931 2398 2106 2451; x_wconf 87' lang='lat' dir='ltr'><strong>Vergcrs</strong></span> <span class='ocrx_word' id='word_1_696' title='bbox 2121 2401 2279 2441; x_wconf 87' lang='lat' dir='ltr'><strong>Arabie</strong></span> <span class='ocrx_word' id='word_1_697' title='bbox 2295 2416 2336 2456; x_wconf 92' lang='lat' dir='ltr'><strong>p.</strong></span> <span class='ocrx_word' id='word_1_698' title='bbox 2358 2403 2451 2456; x_wconf 87' lang='lat'><strong>59),</strong></span> <span class='ocrx_word' id='word_1_699' title='bbox 2481 2407 2600 2447; x_wconf 89' lang='lat' dir='ltr'><strong>urbes</strong></span> 
     </span>
     <span class='ocr_line' id='line_1_95' title="bbox 1366 2454 2594 2515; baseline 0.013 -22"><span class='ocrx_word' id='word_1_700' title='bbox 1366 2454 1733 2496; x_wconf 89' lang='lat' dir='ltr'><strong>Rhambanitarum</strong></span> <span class='ocrx_word' id='word_1_701' title='bbox 1750 2458 1826 2509; x_wconf 88' lang='lat' dir='ltr'><strong>(sic</strong></span> <span class='ocrx_word' id='word_1_702' title='bbox 1838 2456 1961 2499; x_wconf 89' lang='lat' dir='ltr'><strong>codd.</strong></span> <span class='ocrx_word' id='word_1_703' title='bbox 1980 2460 2061 2500; x_wconf 87' lang='lat' dir='ltr'><strong>Str.</strong></span> <span class='ocrx_word' id='word_1_704' title='bbox 2076 2462 2220 2515; x_wconf 90' lang='lat' dir='ltr'><strong>optimi</strong></span> <span class='ocrx_word' id='word_1_705' title='bbox 2234 2478 2245 2512; x_wconf 82' lang='lat'>3</span> <span class='ocrx_word' id='word_1_706' title='bbox 2264 2462 2497 2507; x_wconf 74' lang='grc' dir='ltr'>Ῥαὸανιτῶν</span> <span class='ocrx_word' id='word_1_707' title='bbox 2514 2484 2594 2510; x_wconf 87' lang='lat' dir='ltr'><strong>sec.</strong></span> 
     </span>
     <span class='ocr_line' id='line_1_96' title="bbox 1365 2516 2599 2580; baseline 0.013 -25"><span class='ocrx_word' id='word_1_708' title='bbox 1365 2516 1471 2557; x_wconf 91' lang='lat' dir='ltr'><strong>Ptol.</strong></span> <span class='ocrx_word' id='word_1_709' title='bbox 1508 2519 1594 2567; x_wconf 86' lang='lat' dir='ltr'><strong>VI,</strong></span> <span class='ocrx_word' id='word_1_710' title='bbox 1632 2518 1706 2573; x_wconf 92' lang='lat'><strong>7),</strong></span> <span class='ocrx_word' id='word_1_711' title='bbox 1739 2519 1778 2558; x_wconf 88' lang='grc' dir='ltr'><strong>οἳ</strong></span> <span class='ocrx_word' id='word_1_712' title='bbox 1811 2516 1906 2570; x_wconf 79' lang='grc' dir='ltr'>ἦσαν</span> <span class='ocrx_word' id='word_1_713' title='bbox 1930 2519 2002 2561; x_wconf 70' lang='grc' dir='ltr'>ὑπὸ</span> <span class='ocrx_word' id='word_1_714' title='bbox 2043 2521 2268 2580; x_wconf 80' lang='grc' dir='ltr'>Ἰλασάρῳ(</span> <span class='ocrx_word' id='word_1_715' title='bbox 2295 2527 2599 2571; x_wconf 74' lang='lat' dir='ltr'><strong>Dlzoul·Azlear</strong></span> 
     </span>
     <span class='ocr_line' id='line_1_97' title="bbox 1365 2579 2597 2637; baseline 0.013 -19"><span class='ocrx_word' id='word_1_716' title='bbox 1365 2592 1438 2619; x_wconf 93' lang='lat' dir='ltr'><strong>seu</strong></span> <span class='ocrx_word' id='word_1_717' title='bbox 1469 2579 1750 2629; x_wconf 83' lang='lat' dir='ltr'><strong>Dlzil-Azhar,</strong></span> <span class='ocrx_word' id='word_1_718' title='bbox 1783 2581 1945 2634; x_wconf 75' lang='lat' dir='ltr'><strong>Afrikis</strong></span> <span class='ocrx_word' id='word_1_719' title='bbox 1976 2585 2083 2637; x_wconf 84' lang='lat' dir='ltr'><strong>regis</strong></span> <span class='ocrx_word' id='word_1_720' title='bbox 2116 2600 2339 2636; x_wconf 89' lang='lat' dir='ltr'><strong>successor,</strong></span> <span class='ocrx_word' id='word_1_721' title='bbox 2381 2604 2463 2631; x_wconf 85' lang='lat' dir='ltr'><strong>sec.</strong></span> <span class='ocrx_word' id='word_1_722' title='bbox 2495 2594 2597 2634; x_wconf 92' lang='lat' dir='ltr'><strong>Noel</strong></span> 
     </span>
     <span class='ocr_line' id='line_1_98' title="bbox 1366 2642 2598 2700; baseline 0.011 -20"><span class='ocrx_word' id='word_1_723' title='bbox 1366 2642 1612 2695; x_wconf 87' lang='lat' dir='ltr'><strong>Desvergers</strong></span> <span class='ocrx_word' id='word_1_724' title='bbox 1631 2642 1788 2683; x_wconf 88' lang='lat' dir='ltr'><strong>Arabie</strong></span> <span class='ocrx_word' id='word_1_725' title='bbox 1808 2657 1851 2698; x_wconf 87' lang='lat' dir='ltr'><strong>p.</strong></span> <span class='ocrx_word' id='word_1_726' title='bbox 1877 2646 1973 2698; x_wconf 88' lang='lat'><strong>58).</strong></span> <span class='ocrx_word' id='word_1_727' title='bbox 1999 2646 2239 2688; x_wconf 79' lang='lat' dir='ltr'><strong>Ptolemaeus</strong></span> <span class='ocrx_word' id='word_1_728' title='bbox 2257 2649 2444 2692; x_wconf 81' lang='lat' dir='ltr'><strong>Elisaros</strong></span> <span class='ocrx_word' id='word_1_729' title='bbox 2458 2684 2468 2700; x_wconf 92' lang='lat'>‚</span> <span class='ocrx_word' id='word_1_730' title='bbox 2492 2668 2514 2693; x_wconf 90' lang='lat' dir='ltr'><strong>a</strong></span> <span class='ocrx_word' id='word_1_731' title='bbox 2536 2669 2598 2694; x_wconf 87' lang='lat' dir='ltr'><strong>re-</strong></span> 
     </span>
     <span class='ocr_line' id='line_1_99' title="bbox 1366 2704 2595 2768; baseline 0.012 -27"><span class='ocrx_word' id='word_1_732' title='bbox 1366 2704 1425 2754; x_wconf 80' lang='lat' dir='ltr'><strong>gis</strong></span> <span class='ocrx_word' id='word_1_733' title='bbox 1446 2705 1613 2748; x_wconf 90' lang='lat' dir='ltr'><strong>nomine</strong></span> <span class='ocrx_word' id='word_1_734' title='bbox 1632 2705 1690 2744; x_wconf 90' lang='lat' dir='ltr'><strong>sic</strong></span> <span class='ocrx_word' id='word_1_735' title='bbox 1708 2704 1854 2755; x_wconf 83' lang='lat' dir='ltr'><strong>dietOS,</strong></span> <span class='ocrx_word' id='word_1_736' title='bbox 1880 2707 1923 2746; x_wconf 91' lang='lat' dir='ltr'><strong>in</strong></span> <span class='ocrx_word' id='word_1_737' title='bbox 1947 2722 1993 2748; x_wconf 89' lang='lat' dir='ltr'><strong>ea</strong></span> <span class='ocrx_word' id='word_1_738' title='bbox 2015 2709 2181 2762; x_wconf 85' lang='lat' dir='ltr'><strong>regione</strong></span> <span class='ocrx_word' id='word_1_739' title='bbox 2206 2721 2421 2762; x_wconf 84' lang='lat' dir='ltr'><strong>memorat,</strong></span> <span class='ocrx_word' id='word_1_740' title='bbox 2449 2729 2538 2768; x_wconf 86' lang='lat' dir='ltr'><strong>quae</strong></span> <span class='ocrx_word' id='word_1_741' title='bbox 2556 2718 2595 2756; x_wconf 89' lang='lat' dir='ltr'><strong>in</strong></span> 
     </span>
     <span class='ocr_line' id='line_1_100' title="bbox 1364 2766 2597 2829; baseline 0.011 -25"><span class='ocrx_word' id='word_1_742' title='bbox 1364 2766 1573 2820; x_wconf 89' lang='lat' dir='ltr'><strong>Periplum</strong></span> <span class='ocrx_word' id='word_1_743' title='bbox 1603 2767 1831 2807; x_wconf 88' lang='lat' dir='ltr'><strong>Charibaeli</strong></span> <span class='ocrx_word' id='word_1_744' title='bbox 1851 2768 2032 2823; x_wconf 88' lang='lat' dir='ltr'><strong>subjecta</strong></span> <span class='ocrx_word' id='word_1_745' title='bbox 2054 2779 2128 2811; x_wconf 89' lang='lat' dir='ltr'><strong>cst.</strong></span> <span class='ocrx_word' id='word_1_746' title='bbox 2156 2773 2304 2812; x_wconf 88' lang='lat' dir='ltr'><strong>Noster</strong></span> <span class='ocrx_word' id='word_1_747' title='bbox 2327 2773 2504 2829; x_wconf 90' lang='lat' dir='ltr'><strong>denique</strong></span> <span class='ocrx_word' id='word_1_748' title='bbox 2526 2792 2597 2817; x_wconf 88' lang='lat' dir='ltr'><strong>au-</strong></span> 
     </span>
     <span class='ocr_line' id='line_1_101' title="bbox 1364 2833 2592 2888; baseline 0.011 -21"><span class='ocrx_word' id='word_1_749' title='bbox 1364 2835 1453 2867; x_wconf 88' lang='lat' dir='ltr'><strong>ctor</strong></span> <span class='ocrx_word' id='word_1_750' title='bbox 1474 2842 1548 2869; x_wconf 91' lang='lat' dir='ltr'><strong>sua</strong></span> <span class='ocrx_word' id='word_1_751' title='bbox 1570 2836 1684 2869; x_wconf 86' lang='lat' dir='ltr'><strong>aetate</strong></span> <span class='ocrx_word' id='word_1_752' title='bbox 1705 2843 1843 2884; x_wconf 89' lang='lat' dir='ltr'><strong>regem</strong></span> <span class='ocrx_word' id='word_1_753' title='bbox 1866 2838 1985 2871; x_wconf 84' lang='lat' dir='ltr'><strong>terrae</strong></span> <span class='ocrx_word' id='word_1_754' title='bbox 2011 2833 2220 2874; x_wconf 85' lang='lat' dir='ltr'><strong>thuriferae</strong></span> <span class='ocrx_word' id='word_1_755' title='bbox 2249 2834 2349 2876; x_wconf 88' lang='lat' dir='ltr'><strong>dicit</strong></span> <span class='ocrx_word' id='word_1_756' title='bbox 2382 2835 2592 2888; x_wconf 82' lang='lat' dir='ltr'><strong>Eleazum,</strong></span> 
     </span>
     <span class='ocr_line' id='line_1_102' title="bbox 1364 2889 2597 2942; baseline 0.011 -14"><span class='ocrx_word' id='word_1_757' title='bbox 1364 2889 1477 2942; x_wconf 92' lang='lat' dir='ltr'><strong>quod</strong></span> <span class='ocrx_word' id='word_1_758' title='bbox 1498 2904 1651 2931; x_wconf 89' lang='lat' dir='ltr'><strong>nomen</strong></span> <span class='ocrx_word' id='word_1_759' title='bbox 1684 2893 1850 2932; x_wconf 89' lang='lat' dir='ltr'><strong>nonnisi</strong></span> <span class='ocrx_word' id='word_1_760' title='bbox 1875 2893 1952 2934; x_wconf 90' lang='lat' dir='ltr'><strong>alia</strong></span> <span class='ocrx_word' id='word_1_761' title='bbox 1977 2894 2109 2935; x_wconf 86' lang='lat' dir='ltr'><strong>forma</strong></span> <span class='ocrx_word' id='word_1_762' title='bbox 2135 2897 2315 2937; x_wconf 90' lang='lat' dir='ltr'><strong>nominis</strong></span> <span class='ocrx_word' id='word_1_763' title='bbox 2350 2899 2495 2940; x_wconf 82' lang='lat' dir='ltr'><strong>Elisar</strong></span> <span class='ocrx_word' id='word_1_764' title='bbox 2515 2903 2597 2942; x_wconf 88' lang='lat' dir='ltr'><strong>sive</strong></span> 
     </span>
     <span class='ocr_line' id='line_1_103' title="bbox 1363 2951 2590 3013; baseline 0.011 -23"><span class='ocrx_word' id='word_1_765' title='bbox 1363 2951 1496 2992; x_wconf 83' lang='lat' dir='ltr'><strong>Ilisar</strong></span> <span class='ocrx_word' id='word_1_766' title='bbox 1513 2966 1598 2992; x_wconf 91' lang='lat' dir='ltr'><strong>esse</strong></span> <span class='ocrx_word' id='word_1_767' title='bbox 1620 2952 1797 2994; x_wconf 86' lang='lat' dir='ltr'><strong>videtur.</strong></span> <span class='ocrx_word' id='word_1_768' title='bbox 1823 2956 1873 2994; x_wconf 91' lang='lat' dir='ltr'><strong>In</strong></span> <span class='ocrx_word' id='word_1_769' title='bbox 1895 2955 2059 2996; x_wconf 91' lang='lat' dir='ltr'><strong>Elisaris</strong></span> <span class='ocrx_word' id='word_1_770' title='bbox 2092 2972 2219 3012; x_wconf 86' lang='lat' dir='ltr'><strong>regno</strong></span> <span class='ocrx_word' id='word_1_771' title='bbox 2248 2960 2323 3000; x_wconf 87' lang='lat' dir='ltr'><strong>sita</strong></span> <span class='ocrx_word' id='word_1_772' title='bbox 2352 2970 2438 3003; x_wconf 90' lang='lat' dir='ltr'><strong>erat</strong></span> <span class='ocrx_word' id='word_1_773' title='bbox 2470 2967 2590 3013; x_wconf 79' lang='lat' dir='ltr'><strong>Cane,</strong></span> 
     </span>
     <span class='ocr_line' id='line_1_104' title="bbox 1362 3014 2594 3077; baseline 0.01 -25"><span class='ocrx_word' id='word_1_774' title='bbox 1362 3014 1588 3054; x_wconf 85' lang='lat' dir='ltr'><strong>maximum</strong></span> <span class='ocrx_word' id='word_1_775' title='bbox 1620 3015 1664 3054; x_wconf 93' lang='lat' dir='ltr'><strong>in</strong></span> <span class='ocrx_word' id='word_1_776' title='bbox 1706 3015 1783 3056; x_wconf 88' lang='lat' dir='ltr'><strong>hac</strong></span> <span class='ocrx_word' id='word_1_777' title='bbox 1814 3017 1976 3058; x_wconf 78' lang='lat' dir='ltr'><strong>Arabiae</strong></span> <span class='ocrx_word' id='word_1_778' title='bbox 2010 3033 2082 3060; x_wconf 89' lang='lat' dir='ltr'><strong>ora</strong></span> <span class='ocrx_word' id='word_1_779' title='bbox 2113 3022 2364 3074; x_wconf 89' lang='lat' dir='ltr'><strong>emporium,</strong></span> <span class='ocrx_word' id='word_1_780' title='bbox 2400 3027 2510 3077; x_wconf 88' lang='lat' dir='ltr'><strong>quod</strong></span> <span class='ocrx_word' id='word_1_781' title='bbox 2543 3030 2594 3065; x_wconf 83' lang='lat' dir='ltr'><strong>ad</strong></span> 
     </span>
     <span class='ocr_line' id='line_1_105' title="bbox 1362 3076 2592 3135; baseline 0.009 -21"><span class='ocrx_word' id='word_1_782' title='bbox 1362 3076 1554 3116; x_wconf 87' lang='lat' dir='ltr'><strong>eximiam</strong></span> <span class='ocrx_word' id='word_1_783' title='bbox 1569 3077 1687 3117; x_wconf 89' lang='lat' dir='ltr'><strong>istam</strong></span> <span class='ocrx_word' id='word_1_784' title='bbox 1708 3077 1954 3130; x_wconf 89' lang='lat' dir='ltr'><strong>felicitatem,</strong></span> <span class='ocrx_word' id='word_1_785' title='bbox 1981 3095 2029 3121; x_wconf 88' lang='lat' dir='ltr'><strong>ex</strong></span> <span class='ocrx_word' id='word_1_786' title='bbox 2053 3080 2286 3135; x_wconf 90' lang='lat' dir='ltr'><strong>conjectura</strong></span> <span class='ocrx_word' id='word_1_787' title='bbox 2303 3091 2455 3133; x_wconf 88' lang='lat' dir='ltr'><strong>nostra,</strong></span> <span class='ocrx_word' id='word_1_788' title='bbox 2477 3086 2592 3126; x_wconf 89' lang='lat' dir='ltr'><strong>Elea-</strong></span> 
     </span>
     <span class='ocr_line' id='line_1_106' title="bbox 1363 3137 2593 3201; baseline 0.009 -25"><span class='ocrx_word' id='word_1_789' title='bbox 1363 3151 1429 3177; x_wconf 89' lang='lat' dir='ltr'><strong>sar</strong></span> <span class='ocrx_word' id='word_1_790' title='bbox 1462 3151 1511 3178; x_wconf 90' lang='lat' dir='ltr'><strong>eo</strong></span> <span class='ocrx_word' id='word_1_791' title='bbox 1548 3137 1767 3179; x_wconf 88' lang='lat' dir='ltr'><strong>adduxisse</strong></span> <span class='ocrx_word' id='word_1_792' title='bbox 1804 3140 1981 3191; x_wconf 89' lang='lat' dir='ltr'><strong>videtur,</strong></span> <span class='ocrx_word' id='word_1_793' title='bbox 2011 3142 2122 3196; x_wconf 90' lang='lat' dir='ltr'><strong>quod</strong></span> <span class='ocrx_word' id='word_1_794' title='bbox 2154 3144 2274 3183; x_wconf 90' lang='lat' dir='ltr'><strong>vicini</strong></span> <span class='ocrx_word' id='word_1_795' title='bbox 2311 3146 2424 3198; x_wconf 85' lang='lat' dir='ltr'><strong>regni</strong></span> <span class='ocrx_word' id='word_1_796' title='bbox 2454 3161 2593 3201; x_wconf 87' lang='lat' dir='ltr'><strong>empo-</strong></span> 
     </span>
     <span class='ocr_line' id='line_1_107' title="bbox 1360 3200 2591 3254; baseline 0.009 -15"><span class='ocrx_word' id='word_1_797' title='bbox 1360 3200 1470 3240; x_wconf 91' lang='lat' dir='ltr'><strong>rium</strong></span> <span class='ocrx_word' id='word_1_798' title='bbox 1487 3232 1498 3250; x_wconf 93' lang='lat'><strong>,</strong></span> <span class='ocrx_word' id='word_1_799' title='bbox 1537 3200 1834 3242; x_wconf 90' lang='lat' dir='ltr'><strong>Eudaemonem</strong></span> <span class='ocrx_word' id='word_1_800' title='bbox 1871 3204 2064 3244; x_wconf 88' lang='lat' dir='ltr'><strong>Arabiam</strong></span> <span class='ocrx_word' id='word_1_801' title='bbox 2082 3235 2094 3254; x_wconf 87' lang='lat'><strong>,</strong></span> <span class='ocrx_word' id='word_1_802' title='bbox 2139 3204 2353 3246; x_wconf 86' lang='lat' dir='ltr'><strong>destruxit.</strong></span> <span class='ocrx_word' id='word_1_803' title='bbox 2393 3209 2591 3251; x_wconf 81' lang='lat' dir='ltr'><strong>Praeterea</strong></span> 
     </span>
     <span class='ocr_line' id='line_1_108' title="bbox 1359 3262 2590 3323; baseline 0.006 -21"><span class='ocrx_word' id='word_1_804' title='bbox 1359 3276 1551 3316; x_wconf 91' lang='lat' dir='ltr'><strong>magnam</strong></span> <span class='ocrx_word' id='word_1_805' title='bbox 1580 3263 1750 3304; x_wconf 90' lang='lat' dir='ltr'><strong>fortasse</strong></span> <span class='ocrx_word' id='word_1_806' title='bbox 1782 3262 1868 3317; x_wconf 91' lang='lat' dir='ltr'><strong>ejus</strong></span> <span class='ocrx_word' id='word_1_807' title='bbox 1896 3266 2011 3318; x_wconf 91' lang='lat' dir='ltr'><strong>regni</strong></span> <span class='ocrx_word' id='word_1_808' title='bbox 2035 3273 2196 3319; x_wconf 89' lang='lat' dir='ltr'><strong>partem</strong></span> <span class='ocrx_word' id='word_1_809' title='bbox 2226 3266 2302 3306; x_wconf 90' lang='lat' dir='ltr'><strong>sibi</strong></span> <span class='ocrx_word' id='word_1_810' title='bbox 2337 3281 2412 3321; x_wconf 91' lang='lat' dir='ltr'><strong>per</strong></span> <span class='ocrx_word' id='word_1_811' title='bbox 2432 3276 2590 3323; x_wconf 87' lang='lat' dir='ltr'><strong>tempus</strong></span> 
     </span>
     <span class='ocr_line' id='line_1_109' title="bbox 1359 3324 2644 3379; baseline 0.005 -15"><span class='ocrx_word' id='word_1_812' title='bbox 1359 3324 1524 3379; x_wconf 89' lang='lat' dir='ltr'><strong>aliquod</strong></span> <span class='ocrx_word' id='word_1_813' title='bbox 1553 3324 1738 3379; x_wconf 86' lang='lat' dir='ltr'><strong>subjecit,</strong></span> <span class='ocrx_word' id='word_1_814' title='bbox 1763 3325 1965 3379; x_wconf 88' lang='lat' dir='ltr'><strong>siquidem</strong></span> <span class='ocrx_word' id='word_1_815' title='bbox 1985 3326 2225 3366; x_wconf 89' lang='lat' dir='ltr'><strong>Ptolemaeus</strong></span> <span class='ocrx_word' id='word_1_816' title='bbox 2243 3326 2418 3368; x_wconf 90' lang='lat' dir='ltr'><strong>Elisaros</strong></span> <span class='ocrx_word' id='word_1_817' title='bbox 2436 3343 2589 3371; x_wconf 86' lang='lat' dir='ltr'><strong>memo·</strong></span> <span class='ocrx_word' id='word_1_818' title='bbox 2636 3341 2644 3350; x_wconf 78' lang='grc'><em>“</em></span> 
     </span>
     <span class='ocr_line' id='line_1_110' title="bbox 1358 3387 2585 3445; baseline 0.006 -19"><span class='ocrx_word' id='word_1_819' title='bbox 1358 3395 1421 3427; x_wconf 87' lang='lat' dir='ltr'><strong>rat</strong></span> <span class='ocrx_word' id='word_1_820' title='bbox 1449 3387 1493 3427; x_wconf 91' lang='lat' dir='ltr'><strong>in</strong></span> <span class='ocrx_word' id='word_1_821' title='bbox 1515 3388 1701 3440; x_wconf 85' lang='lat' dir='ltr'><strong>regione,</strong></span> <span class='ocrx_word' id='word_1_822' title='bbox 1730 3401 1820 3441; x_wconf 81' lang='lat' dir='ltr'><strong>quae</strong></span> <span class='ocrx_word' id='word_1_823' title='bbox 1846 3387 1994 3442; x_wconf 90' lang='lat' dir='ltr'><strong>Peripli</strong></span> <span class='ocrx_word' id='word_1_824' title='bbox 2017 3397 2130 3428; x_wconf 88' lang='lat' dir='ltr'><strong>aetate</strong></span> <span class='ocrx_word' id='word_1_825' title='bbox 2152 3388 2379 3430; x_wconf 90' lang='lat' dir='ltr'><strong>Charibaeli</strong></span> <span class='ocrx_word' id='word_1_826' title='bbox 2404 3391 2585 3445; x_wconf 86' lang='lat' dir='ltr'><strong>parebat.</strong></span> 
     </span>
     <span class='ocr_line' id='line_1_111' title="bbox 1358 3447 2587 3507; baseline 0.005 -19"><span class='ocrx_word' id='word_1_827' title='bbox 1358 3449 1449 3489; x_wconf 89' lang='lat' dir='ltr'><strong>Hoc</strong></span> <span class='ocrx_word' id='word_1_828' title='bbox 1480 3449 1514 3489; x_wconf 91' lang='lat' dir='ltr'><strong>si</strong></span> <span class='ocrx_word' id='word_1_829' title='bbox 1547 3457 1631 3497; x_wconf 90' lang='lat' dir='ltr'><strong>est,</strong></span> <span class='ocrx_word' id='word_1_830' title='bbox 1668 3447 1930 3489; x_wconf 83' lang='lat' dir='ltr'><strong>statuendum</strong></span> <span class='ocrx_word' id='word_1_831' title='bbox 1952 3449 2056 3489; x_wconf 90' lang='lat' dir='ltr'><strong>foret</strong></span> <span class='ocrx_word' id='word_1_832' title='bbox 2089 3450 2244 3490; x_wconf 89' lang='lat' dir='ltr'><strong>fontem</strong></span> <span class='ocrx_word' id='word_1_833' title='bbox 2273 3465 2323 3492; x_wconf 82' lang='lat' dir='ltr'><strong>ex</strong></span> <span class='ocrx_word' id='word_1_834' title='bbox 2351 3466 2436 3507; x_wconf 92' lang='lat' dir='ltr'><strong>quo</strong></span> <span class='ocrx_word' id='word_1_835' title='bbox 2453 3453 2587 3494; x_wconf 91' lang='lat' dir='ltr'><strong>Ptole-</strong></span> 
     </span>
     <span class='ocr_line' id='line_1_112' title="bbox 1361 3509 2588 3570; baseline 0.005 -21"><span class='ocrx_word' id='word_1_836' title='bbox 1361 3524 1483 3550; x_wconf 82' lang='lat' dir='ltr'><strong>maeus</strong></span> <span class='ocrx_word' id='word_1_837' title='bbox 1507 3510 1668 3551; x_wconf 85' lang='lat' dir='ltr'><strong>Arabiae</strong></span> <span class='ocrx_word' id='word_1_838' title='bbox 1697 3524 1778 3550; x_wconf 84' lang='lat' dir='ltr'><strong>01·ae</strong></span> <span class='ocrx_word' id='word_1_839' title='bbox 1815 3509 2130 3566; x_wconf 87' lang='lat' dir='ltr'><strong>descriptionem</strong></span> <span class='ocrx_word' id='word_1_840' title='bbox 2152 3513 2324 3562; x_wconf 90' lang='lat' dir='ltr'><strong>sumsit,</strong></span> <span class='ocrx_word' id='word_1_841' title='bbox 2350 3521 2491 3555; x_wconf 89' lang='lat' dir='ltr'><strong>nostro</strong></span> <span class='ocrx_word' id='word_1_842' title='bbox 2518 3528 2588 3570; x_wconf 89' lang='lat' dir='ltr'><strong>pe-</strong></span> 
     </span>
     <span class='ocr_line' id='line_1_113' title="bbox 1357 3572 1878 3626; baseline 0.004 -15"><span class='ocrx_word' id='word_1_843' title='bbox 1357 3572 1462 3626; x_wconf 89' lang='lat' dir='ltr'><strong>riplo</strong></span> <span class='ocrx_word' id='word_1_844' title='bbox 1483 3573 1754 3625; x_wconf 89' lang='lat' dir='ltr'><strong>antiquiorem</strong></span> <span class='ocrx_word' id='word_1_845' title='bbox 1779 3586 1878 3613; x_wconf 87' lang='lat' dir='ltr'><strong>esse.</strong></span> 
     </span>
    </p>

    <p class='ocr_par' dir='ltr' id='par_1_17' title="bbox 1355 3633 2623 4061">
     <span class='ocr_line' id='line_1_114' title="bbox 1413 3633 2623 3693; baseline 0.002 -17"><span class='ocrx_word' id='word_1_846' title='bbox 1413 3634 1832 3688; x_wconf 66' lang='grc' dir='ltr'>527.Εὖδαίμονος</span> <span class='ocrx_word' id='word_1_847' title='bbox 1863 3633 2586 3692; x_wconf 65' lang='grc' dir='ltr'>Ἀραὸικῆς]52685ῑΕὖδαίμονος</span> <span class='ocrx_word' id='word_1_848' title='bbox 2613 3684 2623 3693; x_wconf 42' lang='grc'>,</span> 
     </span>
     <span class='ocr_line' id='line_1_115' title="bbox 1363 3694 2583 3754; baseline 0.005 -20"><span class='ocrx_word' id='word_1_849' title='bbox 1363 3694 1540 3749; x_wconf 74' lang='grc' dir='ltr'>Ἀραὸίας.</span> <span class='ocrx_word' id='word_1_850' title='bbox 1557 3698 1658 3747; x_wconf 87' lang='lat' dir='ltr'><strong>Quae</strong></span> <span class='ocrx_word' id='word_1_851' title='bbox 1667 3694 1834 3750; x_wconf 88' lang='lat' dir='ltr'><strong>quidem</strong></span> <span class='ocrx_word' id='word_1_852' title='bbox 1848 3696 2059 3739; x_wconf 89' lang='lat' dir='ltr'><strong>fluctuatio</strong></span> <span class='ocrx_word' id='word_1_853' title='bbox 2075 3713 2123 3739; x_wconf 85' lang='lat' dir='ltr'><strong>ex</strong></span> <span class='ocrx_word' id='word_1_854' title='bbox 2139 3700 2226 3754; x_wconf 90' lang='lat' dir='ltr'><strong>ipsa</strong></span> <span class='ocrx_word' id='word_1_855' title='bbox 2241 3699 2583 3740; x_wconf 88' lang='lat' dir='ltr'><strong>denominationis</strong></span> 
     </span>
     <span class='ocr_line' id='line_1_116' title="bbox 1356 3756 2583 3816; baseline 0.003 -20"><span class='ocrx_word' id='word_1_856' title='bbox 1356 3756 1477 3810; x_wconf 90' lang='lat' dir='ltr'><strong>hujus</strong></span> <span class='ocrx_word' id='word_1_857' title='bbox 1500 3758 1655 3810; x_wconf 89' lang='lat' dir='ltr'><strong>origine</strong></span> <span class='ocrx_word' id='word_1_858' title='bbox 1670 3758 1862 3813; x_wconf 86' lang='lat' dir='ltr'><strong>explicari</strong></span> <span class='ocrx_word' id='word_1_859' title='bbox 1880 3761 2023 3814; x_wconf 91' lang='lat' dir='ltr'><strong>possit,</strong></span> <span class='ocrx_word' id='word_1_860' title='bbox 2042 3762 2120 3801; x_wconf 88' lang='lat' dir='ltr'><strong>nisi</strong></span> <span class='ocrx_word' id='word_1_861' title='bbox 2143 3761 2326 3816; x_wconf 88' lang='lat' dir='ltr'><strong>sphalma</strong></span> <span class='ocrx_word' id='word_1_862' title='bbox 2344 3762 2497 3801; x_wconf 89' lang='lat' dir='ltr'><strong>librarii</strong></span> <span class='ocrx_word' id='word_1_863' title='bbox 2516 3775 2583 3800; x_wconf 91' lang='lat' dir='ltr'><strong>su-</strong></span> 
     </span>
     <span class='ocr_line' id='line_1_117' title="bbox 1356 3819 2578 3877; baseline 0.002 -19"><span class='ocrx_word' id='word_1_864' title='bbox 1356 3819 1815 3873; x_wconf 78' lang='lat' dir='ltr'><strong>bessemaveliS.ll—-14.</strong></span> <span class='ocrx_word' id='word_1_865' title='bbox 1837 3819 2165 3877; x_wconf 70' lang='grc' dir='ltr'>Ἰχθυοφάγων</span> <span class='ocrx_word' id='word_1_866' title='bbox 2185 3822 2410 3876; x_wconf 81' lang='grc' dir='ltr'>παροικού</span> <span class='ocrx_word' id='word_1_867' title='bbox 2425 3823 2578 3876; x_wconf 85' lang='grc' dir='ltr'>μενος]</span> 
     </span>
     <span class='ocr_line' id='line_1_118' title="bbox 1355 3881 2580 3938; baseline 0.004 -18"><span class='ocrx_word' id='word_1_868' title='bbox 1355 3882 1666 3936; x_wconf 81' lang='grc' dir='ltr'>παροικουμέναις</span> <span class='ocrx_word' id='word_1_869' title='bbox 1690 3881 1836 3924; x_wconf 86' lang='lat' dir='ltr'><strong>codex.</strong></span> <span class='ocrx_word' id='word_1_870' title='bbox 1856 3884 1991 3924; x_wconf 90' lang='lat' dir='ltr'><strong>Possis</strong></span> <span class='ocrx_word' id='word_1_871' title='bbox 2015 3886 2134 3925; x_wconf 88' lang='lat' dir='ltr'><strong>etiam</strong></span> <span class='ocrx_word' id='word_1_872' title='bbox 2154 3884 2232 3938; x_wconf 79' lang='grc' dir='ltr'>ἰχΟ.</span> <span class='ocrx_word' id='word_1_873' title='bbox 2255 3884 2328 3938; x_wconf 83' lang='grc' dir='ltr'>[ἐν]</span> <span class='ocrx_word' id='word_1_874' title='bbox 2347 3885 2491 3936; x_wconf 82' lang='grc' dir='ltr'>κώμαις</span> <span class='ocrx_word' id='word_1_875' title='bbox 2508 3898 2580 3924; x_wconf 87' lang='grc' dir='ltr'><strong>πα-</strong></span> 
     </span>
     <span class='ocr_line' id='line_1_119' title="bbox 1355 3944 2582 4001; baseline 0.002 -19"><span class='ocrx_word' id='word_1_876' title='bbox 1355 3945 1625 3998; x_wconf 82' lang='grc' dir='ltr'>ροικουμένων.</span> <span class='ocrx_word' id='word_1_877' title='bbox 1649 3944 1664 3998; x_wconf 78' lang='grc' dir='ltr'><strong>ΙΙ</strong></span> <span class='ocrx_word' id='word_1_878' title='bbox 1683 3968 1740 3976; x_wconf 90' lang='lat'><strong>-—</strong></span> <span class='ocrx_word' id='word_1_879' title='bbox 1761 3959 1825 3999; x_wconf 88' lang='lat'><strong>17.</strong></span> <span class='ocrx_word' id='word_1_880' title='bbox 1850 3944 2006 4001; x_wconf 85' lang='grc' dir='ltr'>Κανὴ]</span> <span class='ocrx_word' id='word_1_881' title='bbox 2029 3946 2091 3986; x_wconf 90' lang='lat' dir='ltr'><strong>Cf.</strong></span> <span class='ocrx_word' id='word_1_882' title='bbox 2110 3946 2263 3986; x_wconf 88' lang='lat' dir='ltr'><strong>Plinius</strong></span> <span class='ocrx_word' id='word_1_883' title='bbox 2276 3947 2350 3994; x_wconf 88' lang='lat' dir='ltr'><strong>VI,</strong></span> <span class='ocrx_word' id='word_1_884' title='bbox 2373 3946 2423 3984; x_wconf 81' lang='lat'><strong>23</strong></span> <span class='ocrx_word' id='word_1_885' title='bbox 2450 3957 2459 3984; x_wconf 91' lang='lat'>:</span> <span class='ocrx_word' id='word_1_886' title='bbox 2480 3947 2582 3985; x_wconf 81' lang='lat' dir='ltr'><strong>Cane</strong></span> 
     </span>
     <span class='ocr_line' id='line_1_120' title="bbox 1355 4006 2579 4061; baseline 0.002 -15"><span class='ocrx_word' id='word_1_887' title='bbox 1355 4006 1561 4060; x_wconf 67' lang='lat' dir='ltr'><strong>thurifera</strong></span> <span class='ocrx_word' id='word_1_888' title='bbox 1573 4006 1763 4058; x_wconf 75' lang='lat' dir='ltr'><strong>regionis,</strong></span> <span class='ocrx_word' id='word_1_889' title='bbox 1781 4016 1820 4048; x_wconf 92' lang='lat' dir='ltr'><strong>et</strong></span> <span class='ocrx_word' id='word_1_890' title='bbox 1835 4008 2075 4049; x_wconf 80' lang='lat' dir='ltr'><strong>Ptolemaeus</strong></span> <span class='ocrx_word' id='word_1_891' title='bbox 2090 4008 2115 4048; x_wconf 89' lang='lat' dir='ltr'><strong>l.</strong></span> <span class='ocrx_word' id='word_1_892' title='bbox 2136 4008 2149 4047; x_wconf 95' lang='lat' dir='ltr'><strong>l</strong></span> <span class='ocrx_word' id='word_1_893' title='bbox 2182 4008 2251 4061; x_wconf 89' lang='lat' dir='ltr'><strong>qui</strong></span> <span class='ocrx_word' id='word_1_894' title='bbox 2273 4006 2443 4060; x_wconf 72' lang='grc' dir='ltr'>Ἇραῦίαν</span> <span class='ocrx_word' id='word_1_895' title='bbox 2461 4007 2579 4061; x_wconf 81' lang='grc' dir='ltr'>ἐμπό-</span> 
     </span>
    </p>
   </div>
  </div>
 </body>
</html>
