2808 4342
115 156 184 216 (ιε,
204 160 274 218 1⁴.)

110 260 280 320 χυδαία,
294 260 363 305 καὶ
376 260 598 319 ἱματισμὸς
611 260 824 323 Ἀραὸικὸς
832 267 1083 328 χειριδωτὸς,
1094 267 1172 316 ὅτε
1186 272 1342 326 ἇπλοῖἱς

109 327 181 373 καὶ
216 331 238 373 ὁ
272 327 425 383 κοινὸς,
462 327 532 372 καὶ
566 330 839 384 σκοτουλάτος
875 334 945 380 καὶ
981 335 1230 400 διάχρυσος,
1270 342 1341 388 καὶ

110 395 254 457 κρόκος
274 396 344 442 καὶ
366 394 538 459 κύπερος
575 397 646 442 καὶ
669 398 821 446 ὃθόνιον
860 402 931 448 καὶ
953 404 1129 470 ἀδόλλαι
1159 409 1230 454 καὶ
1252 410 1336 456 λώ-

109 456 215 516 δικες
236 465 279 510 οὗ
300 463 474 521 πολλαὶ,
495 464 623 510 ἁπλοῖ
639 484 685 512 τε
704 467 776 513 καὶ
806 470 999 530 ἐντόπιοι,
1017 477 1142 528 ζῶναι
1163 478 1338 524 σκιωταὶ

13 578 17 586 ,
70 547 88 576 5
105 531 172 576 καὶ
197 530 323 592 μύρον
352 530 515 594 μέτριον
548 532 619 578 καὶ
641 537 786 596 χρῆμα
814 538 953 584 ἱκανὸν
982 535 1087 595 οἶνός
1116 563 1160 590 τε
1184 545 1255 591 καὶ
1275 547 1338 592 σῖ-

101 615 168 650 τος
187 600 231 644 οὐ
251 598 393 652 πολύς.
461 600 590 663 Φέρει
612 602 693 665 γὰρ
716 605 786 650 καὶ
813 609 838 662 ἡ
864 607 982 671 χώρα
1010 612 1136 675 πυρὸν
1163 614 1338 677 μετρίως

101 667 170 712 καὶ
203 661 306 714 οἶνον
337 669 524 718 πλείονα.
594 674 669 734 Τῷ
698 673 740 719 δὲ
774 678 938 737 βασιλεῖ
967 679 1039 725 καὶ
1067 683 1126 745 τῷ
1152 684 1336 747 τυράννῳ

102 735 279 782 δίδονται
294 737 413 785 ἵπποι
432 758 477 785 τε
500 739 571 786 καὶ
587 742 749 801 ἡμίονοι
782 749 957 809 νωτηγοὶ
981 749 1052 795 καὶ
1073 752 1333 814 χρυσώματα

99 805 170 850 καὶ
196 807 390 868 τορνευτὰ
427 810 711 873 ἀργυρώματα
746 814 816 860 καὶ
849 818 1070 880 ἱματισμὸς
1108 823 1335 881 πολυτελὴς

36 886 75 916 10
98 875 168 920 καὶ
184 877 556 940 χαλκουργήματα.
627 880 850 944 Ἐξάγεται
872 886 913 932 δὲ
946 888 986 942 ἐξ
1017 891 1142 947 αὐτῆς
1166 893 1331 940 ἐντόπιοι

99 941 191 1004 μὲν,
217 944 378 1007 σμύρνα
396 948 566 1004 ἐκλεκτὴ
583 950 653 995 καὶ
668 953 825 1009 στακτὴ
837 954 860 978 *
878 956 1162 1021 ἀδειρμιναία,
1189 961 1332 1023 λύγδος

94 1011 164 1056 καὶ
198 1011 250 1058 τὰ
286 1014 366 1060 ἀπὸ
398 1019 470 1073 τ’ῆς
508 1016 638 1081 πέραν
678 1020 837 1068 Ἀδουλὶ
874 1028 1150 1089 προειρημένα
1182 1033 1328 1094 φορτία

93 1079 245 1127 πάντα.
315 1086 492 1131 Πλεῒται
528 1087 570 1132 δὲ
603 1090 658 1140 εἰς
679 1090 805 1146 αὐτὴν
827 1095 1024 1158 εὐκαίρως
1046 1098 1139 1160 περὶ
1163 1099 1230 1145 τὸν
1255 1104 1330 1148 Σε·

96 1148 324 1214 πτέμὸριον
365 1157 501 1213 μ’ἧνα,
535 1156 577 1210 ὅς
601 1159 686 1203 ἐστι
710 1160 831 1206 Θώθ·
864 1164 976 1209 οὐδὲν
1010 1165 1052 1210 δὲ
1081 1167 1230 1214 κωλύει
1249 1170 1325 1217 κᾶν

29 1224 71 1255 15
94 1216 254 1279 τάχιον.
667 1269 672 1274 .

154 1303 212 1335 25.
244 1288 367 1335 Μετὰ
403 1290 446 1336 δὲ
481 1292 635 1350 ταύτην
667 1297 765 1342 ὡσεὶ
797 1301 1051 1360 τριακοσίους
1083 1309 1325 1369 παραπλεύ-

90 1372 234 1409 σαντες
258 1358 469 1419 σταδίους,
494 1360 576 1418 ἤδη
609 1367 908 1427 συνερχομένης
941 1389 984 1416 τε
1011 1376 1083 1429 τῆς
1105 1374 1325 1437 Ἀραὸικῆς

87 1425 259 1487 ἠπείρου
282 1427 353 1472 καὶ
379 1431 452 1484 τῆς
477 1430 607 1491 πέραν
634 1433 743 1479 κατὰ
765 1435 832 1481 τὸν
857 1440 1068 1498 Αὖαλίτην
1105 1445 1323 1508 Βαρὸαρι-

88 1495 163 1548 κῆς
184 1494 350 1556 χώρας,
371 1495 506 1542 αὐλών
526 1500 633 1545 ἔστιν
658 1504 702 1547 οὗ
728 1506 906 1568 μακρὸς,
932 1512 952 1553 ὁ
972 1511 1157 1572 συνάγων
1178 1516 1247 1560 καὶ
1268 1518 1322 1569 εἷς

25 1568 68 1600 20
86 1561 224 1608 στενὸν
258 1565 489 1611 ἀποκλείων
527 1567 574 1612 τὸ
611 1570 812 1632 πέλαγος,
843 1569 888 1620 οῧ
914 1577 984 1623 τὸν
1015 1581 1168 1639 μεταξὺ
1195 1585 1319 1646 πόρον

86 1628 281 1686 ἑξήκοντα
304 1633 481 1680 σταδίων
497 1638 723 1695 μεσολαὸεἱ
743 1645 903 1699 νῆσοςὴ
923 1648 1146 1711 Διοδώρου·
1170 1652 1230 1697 διὸ
1246 1654 1318 1699 καὶ

86 1699 266 1761 ῥοώδης,
288 1704 620 1765 καταπνεόμενος
641 1707 724 1754 ἀπὸ
746 1712 827 1755 τῶν
855 1717 1171 1776 παρακειμένων
1193 1723 1316 1784 ὀρῶν,

83 1768 191 1813 ἐστὶν
217 1773 238 1814 ὃ
261 1774 351 1816 κατ’
377 1772 504 1829 αὐτὴν
531 1776 738 1830 διάπλους.
775 1781 897 1827 Κατὰ
919 1788 1060 1831 τοῦτον
1080 1787 1148 1833 τὸν
1174 1791 1316 1851 ἰσθμὸν

82 1839 419 1899 παραθαλάσσιός
438 1844 548 1889 ἐστιν
570 1844 752 1908 Ἀράὸων
771 1849 894 1911 κώμη
922 1856 994 1910 τῆς
1018 1857 1145 1914 αὐτῆς
1165 1879 1313 1921 τυραν-

88 1965 1478 2001 RK

132 2040 153 2089 S
170 2043 238 2089 24,
261 2040 289 2080 l.
310 2054 352 2084 2.
376 2058 431 2083 σκ
444 2059 495 2085 οτ
507 2060 556 2085 ου
569 2046 626 2086 λά
638 2063 689 2088 το
702 2051 733 2104 ς]
756 2052 829 2092 Est
839 2056 1052 2097 scutulata
1063 2060 1192 2101 vestis
1209 2064 1316 2103 Lati-

75 2112 240 2141 norum.
262 2098 329 2143 Cf.
352 2106 474 2146 Joan.
497 2107 605 2162 Lyd.
622 2111 686 2150 De
708 2114 891 2167 magistr.
908 2118 944 2167 1,
973 2132 1075 2174 1op.
1096 2125 1148 2170 24
1170 2136 1179 2163 :
1203 2139 1315 2165 σκου-

75 2160 199 2203 τλᾶτα
217 2162 265 2204 τὰ
295 2164 410 2220 ἰσχνά
430 2182 472 2208 τε
498 2170 563 2210 καὶ
582 2172 723 2227 στεγνὰ
753 2176 818 2216 καὶ
839 2180 961 2233 κοῦφα
983 2185 1059 2221 τῶν
1086 2182 1312 2239 ἐσθημάτων

75 2223 257 2266 καλοῦσιν
271 2226 308 2266 οἱ
330 2225 535 2283 Ῥωμαῖοι.
554 2232 651 2272 Vox
660 2234 893 2285 σκούτλωσις
904 2253 928 2279 a
941 2242 1157 2297 Dueangio
1169 2260 1221 2286 ex
1235 2249 1314 2289 He-

72 2299 174 2327 rone
189 2288 352 2330 citatur.
377 2290 392 2343 ΙΙ
411 2314 468 2322 —
490 2292 530 2332 3.
553 2293 784 2352 κύπερος],
804 2301 917 2353 quod
937 2317 1022 2344 non
1045 2314 1105 2346 est
1123 2307 1166 2347 in
1187 2309 1313 2351 κύπει-

72 2361 135 2400 ρος
167 2349 430 2404 mutandum,
465 2367 596 2407 quum
635 2357 793 2413 κύπερος
815 2362 926 2416 apud
947 2364 1118 2408 seriores
1145 2370 1310 2414 Graecos

70 2422 151 2449 usu
176 2412 320 2454 tritum
353 2414 419 2454 sit.
454 2415 528 2456 Est
554 2418 709 2471 juncus
741 2421 950 2475 odoratas,
981 2426 1034 2468 de
1064 2444 1148 2484 quo
1181 2434 1310 2476 multa

69 2469 287 2513 Salmasius
306 2473 350 2514 in
369 2474 475 2517 Plin.
500 2478 647 2520 Exere.
673 2495 716 2536 p.
736 2484 815 2536 703
840 2499 903 2540 sq.
925 2495 965 2528 et
985 2489 1029 2530 in
1050 2491 1304 2550 Homonym.

68 2531 342 2587 hylesiatricae
357 2550 400 2591 p.
421 2539 517 2591 703.
534 2541 589 2581 V.
607 2542 714 2585 Plin.
727 2545 1071 2604 XX1,.18.1}—3.
1084 2553 1302 2614 λώδικες]

66 2594 128 2635 Ea
163 2596 274 2636 vocis
306 2596 441 2640 forma
473 2615 525 2641 an
554 2603 720 2646 aliunde
747 2617 846 2650 nota
869 2612 936 2663 sit,
966 2627 1121 2668 quaero.
1148 2619 1305 2662 Vocem

65 2654 247 2699 λωδίκιον
270 2659 418 2701 eodem
441 2676 564 2704 sensu
598 2667 836 2723 Ducangius
869 2674 967 2714 citat
989 2690 1039 2716 ex
1070 2679 1304 2734 Epiphanio

64 2718 209 2761 Contr.
247 2721 508 2776 Meletianos,
537 2727 609 2768 ubi
643 2743 652 2770 :
686 2731 837 2786 ἱμάτιον
876 2734 1098 2791 ἐκπετάσας,
1133 2746 1304 2787 τουτέστι

64 2779 245 2824 λωδίκιον
269 2781 344 2825 εἷ’τε
363 2781 431 2827 οὖν
450 2787 723 2846 πάλλιον.ΙΙ-
737 2797 778 2843 4.
802 2800 1021 2856 σκιωταὶ]
1039 2817 1150 2844 zonae
1168 2807 1302 2849 variis

63 2843 268 2886 coloribus
283 2846 555 2892 adumbratae.
574 2853 755 2898 Aliunde
776 2873 861 2900 non
884 2869 983 2903 nota
1003 2877 1097 2905 vox.
1120 2866 1302 2911 Σκιαστοὶ

62 2918 110 2946 ea
124 2907 421 2962 significatione
435 2912 583 2967 legitur
596 2917 640 2957 in
661 2920 827 2962 Zosimo
842 2925 1013 2980 Panopl.
1037 2941 1114 2969 ms.
1121 2960 1132 2979 ,
1151 2931 1301 2974 citante

60 2969 277 3025 Ducangio
299 2987 340 3014 v.
365 2976 592 3032 σκιάστριαι.
617 2979 735 3022 Idem
751 2983 847 3026 fort.
873 3001 916 3028 n.
941 2987 970 3029 1.
994 2993 1296 3045 reponendum.

66 3030 191 3083 11-8.
206 3033 260 3076 ἵπ
270 3051 326 3076 πο
338 3051 402 3078 ιτε
423 3039 506 3079 καὶ
527 3039 591 3096 ἣμ
603 3041 747 3100 ίονοι]
763 3046 937 3090 Carebat
950 3050 998 3090 iis
1010 3052 1162 3095 Arabia
1175 3059 1298 3100 meri-

61 3090 250 3147 dionalis,
271 3105 318 3138 ut
337 3113 387 3140 ex
407 3101 681 3146 Eratosthene
697 3107 824 3149 tradit
841 3110 989 3153 Strabo
1000 3114 1118 3166 XVI,
1136 3131 1179 3171 p.
1198 3123 1295 3172 768.

65 3153 82 3206 ll
105 3178 159 3186 —
181 3170 246 3199 11.
272 3161 456 3214 στακτὴ
474 3164 490 3218 ]
513 3167 576 3207 De
594 3169 764 3223 myrrha
786 3171 931 3215 stillata
956 3175 1041 3216 sive
1062 3176 1114 3218 de
1137 3178 1296 3234 liquore

60 3214 235 3270 oleaeeo,
253 3223 323 3275 qui
343 3237 395 3265 ex
407 3225 536 3269 incisa
549 3230 719 3285 myrrha
733 3233 881 3276 arbore
895 3234 1085 3290 destillat,
1104 3255 1143 3282 v,
1158 3243 1294 3285 Theo-

59 3277 215 3331 phrast.
234 3284 296 3324 De
311 3285 430 3329 odor.
448 3303 486 3331 c.
504 3303 573 3345 29,
591 3294 698 3335 Hist.
720 3296 782 3338 Pl.
800 3299 877 3350 IX,
896 3302 921 3349 4
932 3315 944 3351 ;
959 3302 1149 3346 Dioscor.
1169 3307 1204 3356 Ι,
1218 3311 1292 3361 74;

58 3339 252 3395 Polybius
280 3346 398 3399 ΧΙΠ,
424 3366 466 3404 9,
500 3352 547 3403 ὅς
577 3356 730 3398 Athen.
764 3361 820 3411 V,
854 3375 899 3416 p.
938 3366 1033 3418 194,
1054 3367 1108 3417 Β;
1132 3367 1295 3411 Solinus

60 3414 97 3440 c.
121 3403 196 3453 333
219 3407 342 3450 Ovid.
366 3412 468 3454 Met.
491 3416 569 3466 IX,
590 3419 689 3471 499,
710 3429 751 3461 et
771 3436 796 3462 a
815 3423 1104 3480 Theophrasto
1131 3433 1293 3473 ceteris-

59 3476 139 3515 que
174 3464 416 3513 dissentiens
445 3475 602 3519 Plinius
634 3481 732 3532 XII,
774 3483 840 3525 15.
885 3486 1104 3530 Salmasius
1140 3493 1289 3536 Exere.

56 3524 118 3564 Pl.
154 3540 196 3580 p.
223 3528 319 3583 367.
349 3533 444 3586 11-
470 3535 829 3600 ἀδειρμιναία]
856 3547 954 3588 Haec
983 3563 1063 3591 vox
1091 3553 1290 3609 non'jun-

56 3587 189 3640 genda
212 3604 306 3632 cum
331 3595 490 3648 στακτὴ,
524 3600 597 3642 sed
617 3602 730 3644 aliud
761 3608 940 3662 myrrhae
968 3624 1095 3664 genus
1117 3615 1287 3670 indicat,

56 3656 101 3688 ut
129 3650 290 3706 colligas
310 3668 333 3694 e
352 3657 595 3702 Dioscoride
611 3666 647 3714 I,
679 3679 728 3720 17
748 3680 758 3708 :
777 3668 842 3709 καὶ
869 3669 1024 3725 λέγεται
1053 3674 1167 3729 αὖτῆς
1195 3681 1212 3732 (
1227 3695 1283 3723 sc.

55 3713 121 3761 τῆς
148 3714 312 3768 σμύρνης
330 3719 347 3770 )
367 3717 390 3769 ἣ
420 3721 485 3774 μέν
506 3737 561 3771 τις
578 3726 800 3783 πεδιάσιμος
818 3730 981 3787 λιπαρὰ,
1003 3730 1047 3787 ἧς
1064 3741 1290 3796 πιεζομένης

53 3770 76 3823 ἢ
109 3789 132 3812 σ
144 3789 164 3815 τ
177 3791 200 3815 α
212 3776 297 3829 κτὴ
316 3778 570 3836 λαμὸάνεται,
591 3785 615 3838 ἣ
636 3789 676 3830 δέ
691 3805 746 3838 τις
759 3791 940 3849 Γαὸιρα
954 3796 996 3837 ία
1019 3798 1280 3859 λιπαρωτάτη.

52 3835 167 3877 Patet
198 3839 372 3883 eandem
394 3843 569 3888 indicari
591 3863 635 3890 n.
660 3850 689 3891 l.
716 3866 814 3894 voce
838 3854 958 3912 ἀδειρ,
989 3863 1103 3915 quod
1122 3864 1284 3910 videtur

52 3900 343 3953 corrigendum
366 3906 407 3946 in
426 3908 560 3964 γα6ειρ
585 3911 599 3967 (
620 3913 728 3955 wadi
742 3918 874 3959 Gabir
886 3924 1066 3965 occurrit
1087 3926 1129 3967 in
1152 3930 1282 3973 Oman

51 3961 229 4013 regione.
255 3966 311 4006 V.
330 3968 460 4010 Ritter
478 3972 575 4023 XII,
601 3987 642 4028 p.
672 3975 796 4033 560),
816 3979 931 4036 cujus
960 3987 1140 4028 nominis
1168 3990 1282 4034 locus

874 165 1195 216 ·PERIPLUS
1234 173 1425 221 MARIS
1462 179 1819 232 ERYTHRAEI.

2555 222 2640 262 27ᾱῖ

1413 283 1691 340 importantur
1703 305 1891 347 purpura
1910 302 2000 335 tum
2019 299 2237 351 pretiosior
2252 311 2340 345 tum
2358 309 2489 360 vilior,
2525 326 2642 359 vestes

1413 346 1600 391 Arabicae
1619 353 1847 404 manicatae,
1866 364 1907 396 et
1921 356 2125 412 simplices
2140 369 2180 401 et
2193 377 2432 410 communes
2451 381 2490 412 et
2506 387 2645 419 scutum

1411 405 1500 447 latae
1528 418 1569 451 et
1597 426 1701 453 auro
1719 424 1928 469 pertextae‚
1962 432 2089 472 porro
2115 435 2276 474 crocus,
2309 441 2496 483 cyperus,
2526 438 2644 480 otho-

1410 469 1528 511 nium
1542 503 1553 522 ,
1589 474 1731 516 abollae
1745 507 1757 527 ,
1788 477 1943 520 lodices
1972 480 2087 522 haud
2121 485 2260 526 multae
2277 519 2288 538 ‚
2324 498 2411 531 tum
2445 497 2646 552 simplices

1410 537 1500 571 tum
1515 533 1567 573 ad
1586 549 1746 578 morem
1771 539 1881 580 illius
1896 541 1974 582 loci
1992 542 2122 594 factae,
2142 561 2254 589 zonae
2282 552 2531 607 umbratiles,
2569 576 2645 603 un-

1408 600 1548 648 guenti
1575 603 1693 656 copia
1712 603 1948 657 mediocris,
1975 612 2160 663 pecuniae
2182 615 2276 655 satis
2303 631 2464 671 magna,
2493 624 2577 664 vini
2605 637 2645 668 et

1410 655 1608 702 frumenti
1637 663 1752 705 haud
1776 667 1981 720 multum;
2012 672 2099 726 ipsa
2129 677 2239 716 enim
2262 681 2376 733 regio
2392 683 2641 730 mediocrem

1407 725 1532 766 tritici
1565 736 1605 769 et
1629 730 1828 784 majorem
1855 735 1939 775 vini
1972 735 2049 778 fert
2080 742 2254 794 copiam.
2316 747 2414 801 Regi
2445 759 2582 794 autem
2604 764 2644 797 et

1406 798 1583 845 tyranno
1606 793 1760 838 dantur
1792 801 1888 853 equi
1907 831 1919 850 ,
1952 803 2054 843 muli
2085 805 2279 849 clitellarii
2298 841 2308 860 ,
2331 826 2425 853 vasa
2447 830 2571 858 aurea
2602 828 2644 861 et

1404 868 1594 911 argentea
1613 862 1763 914 caelata,
1790 874 1918 907 vestes
1946 871 2157 922 pretiosae,
2193 876 2372 930 supellex
2395 893 2519 923 aenea.
2556 886 2639 926 Ex-

1402 924 1623 978 portantur
1651 929 1748 969 inde
1776 945 1868 985 quae
1887 932 1944 973 ibi
1977 947 2203 979 nascuntur
2225 943 2390 996 myrrha
2423 948 2572 991 eximia
2598 961 2638 993 et

1402 990 1562 1041 stillata,
1584 1003 1623 1034 et
1642 996 1835 1038 Gabiraea
1857 1008 1896 1038 et
1914 1001 2083 1052 Minoea,
2107 1019 2231 1060 porro
2251 1009 2394 1063 lygdus
2414 1022 2454 1055 et
2472 1030 2563 1070 quae
2585 1033 2636 1061 ex

1402 1055 1528 1097 Aduli
1555 1059 1599 1098 in
1626 1061 1899 1105 transfretana
1934 1065 2124 1110 feruntur
2157 1087 2311 1116 merces
2337 1092 2459 1133 supra
2483 1096 2637 1126 memo-

1399 1131 1497 1164 ratae
1536 1139 1694 1168 omnes.
1754 1130 1980 1185 Navigatur
2013 1136 2056 1176 in
2093 1139 2257 1181 Muzam
2283 1150 2635 1199 opportunissimo

1397 1196 1583 1245 tempore
1598 1194 1707 1235 circa
1730 1209 1915 1238 mensem
1935 1200 2215 1256 Septembrem
2237 1209 2320 1249 sive
2348 1212 2509 1267 Thoth;
2531 1218 2635 1259 nihil

1398 1262 1537 1297 tamen
1558 1258 1693 1301 obstat
1711 1263 1815 1316 quin
1834 1265 1955 1306 citius
1973 1268 2111 1310 etiam.

1453 1324 1520 1367 25.
1550 1325 1659 1366 Hinc
1682 1328 1714 1367 si
1738 1342 1812 1383 per
1830 1338 2013 1374 trecenta
2027 1333 2112 1376 fere
2140 1338 2269 1380 stadia
2284 1354 2399 1383 oram
2414 1355 2632 1399 praeterna·

1377 1442 1379 1444 Ι
1395 1388 1609 1442 vigaveris,
1630 1404 1806 1437 coeunte
1815 1396 1902 1452 jam
1917 1401 2093 1443 Arabica
2112 1407 2347 1450 continente
2363 1425 2459 1452 cum
2474 1414 2632 1469 objecta

1393 1455 1446 1496 ad
1469 1459 1661 1501 Aualiten
1678 1463 1816 1504 sinum
1833 1468 2001 1521 regione
2017 1471 2249 1526 Barbarica‚
2270 1475 2421 1519 fretum
2436 1489 2495 1522 est
2520 1481 2632 1524 haud

1395 1524 1451 1564 ita
1481 1525 1652 1581 longum
1677 1531 1926 1588 pelagusque
1945 1536 1989 1576 in
2008 1548 2168 1581 arctum
2186 1557 2402 1597 coercens,
2434 1548 2550 1603 cujus
2568 1551 2627 1591 in-

1392 1595 1641 1639 termedium
1658 1601 1892 1655 transitum,
1910 1607 2117 1660 sexaginta
2132 1609 2248 1651 illum
2262 1613 2507 1667 stadiorum,
2527 1620 2627 1660 Dio·

1392 1662 1484 1703 dori
1515 1666 1644 1708 insula
1675 1670 1896 1727 intercipit.
1971 1675 2094 1716 Unde
2125 1677 2171 1718 fit
2213 1689 2259 1720 ut
2292 1681 2508 1725 fluxuosus
2550 1687 2621 1737 sit,

1389 1731 1585 1783 perflatus
1601 1736 1753 1778 scilicet
1773 1753 1822 1779 ex
1840 1739 2040 1795 adjacenti
2053 1746 2258 1787 montium
2268 1747 2387 1802 jugo,
2402 1750 2520 1805 juxta
2535 1769 2625 1796 eam

1390 1797 1599 1852 trajectus,
1618 1803 1684 1843 Ad
1705 1805 1779 1846 has
1798 1807 1925 1861 igitur
1954 1813 2160 1864 angustias
2183 1816 2415 1858 maritimus
2444 1829 2504 1861 est
2522 1829 2624 1863 Ara-

1388 1865 1490 1907 bum
1507 1870 1622 1910 vicus
1636 1871 1822 1925 ejusdem
1842 1878 2085 1930 tyrannidis,
2104 1882 2252 1932 Ocelis,
2274 1898 2359 1925 non
2377 1895 2460 1928 tam
2483 1903 2623 1945 empo-

1386 2067 1430 2107 in
1461 2070 1739 2112 Minnaeorum
1780 2077 1946 2129 regione
1983 2078 2119 2130 suerit,
2167 2083 2198 2121 si
2235 2093 2344 2124 reete
2380 2087 2501 2128 habet
2544 2105 2621 2131 vox

1386 2127 1640 2185 ἃὸειρμιναία.
1675 2136 1875 2178 Dubitare
1898 2141 2009 2180 enim
2042 2142 2155 2192 licet,
2182 2158 2234 2184 an
2270 2160 2355 2187 non
2378 2148 2461 2189 duo
2485 2154 2619 2205 potius

1385 2205 1533 2244 genera
1552 2195 1735 2250 Γαὸιραία
1761 2207 1800 2238 et
1822 2200 1968 2240 Μιναία
1987 2203 2091 2243 male
2110 2205 2152 2243 in
2172 2219 2303 2247 unum
2322 2210 2403 2249 sint
2421 2214 2615 2264 conflata3

1382 2266 1478 2292 nam
1492 2255 1638 2310 σμύρνα
1657 2258 1802 2298 Μιναία
1821 2259 2088 2316 distinguitur
2110 2280 2176 2319 ap.
2203 2268 2487 2311 Dioscoridem
2507 2275 2523 2325 (
2545 2275 2615 2315 ubi

1381 2315 1502 2369 vulgo
1527 2316 1675 2372 Ἀμινέα
1704 2329 1977 2377 perperam),
2003 2337 2256 2369 memoratur
2278 2345 2376 2371 vero
2402 2335 2523 2374 etiam
2546 2346 2611 2390 ap.

1379 2376 1621 2431 Hippocrat.
1665 2395 1707 2435 p.
1743 2384 1838 2432 631,
1870 2389 1920 2425 66
1955 2386 2055 2440 (ubi
2086 2389 2247 2442 ἄκρητος
2280 2393 2426 2446 σμύρνα
2447 2395 2498 2435 ab
2523 2396 2614 2439 loco

1379 2438 1540 2479 Arabiae
1573 2441 1719 2482 Μιναία
1754 2447 1892 2486 vocari
1922 2446 2110 2505 dicitur)
2142 2459 2181 2490 et
2210 2453 2354 2494 Galen.
2393 2456 2490 2497 κατὰ
2523 2474 2608 2501 τοπ.

1376 2512 1419 2553 p.
1446 2502 1541 2551 232,
1569 2506 1622 2543 26
1642 2504 1708 2545 ed.
1731 2507 1822 2546 Bas.
1849 2508 2030 2550 Salmasii
2048 2511 2323 2566 conjecturam
2342 2531 2419 2571 pro
2442 2518 2610 2584 316&an

1378 2561 1463 2602 ναία
1480 2563 1556 2617 leg.
1575 2579 1660 2606 esse
1672 2569 1875 2622 σμυρναία,
1893 2573 2138 2626 respuimus.
2150 2575 2164 2628 ΙΙ
2177 2599 2234 2606 -
2248 2590 2313 2618 11.
2331 2578 2480 2634 λύγδο
2494 2584 2530 2637 ς]
2549 2585 2611 2625 De

1374 2637 1474 2665 voce
1502 2625 1556 2667 cf.
1578 2627 1722 2669 Suidas
1747 2644 1785 2671 v.
1811 2630 2005 2687 λύγδινος,
2041 2637 2219 2691 Hesych.
2241 2653 2275 2679 s,
2300 2654 2340 2680 ν.
2371 2649 2412 2682 et
2432 2644 2606 2687 Diodor.

1372 2687 1428 2737 H,
1453 2686 1504 2728 52
1523 2689 1595 2729 ubi
1616 2703 1625 2731 :
1644 2691 1774 2747 διόπερ
1799 2693 1884 2735 οὕτε
1903 2694 1926 2746 ἣ
1947 2696 2071 2752 Παρία
2090 2698 2232 2753 λύγδος
2244 2700 2322 2742 οὔτ’
2340 2701 2442 2755 ἄλλη
2465 2706 2608 2761 θαυμα·

1372 2750 1513 2803 ζομένη
1533 2753 1649 2807 πέτρα
1679 2756 1761 2802 τοῖς
1781 2754 1963 2811 Ἀραδίοις
1981 2758 2102 2808 λίθοις
2122 2759 2346 2815 ἐξισωθῆναι
2369 2765 2537 2809 δύναται.
2557 2771 2607 2810 Ni

1371 2809 1502 2863 fallor,
1528 2814 1744 2868 legendum
1765 2827 1895 2860 est....
1919 2819 1943 2872 ᾗ
1966 2821 2091 2876 Παρία
2109 2823 2135 2862 λ
2148 2824 2217 2865 ίθο
2231 2842 2247 2873 ς
2272 2826 2348 2882 (uti
2368 2837 2428 2869 est
2447 2830 2491 2870 in
2506 2830 2608 2873 duo·

1371 2873 1447 2914 bus
1470 2875 1593 2918 codd.
1606 2878 1675 2933 )...
1693 2882 1775 2927 τοῖς
1803 2879 1986 2936 Ἀραδίοις
2001 2884 2026 2923 λ
2040 2885 2096 2940 ύγ
2110 2887 2130 2925 δ
2144 2902 2164 2926 ο
2176 2902 2237 2935 ις.
2258 2890 2320 2930 De
2335 2891 2512 2933 Arabico
2530 2894 2608 2935 hoc

1371 2940 1589 2979 marmoris
1627 2942 1643 2994 (
1667 2942 1730 2982 vel
1759 2943 1948 2985 alabastri
1985 2948 2001 3000 )
2038 2961 2187 3001 genere
2219 2950 2375 2992 Plinius
2405 2954 2603 3005 XXXVI,

1370 3012 1406 3038 e.
1433 3001 1457 3040 8
1498 3013 1507 3040 :
1536 3002 1740 3055 Lygdinos
1778 3004 1820 3046 in
1862 3009 1998 3048 Tauro
2030 3021 2207 3066 repertos
2228 3013 2501 3068 amplitudine
2525 3032 2606 3071 qua

1371 3059 1503 3102 lances
1521 3073 1779 3122 craterasque
1796 3083 1875 3108 non
1891 3070 2102 3120 excedant,
2125 3082 2247 3113 antea
2267 3088 2318 3114 ex
2332 3077 2495 3117 Arabia
2511 3087 2603 3119 tcm-

1370 3131 1456 3164 tum
1470 3125 1636 3167 «advehi
1663 3129 1821 3178 solitos,
1855 3131 2046 3173 candoris
2080 3133 2238 3175 eximii.
2279 3135 2342 3176 Cf.
2388 3138 2598 3182 Salmasius

1366 3186 1537 3229 Exercc.
1558 3189 1663 3230 Plin.
1685 3205 1727 3246 p.
1751 3192 1846 3245 394.
1871 3194 1885 3247 ΙΙ
1905 3218 1962 3225 —-
1979 3189 2110 3243 1453
2137 3195 2259 3251 ἐστι]
2286 3198 2415 3252 Supra
2432 3199 2599 3254 legimus

1367 3248 1388 3287 ὅ
1413 3247 1514 3300 ἐστι;
1533 3260 1755 3307 utrumque
1780 3254 1887 3296 licet.

1420 3314 1442 3363 S
1467 3316 1541 3363 25,
1570 3314 1596 3354 l.
1627 3318 1691 3355 16.
1720 3316 1831 3356 ὡσεὶ
1855 3319 2198 3375 τριακοσίους]
2227 3322 2324 3362 Haec
2343 3325 2550 3377 pertinent
2574 3343 2597 3368 a

1362 3376 1490 3414 Musa
1511 3389 1640 3429 usque
1659 3376 1711 3417 ad
1740 3379 1894 3419 Molsha
1916 3388 1955 3420 et
1976 3381 2113 3434 paullo
2131 3382 2260 3433 ultra,
2287 3385 2371 3425 sive
2393 3400 2523 3441 usque
2542 3390 2593 3430 ad

1362 3437 1584 3478 terminum
1607 3439 1719 3479 sinus
1756 3441 1799 3480 in
1831 3455 1915 3495 quo
1936 3444 2063 3483 Musa
2084 3442 2215 3498 jacet,
2242 3454 2282 3486 et
2314 3456 2407 3501 post
2440 3463 2588 3502 quem,

1361 3507 1566 3540 coarctato
1581 3498 1667 3554 jam
1700 3502 1827 3552 mari,
1861 3502 1956 3543 litus
1985 3504 2211 3546 Arabicum
2239 3509 2349 3548 recta
2382 3509 2432 3549 ad
2458 3510 2591 3554 fauces

1353 3573 1489 3614 ¹’usque
1504 3561 1753 3609 extenditur.
1785 3563 1800 3616 Ι]
1824 3586 1880 3594 -
1901 3579 1928 3605 π
1940 3579 1964 3604 α
1977 3580 1996 3620 ρ
2010 3581 2033 3605 α
2044 3582 2072 3607 π
2082 3566 2108 3606 λ
2120 3582 2136 3607 ε
2149 3567 2170 3607 ύ
2184 3583 2207 3607 σ
2217 3583 2241 3608 α
2253 3583 2272 3609 ν
2285 3584 2307 3610 τ
2317 3585 2333 3609 ε
2347 3571 2391 3625 ς]
2418 3573 2498 3613 Pro
2521 3589 2593 3614 no-

1358 3623 1555 3664 minativo
1579 3623 1764 3665 absoluto
1794 3626 1933 3667 malim
1953 3641 2004 3668 ex
2037 3642 2116 3669 usu
2136 3631 2346 3685 scriptoris
2376 3633 2591 3687 παραπλευ-

1357 3684 1505 3725 σάντων
1529 3685 1588 3725 vel
1609 3686 1931 3740 παραπλεύσαντι.
1961 3690 1975 3743 ΙΙ
1997 3713 2053 3720 -
2076 3703 2145 3732 21.
2183 3691 2304 3744 ἐξήκ
2318 3708 2438 3733 οντα
2473 3710 2588 3734 στα-

1356 3745 1507 3801 δίων]
1540 3746 1713 3787 Diodori
1758 3749 1889 3790 insula
1925 3750 2003 3804 (h.
2044 3752 2183 3794 Pet-im
2198 3752 2232 3809 )‚
2274 3768 2397 3808 quam
2432 3755 2586 3795 Plinius

1354 3821 1518 3862 quoque
1531 3840 1542 3859 ,
1564 3809 1806 3851 Ptolemaeus
1820 3843 1832 3861 ,
1857 3813 2155 3867 Agathemerus
2174 3824 2214 3856 et
2232 3817 2382 3870 Geogr.
2402 3819 2582 3858 Ravenn.

1354 3879 1607 3921 memorant,
1631 3872 1684 3912 ab
1706 3873 1882 3915 Arabica
1911 3890 1983 3917 ora
2003 3879 2057 3926 4ο
2086 3876 2171 3918 sere
2193 3877 2333 3918 stadiis
2362 3877 2506 3927 distat,
2532 3879 2583 3919 ab

1353 3933 1542 3988 opposito
1577 3934 1620 3974 in
1657 3934 1788 3990 Libya
1823 3940 1907 3978 Bas
1930 3938 2006 3979 Bit·
2027 3938 2168 3981 stadiis
2201 3953 2278 3980 100
2300 3938 2315 3994 (
2326 3953 2406 3979 sec.
2441 3953 2577 3995 mapp.

1352 3995 1529 4036 Moresb.
1545 3995 1805 4052 ).‚Sexaginta
1817 3999 1945 4041 stadia
1961 4014 2053 4041 cum
2071 4002 2221 4042 Nostro
2235 4000 2419 4055 produnt
2433 4002 2582 4043 Strabo

2354 4080 2404 4109 15.
