<?xml version="1.0" encoding="UTF-8"?>
<!DOCTYPE html PUBLIC "-//W3C//DTD XHTML 1.0 Transitional//EN"
    "http://www.w3.org/TR/xhtml1/DTD/xhtml1-transitional.dtd">
<html xmlns="http://www.w3.org/1999/xhtml" xml:lang="en" lang="en">
 <head>
  <title>
</title>
<meta http-equiv="Content-Type" content="text/html;charset=utf-8" />
  <meta name='ocr-system' content='tesseract 3.04.00' />
  <meta name='ocr-capabilities' content='ocr_page ocr_carea ocr_par ocr_line ocrx_word'/>
</head>
<body>
  <div class='ocr_page' id='page_1' title='image "./geographigraeci00mueluoft_0614.png"; bbox 0 0 2808 4342; ppageno 0'>
   <div class='ocr_carea' id='block_1_1' title="bbox 172 46 1402 432">
    <p class='ocr_par' dir='ltr' id='par_1_1' title="bbox 172 46 1402 432">
     <span class='ocr_line' id='line_1_1' title="bbox 494 46 539 98; baseline 0 0"><span class='ocrx_word' id='word_1_1' title='bbox 494 46 539 98; x_wconf 66' lang='grc' dir='ltr'>Ο</span> 
     </span>
     <span class='ocr_line' id='line_1_2' title="bbox 708 132 749 173; baseline 0 0"><span class='ocrx_word' id='word_1_2' title='bbox 708 132 749 173; x_wconf 65' lang='lat' dir='ltr'>O</span> 
     </span>
     <span class='ocr_line' id='line_1_3' title="bbox 173 209 349 250; baseline -0.011 0"><span class='ocrx_word' id='word_1_3' title='bbox 173 209 265 250; x_wconf 76' lang='grc'>456</span> <span class='ocrx_word' id='word_1_4' title='bbox 347 236 349 238; x_wconf 97' lang='grc'>-</span> 
     </span>
     <span class='ocr_line' id='line_1_4' title="bbox 234 275 1402 357; baseline -0.015 -6"><span class='ocrx_word' id='word_1_5' title='bbox 234 318 291 350; x_wconf 75' lang='lat'>8³.</span> <span class='ocrx_word' id='word_1_6' title='bbox 325 300 426 348; x_wconf 79' lang='grc' dir='ltr'>Ἀπό</span> <span class='ocrx_word' id='word_1_7' title='bbox 463 299 501 344; x_wconf 83' lang='lat' dir='ltr'>&#39;A</span> <span class='ocrx_word' id='word_1_8' title='bbox 509 275 694 357; x_wconf 51' lang='grc' dir='ltr'>μᾞωνίου</span> <span class='ocrx_word' id='word_1_9' title='bbox 729 293 886 351; x_wconf 81' lang='grc' dir='ltr'>Πηγῶν</span> <span class='ocrx_word' id='word_1_10' title='bbox 906 292 963 342; x_wconf 76' lang='grc' dir='ltr'>εἷς</span> <span class='ocrx_word' id='word_1_11' title='bbox 993 289 1280 349; x_wconf 76' lang='grc' dir='ltr'>Αὗτομάλακα</span> <span class='ocrx_word' id='word_1_12' title='bbox 1301 289 1402 334; x_wconf 68' lang='lat' dir='ltr'>etd-</span> 
     </span>
     <span class='ocr_line' id='line_1_5' title="bbox 172 370 356 432; baseline -0.011 -14"><span class='ocrx_word' id='word_1_13' title='bbox 172 373 249 418; x_wconf 81' lang='grc' dir='ltr'>ὅιοι</span> <span class='ocrx_word' id='word_1_14' title='bbox 272 370 356 432; x_wconf 72' lang='grc' dir='ltr'>ρκ’.</span> 
     </span>
    </p>
   </div>
   <div class='ocr_carea' id='block_1_2' title="bbox 171 425 1403 567">
    <p class='ocr_par' dir='ltr' id='par_1_2' title="bbox 171 425 1403 567">
     <span class='ocr_line' id='line_1_6' title="bbox 232 425 1403 492; baseline -0.018 -8"><span class='ocrx_word' id='word_1_15' title='bbox 232 453 290 484; x_wconf 81' lang='lat' dir='ltr'>st.</span> <span class='ocrx_word' id='word_1_16' title='bbox 334 434 435 483; x_wconf 78' lang='grc' dir='ltr'>Ἀπὸ</span> <span class='ocrx_word' id='word_1_17' title='bbox 456 430 768 492; x_wconf 73' lang='grc' dir='ltr'>Αὖτομαλᾶκων</span> <span class='ocrx_word' id='word_1_18' title='bbox 792 426 860 473; x_wconf 71' lang='grc' dir='ltr'>ἐπὶ</span> <span class='ocrx_word' id='word_1_19' title='bbox 880 425 1097 474; x_wconf 76' lang='grc' dir='ltr'>Φιλαίνων</span> <span class='ocrx_word' id='word_1_20' title='bbox 1118 425 1283 487; x_wconf 78' lang='grc' dir='ltr'>βωμοὺς</span> <span class='ocrx_word' id='word_1_21' title='bbox 1302 426 1403 472; x_wconf 62' lang='lat' dir='ltr'>croi-</span> 
     </span>
     <span class='ocr_line' id='line_1_7' title="bbox 171 493 1400 567; baseline -0.014 -14"><span class='ocrx_word' id='word_1_22' title='bbox 171 509 248 553; x_wconf 84' lang='grc' dir='ltr'>διοι</span> <span class='ocrx_word' id='word_1_23' title='bbox 271 506 376 567; x_wconf 70' lang='grc' dir='ltr'>ρπί·</span> <span class='ocrx_word' id='word_1_24' title='bbox 410 502 534 565; x_wconf 78' lang='grc' dir='ltr'>ὅρμος</span> <span class='ocrx_word' id='word_1_25' title='bbox 560 500 647 545; x_wconf 77' lang='grc' dir='ltr'>ἐστὶ</span> <span class='ocrx_word' id='word_1_26' title='bbox 679 496 831 559; x_wconf 80' lang='grc' dir='ltr'>θερινὸς</span> <span class='ocrx_word' id='word_1_27' title='bbox 862 494 1013 551; x_wconf 85' lang='grc' dir='ltr'>καλὸς,</span> <span class='ocrx_word' id='word_1_28' title='bbox 1050 494 1123 541; x_wconf 81' lang='grc' dir='ltr'>καὶ</span> <span class='ocrx_word' id='word_1_29' title='bbox 1162 493 1273 558; x_wconf 78' lang='grc' dir='ltr'>ὕδωρ</span> <span class='ocrx_word' id='word_1_30' title='bbox 1296 495 1400 558; x_wconf 67' lang='grc' dir='ltr'>ἔχει,</span> 
     </span>
    </p>
   </div>
   <div class='ocr_carea' id='block_1_3' title="bbox 166 650 1423 3200">
    <p class='ocr_par' dir='ltr' id='par_1_3' title="bbox 166 650 1407 1083">
     <span class='ocr_line' id='line_1_8' title="bbox 170 650 1404 709; baseline -0.007 -5"><span class='ocrx_word' id='word_1_31' title='bbox 170 669 340 704; x_wconf 77' lang='grc' dir='ltr'>νοαιωι·</span> <span class='ocrx_word' id='word_1_32' title='bbox 361 658 437 700; x_wconf 78' lang='lat' dir='ltr'>Bir</span> <span class='ocrx_word' id='word_1_33' title='bbox 464 655 503 696; x_wconf 86' lang='lat' dir='ltr'>e!</span> <span class='ocrx_word' id='word_1_34' title='bbox 520 652 703 701; x_wconf 65' lang='lat' dir='ltr'>Beseher,</span> <span class='ocrx_word' id='word_1_35' title='bbox 726 652 755 693; x_wconf 94' lang='lat' dir='ltr'>i.</span> <span class='ocrx_word' id='word_1_36' title='bbox 779 665 818 692; x_wconf 90' lang='lat' dir='ltr'>e.</span> <span class='ocrx_word' id='word_1_37' title='bbox 835 659 991 709; x_wconf 75' lang='lat' dir='ltr'>puteus</span> <span class='ocrx_word' id='word_1_38' title='bbox 1006 650 1165 702; x_wconf 73' lang='lat' dir='ltr'>beatas,</span> <span class='ocrx_word' id='word_1_39' title='bbox 1182 665 1300 708; x_wconf 75' lang='lat' dir='ltr'>aquoe</span> <span class='ocrx_word' id='word_1_40' title='bbox 1316 654 1404 695; x_wconf 85' lang='lat' dir='ltr'>exi·</span> 
     </span>
     <span class='ocr_line' id='line_1_9' title="bbox 168 711 1404 771; baseline -0.004 -9"><span class='ocrx_word' id='word_1_41' title='bbox 168 724 276 771; x_wconf 69' lang='lat' dir='ltr'>miae,</span> <span class='ocrx_word' id='word_1_42' title='bbox 289 721 356 761; x_wconf 89' lang='lat' dir='ltr'>cui</span> <span class='ocrx_word' id='word_1_43' title='bbox 372 717 560 759; x_wconf 82' lang='lat' dir='ltr'>imminet</span> <span class='ocrx_word' id='word_1_44' title='bbox 573 721 830 770; x_wconf 81' lang='lat' dir='ltr'>praemptum</span> <span class='ocrx_word' id='word_1_45' title='bbox 844 712 951 754; x_wconf 83' lang='lat' dir='ltr'>latus</span> <span class='ocrx_word' id='word_1_46' title='bbox 965 711 1079 755; x_wconf 83' lang='lat' dir='ltr'>collis</span> <span class='ocrx_word' id='word_1_47' title='bbox 1091 714 1271 756; x_wconf 85' lang='lat' dir='ltr'>arenosi.</span> <span class='ocrx_word' id='word_1_48' title='bbox 1292 733 1308 750; x_wconf 72' lang='grc' dir='ltr'>«ι</span> <span class='ocrx_word' id='word_1_49' title='bbox 1323 717 1404 758; x_wconf 85' lang='lat' dir='ltr'>Am</span> 
     </span>
     <span class='ocr_line' id='line_1_10' title="bbox 168 776 1406 834; baseline -0.006 -8"><span class='ocrx_word' id='word_1_50' title='bbox 168 786 294 826; x_wconf 85' lang='lat' dir='ltr'>Fusse</span> <span class='ocrx_word' id='word_1_51' title='bbox 308 783 422 823; x_wconf 85' lang='lat' dir='ltr'>einer</span> <span class='ocrx_word' id='word_1_52' title='bbox 429 779 584 834; x_wconf 82' lang='lat' dir='ltr'>jaehen,</span> <span class='ocrx_word' id='word_1_53' title='bbox 601 792 703 831; x_wconf 83' lang='lat' dir='ltr'>ganz</span> <span class='ocrx_word' id='word_1_54' title='bbox 715 776 873 827; x_wconf 87' lang='lat' dir='ltr'>steilen,</span> <span class='ocrx_word' id='word_1_55' title='bbox 890 776 1061 818; x_wconf 81' lang='lat' dir='ltr'>weissen</span> <span class='ocrx_word' id='word_1_56' title='bbox 1072 776 1323 829; x_wconf 82' lang='lat' dir='ltr'>Saudwand,</span> <span class='ocrx_word' id='word_1_57' title='bbox 1337 777 1406 820; x_wconf 89' lang='lat' dir='ltr'>die</span> 
     </span>
     <span class='ocr_line' id='line_1_11' title="bbox 168 837 1406 898; baseline -0.003 -13"><span class='ocrx_word' id='word_1_58' title='bbox 168 845 240 886; x_wconf 81' lang='lat' dir='ltr'>ibn</span> <span class='ocrx_word' id='word_1_59' title='bbox 263 842 388 898; x_wconf 89' lang='lat' dir='ltr'>jedcn</span> <span class='ocrx_word' id='word_1_60' title='bbox 418 838 677 895; x_wconf 83' lang='lat' dir='ltr'>Augenblick</span> <span class='ocrx_word' id='word_1_61' title='bbox 705 853 756 880; x_wconf 87' lang='lat' dir='ltr'>zu</span> <span class='ocrx_word' id='word_1_62' title='bbox 776 838 1042 880; x_wconf 79' lang='lat' dir='ltr'>verseht&#39;itten</span> <span class='ocrx_word' id='word_1_63' title='bbox 1061 837 1228 889; x_wconf 82' lang='lat' dir='ltr'>dmhte,</span> <span class='ocrx_word' id='word_1_64' title='bbox 1253 838 1406 881; x_wconf 81' lang='lat' dir='ltr'>landen</span> 
     </span>
     <span class='ocr_line' id='line_1_12' title="bbox 168 900 1404 954; baseline -0.002 -8"><span class='ocrx_word' id='word_1_65' title='bbox 168 907 245 947; x_wconf 82' lang='lat' dir='ltr'>wir</span> <span class='ocrx_word' id='word_1_66' title='bbox 260 907 381 945; x_wconf 90' lang='lat' dir='ltr'>einen</span> <span class='ocrx_word' id='word_1_67' title='bbox 396 905 595 944; x_wconf 88' lang='lat' dir='ltr'>Brunnen</span> <span class='ocrx_word' id='word_1_68' title='bbox 612 900 922 943; x_wconf 75' lang='lat' dir='ltr'>vortrel&#39;ssiehen</span> <span class='ocrx_word' id='word_1_69' title='bbox 934 901 1131 942; x_wconf 84' lang='lat' dir='ltr'>Wassers</span> <span class='ocrx_word' id='word_1_70' title='bbox 1141 933 1152 951; x_wconf 88' lang='lat'>,</span> <span class='ocrx_word' id='word_1_71' title='bbox 1171 901 1210 942; x_wconf 84' lang='lat' dir='ltr'>e!</span> <span class='ocrx_word' id='word_1_72' title='bbox 1220 902 1404 954; x_wconf 74' lang='lat' dir='ltr'>Be‘scher,</span> 
     </span>
     <span class='ocr_line' id='line_1_13' title="bbox 167 963 1407 1020; baseline -0.002 -12"><span class='ocrx_word' id='word_1_73' title='bbox 167 968 243 1008; x_wconf 90' lang='lat' dir='ltr'>der</span> <span class='ocrx_word' id='word_1_74' title='bbox 274 964 539 1020; x_wconf 74' lang='lat' dir='ltr'>glfiekselige,</span> <span class='ocrx_word' id='word_1_75' title='bbox 571 972 769 1018; x_wconf 80' lang='lat' dir='ltr'>genanut.</span> <span class='ocrx_word' id='word_1_76' title='bbox 800 982 818 999; x_wconf 72' lang='grc' dir='ltr'>ι</span> <span class='ocrx_word' id='word_1_77' title='bbox 856 964 1018 1005; x_wconf 68' lang='grc' dir='ltr'>ΒΑΜ-ιι.</span> <span class='ocrx_word' id='word_1_78' title='bbox 1049 977 1093 1018; x_wconf 88' lang='lat' dir='ltr'>p.</span> <span class='ocrx_word' id='word_1_79' title='bbox 1119 963 1217 1018; x_wconf 83' lang='grc'><strong>347.</strong></span> <span class='ocrx_word' id='word_1_80' title='bbox 1253 965 1407 1006; x_wconf 84' lang='lat' dir='ltr'>Ruiuas</span> 
     </span>
     <span class='ocr_line' id='line_1_14' title="bbox 166 1024 1092 1083; baseline -0.006 -12"><span class='ocrx_word' id='word_1_81' title='bbox 166 1044 251 1071; x_wconf 91' lang='lat' dir='ltr'>non</span> <span class='ocrx_word' id='word_1_82' title='bbox 271 1028 390 1083; x_wconf 85' lang='lat' dir='ltr'>longe</span> <span class='ocrx_word' id='word_1_83' title='bbox 411 1026 465 1068; x_wconf 89' lang='lat' dir='ltr'>ab</span> <span class='ocrx_word' id='word_1_84' title='bbox 485 1040 536 1067; x_wconf 92' lang='lat' dir='ltr'>eo</span> <span class='ocrx_word' id='word_1_85' title='bbox 554 1024 716 1067; x_wconf 85' lang='lat' dir='ltr'>dissitas</span> <span class='ocrx_word' id='word_1_86' title='bbox 731 1032 848 1067; x_wconf 81' lang='lat' dir='ltr'>notat</span> <span class='ocrx_word' id='word_1_87' title='bbox 865 1024 1092 1080; x_wconf 86' lang='lat' dir='ltr'>Smythius.</span> 
     </span>
    </p>

    <p class='ocr_par' dir='ltr' id='par_1_4' title="bbox 166 1085 1423 3200">
     <span class='ocr_line' id='line_1_15' title="bbox 222 1085 1404 1144; baseline -0.003 -11"><span class='ocrx_word' id='word_1_88' title='bbox 222 1094 245 1144; x_wconf 79' lang='lat' dir='ltr'>S</span> <span class='ocrx_word' id='word_1_89' title='bbox 280 1095 351 1133; x_wconf 80' lang='lat'>83.</span> <span class='ocrx_word' id='word_1_90' title='bbox 378 1087 746 1144; x_wconf 74' lang='grc' dir='ltr'>Δῦτομάλακα]</span> <span class='ocrx_word' id='word_1_91' title='bbox 773 1085 1053 1143; x_wconf 77' lang='grc' dir='ltr'>Αὗτομάλακας</span> <span class='ocrx_word' id='word_1_92' title='bbox 1076 1086 1169 1143; x_wconf 91' lang='lat' dir='ltr'>(sie)</span> <span class='ocrx_word' id='word_1_93' title='bbox 1190 1086 1305 1136; x_wconf 84' lang='lat' dir='ltr'>eod.;</span> <span class='ocrx_word' id='word_1_94' title='bbox 1322 1102 1404 1130; x_wconf 90' lang='lat' dir='ltr'>em.</span> 
     </span>
     <span class='ocr_line' id='line_1_16' title="bbox 167 1149 1406 1207; baseline -0.002 -12"><span class='ocrx_word' id='word_1_95' title='bbox 167 1154 274 1195; x_wconf 91' lang='lat' dir='ltr'>Gail.</span> <span class='ocrx_word' id='word_1_96' title='bbox 299 1152 364 1195; x_wconf 72' lang='lat' dir='ltr'>Cf.</span> <span class='ocrx_word' id='word_1_97' title='bbox 392 1152 535 1207; x_wconf 89' lang='lat' dir='ltr'>Steph.</span> <span class='ocrx_word' id='word_1_98' title='bbox 570 1153 668 1206; x_wconf 87' lang='lat' dir='ltr'>Byz.</span> <span class='ocrx_word' id='word_1_99' title='bbox 710 1164 721 1191; x_wconf 92' lang='lat'>·.</span> <span class='ocrx_word' id='word_1_100' title='bbox 759 1149 1038 1205; x_wconf 80' lang='grc' dir='ltr'>Δῦτομάλακα,</span> <span class='ocrx_word' id='word_1_101' title='bbox 1074 1150 1221 1206; x_wconf 82' lang='grc' dir='ltr'>χωρίον</span> <span class='ocrx_word' id='word_1_102' title='bbox 1252 1150 1406 1204; x_wconf 79' lang='grc' dir='ltr'>Λιὸόης.</span> 
     </span>
     <span class='ocr_line' id='line_1_17' title="bbox 167 1210 1406 1270; baseline -0.002 -14"><span class='ocrx_word' id='word_1_103' title='bbox 167 1216 189 1256; x_wconf 87' lang='grc' dir='ltr'>ό</span> <span class='ocrx_word' id='word_1_104' title='bbox 211 1215 436 1269; x_wconf 84' lang='grc' dir='ltr'>Πολυίστωρ</span> <span class='ocrx_word' id='word_1_105' title='bbox 457 1212 496 1254; x_wconf 83' lang='grc' dir='ltr'>ἐν</span> <span class='ocrx_word' id='word_1_106' title='bbox 519 1213 644 1270; x_wconf 78' lang='grc' dir='ltr'>τρίτῃ.</span> <span class='ocrx_word' id='word_1_107' title='bbox 687 1210 976 1267; x_wconf 75' lang='grc' dir='ltr'>Ἀπολλόδωρος</span> <span class='ocrx_word' id='word_1_108' title='bbox 1007 1211 1049 1253; x_wconf 71' lang='grc' dir='ltr'>δὲ</span> <span class='ocrx_word' id='word_1_109' title='bbox 1070 1211 1280 1267; x_wconf 75' lang='grc' dir='ltr'>Αὐτόμαλα</span> <span class='ocrx_word' id='word_1_110' title='bbox 1298 1212 1406 1267; x_wconf 84' lang='grc' dir='ltr'>φησί.</span> 
     </span>
     <span class='ocr_line' id='line_1_18' title="bbox 166 1274 1410 1335; baseline -0.003 -15"><span class='ocrx_word' id='word_1_111' title='bbox 166 1277 291 1335; x_wconf 70' lang='lat' dir='ltr'>Apud</span> <span class='ocrx_word' id='word_1_112' title='bbox 306 1277 575 1320; x_wconf 73' lang='lat' dir='ltr'>Ptolemaeum</span> <span class='ocrx_word' id='word_1_113' title='bbox 589 1283 651 1317; x_wconf 88' lang='lat' dir='ltr'>est</span> <span class='ocrx_word' id='word_1_114' title='bbox 668 1274 907 1330; x_wconf 77' lang='grc' dir='ltr'>Αὖτομάλαξ</span> <span class='ocrx_word' id='word_1_115' title='bbox 923 1274 1117 1330; x_wconf 81' lang='grc' dir='ltr'>φρούριον.</span> <span class='ocrx_word' id='word_1_116' title='bbox 1144 1278 1285 1328; x_wconf 80' lang='lat' dir='ltr'>Quare</span> <span class='ocrx_word' id='word_1_117' title='bbox 1306 1276 1410 1316; x_wconf 90' lang='lat' dir='ltr'>Mei-</span> 
     </span>
     <span class='ocr_line' id='line_1_19' title="bbox 167 1333 1411 1393; baseline -0.006 -11"><span class='ocrx_word' id='word_1_118' title='bbox 167 1340 314 1382; x_wconf 81' lang='lat' dir='ltr'>nekius</span> <span class='ocrx_word' id='word_1_119' title='bbox 343 1339 397 1381; x_wconf 87' lang='lat' dir='ltr'>ad</span> <span class='ocrx_word' id='word_1_120' title='bbox 425 1340 485 1381; x_wconf 90' lang='lat' dir='ltr'>St.</span> <span class='ocrx_word' id='word_1_121' title='bbox 514 1340 564 1380; x_wconf 84' lang='grc' dir='ltr'>Β,</span> <span class='ocrx_word' id='word_1_122' title='bbox 595 1346 715 1393; x_wconf 88' lang='lat' dir='ltr'>putat</span> <span class='ocrx_word' id='word_1_123' title='bbox 742 1335 1003 1391; x_wconf 81' lang='grc' dir='ltr'>Αὗτομάλακα</span> <span class='ocrx_word' id='word_1_124' title='bbox 1025 1336 1202 1377; x_wconf 84' lang='lat' dir='ltr'>sormam</span> <span class='ocrx_word' id='word_1_125' title='bbox 1241 1333 1411 1375; x_wconf 83' lang='lat' dir='ltr'>sortasse</span> 
     </span>
     <span class='ocr_line' id='line_1_20' title="bbox 167 1397 1409 1455; baseline -0.007 -10"><span class='ocrx_word' id='word_1_126' title='bbox 167 1418 255 1444; x_wconf 61' lang='lat' dir='ltr'>csse</span> <span class='ocrx_word' id='word_1_127' title='bbox 280 1401 609 1444; x_wconf 74' lang='lat' dir='ltr'>commentitiam</span> <span class='ocrx_word' id='word_1_128' title='bbox 642 1408 684 1440; x_wconf 90' lang='lat' dir='ltr'>et</span> <span class='ocrx_word' id='word_1_129' title='bbox 718 1414 860 1441; x_wconf 89' lang='lat' dir='ltr'>errore</span> <span class='ocrx_word' id='word_1_130' title='bbox 888 1399 1101 1455; x_wconf 88' lang='lat' dir='ltr'>scriptoris</span> <span class='ocrx_word' id='word_1_131' title='bbox 1133 1406 1296 1447; x_wconf 90' lang='lat' dir='ltr'>natam,</span> <span class='ocrx_word' id='word_1_132' title='bbox 1338 1397 1409 1451; x_wconf 90' lang='lat' dir='ltr'>qui</span> 
     </span>
     <span class='ocr_line' id='line_1_21' title="bbox 168 1457 1411 1522; baseline -0.007 -14"><span class='ocrx_word' id='word_1_133' title='bbox 168 1465 280 1522; x_wconf 78' lang='lat' dir='ltr'>apud</span> <span class='ocrx_word' id='word_1_134' title='bbox 303 1464 606 1514; x_wconf 82' lang='lat' dir='ltr'>Alexandrum,</span> <span class='ocrx_word' id='word_1_135' title='bbox 631 1468 755 1518; x_wconf 84' lang='lat' dir='ltr'>quein</span> <span class='ocrx_word' id='word_1_136' title='bbox 775 1470 1020 1511; x_wconf 91' lang='lat' dir='ltr'>antestatur,</span> <span class='ocrx_word' id='word_1_137' title='bbox 1037 1461 1318 1502; x_wconf 76' lang='lat' dir='ltr'>accusativum</span> <span class='ocrx_word' id='word_1_138' title='bbox 1337 1457 1411 1499; x_wconf 82' lang='grc' dir='ltr'>Αὖ-</span> 
     </span>
     <span class='ocr_line' id='line_1_22' title="bbox 167 1521 1412 1584; baseline -0.006 -14"><span class='ocrx_word' id='word_1_139' title='bbox 167 1528 375 1584; x_wconf 82' lang='grc' dir='ltr'>τομάλακα</span> <span class='ocrx_word' id='word_1_140' title='bbox 401 1528 515 1569; x_wconf 83' lang='grc' dir='ltr'>πόλιν</span> <span class='ocrx_word' id='word_1_141' title='bbox 553 1526 695 1580; x_wconf 87' lang='lat' dir='ltr'>legisse</span> <span class='ocrx_word' id='word_1_142' title='bbox 724 1524 928 1566; x_wconf 80' lang='lat' dir='ltr'>videatur.</span> <span class='ocrx_word' id='word_1_143' title='bbox 969 1525 1164 1565; x_wconf 84' lang='lat' dir='ltr'>Formam</span> <span class='ocrx_word' id='word_1_144' title='bbox 1202 1521 1412 1577; x_wconf 74' lang='grc' dir='ltr'>Αὐτόμαλα</span> 
     </span>
     <span class='ocr_line' id='line_1_23' title="bbox 168 1585 1415 1644; baseline -0.006 -11"><span class='ocrx_word' id='word_1_145' title='bbox 168 1590 293 1633; x_wconf 89' lang='lat' dir='ltr'>habet</span> <span class='ocrx_word' id='word_1_146' title='bbox 321 1593 445 1632; x_wconf 83' lang='lat' dir='ltr'>etiam</span> <span class='ocrx_word' id='word_1_147' title='bbox 464 1589 759 1631; x_wconf 77' lang='lat' dir='ltr'>Eratosthenes</span> <span class='ocrx_word' id='word_1_148' title='bbox 782 1602 850 1644; x_wconf 86' lang='lat' dir='ltr'>ap.</span> <span class='ocrx_word' id='word_1_149' title='bbox 869 1587 1116 1628; x_wconf 79' lang='lat' dir='ltr'>Strabonem</span> <span class='ocrx_word' id='word_1_150' title='bbox 1136 1600 1180 1642; x_wconf 88' lang='lat' dir='ltr'>p.</span> <span class='ocrx_word' id='word_1_151' title='bbox 1211 1586 1286 1626; x_wconf 84' lang='lat'>123</span> <span class='ocrx_word' id='word_1_152' title='bbox 1306 1598 1316 1626; x_wconf 73' lang='grc' dir='ltr'>ε</span> <span class='ocrx_word' id='word_1_153' title='bbox 1337 1585 1415 1637; x_wconf 85' lang='grc' dir='ltr'>Τῆς</span> 
     </span>
     <span class='ocr_line' id='line_1_24' title="bbox 169 1647 1415 1708; baseline -0.005 -14"><span class='ocrx_word' id='word_1_154' title='bbox 169 1653 357 1708; x_wconf 75' lang='grc' dir='ltr'>Μεγάλης</span> <span class='ocrx_word' id='word_1_155' title='bbox 378 1652 550 1707; x_wconf 77' lang='grc' dir='ltr'>Σόρτεώς</span> <span class='ocrx_word' id='word_1_156' title='bbox 567 1665 682 1706; x_wconf 81' lang='grc' dir='ltr'>φησιν</span> <span class='ocrx_word' id='word_1_157' title='bbox 713 1649 1024 1705; x_wconf 82' lang='grc' dir='ltr'>Ἐρατοσθένης..</span> <span class='ocrx_word' id='word_1_158' title='bbox 1061 1647 1197 1692; x_wconf 82' lang='grc' dir='ltr'>εἶναι..</span> <span class='ocrx_word' id='word_1_159' title='bbox 1230 1647 1275 1689; x_wconf 73' lang='grc' dir='ltr'>τὸ</span> <span class='ocrx_word' id='word_1_160' title='bbox 1300 1648 1415 1702; x_wconf 85' lang='grc' dir='ltr'>βάθος</span> 
     </span>
     <span class='ocr_line' id='line_1_25' title="bbox 172 1710 1413 1769; baseline -0.003 -14"><span class='ocrx_word' id='word_1_161' title='bbox 172 1714 315 1769; x_wconf 79' lang='grc' dir='ltr'>χιλίων</span> <span class='ocrx_word' id='word_1_162' title='bbox 337 1714 577 1755; x_wconf 75' lang='grc' dir='ltr'>ὀκτακοσίων</span> <span class='ocrx_word' id='word_1_163' title='bbox 601 1713 664 1768; x_wconf 70' lang='grc' dir='ltr'>ἀφ’</span> <span class='ocrx_word' id='word_1_164' title='bbox 703 1711 940 1768; x_wconf 79' lang='grc' dir='ltr'>Ἑσπερίδων</span> <span class='ocrx_word' id='word_1_165' title='bbox 972 1712 1023 1760; x_wconf 86' lang='grc' dir='ltr'>εἰς</span> <span class='ocrx_word' id='word_1_166' title='bbox 1046 1710 1270 1767; x_wconf 79' lang='grc' dir='ltr'>Αὗτόμαλα.</span> <span class='ocrx_word' id='word_1_167' title='bbox 1296 1710 1413 1751; x_wconf 89' lang='lat' dir='ltr'>Idem</span> 
     </span>
     <span class='ocr_line' id='line_1_26' title="bbox 169 1771 1415 1833; baseline -0.005 -14"><span class='ocrx_word' id='word_1_168' title='bbox 169 1792 212 1833; x_wconf 92' lang='lat' dir='ltr'>p.</span> <span class='ocrx_word' id='word_1_169' title='bbox 240 1779 320 1819; x_wconf 87' lang='grc'>836</span> <span class='ocrx_word' id='word_1_170' title='bbox 349 1791 358 1818; x_wconf 78' lang='lat' dir='ltr'><strong><em>z</em></strong></span> <span class='ocrx_word' id='word_1_171' title='bbox 380 1776 469 1818; x_wconf 82' lang='grc' dir='ltr'>Εἶθ’</span> <span class='ocrx_word' id='word_1_172' title='bbox 490 1777 528 1817; x_wconf 75' lang='grc' dir='ltr'>οἱ</span> <span class='ocrx_word' id='word_1_173' title='bbox 550 1776 752 1830; x_wconf 73' lang='grc' dir='ltr'>Φιλαίνων</span> <span class='ocrx_word' id='word_1_174' title='bbox 776 1775 904 1831; x_wconf 72' lang='grc' dir='ltr'>βωμοὶ</span> <span class='ocrx_word' id='word_1_175' title='bbox 922 1775 987 1815; x_wconf 74' lang='grc' dir='ltr'>καὶ</span> <span class='ocrx_word' id='word_1_176' title='bbox 1007 1774 1104 1830; x_wconf 73' lang='grc' dir='ltr'>μετὰ</span> <span class='ocrx_word' id='word_1_177' title='bbox 1122 1774 1279 1822; x_wconf 80' lang='grc' dir='ltr'>τούτους</span> <span class='ocrx_word' id='word_1_178' title='bbox 1297 1771 1415 1814; x_wconf 57' lang='lat' dir='ltr'>Abi-6-</span> 
     </span>
     <span class='ocr_line' id='line_1_27' title="bbox 173 1835 1408 1894; baseline -0.003 -14"><span class='ocrx_word' id='word_1_179' title='bbox 173 1839 302 1894; x_wconf 82' lang='grc' dir='ltr'>μαλα,</span> <span class='ocrx_word' id='word_1_180' title='bbox 327 1840 504 1894; x_wconf 69' lang='grc' dir='ltr'>φρούριον</span> <span class='ocrx_word' id='word_1_181' title='bbox 524 1836 699 1893; x_wconf 79' lang='grc' dir='ltr'>φυλακὴν</span> <span class='ocrx_word' id='word_1_182' title='bbox 721 1837 832 1892; x_wconf 82' lang='grc' dir='ltr'>ἔχον,</span> <span class='ocrx_word' id='word_1_183' title='bbox 851 1837 1052 1892; x_wconf 75' lang='grc' dir='ltr'>ἱδρυμένον</span> <span class='ocrx_word' id='word_1_184' title='bbox 1072 1835 1170 1877; x_wconf 68' lang='grc' dir='ltr'>κατὰ</span> <span class='ocrx_word' id='word_1_185' title='bbox 1188 1836 1256 1877; x_wconf 72' lang='grc' dir='ltr'>τὸν</span> <span class='ocrx_word' id='word_1_186' title='bbox 1282 1836 1408 1891; x_wconf 74' lang='grc' dir='ltr'>μυχὸν</span> 
     </span>
     <span class='ocr_line' id='line_1_28' title="bbox 170 1898 1415 1954; baseline -0.003 -11"><span class='ocrx_word' id='word_1_187' title='bbox 170 1904 241 1943; x_wconf 79' lang='grc' dir='ltr'>τοῦ</span> <span class='ocrx_word' id='word_1_188' title='bbox 260 1901 408 1943; x_wconf 78' lang='grc' dir='ltr'>κόλπου</span> <span class='ocrx_word' id='word_1_189' title='bbox 423 1902 579 1949; x_wconf 81' lang='grc' dir='ltr'>παντός.</span> <span class='ocrx_word' id='word_1_190' title='bbox 599 1901 791 1941; x_wconf 83' lang='lat' dir='ltr'>Meminit</span> <span class='ocrx_word' id='word_1_191' title='bbox 812 1900 937 1941; x_wconf 89' lang='lat' dir='ltr'>etiam</span> <span class='ocrx_word' id='word_1_192' title='bbox 968 1900 1011 1940; x_wconf 88' lang='lat' dir='ltr'>in</span> <span class='ocrx_word' id='word_1_193' title='bbox 1040 1898 1224 1954; x_wconf 85' lang='lat' dir='ltr'>Ophellae</span> <span class='ocrx_word' id='word_1_194' title='bbox 1245 1898 1415 1940; x_wconf 88' lang='lat' dir='ltr'>historia</span> 
     </span>
     <span class='ocr_line' id='line_1_29' title="bbox 171 1960 1414 2017; baseline -0.002 -13"><span class='ocrx_word' id='word_1_195' title='bbox 171 1962 385 2005; x_wconf 91' lang='lat' dir='ltr'>Diodorus</span> <span class='ocrx_word' id='word_1_196' title='bbox 403 1964 500 2012; x_wconf 82' lang='lat' dir='ltr'>XX,</span> <span class='ocrx_word' id='word_1_197' title='bbox 521 1966 544 2012; x_wconf 93' lang='grc'><strong>4</strong></span> <span class='ocrx_word' id='word_1_198' title='bbox 556 1977 591 2011; x_wconf 88' lang='grc' dir='ltr'>ι,</span> <span class='ocrx_word' id='word_1_199' title='bbox 617 1975 658 2012; x_wconf 82' lang='lat'>2,</span> <span class='ocrx_word' id='word_1_200' title='bbox 677 1962 748 2003; x_wconf 90' lang='lat' dir='ltr'>ubi</span> <span class='ocrx_word' id='word_1_201' title='bbox 768 1961 961 2017; x_wconf 87' lang='lat' dir='ltr'>Ophellas</span> <span class='ocrx_word' id='word_1_202' title='bbox 978 1960 1150 2017; x_wconf 86' lang='lat' dir='ltr'>ejusque</span> <span class='ocrx_word' id='word_1_203' title='bbox 1167 1962 1267 2003; x_wconf 85' lang='lat' dir='ltr'>socii</span> <span class='ocrx_word' id='word_1_204' title='bbox 1290 1962 1414 2016; x_wconf 89' lang='lat' dir='ltr'>Cyre·</span> 
     </span>
     <span class='ocr_line' id='line_1_30' title="bbox 171 2024 1418 2083; baseline -0.004 -15"><span class='ocrx_word' id='word_1_205' title='bbox 171 2026 408 2083; x_wconf 77' lang='lat' dir='ltr'>neprosecti</span> <span class='ocrx_word' id='word_1_206' title='bbox 424 2026 656 2068; x_wconf 80' lang='lat' dir='ltr'>octodecim</span> <span class='ocrx_word' id='word_1_207' title='bbox 668 2025 832 2066; x_wconf 86' lang='lat' dir='ltr'>dicrum</span> <span class='ocrx_word' id='word_1_208' title='bbox 845 2026 992 2065; x_wconf 89' lang='lat' dir='ltr'>itinere</span> <span class='ocrx_word' id='word_1_209' title='bbox 1007 2024 1224 2072; x_wconf 77' lang='grc' dir='ltr'>διελθόντες</span> <span class='ocrx_word' id='word_1_210' title='bbox 1242 2024 1418 2071; x_wconf 78' lang='grc' dir='ltr'>σταδίους</span> 
     </span>
     <span class='ocr_line' id='line_1_31' title="bbox 171 2086 1415 2144; baseline -0.002 -15"><span class='ocrx_word' id='word_1_211' title='bbox 171 2089 408 2144; x_wconf 75' lang='grc' dir='ltr'>τρισχιλίους</span> <span class='ocrx_word' id='word_1_212' title='bbox 422 2089 720 2139; x_wconf 69' lang='grc' dir='ltr'>κατεσκήνωσαν</span> <span class='ocrx_word' id='word_1_213' title='bbox 744 2087 831 2142; x_wconf 69' lang='grc' dir='ltr'>περὶ</span> <span class='ocrx_word' id='word_1_214' title='bbox 853 2086 1062 2142; x_wconf 74' lang='grc' dir='ltr'>Αὐτόμαλα</span> <span class='ocrx_word' id='word_1_215' title='bbox 1083 2087 1169 2143; x_wconf 86' lang='lat' dir='ltr'>(sic</span> <span class='ocrx_word' id='word_1_216' title='bbox 1189 2086 1328 2136; x_wconf 83' lang='lat' dir='ltr'>editt.;</span> <span class='ocrx_word' id='word_1_217' title='bbox 1343 2086 1415 2127; x_wconf 76' lang='grc' dir='ltr'>Αὖ-</span> 
     </span>
     <span class='ocr_line' id='line_1_32' title="bbox 170 2148 1417 2206; baseline -0.002 -14"><span class='ocrx_word' id='word_1_218' title='bbox 170 2151 345 2206; x_wconf 81' lang='grc' dir='ltr'>τομόλας</span> <span class='ocrx_word' id='word_1_219' title='bbox 369 2150 493 2193; x_wconf 89' lang='lat' dir='ltr'>codd.</span> <span class='ocrx_word' id='word_1_220' title='bbox 513 2154 545 2204; x_wconf 91' lang='lat'>).</span> <span class='ocrx_word' id='word_1_221' title='bbox 579 2150 646 2192; x_wconf 88' lang='lat' dir='ltr'>Ab</span> <span class='ocrx_word' id='word_1_222' title='bbox 679 2150 759 2191; x_wconf 90' lang='lat' dir='ltr'>hoc</span> <span class='ocrx_word' id='word_1_223' title='bbox 777 2149 943 2190; x_wconf 88' lang='lat' dir='ltr'>castello</span> <span class='ocrx_word' id='word_1_224' title='bbox 975 2163 1058 2190; x_wconf 91' lang='lat' dir='ltr'>non</span> <span class='ocrx_word' id='word_1_225' title='bbox 1088 2148 1299 2190; x_wconf 87' lang='lat' dir='ltr'>diversum</span> <span class='ocrx_word' id='word_1_226' title='bbox 1330 2163 1417 2190; x_wconf 87' lang='lat' dir='ltr'>esse</span> 
     </span>
     <span class='ocr_line' id='line_1_33' title="bbox 172 2210 1418 2269; baseline -0.002 -14"><span class='ocrx_word' id='word_1_227' title='bbox 172 2213 390 2255; x_wconf 74' lang='lat' dir='ltr'>Anabucis</span> <span class='ocrx_word' id='word_1_228' title='bbox 416 2211 665 2269; x_wconf 78' lang='lat' dir='ltr'>proesidiam</span> <span class='ocrx_word' id='word_1_229' title='bbox 682 2210 853 2252; x_wconf 87' lang='lat' dir='ltr'>Tabulae</span> <span class='ocrx_word' id='word_1_230' title='bbox 886 2212 1213 2265; x_wconf 86' lang='lat' dir='ltr'>Peutingerianae</span> <span class='ocrx_word' id='word_1_231' title='bbox 1233 2218 1275 2252; x_wconf 91' lang='lat' dir='ltr'>et</span> <span class='ocrx_word' id='word_1_232' title='bbox 1292 2211 1418 2252; x_wconf 88' lang='lat' dir='ltr'>Itine-</span> 
     </span>
     <span class='ocr_line' id='line_1_34' title="bbox 171 2270 1416 2328; baseline -0.001 -12"><span class='ocrx_word' id='word_1_233' title='bbox 171 2275 294 2325; x_wconf 90' lang='lat' dir='ltr'>rarii,</span> <span class='ocrx_word' id='word_1_234' title='bbox 334 2274 508 2316; x_wconf 90' lang='lat' dir='ltr'>suadere</span> <span class='ocrx_word' id='word_1_235' title='bbox 541 2272 707 2315; x_wconf 84' lang='lat' dir='ltr'>videtur</span> <span class='ocrx_word' id='word_1_236' title='bbox 735 2274 844 2315; x_wconf 90' lang='lat' dir='ltr'>ratio</span> <span class='ocrx_word' id='word_1_237' title='bbox 871 2270 1184 2324; x_wconf 72' lang='lat' dir='ltr'>distantiarum,</span> <span class='ocrx_word' id='word_1_238' title='bbox 1208 2287 1339 2328; x_wconf 85' lang='lat' dir='ltr'>quum</span> <span class='ocrx_word' id='word_1_239' title='bbox 1364 2274 1416 2315; x_wconf 90' lang='lat' dir='ltr'>ad</span> 
     </span>
     <span class='ocr_line' id='line_1_35' title="bbox 173 2334 1415 2390; baseline 0.001 -13"><span class='ocrx_word' id='word_1_240' title='bbox 173 2351 263 2377; x_wconf 87' lang='lat' dir='ltr'>aras</span> <span class='ocrx_word' id='word_1_241' title='bbox 283 2336 561 2378; x_wconf 71' lang='lat' dir='ltr'>Philaenorum</span> <span class='ocrx_word' id='word_1_242' title='bbox 574 2335 627 2376; x_wconf 90' lang='lat' dir='ltr'>ab</span> <span class='ocrx_word' id='word_1_243' title='bbox 644 2334 874 2377; x_wconf 88' lang='lat' dir='ltr'>Automalis</span> <span class='ocrx_word' id='word_1_244' title='bbox 887 2334 1006 2390; x_wconf 89' lang='lat' dir='ltr'>juxta</span> <span class='ocrx_word' id='word_1_245' title='bbox 1025 2349 1141 2376; x_wconf 88' lang='lat' dir='ltr'>oram</span> <span class='ocrx_word' id='word_1_246' title='bbox 1169 2336 1245 2378; x_wconf 81' lang='lat'>185</span> <span class='ocrx_word' id='word_1_247' title='bbox 1269 2336 1415 2387; x_wconf 88' lang='lat' dir='ltr'>stadia,</span> 
     </span>
     <span class='ocr_line' id='line_1_36' title="bbox 173 2397 1417 2454; baseline 0 -14"><span class='ocrx_word' id='word_1_248' title='bbox 173 2398 227 2440; x_wconf 87' lang='lat' dir='ltr'>ab</span> <span class='ocrx_word' id='word_1_249' title='bbox 247 2399 456 2440; x_wconf 79' lang='lat' dir='ltr'>Anabucis</span> <span class='ocrx_word' id='word_1_250' title='bbox 478 2397 671 2454; x_wconf 79' lang='lat' dir='ltr'>praesidio</span> <span class='ocrx_word' id='word_1_251' title='bbox 690 2399 742 2438; x_wconf 83' lang='lat'>25</span> <span class='ocrx_word' id='word_1_252' title='bbox 760 2397 861 2438; x_wconf 91' lang='lat' dir='ltr'>mill.</span> <span class='ocrx_word' id='word_1_253' title='bbox 885 2399 970 2438; x_wconf 85' lang='lat' dir='ltr'>sive</span> <span class='ocrx_word' id='word_1_254' title='bbox 986 2411 1067 2440; x_wconf 86' lang='lat'>200</span> <span class='ocrx_word' id='word_1_255' title='bbox 1081 2397 1212 2439; x_wconf 89' lang='lat' dir='ltr'>stadia</span> <span class='ocrx_word' id='word_1_256' title='bbox 1234 2401 1417 2440; x_wconf 85' lang='lat' dir='ltr'>terrestri</span> 
     </span>
     <span class='ocr_line' id='line_1_37' title="bbox 173 2459 1419 2516; baseline 0.001 -14"><span class='ocrx_word' id='word_1_257' title='bbox 173 2462 320 2503; x_wconf 88' lang='lat' dir='ltr'>itinere</span> <span class='ocrx_word' id='word_1_258' title='bbox 339 2476 425 2502; x_wconf 90' lang='lat' dir='ltr'>esse</span> <span class='ocrx_word' id='word_1_259' title='bbox 447 2459 694 2516; x_wconf 85' lang='lat' dir='ltr'>prodantur.</span> <span class='ocrx_word' id='word_1_260' title='bbox 715 2463 768 2502; x_wconf 83' lang='lat' dir='ltr'>At</span> <span class='ocrx_word' id='word_1_261' title='bbox 790 2474 922 2515; x_wconf 87' lang='lat' dir='ltr'>quum</span> <span class='ocrx_word' id='word_1_262' title='bbox 952 2459 1005 2501; x_wconf 92' lang='lat' dir='ltr'>de</span> <span class='ocrx_word' id='word_1_263' title='bbox 1037 2462 1183 2502; x_wconf 88' lang='lat' dir='ltr'>ceteris</span> <span class='ocrx_word' id='word_1_264' title='bbox 1214 2460 1419 2503; x_wconf 82' lang='lat' dir='ltr'>distantiis</span> 
     </span>
     <span class='ocr_line' id='line_1_38' title="bbox 173 2522 1419 2578; baseline 0.001 -13"><span class='ocrx_word' id='word_1_265' title='bbox 173 2538 259 2565; x_wconf 85' lang='lat' dir='ltr'>non</span> <span class='ocrx_word' id='word_1_266' title='bbox 286 2524 339 2564; x_wconf 86' lang='lat' dir='ltr'>sit</span> <span class='ocrx_word' id='word_1_267' title='bbox 363 2537 606 2573; x_wconf 77' lang='lat' dir='ltr'>consensuS,</span> <span class='ocrx_word' id='word_1_268' title='bbox 636 2537 783 2578; x_wconf 84' lang='lat' dir='ltr'>parum</span> <span class='ocrx_word' id='word_1_269' title='bbox 812 2523 877 2564; x_wconf 88' lang='lat' dir='ltr'>his</span> <span class='ocrx_word' id='word_1_270' title='bbox 899 2522 1027 2565; x_wconf 90' lang='lat' dir='ltr'>fidere</span> <span class='ocrx_word' id='word_1_271' title='bbox 1055 2523 1163 2564; x_wconf 89' lang='lat' dir='ltr'>licet.</span> <span class='ocrx_word' id='word_1_272' title='bbox 1185 2524 1311 2577; x_wconf 91' lang='lat' dir='ltr'>Quod</span> <span class='ocrx_word' id='word_1_273' title='bbox 1342 2540 1419 2566; x_wconf 88' lang='lat' dir='ltr'>no-</span> 
     </span>
     <span class='ocr_line' id='line_1_39' title="bbox 176 2584 1419 2641; baseline 0.002 -14"><span class='ocrx_word' id='word_1_274' title='bbox 176 2588 289 2627; x_wconf 89' lang='lat' dir='ltr'>mina</span> <span class='ocrx_word' id='word_1_275' title='bbox 308 2586 470 2635; x_wconf 89' lang='lat' dir='ltr'>attinet,</span> <span class='ocrx_word' id='word_1_276' title='bbox 499 2585 778 2627; x_wconf 82' lang='lat' dir='ltr'>Automalaca</span> <span class='ocrx_word' id='word_1_277' title='bbox 797 2585 860 2626; x_wconf 82' lang='lat' dir='ltr'>vel</span> <span class='ocrx_word' id='word_1_278' title='bbox 878 2584 1167 2641; x_wconf 79' lang='grc' dir='ltr'>Αὖτομάλαξ</span> <span class='ocrx_word' id='word_1_279' title='bbox 1181 2585 1277 2629; x_wconf 84' lang='lat' dir='ltr'>sort.</span> <span class='ocrx_word' id='word_1_280' title='bbox 1296 2587 1419 2630; x_wconf 83' lang='lat' dir='ltr'>suerit</span> 
     </span>
     <span class='ocr_line' id='line_1_40' title="bbox 175 2647 1420 2705; baseline 0.003 -17"><span class='ocrx_word' id='word_1_281' title='bbox 175 2647 439 2696; x_wconf 79' lang='lat' dir='ltr'>aie-malach,</span> <span class='ocrx_word' id='word_1_282' title='bbox 458 2662 557 2701; x_wconf 84' lang='lat' dir='ltr'>gens</span> <span class='ocrx_word' id='word_1_283' title='bbox 572 2652 832 2702; x_wconf 68' lang='grc' dir='ltr'>ταριχευτῶν,</span> <span class='ocrx_word' id='word_1_284' title='bbox 850 2663 945 2690; x_wconf 86' lang='lat' dir='ltr'>nam</span> <span class='ocrx_word' id='word_1_285' title='bbox 962 2663 1047 2698; x_wconf 90' lang='grc' dir='ltr'>αυτ,</span> <span class='ocrx_word' id='word_1_286' title='bbox 1066 2663 1159 2690; x_wconf 88' lang='grc' dir='ltr'>αυτο</span> <span class='ocrx_word' id='word_1_287' title='bbox 1173 2650 1213 2690; x_wconf 91' lang='lat' dir='ltr'>in</span> <span class='ocrx_word' id='word_1_288' title='bbox 1230 2649 1420 2705; x_wconf 85' lang='lat' dir='ltr'>plurimis</span> 
     </span>
     <span class='ocr_line' id='line_1_41' title="bbox 176 2708 1413 2766; baseline 0.004 -17"><span class='ocrx_word' id='word_1_289' title='bbox 176 2709 321 2765; x_wconf 81' lang='lat' dir='ltr'>libycis</span> <span class='ocrx_word' id='word_1_290' title='bbox 339 2708 525 2750; x_wconf 89' lang='lat' dir='ltr'>locorum</span> <span class='ocrx_word' id='word_1_291' title='bbox 546 2711 787 2751; x_wconf 83' lang='lat' dir='ltr'>nominibus</span> <span class='ocrx_word' id='word_1_292' title='bbox 817 2725 904 2752; x_wconf 89' lang='lat' dir='ltr'>esse</span> <span class='ocrx_word' id='word_1_293' title='bbox 934 2711 1117 2766; x_wconf 86' lang='lat' dir='ltr'>lybicum</span> <span class='ocrx_word' id='word_1_294' title='bbox 1135 2710 1201 2752; x_wconf 82' lang='lat' dir='ltr'>ait</span> <span class='ocrx_word' id='word_1_295' title='bbox 1224 2713 1241 2766; x_wconf 92' lang='lat'>(</span> <span class='ocrx_word' id='word_1_296' title='bbox 1261 2712 1413 2762; x_wconf 80' lang='lat' dir='ltr'>tribus,</span> 
     </span>
     <span class='ocr_line' id='line_1_42' title="bbox 175 2770 1421 2832; baseline 0.005 -21"><span class='ocrx_word' id='word_1_297' title='bbox 175 2773 308 2824; x_wconf 68' lang='lat' dir='ltr'>gens)</span> <span class='ocrx_word' id='word_1_298' title='bbox 330 2770 449 2812; x_wconf 90' lang='lat' dir='ltr'>docet</span> <span class='ocrx_word' id='word_1_299' title='bbox 464 2772 669 2812; x_wconf 83' lang='lat' dir='ltr'>Moversl.</span> <span class='ocrx_word' id='word_1_300' title='bbox 685 2772 712 2813; x_wconf 94' lang='lat' dir='ltr'>l.</span> <span class='ocrx_word' id='word_1_301' title='bbox 736 2786 779 2828; x_wconf 89' lang='lat' dir='ltr'>p.</span> <span class='ocrx_word' id='word_1_302' title='bbox 803 2777 911 2827; x_wconf 85' lang='grc'><strong>490;</strong></span> <span class='ocrx_word' id='word_1_303' title='bbox 934 2774 1129 2829; x_wconf 79' lang='grc' dir='ltr'>ταριχείας</span> <span class='ocrx_word' id='word_1_304' title='bbox 1148 2788 1245 2816; x_wconf 86' lang='lat' dir='ltr'>vero</span> <span class='ocrx_word' id='word_1_305' title='bbox 1267 2775 1309 2816; x_wconf 90' lang='lat' dir='ltr'>in</span> <span class='ocrx_word' id='word_1_306' title='bbox 1326 2777 1421 2832; x_wconf 84' lang='lat' dir='ltr'>Syr-</span> 
     </span>
     <span class='ocr_line' id='line_1_43' title="bbox 180 2832 1421 2891; baseline 0.004 -16"><span class='ocrx_word' id='word_1_307' title='bbox 180 2832 291 2875; x_wconf 82' lang='lat' dir='ltr'>tibus</span> <span class='ocrx_word' id='word_1_308' title='bbox 308 2833 507 2874; x_wconf 87' lang='lat' dir='ltr'>habemus</span> <span class='ocrx_word' id='word_1_309' title='bbox 530 2834 776 2889; x_wconf 80' lang='lat' dir='ltr'>complures.</span> <span class='ocrx_word' id='word_1_310' title='bbox 804 2836 869 2876; x_wconf 82' lang='lat' dir='ltr'>Cs.</span> <span class='ocrx_word' id='word_1_311' title='bbox 889 2845 977 2877; x_wconf 92' lang='lat' dir='ltr'>not.</span> <span class='ocrx_word' id='word_1_312' title='bbox 999 2836 1050 2877; x_wconf 91' lang='lat' dir='ltr'>ad</span> <span class='ocrx_word' id='word_1_313' title='bbox 1074 2839 1097 2889; x_wconf 80' lang='lat' dir='ltr'>S</span> <span class='ocrx_word' id='word_1_314' title='bbox 1116 2850 1186 2891; x_wconf 85' lang='lat'>91.</span> <span class='ocrx_word' id='word_1_315' title='bbox 1205 2838 1421 2880; x_wconf 79' lang='lat' dir='ltr'>Anabucis</span> 
     </span>
     <span class='ocr_line' id='line_1_44' title="bbox 178 2896 1420 2958; baseline 0.005 -22"><span class='ocrx_word' id='word_1_316' title='bbox 178 2909 279 2938; x_wconf 77' lang='lat' dir='ltr'>vero</span> <span class='ocrx_word' id='word_1_317' title='bbox 316 2896 455 2937; x_wconf 66' lang='lat' dir='ltr'>noecio</span> <span class='ocrx_word' id='word_1_318' title='bbox 476 2909 528 2936; x_wconf 84' lang='lat' dir='ltr'>an</span> <span class='ocrx_word' id='word_1_319' title='bbox 552 2896 676 2936; x_wconf 86' lang='lat' dir='ltr'>suerit</span> <span class='ocrx_word' id='word_1_320' title='bbox 711 2896 825 2937; x_wconf 87' lang='lat' dir='ltr'>locus</span> <span class='ocrx_word' id='word_1_321' title='bbox 857 2898 1077 2946; x_wconf 69' lang='lat' dir='ltr'>Ata-enchi,</span> <span class='ocrx_word' id='word_1_322' title='bbox 1107 2900 1311 2955; x_wconf 73' lang='lat' dir='ltr'>Ap-tuclti</span> <span class='ocrx_word' id='word_1_323' title='bbox 1327 2905 1420 2958; x_wconf 80' lang='lat' dir='ltr'>Ap-</span> 
     </span>
     <span class='ocr_line' id='line_1_45' title="bbox 180 2955 1418 3017; baseline 0.004 -19"><span class='ocrx_word' id='word_1_324' title='bbox 180 2955 292 2999; x_wconf 78' lang='lat' dir='ltr'>!oelet&#39;</span> <span class='ocrx_word' id='word_1_325' title='bbox 310 2958 327 3010; x_wconf 92' lang='lat'><strong>(</strong></span> <span class='ocrx_word' id='word_1_326' title='bbox 347 2957 389 2998; x_wconf 93' lang='lat' dir='ltr'>in</span> <span class='ocrx_word' id='word_1_327' title='bbox 408 2956 561 3013; x_wconf 90' lang='lat' dir='ltr'>quibus</span> <span class='ocrx_word' id='word_1_328' title='bbox 572 2971 629 2998; x_wconf 79' lang='lat' dir='ltr'>aa</span> <span class='ocrx_word' id='word_1_329' title='bbox 648 2965 688 2998; x_wconf 91' lang='lat' dir='ltr'>et</span> <span class='ocrx_word' id='word_1_330' title='bbox 706 2972 777 3014; x_wconf 82' lang='lat' dir='ltr'>ap.</span> <span class='ocrx_word' id='word_1_331' title='bbox 798 2966 859 2998; x_wconf 88' lang='lat' dir='ltr'>cst</span> <span class='ocrx_word' id='word_1_332' title='bbox 875 2969 982 3008; x_wconf 43' lang='lat'>235⁹,</span> <span class='ocrx_word' id='word_1_333' title='bbox 1004 2963 1157 3014; x_wconf 80' lang='lat' dir='ltr'>pater)</span> <span class='ocrx_word' id='word_1_334' title='bbox 1173 2960 1239 3001; x_wconf 90' lang='lat' dir='ltr'>dei</span> <span class='ocrx_word' id='word_1_335' title='bbox 1258 2962 1418 3017; x_wconf 81' lang='lat' dir='ltr'>Libyci,</span> 
     </span>
     <span class='ocr_line' id='line_1_46' title="bbox 179 3017 1419 3078; baseline 0.002 -17"><span class='ocrx_word' id='word_1_336' title='bbox 179 3017 286 3061; x_wconf 79' lang='lat' dir='ltr'>adeo</span> <span class='ocrx_word' id='word_1_337' title='bbox 306 3028 354 3060; x_wconf 92' lang='lat' dir='ltr'>ut</span> <span class='ocrx_word' id='word_1_338' title='bbox 374 3019 418 3060; x_wconf 92' lang='lat' dir='ltr'>in</span> <span class='ocrx_word' id='word_1_339' title='bbox 450 3018 682 3061; x_wconf 81' lang='lat' dir='ltr'>An-abncis</span> <span class='ocrx_word' id='word_1_340' title='bbox 711 3019 832 3061; x_wconf 84' lang='lat' dir='ltr'>lateat</span> <span class='ocrx_word' id='word_1_341' title='bbox 856 3020 1130 3069; x_wconf 72' lang='lat' dir='ltr'>Ana-abiucis,</span> <span class='ocrx_word' id='word_1_342' title='bbox 1156 3036 1254 3072; x_wconf 74' lang='lat' dir='ltr'>gens</span> <span class='ocrx_word' id='word_1_343' title='bbox 1278 3033 1419 3078; x_wconf 49' lang='grc' dir='ltr'><strong><em>(ψηκ-</em></strong></span> 
     </span>
     <span class='ocr_line' id='line_1_47' title="bbox 178 3080 1423 3138; baseline 0.003 -15"><span class='ocrx_word' id='word_1_344' title='bbox 178 3080 248 3123; x_wconf 78' lang='grc' dir='ltr'>εΙιί</span> <span class='ocrx_word' id='word_1_345' title='bbox 276 3082 496 3137; x_wconf 89' lang='lat' dir='ltr'>(utsupra</span> <span class='ocrx_word' id='word_1_346' title='bbox 528 3084 551 3135; x_wconf 76' lang='lat' dir='ltr'>S</span> <span class='ocrx_word' id='word_1_347' title='bbox 573 3081 626 3123; x_wconf 86' lang='lat'>65</span> <span class='ocrx_word' id='word_1_348' title='bbox 653 3084 888 3130; x_wconf 76' lang='lat' dir='ltr'>Ani-astor,</span> <span class='ocrx_word' id='word_1_349' title='bbox 925 3096 1023 3136; x_wconf 76' lang='lat' dir='ltr'>gens</span> <span class='ocrx_word' id='word_1_350' title='bbox 1060 3083 1218 3124; x_wconf 76' lang='lat' dir='ltr'>Astoris</span> <span class='ocrx_word' id='word_1_351' title='bbox 1239 3083 1277 3138; x_wconf 85' lang='lat'>);</span> <span class='ocrx_word' id='word_1_352' title='bbox 1313 3093 1423 3126; x_wconf 75' lang='lat' dir='ltr'>certe</span> 
     </span>
     <span class='ocr_line' id='line_1_48' title="bbox 181 3143 1420 3200; baseline 0.002 -15"><span class='ocrx_word' id='word_1_353' title='bbox 181 3144 352 3185; x_wconf 83' lang='lat' dir='ltr'>nomina</span> <span class='ocrx_word' id='word_1_354' title='bbox 366 3143 515 3185; x_wconf 78' lang='lat' dir='ltr'>aisnilia</span> <span class='ocrx_word' id='word_1_355' title='bbox 533 3143 732 3186; x_wconf 77' lang='lat' dir='ltr'>Abacum</span> <span class='ocrx_word' id='word_1_356' title='bbox 756 3146 772 3196; x_wconf 93' lang='lat'>(</span> <span class='ocrx_word' id='word_1_357' title='bbox 794 3143 900 3186; x_wconf 84' lang='lat' dir='ltr'>Plin.</span> <span class='ocrx_word' id='word_1_358' title='bbox 920 3145 974 3195; x_wconf 88' lang='lat' dir='ltr'>V,</span> <span class='ocrx_word' id='word_1_359' title='bbox 994 3148 1054 3194; x_wconf 73' lang='lat' dir='ltr'>l..;</span> <span class='ocrx_word' id='word_1_360' title='bbox 1082 3158 1148 3200; x_wconf 86' lang='lat' dir='ltr'>ap.</span> <span class='ocrx_word' id='word_1_361' title='bbox 1167 3145 1320 3186; x_wconf 78' lang='lat' dir='ltr'>Christ.</span> <span class='ocrx_word' id='word_1_362' title='bbox 1340 3161 1420 3188; x_wconf 84' lang='lat' dir='ltr'>scr.</span> 
     </span>
    </p>
   </div>
   <div class='ocr_carea' id='block_1_4' title="bbox 91 3206 1423 3263">
    <p class='ocr_par' dir='ltr' id='par_1_5' title="bbox 91 3206 1423 3263">
     <span class='ocr_line' id='line_1_49' title="bbox 91 3206 1423 3263; baseline 0.002 -17"><span class='ocrx_word' id='word_1_363' title='bbox 91 3213 94 3215; x_wconf 84' lang='grc'><em>“</em></span> <span class='ocrx_word' id='word_1_364' title='bbox 182 3209 374 3262; x_wconf 73' lang='lat' dir='ltr'>Aptuca,</span> <span class='ocrx_word' id='word_1_365' title='bbox 400 3209 603 3263; x_wconf 78' lang='lat' dir='ltr'>Aptunga</span> <span class='ocrx_word' id='word_1_366' title='bbox 618 3210 651 3261; x_wconf 92' lang='lat'>),</span> <span class='ocrx_word' id='word_1_367' title='bbox 676 3206 858 3255; x_wconf 81' lang='lat' dir='ltr'>Teecaba,</span> <span class='ocrx_word' id='word_1_368' title='bbox 891 3209 1040 3255; x_wconf 84' lang='lat' dir='ltr'>Tucca,</span> <span class='ocrx_word' id='word_1_369' title='bbox 1063 3215 1143 3247; x_wconf 89' lang='lat' dir='ltr'>etc.</span> <span class='ocrx_word' id='word_1_370' title='bbox 1163 3206 1215 3247; x_wconf 90' lang='lat' dir='ltr'>ad</span> <span class='ocrx_word' id='word_1_371' title='bbox 1236 3209 1423 3263; x_wconf 79' lang='lat' dir='ltr'>Apmcln&#39;</span> 
     </span>
    </p>
   </div>
   <div class='ocr_carea' id='block_1_5' title="bbox 182 3267 1431 4073">
    <p class='ocr_par' dir='ltr' id='par_1_6' title="bbox 182 3267 1423 3435">
     <span class='ocr_line' id='line_1_50' title="bbox 182 3267 1423 3325; baseline 0.003 -17"><span class='ocrx_word' id='word_1_372' title='bbox 182 3267 248 3308; x_wconf 93' lang='lat' dir='ltr'>dei</span> <span class='ocrx_word' id='word_1_373' title='bbox 269 3282 421 3310; x_wconf 85' lang='lat' dir='ltr'>nomen</span> <span class='ocrx_word' id='word_1_374' title='bbox 451 3277 615 3310; x_wconf 79' lang='lat' dir='ltr'>revocat</span> <span class='ocrx_word' id='word_1_375' title='bbox 647 3270 812 3311; x_wconf 81' lang='lat' dir='ltr'>Movers</span> <span class='ocrx_word' id='word_1_376' title='bbox 840 3283 884 3325; x_wconf 90' lang='lat' dir='ltr'>p.</span> <span class='ocrx_word' id='word_1_377' title='bbox 907 3269 1005 3310; x_wconf 87' lang='grc'><strong>365.</strong></span> <span class='ocrx_word' id='word_1_378' title='bbox 1033 3270 1225 3311; x_wconf 87' lang='lat' dir='ltr'>Ceterum</span> <span class='ocrx_word' id='word_1_379' title='bbox 1258 3269 1423 3312; x_wconf 83' lang='lat' dir='ltr'>videant</span> 
     </span>
     <span class='ocr_line' id='line_1_51' title="bbox 182 3327 1422 3386; baseline 0.004 -17"><span class='ocrx_word' id='word_1_380' title='bbox 182 3327 330 3371; x_wconf 85' lang='lat' dir='ltr'>harum</span> <span class='ocrx_word' id='word_1_381' title='bbox 346 3343 487 3372; x_wconf 86' lang='lat' dir='ltr'>rerum</span> <span class='ocrx_word' id='word_1_382' title='bbox 505 3331 734 3386; x_wconf 82' lang='lat' dir='ltr'>peritiores.</span> <span class='ocrx_word' id='word_1_383' title='bbox 758 3330 940 3385; x_wconf 79' lang='lat' dir='ltr'>vestigia</span> <span class='ocrx_word' id='word_1_384' title='bbox 967 3330 1331 3373; x_wconf 83' lang='lat' dir='ltr'>Automalacorum</span> <span class='ocrx_word' id='word_1_385' title='bbox 1354 3347 1422 3374; x_wconf 92' lang='lat' dir='ltr'>ex-</span> 
     </span>
     <span class='ocr_line' id='line_1_52' title="bbox 183 3391 613 3435; baseline 0.012 -5"><span class='ocrx_word' id='word_1_386' title='bbox 183 3398 290 3432; x_wconf 87' lang='lat' dir='ltr'>stare</span> <span class='ocrx_word' id='word_1_387' title='bbox 304 3406 388 3433; x_wconf 93' lang='lat' dir='ltr'>non</span> <span class='ocrx_word' id='word_1_388' title='bbox 405 3391 613 3435; x_wconf 77' lang='lat' dir='ltr'>videntur.</span> 
     </span>
    </p>

    <p class='ocr_par' dir='ltr' id='par_1_7' title="bbox 186 3454 1431 4073">
     <span class='ocr_line' id='line_1_53' title="bbox 242 3454 1422 3512; baseline 0.003 -16"><span class='ocrx_word' id='word_1_389' title='bbox 242 3456 356 3505; x_wconf 73' lang='lat'>584.</span> <span class='ocrx_word' id='word_1_390' title='bbox 377 3454 643 3496; x_wconf 88' lang='grc' dir='ltr'>Φιλαίνων</span> <span class='ocrx_word' id='word_1_391' title='bbox 669 3454 893 3511; x_wconf 77' lang='grc' dir='ltr'>βωμούς]</span> <span class='ocrx_word' id='word_1_392' title='bbox 914 3454 1109 3511; x_wconf 72' lang='grc' dir='ltr'>Φιλήμων</span> <span class='ocrx_word' id='word_1_393' title='bbox 1138 3456 1307 3512; x_wconf 78' lang='grc' dir='ltr'>βωμούς,</span> <span class='ocrx_word' id='word_1_394' title='bbox 1329 3460 1352 3511; x_wconf 75' lang='lat' dir='ltr'>S</span> <span class='ocrx_word' id='word_1_395' title='bbox 1371 3459 1422 3500; x_wconf 88' lang='lat'>85</span> 
     </span>
     <span class='ocr_line' id='line_1_54' title="bbox 188 3512 1425 3574; baseline 0.005 -20"><span class='ocrx_word' id='word_1_396' title='bbox 188 3512 264 3555; x_wconf 74' lang='grc' dir='ltr'>ἀπὸ</span> <span class='ocrx_word' id='word_1_397' title='bbox 282 3514 476 3570; x_wconf 74' lang='grc' dir='ltr'>Φιλήμων</span> <span class='ocrx_word' id='word_1_398' title='bbox 502 3516 654 3572; x_wconf 72' lang='grc' dir='ltr'>βωμούς</span> <span class='ocrx_word' id='word_1_399' title='bbox 690 3516 801 3573; x_wconf 92' lang='lat' dir='ltr'>(sic),</span> <span class='ocrx_word' id='word_1_400' title='bbox 822 3519 846 3570; x_wconf 78' lang='lat' dir='ltr'>S</span> <span class='ocrx_word' id='word_1_401' title='bbox 878 3530 932 3571; x_wconf 78' lang='lat'>92</span> <span class='ocrx_word' id='word_1_402' title='bbox 954 3516 1029 3559; x_wconf 71' lang='grc' dir='ltr'>ἀπὸ</span> <span class='ocrx_word' id='word_1_403' title='bbox 1059 3517 1267 3560; x_wconf 74' lang='grc' dir='ltr'>Φιλίππων</span> <span class='ocrx_word' id='word_1_404' title='bbox 1290 3518 1425 3574; x_wconf 78' lang='grc' dir='ltr'>βωμοῦ</span> 
     </span>
     <span class='ocr_line' id='line_1_55' title="bbox 186 3574 1425 3637; baseline 0.004 -20"><span class='ocrx_word' id='word_1_405' title='bbox 186 3574 342 3626; x_wconf 81' lang='lat' dir='ltr'>codex,</span> <span class='ocrx_word' id='word_1_406' title='bbox 376 3577 480 3619; x_wconf 86' lang='lat' dir='ltr'>adeo</span> <span class='ocrx_word' id='word_1_407' title='bbox 515 3586 563 3619; x_wconf 93' lang='lat' dir='ltr'>ut</span> <span class='ocrx_word' id='word_1_408' title='bbox 597 3580 752 3620; x_wconf 87' lang='lat' dir='ltr'>nescias</span> <span class='ocrx_word' id='word_1_409' title='bbox 785 3593 838 3620; x_wconf 92' lang='lat' dir='ltr'>an</span> <span class='ocrx_word' id='word_1_410' title='bbox 869 3588 1016 3622; x_wconf 85' lang='lat' dir='ltr'>auctor</span> <span class='ocrx_word' id='word_1_411' title='bbox 1044 3581 1177 3636; x_wconf 83' lang='grc' dir='ltr'>βωμόν</span> <span class='ocrx_word' id='word_1_412' title='bbox 1196 3594 1248 3622; x_wconf 90' lang='lat' dir='ltr'>an</span> <span class='ocrx_word' id='word_1_413' title='bbox 1271 3581 1425 3637; x_wconf 80' lang='grc' dir='ltr'>βωμούς</span> 
     </span>
     <span class='ocr_line' id='line_1_56' title="bbox 186 3636 1422 3700; baseline 0.006 -21"><span class='ocrx_word' id='word_1_414' title='bbox 186 3636 357 3680; x_wconf 82' lang='lat' dir='ltr'>dixerit.</span> <span class='ocrx_word' id='word_1_415' title='bbox 377 3639 619 3682; x_wconf 70' lang='lat' dir='ltr'>Ptolemaeus</span> <span class='ocrx_word' id='word_1_416' title='bbox 641 3654 651 3682; x_wconf 75' lang='lat' dir='ltr'>t</span> <span class='ocrx_word' id='word_1_417' title='bbox 669 3641 861 3683; x_wconf 87' lang='grc' dir='ltr'>Φιλαίνου</span> <span class='ocrx_word' id='word_1_418' title='bbox 882 3642 1008 3699; x_wconf 83' lang='grc' dir='ltr'>βωμοί</span> <span class='ocrx_word' id='word_1_419' title='bbox 1021 3651 1063 3685; x_wconf 92' lang='lat' dir='ltr'>et</span> <span class='ocrx_word' id='word_1_420' title='bbox 1080 3642 1271 3685; x_wconf 86' lang='grc' dir='ltr'>Φιλαίνου</span> <span class='ocrx_word' id='word_1_421' title='bbox 1291 3645 1422 3700; x_wconf 79' lang='grc' dir='ltr'>κώμη,</span> 
     </span>
     <span class='ocr_line' id='line_1_57' title="bbox 187 3698 1427 3763; baseline 0.006 -22"><span class='ocrx_word' id='word_1_422' title='bbox 187 3698 251 3755; x_wconf 59' lang='grc' dir='ltr'>ὑφ’</span> <span class='ocrx_word' id='word_1_423' title='bbox 271 3701 320 3753; x_wconf 86' lang='grc' dir='ltr'>ἢν</span> <span class='ocrx_word' id='word_1_424' title='bbox 336 3700 374 3742; x_wconf 71' lang='grc' dir='ltr'>οἱ</span> <span class='ocrx_word' id='word_1_425' title='bbox 402 3700 605 3757; x_wconf 80' lang='grc' dir='ltr'>ὁμώνυμοι</span> <span class='ocrx_word' id='word_1_426' title='bbox 634 3704 775 3758; x_wconf 70' lang='grc' dir='ltr'>βωμοὶ,</span> <span class='ocrx_word' id='word_1_427' title='bbox 799 3705 904 3759; x_wconf 81' lang='grc' dir='ltr'>ὅριον</span> <span class='ocrx_word' id='word_1_428' title='bbox 933 3709 1001 3757; x_wconf 78' lang='grc' dir='ltr'>τῆς</span> <span class='ocrx_word' id='word_1_429' title='bbox 1027 3704 1213 3763; x_wconf 72' lang='grc' dir='ltr'>Ἀφρικῆς.</span> <span class='ocrx_word' id='word_1_430' title='bbox 1233 3706 1427 3763; x_wconf 72' lang='lat' dir='ltr'>Polybius</span> 
     </span>
     <span class='ocr_line' id='line_1_58' title="bbox 190 3763 1424 3825; baseline 0.007 -23"><span class='ocrx_word' id='word_1_431' title='bbox 190 3763 300 3815; x_wconf 84' lang='lat'>(111,</span> <span class='ocrx_word' id='word_1_432' title='bbox 324 3763 396 3818; x_wconf 81' lang='lat'>39,</span> <span class='ocrx_word' id='word_1_433' title='bbox 416 3776 458 3806; x_wconf 69' lang='grc' dir='ltr'>α.</span> <span class='ocrx_word' id='word_1_434' title='bbox 479 3765 536 3814; x_wconf 81' lang='lat' dir='ltr'>X,</span> <span class='ocrx_word' id='word_1_435' title='bbox 562 3767 630 3815; x_wconf 96' lang='grc'>40,</span> <span class='ocrx_word' id='word_1_436' title='bbox 652 3779 677 3819; x_wconf 91' lang='lat'>7</span> <span class='ocrx_word' id='word_1_437' title='bbox 698 3768 714 3819; x_wconf 96' lang='lat'>)</span> <span class='ocrx_word' id='word_1_438' title='bbox 733 3780 899 3821; x_wconf 89' lang='lat' dir='ltr'>quoque</span> <span class='ocrx_word' id='word_1_439' title='bbox 924 3768 1115 3809; x_wconf 83' lang='grc' dir='ltr'>Φιλαίνου</span> <span class='ocrx_word' id='word_1_440' title='bbox 1138 3769 1291 3825; x_wconf 61' lang='grc' dir='ltr'>βωμοὺς</span> <span class='ocrx_word' id='word_1_441' title='bbox 1306 3768 1424 3811; x_wconf 89' lang='lat' dir='ltr'>dicit.</span> 
     </span>
     <span class='ocr_line' id='line_1_59' title="bbox 189 3824 1428 3885; baseline 0.007 -21"><span class='ocrx_word' id='word_1_442' title='bbox 189 3825 239 3864; x_wconf 88' lang='lat' dir='ltr'>In</span> <span class='ocrx_word' id='word_1_443' title='bbox 264 3824 429 3881; x_wconf 82' lang='lat' dir='ltr'>Scylace</span> <span class='ocrx_word' id='word_1_444' title='bbox 449 3824 581 3868; x_wconf 82' lang='lat' dir='ltr'>codex</span> <span class='ocrx_word' id='word_1_445' title='bbox 603 3825 726 3867; x_wconf 85' lang='lat' dir='ltr'>habet</span> <span class='ocrx_word' id='word_1_446' title='bbox 758 3839 768 3867; x_wconf 77' lang='grc' dir='ltr'>ε</span> <span class='ocrx_word' id='word_1_447' title='bbox 797 3828 966 3869; x_wconf 76' lang='grc' dir='ltr'>Φιλαιοῦ</span> <span class='ocrx_word' id='word_1_448' title='bbox 990 3831 1134 3885; x_wconf 73' lang='grc' dir='ltr'>βωμός.</span> <span class='ocrx_word' id='word_1_449' title='bbox 1151 3831 1306 3872; x_wconf 84' lang='lat' dir='ltr'>Ceteris</span> <span class='ocrx_word' id='word_1_450' title='bbox 1330 3840 1428 3872; x_wconf 85' lang='lat' dir='ltr'>sunt</span> 
     </span>
     <span class='ocr_line' id='line_1_60' title="bbox 191 3885 1428 3947; baseline 0.007 -21"><span class='ocrx_word' id='word_1_451' title='bbox 191 3885 392 3928; x_wconf 85' lang='grc' dir='ltr'>Φιλαίνων</span> <span class='ocrx_word' id='word_1_452' title='bbox 417 3888 557 3943; x_wconf 83' lang='grc' dir='ltr'>βωμοί.</span> <span class='ocrx_word' id='word_1_453' title='bbox 590 3888 695 3929; x_wconf 86' lang='lat' dir='ltr'>Sitas</span> <span class='ocrx_word' id='word_1_454' title='bbox 725 3886 848 3930; x_wconf 76' lang='lat' dir='ltr'>fuisse</span> <span class='ocrx_word' id='word_1_455' title='bbox 870 3899 1015 3945; x_wconf 87' lang='lat' dir='ltr'>putant</span> <span class='ocrx_word' id='word_1_456' title='bbox 1036 3891 1262 3947; x_wconf 87' lang='lat' dir='ltr'>paullulum</span> <span class='ocrx_word' id='word_1_457' title='bbox 1287 3906 1428 3934; x_wconf 80' lang='lat' dir='ltr'>versus</span> 
     </span>
     <span class='ocr_line' id='line_1_61' title="bbox 193 3949 1427 4009; baseline 0.008 -22"><span class='ocrx_word' id='word_1_458' title='bbox 193 3961 381 3990; x_wconf 86' lang='lat' dir='ltr'>occasum</span> <span class='ocrx_word' id='word_1_459' title='bbox 397 3949 450 3991; x_wconf 90' lang='lat' dir='ltr'>ab</span> <span class='ocrx_word' id='word_1_460' title='bbox 464 3949 669 3991; x_wconf 84' lang='lat' dir='ltr'>hodierno</span> <span class='ocrx_word' id='word_1_461' title='bbox 681 3949 868 3999; x_wconf 63' lang='lat' dir='ltr'>Mna-ear,</span> <span class='ocrx_word' id='word_1_462' title='bbox 887 3952 957 3993; x_wconf 91' lang='lat' dir='ltr'>ubi</span> <span class='ocrx_word' id='word_1_463' title='bbox 972 3967 1082 3995; x_wconf 87' lang='lat' dir='ltr'>nunc</span> <span class='ocrx_word' id='word_1_464' title='bbox 1097 3954 1198 3995; x_wconf 80' lang='lat' dir='ltr'>lines</span> <span class='ocrx_word' id='word_1_465' title='bbox 1212 3955 1427 4009; x_wconf 81' lang='lat' dir='ltr'>regionum</span> 
     </span>
     <span class='ocr_line' id='line_1_62' title="bbox 194 4010 1431 4073; baseline 0.009 -25"><span class='ocrx_word' id='word_1_466' title='bbox 194 4012 286 4062; x_wconf 76' lang='lat' dir='ltr'>Syre</span> <span class='ocrx_word' id='word_1_467' title='bbox 320 4019 361 4051; x_wconf 94' lang='lat' dir='ltr'>et</span> <span class='ocrx_word' id='word_1_468' title='bbox 389 4012 526 4054; x_wconf 78' lang='lat' dir='ltr'>Barka</span> <span class='ocrx_word' id='word_1_469' title='bbox 560 4010 744 4068; x_wconf 82' lang='lat' dir='ltr'>lapidum</span> <span class='ocrx_word' id='word_1_470' title='bbox 780 4015 956 4056; x_wconf 88' lang='lat' dir='ltr'>cumulis</span> <span class='ocrx_word' id='word_1_471' title='bbox 997 4016 1246 4059; x_wconf 84' lang='lat' dir='ltr'>indicantur.</span> <span class='ocrx_word' id='word_1_472' title='bbox 1287 4018 1431 4073; x_wconf 83' lang='lat' dir='ltr'>Neque</span> 
     </span>
    </p>
   </div>
   <div class='ocr_carea' id='block_1_6' title="bbox 1296 184 1627 233">
    <p class='ocr_par' dir='ltr' id='par_1_8' title="bbox 1296 184 1627 233">
     <span class='ocr_line' id='line_1_63' title="bbox 1296 184 1627 233; baseline -0.012 0"><span class='ocrx_word' id='word_1_473' title='bbox 1296 184 1583 233; x_wconf 65' lang='lat' dir='ltr'>ANoNYffl</span> <span class='ocrx_word' id='word_1_474' title='bbox 1616 211 1627 220; x_wconf 88' lang='lat'><strong>·</strong></span> 
     </span>
    </p>
   </div>
   <div class='ocr_carea' id='block_1_7' title="bbox 1478 291 2808 402">
    <p class='ocr_par' dir='ltr' id='par_1_9' title="bbox 1478 282 2808 402">
     <span class='ocr_line' id='line_1_64' title="bbox 1530 291 2808 353; baseline 0.002 -18"><span class='ocrx_word' id='word_1_475' title='bbox 1530 292 1599 335; x_wconf 83' lang='lat'>83.</span> <span class='ocrx_word' id='word_1_476' title='bbox 1634 291 1698 334; x_wconf 86' lang='lat' dir='ltr'>Ab</span> <span class='ocrx_word' id='word_1_477' title='bbox 1731 292 1944 334; x_wconf 88' lang='lat' dir='ltr'>Ammonii</span> <span class='ocrx_word' id='word_1_478' title='bbox 1980 291 2165 347; x_wconf 74' lang='lat' dir='ltr'>fontibus</span> <span class='ocrx_word' id='word_1_479' title='bbox 2200 293 2255 336; x_wconf 80' lang='lat' dir='ltr'>ad</span> <span class='ocrx_word' id='word_1_480' title='bbox 2279 294 2548 338; x_wconf 84' lang='lat' dir='ltr'>Automalaea</span> <span class='ocrx_word' id='word_1_481' title='bbox 2579 297 2738 341; x_wconf 51' lang='lat' dir='ltr'>stadii?</span> <span class='ocrx_word' id='word_1_482' title='bbox 2802 311 2808 353; x_wconf 67' lang='lat'>1</span> 
     </span>
     <span class='ocr_line' id='line_1_65' title="bbox 1478 362 1573 402; baseline -0.011 0"><span class='ocrx_word' id='word_1_483' title='bbox 1478 362 1573 402; x_wconf 80' lang='lat'>180.</span> 
     </span>
    </p>
   </div>
   <div class='ocr_carea' id='block_1_8' title="bbox 1480 396 2808 639">
    <p class='ocr_par' dir='ltr' id='par_1_10' title="bbox 1480 396 2808 639">
     <span class='ocr_line' id='line_1_66' title="bbox 1532 396 2808 507; baseline 0.005 -36"><span class='ocrx_word' id='word_1_484' title='bbox 1532 431 1600 478; x_wconf 89' lang='grc'>84.</span> <span class='ocrx_word' id='word_1_485' title='bbox 1643 428 1708 470; x_wconf 91' lang='lat' dir='ltr'>Ab</span> <span class='ocrx_word' id='word_1_486' title='bbox 1740 427 2019 471; x_wconf 81' lang='lat' dir='ltr'>Automalacis</span> <span class='ocrx_word' id='word_1_487' title='bbox 2051 427 2106 471; x_wconf 86' lang='lat' dir='ltr'>ad</span> <span class='ocrx_word' id='word_1_488' title='bbox 2140 429 2419 475; x_wconf 64' lang='lat' dir='ltr'>Philaenorum</span> <span class='ocrx_word' id='word_1_489' title='bbox 2454 447 2546 476; x_wconf 84' lang='lat' dir='ltr'>aras</span> <span class='ocrx_word' id='word_1_490' title='bbox 2580 411 2746 499; x_wconf 23' lang='lat' dir='ltr'>stadia,</span> <span class='ocrx_word' id='word_1_491' title='bbox 2796 396 2808 507; x_wconf 60' lang='grc' dir='ltr'>Ξ</span> 
     </span>
     <span class='ocr_line' id='line_1_67' title="bbox 1480 497 2808 639; baseline 0.008 -101"><span class='ocrx_word' id='word_1_492' title='bbox 1480 498 1556 541; x_wconf 80' lang='lat'>185</span> <span class='ocrx_word' id='word_1_493' title='bbox 1571 514 1584 549; x_wconf 67' lang='grc' dir='ltr'>ς</span> <span class='ocrx_word' id='word_1_494' title='bbox 1601 498 1722 539; x_wconf 84' lang='lat' dir='ltr'>statio</span> <span class='ocrx_word' id='word_1_495' title='bbox 1737 497 1792 539; x_wconf 86' lang='lat' dir='ltr'>ibi</span> <span class='ocrx_word' id='word_1_496' title='bbox 1813 512 1887 554; x_wconf 91' lang='lat' dir='ltr'>per</span> <span class='ocrx_word' id='word_1_497' title='bbox 1910 506 2089 540; x_wconf 73' lang='lat' dir='ltr'>aestatem</span> <span class='ocrx_word' id='word_1_498' title='bbox 2100 498 2243 555; x_wconf 80' lang='lat' dir='ltr'>pulcra</span> <span class='ocrx_word' id='word_1_499' title='bbox 2259 508 2302 566; x_wconf 76' lang='lat' dir='ltr'>et</span> <span class='ocrx_word' id='word_1_500' title='bbox 2317 514 2433 558; x_wconf 69' lang='lat' dir='ltr'>aque</span> <span class='ocrx_word' id='word_1_501' title='bbox 2449 505 2583 560; x_wconf 84' lang='lat' dir='ltr'>eopia.</span> <span class='ocrx_word' id='word_1_502' title='bbox 2645 505 2710 547; x_wconf 88' lang='lat' dir='ltr'>Ad</span> <span class='ocrx_word' id='word_1_503' title='bbox 2731 518 2736 525; x_wconf 56' lang='lat'>⁸</span> <span class='ocrx_word' id='word_1_504' title='bbox 2799 509 2808 639; x_wconf 53' lang='grc' dir='ltr'><strong>ἐ</strong></span> 
     </span>
    </p>
   </div>
   <div class='ocr_carea' id='block_1_9' title="bbox 1472 652 2808 4078">
    <p class='ocr_par' dir='ltr' id='par_1_11' title="bbox 1472 652 2808 2327">
     <span class='ocr_line' id='line_1_68' title="bbox 1472 652 2808 717; baseline 0.006 -20"><span class='ocrx_word' id='word_1_505' title='bbox 1472 654 1584 697; x_wconf 87' lang='lat' dir='ltr'>aliud</span> <span class='ocrx_word' id='word_1_506' title='bbox 1612 655 1813 712; x_wconf 79' lang='lat' dir='ltr'>quiddam</span> <span class='ocrx_word' id='word_1_507' title='bbox 1840 655 1994 698; x_wconf 80' lang='lat' dir='ltr'>suerint</span> <span class='ocrx_word' id='word_1_508' title='bbox 2025 657 2303 699; x_wconf 73' lang='lat' dir='ltr'>Phila-norum</span> <span class='ocrx_word' id='word_1_509' title='bbox 2322 671 2403 699; x_wconf 84' lang='lat' dir='ltr'>arae</span> <span class='ocrx_word' id='word_1_510' title='bbox 2428 660 2446 713; x_wconf 96' lang='lat'>(</span> <span class='ocrx_word' id='word_1_511' title='bbox 2460 674 2710 717; x_wconf 77' lang='lat' dir='ltr'>quamquam</span> <span class='ocrx_word' id='word_1_512' title='bbox 2802 652 2808 683; x_wconf 94' lang='lat'><strong>⁴</strong></span> 
     </span>
     <span class='ocr_line' id='line_1_69' title="bbox 1473 717 2808 776; baseline 0.004 -18"><span class='ocrx_word' id='word_1_513' title='bbox 1473 730 1523 758; x_wconf 89' lang='lat' dir='ltr'>ex</span> <span class='ocrx_word' id='word_1_514' title='bbox 1553 718 1690 759; x_wconf 77' lang='lat' dir='ltr'>arenis</span> <span class='ocrx_word' id='word_1_515' title='bbox 1712 717 1837 760; x_wconf 77' lang='lat' dir='ltr'>ruisse</span> <span class='ocrx_word' id='word_1_516' title='bbox 1865 719 2023 761; x_wconf 87' lang='lat' dir='ltr'>Plinius</span> <span class='ocrx_word' id='word_1_517' title='bbox 2053 718 2157 760; x_wconf 91' lang='lat' dir='ltr'>dicit</span> <span class='ocrx_word' id='word_1_518' title='bbox 2181 721 2219 759; x_wconf 83' lang='lat' dir='ltr'><strong>V</strong></span> <span class='ocrx_word' id='word_1_519' title='bbox 2225 751 2236 771; x_wconf 93' lang='lat'>,</span> <span class='ocrx_word' id='word_1_520' title='bbox 2262 722 2286 769; x_wconf 93' lang='grc'><strong>4</strong></span> <span class='ocrx_word' id='word_1_521' title='bbox 2309 722 2343 774; x_wconf 89' lang='grc'>),</span> <span class='ocrx_word' id='word_1_522' title='bbox 2381 728 2428 761; x_wconf 93' lang='lat' dir='ltr'>ut</span> <span class='ocrx_word' id='word_1_523' title='bbox 2457 719 2714 776; x_wconf 67' lang='lat' dir='ltr'>jam&#39;Strabo</span> <span class='ocrx_word' id='word_1_524' title='bbox 2801 744 2808 764; x_wconf 82' lang='lat'>:</span> 
     </span>
     <span class='ocr_line' id='line_1_70' title="bbox 1473 779 2808 838; baseline 0.005 -18"><span class='ocrx_word' id='word_1_525' title='bbox 1473 791 1518 834; x_wconf 89' lang='lat' dir='ltr'>p.</span> <span class='ocrx_word' id='word_1_526' title='bbox 1543 792 1618 835; x_wconf 87' lang='lat'>¹7¹</span> <span class='ocrx_word' id='word_1_527' title='bbox 1648 792 1659 821; x_wconf 78' lang='lat' dir='ltr'><em>z</em></span> <span class='ocrx_word' id='word_1_528' title='bbox 1686 779 1804 828; x_wconf 80' lang='grc' dir='ltr'>Ἐθος</span> <span class='ocrx_word' id='word_1_529' title='bbox 1821 779 1897 837; x_wconf 81' lang='grc' dir='ltr'>γὰρ</span> <span class='ocrx_word' id='word_1_530' title='bbox 1923 780 2089 823; x_wconf 71' lang='grc' dir='ltr'>παλαιὸν</span> <span class='ocrx_word' id='word_1_531' title='bbox 2104 781 2253 838; x_wconf 75' lang='grc' dir='ltr'>ὓπῆρχε</span> <span class='ocrx_word' id='word_1_532' title='bbox 2276 782 2321 823; x_wconf 66' lang='lat' dir='ltr'>rb</span> <span class='ocrx_word' id='word_1_533' title='bbox 2337 782 2507 823; x_wconf 81' lang='grc' dir='ltr'>τίθεσθαι</span> <span class='ocrx_word' id='word_1_534' title='bbox 2519 783 2717 835; x_wconf 77' lang='grc' dir='ltr'>τοιούτους</span> <span class='ocrx_word' id='word_1_535' title='bbox 2800 783 2808 834; x_wconf 83' lang='lat' dir='ltr'>l</span> 
     </span>
     <span class='ocr_line' id='line_1_71' title="bbox 1474 837 2808 901; baseline 0.004 -19"><span class='ocrx_word' id='word_1_536' title='bbox 1474 841 1599 896; x_wconf 76' lang='grc' dir='ltr'>ὅρους,</span> <span class='ocrx_word' id='word_1_537' title='bbox 1626 842 1850 897; x_wconf 79' lang='grc' dir='ltr'>καθάπερ...</span> <span class='ocrx_word' id='word_1_538' title='bbox 1874 842 1940 883; x_wconf 75' lang='grc' dir='ltr'>καὶ</span> <span class='ocrx_word' id='word_1_539' title='bbox 1960 842 1999 884; x_wconf 82' lang='grc' dir='ltr'>οἱ</span> <span class='ocrx_word' id='word_1_540' title='bbox 2015 842 2215 884; x_wconf 82' lang='grc' dir='ltr'>Φιλαίνων</span> <span class='ocrx_word' id='word_1_541' title='bbox 2239 844 2448 901; x_wconf 81' lang='grc' dir='ltr'>λεγόμενοι</span> <span class='ocrx_word' id='word_1_542' title='bbox 2472 844 2600 901; x_wconf 73' lang='grc' dir='ltr'>βωμοὶ</span> <span class='ocrx_word' id='word_1_543' title='bbox 2616 845 2714 888; x_wconf 75' lang='grc' dir='ltr'>κατὰ</span> <span class='ocrx_word' id='word_1_544' title='bbox 2764 837 2771 847; x_wconf 69' lang='grc'><strong>’</strong></span> <span class='ocrx_word' id='word_1_545' title='bbox 2799 863 2808 901; x_wconf 61' lang='grc' dir='ltr'>ξε,</span> 
     </span>
     <span class='ocr_line' id='line_1_72' title="bbox 1477 901 2808 966; baseline 0.005 -22"><span class='ocrx_word' id='word_1_546' title='bbox 1477 904 1597 958; x_wconf 69' lang='grc' dir='ltr'>μέσην</span> <span class='ocrx_word' id='word_1_547' title='bbox 1619 918 1693 945; x_wconf 86' lang='grc' dir='ltr'>που</span> <span class='ocrx_word' id='word_1_548' title='bbox 1714 901 1784 955; x_wconf 77' lang='grc' dir='ltr'>τὴν</span> <span class='ocrx_word' id='word_1_549' title='bbox 1802 903 1942 960; x_wconf 61' lang='grc' dir='ltr'>μεταξὺ</span> <span class='ocrx_word' id='word_1_550' title='bbox 1959 909 2037 947; x_wconf 80' lang='grc' dir='ltr'>τῶν</span> <span class='ocrx_word' id='word_1_551' title='bbox 2052 904 2227 963; x_wconf 73' lang='grc' dir='ltr'>Σύρτεων</span> <span class='ocrx_word' id='word_1_552' title='bbox 2248 908 2264 960; x_wconf 95' lang='grc'><strong>(</strong></span> <span class='ocrx_word' id='word_1_553' title='bbox 2283 907 2362 948; x_wconf 89' lang='lat' dir='ltr'>hoc</span> <span class='ocrx_word' id='word_1_554' title='bbox 2383 921 2616 963; x_wconf 87' lang='lat' dir='ltr'>perperam,</span> <span class='ocrx_word' id='word_1_555' title='bbox 2633 909 2712 951; x_wconf 86' lang='lat' dir='ltr'>nisi</span> <span class='ocrx_word' id='word_1_556' title='bbox 2770 959 2774 963; x_wconf 34' lang='grc'>,</span> <span class='ocrx_word' id='word_1_557' title='bbox 2799 913 2808 966; x_wconf 57' lang='grc' dir='ltr'>ᾗ</span> 
     </span>
     <span class='ocr_line' id='line_1_73' title="bbox 1476 965 2808 1027; baseline 0.005 -20"><span class='ocrx_word' id='word_1_558' title='bbox 1476 965 1574 1008; x_wconf 81' lang='lat' dir='ltr'>fort.</span> <span class='ocrx_word' id='word_1_559' title='bbox 1595 967 1638 1007; x_wconf 89' lang='lat' dir='ltr'>in</span> <span class='ocrx_word' id='word_1_560' title='bbox 1656 968 1807 1021; x_wconf 79' lang='lat' dir='ltr'>Magna</span> <span class='ocrx_word' id='word_1_561' title='bbox 1827 968 1936 1023; x_wconf 86' lang='lat' dir='ltr'>Syrti</span> <span class='ocrx_word' id='word_1_562' title='bbox 1960 966 2158 1023; x_wconf 81' lang='lat' dir='ltr'>distingui</span> <span class='ocrx_word' id='word_1_563' title='bbox 2180 968 2356 1012; x_wconf 84' lang='lat' dir='ltr'>voluerit</span> <span class='ocrx_word' id='word_1_564' title='bbox 2383 972 2522 1027; x_wconf 84' lang='lat' dir='ltr'>Syrtin</span> <span class='ocrx_word' id='word_1_565' title='bbox 2544 971 2714 1014; x_wconf 75' lang='lat' dir='ltr'>Cartba-</span> <span class='ocrx_word' id='word_1_566' title='bbox 2796 972 2808 1023; x_wconf 64' lang='grc' dir='ltr'><em>ζ</em></span> 
     </span>
     <span class='ocr_line' id='line_1_74' title="bbox 1477 1028 2808 1089; baseline 0.005 -20"><span class='ocrx_word' id='word_1_567' title='bbox 1477 1028 1704 1082; x_wconf 84' lang='lat' dir='ltr'>giniensem</span> <span class='ocrx_word' id='word_1_568' title='bbox 1727 1036 1769 1070; x_wconf 91' lang='lat' dir='ltr'>et</span> <span class='ocrx_word' id='word_1_569' title='bbox 1791 1029 1930 1084; x_wconf 87' lang='lat' dir='ltr'>Syrtin</span> <span class='ocrx_word' id='word_1_570' title='bbox 1950 1029 2244 1085; x_wconf 75' lang='lat' dir='ltr'>Cyrenaimm;</span> <span class='ocrx_word' id='word_1_571' title='bbox 2268 1030 2358 1073; x_wconf 81' lang='lat' dir='ltr'>fieri</span> <span class='ocrx_word' id='word_1_572' title='bbox 2377 1033 2500 1075; x_wconf 84' lang='lat' dir='ltr'>etiam</span> <span class='ocrx_word' id='word_1_573' title='bbox 2518 1040 2653 1089; x_wconf 67' lang='lat' dir='ltr'>potest</span> <span class='ocrx_word' id='word_1_574' title='bbox 2668 1042 2715 1075; x_wconf 93' lang='lat' dir='ltr'>ut</span> <span class='ocrx_word' id='word_1_575' title='bbox 2805 1031 2808 1033; x_wconf 69' lang='grc'><strong>’</strong></span> 
     </span>
     <span class='ocr_line' id='line_1_75' title="bbox 1477 1091 2808 1152; baseline 0.006 -20"><span class='ocrx_word' id='word_1_576' title='bbox 1477 1091 1671 1148; x_wconf 77' lang='lat' dir='ltr'>Agrippae</span> <span class='ocrx_word' id='word_1_577' title='bbox 1694 1091 1855 1133; x_wconf 88' lang='lat' dir='ltr'>tabulas</span> <span class='ocrx_word' id='word_1_578' title='bbox 1882 1092 2172 1149; x_wconf 78' lang='lat' dir='ltr'>geographicas</span> <span class='ocrx_word' id='word_1_579' title='bbox 2186 1123 2198 1143; x_wconf 88' lang='lat'>‚</span> <span class='ocrx_word' id='word_1_580' title='bbox 2218 1093 2543 1149; x_wconf 74' lang='lat' dir='ltr'>Peutingerianae</span> <span class='ocrx_word' id='word_1_581' title='bbox 2564 1103 2715 1139; x_wconf 78' lang='lat' dir='ltr'>nostrae</span> <span class='ocrx_word' id='word_1_582' title='bbox 2788 1100 2808 1152; x_wconf 67' lang='grc' dir='ltr'>’ς</span> 
     </span>
     <span class='ocr_line' id='line_1_76' title="bbox 1481 1152 2808 1220; baseline 0.004 -25"><span class='ocrx_word' id='word_1_583' title='bbox 1481 1155 1641 1208; x_wconf 87' lang='lat' dir='ltr'>(quam</span> <span class='ocrx_word' id='word_1_584' title='bbox 1662 1152 1794 1208; x_wconf 82' lang='lat' dir='ltr'>vide)</span> <span class='ocrx_word' id='word_1_585' title='bbox 1818 1154 1986 1205; x_wconf 70' lang='lat' dir='ltr'>similoe,</span> <span class='ocrx_word' id='word_1_586' title='bbox 2015 1162 2110 1196; x_wconf 87' lang='lat' dir='ltr'>ante</span> <span class='ocrx_word' id='word_1_587' title='bbox 2144 1154 2286 1196; x_wconf 88' lang='lat' dir='ltr'>oculos</span> <span class='ocrx_word' id='word_1_588' title='bbox 2307 1154 2515 1199; x_wconf 82' lang='lat' dir='ltr'>hahuerit.</span> <span class='ocrx_word' id='word_1_589' title='bbox 2551 1158 2716 1200; x_wconf 79' lang='lat' dir='ltr'>Rectius</span> <span class='ocrx_word' id='word_1_590' title='bbox 2800 1154 2808 1220; x_wconf 61' lang='grc' dir='ltr'>ᾖ</span> 
     </span>
     <span class='ocr_line' id='line_1_77' title="bbox 1478 1215 2808 1274; baseline 0.005 -18"><span class='ocrx_word' id='word_1_591' title='bbox 1478 1215 1616 1257; x_wconf 88' lang='lat' dir='ltr'>locum</span> <span class='ocrx_word' id='word_1_592' title='bbox 1642 1216 1798 1259; x_wconf 90' lang='lat' dir='ltr'>indicat</span> <span class='ocrx_word' id='word_1_593' title='bbox 1829 1231 1872 1273; x_wconf 92' lang='lat' dir='ltr'>p.</span> <span class='ocrx_word' id='word_1_594' title='bbox 1906 1218 1987 1260; x_wconf 79' lang='lat'>836</span> <span class='ocrx_word' id='word_1_595' title='bbox 2009 1216 2078 1274; x_wconf 93' lang='lat'>)..</span> <span class='ocrx_word' id='word_1_596' title='bbox 2109 1215 2227 1259; x_wconf 78' lang='grc' dir='ltr'>Ἀλλὰ</span> <span class='ocrx_word' id='word_1_597' title='bbox 2248 1217 2315 1259; x_wconf 66' lang='grc' dir='ltr'>καὶ</span> <span class='ocrx_word' id='word_1_598' title='bbox 2341 1217 2430 1267; x_wconf 63' lang='grc' dir='ltr'>τοὺς</span> <span class='ocrx_word' id='word_1_599' title='bbox 2458 1218 2597 1270; x_wconf 80' lang='grc' dir='ltr'>τόπους</span> <span class='ocrx_word' id='word_1_600' title='bbox 2618 1219 2719 1270; x_wconf 71' lang='grc' dir='ltr'>εἰκός</span> <span class='ocrx_word' id='word_1_601' title='bbox 2802 1232 2808 1268; x_wconf 71' lang='lat'>1</span> 
     </span>
     <span class='ocr_line' id='line_1_78' title="bbox 1480 1277 2808 1338; baseline 0.002 -18"><span class='ocrx_word' id='word_1_602' title='bbox 1480 1278 1561 1320; x_wconf 81' lang='grc' dir='ltr'>ἐστι</span> <span class='ocrx_word' id='word_1_603' title='bbox 1581 1279 1893 1336; x_wconf 79' lang='grc' dir='ltr'>μεταλαμὸάνειν</span> <span class='ocrx_word' id='word_1_604' title='bbox 1922 1277 1993 1331; x_wconf 85' lang='grc' dir='ltr'>τὴν</span> <span class='ocrx_word' id='word_1_605' title='bbox 2023 1277 2141 1332; x_wconf 79' lang='grc' dir='ltr'>αὖτὴν</span> <span class='ocrx_word' id='word_1_606' title='bbox 2161 1280 2440 1336; x_wconf 81' lang='grc' dir='ltr'>προσηγορίαν,</span> <span class='ocrx_word' id='word_1_607' title='bbox 2462 1280 2527 1322; x_wconf 71' lang='grc' dir='ltr'>καὶ</span> <span class='ocrx_word' id='word_1_608' title='bbox 2550 1281 2717 1338; x_wconf 81' lang='grc' dir='ltr'>μάλιστα</span> <span class='ocrx_word' id='word_1_609' title='bbox 2802 1283 2808 1314; x_wconf 74' lang='grc' dir='ltr'><strong>Ξ</strong></span> 
     </span>
     <span class='ocr_line' id='line_1_79' title="bbox 1480 1340 2808 1402; baseline 0.004 -21"><span class='ocrx_word' id='word_1_610' title='bbox 1480 1340 1631 1383; x_wconf 80' lang='grc' dir='ltr'>ἐπειδὰν</span> <span class='ocrx_word' id='word_1_611' title='bbox 1659 1341 1681 1382; x_wconf 89' lang='grc' dir='ltr'>ό</span> <span class='ocrx_word' id='word_1_612' title='bbox 1705 1342 1847 1397; x_wconf 82' lang='grc' dir='ltr'>χρόνος</span> <span class='ocrx_word' id='word_1_613' title='bbox 1882 1342 2078 1399; x_wconf 82' lang='grc' dir='ltr'>διαφθείρῃ</span> <span class='ocrx_word' id='word_1_614' title='bbox 2099 1341 2187 1391; x_wconf 61' lang='grc' dir='ltr'>τοὺς</span> <span class='ocrx_word' id='word_1_615' title='bbox 2219 1343 2394 1392; x_wconf 82' lang='grc' dir='ltr'>τεθέντας</span> <span class='ocrx_word' id='word_1_616' title='bbox 2420 1343 2549 1399; x_wconf 80' lang='grc' dir='ltr'>ὅρους·</span> <span class='ocrx_word' id='word_1_617' title='bbox 2576 1342 2621 1385; x_wconf 85' lang='grc' dir='ltr'>οὗ</span> <span class='ocrx_word' id='word_1_618' title='bbox 2642 1344 2718 1402; x_wconf 70' lang='grc' dir='ltr'>γὰρ</span> <span class='ocrx_word' id='word_1_619' title='bbox 2805 1359 2808 1362; x_wconf 92' lang='grc'>·</span> 
     </span>
     <span class='ocr_line' id='line_1_80' title="bbox 1480 1403 2719 1464; baseline 0.004 -19"><span class='ocrx_word' id='word_1_620' title='bbox 1480 1407 1547 1445; x_wconf 83' lang='grc' dir='ltr'>νῦν</span> <span class='ocrx_word' id='word_1_621' title='bbox 1567 1404 1605 1445; x_wconf 77' lang='grc' dir='ltr'>οἱ</span> <span class='ocrx_word' id='word_1_622' title='bbox 1622 1403 1823 1446; x_wconf 88' lang='grc' dir='ltr'>Φιλαίνων</span> <span class='ocrx_word' id='word_1_623' title='bbox 1848 1405 1976 1460; x_wconf 70' lang='grc' dir='ltr'>βωμοὶ</span> <span class='ocrx_word' id='word_1_624' title='bbox 1997 1406 2190 1461; x_wconf 72' lang='grc' dir='ltr'>μένουσιν,</span> <span class='ocrx_word' id='word_1_625' title='bbox 2213 1404 2303 1446; x_wconf 78' lang='grc' dir='ltr'>ἀλλ’</span> <span class='ocrx_word' id='word_1_626' title='bbox 2337 1404 2359 1446; x_wconf 86' lang='grc' dir='ltr'>ό</span> <span class='ocrx_word' id='word_1_627' title='bbox 2381 1406 2497 1454; x_wconf 77' lang='grc' dir='ltr'>τόπος</span> <span class='ocrx_word' id='word_1_628' title='bbox 2515 1406 2719 1464; x_wconf 75' lang='grc' dir='ltr'>μετείληφε</span> 
     </span>
     <span class='ocr_line' id='line_1_81' title="bbox 1479 1464 2808 1525; baseline 0.002 -18"><span class='ocrx_word' id='word_1_629' title='bbox 1479 1464 1551 1516; x_wconf 77' lang='grc' dir='ltr'>τὴν</span> <span class='ocrx_word' id='word_1_630' title='bbox 1566 1466 1844 1523; x_wconf 80' lang='grc' dir='ltr'>προσηγορίαν.</span> <span class='ocrx_word' id='word_1_631' title='bbox 1862 1466 2080 1522; x_wconf 88' lang='lat' dir='ltr'>Ejusmodi</span> <span class='ocrx_word' id='word_1_632' title='bbox 2092 1467 2327 1509; x_wconf 87' lang='lat' dir='ltr'>terminiset</span> <span class='ocrx_word' id='word_1_633' title='bbox 2339 1469 2456 1523; x_wconf 86' lang='lat' dir='ltr'>quasi</span> <span class='ocrx_word' id='word_1_634' title='bbox 2472 1467 2643 1525; x_wconf 76' lang='grc' dir='ltr'>ἓρμαίοις</span> <span class='ocrx_word' id='word_1_635' title='bbox 2657 1470 2720 1512; x_wconf 89' lang='lat' dir='ltr'>in·</span> <span class='ocrx_word' id='word_1_636' title='bbox 2806 1507 2808 1509; x_wconf 83' lang='grc'><em>,</em></span> 
     </span>
     <span class='ocr_line' id='line_1_82' title="bbox 1481 1529 2808 1586; baseline 0.004 -16"><span class='ocrx_word' id='word_1_637' title='bbox 1481 1529 1662 1572; x_wconf 78' lang='lat' dir='ltr'>haerebat</span> <span class='ocrx_word' id='word_1_638' title='bbox 1671 1531 1864 1572; x_wconf 87' lang='lat' dir='ltr'>sanctitas</span> <span class='ocrx_word' id='word_1_639' title='bbox 1878 1546 1890 1582; x_wconf 86' lang='lat'>;</span> <span class='ocrx_word' id='word_1_640' title='bbox 1904 1529 2024 1586; x_wconf 90' lang='lat' dir='ltr'>eujus</span> <span class='ocrx_word' id='word_1_641' title='bbox 2032 1531 2211 1585; x_wconf 85' lang='lat' dir='ltr'>origines</span> <span class='ocrx_word' id='word_1_642' title='bbox 2225 1529 2439 1586; x_wconf 87' lang='lat' dir='ltr'>quomedo</span> <span class='ocrx_word' id='word_1_643' title='bbox 2450 1531 2493 1574; x_wconf 91' lang='lat' dir='ltr'>in</span> <span class='ocrx_word' id='word_1_644' title='bbox 2506 1531 2719 1575; x_wconf 86' lang='lat' dir='ltr'>historiam</span> <span class='ocrx_word' id='word_1_645' title='bbox 2783 1531 2808 1542; x_wconf 59' lang='lat'>&#39;³</span> 
     </span>
     <span class='ocr_line' id='line_1_83' title="bbox 1482 1590 2791 1649; baseline 0.005 -17"><span class='ocrx_word' id='word_1_646' title='bbox 1482 1590 1757 1643; x_wconf 86' lang='lat' dir='ltr'>traduxerint,</span> <span class='ocrx_word' id='word_1_647' title='bbox 1779 1600 1940 1633; x_wconf 89' lang='lat' dir='ltr'>constat</span> <span class='ocrx_word' id='word_1_648' title='bbox 1962 1606 2013 1633; x_wconf 88' lang='lat' dir='ltr'>ex</span> <span class='ocrx_word' id='word_1_649' title='bbox 2030 1593 2212 1633; x_wconf 89' lang='lat' dir='ltr'>romanis</span> <span class='ocrx_word' id='word_1_650' title='bbox 2229 1592 2517 1649; x_wconf 82' lang='lat' dir='ltr'>scriptoribus,</span> <span class='ocrx_word' id='word_1_651' title='bbox 2533 1593 2722 1637; x_wconf 82' lang='lat' dir='ltr'>Sallustio</span> <span class='ocrx_word' id='word_1_652' title='bbox 2790 1635 2791 1639; x_wconf 76' lang='grc'>,</span> 
     </span>
     <span class='ocr_line' id='line_1_84' title="bbox 1483 1652 2789 1708; baseline 0.004 -15"><span class='ocrx_word' id='word_1_653' title='bbox 1483 1653 1525 1692; x_wconf 89' lang='lat' dir='ltr'>in</span> <span class='ocrx_word' id='word_1_654' title='bbox 1545 1654 1641 1706; x_wconf 86' lang='lat' dir='ltr'>Jug.</span> <span class='ocrx_word' id='word_1_655' title='bbox 1669 1667 1707 1694; x_wconf 92' lang='lat' dir='ltr'>c.</span> <span class='ocrx_word' id='word_1_656' title='bbox 1729 1668 1799 1708; x_wconf 90' lang='lat'>79,</span> <span class='ocrx_word' id='word_1_657' title='bbox 1820 1652 1926 1694; x_wconf 88' lang='lat' dir='ltr'>Mela</span> <span class='ocrx_word' id='word_1_658' title='bbox 1958 1654 2002 1704; x_wconf 90' lang='lat'>1,</span> <span class='ocrx_word' id='word_1_659' title='bbox 2028 1668 2053 1708; x_wconf 93' lang='lat'><em>7</em></span> <span class='ocrx_word' id='word_1_660' title='bbox 2074 1661 2116 1694; x_wconf 92' lang='lat' dir='ltr'>et</span> <span class='ocrx_word' id='word_1_661' title='bbox 2146 1654 2328 1695; x_wconf 86' lang='lat' dir='ltr'>variante</span> <span class='ocrx_word' id='word_1_662' title='bbox 2354 1653 2407 1695; x_wconf 90' lang='lat' dir='ltr'>ab</span> <span class='ocrx_word' id='word_1_663' title='bbox 2437 1653 2503 1695; x_wconf 89' lang='lat' dir='ltr'>his</span> <span class='ocrx_word' id='word_1_664' title='bbox 2531 1656 2722 1699; x_wconf 88' lang='lat' dir='ltr'>nonnihil</span> <span class='ocrx_word' id='word_1_665' title='bbox 2788 1663 2789 1666; x_wconf 76' lang='grc'>’</span> 
     </span>
     <span class='ocr_line' id='line_1_85' title="bbox 1482 1711 2793 1769; baseline 0.004 -13"><span class='ocrx_word' id='word_1_666' title='bbox 1482 1715 1650 1756; x_wconf 86' lang='lat' dir='ltr'>Valerio</span> <span class='ocrx_word' id='word_1_667' title='bbox 1684 1717 1797 1757; x_wconf 88' lang='lat' dir='ltr'>Max.</span> <span class='ocrx_word' id='word_1_668' title='bbox 1829 1718 1886 1767; x_wconf 87' lang='lat' dir='ltr'>V,</span> <span class='ocrx_word' id='word_1_669' title='bbox 1917 1720 1966 1767; x_wconf 88' lang='lat'>6,</span> <span class='ocrx_word' id='word_1_670' title='bbox 1999 1719 2040 1766; x_wconf 92' lang='grc'><strong>4.</strong></span> <span class='ocrx_word' id='word_1_671' title='bbox 2066 1715 2227 1769; x_wconf 89' lang='lat' dir='ltr'>Quodsi</span> <span class='ocrx_word' id='word_1_672' title='bbox 2251 1717 2338 1758; x_wconf 75' lang='lat' dir='ltr'>haec</span> <span class='ocrx_word' id='word_1_673' title='bbox 2362 1730 2386 1757; x_wconf 90' lang='lat' dir='ltr'>e</span> <span class='ocrx_word' id='word_1_674' title='bbox 2408 1717 2576 1759; x_wconf 85' lang='lat' dir='ltr'>Punicis</span> <span class='ocrx_word' id='word_1_675' title='bbox 2605 1717 2723 1761; x_wconf 86' lang='lat' dir='ltr'>libris</span> <span class='ocrx_word' id='word_1_676' title='bbox 2790 1711 2793 1715; x_wconf 72' lang='lat'>,</span> 
     </span>
     <span class='ocr_line' id='line_1_86' title="bbox 1483 1776 2721 1836; baseline 0.004 -18"><span class='ocrx_word' id='word_1_677' title='bbox 1483 1776 1721 1829; x_wconf 89' lang='lat' dir='ltr'>traduntur,</span> <span class='ocrx_word' id='word_1_678' title='bbox 1746 1787 1792 1819; x_wconf 91' lang='lat' dir='ltr'>ut</span> <span class='ocrx_word' id='word_1_679' title='bbox 1821 1778 2000 1829; x_wconf 78' lang='lat' dir='ltr'>videtur,</span> <span class='ocrx_word' id='word_1_680' title='bbox 2021 1794 2173 1820; x_wconf 89' lang='lat' dir='ltr'>nomen</span> <span class='ocrx_word' id='word_1_681' title='bbox 2195 1779 2490 1831; x_wconf 72' lang='lat' dir='ltr'>Philaenorum,</span> <span class='ocrx_word' id='word_1_682' title='bbox 2507 1779 2621 1836; x_wconf 87' lang='lat' dir='ltr'>quod</span> <span class='ocrx_word' id='word_1_683' title='bbox 2634 1779 2721 1836; x_wconf 79' lang='lat' dir='ltr'>jam</span> 
     </span>
     <span class='ocr_line' id='line_1_87' title="bbox 1484 1839 2722 1899; baseline 0.005 -19"><span class='ocrx_word' id='word_1_684' title='bbox 1484 1839 1626 1895; x_wconf 83' lang='lat' dir='ltr'>Scylax</span> <span class='ocrx_word' id='word_1_685' title='bbox 1653 1842 1787 1892; x_wconf 88' lang='lat' dir='ltr'>novit,</span> <span class='ocrx_word' id='word_1_686' title='bbox 1820 1855 1870 1882; x_wconf 90' lang='lat' dir='ltr'>ex</span> <span class='ocrx_word' id='word_1_687' title='bbox 1903 1842 2063 1883; x_wconf 88' lang='lat' dir='ltr'>Punico</span> <span class='ocrx_word' id='word_1_688' title='bbox 2095 1841 2157 1882; x_wconf 78' lang='lat' dir='ltr'>vel</span> <span class='ocrx_word' id='word_1_689' title='bbox 2195 1855 2360 1882; x_wconf 82' lang='lat' dir='ltr'>versum</span> <span class='ocrx_word' id='word_1_690' title='bbox 2387 1840 2450 1882; x_wconf 89' lang='lat' dir='ltr'>vel</span> <span class='ocrx_word' id='word_1_691' title='bbox 2479 1851 2722 1899; x_wconf 88' lang='lat' dir='ltr'>corruptum</span> 
     </span>
     <span class='ocr_line' id='line_1_88' title="bbox 1484 1902 2728 1962; baseline 0.004 -19"><span class='ocrx_word' id='word_1_692' title='bbox 1484 1911 1545 1943; x_wconf 89' lang='lat' dir='ltr'>est</span> <span class='ocrx_word' id='word_1_693' title='bbox 1563 1904 1579 1955; x_wconf 90' lang='lat'><strong>(</strong></span> <span class='ocrx_word' id='word_1_694' title='bbox 1594 1902 1724 1945; x_wconf 88' lang='lat' dir='ltr'>Solin.</span> <span class='ocrx_word' id='word_1_695' title='bbox 1743 1918 1782 1944; x_wconf 91' lang='lat' dir='ltr'>c.</span> <span class='ocrx_word' id='word_1_696' title='bbox 1805 1903 1859 1946; x_wconf 86' lang='lat'>30</span> <span class='ocrx_word' id='word_1_697' title='bbox 1876 1916 1887 1944; x_wconf 72' lang='grc' dir='ltr'>ε</span> <span class='ocrx_word' id='word_1_698' title='bbox 1905 1903 2326 1957; x_wconf 64' lang='lat' dir='ltr'>Phila-nissratribas</span> <span class='ocrx_word' id='word_1_699' title='bbox 2341 1918 2369 1944; x_wconf 91' lang='lat' dir='ltr'>a</span> <span class='ocrx_word' id='word_1_700' title='bbox 2381 1902 2519 1945; x_wconf 79' lang='lat' dir='ltr'>laudis</span> <span class='ocrx_word' id='word_1_701' title='bbox 2531 1904 2728 1962; x_wconf 79' lang='lat' dir='ltr'>cupidine</span> 
     </span>
     <span class='ocr_line' id='line_1_89' title="bbox 1486 1963 2808 2023; baseline 0.005 -18"><span class='ocrx_word' id='word_1_702' title='bbox 1486 1964 1660 2006; x_wconf 80' lang='lat' dir='ltr'>Graium</span> <span class='ocrx_word' id='word_1_703' title='bbox 1679 1979 1871 2006; x_wconf 82' lang='lat' dir='ltr'>vocamen</span> <span class='ocrx_word' id='word_1_704' title='bbox 1894 1963 2039 2006; x_wconf 78' lang='lat' dir='ltr'>datam</span> <span class='ocrx_word' id='word_1_705' title='bbox 2059 1967 2091 2019; x_wconf 93' lang='lat'>).</span> <span class='ocrx_word' id='word_1_706' title='bbox 2112 1966 2306 2006; x_wconf 84' lang='lat' dir='ltr'>Ceterum</span> <span class='ocrx_word' id='word_1_707' title='bbox 2325 1964 2378 2006; x_wconf 88' lang='lat' dir='ltr'>de</span> <span class='ocrx_word' id='word_1_708' title='bbox 2397 1964 2462 2006; x_wconf 84' lang='lat' dir='ltr'>his</span> <span class='ocrx_word' id='word_1_709' title='bbox 2475 1966 2558 2007; x_wconf 80' lang='lat' dir='ltr'>aris</span> <span class='ocrx_word' id='word_1_710' title='bbox 2575 1975 2726 2023; x_wconf 77' lang='lat' dir='ltr'>praeter</span> <span class='ocrx_word' id='word_1_711' title='bbox 2805 2003 2808 2012; x_wconf 89' lang='lat'>.</span> 
     </span>
     <span class='ocr_line' id='line_1_90' title="bbox 1485 2022 2808 2085; baseline 0.004 -18"><span class='ocrx_word' id='word_1_712' title='bbox 1485 2026 1671 2069; x_wconf 89' lang='lat' dir='ltr'>laudatos</span> <span class='ocrx_word' id='word_1_713' title='bbox 1686 2027 1741 2070; x_wconf 82' lang='lat' dir='ltr'>cf.</span> <span class='ocrx_word' id='word_1_714' title='bbox 1755 2027 1951 2070; x_wconf 88' lang='lat' dir='ltr'>Pliniusl.</span> <span class='ocrx_word' id='word_1_715' title='bbox 1969 2027 2015 2078; x_wconf 90' lang='grc'>1.,</span> <span class='ocrx_word' id='word_1_716' title='bbox 2033 2028 2207 2069; x_wconf 88' lang='lat' dir='ltr'>Orosius</span> <span class='ocrx_word' id='word_1_717' title='bbox 2219 2030 2255 2078; x_wconf 89' lang='grc' dir='ltr'>Ι,</span> <span class='ocrx_word' id='word_1_718' title='bbox 2271 2041 2312 2078; x_wconf 82' lang='lat'>2,</span> <span class='ocrx_word' id='word_1_719' title='bbox 2329 2027 2530 2070; x_wconf 83' lang='lat' dir='ltr'>AEthicus.</span> <span class='ocrx_word' id='word_1_720' title='bbox 2547 2042 2592 2085; x_wconf 90' lang='lat' dir='ltr'>p.</span> <span class='ocrx_word' id='word_1_721' title='bbox 2613 2030 2692 2085; x_wconf 81' lang='lat'>731</span> <span class='ocrx_word' id='word_1_722' title='bbox 2710 2043 2723 2072; x_wconf 72' lang='grc' dir='ltr'>ε</span> <span class='ocrx_word' id='word_1_723' title='bbox 2806 2022 2808 2028; x_wconf 59' lang='grc'><strong>’</strong></span> 
     </span>
     <span class='ocr_line' id='line_1_91' title="bbox 1486 2089 2726 2147; baseline 0.002 -16"><span class='ocrx_word' id='word_1_724' title='bbox 1486 2089 1617 2145; x_wconf 75' lang='lat' dir='ltr'>Libya</span> <span class='ocrx_word' id='word_1_725' title='bbox 1637 2090 1888 2145; x_wconf 55' lang='lat' dir='ltr'>Cyrenaica..</span> <span class='ocrx_word' id='word_1_726' title='bbox 1912 2104 2036 2147; x_wconf 82' lang='lat' dir='ltr'>usque</span> <span class='ocrx_word' id='word_1_727' title='bbox 2050 2089 2109 2131; x_wconf 82' lang='lat' dir='ltr'>ad</span> <span class='ocrx_word' id='word_1_728' title='bbox 2127 2104 2225 2131; x_wconf 81' lang='lat' dir='ltr'>aras</span> <span class='ocrx_word' id='word_1_729' title='bbox 2245 2090 2519 2132; x_wconf 67' lang='lat' dir='ltr'>Philaenorum</span> <span class='ocrx_word' id='word_1_730' title='bbox 2541 2091 2726 2134; x_wconf 76' lang='lat' dir='ltr'>extendi·</span> 
     </span>
     <span class='ocr_line' id='line_1_92' title="bbox 1487 2150 2728 2208; baseline 0.004 -18"><span class='ocrx_word' id='word_1_731' title='bbox 1487 2160 1571 2202; x_wconf 80' lang='lat' dir='ltr'>tur,</span> <span class='ocrx_word' id='word_1_732' title='bbox 1595 2161 1637 2194; x_wconf 92' lang='lat' dir='ltr'>et</span> <span class='ocrx_word' id='word_1_733' title='bbox 1657 2166 1701 2208; x_wconf 86' lang='lat' dir='ltr'>p.</span> <span class='ocrx_word' id='word_1_734' title='bbox 1737 2165 1818 2207; x_wconf 80' lang='lat'>72²</span> <span class='ocrx_word' id='word_1_735' title='bbox 1835 2184 1846 2203; x_wconf 94' lang='lat'>,</span> <span class='ocrx_word' id='word_1_736' title='bbox 1870 2152 1944 2193; x_wconf 89' lang='lat' dir='ltr'>ubi</span> <span class='ocrx_word' id='word_1_737' title='bbox 1972 2154 2080 2194; x_wconf 87' lang='lat' dir='ltr'>inter</span> <span class='ocrx_word' id='word_1_738' title='bbox 2101 2150 2255 2208; x_wconf 87' lang='lat' dir='ltr'>oppida</span> <span class='ocrx_word' id='word_1_739' title='bbox 2291 2160 2528 2195; x_wconf 87' lang='lat' dir='ltr'>recensetur</span> <span class='ocrx_word' id='word_1_740' title='bbox 2556 2153 2698 2195; x_wconf 72' lang='lat' dir='ltr'>Filena</span> <span class='ocrx_word' id='word_1_741' title='bbox 2713 2173 2728 2203; x_wconf 88' lang='grc'>,-</span> 
     </span>
     <span class='ocr_line' id='line_1_93' title="bbox 1484 2213 2727 2269; baseline 0.004 -15"><span class='ocrx_word' id='word_1_742' title='bbox 1484 2213 1644 2255; x_wconf 85' lang='lat' dir='ltr'>Tabula</span> <span class='ocrx_word' id='word_1_743' title='bbox 1671 2228 1840 2269; x_wconf 89' lang='lat' dir='ltr'>quoque</span> <span class='ocrx_word' id='word_1_744' title='bbox 1862 2216 1982 2256; x_wconf 90' lang='lat' dir='ltr'>Peut.</span> <span class='ocrx_word' id='word_1_745' title='bbox 2020 2221 2222 2255; x_wconf 87' lang='lat' dir='ltr'>memorat</span> <span class='ocrx_word' id='word_1_746' title='bbox 2247 2228 2338 2256; x_wconf 88' lang='lat' dir='ltr'>aras</span> <span class='ocrx_word' id='word_1_747' title='bbox 2361 2214 2439 2257; x_wconf 88' lang='lat' dir='ltr'>Ph.</span> <span class='ocrx_word' id='word_1_748' title='bbox 2473 2214 2527 2257; x_wconf 67' lang='grc' dir='ltr'>αδ</span> <span class='ocrx_word' id='word_1_749' title='bbox 2550 2213 2651 2259; x_wconf 81' lang='lat' dir='ltr'>mill.</span> <span class='ocrx_word' id='word_1_750' title='bbox 2675 2217 2727 2259; x_wconf 85' lang='lat' dir='ltr'>ab</span> 
     </span>
     <span class='ocr_line' id='line_1_94' title="bbox 1486 2275 2725 2327; baseline 0.004 -10"><span class='ocrx_word' id='word_1_751' title='bbox 1486 2275 1677 2318; x_wconf 82' lang='lat' dir='ltr'>Anabuci</span> <span class='ocrx_word' id='word_1_752' title='bbox 1702 2275 1922 2327; x_wconf 82' lang='lat' dir='ltr'>distantes3</span> <span class='ocrx_word' id='word_1_753' title='bbox 1948 2275 2059 2317; x_wconf 90' lang='lat' dir='ltr'>idem</span> <span class='ocrx_word' id='word_1_754' title='bbox 2083 2276 2343 2318; x_wconf 80' lang='lat' dir='ltr'>intervallum</span> <span class='ocrx_word' id='word_1_755' title='bbox 2364 2277 2406 2318; x_wconf 89' lang='lat' dir='ltr'>in</span> <span class='ocrx_word' id='word_1_756' title='bbox 2428 2277 2649 2321; x_wconf 83' lang='lat' dir='ltr'>Itinerario</span> <span class='ocrx_word' id='word_1_757' title='bbox 2667 2288 2725 2322; x_wconf 86' lang='lat' dir='ltr'>est</span> 
     </span>
    </p>

    <p class='ocr_par' dir='ltr' id='par_1_12' title="bbox 1486 2337 2729 2460">
     <span class='ocr_line' id='line_1_95' title="bbox 1486 2337 2728 2395; baseline 0.004 -16"><span class='ocrx_word' id='word_1_758' title='bbox 1486 2338 1539 2379; x_wconf 90' lang='lat' dir='ltr'>ab</span> <span class='ocrx_word' id='word_1_759' title='bbox 1562 2338 1770 2381; x_wconf 84' lang='lat' dir='ltr'>Anabucis</span> <span class='ocrx_word' id='word_1_760' title='bbox 1789 2337 1842 2380; x_wconf 91' lang='lat' dir='ltr'>ad</span> <span class='ocrx_word' id='word_1_761' title='bbox 1861 2338 1998 2380; x_wconf 90' lang='lat' dir='ltr'>locum</span> <span class='ocrx_word' id='word_1_762' title='bbox 2018 2337 2315 2389; x_wconf 82' lang='lat' dir='ltr'>Benadad-ari,</span> <span class='ocrx_word' id='word_1_763' title='bbox 2335 2340 2378 2380; x_wconf 92' lang='lat' dir='ltr'>in</span> <span class='ocrx_word' id='word_1_764' title='bbox 2398 2353 2483 2395; x_wconf 94' lang='lat' dir='ltr'>quo</span> <span class='ocrx_word' id='word_1_765' title='bbox 2510 2339 2636 2383; x_wconf 84' lang='lat' dir='ltr'>latere</span> <span class='ocrx_word' id='word_1_766' title='bbox 2655 2356 2728 2384; x_wconf 85' lang='lat' dir='ltr'>no·</span> 
     </span>
     <span class='ocr_line' id='line_1_96' title="bbox 1487 2400 2729 2460; baseline 0.002 -18"><span class='ocrx_word' id='word_1_767' title='bbox 1487 2415 1583 2442; x_wconf 90' lang='lat' dir='ltr'>men</span> <span class='ocrx_word' id='word_1_768' title='bbox 1599 2401 1980 2443; x_wconf 87' lang='lat' dir='ltr'>ararumPunieum</span> <span class='ocrx_word' id='word_1_769' title='bbox 1996 2401 2273 2457; x_wconf 76' lang='lat' dir='ltr'>suspicantur.</span> <span class='ocrx_word' id='word_1_770' title='bbox 2288 2400 2413 2455; x_wconf 91' lang='lat' dir='ltr'>Quod</span> <span class='ocrx_word' id='word_1_771' title='bbox 2439 2403 2585 2444; x_wconf 87' lang='lat' dir='ltr'>attinet</span> <span class='ocrx_word' id='word_1_772' title='bbox 2606 2404 2729 2460; x_wconf 76' lang='grc' dir='ltr'>ὅρμον</span> 
     </span>
    </p>

    <p class='ocr_par' dir='ltr' id='par_1_13' title="bbox 1488 2462 2729 2520">
     <span class='ocr_line' id='line_1_97' title="bbox 1488 2462 2729 2520; baseline 0.002 -16"><span class='ocrx_word' id='word_1_773' title='bbox 1488 2472 1531 2505; x_wconf 91' lang='lat' dir='ltr'>et</span> <span class='ocrx_word' id='word_1_774' title='bbox 1550 2462 1806 2520; x_wconf 81' lang='grc' dir='ltr'>ἀκρωτήριον,</span> <span class='ocrx_word' id='word_1_775' title='bbox 1831 2462 1975 2505; x_wconf 80' lang='lat' dir='ltr'>confer</span> <span class='ocrx_word' id='word_1_776' title='bbox 1998 2464 2205 2520; x_wconf 78' lang='lat' dir='ltr'>Scylacem</span> <span class='ocrx_word' id='word_1_777' title='bbox 2230 2478 2274 2520; x_wconf 89' lang='lat' dir='ltr'>p.</span> <span class='ocrx_word' id='word_1_778' title='bbox 2298 2464 2349 2506; x_wconf 88' lang='lat'>85</span> <span class='ocrx_word' id='word_1_779' title='bbox 2366 2495 2378 2515; x_wconf 91' lang='lat'>,</span> <span class='ocrx_word' id='word_1_780' title='bbox 2399 2463 2471 2506; x_wconf 84' lang='lat' dir='ltr'>ubi</span> <span class='ocrx_word' id='word_1_781' title='bbox 2494 2463 2625 2508; x_wconf 82' lang='lat' dir='ltr'>codex</span> <span class='ocrx_word' id='word_1_782' title='bbox 2652 2479 2662 2508; x_wconf 90' lang='lat'>:</span> <span class='ocrx_word' id='word_1_783' title='bbox 2688 2465 2729 2509; x_wconf 70' lang='lat' dir='ltr'>iv</span> 
     </span>
    </p>

    <p class='ocr_par' dir='ltr' id='par_1_14' title="bbox 1487 2523 2808 2707">
     <span class='ocr_line' id='line_1_98' title="bbox 1487 2523 2728 2585; baseline 0.002 -18"><span class='ocrx_word' id='word_1_784' title='bbox 1487 2530 1543 2582; x_wconf 79' lang='grc' dir='ltr'>τῷ</span> <span class='ocrx_word' id='word_1_785' title='bbox 1557 2524 1776 2580; x_wconf 80' lang='grc' dir='ltr'>κοιλοτάτῳ</span> <span class='ocrx_word' id='word_1_786' title='bbox 1804 2528 1871 2579; x_wconf 82' lang='grc' dir='ltr'>τῆς</span> <span class='ocrx_word' id='word_1_787' title='bbox 1886 2523 2088 2581; x_wconf 82' lang='grc' dir='ltr'>Σύρτιδος,</span> <span class='ocrx_word' id='word_1_788' title='bbox 2111 2525 2150 2568; x_wconf 83' lang='grc' dir='ltr'>ἔν</span> <span class='ocrx_word' id='word_1_789' title='bbox 2167 2530 2224 2583; x_wconf 79' lang='grc' dir='ltr'>τῷ</span> <span class='ocrx_word' id='word_1_790' title='bbox 2244 2531 2372 2583; x_wconf 79' lang='grc' dir='ltr'>μυχῷ,</span> <span class='ocrx_word' id='word_1_791' title='bbox 2396 2525 2566 2569; x_wconf 78' lang='grc' dir='ltr'>Φιλαιοΰ</span> <span class='ocrx_word' id='word_1_792' title='bbox 2582 2528 2728 2585; x_wconf 81' lang='grc' dir='ltr'>βωμός,</span> 
     </span>
     <span class='ocr_line' id='line_1_99' title="bbox 1489 2588 2808 2646; baseline 0.001 -16"><span class='ocrx_word' id='word_1_793' title='bbox 1489 2588 1653 2630; x_wconf 82' lang='grc' dir='ltr'>ἐπίνειον</span> <span class='ocrx_word' id='word_1_794' title='bbox 1696 2588 1907 2645; x_wconf 71' lang='grc' dir='ltr'>Ἅμμουνες</span> <span class='ocrx_word' id='word_1_795' title='bbox 1939 2588 2057 2637; x_wconf 79' lang='grc' dir='ltr'>ἁλοῦς</span> <span class='ocrx_word' id='word_1_796' title='bbox 2094 2591 2162 2641; x_wconf 83' lang='grc' dir='ltr'>τῆς</span> <span class='ocrx_word' id='word_1_797' title='bbox 2197 2589 2390 2645; x_wconf 86' lang='grc' dir='ltr'>Συρτίδος.</span> <span class='ocrx_word' id='word_1_798' title='bbox 2429 2590 2479 2631; x_wconf 89' lang='lat' dir='ltr'>In</span> <span class='ocrx_word' id='word_1_799' title='bbox 2512 2592 2731 2646; x_wconf 83' lang='lat' dir='ltr'>postremis</span> <span class='ocrx_word' id='word_1_800' title='bbox 2804 2630 2808 2631; x_wconf 21' lang='lat'><em>⁷</em></span> 
     </span>
     <span class='ocr_line' id='line_1_100' title="bbox 1490 2650 2730 2707; baseline 0.002 -15"><span class='ocrx_word' id='word_1_801' title='bbox 1490 2650 1641 2693; x_wconf 80' lang='lat' dir='ltr'>frustra</span> <span class='ocrx_word' id='word_1_802' title='bbox 1662 2650 1920 2693; x_wconf 88' lang='lat' dir='ltr'>desudarunt</span> <span class='ocrx_word' id='word_1_803' title='bbox 1941 2652 2201 2707; x_wconf 87' lang='lat' dir='ltr'>interpretes,</span> <span class='ocrx_word' id='word_1_804' title='bbox 2226 2651 2380 2707; x_wconf 89' lang='lat' dir='ltr'>quibus</span> <span class='ocrx_word' id='word_1_805' title='bbox 2398 2650 2505 2694; x_wconf 86' lang='lat' dir='ltr'>adde</span> <span class='ocrx_word' id='word_1_806' title='bbox 2522 2652 2730 2695; x_wconf 84' lang='lat' dir='ltr'>Millerum</span> 
     </span>
    </p>

    <p class='ocr_par' dir='ltr' id='par_1_15' title="bbox 1489 2705 2808 2897">
     <span class='ocr_line' id='line_1_101' title="bbox 1490 2705 2730 2770; baseline 0.002 -16"><span class='ocrx_word' id='word_1_807' title='bbox 1490 2714 1531 2755; x_wconf 89' lang='lat' dir='ltr'>in</span> <span class='ocrx_word' id='word_1_808' title='bbox 1555 2705 1681 2766; x_wconf 73' lang='lat' dir='ltr'>E&#39;logc</span> <span class='ocrx_word' id='word_1_809' title='bbox 1701 2713 1751 2754; x_wconf 84' lang='lat' dir='ltr'>de</span> <span class='ocrx_word' id='word_1_810' title='bbox 1777 2713 1818 2754; x_wconf 89' lang='lat' dir='ltr'>Ia</span> <span class='ocrx_word' id='word_1_811' title='bbox 1840 2712 2052 2755; x_wconf 77' lang='lat' dir='ltr'>Chevelure</span> <span class='ocrx_word' id='word_1_812' title='bbox 2073 2714 2220 2766; x_wconf 88' lang='lat' dir='ltr'>(Paris</span> <span class='ocrx_word' id='word_1_813' title='bbox 2244 2715 2350 2759; x_wconf 75' lang='grc'><strong>1840</strong></span> <span class='ocrx_word' id='word_1_814' title='bbox 2365 2714 2381 2768; x_wconf 91' lang='grc'>)</span> <span class='ocrx_word' id='word_1_815' title='bbox 2399 2727 2442 2769; x_wconf 87' lang='lat' dir='ltr'>p.</span> <span class='ocrx_word' id='word_1_816' title='bbox 2470 2726 2519 2756; x_wconf 76' lang='lat'>21</span> <span class='ocrx_word' id='word_1_817' title='bbox 2528 2745 2540 2766; x_wconf 88' lang='lat'>,</span> <span class='ocrx_word' id='word_1_818' title='bbox 2565 2713 2636 2756; x_wconf 90' lang='lat' dir='ltr'>ubi</span> <span class='ocrx_word' id='word_1_819' title='bbox 2653 2714 2730 2770; x_wconf 76' lang='lat' dir='ltr'>legi</span> 
     </span>
     <span class='ocr_line' id='line_1_102' title="bbox 1492 2775 2808 2836; baseline 0.002 -17"><span class='ocrx_word' id='word_1_820' title='bbox 1492 2777 1594 2819; x_wconf 90' lang='lat' dir='ltr'>vult.</span> <span class='ocrx_word' id='word_1_821' title='bbox 1717 2776 1881 2819; x_wconf 76' lang='grc' dir='ltr'>ἐπίνειον</span> <span class='ocrx_word' id='word_1_822' title='bbox 1899 2778 1923 2818; x_wconf 75' lang='grc' dir='ltr'><strong>ὃ</strong></span> <span class='ocrx_word' id='word_1_823' title='bbox 1946 2776 2082 2833; x_wconf 75' lang='grc' dir='ltr'>ἥμισῦς</span> <span class='ocrx_word' id='word_1_824' title='bbox 2105 2775 2185 2818; x_wconf 80' lang='grc' dir='ltr'>ἐστι</span> <span class='ocrx_word' id='word_1_825' title='bbox 2208 2777 2327 2825; x_wconf 82' lang='grc' dir='ltr'>πλοῦς</span> <span class='ocrx_word' id='word_1_826' title='bbox 2350 2792 2386 2819; x_wconf 77' lang='grc' dir='ltr'>τ.</span> <span class='ocrx_word' id='word_1_827' title='bbox 2421 2777 2468 2820; x_wconf 85' lang='grc' dir='ltr'><strong>Σ.</strong></span> <span class='ocrx_word' id='word_1_828' title='bbox 2490 2778 2560 2832; x_wconf 81' lang='lat' dir='ltr'>(ee</span> <span class='ocrx_word' id='word_1_829' title='bbox 2579 2778 2654 2821; x_wconf 77' lang='lat' dir='ltr'>hoc</span> <span class='ocrx_word' id='word_1_830' title='bbox 2671 2789 2732 2821; x_wconf 83' lang='lat' dir='ltr'>ese</span> <span class='ocrx_word' id='word_1_831' title='bbox 2797 2793 2808 2836; x_wconf 66' lang='grc' dir='ltr'>ξ</span> 
     </span>
     <span class='ocr_line' id='line_1_103' title="bbox 1489 2838 2730 2897; baseline 0.003 -16"><span class='ocrx_word' id='word_1_832' title='bbox 1489 2838 1670 2881; x_wconf 80' lang='lat' dir='ltr'>dimidia</span> <span class='ocrx_word' id='word_1_833' title='bbox 1685 2838 1817 2895; x_wconf 76' lang='lat' dir='ltr'>Syrtis</span> <span class='ocrx_word' id='word_1_834' title='bbox 1826 2838 2232 2897; x_wconf 69' lang='lat' dir='ltr'>praem-navigatio),</span> <span class='ocrx_word' id='word_1_835' title='bbox 2247 2838 2359 2895; x_wconf 91' lang='lat' dir='ltr'>quod</span> <span class='ocrx_word' id='word_1_836' title='bbox 2375 2838 2602 2883; x_wconf 83' lang='lat' dir='ltr'>dicendum</span> <span class='ocrx_word' id='word_1_837' title='bbox 2613 2850 2702 2885; x_wconf 80' lang='lat' dir='ltr'>erat</span> <span class='ocrx_word' id='word_1_838' title='bbox 2719 2856 2730 2885; x_wconf 76' lang='grc' dir='ltr'>ε</span> 
     </span>
    </p>

    <p class='ocr_par' dir='ltr' id='par_1_16' title="bbox 1491 2897 2787 4078">
     <span class='ocr_line' id='line_1_104' title="bbox 1491 2897 2732 2962; baseline 0.002 -19"><span class='ocrx_word' id='word_1_839' title='bbox 1491 2901 1543 2951; x_wconf 79' lang='grc' dir='ltr'>εἰς</span> <span class='ocrx_word' id='word_1_840' title='bbox 1557 2903 1580 2943; x_wconf 81' lang='grc' dir='ltr'>’ὁ</span> <span class='ocrx_word' id='word_1_841' title='bbox 1595 2901 1658 2943; x_wconf 86' lang='lat' dir='ltr'>vel</span> <span class='ocrx_word' id='word_1_842' title='bbox 1685 2902 1756 2951; x_wconf 75' lang='grc' dir='ltr'>ἕως</span> <span class='ocrx_word' id='word_1_843' title='bbox 1775 2897 1844 2954; x_wconf 69' lang='grc' dir='ltr'>οὗ,</span> <span class='ocrx_word' id='word_1_844' title='bbox 1871 2909 1912 2944; x_wconf 90' lang='lat' dir='ltr'>at</span> <span class='ocrx_word' id='word_1_845' title='bbox 1933 2899 1987 2944; x_wconf 92' lang='lat' dir='ltr'>de</span> <span class='ocrx_word' id='word_1_846' title='bbox 2007 2902 2213 2944; x_wconf 85' lang='lat' dir='ltr'>mensuris</span> <span class='ocrx_word' id='word_1_847' title='bbox 2236 2910 2377 2958; x_wconf 84' lang='lat' dir='ltr'>postea</span> <span class='ocrx_word' id='word_1_848' title='bbox 2393 2902 2563 2947; x_wconf 89' lang='lat' dir='ltr'>demum</span> <span class='ocrx_word' id='word_1_849' title='bbox 2585 2904 2732 2962; x_wconf 68' lang='lat' dir='ltr'>Scylax</span> 
     </span>
     <span class='ocr_line' id='line_1_105' title="bbox 1491 2962 2732 3022; baseline 0.002 -16"><span class='ocrx_word' id='word_1_850' title='bbox 1491 2964 1677 3020; x_wconf 91' lang='lat' dir='ltr'>loquitur</span> <span class='ocrx_word' id='word_1_851' title='bbox 1706 2962 1832 3020; x_wconf 90' lang='lat' dir='ltr'>idque</span> <span class='ocrx_word' id='word_1_852' title='bbox 1854 2964 1909 3005; x_wconf 89' lang='lat' dir='ltr'>ita</span> <span class='ocrx_word' id='word_1_853' title='bbox 1931 2971 1978 3005; x_wconf 92' lang='lat' dir='ltr'>ut</span> <span class='ocrx_word' id='word_1_854' title='bbox 1998 2963 2105 3005; x_wconf 90' lang='lat' dir='ltr'>latus</span> <span class='ocrx_word' id='word_1_855' title='bbox 2133 2964 2264 3021; x_wconf 82' lang='lat' dir='ltr'>Syrtis</span> <span class='ocrx_word' id='word_1_856' title='bbox 2293 2964 2492 3008; x_wconf 82' lang='lat' dir='ltr'>orientale</span> <span class='ocrx_word' id='word_1_857' title='bbox 2523 2979 2655 3022; x_wconf 86' lang='lat' dir='ltr'>usque</span> <span class='ocrx_word' id='word_1_858' title='bbox 2679 2965 2732 3008; x_wconf 87' lang='lat' dir='ltr'>ad</span> 
     </span>
     <span class='ocr_line' id='line_1_106' title="bbox 1492 3025 2732 3083; baseline 0.002 -16"><span class='ocrx_word' id='word_1_859' title='bbox 1492 3041 1582 3067; x_wconf 89' lang='lat' dir='ltr'>aras</span> <span class='ocrx_word' id='word_1_860' title='bbox 1601 3028 1653 3067; x_wconf 91' lang='lat' dir='ltr'>sit</span> <span class='ocrx_word' id='word_1_861' title='bbox 1684 3026 1811 3068; x_wconf 90' lang='lat' dir='ltr'>tridui</span> <span class='ocrx_word' id='word_1_862' title='bbox 1834 3034 1874 3067; x_wconf 92' lang='lat' dir='ltr'>et</span> <span class='ocrx_word' id='word_1_863' title='bbox 1897 3026 2078 3067; x_wconf 87' lang='lat' dir='ltr'>trinoctii</span> <span class='ocrx_word' id='word_1_864' title='bbox 2092 3057 2103 3076; x_wconf 98' lang='lat'>,</span> <span class='ocrx_word' id='word_1_865' title='bbox 2127 3025 2232 3068; x_wconf 87' lang='lat' dir='ltr'>latus</span> <span class='ocrx_word' id='word_1_866' title='bbox 2255 3025 2508 3068; x_wconf 85' lang='lat' dir='ltr'>occidentale</span> <span class='ocrx_word' id='word_1_867' title='bbox 2525 3040 2656 3083; x_wconf 78' lang='lat' dir='ltr'>usque</span> <span class='ocrx_word' id='word_1_868' title='bbox 2679 3027 2732 3069; x_wconf 82' lang='lat' dir='ltr'>ad</span> 
     </span>
     <span class='ocr_line' id='line_1_107' title="bbox 1494 3087 2734 3144; baseline 0.002 -15"><span class='ocrx_word' id='word_1_869' title='bbox 1494 3090 1648 3130; x_wconf 87' lang='lat' dir='ltr'>Leucas</span> <span class='ocrx_word' id='word_1_870' title='bbox 1685 3092 1818 3144; x_wconf 86' lang='lat' dir='ltr'>(quas</span> <span class='ocrx_word' id='word_1_871' title='bbox 1837 3088 1955 3143; x_wconf 87' lang='lat' dir='ltr'>juxta</span> <span class='ocrx_word' id='word_1_872' title='bbox 1982 3089 2059 3130; x_wconf 85' lang='lat' dir='ltr'>Ph.</span> <span class='ocrx_word' id='word_1_873' title='bbox 2089 3102 2178 3129; x_wconf 86' lang='lat' dir='ltr'>aras</span> <span class='ocrx_word' id='word_1_874' title='bbox 2201 3091 2438 3143; x_wconf 82' lang='lat' dir='ltr'>memorat)</span> <span class='ocrx_word' id='word_1_875' title='bbox 2460 3087 2670 3144; x_wconf 79' lang='lat' dir='ltr'>quatridui</span> <span class='ocrx_word' id='word_1_876' title='bbox 2693 3099 2734 3133; x_wconf 88' lang='lat' dir='ltr'>et</span> 
     </span>
     <span class='ocr_line' id='line_1_108' title="bbox 1491 3149 2735 3208; baseline 0.002 -18"><span class='ocrx_word' id='word_1_877' title='bbox 1491 3151 1775 3203; x_wconf 86' lang='lat' dir='ltr'>quatrinoctii.</span> <span class='ocrx_word' id='word_1_878' title='bbox 1813 3149 2051 3204; x_wconf 76' lang='lat' dir='ltr'>Legendum</span> <span class='ocrx_word' id='word_1_879' title='bbox 2079 3159 2140 3191; x_wconf 89' lang='lat' dir='ltr'>est</span> <span class='ocrx_word' id='word_1_880' title='bbox 2166 3163 2175 3191; x_wconf 76' lang='grc' dir='ltr'>ε</span> <span class='ocrx_word' id='word_1_881' title='bbox 2210 3149 2249 3191; x_wconf 77' lang='grc' dir='ltr'>ἔν</span> <span class='ocrx_word' id='word_1_882' title='bbox 2284 3149 2324 3191; x_wconf 67' lang='grc' dir='ltr'>δὲ</span> <span class='ocrx_word' id='word_1_883' title='bbox 2346 3155 2403 3205; x_wconf 71' lang='grc' dir='ltr'>τῷ</span> <span class='ocrx_word' id='word_1_884' title='bbox 2433 3150 2651 3208; x_wconf 78' lang='grc' dir='ltr'>κοιλοτάτῳ</span> <span class='ocrx_word' id='word_1_885' title='bbox 2668 3155 2735 3206; x_wconf 78' lang='grc' dir='ltr'>τῆς</span> 
     </span>
     <span class='ocr_line' id='line_1_109' title="bbox 1493 3209 2736 3269; baseline 0.003 -19"><span class='ocrx_word' id='word_1_886' title='bbox 1493 3210 1672 3265; x_wconf 87' lang='grc' dir='ltr'>Συρτίδος</span> <span class='ocrx_word' id='word_1_887' title='bbox 1699 3213 1715 3263; x_wconf 92' lang='grc'>(</span> <span class='ocrx_word' id='word_1_888' title='bbox 1731 3209 1769 3251; x_wconf 73' lang='grc' dir='ltr'>ἓν</span> <span class='ocrx_word' id='word_1_889' title='bbox 1786 3215 1843 3266; x_wconf 72' lang='grc' dir='ltr'>τῷ</span> <span class='ocrx_word' id='word_1_890' title='bbox 1877 3215 1991 3266; x_wconf 80' lang='grc' dir='ltr'>μυχῷ</span> <span class='ocrx_word' id='word_1_891' title='bbox 2009 3211 2103 3263; x_wconf 77' lang='grc' dir='ltr'>ὅλης</span> <span class='ocrx_word' id='word_1_892' title='bbox 2121 3213 2189 3262; x_wconf 82' lang='grc' dir='ltr'>τῆς</span> <span class='ocrx_word' id='word_1_893' title='bbox 2209 3210 2389 3266; x_wconf 79' lang='grc' dir='ltr'>Σύρτιδος</span> <span class='ocrx_word' id='word_1_894' title='bbox 2410 3210 2423 3267; x_wconf 96' lang='grc'>)</span> <span class='ocrx_word' id='word_1_895' title='bbox 2446 3210 2637 3254; x_wconf 85' lang='grc' dir='ltr'>Φιλαίνου</span> <span class='ocrx_word' id='word_1_896' title='bbox 2660 3213 2736 3269; x_wconf 82' lang='grc' dir='ltr'>βω·</span> 
     </span>
     <span class='ocr_line' id='line_1_110' title="bbox 1495 3273 2733 3328; baseline 0.005 -15"><span class='ocrx_word' id='word_1_897' title='bbox 1495 3273 1588 3328; x_wconf 80' lang='grc' dir='ltr'>μδς,</span> <span class='ocrx_word' id='word_1_898' title='bbox 1629 3274 1791 3315; x_wconf 74' lang='grc' dir='ltr'>ἐπίνειον</span> <span class='ocrx_word' id='word_1_899' title='bbox 1834 3273 2048 3328; x_wconf 81' lang='grc' dir='ltr'>Ἄμμωνος.</span> <span class='ocrx_word' id='word_1_900' title='bbox 2091 3275 2297 3315; x_wconf 89' lang='lat' dir='ltr'>Nimirum</span> <span class='ocrx_word' id='word_1_901' title='bbox 2335 3274 2458 3316; x_wconf 84' lang='lat' dir='ltr'>verba</span> <span class='ocrx_word' id='word_1_902' title='bbox 2495 3274 2648 3318; x_wconf 81' lang='lat' dir='ltr'>inclusa</span> <span class='ocrx_word' id='word_1_903' title='bbox 2683 3290 2733 3320; x_wconf 74' lang='lat' dir='ltr'>ex</span> 
     </span>
     <span class='ocr_line' id='line_1_111' title="bbox 1496 3333 2736 3393; baseline 0.006 -17"><span class='ocrx_word' id='word_1_904' title='bbox 1496 3337 1680 3389; x_wconf 79' lang='lat' dir='ltr'>margine</span> <span class='ocrx_word' id='word_1_905' title='bbox 1697 3335 1739 3376; x_wconf 90' lang='lat' dir='ltr'>in</span> <span class='ocrx_word' id='word_1_906' title='bbox 1756 3333 1946 3375; x_wconf 88' lang='lat' dir='ltr'>ordinem</span> <span class='ocrx_word' id='word_1_907' title='bbox 1964 3336 2185 3378; x_wconf 81' lang='lat' dir='ltr'>verborum</span> <span class='ocrx_word' id='word_1_908' title='bbox 2207 3336 2311 3377; x_wconf 81' lang='lat' dir='ltr'>male</span> <span class='ocrx_word' id='word_1_909' title='bbox 2331 3337 2600 3393; x_wconf 82' lang='lat' dir='ltr'>irrepserunt,</span> <span class='ocrx_word' id='word_1_910' title='bbox 2616 3338 2736 3383; x_wconf 76' lang='lat' dir='ltr'>sicuti</span> 
     </span>
     <span class='ocr_line' id='line_1_112' title="bbox 1499 3396 2737 3458; baseline 0.005 -21"><span class='ocrx_word' id='word_1_911' title='bbox 1499 3411 1545 3438; x_wconf 87' lang='lat' dir='ltr'>ea</span> <span class='ocrx_word' id='word_1_912' title='bbox 1564 3396 1783 3452; x_wconf 83' lang='lat' dir='ltr'>dequibus</span> <span class='ocrx_word' id='word_1_913' title='bbox 1805 3396 1987 3439; x_wconf 87' lang='lat' dir='ltr'>diximus</span> <span class='ocrx_word' id='word_1_914' title='bbox 2004 3413 2129 3454; x_wconf 85' lang='lat' dir='ltr'>supra</span> <span class='ocrx_word' id='word_1_915' title='bbox 2149 3413 2191 3455; x_wconf 85' lang='lat' dir='ltr'>p.</span> <span class='ocrx_word' id='word_1_916' title='bbox 2218 3400 2315 3449; x_wconf 77' lang='lat'>45¹·</span> <span class='ocrx_word' id='word_1_917' title='bbox 2343 3400 2613 3442; x_wconf 87' lang='lat' dir='ltr'>Ammonium</span> <span class='ocrx_word' id='word_1_918' title='bbox 2638 3401 2737 3458; x_wconf 82' lang='lat' dir='ltr'>Syr·</span> 
     </span>
     <span class='ocr_line' id='line_1_113' title="bbox 1497 3458 2734 3517; baseline 0.005 -17"><span class='ocrx_word' id='word_1_919' title='bbox 1497 3458 1592 3501; x_wconf 88' lang='lat' dir='ltr'>tidis</span> <span class='ocrx_word' id='word_1_920' title='bbox 1616 3458 1742 3500; x_wconf 91' lang='lat' dir='ltr'>modo</span> <span class='ocrx_word' id='word_1_921' title='bbox 1766 3458 1945 3501; x_wconf 87' lang='lat' dir='ltr'>vidimus</span> <span class='ocrx_word' id='word_1_922' title='bbox 1964 3463 1987 3513; x_wconf 76' lang='lat' dir='ltr'>S</span> <span class='ocrx_word' id='word_1_923' title='bbox 2004 3464 2072 3503; x_wconf 80' lang='lat'>82.</span> <span class='ocrx_word' id='word_1_924' title='bbox 2089 3461 2232 3517; x_wconf 81' lang='lat' dir='ltr'>Scylax</span> <span class='ocrx_word' id='word_1_925' title='bbox 2250 3462 2521 3504; x_wconf 84' lang='lat' dir='ltr'>Ammonium</span> <span class='ocrx_word' id='word_1_926' title='bbox 2540 3460 2734 3506; x_wconf 72' lang='lat' dir='ltr'>mediter·</span> 
     </span>
     <span class='ocr_line' id='line_1_114' title="bbox 1496 3521 2777 3580; baseline 0.002 -17"><span class='ocrx_word' id='word_1_927' title='bbox 1496 3535 1667 3563; x_wconf 87' lang='lat' dir='ltr'>rancum</span> <span class='ocrx_word' id='word_1_928' title='bbox 1699 3521 1865 3576; x_wconf 83' lang='lat' dir='ltr'>aliquod</span> <span class='ocrx_word' id='word_1_929' title='bbox 1908 3523 1948 3563; x_wconf 92' lang='lat' dir='ltr'>in</span> <span class='ocrx_word' id='word_1_930' title='bbox 1988 3522 2149 3579; x_wconf 73' lang='lat' dir='ltr'>Syn-tide</span> <span class='ocrx_word' id='word_1_931' title='bbox 2185 3538 2294 3580; x_wconf 89' lang='lat' dir='ltr'>pone</span> <span class='ocrx_word' id='word_1_932' title='bbox 2333 3523 2611 3567; x_wconf 67' lang='lat' dir='ltr'>Philaenorum</span> <span class='ocrx_word' id='word_1_933' title='bbox 2646 3538 2736 3568; x_wconf 70' lang='lat' dir='ltr'>ar-</span> <span class='ocrx_word' id='word_1_934' title='bbox 2776 3562 2777 3565; x_wconf 73' lang='grc'>,</span> 
     </span>
     <span class='ocr_line' id='line_1_115' title="bbox 1496 3583 2736 3644; baseline 0.004 -20"><span class='ocrx_word' id='word_1_935' title='bbox 1496 3585 1683 3625; x_wconf 81' lang='lat' dir='ltr'>statuisse</span> <span class='ocrx_word' id='word_1_936' title='bbox 1703 3583 1891 3644; x_wconf 75' lang='lat' dir='ltr'>yidetur;</span> <span class='ocrx_word' id='word_1_937' title='bbox 1910 3585 2022 3641; x_wconf 89' lang='lat' dir='ltr'>quod</span> <span class='ocrx_word' id='word_1_938' title='bbox 2039 3586 2208 3641; x_wconf 88' lang='lat' dir='ltr'>quidem</span> <span class='ocrx_word' id='word_1_939' title='bbox 2227 3601 2250 3628; x_wconf 90' lang='lat' dir='ltr'>a</span> <span class='ocrx_word' id='word_1_940' title='bbox 2266 3595 2450 3629; x_wconf 85' lang='lat' dir='ltr'>veterum</span> <span class='ocrx_word' id='word_1_941' title='bbox 2470 3586 2736 3644; x_wconf 80' lang='lat' dir='ltr'>quorundam</span> 
     </span>
     <span class='ocr_line' id='line_1_116' title="bbox 1497 3645 2774 3699; baseline 0.005 -15"><span class='ocrx_word' id='word_1_942' title='bbox 1497 3646 1698 3686; x_wconf 89' lang='lat' dir='ltr'>sententia</span> <span class='ocrx_word' id='word_1_943' title='bbox 1715 3659 1799 3686; x_wconf 90' lang='lat' dir='ltr'>non</span> <span class='ocrx_word' id='word_1_944' title='bbox 1821 3645 2031 3688; x_wconf 87' lang='lat' dir='ltr'>abhorret.</span> <span class='ocrx_word' id='word_1_945' title='bbox 2052 3649 2107 3689; x_wconf 83' lang='lat' dir='ltr'>V.</span> <span class='ocrx_word' id='word_1_946' title='bbox 2129 3649 2251 3689; x_wconf 83' lang='lat' dir='ltr'>Voss.</span> <span class='ocrx_word' id='word_1_947' title='bbox 2274 3647 2341 3690; x_wconf 88' lang='lat' dir='ltr'>ad.</span> <span class='ocrx_word' id='word_1_948' title='bbox 2359 3647 2509 3690; x_wconf 81' lang='lat' dir='ltr'>Melam</span> <span class='ocrx_word' id='word_1_949' title='bbox 2531 3649 2568 3699; x_wconf 86' lang='lat'>1,</span> <span class='ocrx_word' id='word_1_950' title='bbox 2595 3650 2620 3691; x_wconf 86' lang='lat'>8</span> <span class='ocrx_word' id='word_1_951' title='bbox 2642 3649 2738 3691; x_wconf 77' lang='lat' dir='ltr'>init.</span> <span class='ocrx_word' id='word_1_952' title='bbox 2772 3695 2774 3698; x_wconf 12' lang='lat' dir='ltr'>y</span> 
     </span>
     <span class='ocr_line' id='line_1_117' title="bbox 1503 3708 2770 3767; baseline 0.006 -21"><span class='ocrx_word' id='word_1_953' title='bbox 1503 3709 1519 3761; x_wconf 75' lang='grc' dir='ltr'>Η</span> <span class='ocrx_word' id='word_1_954' title='bbox 1539 3731 1594 3738; x_wconf 88' lang='grc'>-</span> <span class='ocrx_word' id='word_1_955' title='bbox 1619 3708 1809 3748; x_wconf 81' lang='grc' dir='ltr'>στάδιοι</span> <span class='ocrx_word' id='word_1_956' title='bbox 1843 3708 1979 3765; x_wconf 83' lang='grc' dir='ltr'>ρπν’]</span> <span class='ocrx_word' id='word_1_957' title='bbox 2013 3710 2073 3751; x_wconf 90' lang='lat' dir='ltr'>sic</span> <span class='ocrx_word' id='word_1_958' title='bbox 2101 3708 2255 3761; x_wconf 77' lang='lat' dir='ltr'>eodex3</span> <span class='ocrx_word' id='word_1_959' title='bbox 2278 3708 2362 3765; x_wconf 84' lang='grc' dir='ltr'>ρκν’</span> <span class='ocrx_word' id='word_1_960' title='bbox 2383 3724 2527 3767; x_wconf 77' lang='lat' dir='ltr'>apogr.</span> <span class='ocrx_word' id='word_1_961' title='bbox 2561 3710 2740 3754; x_wconf 71' lang='lat' dir='ltr'>Irini-tin.</span> <span class='ocrx_word' id='word_1_962' title='bbox 2763 3711 2770 3732; x_wconf 64' lang='lat'>&#39;¹</span> 
     </span>
     <span class='ocr_line' id='line_1_118' title="bbox 1497 3770 2766 3830; baseline 0.002 -20"><span class='ocrx_word' id='word_1_963' title='bbox 1497 3770 1640 3824; x_wconf 84' lang='lat' dir='ltr'>ltaque</span> <span class='ocrx_word' id='word_1_964' title='bbox 1670 3784 1799 3825; x_wconf 91' lang='lat' dir='ltr'>quum</span> <span class='ocrx_word' id='word_1_965' title='bbox 1833 3786 1854 3811; x_wconf 86' lang='lat' dir='ltr'>a</span> <span class='ocrx_word' id='word_1_966' title='bbox 1887 3771 2070 3814; x_wconf 83' lang='lat' dir='ltr'>sontibus</span> <span class='ocrx_word' id='word_1_967' title='bbox 2094 3772 2328 3815; x_wconf 82' lang='lat' dir='ltr'>Ammoniis</span> <span class='ocrx_word' id='word_1_968' title='bbox 2353 3771 2367 3830; x_wconf 96' lang='lat'>(</span> <span class='ocrx_word' id='word_1_969' title='bbox 2391 3772 2467 3815; x_wconf 70' lang='lat' dir='ltr'>uir</span> <span class='ocrx_word' id='word_1_970' title='bbox 2485 3772 2525 3814; x_wconf 80' lang='lat' dir='ltr'>el</span> <span class='ocrx_word' id='word_1_971' title='bbox 2555 3772 2735 3828; x_wconf 57' lang='lat' dir='ltr'>Becher)</span> <span class='ocrx_word' id='word_1_972' title='bbox 2764 3811 2766 3813; x_wconf 76' lang='grc'>,</span> 
     </span>
     <span class='ocr_line' id='line_1_119' title="bbox 1498 3832 2689 3893; baseline 0.006 -21"><span class='ocrx_word' id='word_1_973' title='bbox 1498 3833 1579 3873; x_wconf 86' lang='lat' dir='ltr'>sint</span> <span class='ocrx_word' id='word_1_974' title='bbox 1617 3834 1695 3874; x_wconf 81' lang='grc'>365</span> <span class='ocrx_word' id='word_1_975' title='bbox 1732 3832 1878 3884; x_wconf 85' lang='lat' dir='ltr'>stadia,</span> <span class='ocrx_word' id='word_1_976' title='bbox 1918 3836 2040 3877; x_wconf 88' lang='lat' dir='ltr'>statio</span> <span class='ocrx_word' id='word_1_977' title='bbox 2072 3836 2349 3879; x_wconf 66' lang='lat' dir='ltr'>Philaenorum</span> <span class='ocrx_word' id='word_1_978' title='bbox 2388 3844 2512 3893; x_wconf 87' lang='lat' dir='ltr'>atque</span> <span class='ocrx_word' id='word_1_979' title='bbox 2539 3850 2689 3893; x_wconf 81' lang='lat' dir='ltr'>promo</span> 
     </span>
     <span class='ocr_line' id='line_1_120' title="bbox 1499 3894 2739 3955; baseline 0.006 -22"><span class='ocrx_word' id='word_1_980' title='bbox 1499 3894 1652 3934; x_wconf 89' lang='lat' dir='ltr'>torium</span> <span class='ocrx_word' id='word_1_981' title='bbox 1673 3894 1864 3950; x_wconf 80' lang='lat' dir='ltr'>ponenda</span> <span class='ocrx_word' id='word_1_982' title='bbox 1890 3896 2055 3938; x_wconf 87' lang='lat' dir='ltr'>suntad</span> <span class='ocrx_word' id='word_1_983' title='bbox 2074 3898 2159 3939; x_wconf 73' lang='lat' dir='ltr'>Bas</span> <span class='ocrx_word' id='word_1_984' title='bbox 2182 3897 2363 3952; x_wconf 71' lang='lat' dir='ltr'>Linous3</span> <span class='ocrx_word' id='word_1_985' title='bbox 2380 3897 2505 3955; x_wconf 91' lang='lat' dir='ltr'>idque</span> <span class='ocrx_word' id='word_1_986' title='bbox 2521 3906 2631 3940; x_wconf 88' lang='lat' dir='ltr'>recte</span> <span class='ocrx_word' id='word_1_987' title='bbox 2737 3935 2739 3939; x_wconf 95' lang='lat'>.</span> 
     </span>
     <span class='ocr_line' id='line_1_121' title="bbox 1500 3954 2742 4015; baseline 0.006 -20"><span class='ocrx_word' id='word_1_988' title='bbox 1500 3954 1675 4009; x_wconf 84' lang='lat' dir='ltr'>probare</span> <span class='ocrx_word' id='word_1_989' title='bbox 1709 3955 1902 3999; x_wconf 76' lang='lat' dir='ltr'>videntur</span> <span class='ocrx_word' id='word_1_990' title='bbox 1939 3966 2155 4014; x_wconf 80' lang='lat' dir='ltr'>sequentes</span> <span class='ocrx_word' id='word_1_991' title='bbox 2191 3957 2418 4010; x_wconf 66' lang='lat' dir='ltr'>distantiae,</span> <span class='ocrx_word' id='word_1_992' title='bbox 2450 3972 2542 4015; x_wconf 81' lang='lat' dir='ltr'>quae</span> <span class='ocrx_word' id='word_1_993' title='bbox 2575 3959 2608 4000; x_wconf 87' lang='lat' dir='ltr'>si</span> <span class='ocrx_word' id='word_1_994' title='bbox 2631 3957 2742 4010; x_wconf 53' lang='lat' dir='ltr'>bem&lt;</span> 
     </span>
     <span class='ocr_line' id='line_1_122' title="bbox 1501 4016 2737 4078; baseline 0.006 -22"><span class='ocrx_word' id='word_1_995' title='bbox 1501 4016 1675 4068; x_wconf 81' lang='lat' dir='ltr'>habent,</span> <span class='ocrx_word' id='word_1_996' title='bbox 1712 4033 1794 4059; x_wconf 88' lang='lat' dir='ltr'>non</span> <span class='ocrx_word' id='word_1_997' title='bbox 1822 4020 1899 4061; x_wconf 88' lang='lat' dir='ltr'>nisi</span> <span class='ocrx_word' id='word_1_998' title='bbox 1920 4019 1972 4061; x_wconf 85' lang='lat' dir='ltr'>ab</span> <span class='ocrx_word' id='word_1_999' title='bbox 2006 4023 2090 4063; x_wconf 70' lang='lat' dir='ltr'>Bas</span> <span class='ocrx_word' id='word_1_1000' title='bbox 2110 4021 2275 4076; x_wconf 63' lang='lat' dir='ltr'>Ltnoegs</span> <span class='ocrx_word' id='word_1_1001' title='bbox 2291 4020 2522 4077; x_wconf 80' lang='lat' dir='ltr'>computari</span> <span class='ocrx_word' id='word_1_1002' title='bbox 2544 4024 2737 4078; x_wconf 73' lang='lat' dir='ltr'>possunt.</span> 
     </span>
    </p>
   </div>
   <div class='ocr_carea' id='block_1_10' title="bbox 2645 2831 2808 4045">
    <p class='ocr_par' dir='ltr' id='par_1_17' title="bbox 2645 2831 2808 4045">
     <span class='ocr_line' id='line_1_123' title="bbox 2783 2831 2808 2988; baseline 0 0"><span class='ocrx_word' id='word_1_1003' title='bbox 2783 2831 2808 2988; x_wconf 95' lang='lat' dir='ltr'>  </span> 
     </span>
     <span class='ocr_line' id='line_1_124' title="bbox 2782 2988 2808 3112; baseline 0 0"><span class='ocrx_word' id='word_1_1004' title='bbox 2782 2988 2808 3112; x_wconf 95' lang='lat' dir='ltr'>  </span> 
     </span>
     <span class='ocr_line' id='line_1_125' title="bbox 2775 3120 2808 3423; baseline 0 0"><span class='ocrx_word' id='word_1_1005' title='bbox 2775 3120 2808 3423; x_wconf 95' lang='lat' dir='ltr'>    </span> 
     </span>
     <span class='ocr_line' id='line_1_126' title="bbox 2771 3423 2808 3609; baseline 0 -119"><span class='ocrx_word' id='word_1_1006' title='bbox 2771 3423 2808 3609; x_wconf 95' lang='lat' dir='ltr'>   </span> 
     </span>
     <span class='ocr_line' id='line_1_127' title="bbox 2762 3609 2808 3796; baseline 0 -67"><span class='ocrx_word' id='word_1_1007' title='bbox 2762 3609 2808 3796; x_wconf 95' lang='lat' dir='ltr'>   </span> 
     </span>
     <span class='ocr_line' id='line_1_128' title="bbox 2645 3796 2808 4045; baseline -0.006 -121"><span class='ocrx_word' id='word_1_1008' title='bbox 2645 3796 2808 4045; x_wconf 95' lang='lat' dir='ltr'>     </span> 
     </span>
    </p>
   </div>
  </div>
 </body>
</html>
