2808 4342
560 244 603 288 Ο

161 349 245 397 άπὸ
258 349 491 412 Κερκινίτι)
493 366 534 399 ος
549 349 588 400 ἐς
608 344 744 394 Καλὸν
755 342 921 403 λιμένα,
938 341 1141 391 Σκυθικὸν
1157 342 1229 388 καὶ
1244 347 1403 401 τοῦτον,

161 256 255 296 396

127 458 135 466 ,
157 419 278 466 ἄλλοι
298 418 552 464 ἑπτακόσιοι.

94 977 134 1008 10

221 501 278 535 st
316 488 398 533 Ἐκ
421 485 464 546 ᾃὲ
492 477 642 531 Καλοῦ
680 480 844 540 λιμένος
878 479 919 532 ἒς
941 479 1202 541 Ταμυράκην
1233 481 1403 543 τριακό-

160 573 254 602 σιοι·
280 555 362 601 ἔσω
385 554 428 600 δὲ
452 556 525 607 τῆς
559 549 816 611 Ταμυράκης
844 547 972 608 λίμνη
1001 546 1113 595 ἔστὶν
1137 551 1184 595 οὗ
1218 550 1400 610 μεγάλη.

165 624 248 671 Και
269 623 389 669 ἔνθεν
409 624 466 672 εἰς
492 618 566 670 τὰς
588 616 729 680 ἐκροὰς
750 620 824 671 τῆς
845 616 996 676 λίμνης
1019 616 1138 664 ἄλλοι
1156 617 1399 680 τριακόσιοι.

158 692 236 740 Ἐκ
260 692 301 736 δὲ
334 692 414 735 τῶν
448 689 600 750 ἐκροῶν
633 690 705 742 τῆς
732 686 881 747 λίμνης
904 688 943 738 ἐς
972 685 1124 762 ’ῌόνας
1146 686 1303 733 στάδιοι
1334 689 1404 748 ὀγ-

158 759 356 814 δοηκοντα
379 775 450 803 και
484 755 728 819 τριακόσιον
759 754 832 801 καὶ
855 754 966 801 ἔνθεν
989 748 1047 808 ἐς
1050 773 1238 815 ποταμον
1272 758 1403 818 Βορυ·

158 827 302 883 σθένην
326 825 585 882 πεντήκοντα
608 843 680 871 και
716 826 880 873 ἑκατόν.
953 823 1074 872 Κατὰ
1106 823 1148 870 δὲ
1176 824 1245 870 τὸν
1268 826 1401 885 Βορυ-

157 895 300 954 σθένην
336 895 422 941 ἄνω
458 894 627 941 πλέοντι
659 893 776 946 πόλις
809 893 1028 950 Ἑλληνὶς,
1061 892 1193 954 ὄνομα
1224 892 1401 950 Ὀλὸία,

156 965 419 1012 πεπόλισται,
488 962 592 1010 Ἀπὸ
616 962 658 1008 δὲ
685 961 959 1024 Βορυσθένους
980 963 1048 1008 ἐπὶ
1064 966 1187 1018 νῆσον
1207 961 1400 1024 σμικρὰν,

157 1033 315 1097 ἐρήμην
353 1034 424 1079 καὶ
460 1032 702 1094 ἀνώνυμον,
740 1030 895 1078 στάδιοι
935 1031 1147 1088 ἑξήκοντα·
1181 1031 1254 1077 καὶ
1292 1031 1400 1077 ἔνθεν

155 1185 236 1226 que
270 1178 519 1211 sectatorum
548 1168 673 1210 verba
704 1168 861 1210 Gailius
893 1176 1073 1223 torquet,
1109 1176 1240 1208 taceo.
1268 1168 1399 1222 Magis

157 1233 367 1273 monuisse
387 1232 532 1273 attinet
554 1245 681 1287 quam
706 1245 852 1271 manca
874 1231 956 1271 sint
977 1244 1069 1286 quae
1091 1229 1331 1271 Herodotus
1350 1228 1403 1270 de

156 1295 304 1336 harum
336 1295 554 1349 regionum
586 1294 671 1334 situ
698 1301 738 1334 et
762 1293 892 1347 figura
922 1291 1164 1342 tradiderit;
1197 1306 1329 1347 neque
1361 1292 1402 1332 id

108 1411 111 1414 Δ
158 1356 341 1406 mireris,
376 1357 410 1397 si
440 1364 604 1411 reputes
628 1354 843 1396 confusam
868 1354 1046 1409 regionis
1068 1353 1400 1405 delineationem,

159 1433 284 1474 quam
308 1418 370 1460 vel
389 1418 632 1460 Ptolemaeus
651 1417 729 1459 sibi
752 1418 940 1458 finxerat.
962 1420 1012 1459 In
1036 1415 1240 1472 ejusmodi
1263 1431 1403 1458 rerum

157 1489 281 1530 statu,
296 1481 550 1537 periplorum
565 1488 752 1521 auctores
766 1493 849 1534 prce
857 1479 1001 1519 ceteris
1016 1479 1132 1534 sequi
1151 1477 1404 1519 tutissimum

158 1551 235 1584 est.
270 1543 464 1586 Ceterum
482 1540 593 1583 addo
611 1539 726 1595 quod
757 1539 992 1595 Stephanus
1021 1540 1120 1594 Byz.
1146 1538 1402 1595 Καρκινίτην,

159 1605 273 1647 πόλιν
296 1602 503 1656 Σκυθικὴν,
532 1618 582 1644 ex
612 1603 803 1643 Hecataeo
825 1609 1050 1651 memorat5
1071 1596 1182 1642 nulla
1200 1615 1298 1643 vero
1318 1600 1406 1657 ejus

161 1668 318 1709 mentio
344 1667 389 1709 fit
408 1665 517 1723 apud
541 1664 804 1707 Strabonem.
826 1668 919 1717 11-
942 1678 979 1705 ι.
1001 1663 1169 1706 Καλὸν
1191 1663 1402 1721 λιμένα]

159 1730 283 1770 Hunc
302 1737 471 1785 portum
496 1741 744 1769 memorasse
768 1726 932 1767 videtur
954 1726 1102 1767 Strabo
1120 1740 1163 1781 p.
1197 1727 1315 1769 308.
1305 1740 1313 1748 ·
1342 1725 1404 1768 ἐκ·

159 1791 316 1833 πλέοντι
346 1792 380 1831 δ’
412 1792 502 1845 (sc.
527 1790 569 1832 ἐκ
587 1792 656 1831 τοῦ
680 1788 935 1845 Καρκινίτου)
962 1787 1000 1829 ἐν
1025 1787 1206 1844 ἀριστερᾶ
1234 1788 1404 1843 πολίχνη

161 1854 226 1895 καί
249 1853 370 1902 ἄλλος
382 1851 503 1909 λιμὴν
523 1852 538 1909 (
555 1852 682 1900 Καλὸς
695 1849 816 1907 λιμὴν
836 1865 909 1891 coi
912 1864 998 1891 rex
1018 1850 1161 1905 Koiay
1176 1857 1217 1890 et
1232 1850 1403 1900 Grosk„

162 1930 294 1971 quum
313 1916 416 1957 alins
433 1924 579 1971 portus
598 1916 639 1956 in
659 1923 817 1955 antece.
849 1927 933 1953 non
952 1920 1206 1953 memoretur
1224 1914 1241 1966 )
1271 1912 1321 1954 Χε
1308 1928 1409 1968 ρρο·

163 1983 344 2032 νησιτιῖιν.
365 1979 464 2020 Haee
479 1978 585 2020 bene
608 1975 813 2032 quadrant
838 1990 935 2016 cum
956 1975 1131 2015 Nostris.
1163 1974 1407 2017 Ptolem‘aeus

164 2041 295 2082 Καλον
328 2041 468 2097 λιμένα
499 2041 556 2082 ita
575 2038 746 2095 quidem
769 2038 903 2094 ponit,
939 2045 986 2078 ιιι
1010 2036 1064 2078 ab
1095 2037 1255 2079 oriente
1287 2037 1406 2079 litora

163 2102 531 2157 circumnaviganti
568 2110 661 2158 post
693 2100 895 2142 Carcinen
925 2107 1135 2154 sequatur,
1173 2098 1246 2140 sed
1276 2114 1406 2155 quum

165 2167 296 2222 ipsam
316 2166 518 2207 Carcinen
538 2178 588 2205 ex
608 2162 812 2205 Herodoti
836 2162 1038 2202 sententia
1056 2160 1331 2211 collocaverit,
1355 2162 1408 2204 ab

162 2229 328 2271 Arriani
341 2228 500 2268 tatione
515 2226 635 2279 longe
651 2222 822 2264 recedit.
838 2222 946 2263 Mela
958 2224 994 2272 1,
1013 2235 1039 2262 2
1055 2222 1111 2263 ita
1124 2222 1273 2264 habet:
1302 2227 1409 2265 Tau·

163 2290 259 2332 rici.
280 2294 413 2346 Supra
433 2303 497 2329 eos
515 2288 632 2329 sinus
642 2295 883 2344 portuosus,
907 2283 1069 2332 Καλὸς
1089 2282 1245 2341 λιμὴν
1269 2286 1410 2344 appel·

165 2354 291 2402 latus,
306 2350 602 2409 promontoriis
613 2349 772 2391 duobus
786 2347 1029 2390 includitur.
1051 2347 1238 2393 Alterum
1256 2348 1316 2404 Κρ
1332 2365 1375 2390 ιο
1387 2352 1409 2390 ὕ

166 2416 393 2470 μέτωπον
430 2422 653 2462 vocant,...
690 2411 942 2452 Parthenion
975 2410 1165 2451 alterum.
1195 2411 1408 2468 Oppidum

163 2477 327 2533 adjacet
345 2477 550 2518 Cherrone-
572 2477 677 2528 Quae
695 2473 805 2514 dicta
824 2481 920 2514 sunt
942 2472 1227 2527 negligentius.
1254 2476 1410 2527 Quate-

166 2555 244 2581 nus
276 2555 358 2581 ora:
394 2548 547 2581 tractus
579 2536 848 2592 significatur,
889 2534 1178 2590 intelligendus
1219 2544 1280 2578 est
1316 2536 1411 2579 litus

167 2604 424 2644 Chersoneso
444 2601 538 2643 urbi
563 2601 763 2649 vicinum,
785 2598 855 2638 ubi
873 2597 1031 2653 λιμένας
1047 2597 1190 2646 κάλους
1204 2613 1291 2652 esse
1310 2597 1412 2640 dicit

168 2668 414 2720 Anonymus
437 2667 459 2718 5
482 2664 548 2705 56.
574 2663 615 2703 Si
640 2676 738 2702 vero
761 2669 920 2702 certum
941 2660 1118 2715 aliquem
1138 2669 1324 2716 portum,
1343 2662 1409 2702 cui

168 2727 332 2769 Pulchri
343 2741 510 2775 nomen,
523 2725 734 2773 indicavit,
751 2731 938 2764 nostrum
950 2723 1062 2764 hunc
1072 2722 1411 2765 Chersonitarum

167 2798 336 2845 portum
369 2791 409 2829 in
435 2789 624 2829 viciniam
658 2786 901 2827 Chersonesi
927 2785 1042 2826 urbis
1071 2785 1325 2827 transtulisse
1352 2787 1411 2827 vi-

166 2850 307 2899 detur,
342 2852 459 2890 sicuti
500 2849 621 2889 simili
653 2847 896 2901 negligentia
928 2849 1172 2902 Anonymus
1211 2862 1261 2889 eo
1294 2846 1409 2898 loco,

171 2912 243 2954 ubi
279 2910 524 2953 Chersonesi
566 2909 708 2956 καλοὺς
743 2908 900 2962 λιμένας
928 2918 1129 2949 memorat
1144 2940 1155 2958 ,
1201 2908 1414 2964 subjungit

166 2973 360 3030 quaedam
390 2971 442 3013 de
465 2970 638 3027 Paraplo
658 2971 844 3010 Tauricae
864 2970 1042 3021 regionis
1074 2970 1126 3010 ab
1161 2971 1413 3013 Athenoeone

170 3045 296 3092 portu
332 3049 463 3091 usque
499 3032 552 3075 ad
591 3032 721 3073 Καλὸν
755 3031 894 3086 λιμένα
930 3032 1176 3085 pertinente.
1219 3034 1414 3075 Similiter

172 3099 355 3141 fueritin
377 3098 490 3139 sonte
507 3094 743 3150 Geographi
757 3096 859 3135 nav.
879 3094 933 3142 V,
953 3097 1000 3133 δι
1026 3092 1095 3133 ubi
1118 3106 1127 3133 :
1151 3096 1278 3142 Aera,
1304 3096 1414 3136 Salo-

172 3162 280 3210 lime,
317 3160 554 3204 Mulusmon
592 3159 607 3211 (
626 3157 753 3213 Ἄκρα,
793 3155 911 3203 καλὸς
937 3153 1073 3210 λιμὴν,
1110 3155 1351 3211 Συμδόλων.)
1379 3162 1408 3210 ).

170 3223 287 3265 Idem
307 3225 350 3265 in
369 3222 496 3264 altera
516 3220 734 3263 nominum
758 3220 863 3260 serie
885 3217 1009 3259 habet
1032 3231 1041 3259 :
1064 3218 1275 3275 Calipolis,
1300 3221 1413 3259 αισι·-

171 3301 287 3335 sotm,
309 3284 548 3332 Theodosia,
565 3281 803 3339 Dosiopolis
822 3283 838 3334 (
854 3282 883 3322 i.
896 3295 934 3321 e.
951 3279 1183 3322 Theodosia
1200 3295 1272 3321 seu
1283 3282 1416 3322 Theo-

173 3348 397 3404 dosiopolis
414 3351 446 3401 ).

230 3414 352 3464 531,
384 3410 413 3452 l.
445 3411 485 3451 3.
514 3407 847 3464 Ταμυράκην]
875 3408 991 3447 Hanc
1011 3420 1098 3447 esse
1121 3405 1239 3462 ἄκραν
1262 3407 1416 3447 Cursus

174 3474 346 3514 Achillei
358 3487 408 3514 ex
421 3474 644 3528 Anonymo
656 3479 696 3511 et
708 3469 909 3512 Strabone
919 3462 1044 3525 supra
1056 3468 1214 3510 monui.
1227 3470 1275 3510 In
1289 3468 1419 3510 Ptole-

176 3548 280 3574 maeo
292 3535 506 3590 Ταμυράκη
529 3542 589 3575 est
613 3534 726 3574 locus
749 3532 1012 3582 continentis,
1029 3545 1153 3586 quem
1172 3531 1289 3587 ponit
1313 3532 1418 3573 inter

176 3597 378 3639 Carcinen
400 3607 440 3638 et
462 3606 629 3653 portum
654 3596 895 3639 Pulchrum.
924 3594 1119 3636 Similiter
1143 3594 1372 3651 Stephanus
1404 3609 1412 3636 :

176 3658 402 3715 Ταμυράκη,
426 3661 535 3707 πόλις
556 3660 772 3714 Σαρματίας
790 3661 856 3709 τῆς
874 3658 912 3699 ἐν
935 3657 1114 3714 Εὐρώπῃ.
1134 3659 1195 3699 Ac
1209 3671 1306 3699 sane
1328 3658 1414 3698 licii

176 3722 337 3777 potuit,
357 3730 402 3762 ιιι
421 3737 444 3762 e
466 3723 632 3775 regione
651 3730 800 3762 nostrae
816 3721 933 3775 ἄκρας
951 3720 1209 3775 cognominis
1226 3720 1415 3763 existeret

177 3784 308 3826 locus.
323 3783 471 3827 Strabo
499 3784 526 3825 l.
545 3784 572 3824 l.
591 3784 706 3825 addit
727 3798 736 3825 ε
765 3785 831 3825 τὸν
848 3783 888 3825 δὲ
910 3783 1057 3826 κόλπον
1085 3786 1172 3838 (sc.
1190 3783 1257 3826 τὸν
1279 3782 1413 3839 Kaput-

180 3847 288 3901 νίτην
308 3850 325 3902 )
361 3847 428 3890 καὶ
447 3846 678 3904 Ταμυράκην
701 3846 885 3888 καλοῦσιν
922 3846 1137 3903 ὁμωνύμως
1160 3850 1210 3903 τῇ
1238 3846 1348 3902 ἄκρᾳ.
1368 3849 1415 3888 In

179 3911 401 3953 Ptolemaeo
419 3912 497 3962 111,
518 3910 540 3952 5
557 3924 600 3966 p.
619 3911 695 3965 198
710 3918 849 3951 nostra
870 3910 967 3964 ἄκρα
985 3911 1212 3966 appellatur
1230 3910 1412 3966 Μυσαρίς.

182 3973 384 4014 Arrianus
396 3988 549 4015 nomen
562 3972 707 4029 δρόμου
728 3970 952 4026 ’Δχιλλείου
977 3973 1020 4014 h.
1050 3972 1077 4014 l.
1099 3988 1181 4015 non
1199 3981 1414 4023 memorat,

180 4033 252 4075 sed
275 4049 489 4091 perperam
515 4034 719 4076 transtulit
734 4034 784 4076 ad
803 4037 965 4076 Leucen
989 4035 1162 4077 insulam
1186 4035 1330 4078 Achilli
1356 4050 1418 4076 sa-

185 4110 311 4138 cram.
335 4099 351 4152 ΙΙ
367 4123 423 4130 -
446 4103 485 4148 l..
509 4099 666 4154 λίμνη
701 4098 752 4139 οὗ
774 4115 863 4153 μεγ
882 4099 972 4151 άλη
992 4101 1010 4154 J
1029 4099 1181 4140 Eadem
1206 4114 1254 4140 ex
1281 4099 1418 4141 Arria·

1300 241 1556 290 Annum

2610 249 2716 311 (aa.)
2795 332 2797 334 V

1473 351 1724 395 Cercinitide
1747 353 1800 396 ad
1822 348 1967 397 cadum
1993 350 2246 412 (piaclorum
2264 361 2280 412 )
2300 366 2466 415 portum
2488 359 2586 400 item
2617 359 2716 415 scy-

1474 419 1547 461 thi·
1559 434 1656 462 cum
1674 420 1752 463 alia
1770 424 2042 479 septingenta.

1531 489 1600 530 31.
1630 493 1667 531 A
1689 490 1789 532 Calo
1807 501 1932 548 portu
1957 491 2011 534 ad
2041 493 2310 549 Tamyracam
2344 505 2539 538 trecenta.
2603 498 2717 539 Intra

1473 565 1745 621 Tamyraoam
1767 567 1883 624 palus
1907 577 1969 610 est
1991 583 2076 610 non
2107 568 2336 612 admodum
2367 586 2535 627 magun
2556 581 2597 614 et
2619 572 2717 614 inde

1473 644 1526 686 ad
1549 647 1652 688 ostia
1676 646 1839 703 paludis
1868 656 2051 691 trecenta
2084 648 2175 691 alia.
2238 650 2303 691 Ab
2329 651 2443 693 ostiis
2470 651 2633 709 paludis
2663 652 2716 694 nd

1474 726 1612 767 Eonas
1630 725 1760 769 stadia
1786 735 1966 770 trecenta
1985 738 2025 770 et
2046 730 2278 783 octoginta;
2298 739 2421 786 atque
2440 730 2538 772 inde
2555 731 2609 774 ad
2637 734 2716 774 Bo·

1474 804 1710 861 rysthenem
1751 807 1924 849 fluvium
1960 815 2132 851 centum
2166 819 2205 851 et
2250 812 2584 869 quinquaginta..
2639 814 2718 855 Per

1474 886 1772 941 Borysthenem
1808 901 1975 929 sursum
2010 890 2214 943 naviganti
2256 891 2353 931 urbs
2387 893 2555 942 Graeca,
2591 891 2712 934 Olbia

1473 960 1604 1012 dicta,
1637 962 1807 1004 condita
1827 972 1904 1005 est.
1964 966 2001 1007 A
2034 966 2288 1021 Borysthene
2309 967 2360 1008 ad
2384 982 2552 1024 parvam
2586 982 2718 1023 quan·

1472 1038 1568 1078 dam
1586 1046 1627 1080 et
1651 1037 1855 1080 desertam
1879 1040 2130 1096 nomineque
2150 1050 2358 1085 carentem
2386 1044 2561 1086 insulam
2585 1043 2715 1086 stadia

1483 1181 1553 1217 no,
1580 1175 1627 1208 ut
1646 1166 1824 1218 videtur,
1849 1170 2103 1224 Anonymus.
2123 1170 2279 1210 Lacum
2292 1167 2430 1211 dicere
2446 1169 2571 1213 debet
2595 1173 2719 1214 maris

1480 1243 1684 1270 recessum
1704 1238 1939 1283 angustum,
1965 1231 2036 1286 qui
2058 1238 2117 1271 est
2135 1230 2242 1271 inter
2261 1231 2539 1273 continentem
2555 1240 2597 1274 et
2613 1234 2719 1275 Cur·

1480 1306 1548 1333 sus
1573 1291 1741 1334 Achillei
1763 1300 1921 1348 partem
1948 1292 2204 1334 orientalem.
2226 1293 2389 1334 Ostium
2421 1291 2509 1347 ejus
2539 1308 2627 1335 esse
2655 1293 2718 1337 di·

1480 1354 1536 1395 cit
1563 1354 1643 1396 300
1660 1355 1925 1411 aTamyrace
1943 1353 2112 1405 stadiis,
2137 1352 2251 1411 quod
2284 1356 2437 1397 mirum
2463 1364 2539 1397 est.
2570 1357 2720 1412 Longi-

1480 1414 1584 1456 tudo
1603 1414 1690 1470 ejus
1710 1430 1892 1458 recessus
1915 1431 2013 1458 sane
2034 1424 2314 1458 trecentorum
2334 1416 2418 1459 sere
2435 1426 2495 1459 est
2517 1419 2557 1460 in
2574 1432 2720 1476 mappa
2804 1412 2808 1420 '

1479 1479 1762 1521 Gauttieriana
1785 1478 2013 1521 stadiorum
2028 1496 2040 1531 ;
2058 1479 2130 1521 sed
2143 1488 2334 1536 apertura
2348 1478 2436 1535 ejus
2450 1480 2502 1522 ad
2518 1482 2646 1536 ipsam
2661 1490 2723 1524 at

1478 1542 1751 1597 Tamyracen,
1772 1541 1875 1583 dum
1890 1543 2092 1584 Arrianus
2115 1556 2203 1584 rem
2222 1535 2429 1584 invertens
2456 1543 2608 1584 ostium
2633 1542 2721 1598 ejus
2804 1535 2805 1538 ¹

1480 1618 1611 1659 prope
1643 1604 1845 1645 cervicem
1874 1604 2100 1660 peninsulae
2133 1606 2320 1647 statuisse
2350 1603 2526 1647 videtur.
2569 1605 2720 1647 Multas

1479 1666 1650 1721 quidem
1681 1675 1835 1708 tractus
1854 1681 2051 1708 arenosus
2080 1667 2330 1708 mutationes
2358 1675 2553 1723 expertus
2577 1675 2654 1718 est,
2674 1677 2721 1710 ιιι

1479 1727 1662 1770 Ukertus
1692 1736 1848 1779 monet,
1874 1727 1946 1770 sed
1971 1742 2220 1784 magnopere
2238 1728 2387 1770 dubito
2406 1726 2459 1769 ad
2478 1742 2545 1770 eas
2573 1729 2720 1771 oonl'u-

1480 1789 1676 1845 giendum
1701 1791 1822 1833 nobis
1843 1805 1944 1833 ωδε.
1973 1792 2025 1832 Ni
2051 1790 2183 1841 fallor,
2215 1792 2416 1833 Arrianus
2435 1804 2530 1832 cum
2560 1805 2720 1834 recessu

1480 1852 1669 1894 orientali
1701 1851 1891 1895 confudit
1926 1867 2131 1895 recessum
2170 1852 2304 1894 lateris
2329 1850 2620 1902 occidentalis,
2648 1853 2720 1908 qui

1479 1914 1532 1956 ad
1570 1916 1706 1970 ipsum
1736 1915 1935 1958 isthmum
1955 1916 2040 1957 sive
2061 1915 2213 1956 collum
2232 1914 2458 1971 peninsulae
2485 1922 2721 1970 aperturam

1480 1977 1624 2026 haben
1651 1977 1704 2019 ad
1735 1977 1843 2020 hanc
1876 1993 1899 2019 a
1929 1979 2156 2033 Tamyrace
2188 1985 2286 2019 sunt
2308 1976 2391 2018 sere
2411 1977 2492 2019 380
2510 1974 2656 2025 stadia,
2682 1985 2721 2019 et

1482 2040 1578 2081 hinc
1594 2055 1723 2096 usque
1737 2040 1790 2083 ad
1813 2040 2108 2083 occidentalem
2127 2041 2284 2083 Cursus
2301 2038 2471 2096 Achillei
2488 2041 2722 2081 extremita-

1482 2111 1562 2143 tem
1583 2103 1658 2145 alia
1676 2112 1772 2145 sunt
1785 2102 1916 2145 stadia
1939 2104 2036 2154 380,
2055 2110 2159 2158 quot
2182 2103 2223 2143 in
2243 2115 2334 2158 sqq.
2360 2101 2560 2143 Arrianus
2576 2114 2721 2143 nnme-

1481 2173 1544 2206 rat
1562 2165 1615 2206 ab
1631 2166 1739 2207 ostio
1750 2165 1861 2208 lacus
1877 2180 2007 2221 usque
2022 2164 2074 2207 ad
2099 2163 2241 2222 ᾚόνας
2281 2167 2296 2217 Η
2315 2188 2372 2195 -
2390 2167 2430 2205 6.
2455 2162 2644 2219 ’ῌόνας]
2661 2164 2723 2205 Si·

1480 2227 1665 2280 gnificari
1680 2228 1837 2269 Cursus
1853 2227 2025 2269 Achillei
2045 2227 2362 2276 extremitatem,
2385 2224 2567 2267 indicare
2579 2224 2721 2267 viden-

1481 2297 1551 2330 tur
1571 2288 1703 2331 stadia
1718 2289 1795 2331 ista
1807 2290 1906 2339 380,
1930 2298 2019 2330 tum
2036 2302 2134 2330 vero
2149 2288 2297 2330 clarius
2318 2295 2430 2342 patet
2450 2302 2500 2329 ex
2522 2301 2589 2339 eo,
2607 2286 2720 2344 qnod

1480 2351 1578 2393 hinc
1596 2350 1647 2393 ad
1667 2352 1932 2408 Borysthenis
1951 2352 2101 2393 ostium
2125 2366 2213 2392 esse
2239 2349 2370 2392 stadia
2398 2350 2475 2393 150
2499 2349 2720 2399 dicuntum

1479 2423 1541 2456 tot
1558 2416 1670 2456 enim
1687 2423 1785 2456 sunt
1798 2413 1894 2457 inde
1911 2430 1935 2456 a
1947 2415 2029 2456 line
2043 2415 2214 2455 Cursus,
2236 2414 2428 2455 Ceterum
2450 2410 2560 2466 istud
2572 2410 2610 2461 ἔς
2634 2410 2726 2469 ’ῌό-

1480 2494 1545 2527 νας
1582 2492 1728 2520 vereor
1760 2492 1813 2519 ne
1839 2477 1944 2519 male
1968 2492 2013 2518 re
2036 2476 2236 2518 intellecta
2267 2476 2470 2518 Arrianus
2497 2474 2721 2531 scripserit

1481 2543 1640 2583 Locum
1663 2540 1841 2596 aliquem
1872 2555 1923 2582 eo
1945 2541 2114 2582 nomine
2142 2539 2347 2595 designari
2383 2538 2558 2594 putavit,
2593 2550 2723 2594 quum

1485 2604 1621 2662 ’ῌόνες
1646 2603 1885 2646 dicerentur
1899 2602 1992 2645 duae
2013 2604 2097 2645 istae
2120 2603 2250 2645 tatuiae
2264 2616 2356 2657 quae
2373 2601 2427 2642 ab
2450 2600 2601 2643 isthmo
2623 2599 2726 2643 bisa-

1478 2668 1581 2709 riam
1600 2675 1842 2708 excurrunt.
1868 2666 1995 2707 Ducit
2022 2680 2094 2715 eo,
2112 2673 2158 2707 ut
2177 2664 2360 2708 Ukertus
2380 2664 2543 2705 monuit
2556 2676 2599 2719 p.
2624 2664 2722 2718 457,
2785 2679 2798 2688 ·

1480 2732 1740 2783 Anonymus,
1762 2728 1834 2783 qui
1855 2726 1908 2769 de
1929 2741 2052 2769 cursu
2082 2728 2159 2768 isto
2178 2728 2233 2768 ait
2254 2725 2355 2767 ἐστὶν
2379 2724 2508 2781 ’1,1ών,
2530 2725 2724 2767 τουτέστιν

1480 2793 1656 2849 αἰγιαλὸς
1687 2792 1832 2847 σφόδρα
1861 2791 1986 2847 μακρά
2010 2791 2027 2843 (
2041 2791 2207 2832 Simiter
2234 2788 2447 2844 peninsula
2482 2788 2588 2828 inter
2617 2787 2727 2829 Pon·

1480 2865 1570 2897 tum
1608 2864 1649 2896 et
1685 2855 1853 2895 Maeotin
1887 2851 2079 2909 paludem
2117 2866 2340 2892 excurrens
2372 2850 2495 2903 longo
2528 2858 2568 2891 et
2608 2850 2724 2892 tenui

1481 2928 1613 2960 tractu
1639 2918 1863 2959 vocabatur
1878 2917 2001 2966 Eion,
2020 2924 2191 2957 testante
2212 2915 2344 2956 Plinio
2360 2916 2435 2965 vl,
2469 2917 2494 2955 6
2510 2912 2543 2970 ).
2565 2913 2727 2955 Ναοῦ-ε

1481 2981 1611 3021 txrniae
1628 2979 1862 3020 extremitas
1885 2977 2149 3019 occidentalis
2170 2976 2463 3019 nominabatur
2488 2973 2590 3030 ἱερὸν
2607 2973 2727 3022 ἄλσος

1481 3046 1547 3093 τῆς
1570 3041 1758 3094 Ἑκάτης,
1778 3049 1824 3081 ιιι
1846 3039 1967 3081 docet
1994 3043 2256 3095 Anonymus.
2285 3037 2433 3080 Strabo
2454 3050 2497 3093 p.
2530 3036 2611 3090 307
2632 3036 2687 3077 ita
2709 3049 2719 3077 ε

1481 3105 1519 3145 M
1526 3105 1590 3146 ετὰ
1607 3104 1646 3145 ’δὲ
1662 3102 1731 3155 τὴν
1752 3103 1823 3158 πρὸ
1846 3105 1913 3143 τοῦ
1928 3102 2179 3156 Βορυσθένους
2192 3104 2308 3153 νῆσον
2326 3099 2408 3151 ἓξῆς
2427 3098 2519 3154 πρὸς
2540 3096 2725 3153 ἁνίοχον·

1482 3183 1529 3208 τα
1552 3167 1664 3218 ἥλιον
1695 3166 1716 3206 ὁ
1737 3166 1834 3207 πλο·’
1792 3182 1854 3213 ους
1884 3165 1945 3206 ἐπι
1974 3165 2092 3219 ἄκραν
2117 3162 2186 3214 τὴν
2217 3166 2284 3204 τοῦ
2313 3160 2538 3216 ’Λχιλλείου
2553 3160 2722 3216 δρόμου,

1482 3229 1624 3285 ψιλὸν
1617 3243 1683 3269 ιιεν
1704 3245 1765 3282 γω
1746 3229 1865 3282 »pion
1888 3227 2098 3281 καλοῦμεν
2094 3244 2128 3266 m
2150 3226 2183 3265 5
2201 3225 2335 3274 ἄλσος,
2363 3223 2466 3279 ἱερὸν
2490 3221 2723 3278 Ἀγιλλίως.

1483 3292 1725 3333 ptoloma-ns
1751 3290 1863 3345 (111,
1888 3290 1909 3330 5
1934 3303 1975 3344 p.
2013 3293 2087 3342 ¹98
2106 3292 2119 3341 )
2140 3287 2320 3342 denique
2349 3285 2458 3328 istud
2482 3285 2584 3341 ἱερὸν
2613 3282 2728 3326 Ἐκά-

1482 3368 1548 3405 της
1563 3352 1709 3399 ἄλσος
1701 3367 1741 3392 ιιι
1764 3350 1850 3391 duo
1874 3350 1970 3391 ἅκοα
1993 3349 2173 3401 dirimit,
2204 3350 2256 3390 ita
2284 3357 2327 3389 ut
2352 3348 2470 3396 ἄλσος
2495 3345 2661 3401 Ἑκάτης
2672 3347 2728 3389 sit

1483 3416 1599 3470 ἄκρον
1637 3414 1885 3455 continentis
1922 3429 1948 3454 e
1982 3414 2149 3467 regione
2180 3415 2248 3454 τοῦ
2274 3412 2419 3467 δρόμου
2443 3411 2568 3452 sitnm
2586 3443 2595 3459 ,
2621 3408 2725 3466 ἱερὸν

1484 3492 1582 3519 vero
1601 3477 1716 3532 ἄκρον
1743 3475 1853 3518 dicat
1872 3476 1915 3519 ‘rb
1936 3475 2088 3517 δυτικὸν
2109 3476 2226 3531 ἄκρον
2246 3478 2315 3516 τοῦ
2339 3473 2553 3530 Ἀχιλλέως
2562 3473 2725 3529 δρόμου.

1483 3565 1538 3571 -
1555 3538 1791 3593 Longitudo
1813 3542 1881 3580 τοῦ
1907 3539 2053 3594 δρόμου
2081 3554 2162 3581 sec.
2191 3538 2415 3580 Arrianum
2445 3534 2552 3577 foret
2571 3532 2727 3577 stadio-

1485 3618 1577 3643 inm
1604 3606 1706 3653 (5380
1728 3617 1857 3657 quum
1881 3603 1930 3643 sit
1951 3601 2003 3642 ad
2025 3605 2120 3656 740.
2149 3601 2330 3656 Agrippa
2350 3613 2418 3655 ap.
2437 3597 2543 3641 Ptin.
2563 3597 2641 3648 IV,
2670 3598 2726 3638 26

1487 3674 1655 3721 exputat
1678 3668 1731 3706 80
1748 3665 1873 3713 milia,
1907 3665 1991 3705 sive
2018 3667 2100 3713 640
2121 3662 2274 3712 stadia;
2303 3660 2499 3703 Strabol.
2523 3659 2551 3701 1.
2580 3658 2721 3713 (sieut
2786 3675 2796 3697 ι

1486 3729 1650 3768 Tzctzes
1666 3727 1717 3768 nd
1751 3729 1849 3783 lyn-
1880 3741 1948 3781 191
1979 3729 1994 3780 )
2020 3725 2151 3767 stadia
2176 3739 2303 3775 ¹ooo;
2330 3727 2573 3779 Anonymus
2596 3718 2725 3763 stadia

1494 3805 1611 3832 1200.
1642 3791 1741 3843 11-
1774 3806 1814 3843 9.
1844 3789 2040 3843 Ὀλὸἱα]
2072 3787 2172 3829 Vid.
2199 3795 2286 3829 not.
2314 3784 2367 3828 ad
2395 3787 2619 3841 Scymnum
2643 3780 2721 3825 803

1488 3866 1529 3906 p.
1553 3867 1648 3906 229.
1676 3851 1917 3892 Distantiam
1939 3850 2054 3892 urbis
2075 3850 2127 3891 ab
2146 3850 2253 3890 ostio
2278 3846 2542 3903 Borysthenis
2562 3848 2578 3898 (
2597 3854 2733 3907 propt

1491 3914 1687 3954 ΛίΙόοιινη
1714 3913 1920 3954 castellnm
1944 3915 1981 3966 ),
2020 3925 2143 3967 quam
2188 3910 2389 3952 Arrianus
2419 3906 2594 3955 omittit,
2638 3903 2761 3947 esd·-
2807 3959 2808 3962 Ἴ

1488 3974 1714 4015 stadiorum
1752 3978 1834 4023 240
1866 3973 1992 4015 tradit
2016 3976 2300 4028 ·;Anonymus
2330 3984 2413 4012 200
2444 3966 2573 4010 stadia
2608 3967 2725 4007 com-

1490 4045 1604 4092 putat
1649 4036 1796 4078 Strabo
1840 4051 1882 4091 p.
1918 4037 2013 4077 306.
2060 4036 2076 4087 11
2114 4058 2170 4066 -
2202 4048 2266 4075 10.
2307 4035 2455 4085 νῆσον
2482 4030 2498 4086 Ἰ
2534 4025 2723 4071 Memintt

1491 4099 1631 4141 insulae
1661 4099 1792 4153 (hod.
1824 4100 1999 4140 Be'nsszme
2024 4100 2039 4152 )
2062 4096 2208 4139 Sttabo
2232 4097 2311 4139 306
2342 4103 2381 4136 et
2415 4095 2536 4148 307
2526 4104 2535 4113 ·
2558 4087 2720 4141 πλησίον
