2808 4342
101 139 210 201 (5,6})

100 242 217 302 μίλια
246 240 283 295 η’
306 276 331 284 ,.
335 238 422 290 ”.ς-
489 235 588 281 Ἀπὸ
619 233 660 280 δὲ
678 233 831 296 Ἄκρας
849 236 904 286 εἷς
936 234 1076 286 Κύτας
1094 234 1237 292 πόλιν,
1261 233 1334 290 τὴν

99 310 243 375 πρώην
261 305 484 368 λεγομένην
502 303 736 360 Κυδεάκαι,
758 303 916 350 στάδιοι
937 302 992 361 λ’,
1017 303 1134 363 μίλια
1155 304 1207 352 δ’.

162 379 262 427 Ἀπὸ
284 381 352 423 οὖν
382 376 651 431 Ἀθηναιῶνος
679 372 804 436 μέχρι
834 376 980 420 Κυτῶν
1010 375 1169 421 Σκῦθαι
1200 391 1336 419 κατοι-

99 453 254 496 κοῦσιν.
324 443 444 493 Μετὰ
492 443 535 489 δὲ
581 446 710 488 ταῦτα
750 441 960 506 Βόσπορος
1007 445 1028 486 ὁ
1075 442 1332 506 Κιμμερικός

59 532 78 560 5
98 521 224 565 ἔστιν.
914 531 917 534 ·

161 585 262 632 Ἀπὸ
281 584 323 630 δὲ
344 587 490 631 Κυτῶν
511 585 549 634 ἐς
575 579 835 642 Κιμμερικὸν
857 579 974 625 πόλιν
1003 582 1161 627 στάδιοι
1186 580 1232 637 ξ’,
1267 580 1334 640 μί-

97 658 168 701 λια
194 655 248 711 η’
273 657 447 700 ἐνταῦθα
471 651 593 715 ὅρμος
616 649 736 695 ναυσὶ
758 650 841 700 τοῖς
864 649 932 712 ἀφ’
955 650 1129 712 ἑσπέρας
1160 648 1335 709 ἀνέμοις.

98 720 309 786 Ἄντικρυς
342 721 384 767 δὲ
412 724 456 767 ἐν
482 724 533 782 τῇ
557 718 745 780 θαλάσσῃ
765 735 884 774 νησοι
906 718 1126 781 πετρώδεις
1160 720 1205 764 οὗ
1227 718 1335 763 πάνυ

100 791 280 852 μεγάλαι
299 790 396 846 δύο,
421 788 651 850 ἀπέχουσαι
677 787 812 847 ὀλίγον
843 805 916 840 της
947 786 1132 850 ἠπείρου.
1201 785 1335 846 Ὁμοῦ

40 874 77 903 10
100 860 182 906 ἀπὸ
202 865 272 906 τοῦ
297 857 466 917 στομίου
499 860 572 912 τῆς
600 855 834 908 Μαιώτιδος
855 856 1003 915 λίμνης
1026 856 1101 908 ἕως
1123 860 1192 902 τοῦ
1218 858 1334 916 Κιμ-

99 933 267 992 μερικοῦ
283 927 440 974 στάδιοι
455 926 506 983 τ’,
527 925 644 986 μίλια
667 925 723 985 μ’·
749 925 830 970 ἀπὸ
851 924 893 971 δὲ
916 925 1235 973 Παντικαπαίου
1258 925 1333 970 πό·

97 1000 198 1051 λεως
219 998 292 1049 ἕως
313 1000 572 1059 Κιμμερικοῦ
591 995 748 1040 στάδιοι
768 995 858 1054 σμ’,
886 995 1003 1055 μίλια
1026 994 1114 1042 λὸ’.

163 1085 218 1113 51.
257 1067 359 1115 Ἀπὸ
393 1066 434 1112 δὲ
475 1069 735 1128 Κιμμερικοῦ
770 1066 826 1117 εἷς
862 1063 1007 1124 κώμην
1047 1064 1238 1118 Καζέκας
1271 1062 1337 1108 ἐπὶ

99 1138 287 1199 θαλάσσῃ
321 1136 555 1200 ᾠκισμένην
581 1135 737 1180 στάδιοι
767 1131 857 1196 ρπ’,
883 1133 999 1193 μίλια
1027 1133 1104 1180 κδ’.
1172 1131 1272 1178 Ἀπὸ
1296 1132 1337 1177 δὲ

37 1219 76 1248 15
101 1206 292 1259 Καζέκας
323 1208 377 1258 εἷς
400 1203 654 1260 Θευδοσίαν,
689 1203 809 1248 πόλιν
843 1202 1020 1266 ἔρημον,
1059 1202 1231 1263 ἔχουσαν
1269 1201 1339 1246 καὶ

98 1274 273 1335 λιμένα,
309 1276 468 1320 στάδιοι
491 1273 582 1331 σπ’,
608 1274 724 1319 μίλια
746 1272 822 1329 λζ’,
846 1271 899 1333 γ”
929 1273 999 1318 καὶ
1033 1270 1141 1327 αὕτη
1179 1270 1338 1316 παλαιὰ

98 1339 148 1400 ἦν
176 1343 328 1395 Ἑλλὰς
358 1344 499 1400 πόλις,
522 1346 603 1389 τῶν
639 1342 859 1397 Μιλησίων
881 1342 1070 1399 ἄποικος,
1099 1341 1171 1386 καὶ
1195 1340 1338 1400 μνήμη

100 1415 226 1468 αὐτῆς
256 1413 364 1458 ἐστὶν
396 1415 438 1457 ἐν
461 1414 627 1463 πολλοῖς
652 1412 968 1474 συγγράμμασι.
1035 1415 1122 1459 Νῦν
1148 1409 1189 1455 δὲ
1217 1408 1333 1470 λέγε-

98 1501 167 1527 ται
187 1486 212 1537 ἡ
231 1480 436 1528 Θευδοσία
456 1484 507 1542 τῇ
532 1481 723 1541 Ἀλανικῇ
744 1481 836 1534 ἤτοι
855 1485 905 1542 τῇ
930 1483 1120 1543 Ταυρικῇ
1138 1478 1338 1542 διαλέκτῳ

36 1565 77 1595 20
100 1549 305 1614 Ἀρδάὸδα
317 1584 330 1606 ,
348 1548 553 1595 τουτέστιν
579 1549 788 1600 ἓπτάθεος.
817 1550 891 1595 Ἐν
909 1548 1038 1611 ταύτῃ
1059 1548 1100 1594 δὲ
1119 1552 1171 1609 τῇ
1189 1549 1340 1594 Θευδο-

98 1619 167 1678 σίᾳ
185 1617 349 1677 λέγεταί
368 1635 467 1663 ποτε
483 1616 552 1661 καὶ
572 1615 752 1679 φυγάδας
768 1618 814 1660 ἐκ
834 1620 905 1660 τοῦ
925 1616 1139 1677 Βοσπόρου
1155 1619 1335 1672 οἰκῆσαι.

165 1705 219 1734 52.
255 1688 355 1734 Ἀπὸ
384 1686 426 1732 δὲ
449 1685 676 1737 Θευδοσίας
709 1687 763 1737 εἷς
787 1685 1039 1740 Ἀθηναιῶνα
1061 1684 1212 1745 λιμένα
1246 1685 1340 1740 ἤτοι

103 1756 402 1819 Σκυθοταύρων
441 1755 589 1815 λιμένα
627 1755 778 1817 ἔρημον
821 1753 976 1800 στάδιοι
1014 1753 1050 1799 σ’
1054 1790 1065 1811 ,
1106 1753 1224 1814 μίλια
1261 1753 1339 1810 κς·’,

128 1826 215 1878 '⁶5¹‘
238 1828 411 1871 ἐνταῦθα
427 1824 549 1887 ὅρμος
568 1843 708 1870 ναυσιν
726 1823 940 1876 ἄκλυστος.
1010 1822 1111 1870 Ἀπὸ
1134 1827 1202 1868 οὖν
1221 1822 1339 1878 Ἀθη-

31 1912 74 1942 25
99 1897 268 1948 ναιῶνος
288 1891 500 1955 λιμένος”
473 1913 564 1951 ητοι
591 1893 893 1957 Σκυθοταύρων
918 1895 973 1946 εἷς
997 1893 1214 1954 Λαμπάδα
1239 1891 1338 1937 στά-

8 1959 12 1963 ’
100 1965 178 2009 διοι
220 1963 281 2026 χ’,
317 1964 435 2024 μίλια
468 1963 527 2009 π’·
571 1966 746 2008 ἐνταῦθα
775 1961 899 2025 ὅρμος
934 1962 1091 2008 ναυσίν.
1157 1961 1256 2007 Ἀπὸ
1297 1960 1339 2006 δὲ

99 2034 332 2094 Λαμπάδος
365 2036 419 2085 εἷς
455 2033 500 2078 τὸ
537 2037 669 2094 Κριοῦ
710 2032 930 2093 μέτωπον,
971 2031 1226 2095 ἀκρωτήριον
1267 2035 1340 2087 τῆς

97 2106 311 2165 Ταυρικῆς
326 2137 338 2159 ,
363 2102 516 2165 ὑψηλὸν
534 2101 649 2164 ὅρος,
666 2102 824 2148 στάδιοι
848 2101 925 2159 σκ’,
947 2101 1064 2162 μίλια
1087 2101 1163 2158 κθ’,
1186 2101 1242 2160 γ’.

162 2189 220 2218 53.
259 2172 331 2218 Ἐν
354 2171 484 2234 ταύτῃ
517 2176 568 2233 τῇ
592 2170 711 2233 χώρα
736 2175 808 2226 τῆς
832 2174 1043 2231 Ταυρικῆς
1065 2188 1168 2221 τινες
1190 2169 1338 2230 λέγου-

29 2262 70 2292 30
100 2261 162 2287 σιν
188 2240 406 2304 ἀφικέσθαι
421 2239 519 2285 ποτὲ
540 2243 769 2285 κλαπεῖσαν
791 2239 889 2300 (τὴν
908 2238 920 2301 )
940 2238 1181 2300 Ἰφιγένειαν
1200 2240 1247 2283 ἐκ
1267 2242 1339 2294 τῆς

100 2310 291 2362 Αὐλίδος.
357 2309 476 2356 Εἰσὶν
502 2308 544 2354 δὲ
560 2310 641 2360 τοῖς
660 2308 797 2370 ὄχλοις
820 2310 857 2353 οἱ
876 2312 1036 2370 Ταῦροι
1059 2307 1226 2369 συχνοὶ,
1251 2307 1336 2369 βίον

101 2381 136 2425 δ’
171 2379 345 2442 ἐνόρειον
384 2379 544 2438 νομάδα
579 2378 613 2423 τ’
648 2377 921 2434 ἐζηλωκότες,
958 2377 1031 2432 τὴν
1066 2379 1101 2422 δ’
1140 2376 1336 2436 ὠμότητα

103 2448 307 2511 βάρὸαροί
333 2467 376 2493 τε
398 2448 466 2494 καὶ
488 2454 646 2511 φονεῖς,
671 2447 934 2507 ἱλασκόμενοι
958 2446 1010 2492 τὰ
1028 2451 1115 2491 θεῖα
1139 2453 1221 2498 τοῖς
1242 2448 1336 2491 ἀσε-

101 2519 280 2578 ὅήμασι.

107 2682 192 2734 ΙΙ-
212 2693 247 2720 1.
273 2679 427 2725 Κῦτας
442 2709 450 2717 .
469 2709 478 2718 .
495 2709 503 2718 .
540 2677 808 2731 Κυδεάκαι]
827 2679 890 2717 De
912 2677 1055 2716 formis
1071 2676 1203 2726 Κύται,
1220 2675 1320 2727 Κύτη
1334 2707 1344 2725 ,

102 2742 247 2782 Κύταια
268 2741 414 2781 monui
436 2739 489 2780 ad
505 2740 658 2795 Scylac.
675 2754 718 2795 p.
753 2739 821 2794 57.
847 2738 967 2781 Adde
994 2738 1159 2780 Κύταιαν
1176 2753 1226 2779 ex
1244 2741 1342 2779 Pto—

101 2804 270 2853 lemaeo,
291 2804 361 2858 qui
391 2801 593 2857 oppidum
622 2802 674 2842 ab
690 2816 762 2842 ora
780 2802 823 2841 in
853 2800 1153 2842 mediterranea
1184 2799 1338 2854 rejecit,

102 2874 150 2907 ut
161 2867 326 2921 passim.
351 2865 540 2905 Κυδεάκαι
560 2863 673 2905 haud
688 2863 814 2904 dubie
838 2871 1105 2922 corruptum3
1134 2862 1231 2904 fort.
1257 2872 1342 2903 erat

105 2929 250 2968 Κύδαια
261 2927 326 2968 καὶ
350 2927 525 2981 [Κῦταια
543 2927 576 2982 ].
599 2927 708 2967 Situs
732 2926 846 2966 locus
876 2927 919 2966 in
945 2925 1070 2967 Takil
1088 2929 1275 2966 Boaroun
1290 2925 1342 2966 ad

106 2990 250 3046 Opozck
263 2997 463 3039 montem,
480 2996 527 3028 ut
545 2987 726 3028 Ukertus
741 3002 783 3042 p.
803 2990 884 3041 476
900 2996 1051 3037 censet,
1068 2986 1233 3028 laudato
1252 2988 1342 3028 Pal-

102 3053 160 3093 las
185 3053 299 3094 Reise
313 3054 369 3103 ΙΙ,
394 3066 436 3107 p.
457 3051 533 3100 341
555 3066 566 3101 ;
588 3050 640 3091 ad
669 3050 806 3091 lacum
829 3053 932 3091 Θεία
951 3050 1087 3100 Sami,
1107 3065 1157 3090 ex
1179 3058 1341 3090 senten-

105 3116 162 3155 tia
203 3116 359 3170 Lapiei.
383 3138 440 3145 —
460 3113 601 3154 Verba
632 3111 695 3154 ἀπ’
729 3111 1028 3164 Ἀθηναιῶνος...
1055 3112 1075 3152 ὁ
1111 3113 1342 3168 Κιμμερικός

108 3175 187 3216 ἐστι
206 3192 254 3217 ex
275 3177 354 3218 alio
379 3176 507 3226 sonte,
539 3176 582 3216 in
598 3189 682 3230 quo
719 3176 905 3216 inversus
928 3175 1006 3216 suit
1027 3175 1177 3230 Peripli
1209 3175 1313 3216 ordo
1327 3207 1338 3226 ,

107 3240 265 3278 ratione
283 3237 548 3279 incommoda
569 3239 909 3292 interponuntur,
927 3238 1011 3277 sive
1031 3237 1143 3292 quod
1161 3239 1342 3291 gentium

108 3300 286 3340 confinia
300 3308 443 3340 auctor
458 3309 601 3340 notare
614 3301 758 3351 voluit,
769 3302 853 3341 sive
868 3299 982 3355 quod
989 3301 1161 3355 Bospori
1177 3301 1341 3341 initium

109 3361 161 3402 ad
175 3364 294 3416 Cytas
310 3361 536 3402 secundum
547 3363 768 3403 nonnullos
784 3377 871 3403 esse
883 3362 1151 3403 indicandum
1166 3364 1341 3419 putavit.

117 3425 133 3477 ΙΙ
157 3448 213 3456 ——
230 3427 270 3464 6.
288 3423 528 3479 Κιμμερικῶν
545 3423 690 3464 codex.
708 3427 758 3464 In
775 3439 888 3479 seqq.
907 3425 1054 3478 legitur
1071 3425 1144 3466 ἀπὸ
1161 3429 1228 3466 τοῦ
1248 3427 1344 3482 Κιμ-

113 3489 282 3541 μερικοῦ.
317 3487 402 3526 Cur
423 3486 623 3526 scribatur
654 3486 862 3540 Κιμμέριον
886 3486 948 3527 vel
981 3488 1201 3542 Κιμμερίων
1226 3504 1345 3530 causa

111 3549 261 3590 idonea
282 3563 367 3589 non
386 3557 459 3589 est.
485 3548 728 3589 Ptolemaeus
746 3548 953 3603 Κιμμέριον
974 3550 1016 3589 in
1035 3549 1344 3592 mediterraneis

112 3610 357 3651 Chersonesi
378 3609 500 3650 habet
518 3608 662 3650 eodem
678 3609 791 3649 haud
805 3609 931 3650 dubie
945 3624 1099 3660 errore,
1121 3625 1204 3665 quo
1225 3612 1346 3661 Κύτας

112 3674 155 3712 in
184 3673 377 3713 interiora
392 3672 572 3712 retrusit.
603 3671 718 3712 Alius
739 3686 861 3712 nemo
882 3670 1006 3725 hujus
1038 3672 1117 3713 loci
1135 3674 1341 3716 meminit.

113 3737 176 3775 De
187 3736 236 3775 iis
245 3735 314 3789 qui
328 3734 597 3775 Cimmerium
607 3734 649 3773 in
660 3734 784 3773 latere
791 3734 964 3788 Bospori
978 3735 1156 3776 Asiatico
1165 3746 1342 3791 ponunt,

114 3799 198 3837 sive
220 3805 401 3838 errantes
421 3797 505 3836 sive
529 3794 640 3836 aliud
658 3809 681 3835 a
712 3796 855 3836 nostro
874 3795 1083 3837 diversum
1113 3812 1345 3840 memoran-

114 3867 189 3910 tes,
210 3859 302 3900 vide
317 3867 405 3900 not.
423 3857 476 3900 ad
489 3859 712 3913 Scymnum
732 3860 828 3911 896,
847 3857 919 3898 ubi
936 3857 1040 3898 adde
1051 3860 1343 3915 Geographum

87 3971 91 3977 ⁶
114 3925 215 3963 Rav.
233 3923 288 3973 V,
311 3936 376 3964 10.
392 3922 589 3962 Nostrum
609 3920 903 3961 Cimmericum
918 3935 1047 3976 prope
1067 3922 1294 3978 Elkenkaja
1307 3932 1347 3964 et

114 3992 297 4026 montem
326 3982 469 4040 Opouk
500 3981 615 4039 (ὅρος
633 3981 840 4041 Κιμμέριον
861 3982 1074 4025 Strabonis
1087 3997 1130 4039 p.
1161 3984 1238 4039 309
1262 3999 1342 4027 sec.

983 132 1282 206 PERIPLUS
1326 132 1509 179 PONTI
1543 131 1778 178 EUXlNI..

2545 143 2633 181 415

1403 241 1524 295 Cytas
1542 240 1711 291 urbem,
1736 253 1828 294 quae
1849 238 1979 280 olium
1998 236 2192 293 Cydeacae
2216 238 2232 291 (
2256 241 2373 292 Cytea
2392 253 2460 278 sen
2487 243 2637 297 Cytep)

1405 308 1618 350 dicebatur
1635 307 1766 350 stadia
1789 309 1856 358 30,
1880 307 1994 348 milia
2016 309 2058 356 4.

1461 378 1527 420 Ab
1549 369 1801 420 Athenaeone
1823 385 1962 418 autem
1979 390 2111 431 usque
2132 373 2184 416 ad
2204 375 2325 430 Cytas
2348 376 2505 432 Scythae
2523 378 2639 419 habi-

1404 488 1509 522 tant.
1567 478 1671 520 Inde
1688 481 1897 534 Bosporus
1918 476 2168 518 Cimmerius
2183 476 2384 531 sequitur.

1462 590 1499 629 A
1519 589 1630 643 Cytis
1657 586 1710 628 ad
1729 586 2000 626 Cimmerium
2022 585 2170 626 urbem
2203 585 2332 626 stadia
2367 589 2435 637 60,
2458 587 2568 628 milia
2592 591 2638 638 83

1406 656 1463 697 ibi
1492 665 1552 697 est
1569 655 1690 697 statio
1712 655 1883 696 navium
1909 663 1996 695 tuta
2019 654 2071 695 ab
2092 655 2224 695 ventis
2247 670 2298 695 ex
2323 655 2537 696 occidente
2558 659 2641 712 spi-

1405 724 1607 766 rantibus.
1668 721 1850 778 Objectae
1878 724 1922 763 in
1955 723 2059 763 mari
2089 722 2181 763 duae
2207 731 2303 763 sunt
2323 723 2465 764 insulae
2487 739 2641 766 saxosae

1406 793 1576 847 exiguae,
1600 791 1713 834 haud
1737 806 1886 846 magno
1901 805 1924 831 a
1938 798 2048 831 terra
2063 791 2195 845 spatio
2214 790 2424 832 distantes.
2484 792 2550 834 Ab
2571 808 2643 834 ore

1405 860 1610 902 Maeotidis
1623 859 1785 916 paludis
1798 873 1926 914 usque
1942 858 1994 899 ad
2007 859 2275 900 Cimmerium
2291 859 2420 900 stadia
2434 869 2531 901 sunt
2543 862 2640 912 300,

1407 929 1519 970 milia
1545 932 1621 980 403
1646 943 1670 969 a
1694 929 1954 986 Bantieapaeo
1977 927 2079 967 urbe
2101 926 2153 967 ad
2186 928 2480 969 Cimmericum
2511 930 2643 972 stadia

1408 1001 1504 1047 240,
1526 997 1638 1037 milia
1657 997 1709 1037 32
1739 998 1810 1049 (E
1836 995 2081 1052 Menippo).

1466 1065 1531 1105 51.
1565 1066 1602 1105 A
1625 1064 1873 1105 Cimmerico
1899 1062 1951 1103 ad
1970 1064 2164 1103 Cazecam
2185 1063 2322 1103 vicum
2342 1065 2444 1104 mari
2464 1064 2641 1105 adsitum

1408 1136 1538 1178 stadia
1555 1138 1647 1187 180,
1659 1136 1770 1176 milia
1786 1139 1854 1185 24.
1915 1138 1952 1177 A
1965 1137 2115 1176 Cazcca
2126 1135 2178 1176 ad
2188 1136 2482 1187 Theudosiam,
2497 1138 2644 1179 urbem

1409 1207 1626 1258 desertam,
1655 1208 1899 1248 instructam
1930 1215 2072 1262 portu,
2108 1205 2238 1247 stadia
2271 1209 2367 1257 280,
2392 1208 2504 1248 milia
2531 1209 2582 1263 37
2606 1211 2642 1263 ὲ.

1410 1277 1508 1317 Haec
1535 1276 1705 1330 antiqua
1733 1277 1873 1316 civitas
1902 1290 2031 1328 graeca
2060 1283 2162 1325 erat,
2182 1275 2438 1316 Milesiorum
2458 1276 2642 1328 colonia,

1409 1345 1547 1386 multis
1569 1346 1719 1400 passim
1742 1346 1952 1386 literarum
1981 1345 2262 1385 monumentis
2286 1344 2486 1386 celebrata
2519 1347 2643 1398 (Hu-

1409 1429 1557 1470 cusque
1578 1415 1714 1455 eadem
1736 1414 1994 1468 Arrianus).
2060 1415 2184 1454 Nunc
2211 1413 2448 1455 Theudosia
2477 1414 2646 1456 Alanica

1409 1484 1493 1524 sive
1513 1485 1748 1525 Taurorum
1785 1483 1958 1524 dialecto
1978 1483 2205 1538 appellatur
2237 1482 2455 1532 Ardabda,
2493 1483 2536 1523 id
2569 1493 2644 1534 est,

1410 1553 1659 1607 Heptatheos
1682 1553 1766 1592 sive
1790 1560 1946 1607 septem
1969 1551 2124 1591 habens
2155 1550 2269 1592 deos.
2328 1554 2378 1592 In
2410 1551 2647 1595 Theudosia

1415 1619 1612 1660 dicuntur
1634 1620 1856 1674 aliquando
1870 1622 2206 1675 Bosporanorum
2232 1619 2390 1660 exsules
2421 1620 2642 1662 habitasse.

1422 1705 1425 1709 ·
1470 1692 1536 1732 52.
1570 1695 1606 1732 A
1627 1692 1863 1733 Theudosia
1891 1691 1943 1732 ad
1966 1692 2195 1733 Athenaeon
2232 1701 2401 1747 portum
2432 1693 2517 1733 sive
2549 1695 2647 1749 Scy-

1411 1759 1702 1800 thotaurorum
1717 1768 1886 1815 portum
1904 1760 2112 1801 desertum
2135 1759 2266 1801 stadia
2280 1774 2376 1811 200,
2395 1761 2508 1802 milia
2523 1766 2576 1808 26
2593 1767 2614 1817 -ξ
2634 1776 2644 1801 z

1410 1828 1469 1868 ibi
1502 1828 1670 1868 navium
1706 1830 1826 1869 statio
1847 1829 2081 1883 tranquilla.
2142 1829 2208 1870 Ab
2241 1830 2493 1871 Athenaeone
2523 1839 2648 1885 portu

1411 1897 1495 1936 sive
1521 1896 1891 1951 Scythotaurorum
1916 1896 1970 1938 ad
1993 1897 2246 1953 Lampadem
2262 1897 2393 1938 stadia
2417 1901 2512 1948 600,
2537 1898 2649 1939 milia

1412 1967 1488 2013 80;
1527 1965 1606 2004 illic
1625 1965 1744 2005 statio
1778 1965 1962 2006 navium.
2022 1967 2061 2006 A
2092 1964 2302 2020 Lampade
2323 1965 2375 2006 ad
2397 1966 2648 2007 Criu-meto-

1409 2048 1520 2089 pon,
1545 2033 1722 2074 arduum
1754 2035 1941 2075 Tauricae
1975 2035 2334 2090 promontorium,
2372 2034 2502 2075 stadia
2538 2048 2646 2085 220,

1410 2102 1522 2142 milia
1545 2116 1596 2155 29
1625 2110 1658 2151 ξ.

1469 2175 1535 2214 53.
1568 2175 1690 2215 Hunc
1727 2175 1769 2213 in
1803 2174 1941 2215 locum
1969 2176 2155 2215 Tauricae
2189 2175 2359 2229 quidam
2382 2175 2527 2218 dicunt
2550 2176 2647 2217 olim

1411 2262 1566 2301 venisse
1581 2261 1819 2316 subreptam
1841 2276 1889 2301 ex
1907 2261 2058 2302 Aulide
2073 2262 2384 2316 Iphigeniam...
2409 2264 2650 2307 Numerosis

1410 2358 1551 2390 autem
1584 2349 1714 2389 Tauri
1747 2348 1880 2388 turbis
1906 2348 2061 2402 pollent
2090 2350 2182 2389 vitae
2218 2359 2422 2390 montanae
2457 2365 2650 2405 vagaeque

1412 2432 1557 2482 dediti,
1580 2430 1818 2471 crudelitate
1838 2429 2100 2485 caedibusque
2121 2431 2303 2482 barbari,
2328 2442 2542 2474 exorantes
2569 2449 2648 2475 nu-

1408 2516 1520 2554 mina
1546 2514 1682 2568 impiis
1700 2513 1917 2552 sceleribus
1936 2512 1950 2568 (
1966 2516 2005 2553 E
2016 2513 2173 2568 perieg.
2198 2514 2323 2555 iamb.
2351 2517 2504 2564 828-34
2521 2519 2553 2570 ).

1414 2673 1659 2714 Koehlerum
1682 2675 1805 2714 Mem.
1836 2672 1884 2711 cle
1918 2672 2080 2712 l'Acad.
2106 2673 2155 2712 de
2176 2676 2268 2714 Pet.
2299 2676 2376 2725 IX,
2397 2689 2440 2730 p.
2480 2680 2575 2725 664.
2595 2681 2649 2718 At

1411 2750 1451 2775 v.
1466 2735 1597 2776 Ukert
1607 2737 1682 2775 III.
1703 2748 1744 2784 2,
1762 2749 1803 2789 p.
1820 2737 1935 2788 461),
1946 2735 2018 2774 ubi
2033 2736 2164 2775 ruinae
2179 2743 2354 2787 exstant,
2369 2738 2493 2778 situm
2509 2738 2646 2789 fuisse,

1411 2799 1562 2839 insulas
1571 2806 1707 2838 autem
1721 2812 1806 2838 esse
1814 2797 1975 2838 Kavari
1983 2812 2105 2852 rupes
2113 2798 2381 2853 probabiliter
2392 2810 2557 2842 censent
2567 2804 2652 2842 Du-

1411 2860 1615 2916 boisV‚p.
1632 2863 1713 2901 256
1726 2869 1764 2900 et
1778 2859 1975 2900 Ukertus.
1994 2860 2057 2901 Cf.
2077 2862 2244 2915 Georgii
2260 2865 2403 2916 Geogr.
2418 2865 2474 2913 II,
2490 2878 2533 2918 p.
2550 2865 2645 2906 382.

1412 2924 1565 2978 Lapieo
1583 2931 1642 2963 est
1667 2921 2012 2964 Takil-Bouroun.
2037 2923 2052 2977 Η
2083 2947 2138 2954 —
2158 2938 2198 2977 7.
2222 2922 2284 2978 ἀφ’
2318 2924 2475 2980 ἑσπέραν
2499 2926 2642 2967 codex.

1467 2985 1605 3038 §51,l.
1629 2986 1693 3026 13.
1712 2986 1776 3026 κώ
1789 3000 1848 3040 μη
1862 2999 1881 3025 ν
1905 2984 2091 3032 Καζέκα
2105 2987 2143 3040 ς]
2162 2987 2285 3027 Hunc
2300 2987 2435 3027 vicum
2450 2989 2648 3029 Arrianus

1412 3062 1578 3103 quoque
1604 3056 1826 3096 memorat,
1852 3048 2012 3087 omissis
2043 3047 2141 3088 locis
2158 3048 2266 3089 inter
2283 3050 2585 3104 Panticapaeum
2609 3061 2648 3091 et

1411 3112 1606 3151 Cazecam
1622 3110 1785 3151 mediis.
1810 3110 2108 3150 Distantiarum
2123 3111 2228 3150 ratio
2251 3112 2431 3151 concinit
2443 3127 2453 3161 3
2474 3121 2648 3167 uterque

1410 3174 1591 3229 periplus
1606 3189 1629 3214 a
1640 3174 1896 3227 Panticapaeo
1911 3171 1963 3212 ad
1976 3173 2168 3212 Cazecam
2184 3172 2313 3213 stadia
2323 3173 2444 3214 habet
2457 3176 2552 3222 420.
2571 3177 2649 3230 11-

1416 3238 1481 3278 15.
1510 3236 1719 3278 Θεοθοσίαν
1745 3236 1909 3278 Arrian.
1933 3235 1949 3288 l}
1966 3258 2021 3265 —
2040 3249 2103 3288 17.
2126 3239 2201 3276 τῶν
2222 3244 2316 3276 ante
2338 3236 2541 3288 Μιλησίων
2559 3253 2644 3280 om.

1413 3301 1579 3341 Arrian.
1618 3300 1633 3352 Η
1659 3322 1716 3330 -—-
1753 3300 1817 3338 18.
1845 3297 1883 3337 ἐν
1920 3296 2084 3344 πολλοῖς
2119 3298 2320 3353 γράμμασι
2342 3300 2508 3340 Arrian.
2544 3301 2558 3354 Η
2591 3325 2646 3331 -

1415 3375 1481 3403 20.
1508 3361 1713 3416 Ἀρδάὸδα]
1736 3361 1793 3400 sic
1816 3358 1947 3399 codex
1961 3375 1972 3409 ;
1998 3359 2119 3413 vulgo
2148 3359 2342 3414 Ἀρδαύδα.
2373 3363 2516 3402 Postea
2539 3363 2647 3417 Κάφα

1414 3426 1656 3478 (Constant.
1674 3425 1721 3463 P.
1740 3424 1802 3462 De
1820 3421 1931 3461 adm.
1947 3422 2048 3476 imp.
2066 3436 2102 3461 c.
2120 3422 2168 3462 53
2182 3422 2214 3477 );
2232 3437 2344 3462 nunc
2360 3423 2508 3477 Kassa.
2521 3425 2645 3477 Quod

1414 3489 1599 3542 sequitur
1620 3485 1775 3540 λέγεταί
1792 3500 1884 3526 ποτε
1900 3484 2006 3535 κτλ.,
2029 3484 2197 3525 fortasse
2217 3481 2453 3540 e'periegesi
2473 3488 2644 3529 iambica

1415 3550 1604 3590 ductum.
1630 3549 1645 3602 ll
1669 3573 1725 3578 —
1744 3561 1812 3588 21.
1833 3547 1874 3587 ἐκ
1889 3551 1964 3587 τῶν
1988 3547 2185 3603 Βοσπόρου
2204 3548 2299 3589 cod.

1471 3611 1633 3665 §021-
1661 3623 1726 3650 22
1759 3608 1853 3661 Ἀθη
1866 3612 2092 3665 ναιωνα]
2129 3612 2220 3651 Hoc
2238 3625 2390 3653 nomen
2414 3614 2577 3654 nonnisi
2597 3629 2645 3655 ex

1413 3677 1565 3716 Nostro
1585 3682 1748 3722 notum3
1768 3672 1939 3713 alterum
1965 3672 2089 3713 habet
2107 3674 2323 3716 Airianus.
2348 3677 2540 3729 A1guunt
2561 3676 2648 3716 haec

1415 3737 1612 3777 conflatos
1632 3735 1762 3775 sontes
1794 3734 1913 3785 duOS,
1949 3749 2128 3789 quorum
2148 3751 2197 3776 ex
2220 3736 2346 3777 alte10
2367 3737 2487 3777 nobis
2506 3738 2647 3790 ignoto

1420 3799 1432 3854 (
1453 3814 1475 3838 e
1498 3799 1650 3853 peiieg.
1670 3796 1814 3847 iamb.,
1833 3805 1879 3837 ut
1897 3797 2029 3854 puto)
2053 3798 2171 3839 ssuxit
2190 3800 2310 3839 etlam
2324 3798 2457 3839 lstud
2484 3798 2646 3840 ἐνταυθα
2689 3845 2693 3848 ,

1417 3862 1535 3916 ὅρμος
1556 3874 1685 3900 ναυσιν
1707 3858 1907 3907 ἄκλυστος.

1472 3925 1583 3975 553,
1622 3922 1648 3962 l.
1677 3922 1747 3962 32.
1773 3921 1845 3962 δὲ..
1878 3938 1952 3964 τε..
1981 3922 2020 3964 δὲ
2036 3923 2180 3965 codex.
2206 3924 2221 3978 {l
2248 3948 2304 3955 —
2324 3922 2470 3980 ἐνόριον
2491 3923 2643 3975 codex,

1417 3983 1649 4026 emendavit
1673 3984 1847 4025 Bastius.
