2808 4342
0 0 26 134 ι

1038 147 1327 196 HISTORIA
1359 149 1585 196 INDICA.

37 275 165 305 κοντα
186 256 343 303 στάδιοι
358 256 390 300 ὁ
410 251 546 302 πλόος·
572 249 841 312 ὡρμίσθησαν
866 248 908 295 δὲ
933 251 973 295 ἐν
997 248 1172 312 διώρυχι
1196 251 1278 298 ἀπὸ

39 331 111 373 τοῦ
139 329 327 385 ποταμοῦ
351 318 642 381 ἔμὸεὸλημένῃ
669 321 708 372 ἐς
731 319 943 365 θάλασσαν
958 353 970 376 ,
994 313 1022 380 ᾗ
1044 318 1197 379 οὔνομα
1220 314 1271 377 ἧν

40 394 280 458 (Ηράτεμις.
352 389 403 451 (2)
427 387 542 450 Ἅμα
567 387 608 434 δὲ
631 388 737 451 ἡλίῳ
766 388 973 450 ἀνίσχοντι
995 388 1274 451 παραπλώου-

41 483 104 511 σιν
123 466 163 516 ἐς
194 459 380 520 ποταμὸν
412 458 664 520 χειμάρρουν
683 495 696 516 .,
723 457 878 517 οὔνομα
909 457 1153 520 Πάδαργον,
1179 462 1200 505 ὁ
1230 458 1274 505 δὲ

0 553 15 581 5
37 536 168 596 χῶρος
187 528 435 592 χερρόνησος
459 526 583 580 ἅπας·
607 526 679 572 καὶ
704 529 744 572 ἐν
769 527 880 589 αὗτῷ
899 527 1026 582 κῆποί
1055 546 1099 573 τε
1129 527 1273 574 πολλοὶ

37 600 107 648 καὶ
123 597 327 662 ἀκρόδρυα
343 602 518 642 παντοῖα
539 595 693 658 ἐφύετο·
707 594 861 656 οὔνομα
879 598 935 657 τῷ
954 596 1079 658 χώρῳ
1098 599 1275 657 Μεσαμ-

39 668 150 732 6ρίη.
224 667 275 729 (3)
300 667 381 713 Ἐκ
405 663 681 727 Μεσαμὸρίης
703 663 745 709 δὲ
769 663 1014 726 ὁρμηθέντες
1030 701 1042 725 ‚
1069 664 1139 710 καὶ
1164 665 1272 710 διεκ-

13 761 20 775 a
37 736 273 788 πλώσαντες
301 734 497 785 σταδίους·
506 733 689 794 μάλιστα
714 734 752 784 ἔς
773 733 1021 789 διηκοσίους,
1046 736 1085 785 ἐς
1105 733 1275 790 Ταόκην

37 806 270 869 ὁρμίζονται
295 804 362 850 ἐπὶ
386 805 562 865 ποταμῷ
585 802 771 865 Γράνιδι·
794 802 864 848 καὶ
896 804 977 848 ἀπὸ
1000 802 1142 849 τούτου
1166 805 1205 856 ἐς
1228 804 1274 849 τὸ

0 894 15 924 3
37 874 122 920 ἄνω
147 874 340 935 Περσέων
362 872 552 934 βασίλεια
570 865 619 928 ἦν
634 907 645 928 ,
666 871 877 933 ἀπέχοντα
894 876 964 917 τοῦ
987 876 1175 931 ποταμοῦ
1194 875 1272 917 τῶν

37 942 239 989 ἐκὸολέων
272 942 460 994 σταδίους
494 944 533 994 ἐς
559 941 806 997 διηκοσίους.
879 944 932 1003 (4)
978 942 1098 988 Κατὰ
1133 946 1272 987 τοῦτον

35 1011 103 1057 τὸν
127 1011 371 1074 παράπλουν
394 1011 505 1071 λέγει
525 1011 712 1073 Νέαρχος
736 1012 909 1073 ὀφθῆναι
933 1014 1052 1069 κῆτος
1073 1011 1277 1067 ἐκὸεὸλη-

37 1080 156 1141 μένον
180 1082 220 1133 ἐς
251 1080 324 1135 τὴν
349 1080 483 1136 ἠϊόνα·
520 1079 591 1125 καὶ
616 1084 735 1125 τοῦτο
773 1079 1129 1143 προσπλώσαντάς
1165 1099 1276 1132 τινας

35 1152 116 1196 τῶν
153 1150 332 1196 ναυτέων
374 1152 628 1212 ἐκμετρῆσαι
676 1149 746 1194 καὶ
790 1149 915 1211 φάναι
956 1142 1059 1194 εἶναι
1107 1147 1274 1211 πήχεων

36 1294 363 1349 -4.,Πάδαργον
374 1295 479 1335 ABC
487 1302 527 1334 et
537 1293 657 1347 vulgo
668 1309 679 1344 ;
689 1294 914 1348 πάδαγγρον
928 1295 965 1333 D
977 1309 988 1344 ;
1003 1294 1208 1348 Πάδαγρον
1225 1295 1277 1334 L.

35 1356 165 1410 Quod
187 1371 275 1397 rem
294 1357 452 1405 attinet,
474 1355 765 1396 Mesambriam
786 1363 899 1410 patet
914 1370 1000 1395 esse
1024 1370 1114 1396 eam
1133 1356 1279 1411 penin-

35 1419 169 1460 sulam
187 1420 230 1463 in
251 1433 333 1473 qua
347 1432 460 1458 nunc
475 1418 753 1459 Aba-schoelzr
776 1417 789 1474 (
810 1417 1043 1468 Baschaelzr,
1070 1418 1246 1459 Bascln'r
1263 1421 1279 1472 )

36 1483 115 1522 sita
142 1489 216 1522 est.
242 1480 429 1521 Eandem
459 1481 703 1522 Ptolemaeus
730 1481 972 1535 Χερσόνησον
993 1480 1114 1531 dieit3
1148 1495 1283 1535 neque

35 1542 150 1584 aliud
172 1541 274 1597 quid
307 1542 472 1582 subesse
506 1543 666 1583 nomini
695 1543 943 1597 Μεσαμδρίη,
969 1558 1026 1583 sc.
1053 1544 1283 1597 composito

34 1617 90 1644 ex
115 1617 244 1644 mesen
261 1603 276 1656 (
296 1603 428 1643 insula
447 1605 462 1657 )
484 1611 525 1643 et
544 1603 616 1643 ben
640 1603 887 1655 (continens
904 1603 918 1658 )
940 1611 1079 1642 censet
1099 1604 1283 1643 Vincen-

39 1673 106 1705 tus
139 1679 182 1720 p.
222 1663 318 1717 395.
347 1663 588 1714 Peninsula,
615 1663 713 1703 olim
747 1671 788 1704 et
821 1663 983 1703 cultura
1007 1672 1048 1703 et
1065 1664 1284 1704 hominum

39 1724 270 1780 frequentia
304 1739 429 1779 quam
454 1739 567 1765 nunc
596 1725 770 1775 beatior,
794 1739 870 1780 per
885 1733 946 1765 est
972 1724 1156 1774 humilis,
1181 1724 1284 1765 adeo

7 1840 11 1843 Β
39 1796 87 1829 ut
110 1787 344 1842 aequinoctii
368 1795 607 1842 tempestate
625 1795 745 1828 aestus
766 1789 892 1828 maris
912 1787 1194 1827 vehementior
1212 1801 1286 1841 per

37 1849 146 1890 duos
165 1849 228 1890 vel
249 1858 330 1890 tres
352 1848 439 1889 dies
455 1857 617 1890 tantum
642 1864 728 1890 non
747 1857 876 1890 totam
900 1850 1058 1905 operiat
1076 1850 1092 1902 (
1113 1850 1170 1889 V.
1198 1849 1285 1889 Rit-

42 1919 119 1952 ter.
133 1913 252 1962 VIII,
267 1926 309 1966 p.
330 1914 411 1966 780
427 1914 459 1966 ).
475 1912 660 1953 Omnino
676 1913 732 1953 ita
747 1912 1004 1953 conformata
1015 1920 1091 1962 est,
1106 1919 1153 1951 ut
1172 1911 1287 1951 facile

40 1974 289 2027 intelligatur
309 1973 521 2029 paullatim
547 1982 710 2028 aggesta
735 1988 859 2015 arena
876 1973 1048 2028 lutoque
1066 1973 1286 2014 conflatam

38 2050 142 2077 esse.
178 2035 304 2089 Quod
335 2036 470 2092 ipsum
495 2036 539 2076 in
573 2050 693 2076 causa
722 2050 809 2077 esse
831 2034 995 2076 videtur
1012 2043 1060 2075 ut
1075 2035 1287 2076 Nearchea

42 2099 222 2140 narratio
245 2113 297 2139 ex
314 2098 519 2139 hodierno
547 2098 734 2140 locorum
755 2099 916 2139 ratione
938 2098 1074 2138 minus
1100 2106 1287 2138 accurate

41 2162 170 2216 possit
194 2161 402 2216 explicari.
429 2161 638 2214 Padargus
658 2162 804 2216 procul
831 2161 963 2202 dubio
985 2170 1045 2201 est
1068 2161 1283 2212 fluviolus,

42 2224 114 2280 qui
130 2232 222 2279 post
236 2223 624 2277 circumnavigatam
637 2223 892 2279 peninsulam
913 2223 958 2264 in
979 2222 1103 2264 maris
1126 2236 1285 2264 recessu

41 2289 238 2327 occurrit.
266 2289 452 2327 Incertus
476 2294 614 2326 autem
636 2287 738 2326 situs
758 2295 819 2326 est
837 2286 1082 2326 Hieratemis
1102 2286 1215 2326 urbis
1234 2286 1286 2326 ad

44 2349 282 2389 Heratemin
308 2348 619 2401 (Hieratemin?
642 2348 656 2404 )
684 2348 865 2388 canalem
893 2363 916 2388 e
938 2348 1066 2388 fluvio
1094 2347 1283 2397 ductum,

44 2409 160 2464 cujus
183 2424 338 2451 nornen
354 2418 424 2450 aut
439 2409 606 2459 excidit,
629 2418 700 2450 aut
719 2425 742 2450 a
754 2410 903 2450 canalis
920 2410 1090 2450 nomine
1104 2425 1189 2450 non
1201 2418 1287 2450 erat

44 2471 271 2514 diversum.
307 2474 398 2513 Hoc
425 2472 703 2528 probabiliu53
727 2487 859 2528 neque
881 2487 904 2513 a
934 2473 1019 2512 veri
1038 2472 1161 2512 simili
1190 2472 1285 2512 alie-

44 2550 146 2576 num
170 2544 231 2576 est
255 2535 436 2576 eundem
472 2535 646 2575 fluvium
676 2535 788 2590 apud
821 2535 1002 2577 Plinium
1032 2535 1059 2575 l.
1100 2535 1128 2575 l.
1151 2535 1287 2575 vocari

45 2597 319 2638 Phristimam
342 2597 356 2654 (
376 2597 671 2651 Phrystimam,
692 2596 984 2652 Phryitimam,
1012 2596 1287 2638 Phirstimam

47 2674 131 2700 var.
166 2659 259 2700 lect.
291 2662 323 2714 ),
359 2660 546 2713 quamvis
579 2674 630 2700 ex
659 2660 837 2700 Arriano
870 2659 1104 2701 Heratemis
1135 2674 1287 2700 nomen

47 2721 90 2759 in
109 2719 294 2761 Pliniana
328 2719 480 2761 inferre
513 2734 611 2761 cum
644 2721 862 2761 Harduino
895 2735 1019 2761 nemo
1042 2719 1288 2775 prudentior

47 2782 234 2837 voluerit.
259 2782 507 2836 Forbigerus
535 2784 592 2833 II,
617 2797 659 2837 p.
690 2783 769 2837 574
790 2783 966 2823 fluvium
983 2791 1175 2823 nostrum
1200 2798 1286 2823 non

44 2844 255 2885 diversum
274 2859 359 2885 esse
388 2846 584 2900 opinatur
606 2845 658 2885 ab
684 2860 734 2886 eo
754 2847 826 2900 qui
856 2846 899 2885 in
933 2859 1048 2900 seqq.
1087 2845 1289 2900 Πάδαργος

48 2916 231 2949 vocatur,
250 2907 376 2961 Quod
386 2908 448 2949 vel
462 2908 517 2948 ob
529 2909 838 2962 grammaticam
851 2908 1075 2949 verborum
1086 2909 1289 2949 rationem

48 2985 133 3011 nou
162 2970 410 3022 credideris;
445 2985 543 3011 nam
562 2971 643 3012 hoc
671 2971 706 3011 si
725 2971 932 3020 voluisset,
955 2970 1125 3010 dixisset
1147 2979 1290 3011 auctor

49 3031 87 3080 ἐς
107 3032 189 3074 τὸν
210 3049 296 3075 ποτ.
316 3049 379 3088 χ.,
413 3031 446 3090 ᾧ
471 3033 618 3088 οὕνομα
646 3041 726 3074 etc.
758 3058 816 3064 —
848 3035 1034 3074 Fortasse
1060 3034 1290 3074 Heratemis

50 3093 115 3134 ille
140 3103 201 3135 est
222 3095 335 3135 Kleor
359 3098 504 3148 Quore,
529 3096 596 3135 cui
615 3099 747 3137 Rama
764 3096 877 3136 locus
900 3095 1058 3149 adjacet
1075 3094 1211 3149 paullo
1226 3095 1290 3134 in·

52 3155 112 3196 fra
121 3158 411 3198 Mesambriam
422 3158 680 3213 peninsulam
693 3167 734 3199 et
749 3162 833 3200 Bas
848 3158 1012 3200 IIaIila.
1027 3159 1147 3198 Certe
1164 3157 1290 3198 alium

55 3217 117 3257 vel
132 3218 312 3258 canalem
333 3219 394 3259 vel
413 3220 586 3260 fluvium
609 3222 717 3261 circa
735 3221 822 3261 haec
844 3220 933 3261 loca
956 3233 1115 3275 mappae
1142 3227 1292 3259 nostrae

56 3293 140 3318 non
169 3280 378 3321 exhibent.
404 3282 596 3322 Ceterum
629 3282 886 3324 D’Anvillius
917 3282 946 3322 l.
975 3282 1003 3322 l.
1029 3296 1125 3322 cum
1160 3296 1292 3336 eoque

56 3340 293 3381 Gosselinus
311 3350 352 3382 et
367 3342 598 3383 Vincentus
626 3345 813 3384 Hieratin
838 3344 986 3384 urbem
1008 3343 1180 3384 eandem
1207 3358 1292 3384 esse

55 3410 225 3443 censent
241 3417 334 3443 cum
348 3403 553 3453 Kieratin,
570 3419 696 3459 quam
710 3406 752 3445 in
764 3406 829 3446 his
846 3405 929 3446 fere
945 3406 1043 3445 locis
1059 3407 1293 3460 ponitTur-

57 3479 130 3505 cus
151 3465 405 3519 geographus
434 3467 477 3506 in
507 3465 790 3520 Djihannuma
811 3476 842 3507 t.
866 3470 909 3517 Ι,
933 3482 977 3522 p.
1010 3470 1107 3515 482.
1138 3468 1216 3508 535
1241 3468 1293 3509 ad

59 3527 235 3566 fluvium
253 3526 413 3567 Dekian
437 3527 597 3569 dictum
614 3529 666 3570 de
677 3529 840 3570 Dekian
857 3529 961 3570 urbe
975 3529 1290 3572 mediterranea.

61 3588 251 3643 Denique
275 3588 517 3630 Ptolemaeus
549 3590 602 3630 ad
633 3590 852 3631 meridiem
874 3591 1101 3646 peninsulae
1124 3591 1295 3633 collocat

61 3653 258 3691 Ionacam
302 3650 465 3701 urbem,
514 3666 604 3706 quae
639 3652 845 3696 hodierno
878 3652 970 3693 loco
999 3652 1150 3702 Ialcaa,
1185 3653 1295 3708 apud

61 3712 336 3753 Niebuhrium
358 3721 522 3764 notato,
543 3714 815 3769 respondere,
841 3714 891 3755 ab
913 3715 1136 3755 Hieratemi
1158 3724 1296 3757 autem

63 3775 228 3815 Arriani
246 3775 377 3816 aliena
405 3790 490 3816 esse
508 3775 687 3817 videtur.
712 3776 729 3830 ss
748 3800 805 3807 -
827 3777 868 3817 8.
885 3775 951 3815 Τα
963 3776 1015 3816 όκ
1027 3792 1051 3828 η
1066 3791 1085 3817 ν
1098 3806 1109 3818 .
1127 3808 1137 3817 .
1155 3808 1166 3818 .
1182 3777 1211 3818 Γ
1225 3793 1244 3832 ρ
1258 3778 1297 3817 ά-

63 3851 84 3877 ν
100 3838 135 3876 ιδ
146 3839 173 3893 ι]
191 3838 327 3891 Τώκην
345 3837 438 3879 cod.
456 3838 574 3879 Bodl.
593 3846 634 3879 et
644 3839 788 3894 primae
806 3837 923 3880 editt.
930 3854 942 3890 ;
959 3838 1116 3893 Τράνιδι
1132 3842 1184 3880 Α.
1203 3840 1297 3881 Flu·

45 3930 47 3933 -
64 3914 161 3940 men
180 3909 382 3942 memorat
393 3901 515 3942 etiam
527 3901 684 3942 Plinius
698 3902 775 3952 VI,
799 3904 867 3951 26,
885 3903 972 3955 §99
996 3914 1005 3941 ε
1014 3902 1171 3955 flamen
1187 3905 1293 3943 Gra-

67 3961 133 4003 nis
158 3962 411 4004 modicarum
433 3962 604 4005 navium
619 3978 699 4020 per
716 3962 914 4005 Susianen
934 3965 990 4017 (R)
1003 3963 1123 4015 fluit,
1149 3963 1298 4005 dextra

2492 171 2577 210 363

1349 259 1405 311 si,
1424 257 1582 315 appulsi
1603 265 1714 308 sunt,
1740 256 1990 313 classemque
2006 260 2050 299 in
2066 258 2171 301 fossa
2189 275 2238 301 ex
2255 262 2423 305 flumine
2438 267 2525 308 illac
2541 272 2582 311 in

1347 346 1460 373 mare
1474 339 1664 381 exeunte,
1690 332 1757 371 cui
1773 347 1927 373 nomen
1945 334 2174 374 Heratemis
2190 344 2290 386 erat,
2316 339 2580 386 collocarunt.

1349 405 1414 458 (2)
1452 406 1621 445 Postero
1643 403 1712 444 die
1752 403 1830 445 sub
1859 418 2053 446 auroram
2074 405 2127 446 ad
2149 414 2372 449 torrentem
2391 426 2553 457 amnem
2567 449 2578 466 ,

1344 475 1578 530 Padargum
1593 476 1777 526 nomine,
1795 476 2020 531 appellunt.
2080 478 2210 519 Totus
2228 479 2262 519 is
2277 487 2429 523 tractus
2440 489 2583 539 penin-

1348 550 1438 591 sula
1459 559 1534 591 est.
1594 552 1645 591 In
1673 564 1723 590 eo
1740 546 1885 591 hortos
1904 551 2232 606 quamplurimos
2250 555 2498 612 arboresque
2515 575 2586 615 po-

1348 622 1514 664 miferas
1531 624 1666 664 omnis
1685 625 1844 677 generis
1866 634 2124 680 repererunt.
2176 629 2238 682 (3)
2254 629 2418 671 Nomen
2433 632 2489 672 illi
2511 642 2589 675 tra-

1351 695 1437 735 ctui
1457 703 1517 736 est
1533 695 1797 736 Mesambria.
1817 704 1819 706 '
1851 698 1916 737 Ex
1938 698 2185 740 Mesambria
2209 700 2378 755 digressi
2394 711 2434 743 et
2458 705 2586 746 stadia

1350 768 1514 808 circiter
1536 767 1715 808 ducenta
1735 769 1889 809 emensi
1917 769 1960 809 in
1988 770 2151 811 Taocen
2180 771 2232 812 ad
2254 773 2479 816 Granidem
2510 778 2586 818 ssu-

1346 839 1460 879 vium
1481 847 1774 894 pervenerunt.
1837 840 1903 881 Ab
1925 839 2049 895 hujus
2070 842 2251 884 fluminis
2281 846 2386 887 ostio
2406 846 2584 891 ducenta

2358 926 2422 979 (4)
2442 929 2491 967 In
2509 927 2586 969 hac

1346 994 1606 1048 navigatione
1624 994 1836 1035 Nearchus
1854 994 2053 1036 balaenam
2071 997 2142 1038 abs
2163 1013 2204 1038 se
2228 999 2356 1041 visam
2372 1015 2458 1042 esse
2487 1005 2586 1044 scri·
2624 997 2633 1006 ’

1346 917 1429 957 fere
1447 918 1676 958 introrsum
1697 917 1827 959 stadia
1848 920 2066 960 Persarum
2088 922 2199 975 regia
2221 931 2295 964 est.

1346 1072 1434 1122 bit,·
1454 1087 1545 1128 quae
1577 1073 1621 1112 in
1657 1073 1769 1113 littus
1802 1071 1928 1126 ejecta
1966 1082 2075 1125 erat;
2113 1084 2337 1132 nautasque
2366 1079 2585 1121 nonnullos

1347 1149 1452 1189 istuc
1482 1147 1773 1202 adnavigantes
1789 1163 1879 1189 eam
1902 1163 2065 1191 mensos
2084 1152 2267 1193 retulisse
2289 1155 2584 1210 quinquaginta

1356 1294 1443 1347 ejas
1465 1292 1661 1333 adcolunt
1679 1291 1976 1333 Deximontani
1989 1295 2006 1346 (
2030 1293 2324 1336 Diximontani
2347 1311 2385 1336 v.
2407 1297 2453 1348 l.;
2487 1299 2588 1340 Uxii

1349 1354 1535 1395 montani
1549 1352 1659 1408 conj.
1678 1353 1846 1394 Salmas.
1863 1368 1907 1408 p.
1928 1354 2008 1395 832
2025 1356 2057 1408 ),
2078 1354 2151 1411 qai
2166 1356 2346 1397 bitumen
2350 1358 2586 1414 perficiant.

1350 1416 1565 1471 Appulisse
1602 1416 1813 1457 Nearchus
1842 1415 2005 1457 videtur
2041 1416 2094 1457 ad
2125 1417 2225 1459 hod.
2258 1419 2372 1460 Klzor
2404 1422 2583 1470 Gasseir‚

1350 1478 1433 1517 sive
1453 1477 1506 1518 ad
1525 1479 1677 1518 ostium
1693 1477 1829 1527 fluvii,
1855 1479 1927 1532 qui
1950 1492 2061 1518 nunc
2082 1478 2134 1519 ab
2160 1480 2264 1520 urbe
2288 1480 2587 1524 mediterranea

1351 1548 1521 1580 vocatur
1536 1543 1577 1580 K
1579 1539 1677 1580 isset.
1691 1541 1776 1580 Nec
1792 1540 2065 1594 improbabile
2087 1548 2147 1581 est
2162 1542 2206 1580 in
2224 1543 2403 1583 eundem
2416 1544 2589 1586 fluvium

1352 1602 1533 1643 incidere
1556 1602 1744 1650 alterum,
1764 1602 1835 1656 qui
1851 1600 1972 1656 juxta
1993 1603 2094 1643 hod.
2113 1604 2259 1645 urbem
2276 1609 2362 1646 Gra
2376 1608 2459 1648 sive
2475 1612 2589 1649 Gran

1352 1663 1518 1713 labitur,
1554 1673 1678 1718 atque
1705 1665 1804 1705 hinc
1829 1665 1979 1705 Granis
2008 1680 2161 1706 nomen
2193 1681 2278 1707 esse
2300 1670 2586 1723 repetendum.

1357 1729 1476 1769 Certe
1499 1729 1788 1781 Niebuhrius(
1813 1729 1928 1770 Reise
1949 1732 2012 1780 ΙΙ,
2037 1745 2080 1785 p.
2118 1745 2167 1785 91
2194 1733 2210 1785 )
2238 1734 2392 1787 accepit
2420 1735 2589 1786 flumen,

1356 1789 1470 1844 quod
1490 1793 1575 1830 Gra
1600 1790 1747 1830 urbem
1762 1792 2018 1844 praeterssuit,
2046 1793 2134 1832 aliis
2154 1793 2288 1834 fluviis
2303 1797 2442 1848 augeri
2465 1805 2505 1838 et
2527 1799 2590 1838 in-

1356 1860 1418 1892 ter
1443 1851 1691 1892 Aba-Shahr
1715 1859 1755 1891 et
1778 1851 1932 1892 Bender
1948 1853 2056 1904 Reglz
2077 1855 2092 1906 (
2118 1852 2295 1909 Ῥόγονιν
2314 1857 2487 1897 Nearchi
2506 1857 2520 1914 )
2549 1859 2591 1899 in

1356 1914 1493 1954 sinum
1516 1914 1729 1955 Persicum
1762 1915 1954 1955 eructari.
1978 1915 2043 1956 Ab
2066 1915 2155 1956 aliis
2177 1917 2328 1958 fluvius
2348 1927 2486 1960 noster
2516 1924 2591 1961 Bo-

1355 1975 1503 2016 slzavir
1518 1975 1581 2016 vel
1602 1975 1804 2016 Bichavir
1822 1984 2006 2017 vocatur.
2035 1979 2090 2018 V.
2109 1979 2297 2019 Gosselin
2324 1982 2401 2030 III,
2427 1996 2470 2036 p.
2497 1985 2551 2025 80
2574 1995 2588 2024 :

1362 2058 1377 2073 «
1399 2041 1464 2080 ‘La
1481 2037 1629 2079 riviere
1645 2039 1717 2094 qui
1736 2038 1884 2092 baigne
1911 2038 1968 2079 les
1992 2053 2104 2080 murs
2124 2040 2176 2081 de
2197 2042 2332 2082 Taoce
2351 2050 2412 2083 est
2429 2045 2592 2099 appelee

1356 2100 1557 2141 Boshavir
1570 2115 1646 2155 par
1663 2100 1867 2142 d’Anville
1893 2100 1947 2156 (l.
1966 2101 1993 2142 l.
2019 2115 2061 2155 p.
2084 2105 2157 2142 161
2178 2104 2194 2155 )
2210 2101 2370 2157 d’apres
2380 2104 2594 2146 The'venot

1359 2160 1371 2215 (
1393 2163 1502 2217 Voy.
1530 2169 1559 2202 t.
1591 2163 1667 2211 ΙΙΙ,
1686 2175 1727 2216 p.
1750 2161 1828 2202 532
1848 2163 1864 2215 )
1884 2170 1924 2202 et
1943 2162 2141 2203 Bichaver
2155 2177 2230 2218 par
2252 2165 2393 2207 Kiatjb
2408 2166 2594 2215 tchelebv

1358 2223 1374 2275 (
1394 2224 1679 2278 DJihannama
1696 2226 1730 2274 I,
1753 2238 1794 2278 p.
1815 2228 1911 2266 511.
1938 2224 2031 2264 512.
2057 2225 2135 2278 537
2157 2225 2169 2280 )
2196 2225 2320 2266 :c’est
2337 2227 2374 2268 le
2392 2243 2490 2269 nom
2510 2215 2591 2284 que

1358 2285 1412 2325 lui
1433 2287 1762 2339 communiquait
1772 2286 1877 2326 alors
1901 2300 1981 2325 une
2005 2286 2096 2326 ville
2118 2287 2245 2327 situee
2264 2302 2354 2329 vers
2369 2289 2406 2330 le
2424 2290 2524 2331 haut
2539 2291 2590 2332 de

1356 2362 1432 2387 son
1456 2362 1591 2388 cours.
1609 2350 1666 2388 Le
1682 2347 1847 2387 dernier
1859 2347 1911 2388 de
1935 2363 2000 2388 ces
2022 2356 2188 2388 auteurs
2199 2348 2334 2403 ajoute
2351 2365 2431 2405 que
2444 2353 2590 2394 Bicha·

1356 2425 1427 2450 ver
1449 2410 1552 2450 n’est
1569 2409 1723 2464 qu’une
1751 2409 2005 2450 abreviation
2035 2409 2087 2450 de
2108 2409 2454 2464 Binai-Chabour,
2476 2413 2591 2456 c’est-

1357 2470 1506 2522 a-dire,
1532 2471 1693 2525 edifices
1709 2470 1757 2510 de
1781 2471 1978 2520 Clzabour,
2000 2485 2121 2526 parce
2140 2486 2219 2526 que
2241 2480 2345 2514 cette
2360 2474 2452 2515 ville
2470 2490 2589 2516 nom-

1357 2534 1446 2573 mee
1462 2531 1642 2573 Dindela
1672 2546 1726 2571 au
1742 2540 1873 2586 temps
1904 2531 2180 2572 d'Alexandre
2194 2565 2205 2583 ‚
2223 2542 2347 2588 ayant
2367 2536 2430 2575 ete
2449 2530 2591 2577 ruinee

1356 2610 1430 2650 par
1451 2595 1525 2645 lui,
1552 2594 1614 2635 sut
1640 2595 1912 2634 reconstruite
1939 2608 2014 2648 par
2044 2595 2253 2645 Chabour‚
2281 2596 2343 2636 fils
2369 2596 2588 2653 d’Ardsjir,

1357 2671 1414 2697 ou
1432 2658 1561 2711 Sapor
1582 2659 1616 2697 Ι.
1644 2657 1755 2708 Quoi
1776 2655 1877 2710 qu’il
1896 2670 1946 2695 en
1974 2656 2053 2696 soit
2072 2656 2123 2696 de
2152 2665 2257 2698 cette
2280 2657 2493 2709 tradition,
2519 2660 2593 2701 elle

1356 2734 1544 2759 annonce
1569 2732 1621 2758 au
1639 2719 1773 2758 moins
1803 2731 1884 2772 que
1903 2717 1939 2757 la
1969 2716 2281 2759 denomination
2318 2718 2370 2759 de
2391 2720 2592 2762 Bichaver

1357 2790 1417 2822 est
1444 2781 1539 2822 bien
1566 2781 1819 2835 posterieure
1841 2794 1896 2820 au
1925 2778 2044 2820 siecle
2074 2780 2146 2834 qui
2178 2794 2284 2820 nous
2306 2794 2475 2836 occupe.
2499 2802 2516 2818 n
2538 2806 2594 2814 —

1358 2836 1600 2885 Ptolemaeus
1632 2843 1791 2884 Granin
1835 2842 2008 2882 fluvium
2041 2857 2127 2882 non
2166 2851 2391 2894 memorat;
2431 2845 2593 2886 Taocen

1359 2921 1456 2947 vero
1478 2906 1587 2946 inter
1602 2903 1781 2945 Persidis
1800 2904 1890 2944 loca
1904 2903 2204 2944 mediterranea
2219 2906 2312 2958 (89⁰
2333 2929 2390 2936 —
2406 2907 2474 2957 30,
2499 2907 2594 2960 20')

1359 2969 1476 3024 ponit
1491 2967 1667 3009 dimidio
1679 2967 1764 3008 fere
1776 2965 1907 3022 gradu
1918 2965 2136 3008 distantem
2149 2967 2437 3021 aRhogomani
2450 2969 2591 3019 fluvio,

1360 3032 1430 3086 qui
1450 3030 1533 3071 exit
1553 3031 1626 3072 88ο
1645 3028 1726 3079 3ο’,
1751 3053 1809 3059 -
1830 3029 1919 3069 30⁰.
1946 3031 2146 3069 Praeterea
2168 3028 2290 3068 habet
2308 3029 2458 3080 Ταόκην
2476 3029 2592 3084 ἄκραν

1364 3092 1469 3149 (87⁰
1492 3090 1558 3134 30¹
1579 3116 1635 3122 —-
1659 3092 1732 3133 30⁰
1762 3089 1826 3133 10'
1848 3090 1880 3145 ),
1913 3097 2129 3143 totumque
2151 3090 2263 3130 hunc
2290 3097 2465 3130 tractum
2499 3092 2594 3132 Ταο·

1360 3153 1480 3208 κηνήν
1518 3162 1652 3195 vocat.
1673 3152 1799 3208 Apud
1836 3152 2060 3192 Arrianum
2083 3166 2185 3192 num
2203 3152 2330 3203 Ταόκη
2357 3151 2408 3192 de
2427 3155 2592 3206 regione

1361 3234 1413 3260 an
1433 3219 1486 3259 de
1506 3216 1661 3273 oppido
1677 3215 1779 3257 mari
1800 3213 2077 3264 incumbente,
2095 3212 2407 3267 intelligendum
2429 3215 2494 3264 sit,
2516 3214 2593 3256 du-

1361 3281 1485 3323 bitari
1514 3281 1659 3336 possit.
1698 3276 1914 3319 Probabile
1948 3276 2059 3316 enim
2093 3284 2153 3316 est
2182 3277 2345 3316 Taocen
2378 3290 2474 3331 opp.
2507 3292 2593 3318 non

1362 3342 1572 3383 diversum
1591 3355 1677 3381 esse
1692 3339 1742 3380 ab
1758 3353 1807 3379 eo
1833 3336 1946 3392 quod
1962 3336 2072 3392 apu'd
2104 3336 2315 3378 Edrisium
2337 3338 2380 3377 in
2407 3339 2594 3381 versione

1362 3404 1486 3445 latina
1511 3406 1670 3454 Tauag,
1696 3402 1739 3440 in
1774 3399 1960 3440 versione
1980 3398 2120 3452 gallica
2141 3398 2155 3454 (
2176 3407 2206 3439 t.
2228 3401 2286 3450 ΙΙ,
2299 3413 2342 3454 p.
2376 3400 2471 3454 391.
2494 3402 2591 3455 39²·

1365 3466 1461 3519 398,
1501 3473 1578 3504 etc.
1611 3466 1626 3516 )
1667 3460 1800 3515 Toudj
1834 3468 1875 3500 et
1902 3459 2014 3500 Toulz
2052 3467 2236 3509 vocatur,
2268 3459 2466 3515 cujusque
2494 3463 2594 3503 situs

1363 3543 1406 3583 p.
1429 3530 1505 3576 401
1526 3528 1581 3566 ita
1601 3524 1811 3573 definitur,
1833 3530 1880 3562 ut
1894 3536 1918 3562 a
1932 3522 2117 3575 Djenabe‘
2132 3522 2225 3563 loco
2242 3523 2452 3564 maritimo
2474 3523 2595 3565 distet

1365 3590 1465 3631 mill.
1490 3590 1557 3639 36,
1583 3603 1607 3628 a
1621 3590 1810 3627 Kazerun
1833 3583 1933 3624 mill.
1953 3586 2021 3632 24.
2039 3583 2162 3624 Haud
2184 3583 2310 3626 dubie
2324 3585 2450 3639 igitur
2463 3588 2594 3628 Arabs

1365 3651 1620 3708 geographus
1657 3647 1813 3688 indicat
1844 3644 2095 3686 hodiernum
2130 3649 2272 3687 Konar
2311 3648 2486 3696 Taklzm,
2509 3663 2593 3689 non

1365 3716 1484 3768 longe
1502 3728 1526 3754 a
1560 3710 1683 3752 Kish!
1719 3709 1847 3749 fluvio
1886 3708 2091 3749 dissitum.
2130 3709 2323 3750 Ceterum
2358 3709 2410 3750 cf.
2448 3711 2592 3750 Strabo

1365 3793 1407 3833 p.
1430 3777 1525 3831 728,
1546 3774 1618 3814 ub1
1647 3780 1867 3828 postquam
1889 3770 2210 3825 Pasargadarum
2234 3770 2282 3811 τὰ
2303 3771 2476 3825 βασίλεια
2510 3786 2592 3811 me·

1367 3844 1610 3886 moraverat,
1635 3834 1778 3875 addit:
1802 3830 1848 3886 ἧν
1866 3832 1906 3874 δὲ
1920 3833 1985 3874 καὶ
2009 3832 2113 3873 ἄλλα
2131 3833 2304 3887 βασίλεια
2328 3832 2375 3873 τὰ
2392 3831 2430 3873 ἐν
2455 3833 2592 3880 rozam

1368 3901 1405 3942 ἐν
1422 3902 1503 3947 τοῖς
1521 3898 1696 3952 ἀνωτέρω
1712 3911 1785 3938 που
1803 3896 1930 3951 μέρεσί
1943 3897 2010 3946 τῆς
2025 3895 2206 3950 Περσίδος
2221 3894 2285 3935 καὶ
2298 3894 2345 3934 τὰ
2357 3894 2395 3935 ἐν
2413 3898 2460 3950 τῇ
2474 3909 2591 3949 παρα-

1367 3964 1433 4017 λίᾳ
1451 3961 1498 4002 τὰ
1514 3959 1610 4001 κατὰ
1630 3957 1699 4009 τὴν
1719 3958 1802 3999 ’Ώκ
1815 3974 1837 4010 η
1853 3973 1871 3998 ν
1887 3957 2118 4013 λεγομένην,
2130 3957 2171 3996 in
2188 3956 2501 4013 quibusraaar&
2518 3955 2587 4008 τὴν
