2808 4342
921 141 1296 210 STADIASMUS
1330 143 1520 191 MARIS
1554 146 1770 195 MAGNl.

66 261 68 263 ·
126 258 204 288 2³9.
244 241 343 288 Ἀπὸ
364 242 599 302 Ἀνδριακῆς
620 243 674 293 εἷς
692 240 863 301 Σόμηνα
889 243 1048 290 στάδιοι
1065 243 1114 291 δ’.

129 327 206 359 240.
242 310 341 356 Ἀπὸ
362 309 563 368 Σομήνων
590 313 644 362 εἷς
667 310 866 374 Ἀπέρλας
889 312 1050 359 στάδιοι
1070 313 1122 366 ξ’.

127 396 206 426 241.
248 379 380 435 [Ἀπὸ
406 379 611 442 Ἀπερλῶν
635 380 701 425 ἐπὶ
716 380 736 400 *
763 381 1017 443 ἀκρωτήριον
1042 383 1199 428 στάδιοι
1219 383 1268 428 ν’.
1288 386 1304 445 ]

127 465 205 496 212.
244 447 344 493 Ἀπὸ
361 450 384 473 '⁴‘
410 449 664 512 ἀκρωτηρίου
686 451 740 501 εἷς
761 449 1018 511 Ἀντίφελλον
1041 453 1197 496 στάδιοι
1219 454 1267 498 ν’.

4 537 40 566 ις»
127 534 209 567 243.
239 517 339 562 Ἀπὸ
361 517 620 582 Ἀντιφέλλου
635 520 688 569 εἷς
704 521 826 573 νῆσον
846 518 1059 579 Μεγίστην
1077 521 1234 566 στάδιοι
1250 521 1302 567 ν’.

128 604 208 635 242.
248 586 347 631 Ἀπὸ
371 587 581 648 Μεγίστης
601 589 656 639 εἷς
675 590 795 642 νῆσον
818 586 982 647 Ῥώγην
1002 588 1159 633 στάδιοι
1181 589 1229 635 ν’.

0 702 3 718 ι
58 667 63 670 ’
127 672 204 702 245.
243 656 341 702 Ἀπὸ
381 655 542 717 Ῥώγης
574 656 641 702 ἐπὶ
678 655 751 707 τὰς
774 655 1011 718 Ξεναγόρου
1034 657 1180 712 νήσους
1203 658 1305 704 στά-

0 740 4 780 g
66 726 141 771 διοι
170 726 223 774 τ’.

0 789 5 805 ⁷
128 811 204 841 246.
241 794 340 840 Ἀπὸ
363 796 444 839 τῶν
466 792 702 856 Ξεναγόρου
733 793 867 848 νήσων
892 796 947 845 εἰς
984 794 1159 857 Πάταρα
1192 796 1304 841 στά-

0 880 42 911 ao
62 865 139 909 διοι
164 863 211 917 ξ’.

127 949 204 980 247.
240 931 338 977 Ἀπὸ
357 932 566 994 Πατάρων
591 932 657 977 ἐπὶ
677 932 861 992 ποταμὸν
887 933 1048 978 πλωτὸν
1076 934 1269 994 [Ξάνθον
1287 936 1303 995 ]

0 1021 8 1048 ;.
64 1002 335 1063 (ὑπέρκειται
359 1002 476 1053 πόλις
504 1001 690 1062 Ξάνθος)
713 1001 867 1046 στάδιοι
892 1001 937 1054 ξ’.

0 1123 4 1129 Ι
128 1087 207 1118 248.
240 1070 338 1115 Ἀπὸ
371 1075 440 1115 τοῦ
467 1075 655 1131 ποταμοῦ
681 1071 845 1116 Ξάνθου
870 1073 926 1122 εἰς
951 1071 1114 1124 Πύδνας
1138 1072 1201 1118 ἐπ’
1233 1074 1303 1116 εὐ-

63 1140 170 1192 θείας
195 1141 353 1185 στάδιοι
370 1140 418 1193 ξ’.

0 1201 40 1257 ³⁸5
125 1226 203 1256 219.
243 1209 342 1255 Ἀπὸ
370 1211 542 1259 Πυδνῶν
572 1209 646 1260 ἕως
669 1213 741 1263 τῆς
764 1209 895 1271 Ἱερᾶς
919 1209 1048 1271 ἄκρας
1072 1209 1225 1254 στάδιοι
1249 1209 1308 1255 π’.

0 1382 3 1386 ”
60 1373 89 1415 l.
118 1373 146 1414 l.
170 1377 192 1426 §
215 1387 308 1416 100.
334 1375 470 1415 Hodie
490 1375 698 1416 Amlruki.
720 1377 775 1415 V.
798 1376 1007 1416 Beausort.
1025 1390 1067 1430 p.
1094 1379 1162 1415 26.
1181 1375 1304 1430 Apud

61 1435 330 1477 Ptolemaeum
355 1437 480 1476 series
502 1437 689 1478 locorum
709 1438 752 1478 in
770 1436 894 1478 codd.
919 1438 1082 1478 turbata
1097 1445 1170 1477 est.
1197 1437 1306 1477 Vide

0 1513 9 1543 ’ς
61 1505 148 1539 not.
170 1497 380 1552 Wilbergi
396 1497 464 1538 ad.
483 1513 526 1553 p.
550 1498 646 1539 325.

0 1558 7 1565 ’
118 1563 140 1613 S
166 1564 265 1605 239.
301 1560 538 1616 Σόμηνα]
567 1560 617 1608 εἰς
640 1561 877 1615 Σόμηναν...
911 1564 933 1613 g
970 1564 1052 1610 240
1075 1560 1149 1602 ἀπὸ
1172 1560 1304 1615 Σομή-

11 1626 14 1627 ’
63 1637 130 1664 ναν
150 1622 296 1674 codex,
321 1632 367 1664 ut
386 1622 563 1663 dubium
581 1624 633 1663 sit
648 1638 699 1663 an
717 1623 816 1662 urbs
833 1622 1017 1663 vocanda
1033 1622 1123 1673 sit-51
1144 1623 1304 1677 Σόμηνα

0 1695 5 1698 ’
53 1700 112 1726 an
125 1685 173 1726 τὰ
187 1686 363 1741 Σόμηνα.
383 1687 474 1726 Hoc
490 1685 632 1735 malui,
650 1699 781 1739 quum
796 1683 969 1724 eandem
984 1684 1131 1724 urbem
1146 1684 1305 1737 signare

11 1787 17 1806 <
61 1748 248 1789 videatur
278 1749 509 1803 Stephanus
532 1760 542 1788 :
571 1747 739 1801 Σίμηνα,
765 1746 876 1793 πόλις
905 1746 1060 1795 Λυκίας,
1083 1745 1301 1800 οὐδετέρως.

60 1814 323 1866 Quamquam
349 1810 651 1850 dubitationem
673 1807 806 1861 injicit
821 1808 945 1848 series
956 1807 1160 1858 locorum,
1179 1822 1303 1862 quam

0 1906 9 1929 ἓ
60 1873 227 1914 exhibet
244 1872 404 1914 Plinius
426 1873 482 1922 V,
505 1872 558 1912 28
583 1873 605 1923 §
629 1884 707 1912 100
739 1883 749 1910 z
783 1873 836 1910 In
865 1869 992 1924 Lycia
1013 1869 1145 1921 igitur
1166 1884 1194 1910 a
1204 1885 1304 1926 pro-

0 1963 2 1974 ς
25 1970 28 1974 .
58 1934 259 1976 montorio
275 1935 363 1990 ejus
378 1932 578 1990 oppidum
593 1932 769 1981 Simena,
783 1947 895 1973 mons
911 1932 1107 1973 chimaera
1116 1932 1303 1973 noctibus

0 2003 21 2034 ἰ·
50 1999 255 2050 flagrans,
292 1995 578 2053 Hephaestiam
613 1995 769 2036 civitas
782 2027 794 2045 ,
819 1994 1018 2051 oppidum
1052 1995 1301 2052 Olympus...

0 2042 21 2120 ξ’
59 2063 186 2112 Gagce
223 2068 301 2100 etc.
344 2060 360 2113 ll
397 2083 453 2090 —
483 2059 681 2099 στάδιοι
714 2057 784 2113 δ’]
820 2059 929 2098 Huic
961 2073 1139 2098 numero
1172 2057 1303 2098 fidens

0 2121 21 2161 '2
46 2115 259 2178 ‘Sprattius
290 2124 327 2172 I,
368 2123 444 2176 137
479 2123 656 2163 Somena
693 2121 917 2163 Stadiasmi.
945 2121 1084 2161 retulit
1117 2120 1169 2161 ad
1206 2136 1302 2176 pro-

58 2185 188 2225 ximas
210 2183 436 2226 *Andriacae
458 2185 623 2233 ruinas,
646 2197 747 2237 quas
776 2182 828 2223 ad
847 2183 995 2222 Suram
1018 2182 1155 2222 locum
1176 2183 1302 2236 Apol-

4 2275 11 2278 -
41 2233 151 2288 ‘linis
174 2247 343 2288 oraculo
362 2246 519 2286 clarum
543 2246 749 2300 pertinere
771 2253 884 2284 certo
906 2252 1080 2284 constat.
1104 2245 1119 2297 (
1138 2245 1197 2285 St.
1219 2246 1266 2284 B.
1290 2258 1299 2285 ζ

0 2346 7 2354 ,
30 2364 32 2366 v
57 2310 198 2365 Σοῦρα,
213 2311 394 2365 μαντεῖον
407 2308 558 2359 Λυκίας,
573 2308 659 2363 περὶ
674 2304 717 2347 οὗ
732 2306 993 2361 Πολύχαρμος
1011 2321 1101 2361 φησι
1115 2306 1152 2346 ἐν
1166 2307 1302 2346 Λυκια-

58 2374 162 2420 κοῖς·
207 2393 222 2409 «ι
247 2373 342 2414 ὅπου
366 2374 432 2412 νῦν
469 2372 584 2426 φρέαρ
614 2371 821 2422 θαλάσσης,
854 2369 975 2424 [καὶΡ]
1009 2370 1123 2416 τόπος
1147 2368 1303 2423 Σούριος

58 2435 309 2491 καλούμενος.
327 2435 484 2475 Plinius
503 2435 685 2482 XXXII,
711 2446 752 2482 2,
779 2434 802 2473 8
823 2444 832 2471 t
855 2434 908 2471 In
927 2429 1061 2484 Lyciae
1089 2429 1239 2484 Myri5‚
1261 2430 1302 2470 in

44 2497 169 2550 sonte
187 2497 416 2554 Apollinis,
433 2511 548 2552 quem
564 2495 727 2536 Surium
744 2493 972 2550 appellant,
993 2491 1204 2546 terfistulu
1215 2506 1303 2532 evo-

14 2598 18 2601 ,
58 2559 145 2600 cati
166 2559 338 2600 veniunt
366 2558 425 2599 ad
461 2557 697 2610 augurium.
729 2556 794 2596 Cf.
815 2555 962 2596 AElian.
991 2555 1110 2604 VIII,
1133 2556 1184 2603 4;
1206 2553 1301 2596 Plu-

3 2634 9 2639 ’
58 2621 190 2662 tareh.
229 2624 291 2662 De
317 2620 471 2661 sollert.
497 2621 623 2661 anim.
656 2634 698 2674 p.
723 2622 819 2672 976,
845 2619 900 2667 C;
926 2616 1213 2670 inscriptiones
1233 2631 1324 2671 ap.-

0 2700 3 2701 ’
58 2683 208 2738 Spratt.
239 2686 296 2733 II,
328 2698 372 2738 p.
406 2688 510 2737 274;
532 2681 590 2723 id.
612 2684 669 2731 II,
703 2695 747 2736 p.
771 2683 838 2722 86.
863 2679 876 2735 )
908 2678 958 2719 Id
994 2686 1128 2719 tamen
1153 2692 1302 2732 parum

57 2746 270 2801 probabile
302 2755 375 2788 est.
417 2749 643 2800 Quumque
672 2752 743 2784 aut
774 2743 816 2783 h.
857 2743 884 2783 l.
921 2750 991 2782 aut
1028 2744 1049 2794 ἓ
1086 2744 1168 2790 240
1207 2741 1304 2783 falsa

15 2823 19 2827 ’
57 2811 251 2854 distantia
279 2813 537 2862 exhibeatur,
567 2820 709 2852 nostro
742 2811 879 2865 potius
902 2809 993 2849 loco
1012 2807 1303 2862 corrigendum

7 2872 18 2927 ss
56 2884 267 2930 putamus·
287 2878 432 2930 Itaque
447 2877 625 2927 Somena
642 2874 694 2915 ad
709 2873 920 2928 proximas
938 2872 1078 2912 ruinas
1093 2871 1302 2926 pertinue-

57 2938 156 2985 rint,
178 2935 231 2977 ad
253 2937 447 2978 intimum
469 2938 595 2978 maris
613 2949 834 2985 recessum,
851 2935 918 2974 cui
941 2933 1167 2973 Dolichiste
1189 2934 1301 2973 insu-

3 3007 22 3050 ἒζρ,
57 2996 134 3051 la(
163 2998 207 3039 h.
240 2999 449 3052 Kakava)
482 2996 767 3054 praetenditur,
800 2996 968 3050 positas.
1001 2996 1226 3045 Hucusque
1252 2994 1304 3035 ab

5 3053 22 3102 ,ἦ
59 3059 264 3102 Andriace
275 3070 373 3102 sunt
384 3061 436 3102 ad
449 3061 578 3102 stadia
592 3063 659 3111 80,
679 3059 782 3101 adeo
797 3067 843 3099 ut
858 3059 887 3097 Δ
902 3066 1041 3098 ortum
1052 3057 1174 3098 suerit
1188 3072 1236 3098 ex
1249 3058 1298 3098 Π.

22 3176 26 3178 Ἴ
114 3126 136 3176 §
162 3127 261 3173 240.
292 3123 522 3180 Ἀπέρλας
537 3125 552 3179 ]
568 3123 730 3175 Positus
752 3122 867 3162 locus
888 3120 940 3161 ad
968 3121 1106 3160 sinum
1129 3120 1200 3174 qui
1233 3135 1303 3160 v0-

59 3194 174 3227 catur
189 3187 282 3228 baie
296 3186 554 3228 d’Assaeri
571 3185 783 3227 Cockerell
802 3185 842 3224 in
864 3183 983 3224 titulo
996 3182 1133 3236 aliquo
1152 3183 1304 3237 reperit

19 3288 22 3293 .
57 3263 211 3290 nomen
244 3247 579 3290 ΑΠΕΡΛΕΙΤΩΝ.
620 3250 669 3288 In
700 3247 882 3288 nummis
911 3244 1113 3286 Gordiani
1132 3244 1258 3285 habes
1290 3258 1299 3285 :

20 3304 25 3307 ’
57 3311 394 3360 ΑΠΕΡΡΑΙΤΩΝ,
416 3312 522 3351 sicut
545 3309 716 3364 Ἄπὲρραι
729 3310 851 3349 locus
870 3308 1063 3348 scribitur
1082 3306 1192 3362 apud
1209 3309 1303 3348 Pto-

58 3374 263 3415 lemaeum.
278 3372 465 3414 Eandem
486 3372 663 3412 formam
680 3372 855 3424 Silligius
868 3370 1046 3410 restituit
1061 3370 1193 3410 Plinio
1208 3368 1236 3409 l.
1254 3369 1300 3419 1.,

58 3437 130 3478 ubi
149 3437 311 3478 codices
332 3450 340 3477 :
359 3435 541 3493 Aperice,
560 3433 726 3489 Aperie,
746 3436 787 3472 A
787 3447 899 3487 pyre.
919 3433 1024 3471 Cum
1040 3433 1192 3471 Nostro
1209 3430 1305 3471 facit

56 3501 268 3542 Hierocles
307 3515 350 3555 p.
388 3501 485 3548 684,
521 3498 593 3537 ubi
640 3495 815 3550 Ἀπέρλαι
829 3526 839 3544 ,
875 3493 990 3548 quod
1017 3493 1303 3549 reponendum

11 3615 13 3618 Ι
59 3563 103 3603 in
114 3565 244 3604 Notit.
262 3563 418 3604 Eccles.
434 3561 500 3602 ed.
520 3561 667 3608 Goar„
687 3558 757 3598 ubi
773 3557 793 3597 ὅ
817 3555 1001 3612 Ἀπρίλων
1020 3558 1035 3609 (
1053 3557 1300 3612 ἐπίσκοπος),

58 3634 101 3666 et
122 3625 233 3682 apud
248 3627 380 3668 Leon.
399 3627 493 3680 Sap.
511 3622 608 3665 Ind.
628 3621 770 3663 eccles.
793 3634 837 3675 p.
857 3622 925 3673 47,
940 3619 1010 3659 υ])ἰ
1029 3619 1049 3658 ὁ
1070 3617 1301 3672 Ἇπρίλλων.

116 3691 138 3740 ὅ
163 3692 259 3730 241.
284 3689 383 3729 Haec
407 3686 607 3742 supplevi.
647 3683 789 3726 Putari
811 3682 939 3736 possit
965 3683 987 3732 S
1010 3683 1091 3726 242
1129 3679 1303 3735 ἀκρωτη-

61 3750 142 3804 ρίου
165 3758 406 3806 corruptum
442 3763 527 3790 esse
556 3763 607 3788 ex
629 3746 705 3788 ἀπὸ
732 3744 936 3799 Ἀπερλῶν.
961 3741 1040 3782 Sed
1063 3749 1171 3783 vetat
1198 3743 1303 3783 ratio

0 3814 1 3822 ¹
62 3811 248 3854 locorum
281 3821 322 3852 et
349 3811 655 3852 distantiarum.
689 3809 795 3848 Nam
818 3809 869 3846 ab
902 3804 1063 3859 Aperlis
1091 3803 1144 3844 ad
1181 3805 1302 3845 Anti-

26 3874 29 3876 *
61 3873 242 3928 phellum
263 3876 279 3927 (
301 3874 345 3915 h.
365 3873 572 3928 Antffilo)
595 3886 679 3912 non
701 3870 775 3920 50,
795 3868 867 3908 sed
889 3875 1055 3907 centum
1072 3865 1156 3907 sere
1174 3866 1303 3908 stadia

16 3958 27 3992 ⁴.
62 3945 172 3977 sunt.
193 3939 242 3977 In
262 3936 400 3977 medio
415 3944 550 3976 autem
567 3935 710 3974 itinere
725 3932 894 3972 obvium
910 3929 956 3969 fit
970 3928 1303 3983 promontorium

15 3993 27 4029 ᾗ
64 3998 280 4040 meridiem
304 4013 442 4040 versus
468 4004 720 4053 porrectum.
744 3992 878 4047 Hujus
902 3992 1027 4045 igitur
1050 3990 1299 4031 mentionem

2517 163 2611 225 493¹

1372 263 1376 266 ’
1425 250 1521 304 239.
1551 250 1618 292 Ab
1641 250 1845 309 Andriaee
1870 244 1922 292 ad
1944 253 2119 294 Somena
2137 253 2266 295 stadia
2287 257 2339 297 80
2363 255 2454 308 (π’).

1425 322 1520 368 240.
1554 321 1591 360 Α
1609 320 1795 360 Somenis
1811 319 1863 360 ad
1886 320 2055 375 Aperlas
2080 322 2209 363 stadia
2231 327 2298 364 60.

1426 389 1521 435 241.
1546 389 1560 439 [
1577 387 1644 427 Ab
1662 387 1828 443 Aperlis
1845 387 1904 428 ud
1918 391 1935 410 *
1953 390 2282 444 promontorium
2296 391 2439 433 stadia
2455 392 2522 433 50.

1428 457 1524 503 242.
1555 458 1590 496 A
1617 457 1904 510 promontorio
1926 455 1976 496 ad
2001 457 2282 512 Antiphellum
2302 458 2432 500 stadia
2454 460 2520 501 50.

1427 524 1523 572 243.
1554 523 1618 564 Ab
1636 523 1871 578 Antiphello
1893 523 1943 564 ad
1967 525 2167 579 Megisten
2190 526 2366 567 insulam
2389 528 2519 569 stadia
2539 530 2605 571 50.

1427 594 1523 639 244.
1554 593 1590 632 Α
1605 592 1775 644 Megiste
1794 591 1847 640 ad
1861 592 2031 646 Rhogen
2051 594 2227 634 insulam
2247 594 2376 635 stadia
2395 595 2460 637 50.
2478 597 2493 651 ]

1431 659 1528 708 245.
1562 662 1599 700 Α
1627 660 1769 714 Rhoge
1798 660 1930 701 insula
1962 675 2092 715 usque
2116 660 2169 701 ad
2201 663 2430 717 Xenagorae
2458 665 2636 706 insulas'

1374 727 1502 768 stadia
1519 729 1571 769 80
1592 728 1684 780 (π’).

1429 799 1526 852 246.
1559 800 1595 837 A
1629 798 1857 850 Xenagorae
1889 796 2031 837 insulis
2053 811 2183 852 usque
2215 799 2267 839 ad
2302 802 2447 841 Patara
2480 801 2609 843 stadia

1374 874 1470 906 sunt
1493 870 1560 907 60.

1427 937 1524 988 247.
1555 938 1592 976 A
1625 936 1780 977 Pataris
1812 935 1864 975 ad
1893 938 2161 992 {Xanthum]
2199 938 2371 979 fluvium
2402 941 2608 994 navigabi-

1372 1004 1449 1044 lem
1461 1035 1472 1054 ,
1490 1005 1557 1045 eui
1574 1005 1764 1045 Xanthus
1777 1005 1876 1045 urbs
1892 1005 2188 1047 mediterranea
2203 1006 2373 1062 adjacet,
2393 1008 2523 1050 stadia
2537 1014 2604 1051 60.

1428 1074 1526 1120 248.
1560 1074 1595 1113 Α
1631 1073 1799 1113 Xantho
1836 1073 1963 1113 ssuvio
2004 1073 2056 1114 ad
2091 1074 2254 1129 Pydnas
2293 1077 2355 1115 via
2386 1084 2493 1117 recta
2528 1086 2608 1118 sta·

1371 1140 1439 1180 dia
1460 1145 1528 1182 60.

1429 1211 1526 1260 249,
1558 1211 1595 1249 Α
1617 1208 1760 1262 Pydna
1782 1210 1834 1249 ad
1849 1210 2374 1264 Sacrumpromontorinm
2390 1212 2519 1254 stadia
2537 1215 2604 1255 80.

1370 1385 1513 1417 nostro
1536 1376 1627 1416 loco
1642 1375 1840 1416 excidisse
1858 1385 2177 1417 consentaneum
2197 1386 2271 1417 est.
2294 1380 2356 1418 De
2374 1379 2609 1433 Antiphello

1372 1446 1468 1492 post
1493 1438 1592 1478 alios
1626 1439 1864 1492 nuperrime
1886 1437 1990 1478 dixit
2013 1439 2164 1492 Spratt.
2188 1440 2223 1488 Ι,
2248 1453 2290 1493 p.
2325 1443 2376 1492 69
2405 1451 2416 1479 z
2447 1456 2463 1477 «
2490 1442 2608 1480 Anti-

1373 1500 1532 1554 phellus
1558 1501 1592 1539 is
1610 1505 1706 1540 now
1719 1499 1984 1555 represented
2006 1499 2060 1555 by
2083 1501 2210 1541 about
2225 1501 2335 1554 eight
2349 1501 2513 1552 houses‚
2535 1504 2610 1543 cal-

1371 1561 1438 1602 led
1454 1562 1684 1617 Antiphilo.
1704 1563 1795 1603 The
1809 1562 1888 1617 bay
1908 1563 1950 1602 in
1981 1561 2093 1603 front
2110 1563 2143 1602 is
2163 1562 2259 1603 wild
2281 1562 2363 1603 and
2386 1563 2606 1615 beautiful-3

1373 1623 1442 1664 the
1468 1624 1703 1663 mountains
1740 1623 1820 1663 rise
1856 1625 2115 1678 everywhere
2144 1624 2268 1680 boldy
2299 1625 2428 1665 above
2458 1640 2482 1666 a
2510 1626 2610 1667 little

1372 1685 1553 1739 tranquil
1580 1685 1696 1725 basin
1728 1685 1929 1726 sheltered
1959 1687 2013 1740 by
2042 1702 2065 1726 a
2083 1687 2232 1727 cluster
2266 1687 2315 1727 of
2332 1686 2496 1727 islands.
2519 1688 2609 1728 The

1371 1755 1485 1787 coast
1507 1748 1540 1786 is
1563 1747 1727 1787 clothed
1755 1748 1855 1788 with
1876 1762 1898 1788 a
1933 1748 2144 1790 luxuriant
2166 1749 2438 1798 underwood,
2473 1750 2606 1803 sprin-

1372 1809 1469 1862 ging
1495 1823 1550 1863 up
1585 1809 1731 1848 within
1773 1823 1797 1848 a
1820 1808 1896 1850 few
1922 1808 2002 1850 feet
2023 1810 2072 1849 of
2089 1810 2158 1850 the
2189 1810 2349 1851 water's
2375 1810 2491 1863 edge.
2520 1811 2609 1851 The

1371 1870 1466 1925 bay,
1485 1870 1682 1924 although
1704 1885 1750 1911 50
1771 1870 1862 1911 well
1879 1870 2096 1922 sheltered,
2117 1872 2151 1912 is
2164 1870 2367 1912 rendered
2382 1871 2545 1922 useless,
2566 1887 2610 1913 as

1371 1947 1425 1973 an
1452 1934 1705 1987 anchorage‚
1735 1932 1789 1988 by
1820 1933 1889 1974 the
1911 1935 2113 1974 excessive
2145 1933 2272 1989 depth
2297 1933 2347 1974 of
2375 1934 2444 1974 the
2465 1942 2607 1986 water,

1372 1995 1525 2046 which,
1548 1996 1654 2036 from
1677 1995 1800 2049 being
1817 1995 1981 2050 beyond
1998 1996 2067 2036 the
2086 1996 2290 2037 inssuence
2312 1996 2360 2036 of
2384 1996 2453 2036 the
2468 1996 2611 2038 turbid
2667 2023 2669 2028 ι

1370 2058 1579 2108 Xanthus,
1598 2071 1768 2113 appears
1787 2056 1940 2111 during
1962 2072 1984 2098 a
2007 2058 2111 2097 calm
2132 2057 2180 2105 of
2197 2072 2239 2098 as
2269 2057 2373 2112 deep
2395 2072 2419 2112 a
2445 2050 2539 2098 blue
2568 2073 2610 2099 as

1371 2118 1441 2158 the
1461 2128 1634 2159 western
1662 2134 1804 2159 ocean.
1822 2119 1912 2158 The
1940 2127 2036 2172 port
2057 2119 2090 2157 is
2122 2117 2283 2158 formed
2301 2118 2355 2173 by
2373 2133 2426 2158 an
2448 2120 2610 2161 ancient

1371 2180 1460 2233 pier
1488 2181 1710 2233 extending
1731 2180 1837 2220 from
1862 2194 1941 2220 one
1969 2179 2056 2220 side
2086 2179 2136 2219 of
2147 2194 2171 2220 a
2192 2179 2307 2219 small
2328 2178 2547 2221 indenture
2568 2182 2615 2222 of

1371 2242 1441 2282 the
1461 2251 1587 2283 coast.
1613 2242 1714 2282 This
1741 2242 1831 2296 pier
1849 2243 1883 2281 is
1912 2241 1989 2281 still
2022 2242 2065 2280 in
2083 2249 2175 2295 part
2208 2240 2338 2281 above
2362 2249 2501 2291 water,
2526 2242 2608 2282 and

1370 2304 1526 2345 affords
1549 2304 1698 2344 shelter
1717 2312 1759 2344 to
1778 2304 1846 2344 the
1863 2303 1963 2343 little
1984 2303 2101 2343 boats
2124 2302 2173 2343 of
2187 2317 2351 2357 passage
2380 2305 2608 2358 constantly

1375 2368 1544 2420 moving
1570 2367 1669 2407 with
1691 2380 1928 2421 passengers
1954 2380 2002 2406 or
2033 2364 2316 2405 merchandise
2334 2373 2377 2405 to
2398 2365 2481 2406 and
2500 2365 2607 2408 from

1372 2430 1440 2470 the
1465 2428 1595 2470 island
1628 2428 1676 2469 of
1695 2428 1956 2478 Castelorizo,
1992 2428 2223 2480 enlivening
2256 2427 2325 2467 the
2359 2427 2608 2482 appearance

1370 2491 1419 2532 of
1440 2491 1509 2531 the
1532 2490 1608 2531 few
1630 2491 1763 2545 places
1782 2505 1836 2531 on
1860 2490 1929 2530 the
1948 2498 2059 2530 coast
2082 2488 2130 2528 of
2143 2489 2267 2543 Lycia
2281 2488 2418 2529 where
2434 2503 2458 2529 a
2480 2490 2553 2531 sail
2574 2491 2608 2530 is

1370 2552 1483 2594 osten
1510 2568 1604 2594 seen
1628 2568 1682 2593 on
1705 2553 1774 2592 the
1799 2560 1960 2592 waters.
1987 2569 2003 2588 n

1428 2617 1449 2666 S
1488 2619 1583 2657 243.
1624 2614 1889 2668 Μεγίστην
1910 2615 1925 2668 ]
1950 2611 2074 2653 hodie
2109 2612 2216 2658 Meis
2253 2611 2316 2652 vel
2348 2612 2604 2654 Castelorizo.

1371 2676 1436 2716 Cf.
1455 2676 1597 2731 Scylax
1616 2676 1717 2730 ibiq.
1736 2684 1824 2716 not.

1428 2741 1451 2790 S
1490 2743 1587 2780 244.
1631 2736 1846 2792 Ῥώγην]
1886 2736 2029 2788 Ῥόπην
2061 2745 2100 2776 et
2134 2738 2258 2788 §245
2292 2734 2432 2787 Ῥόπης
2455 2735 2606 2785 codex;

1373 2801 1508 2854 Rhoge
1529 2801 1685 2842 Plinius
1706 2801 1762 2849 V,
1787 2800 1862 2849 35;
1892 2798 2038 2854 Ῥὼγη,
2065 2801 2179 2850 νῆσος
2209 2797 2269 2839 ἐπὶ
2287 2800 2337 2854 τῇ
2359 2798 2496 2852 Λυκίᾳ,
2523 2800 2609 2839 Ste-

1371 2864 1534 2918 phanus
1552 2865 1650 2918 Byz.
1668 2861 1803 2902 Hodie
1817 2861 1979 2913 Hagios
2001 2862 2207 2914 Georgios.

1429 2929 1451 2979 S
1469 2930 1568 2969 245.
1599 2925 1631 2965 Ξ
1644 2929 1688 2965 ε’ν
1702 2939 1760 2979 αγ
1774 2924 1794 2964 ό
1807 2939 1826 2978 ρ
1840 2939 1888 2963 ου
1907 2925 1923 2979 ]
1941 2922 2005 2964 Cf.
2023 2922 2178 2963 Plinius
2194 2922 2221 2963 1.
2243 2923 2271 2963 1.
2294 2936 2303 2963 ;
2326 2923 2471 2974 Rhoge,
2499 2926 2609 2962 Ena-

1364 2984 1470 3040 ‘gora
1498 2989 1593 3043 (sic)
1631 2989 1755 3028 VIII
1771 3001 1826 3028 m.
1856 3001 1906 3041 p.
1933 2986 2011 3026 Vir
2029 2984 2174 3026 doctus
2193 2998 2258 3039 ap.
2287 2984 2484 3038 Silligium
2508 2985 2607 3025 scri-

1372 3051 1414 3091 bi
1438 3049 1584 3106 jubet:
1603 3054 1824 3102 Xenagoroe
1848 3051 1984 3097 VHJ,
2004 3048 2154 3088 omisso
2177 3062 2231 3087 m.
2256 3062 2302 3101 p.
2334 3049 2389 3087 At
2411 3060 2494 3085 non
2515 3055 2608 3086 octo

1373 3122 1470 3155 sunt
1492 3113 1648 3163 insulae,
1675 3111 1746 3167 sed
1761 3111 1862 3160 duo,
1893 3108 2103 3150 Ochendra
2121 3116 2161 3147 et
2189 3108 2308 3160 longe
2332 3105 2463 3160 major
2484 3107 2603 3155 Volo,

1373 3176 1492 3230 cujus
1527 3176 1729 3217 ambitum
1752 3173 1908 3213 notavit
1936 3171 2105 3212 Plinius.
2144 3171 2158 3223 Η
2196 3194 2252 3199 -
2271 3170 2398 3209 σταδ.
2417 3167 2481 3223 τ’]
2521 3168 2608 3222 lege

1373 3239 1482 3278 σταδ.
1506 3237 1560 3279 π’.
1584 3238 1600 3291 l}
1623 3262 1679 3267 —
1697 3239 1719 3289 5
1739 3238 1835 3284 246.
1858 3233 1931 3274 ἀπὸ
1954 3237 2028 3273 τῶν
2053 3231 2281 3285 Ξεναγόρων
2312 3229 2424 3280 cod.;
2448 3244 2528 3271 em.
2551 3232 2604 3271 G.

1430 3304 1452 3353 ξ
1470 3305 1565 3343 247.
1592 3299 1741 3339 Ξάνθον
1758 3295 1959 3352 supplevit
1980 3293 2150 3335 Gailius.
2174 3295 2236 3332 De
2264 3292 2417 3332 Pataris
2433 3300 2473 3332 et
2493 3293 2607 3332 Xan-

1374 3364 1446 3405 tho
1466 3363 1638 3403 urbibus
1662 3375 1745 3401 non
1765 3368 1823 3400 est
1843 3357 1955 3413 quod
1972 3364 2200 3397 moneatur.
2622 3355 2627 3359 ’

1431 3430 1452 3479 §
1469 3430 1565 3468 248.
1582 3424 1676 3463 Πῦδ
1691 3439 1708 3463 ν
1720 3424 1794 3476 ας]
1812 3423 1947 3462 Locus
1963 3418 2126 3459 aliunde
2143 3432 2226 3458 non
2239 3426 2377 3458 notus,
2399 3418 2607 3458 Pertinere

1374 3488 1427 3530 ad
1449 3503 1543 3529 eum
1567 3485 1716 3527 castelli
1734 3485 1873 3524 ruinas
1896 3497 1986 3537 quae
2003 3495 2132 3536 prope
2165 3480 2295 3521 Uzlan
2313 3481 2399 3520 sitae
2421 3481 2607 3535 proxime

1374 3553 1417 3591 in
1443 3566 1516 3591 ora
1549 3555 1794 3603 sequuntur,
1830 3552 2036 3593 statuunt3
2070 3557 2318 3597 quamquam
2341 3542 2555 3596 hucusque
2584 3557 2607 3581 a

1373 3613 1530 3654 Xanthi
1553 3611 1657 3651 ostio
1681 3608 1844 3648 nonnisi
1877 3607 1930 3647 30
1962 3604 2113 3654 stadia,
2148 3613 2187 3644 et
2220 3619 2243 3644 a
2274 3604 2406 3644 ruinis
2437 3604 2522 3643 istis
2554 3603 2605 3643 ad

1374 3678 1542 3718 Sacrum
1563 3686 1700 3727 prom.
1719 3684 1804 3710 non
1822 3669 1875 3710 30
1890 3667 1960 3708 sed
1979 3671 2031 3708 60
2051 3666 2181 3707 stadia
2195 3674 2305 3706 sunt.
2328 3668 2436 3705 Bene
2454 3665 2605 3704 habent

1374 3737 1598 3784 distantiae,
1622 3735 1654 3774 si
1674 3732 1827 3788 Pydnae
1851 3744 2004 3786 ponas,
2028 3729 2101 3770 ubi
2121 3729 2322 3784 Sprattius
2347 3727 2499 3766 notavit
2518 3741 2602 3766 cas-

1375 3801 1516 3842 tellum
1536 3798 1608 3839 aevi
1629 3795 1755 3836 medii
1775 3792 2015 3846 (midle-age
2027 3791 2207 3845 fortress
2221 3792 2253 3843 ).
2276 3787 2435 3841 Quodsi
2459 3786 2605 3828 eodem

1374 3860 1596 3904 referendae
1619 3866 1714 3898 sunt
1746 3856 1886 3896 Ιίύῧναι
1923 3854 2150 3902 Ptolemaei,
2186 3855 2231 3891 ut
2250 3850 2422 3891 Leakius
2445 3858 2601 3906 censet„

1374 3926 1477 3966 mire
1505 3922 1557 3962 de
1582 3922 1662 3961 situ
1680 3919 1758 3959 loci
1782 3916 2035 3972 geographus
2056 3914 2220 3954 erravit.

1430 3991 1451 4040 ς
1492 3989 1572 4029 249
1606 3996 1695 4037 sqq.
1728 3982 1896 4022 Sacrum
1935 3976 2266 4034 promontorium
2313 3974 2487 4028 intellige
2516 3989 2604 4015 eam
