2782 4348
452 0 503 49 Ο
769 46 771 48 ,

668 82 713 127 0

224 211 311 254 us
485 225 533 268 0
702 181 712 191 '

88 312 366 377 Ριιοιόχλος,
388 312 436 359 οὗ
467 307 593 360 πολὺς
615 307 714 369 μὶν,
737 307 798 367 τῷ
830 302 876 351 δὲ
900 301 979 365 βίῳ
1006 302 1206 349 τοιοῦτος.
1273 297 1354 347 Ἐκ
1373 300 1446 344 τοῦ
1471 356 1475 359 .

214 380 471 445 παρήκοντος
485 376 602 429 ἕλους
621 373 694 426 τὰς
717 374 830 435 ῥίζαι
847 372 929 417 τῶν
946 367 1150 430 καλάμων
1165 366 1352 430 ὀρύττιι,
1369 365 1447 413 xe!-

215 469 340 499 πειτα
375 446 534 499 πλύνας
564 444 782 504 καθαρῶς,
814 437 1008 485 ἐκκόπτει
1028 437 1155 498 λίθοις
1173 435 1277 500 πρὸς
1303 435 1448 498 μέρος,

217 519 394 577 ποιήσας
413 516 456 562 δὲ
476 517 586 560 λεῖον
611 511 685 558 καὶ
712 509 916 560 κολλῶδες
933 506 1165 554 ἀνέπλασεν
1187 507 1237 553 lat
1251 504 1447 567 μαγίδος,

179 606 200 634 ο
221 591 257 636 εἰ
278 587 349 635 καὶ
366 586 413 632 οὗ
440 579 752 645 χειροπλήθεις,
779 577 949 640 ὄγκους,
975 569 1065 623 εἶτα
1097 578 1140 623 ἰν
1171 577 1232 640 τῷ
1264 573 1451 636 καύματι
1477 627 1483 632 ,

216 656 438 719 παροπτῶν
456 650 612 707 ταύτην
638 646 726 711 ἔχει
748 645 1006 710 προσφοράν.
1070 642 1252 708 Ἔχουσι
1276 642 1322 691 δὲ
1338 636 1451 691 οὗτοι
1489 676 1493 681 -

215 724 343 771 κακὸν
372 721 576 781 ἄφυκτον,
600 716 694 770 τοὺς
713 718 756 764 ἓν
777 723 861 769 τοῖς
882 715 995 763 ἕλεσι
1011 713 1180 768 λέοντας
1205 711 1450 775 ἐπιτιθεμέ-

214 811 305 845 νους
326 792 476 843 αὐτοῖς.
542 786 654 836 Ὑπὸ
686 786 730 833 δὲ
750 785 826 843 τὴν
845 783 1037 849 ἐπιτολὴν
1054 788 1130 831 τοῦ
1146 783 1266 837 κυνὸς
1291 781 1451 845 γίνεταί

214 880 254 907 τι
275 858 486 907 κωνώπων
507 858 663 913 πλῆθος
681 856 887 913 ἄπλετον,
925 852 1184 912 τηλικαύτην
1202 850 1299 915 ἔχον
1326 850 1453 898 δύνα-
1482 880 1497 892 .·

154 946 194 978 ιο
217 948 286 990 μιν
309 927 419 975 ὥστε
446 925 518 974 τὸν
539 925 640 973 λαὸν
672 927 730 978 εἰς
761 924 836 979 τὰς
859 923 1076 984 λιμνώδεις
1099 920 1297 985 ὑγρασίας
1328 921 1452 967 ἔπελ-

216 999 339 1046 θόντα
363 998 451 1044 ἐκεῖ
468 995 605 1058 μένειν
634 997 791 1059 ἄφανῆ.
859 992 956 1057 Ὑφ’
982 985 1039 1039 ὧν
1057 991 1130 1039 καὶ
1148 993 1187 1038 οἱ
1207 990 1367 1043 λέοντες
1384 991 1453 1036 ἐκ·

215 1068 451 1122 τοπίζονται
464 1101 478 1124 ,
512 1066 592 1128 οὐχ
620 1063 749 1117 οὕτως
770 1062 851 1110 ὑπὸ
885 1066 956 1109 τοῦ
987 1063 1146 1124 δηγμοῦ
1184 1058 1451 1120 δηλούμενοι,

215 1135 366 1198 καίπερ
393 1134 506 1186 ὄντος
532 1134 759 1197 ἐπαχθοῦς,
794 1134 851 1186 ὡς
885 1129 954 1177 τὸν
977 1130 1059 1177 ὕπὸ
1088 1133 1163 1187 τῆς
1196 1131 1332 1194 φωνῆς
1350 1121 1454 1191 ἦχον

217 1205 448 1271 ἀλλόφυλον
496 1204 790 1254 ἀδυνατοῦντες
824 1199 977 1266 φέρειν.
1045 1198 1173 1248 Ἀλλὰ
1210 1202 1342 1245 ταῦτα
1378 1197 1453 1258 μὲν

153 1283 192 1314 ¹⁵
218 1274 468 1339 ἁπηγγέλθω
504 1276 579 1321 τοῦ
612 1271 847 1336 παραδόξου
883 1270 1021 1334 χάριν·
1053 1270 1093 1316 τί
1131 1268 1213 1333 γὰρ
1248 1267 1458 1331 ῖδιώτερον

197 1345 246 1402 ἢ
268 1346 437 1398 λεόντας
467 1343 544 1404 μὲν
570 1344 767 1405 ἐκχωρεῖν
800 1340 1013 1405 κώνωψιν,
1041 1338 1268 1403 ἀνθρώποις
1301 1336 1344 1384 δὲ
1378 1335 1459 1384 σώ-

220 1417 359 1470 ζεσθαι
379 1412 459 1460 ὑπὸ
477 1411 660 1458 τοιούτου
679 1407 890 1467 κινδύνου;

283 1500 340 1531 οι.
374 1480 478 1530 Ὅτι
496 1483 580 1533 τοῖς
602 1478 858 1543 εἰρημένοις,
893 1478 1023 1542 φησί,
1043 1477 1091 1524 τὸ
1109 1480 1190 1524 τῶν
1212 1475 1458 1540 Ὑλοφάγων

221 1553 295 1600 καὶ
315 1555 398 1599 τῶν
421 1551 474 1598 τὰ
496 1550 719 1614 σπέρματα
747 1548 999 1609 σιτουμένων
1023 1548 1171 1611 ἐγγίζει
1190 1546 1326 1610 γένος,
1352 1550 1459 1610 βρα-

158 1634 202 1664 20
220 1623 340 1687 χεῖαν
376 1620 472 1685 ἔχον
506 1618 583 1676 τὴν
619 1616 912 1680 παραλλαγήν.
979 1619 1036 1666 Οἱ
1070 1616 1145 1678 μὲν
1173 1616 1254 1680 γὰρ
1287 1615 1358 1663 τὸν
1390 1615 1460 1662 πί-

222 1710 377 1739 πτοντα
408 1688 567 1753 καρπὸν
601 1686 686 1734 ἀπὸ
719 1689 800 1733 τῶν
831 1687 1006 1751 δένδρων
1040 1691 1248 1734 σιτοῦνται
1273 1685 1354 1732 ὑπὸ
1384 1684 1460 1742 τὴν

223 1760 409 1824 θερείαν,
436 1759 483 1806 τὸ
505 1758 548 1805 δὲ
571 1757 714 1805 λοιπὸν
738 1761 812 1814 τῆς
833 1756 939 1811 πόας
975 1756 1174 1803 ἅπτονται
1201 1760 1276 1813 τῆς
1306 1758 1349 1802 ἐν
1378 1757 1461 1807 τοῖς

224 1835 400 1894 σκιεροῖς
432 1828 578 1890 ἄγκεσι
616 1825 833 1890 γινομένης
869 1834 1037 1891 στερεᾶς
1071 1845 1115 1873 τε
1140 1825 1215 1883 τὴν
1241 1825 1359 1891 φύσιν
1387 1824 1460 1871 καὶ

100 1969 214 2011 mod.
228 1961 272 2009 δὲ
292 1960 479 2024 καθαρὰς
500 1960 697 2007 κόπτουσι
721 1962 860 2019 λίθοις,
884 1959 1009 2024 μέχρι
1028 1960 1078 2006 ἂν
1097 1959 1266 2022 γένηται
1289 1961 1335 2006 τὸ
1350 1961 1467 2024 ἔργον

163 2049 206 2080 2⁵
227 2032 337 2078 λεῖον
361 2029 436 2076 καὶ
468 2031 692 2082 κολλῶδες·
717 2028 860 2077 ἔπειτα
886 2029 1215 2094 περιπλάσαντες
1241 2031 1470 2093 χειροπλη-

228 2099 379 2153 θιαίους
405 2099 550 2161 ὄγκους
567 2100 610 2146 ἐν
633 2099 740 2163 ἡλίῳ
761 2102 1031 2159 παροπτῶσι,
1054 2099 1127 2145 καὶ
1149 2100 1280 2163 ταύτῃ
1299 2099 1470 2163 χρώμε-

228 2186 291 2216 νοι
309 2171 438 2233 τροφῇ
458 2169 594 2215 πάντα
617 2167 686 2214 τὸν
711 2169 799 2231 βίον
824 2169 1095 2214 διατελοῦσιν.
1164 2167 1470 2221 Ἄνεκλείπτους

232 2237 270 2284 δ’
294 2237 457 2300 ἔχοντες
479 2237 552 2290 τὰς
569 2240 641 2293 τῆς
666 2240 818 2301 τροφῆς
839 2237 993 2294 ταύτης
1016 2235 1231 2300 δαψιλείας
1244 2258 1262 2294 ,·
1282 2236 1353 2283 καὶ
1369 2237 1470 2301 πρὸς

231 2309 438 2364 ἀλλήλους
470 2309 535 2354 ἀεὶ
563 2306 727 2369 εἰρήνην
762 2307 950 2369 ἄγοντες,
978 2306 1058 2353 ὑπὸ
1090 2306 1270 2363 πλήθους
1294 2307 1468 2354 λεόντων

165 2393 208 2426 20
229 2379 524 2439 πολεμοῦνται.
594 2375 812 2439 Ἐμπύρου
828 2376 909 2439 γὰρ
928 2381 1000 2423 τοῦ
1018 2375 1133 2440 πέριξ
1153 2375 1270 2439 ἀέρος
1291 2376 1405 2430 ὄντος
1424 2379 1471 2423 ἐκ

229 2450 302 2505 τῆς
323 2446 478 2511 ἐρήμου
502 2447 605 2511 πρὸς
625 2445 771 2500 αὐτοὺς
790 2448 963 2510 φοιτῶσι
985 2446 1147 2499 λέοντες
1174 2453 1292 2499 σκιᾶς
1315 2446 1468 2508 ἕνεκεν,

230 2519 266 2564 οἱ
291 2516 334 2563 δὲ
358 2517 431 2563 καὶ
449 2516 576 2580 θήρας
594 2520 677 2564 τῶν
706 2516 936 2562 ἐλαττόνων
966 2515 1135 2579 θηρίων.
1204 2515 1358 2580 Διόπερ
1379 2515 1473 2569 τοὺς

231 2589 278 2633 ἐκ
296 2589 378 2633 τῶν
407 2586 623 2647 τελμάτων
654 2585 832 2640 ἐξιόντας
853 2588 936 2631 τῶν
964 2585 1175 2633 Αἰθιόπων
1200 2585 1280 2631 ὑπὸ
1315 2586 1470 2632 τούτων

236 2658 316 2702 τῶν
340 2656 491 2716 θηρίων
514 2655 808 2703 ἀναλίσκεσθαι
833 2655 1068 2716 συμὸαίνει.
1103 2654 1376 2702 Ἀδυνατοῦσι
1392 2655 1472 2718 γὰρ

173 2739 215 2770 ³5
240 2723 486 2787 ὑφίστασθαι
508 2725 582 2777 τὰς
619 2725 749 2778 ἀλκὰς
782 2728 863 2771 τῶν
884 2723 1076 2780 λεόντων,
1107 2727 1163 2777 ὥς
1184 2723 1232 2770 ἂν
1266 2725 1473 2785 μηδεμίαν

237 2794 427 2853 βοήθειαν
457 2794 593 2840 ὅπλων
628 2794 812 2856 ἔχοντες,
841 2793 913 2839 καὶ
934 2793 1064 2857 πέρας
1095 2793 1222 2855 ἄρδην
1257 2794 1307 2839 ἂν
1340 2797 1472 2840 αὐτῶν

235 2862 431 2925 διεφθάρη
454 2863 501 2909 τὸ
526 2863 653 2923 γένος,
681 2866 715 2909 εἰ
741 2863 799 2921 μὴ
825 2867 849 2919 ἡ
875 2863 992 2927 φύσις
1013 2882 1053 2908 τι
1083 2864 1220 2915 αὐτοῖς
1240 2864 1472 2924 αὐτόματον

236 2932 404 2989 ἰποίησε
443 2932 652 2995 βοήθημα.
721 2932 830 2979 Ὑπὸ
854 2932 934 2995 γὰρ
957 2932 1031 2988 τὴν
1070 2932 1274 2987 ἀνατολὴν
1305 2937 1376 2979 τοῦ
1399 2951 1475 2978 κυ-

237 3000 303 3053 νὸς
336 3001 577 3065 παραδόξως
593 3038 606 3062 ,
632 3003 837 3063 μηδεμιᾶς
872 3000 1090 3062 γινομένης
1115 3002 1238 3062 μυίας
1267 3002 1361 3063 περὶ
1385 3001 1477 3054 τοὺς

173 3089 218 3120 40
235 3069 384 3124 τόπους
400 3106 413 3127 ,
439 3076 611 3117 τοσοῦτο
633 3072 786 3135 πλῆθος
817 3071 1046 3134 ἀθροίζεται
1068 3070 1300 3130 κωνώπων,
1324 3071 1474 3133 ὑπερέ-

237 3159 314 3204 χον
338 3140 512 3201 δυνάμει
530 3140 623 3193 τοὺς
640 3141 973 3205 γνωριζομένους,
992 3140 1091 3195 ὥςτε
1113 3140 1205 3193 τοὺς
1225 3140 1299 3201 μὲν
1322 3140 1477 3204 ἀνθρώ·

240 3229 341 3264 πους
366 3210 688 3277 καταφυγόντας
710 3213 766 3262 εἰς
784 3210 857 3263 τὰς
879 3210 1043 3265 ἑλώδεις
1074 3210 1218 3271 λίμνας
1247 3209 1374 3270 μηδὲν
1393 3209 1479 3255 πά-

239 3298 370 3343 σχειν,
395 3279 489 3335 τοὺς
516 3281 558 3327 δὲ
581 3279 748 3334 λέοντας
768 3280 927 3334 πάντας
952 3279 1114 3344 φεύγειν
1138 3281 1184 3326 ἔκ
1207 3282 1289 3326 τῶν
1320 3279 1476 3339 τόπων,

241 3349 332 3411 ἅμα
355 3349 430 3409 μὲν
454 3350 534 3397 ὑπὸ
555 3356 626 3398 τοῦ
649 3353 812 3413 δηγμοῦ
832 3349 1208 3415 κακουχουμένους,
1234 3349 1324 3411 ἅμα
1348 3348 1391 3395 δὲ
1410 3348 1478 3395 τὸν

178 3439 219 3470 45
243 3419 325 3466 ἀπὸ
342 3423 416 3477 τῆς
435 3423 572 3482 φωνῆς
589 3414 692 3485 ἦχον
713 3421 1154 3483 καταπεπληγμένους.

305 3505 364 3537 51.
402 3489 625 3552 Ἐχόμενοι
651 3490 695 3537 δὲ
713 3490 870 3544 τούτοις
901 3490 1003 3537 εἰσὶν
1030 3490 1136 3537 οἵτε
1154 3488 1383 3553 ’Υλοφάγοι
1410 3488 1481 3535 καὶ

246 3559 598 3622 Σπερματοφάγοι
628 3561 891 3621 καλούμενοι.
961 3559 1132 3608 Τούτων
1172 3559 1208 3606 δ’
1240 3562 1277 3605 οἱ
1301 3559 1376 3620 μὲν
1402 3557 1481 3604 ὑπὸ

245 3625 319 3682 τὴν
356 3628 515 3689 θερείαν
543 3629 613 3674 τὸν
646 3630 849 3676 πίπτοντα
885 3630 1044 3693 καρπὸν
1081 3628 1165 3676 ἀπὸ
1192 3630 1273 3675 τῶν
1305 3628 1480 3691 δένδρων

245 3695 345 3742 ὄντα
368 3695 499 3742 πολὺν
521 3698 770 3758 ἀθροίζοντες
793 3700 954 3749 ἀπόνως
977 3699 1287 3763 διατρέφονται,
1309 3696 1417 3744 κατὰ
1438 3696 1481 3742 δὶ

178 3776 223 3808 ω
245 3763 315 3811 τὸν
334 3763 459 3811 ἄλλον
478 3766 620 3827 καιρὸν
639 3770 712 3822 τῆς
731 3768 906 3827 βοτάνης
928 3772 1001 3825 τῆς
1020 3771 1061 3814 ἐν
1085 3770 1172 3820 ταῖς
1196 3765 1483 3828 σκιαζομέναις

249 3937 294 3980 p.
316 3923 397 3965 332
415 3937 527 3979 sqq„
543 3923 684 3979 ibique
701 3923 886 3966 laudatos
911 3926 1087 3967 viatores
1112 3927 1374 3968 recentiores.
1394 3927 1486 3977 11-

252 4001 293 4039 9.
316 3986 568 4028 κωνώπων
594 3986 806 4042 πλῆθος]
828 3988 891 4028 De
906 3987 969 4028 his
989 3987 1083 4029 vide
1111 3991 1244 4030 Bruce
1265 3990 1301 4039 Ῑ,
1317 4002 1361 4044 p.
1379 3988 1483 4037 [βίη

252 4049 378 4091 lt1.1·'.
402 4047 602 4100 Caillaud,
622 4051 784 4103 Vorage
798 4049 825 4090 ἀ
840 4051 1085 4101 Mer-oeae„
1112 4053 1189 4101 111,
1213 4065 1255 4107 p.
1283 4054 1350 4106 57,
1379 4051 1484 4091 Hec-

1181 189 1265 238 Ex
1298 183 1795 238 AGATflAncmnE

2567 187 2751 250 >(27,³s.'

1514 298 1665 343 diuum
1695 294 1856 339 radices
1878 294 2048 348 effodit,
2070 308 2258 352 pureque
2284 294 2444 336 ablutas
2464 295 2572 337 saxis
2592 297 2636 339 in
2681 306 2688 333 ε

1515 377 1623 422 stula
1634 375 1876 432 confringit,
1891 383 1934 418 et
1950 372 2171 433 postquam
2186 375 2326 418 laevem
2344 384 2386 417 et
2400 376 2600 420 viscosum
2648 398 2652 402 ·
2671 400 2677 412 ·
2702 400 2707 411 ·
2725 378 2741 388 “

1516 457 1582 501 dit
1598 472 1798 511 massam,
1818 457 2039 515 particulas
2055 456 2154 501 iudc
2175 472 2261 500 non
2286 459 2460 500 omnino
2486 473 2656 503 manum
2704 487 2705 491 =

1516 538 1676 595 pientes
1692 537 1901 591 efformat,
1930 547 1974 582 et
1990 537 2045 582 ad
2065 538 2162 582 solis
2183 548 2326 583 testum
2345 549 2495 582 assatas
2515 538 2642 584 edulii
2687 542 2703 578 ι’
2739 587 2743 591 ,

1517 620 1705 677 apponit.
1762 620 1958 663 Ceterum
1989 634 2086 663 eum
2104 620 2213 663 malo
2243 621 2287 664 hi
2320 623 2612 666 conflictantur
2630 625 2751 667 ine

1519 698 1634 743 tabili
1648 731 1660 752 ,
1680 707 1825 758 utpote
1851 699 2041 744 leonibus
2062 702 2106 743 in
2126 702 2295 757 stagnis,
2315 703 2388 759 qui
2406 704 2516 760 ipsos
2538 705 2740 750 invadunt

1519 779 1607 823 Sub
1632 788 1773 823 ortum
1796 794 1895 823 vero
1922 780 2133 835 mmutlae,
2157 784 2301 838 ingens
2333 783 2512 827 culicum
2534 786 2747 829 munitm·

1520 861 1723 914 exoritur,
1747 862 1872 904 tantis
1902 862 2061 906 viribus
2080 863 2255 920 pollens,
2284 873 2331 907 ut
2353 866 2532 924 populus
2561 868 2604 910 in
2633 882 2686 925 aq

1522 939 1718 983 lacustres
1738 940 1983 998 pmfugicus
2009 956 2054 985 sc
2083 943 2142 985 ibi
2171 944 2364 988 occultet.
2424 946 2490 990 Ab
2526 947 2591 990 his
2622 947 2732 991 leon

1525 1034 1694 1077 quoque
1710 1022 2056 1075 exterminantur,
2068 1037 2155 1066 non
2176 1032 2260 1067 tam
2280 1040 2423 1070 morsu
2438 1016 2569 1071 v'exati
2585 1031 2603 1084 (
2618 1044 2700 1086 qua
2727 1054 2730 1066 ι

1525 1101 1587 1143 vis
1606 1100 1780 1144 molesto
1798 1102 1932 1160 satis),
1982 1116 2109 1160 quam
2127 1104 2242 1161 quod
2265 1105 2486 1151 stridorem
2513 1111 2624 1153 vocis
2648 1107 2756 1168 per-⁸

1495 1185 1500 1190 ’
1525 1177 1692 1233 grinum
1706 1177 1889 1234 perferre
1906 1188 2134 1235 nequeunt.
2194 1182 2322 1238 Atqui
2343 1181 2425 1226 boe.
2442 1185 2556 1228 mirae
2572 1189 2709 1229 novita
2731 1187 2742 1200 ‘

1526 1255 1657 1309 gratia
1676 1264 2050 1298 commemoratum
2068 1264 2170 1299 esto.
2232 1257 2347 1312 Quid
2363 1260 2474 1302 enim
2497 1261 2757 1318 singularius·

1528 1345 1653 1387 quam
1671 1330 1811 1374 leonoe
1824 1332 2025 1375 culicibus
2044 1333 2136 1376 loco
2154 1333 2315 1387 cedere,
2338 1343 2379 1378 et
2394 1336 2584 1380 homines
2597 1353 2648 1381 ex
2661 1339 2714 1396 eju
2728 1369 2731 1374 -

1530 1406 1647 1450 modi
1662 1408 1848 1466 periculo
1869 1409 2043 1452 evadere
2068 1410 2324 1454 incolumes?

1587 1484 1656 1527 51.
1679 1487 1772 1528 Jam
1787 1488 2136 1539 commemoratis,
2152 1489 2225 1541 ait,
2243 1488 2581 1547 Hylophagorum
2594 1501 2636 1536 et
2688 1514 2696 1531 ·
2744 1521 2748 1531 ·

1531 1555 1874 1611 matophagorum
1903 1570 2003 1611 gens
2035 1571 2120 1599 non
2150 1558 2206 1600 ita
2238 1558 2414 1602 multum
2440 1560 2676 1620 discrepans
2700 1580 2742 1606 ιι

1531 1626 1762 1681 proximat,
1789 1641 1882 1683 quae
1898 1627 2096 1671 arborum
2119 1629 2244 1671 ramis
2267 1638 2310 1672 et
2330 1633 2557 1676 seminibus
2574 1636 2728 1678 vescitu
2744 1672 2751 1686 ,

1531 1694 1585 1735 Hi
1599 1694 1712 1736 enim
1731 1694 1889 1737 fructus
1905 1711 1956 1738 ex
1970 1696 2189 1738 arboribus
2204 1696 2440 1742 decidentes
2454 1701 2681 1746 comedunt
2710 1723 2717 1739 ·
2735 1726 2744 1740 ι

1531 1769 1736 1814 aestatem;
1762 1763 1921 1820 reliquo
1943 1772 2129 1821 tempore
2157 1765 2328 1808 herbam
2352 1766 2598 1826 decerpunt,
2618 1775 2739 1828 quaei

1531 1831 1738 1874 umbrosis
1774 1833 1946 1876 vallibus
1968 1836 2167 1887 nascitur,
2199 1835 2422 1893 solidaeque
2443 1847 2505 1881 est
2533 1839 2700 1893 indolis,
2741 1862 2750 1878 ·-

1538 1970 1636 2012 hinc
1656 1972 1786 2028 probe
1805 1974 2024 2017 mundatas
2045 1975 2250 2032 lapidibus
2263 2006 2275 2027 ,
2298 1974 2400 2018 dum
2426 1976 2535 2019 laevis
2556 1988 2598 2021 et
2620 1982 2656 2022 vi
2689 2001 2743 2018 ..-

1538 2043 1739 2088 reddatur
1756 2061 1888 2090 massa
1901 2079 1914 2100 ‚
1934 2048 2221 2101 contundunt;
2246 2058 2335 2092 tum
2357 2050 2532 2107 pugillus
2554 2051 2605 2094 ad
2629 2068 2724 2096 man

1539 2119 1803 2175 capacitatem
1838 2120 1936 2163 inde
1968 2121 2166 2164 formatos
2201 2121 2255 2164 ad
2282 2122 2410 2165 solem
2443 2132 2579 2167 assant
2592 2141 2603 2177 ;
2628 2135 2667 2168 et
2698 2127 2744 2169 h

1539 2207 1790 2249 peromnem
1802 2195 1927 2237 vitam
1941 2194 2080 2238 edulio
2089 2195 2300 2238 fruuntur.
2360 2199 2623 2255 Quamquam
2640 2209 2733 2243 aute

1542 2270 1785 2311 nutrimenti
1798 2269 1918 2327 copia
1930 2269 2160 2321 abundant,
2172 2277 2215 2311 et
2231 2283 2375 2326 paoem
2397 2270 2507 2313 inter
2519 2285 2563 2314 se
2574 2272 2732 2326 colunt,

1541 2342 1709 2384 leonum
1725 2349 1863 2384 tamen
1878 2340 2109 2398 frequentia
2126 2341 2315 2384 hostilem
2331 2340 2382 2383 ad
2397 2341 2571 2385 modum
2585 2342 2750 2387 infesta.

1542 2427 1626 2461 tur.
1687 2420 1831 2471 Quum
1853 2416 1966 2457 enim
1988 2430 2058 2457 aer
2078 2415 2155 2457 illis
2172 2413 2447 2457 circumfusus
2465 2414 2575 2459 velut
2593 2417 2687 2472 igne
2701 2418 2730 2459 s·
2752 2442 2760 2456 .

1542 2498 1659 2542 veat,
1693 2499 1784 2533 tum
1809 2491 1863 2534 ad
1884 2491 2053 2534 umbras
2085 2490 2351 2549 capessendas
2367 2522 2379 2542 ,
2414 2498 2504 2532 tum
2525 2489 2578 2532 ad
2601 2492 2716 2534 mino
2747 2521 2756 2529 ·

1542 2565 1709 2606 interim
1729 2564 1879 2607 boetias
1901 2563 2138 2607 venandum
2155 2596 2168 2617 ,
2193 2564 2330 2606 leones
2350 2577 2401 2605 ex
2429 2562 2591 2605 doeerta
2613 2565 2727 2620 regio

1545 2639 1641 2680 illuc
1661 2645 1903 2680 excurrunt.
1963 2640 2062 2692 Quo
2091 2636 2138 2679 fit
2175 2643 2222 2677 ut
2248 2634 2460 2692 AEthiopes
2484 2633 2538 2677 de
2562 2634 2733 2692 paludib

1543 2713 1692 2766 egressi
1726 2726 1750 2753 a
1782 2710 1927 2753 belluis
1962 2711 2049 2752 istis
2082 2708 2348 2751 dilanientur.
2409 2708 2635 2751 Armorum
2670 2710 2756 2752 en‘

1543 2785 1736 2843 praesidio
1764 2784 1972 2836 destituti,
2000 2785 2084 2825 vim
2114 2782 2281 2825 leonum
2310 2782 2511 2823 sustinere
2543 2796 2757 2840 nequeun.

1545 2867 1668 2915 atque
1689 2865 1775 2900 tota
1798 2871 1896 2913 gens
1914 2855 1968 2899 ad
1983 2857 2306 2899 internecionem
2326 2852 2494 2897 tandem
2512 2854 2713 2911 redigeret

1545 2934 1622 2975 nisi
1643 2940 1788 2989 suopte
1806 2940 1953 2975 natura
1982 2940 2100 2974 motu
2124 2929 2354 2973 remedium
2379 2929 2619 2987 peperisset.
2676 2931 2717 2974 N
2725 2963 2728 2966 <

1546 3009 1623 3051 sub
1641 3008 1836 3051 caniculae
1857 3017 2047 3051 exortum
2071 3006 2328 3059 mirabiliter,
2354 3019 2486 3063 quum
2509 3004 2621 3048 nulla
2643 3006 2689 3049 in
2731 3028 2737 3043 ι

1547 3078 1646 3119 locis
1665 3092 1807 3120 musca
1825 3077 2068 3134 reperiatur,
2097 3084 2210 3118 tanta
2227 3074 2405 3117 culicum
2422 3075 2439 3126 ,'
2454 3074 2526 3130 qui
2547 3081 2668 3117 notos
2740 3067 2741 3070 “

1547 3146 1681 3202 quiet
1711 3145 1897 3201 vulgares
1918 3145 2075 3187 viribus
2099 3153 2320 3201 superant,
2350 3143 2514 3198 agmina
2535 3156 2633 3192 con
2674 3163 2736 3192 η’.

1548 3222 1633 3265 tur,
1655 3221 1701 3255 ut
1725 3213 1915 3255 homines
1938 3213 2107 3269 quidem
2137 3214 2179 3254 in
2213 3209 2383 3268 paludes
2408 3207 2691 3265 confugientes
2722 3232 2741 3255 κ

1548 3290 1740 3324 cumcnta
1761 3280 1993 3333 declinent,
2024 3281 2161 3323 leones
2181 3288 2317 3322 autem
2346 3278 2554 3329 universi,
2572 3286 2614 3320 et
2642 3291 2704 3321 m·

1548 3350 1689 3392 afflicti
1711 3358 1751 3391 et
1771 3349 1948 3391 culicum
1971 3348 2149 3391 stridore
2171 3347 2379 3405 perterriti
2396 3378 2409 3400 ‚
2437 3346 2532 3401 suga
2551 3359 2603 3388 ex
2628 3345 2706 3389 hae
2736 3347 2743 3383 ζ

1549 3419 1670 3474 gione
1688 3432 1731 3460 se
1754 3419 1966 3475 recipiant.

1608 3490 1655 3530 5¹
1682 3488 1695 3545 (
1713 3492 1811 3545 Cap.
1833 3492 1885 3538 οἵ.
1904 3488 1936 3545 ).
1955 3489 2029 3531 His
2044 3487 2291 3545 Hylophagi,
2307 3501 2411 3544 quos
2431 3494 2594 3538 vocant,
2609 3492 2652 3528 et
2708 3504 2713 3517 ·

1552 3558 1786 3614 matophagi
1814 3557 1896 3614 (ab
1918 3558 2115 3600 arborum
2134 3558 2421 3613 seminumque
2443 3557 2553 3598 victu
2576 3555 2635 3597 sic
2651 3569 2720 3596 av·
2780 3536 2782 3592 l

1551 3626 1618 3668 lati
1638 3626 1651 3684 )
1676 3626 1917 3669 succedunt,
1977 3630 2168 3681 Quorum
2186 3626 2228 3668 hi
2251 3640 2326 3682 per
2344 3633 2523 3667 testatem
2552 3622 2710 3666 smctus

1552 3695 1769 3737 arboribus
1790 3697 1956 3751 copiose
1988 3694 2174 3750 delapsos
2196 3693 2391 3748 colligunt
2418 3700 2459 3734 et
2482 3692 2584 3734 citra
2604 3689 2662 3733 la·
2681 3710 2687 3723 ι

1554 3764 1650 3806 inde
1674 3765 1931 3806 nutriuntur.
1992 3762 2165 3818 Reliquo
2182 3770 2368 3818 tempore
2390 3775 2439 3803 ex
2466 3758 2619 3810 herba,
2637 3771 2681 3814 ιι·
2702 3786 2705 3791 r
2778 3815 2780 3817 ι

1557 3940 1628 3965 ren
1663 3923 1785 3966 Idem
1817 3925 1874 3974 11,
1913 3936 1949 3973 1,
1974 3922 2136 3964 Ilislm.
2174 3919 2329 3962 lVerke.
2354 3927 2458 3961 tom.
2483 3918 2599 3961 xm.
2622 3928 2668 3972 p.
2688 3912 2715 3970 3
2734 3967 2739 3977 ἓ
2769 3853 2782 3989 ἔ

1561 3990 1577 4041 ΙΙ
1598 4012 1652 4019 —·
1675 4001 1737 4028 12.
1763 3986 2004 4041 δειλούμενοι
2029 3986 2079 4027 Β.
2779 3979 2782 4020 q

1613 4054 1635 4104 S
1651 4056 1720 4103 51,
1734 4063 1781 4091 21
1793 4082 1803 4091 .
1818 4051 2012 4090 σιτοῦνται
2028 4047 2093 4090 καὶ
2107 4045 2180 4089 ὕπο
2198 4048 2280 4089 ΑΒ.
2299 4045 2324 4100 ΙΙ
2338 4069 2393 4077 -
2404 4058 2472 4086 22.
2493 4042 2648 4085 ἅπτεται
2664 4034 2710 4091 τὴ
2738 4038 2758 4071 fv*
2774 4035 2782 4110 γ’

2730 4111 2782 4348 §A

2745 4324 2772 4348 ,,
