2782 4348
161 203 282 245 ⁴2.
503 227 549 271 ·

160 293 273 338 ἔστιν
291 289 561 354 ἀκρωτήριον.
626 290 740 353 Πρὸς
756 289 872 335 νότον
886 286 928 333 δὲ
946 287 1095 347 ἄνεμον
1111 287 1238 340 πλοῦς
1251 289 1309 340 εἰς
1323 290 1395 335 Aa·

162 358 280 417 δύην,
315 359 386 406 ἐπὶ
402 358 671 422 Χερρονήσου
690 357 734 404 δὲ
756 356 830 409 τὰς
846 355 1036 406 Ἀλιάδας
1053 353 1127 406 τὰς
1147 356 1394 418 Κυρηναίων

159 430 286 482 πλοῦς
305 428 467 491 ἡμέρας
488 427 560 474 καὶ
582 426 739 478 νυκτός.
803 424 929 472 Ἔστι
960 424 1004 470 δὲ
1025 427 1053 480 ἡ
1079 423 1226 487 Κρήτη
1250 425 1393 488 μακρὰ

159 498 308 544 στάδια
329 499 414 561 βτί,
435 495 556 552 στενὴ
577 496 620 542 δὲ
633 530 646 552 ,
669 495 742 542 καὶ
763 493 931 540 τέταται
957 491 1041 540 ἀπὸ
1073 493 1193 551 ἡλίου
1223 495 1390 556 δυσμῶν

158 566 259 629 πρὸς
271 566 390 622 ἡλίου
408 564 622 616 ἀνατολάς.
689 564 864 611 Οἰκοῦσι
880 562 923 609 δὲ
940 563 983 609 ἒν
1002 563 1149 628 Κρήτῃ
1164 562 1390 624 Ἕλληνες,

158 637 195 680 οἱ
219 635 292 693 μὲν
317 632 480 679 ἄποικοι
509 631 864 692 Λακεδαιμονίων,
887 633 926 679 οἱ
960 631 1004 679 δὲ
1038 630 1246 697 Ἀργείων,
1279 636 1318 681 οἱ
1348 633 1392 682 δὲ

162 703 397 758 Ἀθηναίων,
420 703 458 747 οἱ
481 703 524 747 δὲ
551 702 635 747 α’πὸ
661 705 735 758 τῆς
756 700 960 755 Ἑλλάδος
985 705 1061 758 τῆς
1092 702 1223 759 ἄλλης
1244 702 1390 750 ὁπόθεν

159 773 315 834 ἔτυχεν.
383 770 478 818 Εἰσὶ
494 770 538 816 δέ
553 789 659 823 τινες
675 773 812 817 αὐτῶν
826 770 899 818 καὶ
914 772 1172 836 αὐτόχθονες.
1242 773 1392 826 Πόλεις

158 843 311 889 πολλαὶ
333 844 374 888 ἐν
400 842 563 905 Κρήτῃ.
588 841 612 906 [
629 845 835 891 ΚΡΗΤΗΣ
870 841 1075 907 enam]
1096 843 1115 863 ''
1134 845 1191 895 ὥς
1206 844 1395 906 ἀκρωτη-

159 913 237 976 ρίῳ
255 912 342 958 ἐστὶ
362 913 508 975 πρώτη
530 911 648 964 πόλις
668 912 769 975 πρὸς
786 912 904 970 ἥλιον
928 912 1123 972 δυόμενον
1146 916 1173 968 ἠ
1194 930 1390 975 προειρη-

158 983 259 1043 μένη
289 981 556 1045 Φαλασᾶρνα
585 981 658 1028 καὶ
701 981 829 1041 λιμὴν
867 981 1069 1034 κλειστός·
1099 980 1390 1044 Πολυρρηνία,

156 1170 199 1212 p.
216 1155 294 1196 363
315 1168 325 1195 :
345 1153 414 1203 Εἰς
427 1153 469 1196 δὲ
485 1154 668 1210 Κώρυκον
685 1153 805 1210 ἄκραν
818 1155 885 1205 τῆς
904 1152 1054 1208 Κρήτης
1068 1152 1262 1208 ἐγγύτατα
1277 1151 1398 1200 πλοῦς

156 1217 238 1260 ἐστὶ
251 1217 416 1259 σταδίων
433 1216 640 1258 διακοσίων
657 1218 674 1270 (
688 1215 949 1270 ἓξακοσίωνῗ)
966 1213 1221 1268 πεντήκοντα.
1239 1214 1398 1257 Plinius

155 1282 232 1331 IV,
258 1294 313 1323 20
330 1281 496 1323 Cretam
526 1294 550 1320 a
569 1279 703 1321 Malea
719 1279 860 1320 abesse
887 1277 989 1320 dicit
1010 1278 1062 1333 75
1093 1277 1195 1319 mill.
1218 1275 1301 1334 (.-==
1316 1280 1399 1319 600

155 1342 317 1398 stad.)‚
343 1341 457 1399 quod
479 1355 579 1383 vero
611 1342 867 1398 proximum.
893 1340 910 1394 ss
928 1364 986 1371 —
1018 1339 1199 1395 ἄνεμον
1220 1341 1234 1392 ]
1255 1337 1397 1394 ἀνέμου

157 1405 253 1448 cod.
279 1405 519 1448 Gronovius
537 1404 615 1459 legi
633 1403 753 1460 jubet
907 1402 1149 1459 ἀκρωτήριον
1170 1402 1264 1459 πρὸς
1283 1402 1397 1444 νότον

157 1468 317 1524 ἄνεμον.
337 1467 467 1516 Πλοῦς
484 1467 526 1508 δὲ
542 1467 605 1509 ἐπὶ
622 1467 736 1523 Χερσ.
755 1467 844 1508 κτλ.
869 1469 929 1509 Ac
940 1480 1038 1507 sane
1052 1466 1182 1521 magis
1196 1464 1399 1507 referebat

157 1531 415 1587 Criumetopi
427 1544 553 1587 quam
569 1529 710 1586 Libyae
725 1531 852 1571 situm
865 1528 1063 1571 indicare.
1082 1531 1171 1584 ΙΙ-
1185 1527 1263 1581 ἐπὶ
1282 1527 1341 1570 Xe
1354 1543 1400 1583 ρ-

160 1593 380 1649 ρονήσου
411 1592 494 1641 τὰς
518 1591 731 1641 Ἀλιάδας
747 1591 831 1640 τὰς
854 1591 1172 1647 Κυρηναίων]
1199 1595 1277 1632 τῶν
1302 1590 1393 1646 Κυρ.

157 1655 384 1713 apograph.
412 1654 540 1696 Palat.
565 1654 829 1696 Chersonesus
854 1655 1105 1710 Cyrenaieoe,
1127 1654 1398 1709 Criumetopo

158 1718 370 1774 opposita,
400 1724 658 1759 memoratur
681 1730 748 1773 ap.
788 1716 952 1758 Strabo.
981 1717 1129 1767 XVII,
1163 1729 1208 1772 p.
1242 1715 1323 1758 838
1355 1722 1399 1756 et

157 1779 376 1822 Stadiasm.
406 1793 512 1821 mar.
551 1792 690 1834 magn.
728 1781 753 1833 S
782 1778 856 1829 45.
898 1777 1024 1835 Apud
1049 1778 1224 1821 Ptolem.
1263 1778 1341 1828 IV,
1373 1777 1395 1818 5

156 1857 203 1899 p.
232 1843 312 1898 275
336 1850 508 1884 voeatur
536 1841 776 1898 Χερρόνησος
799 1841 977 1897 μεγάλη,
1014 1855 1100 1897 quo
1133 1840 1317 1897 epitheto
1335 1838 1398 1880 di-

157 1907 383 1962 stinguitur
410 1920 435 1947 a
461 1905 720 1947 Chersoneso
740 1917 868 1961 parva
900 1903 954 1946 ad
987 1903 1296 1948 Alexandriam.
1334 1905 1398 1944 De

157 1967 304 2011 codem
319 1967 412 2010 loco
422 1967 654 2023 Stephanus
666 1969 764 2023 Byz.
780 1982 820 2009 v.
834 1967 1092 2024 Χερρόνησος·
1113 1966 1228 2008 Ἐστι
1243 1968 1396 2022 πέμπτη

157 2031 268 2080 πόλις
289 2031 429 2084 Διὸὗης
452 2030 645 2087 Χέρρουρα
666 2030 903 2088 καλουμένη,
924 2031 976 2080 ὡς
1003 2029 1244 2086 Ἀλέξανδρος
1270 2029 1308 2071 ἐν
1330 2031 1397 2070 Λι-

157 2094 283 2137 δυκῶν
307 2094 441 2152 τρίτῳ·
462 2111 479 2132 α
502 2093 669 2150 Ἐχεται
683 2093 947 2151 Χερρόνησος,
968 2094 1096 2150 ὄνομα
1112 2094 1356 2150 Χέρρουρα
1375 2114 1392 2130 ι

157 2161 174 2212 (
197 2173 310 2201 nunc
346 2157 597 2213 unsel-73⁷1
620 2156 683 2214 vel
707 2157 895 2200 Raxatin
917 2159 951 2213 ).
982 2156 1110 2211 Quod
1140 2166 1286 2199 nostro
1307 2157 1399 2200 loco

143 2221 305 2276 'legitur
328 2219 517 2271 Ἀλιάδας,
538 2218 636 2261 edd.
655 2227 870 2261 mutarunt
883 2220 928 2260 in
949 2217 1135 2268 Ἁλιάδας.
1168 2239 1184 2255 ι
1202 2219 1397 2261 Ceterum

156 2283 298 2324 sexies·
321 2282 410 2325 haec
437 2283 733 2339 Cyrenaeorum
758 2275 1042 2324 Chersonesus
1076 2289 1332 2323 memoratur
1374 2296 1399 2324 a

155 2345 335 2401 Scylace,
357 2345 515 2401 ubique
529 2344 761 2397 obscurius,
783 2353 874 2387 tum
895 2344 977 2385 hoc
997 2344 1106 2395 loco,
1132 2353 1221 2385 tum
1238 2347 1262 2398 §
1282 2347 1358 2387 108
1385 2358 1396 2387 :

115 2414 121 2420 '
155 2408 386 2463 χερρόνησοι
413 2406 678 2464 Ἀχιτίδες,
699 2408 844 2465 λιμήν;
866 2415 957 2450 tum
978 2407 1038 2451 ib.
1061 2422 1071 2450 z
1096 2408 1311 2465 Πέτραντος
1335 2409 1401 2452 καὶ

154 2471 446 2527 χερρονήσου...
474 2472 639 2527 παράγει
668 2470 710 2512 δὲ
733 2470 809 2513 ἀπὸ
832 2471 1085 2528 χερρονήσων
1178 2472 1300 2520 πλοῦς
1323 2471 1399 2515 ἀπὸ

155 2535 444 2590 χερρονήσου...
472 2533 548 2575 ἀπὸ
567 2533 816 2590 χερρονήσων
832 2538 910 2575 τῶν
932 2532 1124 2575 Ἆντίδων.
1139 2536 1255 2576 Patet
1274 2535 1401 2589 igitur

156 2605 245 2638 tum
269 2597 414 2653 plurali
451 2605 540 2638 tum
573 2596 769 2652 singulari
805 2611 983 2638 numero
1013 2597 1128 2639 hunc
1154 2596 1292 2638 locum
1313 2611 1400 2638 esse

156 2659 431 2715 designatum.
450 2660 651 2715 Mihipro
669 2659 896 2701 ΑΧΙΤΙΔΕΣ
927 2668 969 2701 et
989 2659 1203 2700 ΛΝΤΙΔΕΣ
1217 2690 1227 2709 ,
1252 2660 1295 2699 in
1314 2673 1399 2714 quo

157 2731 334 2778 utroque
352 2723 488 2763 nullus
507 2724 612 2763 inest
623 2736 782 2774 sensus,
807 2722 915 2763 sacili
935 2722 1164 2763 mutatione
1182 2723 1399 2763 restituen-

158 2783 260 2826 dum
279 2784 444 2826 videtur
465 2784 688 2836 ΛΛΙΛΔΕΣ,
709 2792 751 2826 et
772 2785 858 2840 ipse
879 2784 995 2826 locus
1017 2783 1153 2825 dictus
1172 2782 1295 2825 fuisse
1310 2799 1338 2839 χ
1341 2799 1399 2840 ερ-

158 2849 317 2903 ρόνησοι
365 2846 530 2895 Ἁλιάδες
567 2846 630 2888 vel
658 2847 898 2902 χερρονήσου
947 2845 1128 2895 Ἆλιάδες,
1170 2845 1400 2887 αενεοηεεί

150 2909 395 2968 piscatoriae
408 2918 449 2951 et
467 2909 696 2951 Chersonesi
708 2909 960 2966 piscatoria.
983 2910 1141 2951 Literas
1162 2924 1190 2963 χ
1209 2917 1247 2949 et
1263 2908 1289 2948 λ
1304 2923 1398 2963 per·

159 2981 335 3015 mutatas
353 2972 478 3014 habes
493 2973 616 3014 etiam
634 2973 676 3013 in
691 2971 896 3027 Νααίαρος
910 2986 987 3027 pro
1011 2970 1193 3026 Ὠλίαρος
1212 2971 1251 3026 (S
1269 2974 1357 3024 48).
1375 2992 1391 3007 -

156 3034 370 3077 musas.
393 3032 556 3088 Quodsi
593 3042 689 3075 ante
721 3035 861 3075 omnia
886 3047 966 3074 vox
996 3047 1128 3088 graeca
1155 3034 1397 3091 circumspi-

159 3095 308 3139 cienda
332 3104 453 3148 esset,
482 3095 583 3139 illud
613 3094 780 3145 Ἆλιάδες
797 3096 1035 3153 probarem.
1056 3098 1110 3138 At
1129 3110 1212 3137 non
1233 3095 1319 3137 hwc
1334 3111 1399 3138 res

158 3167 233 3201 est.
258 3159 388 3215 Regio
402 3172 496 3215 quae
514 3159 773 3202 Chersoneso
791 3160 996 3201 orientem
1019 3172 1160 3200 versus
1175 3157 1331 3213 adjacet
1347 3174 1396 3201 ex

159 3220 333 3264 adverso
368 3221 512 3263 insulae
535 3221 708 3273 Plataeae,
744 3221 797 3263 ab
825 3220 1041 3264 Herodoto
1069 3223 1146 3273 IV,
1183 3223 1275 3276 ¹57·
1320 3226 1396 3276 169

160 3285 311 3342 Ἀζιρις,
335 3284 625 3327 aCallimacho
643 3286 686 3327 in
710 3284 1066 3342 Αρο11.89Ἀζιλις
1101 3286 1308 3338 vocatur(
1329 3284 1394 3326 Cf.

159 3349 218 3389 St.
251 3350 349 3404 Byz.
382 3363 416 3389 s.
444 3363 485 3390 v.
509 3349 551 3406 );
575 3362 704 3405 porro
738 3362 880 3390 versus
898 3346 1156 3389 occidentem
1185 3355 1351 3389 centum
1373 3361 1398 3389 a

159 3409 416 3451 Chersoneso
445 3409 587 3452 stadiis
615 3410 764 3466 Ἄζαρις
790 3410 906 3452 locus
923 3417 1094 3452 notatur
1115 3409 1158 3450 in
1177 3406 1395 3451 Stadiasm.

159 3473 285 3512 maris
307 3473 445 3526 magni
464 3476 487 3526 S
507 3474 576 3523 45.
601 3473 668 3516 Ab
686 3474 764 3515 hac
782 3482 919 3515 autem
936 3474 1103 3528 regione
1126 3470 1190 3514 vel
1210 3470 1264 3513 ab
1281 3472 1400 3528 oppi-

159 3530 216 3572 do
240 3532 283 3572 in
306 3532 424 3588 cujus
453 3534 611 3577 ditione
643 3537 721 3577 sita
740 3545 828 3577 erat
861 3536 1158 3585 Chersonesus,
1185 3534 1398 3589 cognomi·

159 3601 257 3635 nata
277 3608 363 3635 esse
385 3594 481 3650 jure
514 3599 663 3639 merito
684 3598 933 3640 censebitur.
961 3595 1084 3653 Apud
1113 3597 1173 3638 St.
1198 3598 1295 3652 Byz.
1319 3610 1399 3653 pro

159 3655 286 3712 ὄνομα
320 3656 512 3713 Χίρρουρα
544 3660 808 3702 scribendum
842 3669 945 3716 puto
984 3661 1109 3714 ὄνομα
1153 3658 1395 3716 Ἆχέρρουρα,

158 3717 275 3774 quod
307 3717 361 3765 ad
392 3720 670 3763 Herodoteam
696 3724 809 3763 vocis
844 3723 1016 3763 sormam
1051 3722 1187 3776 Ἄζιρις
1226 3723 1398 3779 propius

160 3779 320 3823 accedit
350 3782 551 3837 (Quanta
573 3784 615 3824 in
641 3784 805 3839 Libycis
829 3784 1067 3825 omninibus
1104 3784 1214 3839 apud
1244 3800 1397 3840 graecos

160 3851 348 3886 auctores
365 3845 418 3886 sit
444 3844 671 3887 formarum
692 3846 907 3887 fluctuatio
927 3861 1050 3887 nomo
1069 3848 1197 3887 nescit
1218 3851 1249 3901 ).
1272 3846 1396 3904 Apud

160 3905 366 3961 Scylacem
381 3905 561 3964 denique
574 3922 625 3950 ex
643 3907 839 3963 Ἆχιτίδες,
857 3908 1038 3957 Ἄντίὸες,
1059 3907 1399 3958 {Uzaae-licien-

160 3967 262 4010 dum
290 3967 507 4025 Ἄχιλίδες(
526 3969 588 4012 vel
611 3969 781 4012 sortasse
807 3970 1032 4027 Ἀχιλιτίδες
1052 3973 1083 4025 ),
1108 3971 1221 4027 quod
1245 3987 1396 4014 nomen

163 4033 277 4085 qnasi
309 4032 446 4074 locum
476 4033 661 4076 medium
694 4042 806 4076 tenet
839 4036 1009 4077 interea
1040 4049 1131 4091 quae
1166 4035 1398 4078 Alexander

1038 190 1327 239 SCYLACIS
1361 191 1823 243 CARYANDENsls

2535 201 2606 262 (ιτ,
2621 191 2702 265 ¹⁸·l'
2736 195 2741 199 ’
2769 230 2773 249 -,

1464 285 1630 340 Arietis
1644 296 1768 340 smus·
1790 300 2152 355 promontorium3
2176 300 2276 342 hinc
2309 300 2525 344 meridiem
2559 296 2743 351 ver-suis*

1463 365 1680 420 navigatur
1722 366 1765 408 in
1799 366 2014 426 Libyam,
2034 376 2077 410 et
2112 367 2166 410 ad
2195 369 2445 411 Chersonesi
2484 370 2663 414 Achil&
2703 423 2711 430 .

1462 432 1710 489 Cyrenaicos
1744 435 1951 491 navigatio
1984 443 2047 478 est
2075 435 2158 479 diei
2187 438 2416 493 noctisque.
2456 438 2681 494 longitudi

1461 514 1559 543 nem
1581 501 1704 544 Crei-
1720 501 1845 545 babet
1861 502 2090 547 stadiorum
2116 504 2249 555 25003
2272 514 2443 560 angusta
2462 521 2560 547 vero
2583 506 2648 550 est
2657 516 2702 551 et

1461 568 1516 611 ab
1542 584 1691 614 oeeesu
1718 570 1815 614 solis
1844 573 1887 615 in
1915 581 2056 616 ortum
2078 574 2330 617 extenditur.
2390 576 2583 618 Incolunt
2603 579 2705 620 Cne-

1461 645 1549 680 tam
1567 639 1702 682 Greci
1712 671 1726 692 ,
1742 654 1923 697 quorum
1939 641 2008 683 alii
2032 641 2443 686 lacedemoniorum
2462 644 2614 695 coloni.
2631 645 2701 688 alii
2728 634 2755 671 t}

1461 707 1714 763 Argivorum
1728 740 1741 762 ,
1760 709 1829 752 alii
1844 710 2181 763 Atheniensium,
2201 712 2269 754 alii
2284 711 2464 769 denique
2482 728 2534 756 ex
2554 716 2702 756 ceteris

1460 775 1637 831 profecti
1667 778 1838 821 Graeeiae
1872 779 2113 835 regionibus
2143 781 2436 839 undecumque
2466 783 2561 826 tulit
2592 798 2697 827 sors.
2763 829 2765 834 ,

1462 844 1565 886 Pars
1594 858 1695 888 vero
1729 845 1959 889 incolarum
1996 848 2121 891 etiam
2154 849 2357 904 indigenae
2385 859 2495 893 sunt.
2564 852 2705 894 Urbes
2774 890 2782 905 ἶ

1460 912 1602 954 multae
1633 914 1676 955 in
1711 915 1848 956 Creta.
1885 910 2072 979 [Can-z
2106 913 2269 977 ortus]
2306 919 2380 960 Ad
2418 924 2606 976 Coo-cnm
2646 921 2697 978 (ἓ)
2778 946 2782 951 ·

1460 982 1797 1037 promontorium
1828 983 1966 1038 prima
1992 983 2091 1025 urbs
2120 998 2263 1026 versus
2288 986 2415 1029 solem
2443 988 2701 1031 occidentem
2775 1016 2780 1023 -

1464 1140 1701 1207 Polyhistor
1720 1158 1762 1192 et
1776 1150 2050 1193 Callimachus
2064 1150 2376 1207 stephanusque
2393 1151 2592 1208 praebent.
2610 1156 2628 1209 Ι]
2644 1178 2704 1188 -

1464 1212 1650 1269 ἡμέρας
1677 1213 1758 1254 καὶ
1795 1213 2010 1268 νυκτὸς],
2037 1215 2065 1255 i.
2100 1228 2158 1265 e.,
2197 1214 2230 1255 si
2252 1214 2428 1270 Scylacis
2458 1225 2701 1272 computum

1465 1278 1695 1333 sequimur,
1719 1276 1950 1318 stadiorum
1988 1290 2109 1320 1000.
2133 1278 2350 1319 Consentit
2381 1278 2564 1334 Agrippa
2591 1280 2703 1336 apud
2776 1271 2782 1311 3-

1466 1338 1646 1381 Plinium
1675 1341 1753 1390 IV,
1782 1352 1838 1382 20
1872 1348 1914 1381 et
1943 1340 2001 1390 V,
2036 1339 2076 1390 5,
2114 1341 2186 1395 qui
2216 1354 2241 1381 a
2262 1339 2477 1396 Phycunte
2507 1354 2707 1396 promon-

1467 1403 1576 1443 torio
1606 1403 1834 1458 Cyrenaico
1869 1402 1922 1444 ad
1957 1403 2256 1458 Criumetopon
2282 1416 2368 1444 esse
2395 1404 2453 1444 ait
2489 1404 2563 1445 125
2599 1405 2700 1448 mill.

1465 1478 1572 1520 pass.
1612 1467 1669 1508 At
1699 1479 1796 1507 vera
1816 1464 2012 1507 distantia
2042 1479 2067 1506 a
2087 1465 2209 1508 Creta
2235 1464 2289 1507 ad
2320 1465 2623 1510 Chersonesum
2642 1477 2704 1518 est
2763 1506 2766 1507 γ

1465 1525 1696 1568 stadiorum
1727 1527 1849 1583 1750,
1874 1542 1967 1583 quae
1995 1535 2222 1584 potuerunt
2249 1525 2420 1583 quidem
2457 1530 2581 1570 unius
2619 1530 2703 1573 diei
2777 1566 2782 1578 ,

1466 1591 1696 1647 noctisque,
1717 1599 1759 1632 at
1776 1591 1943 1632 nonnisi
1959 1589 2205 1632 faustissima
2223 1590 2483 1645 navigatione
2497 1595 2700 1646 percurri.

1465 1653 1613 1696 Strabo
1629 1655 1747 1705 VIII,
1771 1668 1815 1711 p.
1841 1653 1921 1709 475
1947 1666 1957 1695 ;
1983 1652 2097 1695 Ἔστι
2111 1653 2147 1694 δ’
2167 1652 2243 1695 ἀπὸ
2261 1655 2329 1705 τῆς
2351 1653 2563 1709 Κυρηναίας
2582 1654 2645 1698 ἐπὶ
2658 1657 2705 1699 τὸ

1467 1716 1583 1772 Κριοῦ
1608 1717 1783 1773 μέτωπον
1799 1717 1907 1758 δυοῖν
1928 1715 2082 1772 ἡμερῶν
2101 1715 2166 1757 καὶ
2196 1720 2341 1758 νυκτῶν
2363 1716 2483 1765 πλοῦς
2504 1718 2523 1771 (
2543 1718 2642 1761 Haec
2659 1720 2704 1762 in

1465 1779 1641 1835 Scylacis
1661 1779 1871 1836 Periplum
1906 1779 2046 1821 intulit
2075 1779 2379 1834 Fabricius)...
2427 1777 2707 1836 Ἐρατοσθένης

1465 1842 1501 1883 δ’
1518 1841 1594 1884 ἀπὸ
1608 1845 1676 1895 τῆς
1687 1842 1898 1899 Κυρηναίοις
1914 1842 2027 1898 μέχρι
2042 1842 2158 1897 Κριοῦ
2176 1844 2352 1898 μετώπου
2368 1842 2581 1898 δισχιλίους
2592 1845 2700 1900 φησί.

1465 1903 1582 1947 Idem
1601 1906 1741 1956 XVII,
1760 1919 1804 1962 p.
1823 1906 1904 1948 838
1923 1918 1970 1946 ε..
1988 1905 2054 1946 καὶ
2068 1905 2166 1961 ἄκρα
2181 1905 2419 1960 Χερσόνησος
2435 1905 2574 1962 λιμένα
2589 1906 2706 1963 ἔχου-

1466 1982 1528 2008 σα·
1557 1970 1683 2010 κεῖται
1708 1967 1751 2010 δὲ
1771 1967 1870 2010 κατὰ
1890 1967 2039 2009 Κύκλον
2058 1969 2075 2022 (
2100 1970 2159 2010 sic
2180 1967 2323 2019 codd.;
2357 1968 2537 2024 Κώρυκον
2555 1972 2700 2027 scrips.

1466 2044 1534 2072 vv.
1565 2029 1659 2082 dd.;
1684 2031 1753 2072 vix
1776 2038 1903 2082 recte,
1937 2044 2069 2086 quum
2103 2032 2286 2087 Corycus
2307 2032 2360 2073 sit
2388 2030 2551 2074 boreale
2571 2033 2704 2075 Cretae

1464 2094 1801 2150 promontorium
1824 2092 1839 2152 )
1859 2096 1928 2148 τῆς
1950 2093 2100 2151 Κρήτης
2115 2093 2154 2136 ἐν
2174 2094 2355 2151 διάρματι
2372 2093 2515 2150 χιλίων
2530 2094 2596 2138 καὶ
2613 2111 2703 2138 πεν·

1466 2156 1656 2198 τακοσίων
1674 2156 1841 2212 (δισχιλ.
1860 2172 1897 2198 κ.
1913 2173 1955 2199 π.
1969 2155 2225 2208 Groskurd„
2244 2170 2392 2213 parum
2407 2155 2596 2213 feliciter)
2611 2173 2702 2200 στα·

1466 2219 1577 2261 δίων.
1601 2221 1617 2275 ΙΙ
1638 2244 1697 2252 -
1717 2219 1791 2276 βφ’
1807 2222 1821 2274 J
1837 2221 1906 2263 Sic
1925 2221 2050 2262 ctiam
2071 2220 2312 2276 Dionysius.
2337 2220 2434 2262 Non
2458 2219 2563 2263 adeo
2581 2220 2708 2264 salsus

1466 2291 1528 2325 est
1540 2283 1611 2325 hic
1632 2297 1847 2335 numerus,
1867 2284 1901 2325 si
1918 2283 1962 2325 in
1981 2282 2193 2325 metiendo
2213 2296 2329 2324 oram
2345 2282 2486 2325 insulae
2509 2284 2708 2327 meridio-
2776 2288 2779 2291 ’

1467 2346 1602 2388 nalem
1627 2345 1798 2403 ejusque
1822 2346 1954 2389 flexus
1982 2346 2180 2402 sequaris.
2214 2343 2414 2401 Idemque
2433 2344 2583 2402 redits
2609 2360 2703 2400 ua,

1467 2409 1540 2451 ubi
1557 2417 1694 2451 tamen
1716 2423 1862 2452 omnes
1879 2408 1965 2451 fere
1986 2409 2150 2451 numeri
2173 2409 2278 2451 mire
2297 2408 2483 2465 corrupti
2503 2417 2617 2451 sunt.
2637 2411 2708 2453 Lia
2772 2407 2782 2446 Ῑ

1466 2487 1545 2515 nea
1555 2481 1666 2515 recta
1679 2474 1811 2515 Cretae
1831 2472 2049 2528 longitudo
2068 2472 2232 2513 nonnisi
2255 2471 2362 2514 1500
2378 2479 2440 2514 est
2457 2470 2703 2524 stadiorum,
2766 2508 2782 2526 ,

1467 2550 1591 2592 quem
1606 2550 1830 2579 numerum
1844 2536 2001 2593 praebet
2012 2535 2309 2590 Agathemerus
2320 2536 2355 2586 1,
2375 2534 2414 2575 5.
2428 2535 2485 2585 Π,
2507 2536 2572 2584 ι4.
2587 2534 2703 2578 Idem
2780 2559 2782 2562 ·

1467 2606 1605 2641 tamen
1624 2601 1660 2651 1,
1682 2598 1705 2641 5
1724 2600 1848 2641 etiam
1872 2599 1984 2642 2300
2002 2596 2133 2639 stadia
2151 2597 2287 2648 affert,
2308 2610 2359 2637 cx
2377 2596 2578 2638 sententia
2594 2597 2706 2638 Sosi·
2773 2610 2782 2621 ⁴⁷

1466 2662 1604 2712 cratis,
1624 2670 1672 2703 ut
1686 2661 1893 2716 colligitur
1906 2676 1929 2702 e
1950 2660 2143 2702 Strabon.
2163 2660 2217 2708 X,
2239 2672 2282 2714 p.
2302 2661 2399 2712 474.
2426 2659 2705 2714 Hieronymus

1466 2737 1534 2779 ap.
1556 2724 1749 2765 Strabon.
1773 2730 1987 2778 computat
2009 2720 2116 2763 stad.
2143 2734 2266 2770 2000,
2288 2734 2336 2761 ac
2355 2720 2558 2763 minorem
2579 2722 2701 2764 ctiam

1466 2784 1767 2839 longitudinem
1782 2785 1925 2826 statuit
1939 2782 2243 2834 Artemidorus,
2265 2783 2335 2838 qui
2348 2782 2549 2826 ambitum
2562 2785 2703 2827 insula·

1468 2851 1579 2897 4000
1612 2846 1719 2890 stad.
1760 2862 1847 2889 esse
1886 2846 2093 2888 censebat.
2119 2850 2136 2901 11
2162 2870 2219 2877 -
2257 2845 2452 2900 Κρήτης
2491 2846 2616 2896 ὓίσις
2645 2848 2704 2898 ὡς

1468 2909 1550 2966 ἆκρ
1563 2925 1657 2963 ωτη
1669 2925 1689 2966 ρ
1704 2911 1755 2966 ίῳ
1785 2909 1866 2952 ἐστ
1881 2910 1916 2951 ί.
1934 2914 1948 2964 ]
1968 2910 2034 2951 8ἱο
2054 2908 2177 2950 verba
2195 2907 2591 2966 exliibctjungitque
2604 2910 2699 2952 cod.

1466 2974 1691 3016 Parisinus.
1708 2975 1758 3015 In
1778 2987 1920 3029 apogr.
1941 2973 2038 3014 Vat.
2056 2980 2116 3013 est
2137 2970 2355 3027 ἀκρωτίρω.
2379 2973 2513 3013 Locus
2529 2987 2705 3031 corrup·
2779 2983 2782 2985 ’

1467 3044 1558 3085 tus,
1583 3035 1934 3092 probabiliterque
1955 3049 2005 3076 ex
2029 3035 2212 3089 margine
2234 3033 2424 3090 quiedam
2452 3034 2560 3077 illata
2583 3044 2697 3079 sunt.

1466 3098 1580 3152 Quid
1598 3099 1719 3141 lateat
1740 3100 1893 3140 certius
1914 3097 1996 3139 dici
2021 3099 2086 3139 vix
2110 3106 2259 3153 potest.
2278 3098 2395 3139 Verti
2419 3098 2535 3154 quasi
2554 3098 2707 3155 Κρήτης
2767 3103 2772 3114 ’

1468 3161 1566 3209 θέσις
1584 3161 1683 3202 01ἰηι
1705 3161 1878 3214 margini
1908 3158 2139 3215 adscriptus
2158 3159 2299 3200 titulus
2321 3167 2424 3200 esset
2443 3174 2588 3202 eorum
2610 3175 2702 3217 quie
2754 3098 2782 3305 ἑ

1467 3224 1509 3264 in
1531 3232 1687 3265 antece.
1707 3222 1759 3264 de
1777 3224 1857 3264 situ
1875 3222 2016 3263 insulae
2031 3222 2223 3274 leguntur
2238 3238 2249 3271 ;
2266 3221 2418 3263 deinde
2433 3237 2530 3264 vero
2549 3223 2706 3267 irrum-

1466 3294 1588 3342 pente
1610 3285 1845 3339 glossematc
1865 3286 1950 3341 ipsa
1980 3283 2128 3339 Peripli
2155 3284 2276 3325 verba
2306 3284 2468 3326 turbata
2486 3294 2636 3337 essent,
2654 3287 2698 3329 in
2756 3305 2782 3373 Ξ

1466 3347 1572 3389 hanc
1585 3347 1650 3389 illa
1666 3348 1910 3389 sententiam
1927 3345 2163 3400 relingenda
2183 3360 2192 3387 :
2213 3345 2272 3388 ἐπὶ
2291 3346 2459 3403 Κωρύκῳ
2474 3346 2704 3407 ἀκρωτηρίῳ
2719 3366 2726 3376 ·
2760 3371 2782 3427 x

1467 3410 1548 3453 ἐστὶ
1569 3411 1700 3467 πρώτη
1733 3410 1844 3459 πόλις
1877 3409 1984 3461 κτλ.;
2020 3409 2208 3451 similiter
2229 3408 2469 3461 Salmasius,
2501 3411 2695 3464 Vossius,

1465 3473 1685 3526 Osannus(
1700 3473 1755 3514 V.
1774 3473 1904 3515 Fuhr.
1922 3471 1974 3514 ad
1993 3471 2220 3514 Dira-areli.
2242 3486 2285 3528 p.
2313 3474 2440 3526 448).
2461 3471 2703 3516 Clausenius
2767 3474 2772 3486 Γ

1465 3533 1596 3576 voluit
1625 3548 1635 3576 t
1659 3533 1809 3590 Κρήτης
1840 3534 1938 3583 θέσις
1957 3534 2008 3583 ὡς
2038 3533 2302 3590 ἀκρωτηρίων,
2329 3554 2346 3570 ι
2370 3534 2502 3576 Cretae
2517 3534 2620 3577 situs
2637 3540 2699 3577 ot

1465 3597 1572 3639 sicut
1596 3597 1999 3653 promontoriorum,
2021 3598 2049 3638 i.
2071 3612 2109 3639 e.
2134 3598 2266 3639 Cretae
2284 3612 2330 3638 ea
2348 3605 2409 3638 est
2437 3595 2697 3654 figura‘quasi

1465 3674 1488 3701 e
1504 3660 1628 3702 meris
1651 3660 1791 3702 multis
1819 3661 2117 3716 promontoriis
2150 3660 2377 3716 composita
2398 3660 2467 3701 sit.
2492 3679 2510 3696 ο
2535 3661 2591 3702 At
2605 3658 2702 3715 quis

1464 3721 1543 3764 tale
1561 3722 1661 3778 quid
1682 3731 1766 3765 tam
1787 3723 1935 3779 ineptis
1953 3722 2089 3765 verbis
2106 3722 2296 3764 effen-et!
2318 3722 2510 3764 Ceterum
2532 3732 2694 3776 compo·

1464 3786 1546 3827 rari
1572 3785 1742 3827 sortasse
1770 3787 1895 3827 situm
1917 3786 2048 3829 Cretae
2079 3799 2175 3828 cum
2198 3784 2335 3841 aliqua
2356 3799 2401 3827 re
2417 3815 2428 3836 ,
2454 3796 2538 3826 non
2573 3793 2692 3836 nego.
2730 3811 2755 3826 ι

1466 3848 1533 3890 Tu
1548 3847 1700 3890 videas.
1721 3852 1813 3900 11-
1835 3849 1869 3889 Π
1882 3848 2027 3904 ολυρρ
2039 3864 2062 3901 η
2077 3863 2096 3889 ν
2108 3847 2152 3889 [a
2167 3850 2182 3901 ]
2198 3846 2427 3903 Πολύρρηνα
2441 3844 2570 3888 codex
2583 3858 2596 3896 ς
2609 3853 2691 3885 em.
2759 3847 2782 3853 ’“

1468 3910 1640 3953 Gailius.
1669 3911 1912 3966 Πολυρρηνία
1938 3910 2111 3954 Ptolem.
2136 3912 2214 3962 111,
2242 3910 2307 3961 15,
2324 3923 2367 3966 p.
2397 3907 2495 3960 245,
2518 3900 2695 3949 10Wil·

1468 3973 1582 4028 berg.
1608 3976 1624 4027 (
1647 3973 1717 4015 ubi
1739 3974 1834 4015 cod.
1859 3977 1909 4016 A.
1935 3973 2157 4028 Πολυρηνία
2173 4004 2184 4023 ,
2223 3971 2425 4028 probante
2447 3965 2694 4025 Spanhemio

1468 4038 1531 4078 De
1549 4045 1684 4092 pra-st.
1718 4051 1833 4078 num.
1871 4051 1913 4093 p.
1954 4051 2035 4090 902
2072 4039 2088 4090 )
2110 4044 2150 4077 et
2188 4034 2380 4091 Stephan.
2414 4020 2550 4088 Bymf
2577 4026 2646 4070 ubi
2667 4028 2693 4070 3
