2808 4342
6 547 26 575 5

1057 151 1348 199 HISTORIA
1381 153 1604 204 INDICA.

129 263 268 310 XLII.
291 259 494 312 Ἐνταῦθα
511 252 755 315 ἀγγέλλεται
770 250 1029 316 Ἀλέξανδρον
1048 253 1116 300 ἐπὶ
1130 254 1298 300 Σούσων

67 327 321 375 στέλλεσθαι·
345 324 454 370 ἔνθεν
473 321 543 369 καὶ
563 321 678 368 αὐτοὶ
699 321 743 367 τὸ
761 321 894 368 ὀπίσω
917 320 1073 368 ἔπλωον
1086 358 1099 379 ,
1119 325 1174 374 ὡς
1193 321 1300 368 κατὰ

68 397 134 443 τὸν
159 391 405 455 Πασιτίγριν
428 389 614 451 ποταμὸν
633 390 951 443 ἀναπλώσαντες
967 390 1168 452 συμμίξαι
1187 390 1297 447 Ἀλε-γ

70 465 239 527 ξάνδρῳ.
308 463 358 522 (2)
379 458 577 507 Ἐπλωον
604 458 652 515 δὴ
675 459 721 505 τὸ
745 459 923 520 ἔμπαλιν
947 462 986 506 ἐν
1011 463 1205 523 ἀριστερῇ
1225 459 1298 516 τὴν

69 537 142 595 γῆν
160 530 232 588 τὴν
257 528 439 578 Σουσίδα
459 527 632 590 ἔχοντες·
649 527 719 574 καὶ
739 527 1042 590 παραπλώουσι
1064 529 1213 588 λίμνην
1228 564 1240 585 ,
1261 530 1301 581 ἐς

63 601 115 658 ’ἣν
134 604 155 647 ὁ
176 599 321 662 Τίγρις
341 596 531 645 ἐσὸάλλει
548 596 745 657 ποταμός·
770 594 822 660 (3)
845 595 886 648 ὃς
907 597 1006 661 ῥέων
1026 596 1067 651 ἐξ
1087 597 1300 659 Ἀρμενίης

65 671 179 734 παρὰ
195 669 313 715 πόλιν
333 670 479 724 Νῖνον,
499 665 630 712 πάλαι
649 664 749 711 ποτὲ
766 665 952 726 μεγάλην
969 666 1040 712 καὶ
1061 665 1298 725 εὐδαίμονα,

2 779 5 782 .
64 738 137 795 τὴν
162 737 291 800 μέσην
316 740 469 784 ἑωυτοῦ
484 754 536 782 ·τε
559 735 630 781 καὶ
659 738 728 781 τοῦ
754 734 984 798 Εὐφράτεω
1013 740 1224 796 ποταμοῦ,
1248 735 1298 793 ἢν

66 806 393 866 Μεσοποταμίην
411 804 479 851 ἐπὶ
498 806 602 869 τῷδε
623 801 888 867 κληίζεσθαι,
914 804 1054 851 ποιέει·
1080 806 1128 867 (4)
1153 806 1233 851 ἀπὸ
1256 806 1297 851 δὲ

6 895 43 924 ιυ
66 880 136 932 τῆς
167 875 313 936 λίμνης
346 878 385 927 ἔς
416 874 536 920 αὐτὸν
571 875 639 920 τὸν
677 874 864 934 ποταμὸν
904 875 1109 927 ἀνάπλους
1143 875 1300 921 στάδιοι

66 945 293 1002 ἑξακόσιοι,
317 943 386 990 ἵνα
410 943 481 990 καὶ
511 943 634 1004 κώμη
654 947 726 999 τῆς
755 942 950 996 Σουσίδος
966 981 977 1003 ,
1011 944 1062 1001 ἣν
1086 944 1299 990 καλέουσιν

62 1014 231 1076 Ἄγινιν·
258 1014 363 1069 αὕτη
386 1013 428 1058 δὲ
461 1012 609 1074 ἀπέχει
631 1011 800 1059 Σούσων
822 1012 1008 1065 σταδίους
1032 1015 1071 1066 ἐς
1100 1032 1298 1060 πεντακο-

67 1084 189 1135 σίους·
210 1087 342 1144 μῆκος
363 1087 434 1128 τοῦ
456 1082 679 1145 παράπλου
711 1086 783 1138 τῆς
808 1082 993 1129 Σουσίων
1020 1086 1094 1144 γῆς
1119 1082 1209 1128 ἕστε
1234 1083 1300 1128 ε’πὶ

65 1153 198 1212 στόμα
236 1158 307 1198 τοῦ
343 1151 636 1213 Πασιτίγριδος
668 1155 856 1211 ποταμοῦ
895 1152 1052 1198 στάδιοι
1091 1153 1297 1214 δισχίλιοι.

2509 175 2594 215 367

1426 261 1562 302 XLII.
1593 262 1657 302 Eo
1680 261 1758 302 loci
1791 261 1844 303 de
1875 261 2100 305 Alexandri
2135 263 2186 303 ad
2221 266 2322 306 Susa
2351 270 2600 322 profectione

1370 331 1566 372 nuntium
1585 340 1846 387 acceperunt.
1907 334 2047 384 Quare
2069 332 2148 387 ipsi
2182 334 2304 374 etiam
2333 337 2429 378 inde
2451 349 2601 382 retror-

1370 413 1462 439 sum
1501 400 1769 454 navigarunt‚
1807 409 1854 441 ut
1888 415 1963 456 per
1997 401 2231 455 Pasitigrim
2265 403 2435 447 adverso
2476 410 2601 453 fluvio

1369 461 1606 522 navigantes
1642 483 1738 510 cum
1766 469 2002 511 Alexandro
2024 468 2312 525 jungerentur.
2384 477 2444 529 (2)
2480 480 2602 520 Retro

1369 534 1497 589 igitur
1510 536 1748 591 navigantes
1763 551 1788 578 a
1808 536 1908 579 laeva
1932 537 2123 579 Susidem
2140 539 2363 592 habebant,
2388 540 2603 601 lacumque

1369 603 1744 657 praetervehuntur,
1782 605 1826 645 in
1858 619 1983 660 quem
2017 608 2155 662 Tigris
2185 609 2335 650 fluvius
2368 608 2552 654 decurrit
2591 628 2601 656 ι

1372 671 1435 725 (3)
1458 672 1529 727 qui
1545 687 1592 713 ex
1610 674 1807 715 Armenia
1822 673 1954 716 fluens
1964 675 2084 732 juxta
2102 678 2275 729 Ninum,
2301 693 2491 734 magnam
2506 682 2603 724 olim

1371 749 1412 783 et
1427 741 1664 798 opulentam
1682 743 1846 796 urbem,
1867 745 2078 800 regionem
2101 747 2225 789 efficit
2240 763 2330 803 quae
2347 750 2603 806 interipsum

1370 818 1410 851 et
1425 811 1679 866 Euphratem
1694 812 1832 854 media
1846 822 1921 865 est,
1936 814 2112 870 ideoque
2128 818 2424 872 Mesopotamia
2435 818 2602 862 dicitur.

1371 880 1434 934 (l.)
1453 883 1490 922 A
1507 880 1619 921 lacus
1641 882 1762 923 initio
1784 897 1914 938 usque
1932 883 1985 925 ad
2005 885 2139 940 ipsum
2156 887 2300 940 Tigrin
2322 887 2474 929 flumen
2490 891 2604 930 navi-

1370 949 1479 1001 gatio
1504 957 1564 990 est
1584 949 1814 992 stadiorum
1847 960 2158 1004 sexcentorum,
2199 954 2271 995 ubi
2294 963 2333 996 et
2354 970 2483 1012 pagus
2513 958 2604 1011 qui·

1370 1015 1467 1058 dam
1489 1019 1703 1061 Susiorum
1725 1029 1801 1072 est,
1830 1035 1954 1076 quem
1972 1024 2124 1076 Aginin
2157 1034 2321 1066 vocant.
2383 1029 2422 1067 Is
2449 1042 2472 1068 a
2494 1028 2604 1068 Susis

1371 1084 1494 1128 distat
1508 1087 1649 1130 stadiis
1664 1090 1915 1145 quingentis.
1976 1092 2214 1146 Longitudo
2225 1095 2493 1149 navigationis
2503 1111 2604 1151 prae-

1371 1162 1434 1195 ter
1448 1156 1659 1209 regionem
1678 1158 1894 1199 Susiorum
1908 1172 2038 1214 usque
2054 1159 2103 1200 ad
2121 1162 2328 1215 Pasitigris
2351 1164 2502 1204 ostium
2525 1164 2602 1206 tria

63 1311 264 1367 Εὐφράτην
283 1313 477 1366 ποταμόν·
516 1311 607 1366 πρὸς
623 1311 663 1351 δὲ
690 1315 744 1366 τῷ
773 1312 936 1366 στόματι
954 1313 1090 1367 κώμην
1113 1311 1303 1353 οἰκεῖσθαι

63 1373 134 1425 τὴν
155 1374 446 1429 ὓποδεχομένην
468 1373 516 1414 τὰ
547 1374 590 1415 ἐκ
620 1375 688 1425 τῆς
714 1371 884 1428 Ἆραὸίας
909 1375 1065 1430 φορτία·
1103 1375 1303 1416 συνάπτειν

64 1436 139 1492 γὰρ
163 1435 290 1491 ἐφεξῆς
305 1434 374 1486 τὴν
398 1440 473 1476 τῶν
499 1434 665 1489 Ἆράὸων
688 1435 879 1491 παραλίαν
897 1440 952 1492 τῷ
968 1437 1132 1492 στόματι
1147 1440 1215 1478 τοῦ
1234 1437 1306 1477 Εὖ-

64 1499 206 1554 φράτου
226 1498 291 1539 καὶ
313 1500 380 1538 τοῦ
402 1497 671 1552 Πασιτίγριος,
694 1498 739 1539 τὸ
762 1498 803 1539 δὲ
819 1498 959 1554 μεταξὺ
974 1501 1048 1541 πᾶν
1071 1499 1220 1555 ἐπέχειν
1249 1499 1307 1540 λί-

67 1575 182 1617 μνην,
200 1557 270 1610 τὴν
290 1559 582 1614 ὑποδεχομένην
605 1559 672 1599 τὸν
690 1559 839 1614 Τίγριν.
869 1559 1164 1602 Ἀναπλεύσαντι
1189 1561 1229 1602 δὲ
1251 1566 1306 1617 τῷ

65 1622 288 1677 Πασιτίγρει
319 1621 492 1668 σταδίους
520 1620 759 1671 πεντήκοντα
780 1621 846 1661 καὶ
872 1621 1024 1672 ἑκατὸν,
1053 1621 1122 1673 τὴν
1146 1623 1304 1676 σχεδίαν

67 1683 168 1726 εἶναι
186 1683 257 1736 τὴν
276 1684 445 1740 ἄγουσαν
465 1682 526 1724 ἐπὶ
541 1682 698 1723 Σούσων
716 1681 758 1724 ἐκ
775 1685 842 1734 τῆς
862 1683 1067 1738 Περσίδος,
1088 1683 1305 1738 ἀπέχουσαν

65 1748 221 1789 Σούσων
246 1748 420 1795 σταδίους
443 1745 627 1798 ἑξήκοντα
647 1746 705 1799 (l.
723 1744 982 1799 ἑξακοσίους)
1005 1746 1072 1787 τὸν
1091 1746 1132 1787 δὲ
1147 1747 1306 1788 Πασίτι-

61 1824 145 1865 γριν
163 1807 239 1851 ἀπὸ
261 1811 340 1850 τοῦ·
361 1807 583 1863 Ὀροάτιδος
599 1808 742 1862 δι’έχειν
759 1808 847 1863 περὶ
872 1807 1085 1863 δισχιλίους
1117 1809 1302 1856 σταδίους·

65 1870 128 1911 διὰ
145 1870 185 1912 δὲ
203 1873 270 1923 τῆς
293 1870 434 1926 λίμνης
450 1869 512 1911 ἐπὶ
530 1870 574 1911 τὸ
595 1871 721 1926 στόμα
736 1873 805 1911 τοῦ
831 1870 985 1926 Τίγριος
1012 1871 1079 1912 τὸν
1111 1870 1306 1913 ἀνάπλουν

66 1932 168 1975 εἶναι
187 1933 351 1974 σταδίων
377 1931 583 1981 ἑξακοσίων
597 1949 605 1957 ·
625 1933 792 1986 πλησίον
818 1932 859 1974 δὲ
873 1937 941 1974 τοῦ
966 1934 1156 1989 στόματος
1171 1936 1306 1990 κώμην

66 1993 255 2042 οἰκεῖσθαι
281 1993 351 2047 τὴν
373 1994 586 2046 Σουσιανήν
615 1994 628 2051 (
646 1995 675 2036 l.
696 2010 782 2036 τινα
796 1995 842 2046 Σ,
860 2004 932 2036 aut
949 1995 1092 2051 ’Άγινιν
1113 1996 1159 2037 Σ.
1178 1999 1210 2050 ),
1233 1997 1308 2037 διέ-

66 2073 211 2113 χουσαν
245 2063 320 2099 τῶν
355 2058 511 2098 Σούσων
537 2058 712 2106 σταδίους
743 2059 1031 2106 πεντακοσίους·
1070 2058 1144 2100 ἀπὸ
1179 2058 1218 2099 δὲ
1241 2062 1309 2099 τοῦ

67 2121 257 2176 στόματος
271 2123 340 2162 τοῦ
356 2119 552 2176 Εὐφράτου
568 2121 632 2162 καὶ
650 2122 764 2176 μέχρι
780 2120 1009 2169 Βαῧυλῶνος
1025 2121 1091 2162 τὸν
1111 2120 1307 2162 ἀνάπλουν

68 2181 169 2225 εἶναι
184 2183 248 2224 διὰ
274 2186 346 2239 γῆς
370 2182 594 2238 οἰκουμένης
616 2183 743 2231 καλῶς
763 2184 928 2223 σταδίων
955 2184 1145 2224 πλειόνων
1166 2184 1189 2234 ἢ
1210 2199 1311 2238 τρισ-

66 2245 229 2300 χιλίων.
242 2268 299 2277 -
319 2243 584 2299 Ὀνησίκριτος
602 2243 643 2284 δὲ
661 2245 804 2292 πάντας
823 2245 937 2300 φησὶν
957 2244 1159 2285 ἐκῦάλλειν
1177 2243 1228 2292 εἰς
1239 2243 1309 2296 τὴν

66 2307 225 2363 λίμνην,
254 2308 321 2348 τόν
355 2323 396 2347 τε
420 2307 621 2362 Εὐφράτην
655 2307 720 2346 καὶ
750 2306 816 2348 τὸν
845 2308 994 2362 Τίγριν·
1034 2306 1242 2348 ἐκπεσόντα
1270 2307 1310 2348 δὲ

65 2369 181 2411 πάλιν
215 2368 283 2410 τὸν
323 2367 525 2424 Εὐφράτην
559 2367 599 2408 ἐκ
629 2370 697 2420 τῆς
725 2367 866 2424 λίμνης
901 2367 986 2424 ἰδίῳ
1028 2368 1191 2422 στόματι
1220 2366 1312 2422 πρὸς

66 2429 136 2483 τὴν
165 2431 358 2472 θάλατταν
388 2431 605 2471 συνάπτειν.
630 2428 748 2469 Idem
776 2444 819 2484 p.
847 2432 927 2483 728
958 2443 967 2470 z
990 2429 1099 2481 Φησὶ
1117 2428 1158 2468 δὲ
1188 2428 1314 2469 Πολύ-

67 2494 214 2542 κλειτος
231 2492 281 2541 εἰς
292 2493 435 2548 λίμνην
448 2492 535 2534 τινὰ
555 2491 791 2548 συμὸάλλειν
809 2493 876 2533 τόν
900 2507 941 2532 τε
960 2492 1144 2544 Χοάσπην
1162 2490 1310 2532 καὶτὸν

67 2555 235 2596 Εὔλαιον
261 2556 326 2597 καὶ
355 2554 495 2597 ἐ’τιτδν
515 2555 665 2610 Τίγριν,
689 2553 761 2595 εἴτ’
781 2554 925 2595 ἐκεῖθεν
947 2553 998 2602 εἰς
1026 2552 1095 2605 τὴν
1119 2554 1310 2594 θάλατταν

70 2617 283 2660 ἐκδιδόναι·
315 2617 407 2673 πρὸς
433 2617 475 2658 δὲ
493 2621 541 2674 τῇ
557 2617 677 2674 λίμνῃ
695 2616 761 2657 καὶ
784 2616 966 2672 ἐμπόριον
985 2618 1000 2669 (
1019 2617 1172 2670 Aginin
1186 2617 1313 2656 Near-

68 2681 194 2735 chi?)
217 2680 343 2731 εῗναι,
372 2685 452 2729 τῶν
475 2685 660 2735 ποταμῶν
693 2679 759 2734 μὲν
787 2679 829 2718 οὒ
853 2679 1076 2734 δεχομένων
1110 2678 1158 2719 τὰ
1178 2678 1219 2719 ἐκ
1247 2680 1314 2729 τῆς

69 2743 281 2796 θαλάττης,
312 2742 400 2784 οὐδὲ
422 2743 752 2798 καταπεμπόντων
781 2741 843 2782 διὰ
866 2742 952 2789 τοὺς
975 2741 1213 2796 καταράκτας
1239 2740 1315 2781 ἐπί-

67 2806 178 2858 τηδες
203 2806 449 2861 γενομένους,
482 2807 580 2861 πεζῇ
618 2805 651 2844 δ’
688 2804 1006 2860 ἐμπορευομένων
1028 2818 1038 2829 ·
1066 2803 1314 2850 ὀκτακοσίους

68 2867 144 2923 γὰρ
163 2867 264 2908 εἶναι
283 2868 457 2915 σταδίους
474 2866 524 2915 εἰς
545 2867 689 2908 Σοῦσα.

125 2931 260 2982 XLII,
284 2933 325 2979 4.
350 2929 711 2985 παραπλώουσι
729 2929 940 2985 λίμνην,
960 2937 1039 2969 etc.
1063 2929 1314 2983 ]Sequentia

69 3001 182 3049 patet
205 3008 290 3034 non
313 3007 433 3049 posse
451 2992 647 3048 explicari
669 3007 720 3033 ex
750 3007 798 3033 ea
819 3007 912 3047 quae
934 3006 1047 3032 nune
1065 2991 1109 3031 in
1129 2990 1216 3032 solo
1235 2992 1314 3032 isto

69 3056 213 3098 mobili
233 3056 394 3097 obtinet
410 3056 571 3096 ratione
607 3055 813 3096 locorum.
841 3058 1042 3107 Quaenam
1068 3053 1153 3094 fere
1190 3052 1315 3094 fuerit

0 3154 1 3165 ,
70 3118 296 3160 Alexandri
316 3118 588 3174 temporibuS,
615 3133 637 3158 e
657 3118 792 3159 verbis
813 3116 940 3158 modo
963 3116 1179 3171 adscriptis
1202 3116 1314 3157 colli-

72 3182 203 3234 gitur3
229 3181 381 3236 quibus
403 3180 510 3222 adde
532 3195 625 3236 quae
652 3180 742 3222 fuse
764 3187 1044 3236 exposuerunt
1066 3179 1314 3220 recentiores

71 3241 196 3296 hujus
213 3252 366 3284 tractus
378 3244 655 3300 exploratores
671 3244 909 3287 Ainsworth
922 3243 1093 3296 Assyria
1112 3253 1151 3283 et
1168 3244 1313 3298 Baby-l.

73 3318 117 3359 p.
147 3308 222 3358 194
247 3313 288 3345 et
304 3306 489 3362 Chesney
507 3310 621 3364 Exp.
645 3309 702 3358 ΙΙ,
721 3322 764 3363 p.
792 3307 872 3348 356
895 3321 986 3361 sqq.
1006 3305 1070 3347 Cf.
1096 3306 1230 3346 Ritter
1250 3306 1312 3357 X,

74 3381 118 3421 p.
144 3379 196 3420 27
221 3381 312 3422 sqq.
334 3376 374 3408 et
391 3369 561 3423 passim.
581 3370 793 3410 Nearchus
816 3371 941 3423 igitur
960 3384 982 3409 e
1003 3368 1120 3409 Khor
1139 3367 1316 3409 Abdilla

76 3429 237 3470 solvens
256 3439 499 3486 partemque
532 3433 687 3472 emensi
703 3431 790 3486 jam
812 3433 969 3472 itineris
992 3440 1181 3486 repetens
1199 3433 1242 3471 in
1262 3431 1316 3471 la-

79 3506 174 3534 cum
190 3492 454 3546 innavigavit,
473 3494 516 3534 in
535 3508 659 3549 quem
670 3495 848 3549 propriis
868 3495 951 3534 suis
970 3495 1083 3534 ostiis
1095 3502 1195 3535 tunc
1210 3494 1317 3534 exie-

78 3562 179 3596 runt
209 3555 344 3607 Tigris
365 3563 405 3595 et
428 3556 634 3611 Choaspes
658 3557 674 3609 (
705 3555 868 3611 Kerka)
902 3564 942 3596 et
972 3556 1196 3609 PasitigriS,
1219 3557 1247 3596 i.
1276 3571 1313 3596 e.

79 3618 230 3659 fluvius
253 3631 375 3672 quem
398 3617 465 3658 alii
489 3619 563 3671 (et
590 3619 675 3673 ipse
700 3618 901 3659 Arrianus
919 3618 962 3658 in
988 3617 1123 3659 Anah.
1147 3615 1162 3673 )
1193 3618 1316 3658 etiam

80 3680 266 3721 Eulaeum
281 3687 444 3730 vocant,
468 3693 581 3720 nunc
603 3693 699 3719 vere
724 3682 867 3719 Karene
887 3679 950 3719 vel
976 3682 1120 3719 Kuran
1143 3678 1195 3718 de
1214 3678 1317 3719 urbe

82 3741 218 3783 dicere
237 3742 382 3783 solent.
407 3743 570 3783 Nomen
590 3740 818 3792 Pasitigris
840 3739 1068 3781 secundum
1091 3740 1317 3781 Rawlinso-

81 3819 186 3846 num
208 3803 408 3858 significat
433 3817 443 3844 t
472 3802 610 3856 Tigris
640 3802 811 3856 inferior
844 3803 929 3842 sive
947 3802 1081 3842 minor
1101 3803 1117 3856 (
1140 3817 1164 3843 a
1184 3811 1318 3843 vetere

83 3880 174 3908 voc.
198 3867 355 3921 persica
371 3879 454 3922 pas
473 3866 506 3919 ),
534 3865 601 3904 cui
624 3862 749 3904 hodie
774 3862 885 3919 apud
912 3865 1054 3904 Persas
1072 3863 1318 3919 respondeat

82 3925 234 3970 nomen
253 3925 621 3982 Dicljlalzi-kadml,
645 3927 674 3967 i.
699 3940 736 3966 e.
766 3924 904 3977 Tigris
913 3940 1076 3981 parvus
1098 3924 1112 3982 (
1132 3925 1195 3967 Cs.
1228 3926 1316 3966 Rit-

83 3992 247 4047 terrIX,
261 4005 302 4045 p.
321 3991 397 4030 321
413 3988 493 4045 sq.)
504 3989 678 4029 Ostium
691 3985 937 4042 hujus-lacus
949 4001 1049 4028 num
1062 3988 1103 4028 in
1113 3986 1315 4029 hodierno

1369 1314 1490 1355 Shatt
1511 1315 1549 1355 el
1570 1316 1704 1365 Arab,
1731 1330 1784 1357 an
1821 1317 1864 1357 in
1890 1321 2032 1358 Karun
2055 1319 2093 1358 el
2112 1320 2297 1360 Amaralz
2324 1320 2337 1375 (
2357 1330 2489 1363 vetere
2521 1327 2605 1363 Ka-

1370 1390 1446 1416 run
1470 1376 1586 1417 fluvii
1616 1377 1730 1418 alveo
1750 1381 1768 1432 )
1788 1378 2060 1432 quaerendum
2089 1380 2141 1421 sit
2158 1394 2244 1420 non
2277 1379 2482 1435 dijudico;
2508 1384 2607 1424 illud

1369 1445 1506 1479 tamen
1522 1439 1626 1480 mihi
1643 1439 1898 1494 probabilius
1916 1455 2002 1482 esse
2025 1440 2204 1483 videtur.
2221 1443 2280 1483 Ut
2294 1451 2342 1484 ut
2355 1452 2429 1494 est,
2447 1445 2607 1500 paludis

1370 1497 1473 1540 latus
1492 1500 1688 1541 orientale
1702 1503 2047 1556 praeternavigans
2062 1504 2274 1545 Nearchus
2292 1506 2404 1546 venit
2417 1505 2470 1546 ad
2498 1509 2607 1548 Pasi-

1370 1561 1511 1614 tigrin,
1525 1576 1599 1617 per
1614 1576 1736 1617 quem
1752 1571 1972 1619 postquam
1992 1564 2070 1606 150
2088 1565 2319 1607 stadiorum
2338 1581 2463 1609 cursu
2473 1583 2609 1610 ascen-

1371 1622 1511 1674 derat,
1540 1624 1737 1675 substitit,
1766 1633 1815 1666 ut
1846 1626 1979 1666 missis
2011 1626 2340 1682 exploratoribus
2377 1628 2429 1669 de
2462 1631 2608 1672 itinere

1371 1685 1594 1726 Alexandri
1625 1687 1741 1727 fieret
1769 1687 1935 1728 certior.
1969 1690 2066 1740 Quo
2089 1687 2210 1738 facto,
2235 1688 2343 1730 ultra
2379 1691 2605 1745 navigavit,

1372 1761 1458 1787 non
1477 1747 1627 1788 tradita
1652 1761 1796 1789 cursus
1810 1747 2083 1803 longitudine,
2107 1765 2240 1805 usque
2267 1750 2320 1792 ad
2339 1749 2408 1802 τὴν
2433 1755 2606 1807 σχεδίαν,

1373 1816 1454 1856 qua
1490 1805 1714 1849 Alexandri
1747 1811 1950 1851 exercitus
1976 1812 2195 1865 Pasitigrin
2219 1810 2437 1866 trajiceret.
2465 1815 2609 1855 Strabo

1373 1866 1512 1907 minus
1534 1877 1723 1910 accurate
1760 1871 1817 1911 ita
1848 1879 2007 1922 narrat,
2034 1873 2149 1926 quasi
2175 1881 2269 1927 post
2289 1873 2429 1928 priora
2447 1873 2514 1914 illa
2532 1883 2609 1915 sta-

1373 1927 1443 1968 dia
1464 1928 1542 1970 150
1565 1930 1617 1971 ad
1633 1940 1803 1986 pontem
1825 1941 2070 1988 perventum
2089 1942 2207 1975 esset.
2230 1934 2356 1987 Quod
2378 1935 2489 1991 apud
2512 1951 2612 1977 eun-

1374 1989 1469 2031 dem
1490 1991 1639 2046 legitur
1660 2009 1684 2034 a
1708 1995 1820 2035 Susis
1849 1994 1902 2036 ad
1931 2004 2099 2050 pontem
2115 2011 2202 2037 esse
2224 1996 2353 2038 stadia
2374 2001 2448 2049 60,
2472 2007 2610 2053 aperte

1374 2061 1435 2093 est
1455 2064 1718 2110 corruptum,
1743 2056 2029 2112 probabilique
2051 2057 2287 2112 conjectura
2302 2073 2523 2100 numerum
2543 2074 2608 2100 vv.

1374 2113 1446 2155 dd.
1470 2125 1684 2158 mutarunt
1706 2119 1748 2158 in
1780 2123 1876 2160 600.
1901 2118 2060 2160 Eodem
2089 2120 2180 2160 loco
2206 2121 2411 2160 transierit
2434 2121 2610 2162 Alexan-

1375 2176 1464 2228 der,
1491 2193 1621 2232 quum
1650 2181 1761 2220 Susis
1779 2181 1996 2234 Pasitigrin
2018 2182 2159 2235 petiit;
2180 2181 2295 2235 quod
2317 2196 2488 2222 narrans
2509 2185 2611 2224 Cur-

1375 2240 1456 2279 tius
1468 2242 1546 2290 IV,
1566 2254 1615 2281 10
1632 2242 1688 2282 ait
1707 2254 1716 2281 :
1736 2245 1824 2283 Rex
1838 2242 2001 2298 quartis
2017 2242 2168 2284 castris
2176 2242 2370 2299 pervenit
2386 2243 2445 2284 ad
2465 2244 2558 2297 Τίς]
2568 2245 2608 2285 in

1363 2301 1570 2355 fluvium3
1586 2302 1819 2355 Pasitigrin
1835 2303 1973 2343 incolae
1985 2313 2153 2354 vocant;
2165 2303 2375 2346 Diodorus
2386 2306 2524 2355 XVII,
2537 2310 2604 2360 67:

1375 2366 1597 2418 τεταρταῖος
1614 2364 1675 2405 ἐπὶ
1687 2364 1753 2406 τὸν
1772 2365 1904 2420 Τίγριν
1928 2365 2102 2420 ποταμὸν
2120 2365 2288 2421 ἀφίκετο.
2315 2367 2455 2407 Fuisse
2473 2375 2610 2408 autem

1375 2435 1545 2480 pontem
1561 2428 1685 2467 istum
1696 2426 1982 2468 Rawlinsonus
1997 2435 2036 2468 et
2053 2441 2148 2468 cum
2164 2442 2213 2468 eo
2229 2429 2410 2469 Ritterus
2425 2436 2610 2470 statuunt

1375 2502 1505 2544 prope
1530 2488 1780 2530 hodiernum
1807 2489 1987 2537 Ahwaz,
2020 2488 2094 2529 ubi
2129 2503 2301 2543 magnus
2329 2503 2450 2544 agger
2470 2490 2611 2531 etiam-

1375 2565 1488 2591 nunc
1507 2566 1558 2592 ex
1576 2561 1692 2607 parte
1707 2561 1910 2607 superstes
1924 2565 1999 2606 per
2017 2551 2190 2592 fluvium
2204 2551 2352 2592 ductus
2372 2560 2447 2592 est.
2466 2552 2610 2593 Classis

1376 2621 1417 2653 et
1448 2614 1534 2669 ipsa
1577 2629 1651 2669 per
1683 2615 1865 2655 canalem
1893 2614 2056 2670 Shapur
2075 2614 2192 2654 fluvii
2213 2615 2298 2654 sive
2318 2628 2393 2668 per
2418 2628 2513 2654 eum
2539 2616 2610 2668 qui

1376 2675 1497 2716 skatt
1514 2677 1553 2717 el
1567 2677 1773 2718 Maktualz
1799 2685 1982 2727 vocatur,
2001 2692 2023 2716 e
2041 2676 2228 2730 Pasitigri
2248 2677 2291 2716 in
2311 2676 2526 2731 Choaspen
2541 2676 2612 2717 de-

1377 2737 1502 2779 ducta
1524 2754 1609 2780 esse
1627 2738 1807 2780 videtur.
1835 2738 1962 2792 Quod
1984 2739 2174 2793 quamvis
2193 2738 2236 2778 h.
2258 2738 2287 2779 l.
2311 2739 2511 2779 Arrianus
2527 2753 2610 2780 non

1378 2810 1570 2856 exponat,
1589 2801 1795 2857 colligitur
1812 2810 1950 2842 tamen
1967 2815 2016 2842 ex
2031 2801 2081 2840 iis
2089 2814 2181 2856 quae
2194 2800 2387 2855 leguntur
2398 2800 2442 2840 in
2453 2800 2613 2843 Anaba-

1378 2863 1411 2903 si
1432 2864 1509 2913 VI,
1535 2863 1557 2903 5
1582 2871 1622 2904 et
1642 2864 1701 2917 7(
1720 2863 1785 2904 Cf.
1810 2864 1993 2904 Ritterus
2010 2864 2087 2913 IX,
2119 2876 2163 2917 p.
2188 2863 2317 2916 321).
2347 2862 2363 2916 ΙΙ
2389 2886 2446 2892 -
2469 2862 2507 2902 5.
2533 2861 2612 2916 Ἀρ-

1381 2925 1521 2979 μενίων
1547 2927 1598 2966 L.
1638 2925 1738 2979 11-
1769 2928 1808 2965 6.
1833 2923 1981 2965 Νεῖλον
2011 2926 2059 2966 C.
2102 2926 2118 2979 ΙΙ
2142 2949 2199 2956 —
2224 2938 2288 2966 10.
2324 2923 2610 2978 ἑξακόσιοι]

1379 2987 1599 3029 ὀκτακόσιοι
1625 2989 1673 3028 C.
1701 2990 1806 3040 Quae
1832 2987 2110 3028 memorabilis
2139 2996 2199 3028 est
2222 2987 2407 3028 lectionis
2426 2987 2609 3036 varietas,

1379 3050 1583 3105 siquidem
1618 3049 1850 3104 emporium
1874 3049 1988 3104 quod
2010 3050 2239 3104 Polycletus
2268 3063 2333 3103 ap.
2368 3047 2611 3088 Strabonem

1378 3112 1407 3154 l.
1428 3113 1456 3153 l.
1483 3114 1717 3166 octingenta
1738 3126 1761 3151 a
1790 3112 1903 3151 Susis
1926 3110 2056 3151 stadia
2087 3111 2225 3151 abesse
2253 3109 2376 3158 dixit,
2405 3110 2474 3149 vix
2490 3108 2610 3149 suerit

1379 3190 1403 3216 a
1437 3176 1560 3230 Agini
1594 3183 1734 3216 nostra
1755 3173 1978 3213 diversum.
2014 3174 2206 3215 Ceterum
2248 3170 2460 3227 quomodo
2493 3170 2611 3211 intel-

1378 3236 1542 3292 ligenda
1568 3238 1650 3278 sint
1681 3235 1805 3276 verba
1831 3248 1840 3275 :
1867 3234 1941 3275 ἀπὸ
1975 3234 2015 3275 δὲ
2050 3238 2118 3286 τῆς
2145 3234 2284 3289 λίμνης
2322 3233 2358 3280 ἐς
2392 3231 2507 3272 αὒτὸν
2543 3231 2610 3273 τὀν

1379 3299 1571 3355 ποταμὸν,
1590 3298 1653 3339 vel
1669 3313 1719 3338 ex
1744 3296 2023 3338 Strabonianis
2056 3297 2132 3337 illis
2153 3304 2293 3351 patere
2317 3293 2493 3334 debebat
2514 3305 2523 3333 :
2549 3293 2612 3333 διὰ

1380 3360 1426 3413 δὴ
1463 3365 1531 3413 τῆς
1575 3361 1713 3416 λίμνης
1748 3358 1809 3400 ἐπὶ
1857 3358 1902 3398 τὸ
1947 3358 2072 3413 στόμα
2103 3360 2172 3398 τοῦ
2212 3357 2365 3412 Τίγριος
2413 3354 2481 3396 τὸν
2525 3353 2614 3395 ἀνά-

1380 3424 1500 3466 πλουν
1524 3422 1625 3464 εἶναι
1651 3422 1814 3464 σταδίων
1834 3419 2037 3468 ἑξακοσίων
2051 3435 2059 3443 ·
2096 3420 2262 3472 πλησίον
2283 3418 2324 3459 δὲ
2337 3419 2405 3459 τοῦ
2422 3416 2610 3472 στόματος

1381 3489 1515 3542 κώμην
1540 3484 1729 3526 οἰκεῖσθαί
1741 3498 1826 3524 τινα
1840 3481 2069 3533 Σουσιανήν.
2095 3480 2221 3534 Quod
2243 3477 2500 3521 monendum
2514 3491 2611 3532 pro-

1380 3559 1472 3605 pter
1491 3563 1575 3597 eos,
1601 3548 1671 3601 qui
1699 3546 1850 3599 Aginin
1870 3544 2096 3584 occurrisse
2120 3551 2268 3599 putant
2297 3549 2516 3598 postquam
2533 3543 2612 3581 6οΘ

1381 3611 1511 3652 stadia
1542 3612 1586 3650 in
1605 3607 1811 3660 Pasitigri
1831 3606 2124 3660 navigaverint.
2157 3605 2173 3659 ll
2205 3628 2261 3635 -
2289 3617 2352 3644 11.
2384 3603 2607 3658 Ἄγινιν]

1381 3675 1517 3716 locum
1550 3686 1634 3713 non
1666 3669 1718 3711 ad
1750 3668 1982 3723 Pasitigrim
2007 3669 2089 3722 (ut
2110 3666 2222 3722 apud
2238 3666 2438 3722 plurimos
2471 3679 2610 3705 recen-

1382 3738 1505 3778 tiores
1533 3735 1663 3788 legere
1691 3740 1751 3773 est
1768 3732 2024 3772 Vincentum
2042 3737 2203 3771 secutos
2225 3730 2258 3783 )‚
2293 3726 2363 3768 sed
2385 3726 2436 3766 ad
2468 3727 2608 3779 Tigrin

1382 3802 1506 3841 situm
1529 3797 1652 3838 fuisse
1674 3803 1714 3836 et
1735 3796 2001 3851 grammatica
2022 3793 2244 3835 verborum
2266 3805 2329 3844 ap.
2357 3789 2519 3830 Arrian.
2546 3786 2619 3827 ra-v

1383 3862 1441 3902 tio
1473 3868 1512 3900 et
1548 3857 1750 3898 disertum
1781 3856 1993 3897 Strabonis
2020 3853 2301 3897 testimonium
2333 3850 2527 3903 flagitant,
2565 3857 2610 3888 ut

1382 3923 1486 3964 bene
1508 3927 1649 3961 monet
1666 3917 1971 3960 Schmiederus.
1992 3936 2008 3952 α
2026 3912 2382 3967 Praeternavigavit
2399 3909 2610 3951 Nearchus

1382 3985 1516 4028 lacum
1536 3983 1580 4024 in
1599 3995 1722 4038 quem
1742 3980 1879 4035 Tigris
1901 3978 2131 4021 effunditur
2149 3985 2189 4019 et
2207 3974 2419 4017 occasione
2436 3971 2532 4014 data
2549 3985 2610 4012 re-
