2782 4348
32 246 37 254 ἣ
67 257 120 303 ‘O
140 256 182 301 δὲ
205 259 431 318 βασιλεύων
443 265 513 306 τοῦ
528 261 677 312 παντὸς
690 262 824 314 ἔθνους
840 265 1058 326 προεδρίαν
1079 265 1291 330 ἔχειπαρὰ

0 335 1 338 ’
36 315 41 347 3
62 328 133 369 τοῦ
157 326 257 371 λαοῦ
286 331 338 389 τῇ
362 327 435 387 μὲν
464 327 624 387 ἔντιμον
643 332 695 390 τῇ
728 329 770 374 δὲ
795 331 1100 391 ἀκληροτοίτην·
1131 334 1290 394 ἔντιμον

62 392 136 451 μὲν
175 393 235 440 ὅτι
267 398 432 448 πολλοῖς
463 395 696 453 ἐπιτάττει,
719 396 828 442 κατὰ
851 399 981 460 κρίσιν
1017 402 1290 449 ἀνυπεύθυνον

12 457 14 462 ’
60 461 82 506 ὃ
107 463 296 523 βούλεται
329 463 534 525 πράττων,
568 463 746 528 ἄκληρον
778 465 820 511 δὲ
840 468 901 512 ὅτι
924 470 1182 531 παραλαὸὼν
1213 472 1288 528 τὴν

15 539 43 575 5'
60 531 296 591 ἐπιμέλειαν
308 533 353 576 οὐ
370 530 538 576 δύναται
554 532 679 578 πάλιν
699 535 745 579 ἐκ
760 537 838 579 τῶν
861 538 1081 598 βασιλείων
1103 539 1288 592 ἐξελθεῖν·

58 601 93 643 εἷ
117 599 159 645 δὲ
177 599 259 660 μὴ,
293 599 548 652 λιθόλευστος
579 601 659 647 ὑπὸ
682 602 847 649 πάντων
870 605 1026 666 γίνεται
1051 609 1159 654 κατὰ
1175 628 1287 673 χρη-

55 667 159 728 σμὸν
189 667 376 731 ἀρχαῖον,
400 666 507 714 ὥστε
531 662 634 714 εἶναι
658 670 732 727 τὴν
758 673 963 737 ὑπεροχὴν
993 676 1220 739 βλαὸεράν.

36 747 38 749 ’
119 752 190 782 101.
219 739 316 783 Τῶν
341 736 384 782 δὲ
418 739 574 801 ἀνδρῶν
609 741 646 785 οἱ
673 739 1079 805 μὲν-καταγινόμενοι
1109 747 1211 809 πρὸς
1239 747 1286 793 τὸ

12 811 16 817 “
53 804 156 850 οἴκοι
176 806 441 868 ἕνδιατρίὸειν
464 807 598 870 βραχύ
617 827 657 854 τι
688 814 758 856 τοῦ
779 811 919 867 θήλεος
936 813 1074 876 γένους
1099 816 1285 876 ἀλκιμώ-

51 892 167 936 τερον
205 874 391 936 ἄγουσιν,
429 877 508 922 ὖπὸ
546 881 619 933 τῆς
660 885 852 942 συνεχοῦς
892 885 1286 946 ἀπογυναικούμενοι

0 1000 1 1006 ¹
53 942 282 1008 ῥᾳστώνης·
304 947 340 990 οἱ
369 945 412 990 δὲ
448 945 567 991 ἄλλοι
597 948 651 993 τά
687 967 731 993 τε
753 949 854 1013 πρὸς
876 952 1055 1013 πόλεμον
1082 957 1284 1014 μελετῶσι

50 1013 122 1059 καὶ
140 1012 214 1069 τὴν
234 1013 373 1077 χώραν
400 1013 568 1061 ἅπασαν
596 1017 834 1080 ἐργάζονται
856 1022 927 1067 καὶ
949 1024 1183 1070 στέλλουσιν
1208 1027 1285 1071 ἀπ’

50 1081 200 1139 οἰκίας,
219 1086 303 1135 τοῖς
327 1082 484 1142 μείζοσι
499 1085 706 1148 χρώμενοι
723 1088 919 1150 σχεδίαις.
991 1094 1218 1153 Κομίζουσι
1240 1095 1282 1140 δὲ

50 1149 157 1195 ἄλλα
181 1170 225 1196 τε
239 1188 251 1212 ,
272 1151 342 1196 καὶ
365 1153 546 1211 μάλιστα
563 1153 630 1200 τὸν
655 1157 787 1213 εὐώδη
805 1160 963 1222 καρπὸν
979 1160 1047 1206 τὸν
1065 1164 1105 1206 ἐν
1124 1165 1182 1226 τῷ
1203 1163 1281 1208 πέ-

12 1232 20 1240 “
51 1234 123 1279 ραν
147 1217 344 1280 φυόμενον
371 1221 384 1280 (
408 1222 600 1282 ἀραὸιστὶ
632 1223 673 1270 δὲ
698 1227 859 1288 λέγεται
888 1229 1091 1292 λάριμναν
1107 1232 1139 1292 ),
1163 1233 1281 1293 μεγί-

47 1303 147 1341 στην
162 1287 308 1349 ἔχοντα
318 1292 398 1334 τῶν
417 1290 552 1336 ἄλλων
571 1296 838 1355 θυμιαμάτων
856 1298 1042 1356 εὐωδίαν,
1057 1298 1100 1345 ὃν
1115 1306 1278 1363 κρατεῖν

44 1354 209 1415 λέγεται
242 1355 383 1418 γένους
404 1361 635 1422 ἀρρωστίας
658 1366 711 1415 ὡς
731 1366 799 1410 ἐπὶ
818 1365 863 1411 τὸ
887 1366 991 1412 πολὺ
1024 1374 1276 1429 σωματικῆς.

42 1424 254 1484 Οὐδεμίαν
277 1424 319 1470 δὲ
339 1430 409 1482 τῆς
432 1432 507 1488 γῆς
542 1430 670 1488 ἄλλην
699 1432 799 1490 ὕλην
834 1434 1053 1497 φερούσης,
1090 1440 1275 1499 ἀναγκά-

42 1492 177 1544 ζονται
197 1492 296 1555 πρὸς
315 1493 366 1538 τὰ
399 1496 489 1541 καθ’
524 1497 685 1561 ἡμέραν
715 1501 772 1547 τὸ
802 1504 1067 1564 κιννάμωμον
1097 1506 1167 1551 καὶ
1201 1508 1275 1564 τὴν

11 1561 216 1606 )κασσίαν
243 1562 390 1623 καίειν,
416 1565 487 1610 καὶ
510 1566 609 1628 πρὸς
648 1569 996 1626 τὰς·ὑπολοίπους
1029 1576 1070 1620 ἓν
1101 1580 1159 1638 τῷ
1200 1578 1275 1641 βίῳ

39 1629 203 1692 χρείας·
221 1629 350 1683 οὕτως
374 1632 521 1686 ἀνίσως
538 1635 589 1679 τὰ
611 1640 737 1693 αὑτῆς
755 1642 780 1693 ἡ
810 1641 916 1702 τύχη
952 1643 1170 1706 μεμέρικε,
1194 1651 1276 1699 τοῖς

40 1697 114 1757 μὲν
140 1699 287 1745 σπάνιν
316 1704 396 1746 τῶν
422 1704 675 1767 σπουδαίων,
706 1708 790 1759 τοῖς
824 1708 866 1753 δὲ
899 1711 1053 1766 πλῆθος
1086 1714 1269 1763 διδοῦσα.

0 1766 2 1781 ¹
36 1769 132 1814 Τῶν
157 1768 199 1814 δὲ
235 1769 432 1816 Σαὸαίων
465 1776 647 1834 χρῶνται
686 1776 758 1822 καὶ
794 1785 876 1830 τοῖς
915 1780 1170 1843 δερματίνοις
1199 1788 1272 1831 οὐκ

36 1835 166 1898 ὀλίγοι
191 1839 392 1901 πορείοις,
416 1842 687 1901 διδασκούσης
704 1846 777 1902 τὴν
801 1848 945 1909 χρείαν
965 1854 1036 1906 τ’ῆς
1061 1854 1269 1901 ἀναπώτι-

37 1904 125 1966 δος,
147 1907 297 1972 καίπερ
317 1911 357 1954 ἐν
378 1916 510 1974 τρυφῇ
529 1917 888 1976 καταγινομένους.

97 1991 172 2022 102.
199 1978 331 2024 Οὐδὲν
355 1979 434 2043 γὰρ
453 1983 728 2047 εὐπορώτερον
749 1987 945 2034 Σαὸαίων
964 1991 1035 2037 καὶ
1058 1994 1268 2056 Γερραίων

32 2035 135 2089 εἶναι
160 2046 268 2092 δοκεῖ
287 2043 426 2109 γένος,
457 2052 834 2115 ἐκτεταμιευμένων
854 2066 936 2104 πᾶν
960 2060 1006 2106 τὸ
1039 2065 1187 2109 πῖπτον
1212 2068 1268 2118 εἷς

32 2112 223 2176 διαφορᾶς
245 2117 363 2178 λόγον
384 2118 465 2164 ἀπὸ
486 2124 556 2176 τῆς
573 2122 709 2175 Ἀσίας
730 2126 800 2186 καὶ
817 2131 887 2182 τῆς
906 2130 1123 2192 Εὐρώπης.
1179 2128 1266 2180 Οὐ-

29 2245 225 2306 ἅπονέμει
245 2249 499 2310 μεμιγμένας
523 2254 690 2312 ἀγαθοῖς
716 2255 788 2300 καὶ
820 2265 974 2310 κακοῖς.
1043 2262 1263 2324 Μακάριον

29 2313 102 2373 μὲν
129 2315 207 2377 γὰρ
236 2317 320 2378 βίον
355 2318 463 2380 ἔχειν
496 2322 696 2379 δοκοῦσιν,
729 2324 791 2368 ὅτι
826 2334 951 2371 πᾶσιν
984 2331 1265 2384 ἐπιτάττοντες

27 2384 169 2429 οὐδένα
194 2386 314 2446 λόγον
338 2388 536 2450 ὑπέχουσι
566 2393 648 2435 τῶν
681 2395 999 2455 πραττομένων·
1027 2400 1190 2460 ἀτυχεῖς
1221 2402 1262 2446 δὲ

25 2453 262 2513 νομίζονται
285 2457 377 2501 καθ’
401 2456 496 2504 ὅσον
521 2461 594 2504 οὐκ
618 2460 770 2514 ἔξεστιν
792 2466 926 2517 αὐτοῖς
949 2466 1140 2513 οὐδέποτε
1160 2469 1264 2522 ἐξελ-

24 2525 106 2574 θεῖν
129 2525 174 2568 ἐκ
192 2527 272 2569 τῶν
297 2527 530 2587 βασιλείων,
555 2531 590 2574 εἷ
614 2530 656 2574 δὲ
695 2531 775 2591 μὴ,
801 2533 981 2593 γίνονται
1009 2536 1261 2584 λιθόλευστοι

24 2594 103 2639 ὑπὸ
126 2598 206 2639 τῶν
228 2595 362 2657 ὄχλων
383 2599 492 2644 κατά
511 2618 602 2644 τινα
625 2601 814 2664 χρησμὸν
835 2606 1023 2667 ἀρχαῖον.

87 2679 161 2709 102.
198 2667 333 2711 Τοῦτο
357 2667 464 2712 δὲτὸ
500 2667 611 2721 ἔθνος
630 2673 674 2715 οὐ
704 2672 825 2729 μόνον
847 2677 928 2718 τῶν
955 2677 1257 2741 πλησιοχώρων

21 2730 221 2795 Ἀράὸων,
260 2730 366 2780 ἀλλὰ
404 2738 474 2781 καὶ
519 2740 600 2783 τῶν
637 2739 773 2785 ἄλλων
812 2742 1037 2804 ἀνθρώπων
1074 2747 1255 2809 διαφέρει

19 2927 63 2953 m
85 2914 207 2966 silva3
241 2930 414 2972 eamque
442 2929 722 2974 conjecturam
749 2938 799 2963 eo
829 2926 1111 2968 commendam
1141 2930 1254 2983 quod

17 2976 199 3018 Mariaba
214 2979 450 3021 Sabaeorum
471 2981 527 3023 ἐπ’
546 2983 655 3037 ὄρους
669 2983 865 3041 εὐδένδρου
880 2987 957 3029 sita
971 3003 1057 3030 esse
1075 2989 1251 3033 dicatur.

21 3039 123 3089 Quae
155 3053 300 3082 vereor
331 3057 383 3083 ne
418 3044 552 3084 inanis
584 3046 636 3086 sit
668 3048 869 3102 opinatio.
906 3051 968 3090 De
991 3051 1106 3092 Sabae
1134 3055 1255 3108 regiae

20 3100 149 3140 ruinis
167 3102 213 3142 in
238 3103 339 3144 hod.
375 3107 520 3147 Mat-eb
558 3107 649 3148 vico
671 3109 780 3150 inter
812 3125 974 3152 summa
995 3114 1176 3167 pericula
1201 3115 1253 3156 ab

19 3161 217 3204 Arnaudo
236 3164 404 3207 detectis
427 3166 520 3209 vide
541 3169 622 3210 Th.
647 3172 714 3212 Jo.
735 3172 908 3214 Arnaud
930 3175 1120 3216 Relation
1153 3177 1254 3218 d'un

19 3236 168 3277 voyage
185 3223 212 3263 ὰ
234 3227 378 3268 Μαι-εὐ
407 3243 455 3268 en
478 3232 582 3279 1843
607 3232 651 3272 in
683 3235 859 3275 Journal
873 3236 1112 3293 Asiatique,
1149 3254 1251 3295 qua-

20 3284 158 3325 trieme
187 3287 309 3338 serie,
343 3298 447 3332 tom.
472 3293 513 3332 V
554 3294 699 3347 (Paris
735 3297 839 3346 1845
856 3300 890 3353 )‚
915 3313 959 3354 p.
995 3302 1178 3351 208-245
1206 3313 1254 3345 ‘et

51 3377 59 3386 .
84 3347 280 3401 309-345.
306 3350 370 3392 Cf.
394 3353 541 3396 Ritter.
562 3357 659 3408 XII,
684 3372 728 3413 p.
754 3359 833 3402 858
853 3375 944 3416 sqq.
972 3363 987 3416 Ι]
1010 3377 1118 3405 -2,
1142 3368 1218 3422 τῇ.
1237 3396 1248 3408 .

45 3609 91 3635 ee
105 3603 243 3636 tamen
264 3611 340 3652 per
354 3601 493 3641 omnia
508 3602 639 3654 bene3
657 3603 918 3660 major²enim
942 3611 1002 3651 vis
1024 3620 1066 3652 et
1079 3615 1246 3669 empha-

35 3657 68 3696 is
90 3658 241 3699 residet
261 3673 387 3714 penes
408 3662 495 3710 ‘tobg
514 3664 831 3721 διαδεχομένους,
857 3672 928 3725 qui
953 3684 1245 3728 repraesentant

41 3726 55 3758 t
72 3721 310 3774 exprimunt
331 3722 497 3764 titulum
521 3720 790 3780 Tobbaorum]
811 3731 1058 3776 circumdari
1078 3737 1244 3781 solitum

35 3781 174 3834 egibus
186 3783 421 3825 Sabaeorum
435 3800 458 3826 e
469 3796 587 3840 gente
600 3791 625 3830 J
626 3791 846 3834 ectanidaea
856 3795 1056 3838 oriundis.
1081 3800 1244 3842 Tobboa

37 3843 124 3883 nim
151 3845 284 3894 teblza,
315 3846 498 3902 διάδοχον
514 3880 525 3900 ,
544 3850 838 3908 διαδεχόμενον,
859 3870 1139 3910 successorem,
1171 3861 1243 3904 de-

35 3903 143 3958 ignat
157 3906 318 3948 arabice
330 3939 341 3958 ,
363 3923 387 3950 a
404 3909 584 3952 themate
599 3913 740 3963 tamea,
761 3925 923 3957 secutus
937 3927 1012 3967 est,
1030 3923 1240 3966 successit.

37 3962 103 4017 am
118 3981 214 4009 vero
230 3968 415 4012 disertim
434 3980 636 4016 testantur
649 3976 842 4033 philologi
857 3979 1042 4022 Arabum
1063 3983 1242 4027 Tohbao-

1003 164 1080 209 DE
1113 166 1286 217 MARI.
1304 167 1666 218 ERYTHRAEO.

2504 205 2585 242 189

1362 281 1436 320 toti
1459 283 1568 334 genti
1586 283 1815 338 imperans,
1838 289 1988 328 summi
2011 289 2293 342 gubernatoris
2317 310 2466 339 munus
2482 317 2590 357 apo-

1358 342 1457 394 pulo
1487 343 1544 384 ita
1571 344 1709 396 habet,
1730 356 1777 387 ut
1804 349 1955 402 partim
1975 349 2252 393 honorificum
2268 385 2279 404 ‚
2304 360 2453 410 partim
2495 366 2591 405 inse-

1358 401 1597 446 licissimum
1634 408 1707 457 sit;
1752 409 2029 452 honorificum
2073 413 2241 466 quidem
2256 446 2267 465 ,
2309 420 2421 471 quod
2457 426 2593 467 multis

1358 463 1587 518 imperitat,
1619 476 1660 507 et
1686 468 1816 510 libero
1849 485 1939 526 quae
1970 471 2154 513 decernit
2176 475 2347 517 arbitrio
2370 482 2465 532 agit,
2494 487 2592 527 nulli

1358 521 1566 576 subjectus
1600 539 1806 578 censurae;
1845 530 1985 571 infelix
2012 546 2110 572 vero
2140 533 2253 586 quod
2285 547 2447 592 accepta
2479 548 2591 597 regni

1358 593 1473 630 cura,
1500 583 1633 636 regale
1661 586 1799 639 egredi
1821 588 2018 642 palatium
2050 591 2086 631 ei
2117 591 2244 633 nesaS.
2305 596 2427 637 Secus
2446 601 2478 639 si
2505 602 2589 655 fiat,

1357 638 1565 694 lapidibus
1583 656 1607 682 a
1627 645 1783 698 populo
1803 646 2015 699 obruitur3
2035 650 2092 690 ita
2110 652 2221 691 enim
2238 655 2452 710 antiquum
2475 659 2589 714 jubet

1356 699 1584 741 oraculum.
1644 703 1864 746 Honorum
1886 706 2011 760 igitur
2033 709 2255 752 eminentia
2279 713 2359 755 illic
2373 719 2533 762 nociva.

1415 772 1488 799 101
1498 791 1508 799 .
1529 761 1564 800 E
1577 761 1762 804 virorum
1777 778 1953 806 numero
1969 766 2022 807 ad
2036 767 2117 809 hoc
2129 768 2334 824 destinati,
2352 784 2398 816 ut
2416 776 2588 823 domum

1354 834 1531 878 servent,
1550 829 1698 883 exiguo
1721 830 1867 873 fortius
1882 848 1925 874 se
1940 844 2088 888 gerunt
2103 851 2227 891 quam
2247 839 2420 885 feminae.
2481 849 2591 890 Con-

1353 893 1472 935 tinuo
1494 910 1674 952 namque
1698 900 1784 940 otio
1806 900 1849 940 in
1872 900 2043 943 feminas
2069 903 2331 958 degenerant.
2393 913 2525 955 Ceteri
2547 926 2588 958 et

1352 961 1475 1003 rebus
1496 963 1649 1005 bellicis
1681 965 1782 1007 dant
1810 983 1994 1024 operam,
2025 979 2066 1011 et
2083 980 2211 1014 totam
2229 978 2436 1030 regionem
2465 997 2587 1037 opere
2646 987 2652 993 '

1352 1041 1565 1083 exercent,
1587 1041 1626 1074 et
1644 1044 1869 1089 proventus
1902 1037 2010 1079 foras
2029 1038 2261 1094 deducunt,
2293 1043 2513 1100 majoribus
2533 1053 2585 1092 ad

1351 1097 1433 1139 hoe
1452 1101 1610 1142 ratibus
1622 1110 1797 1145 utentes.
1844 1106 2016 1147 Vchunt
2035 1121 2165 1161 quum
2181 1110 2271 1162 alia,
2295 1121 2383 1155 tum
2405 1115 2584 1160 fructum

1350 1171 1578 1222 praesertim
1606 1169 1850 1224 odoratum,
1872 1174 1916 1214 in
1931 1175 2126 1218 ulteriore
2148 1186 2256 1221 terra
2279 1191 2421 1224 natum
2447 1185 2460 1241 (
2482 1190 2605 1229 Ara—¹

1350 1235 1441 1277 bice
1467 1239 1692 1280 Larimnan
1709 1240 1896 1298 dicitur),
1922 1245 2101 1287 maxima
2130 1247 2237 1289 inter
2259 1259 2392 1293 cetera
2410 1254 2585 1309 thymia-

1349 1313 1460 1345 mata
1475 1304 1695 1359 fragrantia
1711 1309 1948 1363 praeditum,
1964 1327 2088 1367 quem
2104 1324 2233 1356 certas
2255 1319 2453 1372 quasdam
2470 1324 2580 1364 infir-

1348 1372 1510 1414 mitates
1526 1377 1712 1430 corporis
1726 1377 1970 1433 plerumque
1982 1381 2146 1423 vincere
2160 1385 2394 1438 perhibent.
2454 1383 2585 1432 Porro

1347 1454 1478 1494 quum
1500 1443 1611 1484 nulla
1626 1444 1759 1486 solum
1781 1446 1862 1487 hoc
1887 1447 1964 1489 alia
1989 1449 2091 1490 ferat
2108 1451 2232 1505 ligna,
2255 1453 2307 1494 ad
2333 1469 2430 1496 usus
2449 1460 2585 1512 quoti-

1346 1507 1491 1550 dianos
1528 1511 1840 1555 cinnamomum
1875 1524 1915 1556 et
1944 1518 2114 1558 cassiam
2138 1534 2258 1561 urere
2283 1530 2323 1562 et
2355 1523 2407 1564 ad
2430 1534 2586 1568 ceteros

1348 1576 1440 1617 vitae
1467 1592 1565 1618 usus
1598 1580 1801 1635 applicare
1820 1597 1984 1625 necesse
2015 1585 2183 1628 habent.
2243 1590 2349 1630 Tam
2373 1592 2582 1648 inaequali-

1346 1651 1409 1684 ter
1423 1644 1534 1687 bona
1553 1661 1625 1688 sua
1641 1648 1781 1690 divina
1798 1664 1887 1691 sors
1902 1651 2132 1705 distribuit3
2154 1655 2217 1696 his
2233 1671 2372 1698 rerum
2388 1670 2580 1715 appeten-

1344 1711 1493 1754 darum
1527 1715 1595 1755 vix
1620 1717 1868 1770 paucitatem
1902 1721 2113 1772 concedit,
2150 1723 2227 1764 illis
2263 1723 2580 1771 redundantiam

1342 1784 1526 1839 largitur.
1587 1789 1822 1832 Sabaeorum
1838 1807 1924 1833 non
1938 1796 2057 1848 pauci
2070 1797 2262 1837 coriaceis
2277 1807 2452 1841 utuntur
2467 1805 2584 1844 navi·

1342 1858 1465 1910 culis,
1483 1859 1657 1902 docente
1675 1863 1787 1904 hunc
1805 1879 1874 1905 eos
1899 1880 2021 1907 usum
2043 1868 2207 1909 refluxu
2229 1871 2374 1922 maris,
2394 1877 2581 1927 quamvis

1342 1931 1383 1970 in
1407 1931 1509 1973 luxu
1523 1942 1563 1973 et
1581 1934 1735 1976 deliciis
1764 1937 1961 1979 viventes.

1400 2016 1492 2045 102.
1519 2005 1640 2047 Nulla
1660 2008 1771 2048 enim
1785 2009 1935 2051 Sabaeis
1954 2011 2188 2066 opulentior
2206 2028 2291 2054 esse
2310 2023 2350 2055 et
2373 2017 2579 2057 Gerrhaeis

1338 2069 1557 2122 hominum
1589 2076 1703 2115 natio
1725 2075 1904 2129 videtur,
1939 2079 2011 2133 qui
2041 2080 2239 2135 quicquid
2278 2083 2355 2123 sub
2378 2084 2574 2125 calculum

1337 2142 1693 2194 transportationis
1724 2143 1834 2185 eadit
1855 2160 1905 2185 ex
1937 2147 2035 2187 Asia
2058 2155 2098 2187 et
2119 2150 2287 2203 Europa
2319 2150 2572 2206 dispensant.

555 2213 2041 2238 Ἢ

1335 2273 1480 2327 vulgus
1499 2274 1646 2318 defert.
1706 2280 1872 2320 Beatam
1892 2281 2060 2335 quidem
2080 2284 2206 2325 vitam
2228 2300 2346 2339 agere
2362 2288 2568 2340 videntur,

1335 2341 1448 2395 quod
1481 2345 1639 2384 cunetis
1663 2344 1759 2399 jura
1782 2346 1924 2388 dantes
1946 2349 2023 2403 ipsi
2057 2351 2211 2392 nullam
2244 2363 2450 2407 gestorum
2481 2371 2504 2397 a
2526 2372 2569 2398 se

1333 2411 1534 2451 rationem
1553 2411 1726 2454 reddere
1758 2409 1987 2469 coguntur3
2012 2426 2054 2458 at
2086 2418 2227 2460 infelix
2246 2420 2397 2462 horum
2430 2423 2571 2465 condi-

1333 2478 1391 2517 tio
1414 2486 1488 2528 est,
1514 2487 1716 2532 quatenus
1737 2495 1951 2536 nunquam
1975 2498 1997 2524 e
2018 2485 2129 2539 regia
2152 2487 2263 2527 exire
2292 2488 2369 2529 illis
2391 2489 2485 2530 licet
2498 2509 2509 2542 ;
2535 2493 2568 2532 si

1333 2552 1477 2585 eontra
1494 2547 1673 2599 egerint,
1693 2547 1808 2602 plebs
1825 2548 2011 2603 lapidum
2034 2550 2223 2606 conjectu
2253 2552 2341 2609 (sic
2363 2556 2474 2596 enim
2497 2571 2565 2597 ve-

1331 2621 1397 2653 tus
1409 2613 1528 2668 Jubet
1550 2616 1794 2671 oraculum)
1817 2632 1886 2658 eos
1905 2619 2060 2661 obruit.

1388 2695 1481 2723 102.
1506 2683 1628 2723 Natio
1654 2684 1741 2724 haec
1759 2700 1844 2725 non
1870 2686 2067 2728 finitimos
2100 2697 2265 2730 tantum
2284 2692 2465 2743 Arabes,
2492 2693 2563 2734 sed

1328 2758 1482 2791 ceteros
1519 2753 1641 2792 etiam
1677 2754 1867 2794 mortales
1890 2755 2042 2796 divitiis
2076 2766 2116 2797 et
2141 2760 2283 2813 quavis
2307 2775 2446 2802 rerum
2468 2777 2562 2817 pre-

1327 2934 1415 2973 rt'cm
1434 2933 1703 2988 appellatione
1717 2936 1932 2990 insignitos
1949 2946 2109 2979 tantum
2125 2939 2247 2981 fuisse
2263 2943 2454 2997 antiquos
2474 2945 2563 2984 illos

1323 3002 1363 3034 et
1384 3004 1657 3050 praepotentes
1679 3011 1792 3051 reges
1807 3029 1818 3048 ,
1833 2999 1904 3053 qui
1917 2999 2197 3050 Hadramcmt,
2215 3003 2323 3042 Saba
2334 3012 2373 3043 et
2395 3005 2563 3046 Himiar

1324 3065 1523 3112 perpetua
1545 3060 1648 3099 serie
1675 3060 1961 3114 possederunt.
1987 3082 2003 3097 n
2033 3064 2275 3104 Senum-nus
2298 3067 2430 3107 oratio
2451 3070 2472 3107 I
2497 3070 2559 3109 De

1324 3117 1424 3173 ling.
1441 3119 1570 3161 Arab.
1592 3122 1741 3175 origin.
1774 3137 1816 3177 p.
1850 3122 1919 3173 25,
1950 3124 2100 3164 citante
2121 3126 2412 3180 Wesselingio.
2442 3129 2557 3169 Cete-

1323 3194 1418 3220 rum
1456 3180 1510 3222 cf.
1546 3183 1693 3223 Strabo
1724 3198 1766 3238 p.
1808 3184 1886 3237 783
1903 3214 1915 3233 ‚
1950 3192 1992 3224 et
2021 3186 2311 3227 Eratosthenes
2344 3202 2410 3242 ap.
2451 3190 2560 3230 Stra-

1323 3242 1424 3284 bon.
1445 3257 1489 3299 p.
1514 3246 1610 3298 768.
1632 3247 1695 3286 De
1717 3259 1861 3300 regum
1883 3245 2122 3287 conditione
2144 3247 2196 3287 cf.
2219 3249 2453 3290 Heraclides
2476 3253 2558 3292 Cu-

1322 3319 1471 3346 manus
1493 3306 1589 3358 (Fr.
1610 3307 1766 3348 Hister.
1790 3309 1845 3358 H,
1862 3321 1905 3362 p.
1926 3322 1994 3362 97,
2022 3307 2089 3364 4.)
2108 3322 2174 3363 ap.
2195 3309 2439 3352 Athenaeum
2457 3313 2554 3365 XII,

1320 3381 1364 3423 p.
1390 3367 1484 3422 517,
1509 3370 1558 3409 B.

1377 3433 1400 3483 S
1434 3435 1529 3474 101.
1568 3433 1674 3473 Cum
1703 3432 1840 3473 Photii
1868 3433 2068 3488 excerptis
2098 3433 2150 3474 cf.
2176 3435 2464 3478 Artemidorus
2486 3452 2553 3493 ap.

1319 3492 1578 3534 Strabonem.
1597 3518 1654 3525 —
1675 3492 1741 3534 15.
1763 3492 1994 3548 ἀραδιστὶ
2020 3493 2099 3549 δὲ]
2129 3493 2170 3535 δὲ
2191 3509 2276 3537 om.
2300 3498 2348 3538 B.
2377 3500 2459 3539 Pro
2481 3498 2552 3539 λά-

1320 3570 1456 3611 ριμναν
1472 3554 1761 3597 Artemidorus
1779 3554 1981 3611 λάριμνον.
2004 3559 2022 3610 Η
2038 3580 2095 3587 —-
2115 3561 2181 3598 16.
2207 3556 2298 3612 ἔχο
2311 3560 2421 3615 vra]
2443 3559 2546 3615 ἔχων

1317 3618 1486 3672 C.11—
1506 3618 1559 3658 ὃν
1590 3618 1822 3674 κρατεῖν]
1843 3620 1901 3669 Β;
1928 3616 1982 3659 ὧν
1999 3620 2151 3673 κρατεῖν
2172 3620 2378 3675 AC.11-—
2401 3635 2465 3676 17.
2484 3625 2549 3678 γέι

1318 3681 1458 3734 νους]
1483 3680 1590 3735 γένος
1634 3682 1718 3721 ΑΒ.
1765 3681 1780 3734 11
1817 3704 1875 3712 -
1897 3681 1948 3730 ὡς
1977 3680 2038 3723 ἐπὶ
2058 3681 2103 3722 τὸ
2131 3681 2232 3723 πολὺ
2268 3698 2355 3725 om.
2388 3686 2437 3725 Β.
2460 3688 2548 3736 11-

1321 3754 1389 3782 21.
1407 3741 1466 3782 τὰ
1505 3742 1685 3796 αὐτῆς]
1717 3740 1851 3794 ἑαυτῆς
1867 3743 1913 3784 C.
1932 3744 2027 3798 Η-
2047 3747 2115 3793 24.
2134 3745 2303 3800 πορείο
2319 3747 2385 3801 ις]
2404 3746 2551 3794 πλοίοις

1318 3803 1573 3844 Artemidor.
1603 3803 1787 3858 Intellige
1809 3805 1964 3860 σχεδίας
1982 3807 2208 3862 δερματίνας
2226 3806 2263 3855 ἐξ
2282 3807 2428 3858 ἀσκῶν,
2450 3822 2548 3861 quas

1314 3864 1416 3906 dicit
1444 3868 1687 3920 Anonymus
1716 3875 1862 3908 auctor
1893 3869 2039 3924 peripli
2062 3871 2186 3910 maris
2211 3869 2411 3924 Erythraei
2438 3872 2560 3922 §270

1317 3927 1438 3968 Conf.
1462 3927 1705 3969 Ptolemaeus
1726 3930 1804 3980 VI,
1832 3944 1856 3985 7
1874 3961 1885 3981 ‚
1921 3931 2115 3986 Stephan.
2136 3934 2232 3986 Byz.
2272 3945 2310 3971 v.
2343 3930 2541 3981 Ἀσκῖται,

1312 3989 1420 4030 Juba
1442 4004 1507 4046 ap.
1528 3989 1707 4031 Plinium
1725 3993 1810 4044 VI,
1837 3995 1877 4042 4.
1899 3994 2146 4042 Etiamnunc
2166 3993 2207 4033 in
2228 4006 2306 4033 usu
2327 4000 2436 4033 sunt.
