2808 4342
72 261 176 323 άπερ
208 259 398 322 Πέρσαι,
435 255 498 302 ὅτι
530 254 600 301 καὶ
634 253 778 317 ὅμοροί
816 255 894 299 εἶσι
923 254 1126 317 Πέρσῃσι·
1155 255 1226 300 καὶ
1250 255 1301 299 τὰ

70 331 109 381 ἐς
144 329 211 374 τὸν
252 327 430 386 πόλεμον
451 323 661 375 ’ὡσαύτως
692 322 952 383 κοσμέονται.
1023 325 1073 383 (2)
1114 323 1302 370 Ἐνθένδε

71 398 239 460 ἄραντες
260 398 306 442 ἐκ
327 397 401 449 τῆς
427 392 551 448 νήσου
574 396 647 448 τῆς
670 395 758 454 ἱρῆς
781 391 894 454 παρὰ
917 391 990 448 τὴν
1012 391 1199 454 Περσίδα
1220 389 1300 448 ἤδη

69 467 240 512 ἔπλωον·
274 462 345 509 καὶ
381 461 632 522 κατάγονται
667 464 706 513 ἐς
727 459 844 508 Ἴλαν
877 464 1034 523 χῶρον,
1069 460 1137 507 ἵνα
1173 460 1300 521 λιμὴν

27 552 47 580 5
69 534 167 597 πρὸς
180 532 306 589 νήσου
320 534 495 594 σμικρῆς
511 530 581 576 καὶ
593 530 751 593 ἐρήμης
765 530 932 591 γίνεται·
950 530 1103 590 οὔνομα
1120 534 1172 590 τῇ
1188 530 1301 592 νήσῳ

67 601 338 663 Καίκανδρος·
356 603 377 645 ὁ
397 599 439 644 δὲ
459 597 581 657 πλόος
600 598 759 643 στάδιοι
776 597 1045 659 τετρακόσιοι.
1117 597 1167 660 (3)
1191 597 1300 644 ‘rub

67 670 108 717 δὲ
132 670 204 726 τὴν
226 670 279 715 ἕω
299 673 338 722 ἐς
358 669 486 726 ἄλλην
512 672 634 724 νῆσον
659 667 898 718 πλώσαντες
920 666 1155 729 ὁρμίζονται
1171 669 1297 712 οἷκεο-

67 739 208 800 μένην·
231 739 298 785 ἵνα
330 738 401 784 καὶ
426 736 683 800 μαργαρίτην
719 741 923 799 θηρᾶσθαι
954 736 1063 796 λέγει
1087 735 1296 798 Νέαρχος,

63 809 250 870 κατάπερ
285 810 326 853 ἐν
349 811 398 868 τῇ
430 807 571 852 Ἰνδῶν
603 805 810 867 θαλάσσῃ.
879 803 1047 861 Ταύτης
1078 809 1150 860 τῆς
1172 806 1298 860 νήσου

3 893 42 923 10
63 878 137 934 τὴν
159 879 288 940 ἄκρην
305 875 659 938 παραπλώσαντες
682 876 870 927 σταδίους
888 878 943 927 ὣς
975 875 1299 938 τεσσαράκοντα,

63 950 240 994 ἐνταῦθα
265 946 547 1008 ὡρμίσθησαν·
579 947 628 1007 (4)
654 946 810 990 ἐνθένδε
834 945 933 1006 πρὸς
953 944 1037 1006 ὄρεϊ
1065 943 1298 1005 ὁρμίζονται

62 1018 207 1079 ὑψηλῷ
232 1008 395 1077 (ῗΩχος
417 1015 571 1074 οὔνομα
595 1017 653 1078 τῷ
675 1013 790 1076 ὄρεϊ)
813 1016 853 1058 ἐν
870 1014 1003 1074 λιμένι
1027 1015 1203 1075 εὐόρμῳ·
1229 1013 1298 1058 καὶ

65 1085 197 1136 ἁλιέες
225 1086 347 1130 αὐτοῦ
373 1083 516 1147 ᾤκεον.
588 1085 636 1145 (5)
665 1084 746 1129 Καὶ
781 1082 888 1128 ἔνθεν
912 1082 1150 1134 πλώσαντες
1184 1101 1295 1127 στα-

86 1192 1351 1200 n-———————-——-———————-—————-‘

61 1240 276 1301 uetusque
295 1245 348 1286 ad
366 1245 591 1299 Bagradam
617 1245 630 1300 (
651 1244 775 1285 hodie
793 1244 972 1298 Nabon)
989 1244 1176 1293 fluvium.
1204 1245 1219 1297 Η
1245 1267 1301 1274 -—

67 1321 104 1348 1.
146 1309 368 1362 κατάπερ
405 1308 609 1362 Πέρσαι.
636 1309 650 1362 ]
676 1307 740 1347 Cf.
773 1306 921 1348 Strabo
954 1320 997 1361 p.
1037 1319 1118 1360 727
1145 1319 1154 1347 :
1177 1305 1299 1359 Νέαρ-

61 1385 133 1423 χος
151 1370 191 1410 δὲ
215 1371 262 1411 τὰ
284 1370 450 1411 πλεῖστα
467 1369 533 1421 ἔθη
555 1369 620 1410 καὶ
638 1367 706 1419 τὴν
727 1368 930 1409 διάλεκτον
948 1372 1022 1409 τῶν
1047 1368 1298 1423 Καρμανιτῶν

60 1431 228 1486 Περσικά
243 1447 283 1472 τε
303 1431 368 1472 καὶ
396 1430 552 1482 Μηδικὰ
573 1429 713 1485 εἴρηκε.
743 1430 864 1473 Adde
884 1445 974 1485 quae
996 1429 1108 1470 idem
1130 1430 1181 1469 de
1201 1431 1299 1469 Car-

61 1494 193 1533 manis
227 1508 277 1533 ex
309 1493 541 1533 Onesicrito
564 1494 704 1533 refert.
732 1495 749 1546 {l
779 1517 835 1524 —
858 1497 899 1542 4.
923 1493 1061 1534 Ἴλαν
1082 1498 1244 1548 χῶρον
1262 1495 1296 1548 ].

58 1554 118 1595 lla
140 1570 292 1595 nomen
313 1563 517 1610 superstes
539 1563 599 1594 est
629 1556 671 1594 in
689 1554 895 1594 hodierno
917 1555 1008 1595 loco
1027 1554 1164 1608 Djilla
1183 1555 1298 1595 Aba·

59 1616 122 1657 de.
144 1620 337 1658 Attamen
364 1632 449 1657 non
469 1617 512 1656 in
534 1616 646 1656 hunc
667 1615 806 1655 locum
826 1615 1031 1670 appulisse
1045 1617 1296 1666 Nearchum,

60 1679 131 1719 sed
154 1680 290 1734 paullo
322 1681 451 1733 magis
476 1692 666 1719 occasum
695 1691 857 1727 versus,
901 1692 923 1717 e
958 1678 1125 1731 regione
1158 1679 1300 1718 insulae

63 1741 301 1790 Inderabia,
321 1741 494 1782 suadent
510 1755 601 1795 quae
619 1748 876 1794 sequuntur:
892 1738 959 1779 ἵνα
978 1736 1098 1794 λιμὴν
1121 1739 1212 1794 πρὸς
1232 1741 1300 1791 νή-

63 1820 182 1845 σου...
194 1804 443 1859 Καΐκανδρος.
458 1805 520 1844 Eo
533 1817 655 1843 sensu
668 1801 999 1857 Kempthornius
1014 1815 1110 1842 cum
1117 1801 1176 1842 Ila
1186 1817 1299 1843 com-

57 1867 176 1920 ponit
193 1865 339 1906 chit-oa
353 1865 505 1905 vicum.
528 1864 619 1918 11-—
636 1863 675 1904 5.
696 1862 838 1918 ἐρήμου
858 1865 909 1904 L.
929 1864 1018 1918 11-:-
1037 1867 1077 1904 6.
1093 1863 1299 1905 Καΐκαν-

59 1928 168 1982 δρος
192 1928 207 1982 ]
230 1928 289 1968 sic
311 1927 416 1968 ABC
430 1935 470 1967 et
499 1926 625 1978 vulgo
641 1933 734 1965 ante
757 1924 1086 1976 Schmiederum‚
1101 1926 1172 1980 qui
1192 1941 1242 1966 ex
1266 1929 1300 1966 L

60 1991 215 2044 recepit
240 1990 477 2044 Κέκανδρος,·
500 1988 630 2029 codex
654 1990 692 2028 D
717 1987 942 2043 Κίκοτνδρος.
965 1988 1204 2029 διεσαιιτῖινιε
1226 2003 1301 2028 no-

62 2066 156 2092 men
176 2052 288 2107 apud
310 2052 490 2093 Plinium
515 2053 531 2104 (
551 2066 590 2092 v,
613 2059 700 2091 not.
726 2050 782 2091 ad
798 2065 888 2106 cap.
912 2052 963 2105 37
982 2050 996 2107 )
1021 2052 1198 2091 restituit
1218 2052 1300 2092 Sal-

59 2115 232 2164 masius3
258 2113 420 2155 codices
442 2114 563 2154 Plinii
597 2112 869 2164 Cascandrus,
906 2112 1174 2162 euremarus,
1205 2117 1300 2154 Car-

59 2176 259 2219 scattdrus
273 2208 284 2228 ‚
333 2175 651 2217 Sasaicandrus.
704 2175 862 2216 Eadem
908 2175 1078 2215 sortasse
1134 2178 1300 2227 Kataga

58 2250 228 2282 vocatur
245 2241 289 2280 in
308 2241 463 2291 Geogr.
488 2240 590 2278 Rav.
610 2237 638 2277 l.
659 2237 688 2277 l.
709 2237 899 2290 Denique
917 2235 1128 2276 Caecandri
1148 2250 1299 2277 nomen

59 2303 277 2345 Salmasius
314 2310 355 2341 et
378 2299 621 2343 narduinus
654 2298 799 2352 reponi
831 2297 1049 2337 volucrunt
1086 2312 1153 2352 ap.
1189 2298 1295 2339 Plin.

58 2365 134 2413 VI,
160 2367 227 2413 26,
248 2366 269 2416 5
287 2378 356 2417 99,
375 2362 448 2403 ubi
461 2376 515 2401 ex
537 2364 560 2402 J
564 2361 642 2401 uba
664 2361 720 2399 ita
735 2359 884 2400 refert:
903 2360 1057 2400 Insulae
1072 2362 1101 2399 I
1102 2362 1147 2399 V
1147 2360 1241 2413 jam
1259 2361 1300 2401 in

57 2424 153 2464 sina
179 2433 274 2464 ante
312 2422 503 2464 Persida.
538 2421 652 2462 Circa
676 2421 752 2461 llas
773 2420 893 2475 hydri
924 2420 1078 2461 marini
1114 2420 1300 2462 vicenum

58 2486 288 2527 cubitorum
313 2485 565 2526 adnatantes
589 2493 760 2523 terruere
784 2483 969 2523 classem.
999 2483 1144 2522 Insula
1166 2484 1299 2528 Atlzo-

62 2548 236 2588 thaclms
259 2550 276 2601 (
298 2546 551 2588 Cata-andrus
572 2546 702 2586 Hard.
726 2545 758 2601 ),
788 2545 882 2585 item
908 2549 1118 2593 Gauratae,
1148 2544 1189 2584 in
1210 2545 1301 2600 qui-

59 2611 135 2651 bus
151 2610 286 2664 Gyani
297 2625 395 2662 gens
408 2610 588 2662 ;ffc:men
608 2607 785 2664 Hyperis
803 2607 844 2649 in
859 2607 989 2649 medio
1004 2607 1099 2649 sinu
1117 2607 1296 2649 Persico.

58 2672 293 2727 Καίκανδρος
310 2686 423 2712 nunc
441 2680 503 2711 est
531 2670 769 2719 Inderabia,
792 2670 1030 2718 Andarvia,
1062 2671 1296 2721 Angarvia,

59 2733 111 2774 de
130 2749 210 2788 qua
230 2734 318 2774 haec
342 2732 676 2788 Kempthornius
694 2746 737 2786 p.
764 2733 841 2772 281
864 2744 918 2781 ζα
948 2731 1166 2772 Inderabia
1193 2733 1226 2772 is
1249 2734 1300 2772 si-

59 2795 200 2836 tuated
219 2795 312 2836 four
328 2810 375 2835 or
393 2795 473 2835 five
487 2794 600 2834 miles
616 2793 723 2834 from
740 2793 810 2834 the
827 2794 939 2833 main
952 2793 1071 2844 land;
1093 2793 1173 2834 and
1186 2795 1300 2834 there

60 2860 94 2898 is
116 2873 139 2899 a
161 2858 277 2899 small
299 2867 411 2898 town
434 2870 490 2900 on
515 2858 584 2897 the
605 2856 807 2897 northern
841 2856 950 2906 side,
976 2856 1113 2896 where
1132 2872 1156 2897 a
1175 2858 1300 2898 vessel

60 2934 153 2975 may
176 2920 242 2973 get
264 2919 454 2974 supplied
473 2918 573 2960 with
591 2926 719 2972 goat5‚
745 2918 884 2973 sheep,
909 2918 991 2958 and
1013 2933 1126 2958 some
1142 2929 1300 2973 vegeta-

60 2982 159 3023 bles.
183 2983 274 3023 The
288 2980 421 3022 island
443 2983 499 3032 is,
523 2981 730 3030 however,
756 2980 902 3020 almost
924 2981 1206 3030 incultivated‚
1232 2983 1300 3023 the

60 3045 215 3084 natives
237 3044 390 3098 merely
411 3044 596 3097 growing
618 3057 719 3082 corn
751 3042 833 3083 and
853 3043 1078 3096 vegetables
1105 3043 1168 3083 for
1194 3045 1301 3084 their

61 3120 154 3148 own
181 3108 488 3162 consumption.
510 3107 598 3147 We
618 3105 826 3146 anchored
846 3104 1000 3145 osfthis
1026 3106 1156 3146 island
1180 3107 1220 3146 in
1238 3108 1299 3147 six

61 3169 143 3208 and
158 3184 179 3210 a
197 3178 363 3224 quarter
384 3169 578 3218 sathoms,
602 3176 683 3208 two
704 3167 818 3207 miles
839 3166 946 3207 from
963 3168 1032 3207 the
1054 3170 1165 3207 main
1186 3169 1296 3209 land.

60 3230 150 3270 The
168 3232 352 3271 harbour
374 3232 407 3271 is
423 3231 505 3272 safe
524 3229 608 3272 and
632 3229 941 3281 commodious,
971 3229 1054 3270 and
1072 3246 1096 3271 a
1117 3232 1243 3272 vessel
1267 3233 1300 3272 is

61 3291 150 3331 well
165 3292 365 3332 sheltered
382 3293 428 3332 in'
443 3293 475 3333 it
494 3291 601 3332 from
618 3306 642 3332 a
661 3292 909 3332 north-west
927 3292 1041 3332 wind
1056 3308 1066 3341 ;
1084 3293 1154 3333 the
1176 3302 1302 3335 water

63 3353 97 3392 is
119 3351 223 3406 deep
255 3353 361 3393 close
378 3361 421 3393 to
447 3353 516 3393 the
538 3353 656 3404 land;
678 3353 756 3394 but
782 3354 850 3394 the
869 3354 1044 3395 channel
1069 3355 1252 3397 between
1271 3358 1302 3398 it

63 3413 146 3455 and
165 3415 233 3454 the
258 3417 368 3455 main
387 3415 484 3456 land
503 3416 536 3454 is
559 3416 698 3455 rather
723 3413 970 3469 dangerous‚
996 3417 1078 3457 and
1108 3420 1236 3473 ought
1258 3428 1301 3460 to

63 3476 115 3516 be
145 3475 334 3527 avoided,
371 3491 413 3517 as
449 3477 565 3517 there
582 3478 616 3516 is
639 3492 694 3517 no
731 3476 868 3531 object
896 3487 939 3518 to
973 3480 1065 3532 gain
1097 3480 1151 3535 by
1180 3483 1302 3536 going

64 3537 299 3589 through.»
332 3538 423 3591 [1-
443 3552 494 3591 7.
521 3537 566 3585 ἐς
599 3538 761 3589 ἄλλην
796 3541 947 3590 νῆσον
971 3542 986 3595 ]
1011 3543 1204 3582 Proxime
1244 3559 1303 3585 se-

64 3607 251 3654 quuntur
282 3599 423 3639 insulae
454 3598 571 3650 duae,
593 3599 772 3646 Slzitwar
794 3601 943 3655 exigua
964 3603 1084 3656 eique
1115 3604 1302 3658 adjacens

65 3660 199 3714 major
217 3660 493 3715 habitataque,
518 3660 662 3702 Sheiklz
687 3662 786 3702 Aba
811 3663 973 3717 Sleeiyib
1006 3665 1090 3705 sive
1111 3667 1298 3722 Schayib,

69 3722 183 3776 quod
203 3737 354 3762 nomen
371 3717 492 3776 vulgo
511 3723 768 3765 contrahitur
781 3725 822 3765 in
843 3726 1045 3768 Busheab.
1064 3729 1126 3768 De
1148 3729 1303 3784 majore

65 3785 144 3826 hac
180 3784 311 3825 insula
351 3785 576 3826 Arrianum
614 3784 728 3839 loqui
774 3797 910 3829 censet
954 3790 1300 3846 Kempthornius.

70 3847 199 3886 «This
216 3845 377 3899 island(
396 3845 727 3901 Kempthornius
748 3848 804 3888 ait
823 3848 837 3903 )
859 3849 892 3889 is
914 3849 993 3891 low
1011 3851 1094 3892 and
1117 3852 1201 3903 ssat,
1221 3854 1307 3895 and

64 3911 98 3949 is
122 3905 249 3948 about
270 3908 407 3949 eleven
432 3908 546 3952 miles
568 3907 720 3950 distant
750 3909 855 3951 from
887 3912 955 3952 the
980 3914 1209 3956 main-land
1223 3932 1234 3966 ;
1272 3919 1304 3957 it

66 3970 254 4010 contains
272 3984 296 4010 a
321 3969 434 4010 small
451 3978 578 4020 town,
599 3971 838 4027 principally
858 3973 1066 4015 inhabited
1083 3976 1137 4031 by
1154 3978 1299 4030 Arabs,

1082 155 1372 204 HISTORIA
1400 152 1641 207 lNDICA.

2517 186 2607 224 361.-

1374 273 1533 307 torum.
1593 266 1755 306 Vivunt
1788 268 1983 308 Carmani
2015 270 2232 310 Persarum
2264 285 2380 313 more
2392 289 2404 324 ;
2439 290 2533 317 nam
2569 291 2610 321 et

1373 333 1507 371 Persis
1525 332 1691 372 finitimi
1711 340 1829 382 sunt,
1855 332 2085 388 eodemque
2101 335 2225 375 etiam
2242 351 2452 381 armorum
2471 351 2510 382 et
2532 344 2613 384 bel-

1373 396 1484 437 landi
1504 412 1651 451 genere
1668 406 1861 439 utuntur.
1921 399 1984 452 (2)
2006 399 2147 440 Soluta
2164 401 2260 442 inde
2279 403 2414 456 classe,
2435 410 2612 451 Persidis

1377 473 1492 499 oram
1512 459 1599 514 jam
1621 460 1965 514 praetervehentes
1996 461 2040 500 in
2062 460 2165 502 Ilam
2183 462 2318 503 locum
2343 468 2607 522 appulerunt,

1375 520 1444 560 ubi
1467 530 1612 575 portus
1641 522 1693 562 ab
1716 522 1848 562 insula
1868 536 1995 576 parva
2025 537 2072 563 ac
2094 523 2254 565 deserta
2278 525 2469 570 efficitur.
2527 534 2610 572 No-

1373 597 1468 622 men
1493 583 1634 623 insulae
1657 582 1905 624 Caecandrus
1931 592 2043 635 erat;
2070 587 2275 640 navigatio
2299 597 2437 630 autem
2464 593 2611 633 stadio-

1371 658 1466 684 rum
1503 644 1917 698 quadringentorum.
1979 647 2042 700 (3)
2077 648 2162 688 Sul)
2197 664 2390 692 auroram
2414 654 2457 693 in
2490 654 2608 696 aliam

1372 707 1549 748 insulam
1569 707 1794 748 habitatam
1816 707 1938 748 delati
1965 717 2076 760 sunt,
2114 711 2156 751 in
2188 726 2268 766 qua
2289 714 2462 768 perinde
2490 726 2613 772 atque

1372 770 1415 809 in
1454 771 1557 810 mari
1590 768 1737 810 Indico
1778 771 2041 824 margaritam
2077 774 2166 828 capi
2206 765 2415 817 Nem-eiius
2450 781 2607 822 scribit.

1373 831 1508 887 Hujus
1531 832 1669 873 insulae
1687 836 1976 887 promontorio
1987 838 2325 890 praeternavigato
2339 870 2351 890 ‚
2369 840 2495 883 stadia
2513 857 2612 898 qua·

1374 895 1563 948 draginta
1584 895 1763 944 emensi,
1793 898 2080 939 constiterunt.
2142 900 2206 952 (4)
2228 900 2331 942 Inde
2350 902 2402 943 ad
2427 914 2610 950 montem

1372 957 1593 1007 excelsum,
1616 957 1780 998 Ochum
1796 957 1968 1007 dictum,
1983 960 2230 1015 appulerunt
2246 964 2288 1003 in
2303 974 2424 1019 portu
2442 981 2466 1007 a
2480 970 2611 1009 ventis

1373 1028 1487 1069 tuto,
1530 1028 1570 1060 et
1612 1020 1833 1075 piscatores
1869 1036 1915 1062 ea
1952 1022 2040 1062 loca
2080 1023 2308 1065 habitantes
2348 1039 2605 1083 repererunt.

1371 1084 1432 1136 (5)
1452 1082 1556 1123 Inde
1567 1097 1732 1124 rursum
1745 1085 1966 1135 solventes,
1983 1086 2293 1141 „quadringentis
2313 1092 2609 1147 quinquaginta

1374 1243 1467 1283 who
1489 1243 1566 1283 live
1591 1258 1646 1284 on
1668 1244 1746 1284 fish
1768 1244 1851 1284 and
1871 1244 2011 1296 dates;
2050 1247 2133 1287 and
2155 1249 2189 1288 is
2218 1250 2511 1303 uncultivated‚
2535 1253 2610 1294 but

1373 1306 1562 1346 abounds
1599 1308 1640 1346 in
1671 1315 1798 1360 goats.
1824 1308 1914 1348 The
1946 1309 2144 1361 harbour,
2170 1311 2219 1351 of
2234 1312 2369 1353 which
2401 1315 2611 1356 Nearchus

1373 1367 1532 1421 speak5‚
1559 1369 1592 1408 is
1622 1384 1676 1409 on
1697 1370 1766 1410 the
1796 1378 1970 1411 western
1998 1380 2180 1413 extreme
2210 1374 2258 1414 of
2275 1375 2344 1415 the
2367 1376 2498 1416 island
2515 1409 2525 1427 ‚
2555 1394 2609 1418 on

1373 1430 1442 1469 the
1464 1431 1588 1471 north
1624 1431 1734 1481 side,
1774 1433 1911 1474 where
1942 1435 2057 1476 there
2091 1437 2123 1476 is
2147 1437 2255 1490 good
2294 1439 2522 1493 anchorage
2549 1440 2615 1481 for

1374 1492 1518 1531 vessels
1555 1507 1657 1533 even
1686 1493 1735 1532 of
1761 1493 1871 1547 large
1900 1495 2096 1537 burthen.
2123 1515 2139 1536 »
2175 1499 2335 1551 Quodsi
2360 1503 2385 1541 J
2389 1502 2468 1543 uba
2501 1504 2611 1558 apud

1372 1553 1550 1593 Plinium
1568 1557 1590 1607 §
1613 1570 1665 1607 99
1680 1554 1951 1596 Caecandrum
1970 1559 2134 1599 Arriani
2153 1561 2462 1604 Athotlmclrum
2478 1563 2606 1613 dixit,

1374 1625 1696 1656 consentaneum
1713 1625 1773 1656 cst
1794 1617 1974 1658 Slzitwar
2003 1629 2044 1660 et
2066 1622 2252 1662 Bucheab
2282 1624 2432 1665 insulas
2458 1627 2609 1680 signari

1373 1678 1507 1717 verbis
1539 1679 1734 1719 Plinianis
1769 1692 1777 1718 z
1812 1682 2008 1721 Gauratoe
2029 1683 2044 1736 [
2063 1684 2234 1725 Goroale
2261 1684 2374 1726 locus
2407 1688 2450 1728 in
2480 1689 2610 1730 insula

1372 1741 1591 1795 notatur],
1628 1740 1669 1780 ia
1698 1740 1848 1795 quibus
1878 1743 2012 1796 Gyani
2036 1759 2148 1795 gens.
2187 1746 2328 1787 Altero
2358 1748 2481 1789 Plinii
2519 1750 2610 1791 loco

1374 1802 1395 1851 S
1427 1813 1504 1842 110
1536 1815 1661 1855 supra
1686 1801 1893 1855 adscripto
1930 1804 2061 1844 insula
2092 1815 2232 1846 nostra
2259 1815 2430 1848 vocatur
2457 1810 2611 1850 Stoidis

1373 1861 1617 1913 margaritis
1636 1872 1884 1917 quaestuosa.
1902 1865 2022 1904 Conf.
2045 1865 2104 1906 id.
2122 1868 2199 1917 IX,
2223 1867 2273 1916 54
2294 1881 2304 1908 :
2329 1869 2610 1910 Fertilissima

1373 1933 1433 1963 est
1450 1925 1466 1977 (
1482 1925 1713 1978 margaritis
1733 1924 1746 1980 )
1783 1927 2020 1981 Taprobane
2044 1937 2083 1968 et
2103 1928 2273 1978 Stoidis,
2298 1939 2345 1970 ut
2366 1930 2551 1972 diximus
2569 1933 2611 1973 in

1372 1985 1722 2027 circuitamundi.
1748 1988 2017 2043 Geographus
2041 1992 2142 2031 Rav.
2166 1999 2259 2046 post
2282 1995 2475 2044 Catagam
2495 1996 2511 2047 (
2524 1995 2612 2034 Καί-

1372 2049 1535 2102 κανδρον
1552 2050 1568 2102 )
1602 2057 1823 2089 memorat·
1835 2051 2050 2099 Ostanam,
2079 2066 2170 2106 quae
2187 2067 2211 2092 a
2233 2052 2364 2093 Stoidi
2387 2054 2507 2094 Plinii
2526 2070 2612 2095 non

1373 2118 1433 2150 est
1455 2110 1631 2151 diversa.
1654 2113 1792 2165 Atque
1813 2110 1919 2152 hene
1942 2113 1985 2152 id
2012 2104 2165 2154 nomen
2191 2114 2368 2168 quadrat
2397 2130 2491 2156 cum
2520 2117 2610 2158 loco

1372 2175 1597 2226 Ap-ostana
1625 2173 1947 2228 (Aba-ostana)
1985 2176 2028 2215 in
2059 2174 2215 2230 objecta
2243 2177 2496 2220 continente.
2526 2182 2608 2220 Pro

1376 2236 1534 2273 Ostana
1545 2233 1788 2274 Ptolemaeus
1804 2234 1926 2275 habet
1937 2237 2184 2288 Sagclanam,
2205 2237 2243 2278 ἐν
2259 2236 2283 2294 ᾗ
2301 2240 2434 2294 μίλτος
2451 2241 2609 2295 (exspe-

1373 2294 1508 2333 ctabas
1542 2294 1580 2334 ἐν
1611 2290 1852 2351 ᾗπινικόνι).
1884 2298 1995 2336 Num
2027 2299 2266 2339 etiamnunc
2301 2301 2528 2353 margaritae
2551 2302 2608 2343 ibi

1373 2357 1601 2409 capiantur,
1620 2358 1758 2396 nescio
1769 2372 1780 2406 ;
1796 2358 1950 2398 accolas
1971 2373 2069 2399 vero
2082 2358 2356 2414 objacentisin
2374 2363 2608 2404 continente

1371 2425 1516 2470 portus
1549 2418 1735 2470 (Bender
1760 2419 1978 2473 Nakhila)
2002 2422 2180 2475 optimos
2199 2436 2285 2462 esse
2316 2423 2544 2464 urinatores
2569 2434 2609 2466 et

1372 2481 1684 2532 margaritarum
1694 2490 1904 2522 venatores
1918 2482 2044 2523 refert
2056 2484 2236 2524 Ritterus
2244 2486 2361 2535 Vm,
2371 2499 2515 2540 p.777.
2528 2488 2610 2527 De-

1372 2541 1498 2594 nique
1527 2541 1580 2581 ad
1608 2542 1714 2583 hanc
1743 2543 1917 2584 insulam
1944 2546 2151 2599 pertinere
2182 2560 2273 2601 quae
2304 2561 2354 2587 ex
2372 2547 2534 2594 Isidoro
2556 2549 2608 2590 de

1372 2605 1608 2659 margaritas
1618 2606 1976 2662 capiendiratione
1985 2616 2206 2649 narrantur
2221 2606 2278 2664 (V.
2295 2622 2417 2664 supra
2429 2624 2472 2664 p.
2489 2611 2605 2664 254),

1372 2677 1509 2708 censet
1545 2668 1779 2709 Salmasius.
1824 2670 1840 2724 ss
1874 2694 1929 2700 —
1962 2680 2028 2711 10.
2070 2668 2152 2721 τὴν
2182 2669 2341 2726 ἄκρην
2385 2673 2606 2726 παραπλ.

1373 2746 1396 2769 σ
1408 2745 1461 2770 τα
1473 2731 1493 2769 δ
1507 2731 1601 2778 ίους
1622 2731 1653 2770 ὧ
1666 2748 1681 2778 ς
1704 2747 1751 2772 τε
1763 2747 1877 2786 τταρ
1890 2733 1919 2786 ,]
1934 2732 2264 2787 Kempthornius
2284 2733 2327 2773 in
2343 2733 2475 2788 ipsam
2501 2735 2610 2776 insu-

1372 2793 1451 2832 lam
1474 2793 1707 2834 Nearchum
1737 2795 1939 2850 appulisse
1959 2803 2096 2835 censet
2113 2794 2381 2849 probabiliter
2391 2811 2409 2846 ;ι
2429 2804 2607 2838 attamen

1371 2869 1456 2894 non
1476 2855 1519 2894 in
1548 2855 1790 2896 occidentali
1827 2855 1914 2910 ejus
1936 2857 2192 2897 extremitate
2215 2871 2375 2898 ancorae
2390 2856 2472 2912 jaci
2491 2868 2604 2913 pote-

1368 2925 1479 2974 rant,
1515 2932 1646 2971 quum
1666 2918 1855 2958 Busheab
1889 2919 2020 2959 insula
2038 2918 2275 2972 longissima
2302 2920 2368 2969 sit,
2410 2923 2609 2962 Arrianus

1372 2993 1469 3019 vero
1485 2980 1650 3019 nonnisi
1662 2994 1736 3034 per
1747 2983 1800 3028 4ο
1813 2980 1943 3038 stadia
1954 2981 2338 3036 praeternavigatum
2353 2995 2439 3022 esse
2451 2983 2546 3023 inde
2557 2985 2607 3024 ab

1372 3040 1458 3094 ejus
1469 3042 1724 3081 extremitate
1733 3041 1857 3083 dicat.
1867 3043 2097 3083 Vincentus
2110 3050 2254 3083 contra
2268 3043 2311 3082 in
2331 3043 2606 3083 continentem

1372 3102 1423 3143 ad
1432 3105 1564 3158 ripam
1579 3103 1871 3144 occidentalem
1882 3105 2070 3144 Darabin
2086 3104 2200 3144 fluvii
2215 3104 2446 3144 Nearchum
2456 3106 2607 3145 consti-

1372 3166 1467 3206 tisse
1488 3174 1619 3220 putat,
1645 3165 1747 3205 adeo
1770 3174 1814 3205 ut
1830 3169 1883 3214 4ο
1901 3166 2029 3206 stadia
2039 3165 2316 3221 computanda
2331 3167 2412 3206 sint
2425 3166 2476 3206 ab
2495 3167 2608 3207 Slzit-

1374 3243 1460 3268 war
1487 3229 1563 3268 ins.
1587 3228 1639 3268 ad
1659 3229 1951 3269 continentem.
1973 3231 2034 3269 Ac
2049 3242 2145 3268 sane
2168 3229 2210 3268 in
2229 3242 2378 3282 mappa
2398 3228 2605 3281 Berghau-

1373 3291 1485 3330 siana
1513 3290 1691 3331 Shitwar
1716 3304 1739 3329 a
1760 3290 1996 3330 continente
2031 3289 2153 3330 distat
2191 3290 2490 3345 quinquaginta
2521 3291 2605 3332 fere

1373 3352 1513 3392 stadiis
1528 3367 1538 3401 ;
1557 3350 1628 3392 sed
1647 3351 1769 3391 verba
1783 3352 1941 3391 Arriani
1965 3351 1978 3407 (
1995 3366 2086 3406 quae
2101 3353 2238 3407 inepte
2261 3354 2382 3393 vertit
2400 3354 2601 3394 G'osselin.

1372 3417 1449 3464 ΙΙΙ,
1470 3424 1513 3469 p.
1537 3429 1588 3469 79
1607 3416 1622 3468 )
1645 3415 1862 3455 stationem
1879 3413 1931 3454 ad
1950 3415 2078 3469 ipsam
2098 3415 2273 3456 insulam
2303 3415 2426 3456 fuisse
2439 3414 2601 3470 jubent.

1379 3478 1395 3531 Η
1418 3501 1475 3508 —
1496 3490 1561 3517 12.
1578 3475 1598 3496 '³
1610 3476 1678 3531 Ωχ
1691 3492 1737 3523 ος
1754 3476 1769 3530 ]
1792 3476 1931 3517 Ochus
1954 3490 2072 3516 mons
2095 3475 2217 3518 fuisse
2232 3476 2353 3518 debet
2371 3479 2605 3518 extremitas

1374 3539 1652 3580 meridionalis
1675 3539 1826 3578 montis
1842 3539 1961 3578 Dalzr
1976 3539 2139 3592 Asban,
2162 3548 2306 3595 portus
2325 3548 2462 3581 autem
2480 3542 2604 3581 Near-

1375 3602 1439 3642 chi
1459 3601 1683 3642 hodiernus
1704 3599 2058 3642 BenderNalckilu
2076 3602 2162 3642 sive
2183 3603 2323 3645 Nachl
2341 3602 2355 3657 (
2376 3602 2602 3657 palmarum

1374 3666 1544 3720 portus)
1561 3662 1613 3704 ad
1634 3662 1841 3717 Darjabin
1863 3662 1926 3703 vel
1945 3663 2126 3705 Kalaton
2146 3664 2209 3705 vel
2227 3663 2401 3705 Sidekan
2421 3666 2492 3717 (V.
2515 3666 2601 3704 Rit-

1375 3736 1451 3768 ter.
1475 3727 1592 3775 VIII,
1610 3739 1652 3780 p.
1675 3726 1771 3779 752.
1798 3725 1906 3782 777)
1925 3726 2043 3777 ssuv.,
2065 3741 2189 3782 quem
2211 3730 2367 3767 Damm
2386 3725 2484 3765 dicit
2506 3727 2600 3764 Pto·

1376 3790 1552 3829 lemaeus.
1576 3789 1737 3828 Nomen
1762 3788 1896 3828 Ochus
1919 3788 2015 3829 sort.
2040 3797 2101 3830 est
2119 3788 2407 3842 indigenarum
2426 3786 2596 3833 Notscle,

1377 3869 1459 3908 quo
1478 3853 1644 3893 nomine
1671 3854 1817 3907 saepius
1837 3855 2043 3895 montium
2061 3856 2232 3895 vertices
2255 3860 2467 3900 vocantur,
2493 3851 2599 3890 sicut

1376 3917 1440 3957 ille
1469 3917 1537 3970 qui
1566 3930 1689 3970 supra
1721 3917 1856 3957 sinum
1878 3918 2152 3972 promontorii
2180 3915 2350 3963 Guadel,
2375 3922 2495 3966 atque
2511 3912 2597 3962 ille,

1376 3980 1444 4034 qui
1462 3993 1585 4034 supra
1601 3979 1755 4019 Assalu
1770 3980 1911 4020 urbem
1930 3988 1968 4020 et
1984 3983 2066 4035 Cal)
2081 3978 2268 4020 Nabeud.
2288 4001 2342 4007 —-
2353 3975 2602 4029 Kempthor-
