2808 4342
489 37 540 90 ο
575 20 583 33 ’

92 286 94 289 .
153 252 244 292 438
524 266 568 306 0

154 346 272 409 76ssss
293 342 406 392 ἐστὶν
424 342 574 405 ὑψηλή
593 336 719 397 λιμήν
742 337 831 381 ἐστι
847 331 972 377 παντὶ
990 329 1147 392 ἀνέμῳ·
1169 327 1278 390 ὕδωρ
1296 328 1384 391 ἔχει

154 400 197 461 ε”ν
218 414 310 477 [τῇ]
336 411 479 474 πρώτῃ
502 408 615 467 νάπῃ
646 406 701 455 εἷς
727 402 775 448 τὸ
804 400 904 462 πρὸς
933 398 1046 445 νότον
1083 397 1227 460 μέρος,
1262 399 1304 442 ἐν
1326 401 1385 461 τῷ

155 482 332 546 σρουρίῳ
343 517 357 540 ,
374 479 559 540 ὄμὸριον.
995 536 1006 552 Ι
1180 535 1192 552 Ι

166 534 173 546 ⁹
216 568 273 600 ⁸0.
310 549 410 596 Ἀπὸ
447 543 731 601 Καταὸαθμοῦ
772 541 828 591 εἷς
864 540 1084 598 Πετραντα
1115 537 1272 582 σταδιοι
1307 536 1381 599 ρν’.

115 635 136 662 b
161 618 465 684 Παραπλεύσας
503 615 556 663 ὥς
596 609 784 660 σταδίους
815 607 854 654 λ’
889 606 982 671 ὄψει
1016 604 1385 670 παρεμφαίνουσαν

153 690 283 751 ἄκραν
307 683 467 748 ὑψηλὴν
486 680 558 727 καὶ
576 679 777 740 μεγάλην·
797 680 889 724 κατ’
911 674 1037 731 αὐτὴν
1066 676 1159 739 ὄψει
1179 677 1236 729 εἷς
1258 676 1384 724 σάλον

154 759 223 804 καὶ
250 757 395 814 λίμνην
428 750 629 812 μεγάλην·
653 750 700 795 ἐκ
722 747 766 794 δὲ
795 750 876 793 τῶν
905 747 1125 805 εὐωνύμων
1146 745 1384 808 χειροποίη·

149 846 215 876 τος
235 824 357 885 ὅρμος
379 821 501 868 ἐστίν·
526 818 614 882 ἔχει
648 818 692 864 δὲ
714 817 824 879 ὕδωρ
845 815 923 862 ὑπὸ
953 815 1027 871 τὴν
1053 818 1196 870 συκῆν·
1222 813 1284 860 διὸ
1314 813 1387 860 καὶ

151 898 172 940 ὁ
193 893 314 943 τόπος
338 892 455 944 Συκῆ
478 890 682 935 καλεῖται.

91 978 130 1007 tn
215 979 272 1008 ai.
309 961 408 1007 Ἀπὸ
430 961 568 1013 Συκῆς
587 958 644 1009 εἷς
662 954 883 1017 Πάνορμον
903 954 1063 1000 στάδιοι
1086 952 1139 1000 λ’·
1167 953 1278 1010 νάπη
1301 953 1388 1000 ἐστὶ

155 1032 311 1093 βαθεῖα·
330 1028 443 1091 ’ὕδωρ
462 1027 549 1090 ἔχει
569 1026 648 1071 ὑπὸ
668 1023 741 1077 τὰς
763 1031 888 1075 συκᾶς
911 1022 1018 1069 πάνυ
1041 1022 1183 1069 καλόν.

213 1117 270 1146 32.
309 1097 407 1144 Ἀπὸ
434 1095 656 1157 Πανόρμου
694 1093 762 1139 ἐπὶ
795 1092 870 1149 τὴν
905 1093 1082 1154 Εὗρεῖαν
1119 1091 1278 1138 στάδιοι
1312 1091 1388 1154 ρν’·

1267 223 1555 273 ΑΝΟΝΥΜῘ

1457 333 1600 390 (σνΡ);
1617 342 1681 376 est
1698 335 1812 390 regio
1833 333 1939 387 alta3
1961 329 2108 391 poi-tm
2135 337 2192 380 ibi
2211 339 2327 381 omni
2360 346 2505 389 vent03
2538 352 2688 394 aquam

1455 402 1579 444 habet
1611 404 1654 444 in
1676 405 1810 459 prima
1840 403 2023 446 convalle
2051 418 2195 459 versus⁸
2223 406 2438 450 meridiem
2478 409 2605 467 [etp]
2645 411 2688 451 in
2756 407 2758 411 ’

1456 468 1620 513 castello
1639 471 1876 528 pluvialem.

1512 540 1581 582 3ο.
1613 543 1649 582 Α
1666 540 1938 583 Catabathmo
1953 539 2007 583 ad
2023 541 2260 583 Petrantem
2281 542 2298 598 [
2312 545 2509 597 Magnum
2523 545 2540 603 ]
2560 546 2690 588 stadia

1460 607 1554 651 150.
1614 610 1907 651 Praetervectus
1940 624 1965 652 a
1985 610 2256 652 Catabathmo
2289 609 2343 652 ad
2375 611 2506 655 stadia
2527 614 2597 666 3ο,
2630 615 2691 656 vi·

1455 676 1572 720 debis
1587 677 1708 734 juxta
1727 693 1928 736 apparens
1955 681 2292 736 promontorium
2314 680 2442 722 altum
2476 696 2693 738 magnum·

1457 760 1564 802 que;
1584 757 1623 789 et
1644 762 1775 805 prope
1790 748 1833 790 id
1848 748 2049 805 spectabis
2064 749 2106 791 in
2118 749 2250 791 salum
2268 758 2309 791 et
2320 749 2453 792 lacum
2469 765 2691 807 magnum;

1457 829 1481 857 a
1503 816 1679 858 sinistris
1702 826 1841 859 autem
1873 818 2106 862 manufacta
2134 827 2195 861 est
2217 821 2364 871 statio;
2393 835 2542 876 aquam
2571 820 2695 864 habet

1458 883 1536 925 sub
1551 883 1655 935 ficu;
1673 893 1927 942 quapropter
1945 886 2030 943 ipse
2045 886 2170 929 etiam
2188 887 2302 930 locus
2317 889 2438 930 Ficus
2452 889 2694 946 appellatur.

1517 953 1584 994 31.
1620 955 1656 994 A
1690 953 1793 995 Ficu
1829 951 1882 995 ad
1916 955 2171 996 Panormum
2202 955 2333 998 stadia
2368 958 2422 999 30
2435 973 2447 1007 ;
2487 957 2600 999 vallis
2636 965 2688 1000 est

1459 1021 1692 1077 profunda;
1719 1036 1869 1078 aquam
1890 1021 2015 1064 habet
2034 1022 2113 1065 sub
2131 1022 2292 1066 ficubus
2312 1025 2556 1081 perbonam.

1517 1093 1585 1133 32.
1619 1094 1652 1133 A
1677 1092 1887 1133 Panormo
1908 1090 1961 1133 ad
1989 1092 2167 1133 Euream
2199 1093 2285 1134 sive
2306 1094 2450 1135 Latam
2481 1093 2612 1137 stadia
2646 1097 2699 1136 50

157 1272 604 1331 Kassr·1.adjedabiul›‚
627 1272 775 1322 ruinae,
795 1269 849 1312 de
872 1269 1024 1325 quibus
1047 1270 1102 1310 ita
1123 1268 1261 1311 Pacho
1279 1268 1312 1311 l.
1332 1268 1361 1310 l.
1379 1282 1388 1310 :

158 1361 175 1375 -
197 1340 254 1381 Ge
272 1343 533 1386 monument,
549 1349 608 1376 un
628 1333 703 1375 des
715 1333 808 1390 plus
822 1331 1124 1374 considerables
1142 1346 1224 1387 que
1229 1330 1302 1387 j’ai
1318 1346 1393 1373 vus

152 1401 255 1443 dans
273 1400 312 1442 la
333 1399 625 1454 Marmarique‚
654 1396 718 1438 sut
745 1396 855 1437 eleve
883 1409 959 1452 par
986 1394 1043 1436 les
1071 1395 1290 1438 Sarrasins.
1314 1395 1393 1436 Les

153 1478 269 1505 murs
292 1469 536 1504 conservent
556 1473 708 1501 encore
729 1467 845 1500 toute
864 1458 956 1499 leur
979 1457 1208 1499 hauteur...
1230 1457 1279 1498 ils
1300 1464 1396 1498 sont

151 1526 374 1568 construits
399 1538 452 1566 en
484 1522 608 1564 helles
636 1522 795 1572 assises,
831 1520 935 1562 mais
963 1518 1203 1576 depourvus
1230 1518 1284 1560 de
1304 1527 1397 1561 tout

152 1595 371 1630 ornemcnt
390 1584 734 1636 d'architecture3
752 1582 863 1625 deux
886 1590 1002 1624 tom-s
1023 1583 1183 1624 carreoe
1201 1590 1296 1624 sont
1314 1597 1395 1624 aux

151 1650 289 1706 angles
308 1649 367 1691 du
395 1648 488 1691 cote
514 1647 701 1698 d'ouoet3
729 1645 1069 1689 interieurement
1089 1653 1150 1687 est
1178 1659 1237 1687 un
1258 1646 1393 1701 puits,

150 1721 191 1755 et
223 1713 305 1754 l’on
332 1712 420 1753 voit
449 1709 523 1752 ἀῶ
555 1709 743 1753 aecaliers
777 1710 990 1766 pratiques
1022 1707 1126 1750 dans
1158 1708 1398 1764 l’epaisseur

151 1774 224 1816 des
237 1788 351 1815 murs
369 1787 479 1830 pour
495 1774 653 1815 arriver
670 1786 723 1814 au
738 1780 932 1813 sommet.
955 1773 1033 1814 Loe
1045 1770 1221 1827 grandes
1238 1769 1398 1813 dimen-

150 1839 265 1879 sions
277 1835 331 1878 de
349 1844 415 1877 eet
439 1834 584 1877 edifice
596 1868 607 1886 ,
644 1835 716 1891 qui
743 1834 806 1875 sut
822 1833 1135 1890 probahlement
1152 1847 1210 1874 un
1226 1833 1399 1876 chateau

151 1898 258 1951 fort,
292 1896 433 1940 donne
468 1912 551 1939 une
579 1898 705 1939 haute
729 1896 820 1938 idee
852 1895 905 1937 de
927 1895 1156 1938 l’ancienne
1183 1896 1399 1952 puissance

152 1960 227 2003 des
248 1961 413 2017 prinoae
427 1958 571 2001 arabes
587 1958 690 2000 dans
712 1966 817 1999 cette
835 1960 1027 2008 contree;
1055 1966 1096 1998 et
1120 1971 1196 2013 par
1213 1971 1257 1999 sa
1274 1958 1399 1999 situa-

154 2026 243 2066 tion
260 2022 284 2066 ὲ
305 2032 451 2080 quatre
482 2023 631 2064 heures
653 2022 726 2063 des
745 2022 837 2077 plus
863 2021 1005 2061 hautes
1025 2028 1266 2075 montagnes
1284 2019 1337 2062 de
1362 2020 1399 2062 la

153 2087 451 2142 Marmarique,
467 2094 507 2127 et
522 2084 546 2126 a
565 2099 647 2126 une
659 2084 770 2139 egale
788 2083 973 2124 distance
984 2082 1037 2124 de
1052 2083 1088 2124 la
1103 2097 1207 2133 mer,
1222 2083 1250 2124 il
1269 2084 1401 2139 parait

152 2151 270 2192 avoir
288 2151 353 2192 ete
374 2148 533 2191 doetine
548 2162 600 2189 en
623 2149 758 2189 meme
776 2155 909 2202 temps
931 2144 953 2187 a
974 2144 1173 2187 defendi-e
1195 2145 1232 2187 le
1247 2145 1401 2190 littoral

152 2220 193 2254 et
220 2210 244 2254 a
272 2212 465 2269 proteger
488 2210 717 2252 l’interieur
748 2209 821 2251 des
850 2217 978 2249 terres
1006 2215 1150 2249 contre
1170 2220 1252 2249 une
1287 2207 1401 2249 inva-

153 2275 244 2315 sion
271 2272 326 2314 de
360 2272 523 2314 l’ouest.
560 2273 689 2314 Entre
718 2270 1004 2327 Ladjedabiah
1032 2277 1073 2311 et
1105 2268 1313 2311 l'Akabala
1339 2278 1402 2312 δι

155 2350 211 2378 un
243 2336 355 2393 puits
392 2335 464 2391 qui
496 2330 730 2391 appartient
764 2332 788 2375 a
824 2334 862 2375 la
904 2334 1040 2374 meme
1073 2333 1261 2388 e'poque3
1295 2331 1400 2375 l'eau

153 2415 206 2441 cn
227 2407 289 2441 oet
320 2398 556 2441 excellente.
591 2415 607 2437 n
633 2398 767 2439 Nimis
796 2406 933 2438 tamen
960 2396 1039 2437 hoc
1072 2395 1282 2437 castellum
1308 2404 1350 2439 et
1377 2412 1403 2439 a

156 2460 367 2503 montibus
396 2469 437 2503 et
457 2460 559 2502 valle
594 2468 636 2502 et
668 2475 742 2502 ora
761 2459 977 2509 dissitum,
1006 2466 1052 2499 ut
1079 2458 1226 2501 eodem
1243 2459 1286 2500 in
1310 2458 1402 2502 loco

156 2524 411 2580 τετραπυργία
430 2523 590 2579 Polybii
620 2532 662 2565 et
675 2523 855 2579 φρούριον
875 2520 1092 2564 Stadiasmi
1111 2520 1234 2563 fuisse
1255 2524 1399 2578 possit.

156 2589 477 2629 Monumentum
501 2602 600 2628 vero
622 2586 754 2628 simile
776 2586 903 2627 suerit
919 2586 973 2635 ei,
995 2584 1111 2640 quod
1127 2599 1212 2627 non
1234 2585 1355 2641 longe
1377 2602 1403 2629 a

163 2649 375 2690 Toubrouk¹
392 2649 493 2702 (ubi
518 2648 760 2704 Ἀντίπυργος
781 2647 894 2690 Stad.
920 2651 943 2701 S
966 2648 1017 2689 38
1035 2652 1050 2701 )
1071 2649 1112 2688 in
1133 2648 1289 2690 Klekah
1311 2649 1403 2691 loco

158 2711 327 2763 (Gonia
363 2713 403 2751 in
431 2714 583 2766 Geogr.
616 2714 716 2754 Rav.
752 2713 807 2752 V.
839 2710 981 2753 Barth.
1011 2710 1319 2764 lVancler-ungen
1354 2714 1400 2764 1,

159 2786 202 2828 p.
226 2773 337 2826 512)
361 2772 464 2814 vidit
493 2774 630 2816 Pacho
651 2789 695 2830 p.
733 2777 786 2827 49
811 2787 821 2814 ·.
852 2790 868 2811 α
895 2773 1034 2814 Parmi
1056 2772 1114 2813 les
1135 2774 1275 2815 ruinas
1299 2772 1403 2815 d’un

159 2835 260 2891 petit
274 2834 408 2889 bourg
423 2867 434 2885 ,
456 2850 510 2876 on
543 2838 629 2877 voit
647 2844 793 2891 quatre
814 2834 973 2876 massiss
992 2850 1043 2876 en
1066 2835 1234 2891 briques
1258 2850 1400 2889 cruae,

160 2906 406 2939 conservant
424 2897 481 2939 les
510 2906 635 2938 restes
662 2897 764 2937 d’un
795 2899 1047 2938 revetement
1066 2913 1117 2938 en
1147 2899 1303 2953 pierres
1326 2912 1335 2940 ε
1356 2898 1405 2942 ils

161 2966 257 3001 sont
279 2960 425 3014 tang&
446 2960 856 3016 symmetriqucment
873 2989 884 3008 ,
909 2958 962 2999 de
993 2959 1173 3000 muniere
1202 2958 1226 3001 a
1249 2961 1405 3003 former

160 3021 219 3063 loe
237 3030 384 3078 quatre
404 3021 542 3078 angles
564 3021 666 3064 d’un
685 3020 817 3077 grand
840 3022 971 3070 carre,
990 3020 1093 3061 dont
1113 3021 1148 3062 le
1167 3023 1285 3077 point
1313 3038 1406 3065 cen·

162 3082 239 3127 tra!
258 3091 321 3126 αἱ
348 3085 506 3141 occupe
538 3098 614 3142 par
648 3098 707 3126 un
739 3084 851 3140 puits
880 3085 981 3124 orne
1005 3083 1173 3137 d’auges
1201 3093 1241 3126 ct
1263 3088 1404 3127 crcuse

161 3145 264 3188 dans
296 3145 335 3189 le
364 3161 439 3190 roc
466 3146 569 3189 d’un
599 3145 691 3203 gres
711 3146 991 3190 schisteux....
1027 3147 1104 3187 Ces
1126 3147 1285 3188 massiss
1310 3158 1404 3190 sont

162 3208 536 3252 indubitahlement
567 3210 625 3251 les
644 3217 773 3252 restes
793 3207 846 3251 de
868 3216 1013 3264 quatre
1050 3216 1191 3260 tours,
1221 3218 1261 3251 et
1286 3219 1403 3265 peut·

160 3273 247 3314 etre
264 3285 346 3328 que
363 3272 401 3315 le
420 3273 525 3329 petit
545 3272 681 3327 bourg
692 3268 750 3314 ou
769 3270 816 3312 ils
834 3284 878 3311 se
892 3278 1101 3323 trouvent,
1122 3284 1285 3314 comme
1300 3271 1403 3314 celui

163 3333 222 3375 «lu
240 3343 360 3377 mont
391 3335 712 3387 Catabathmus,
737 3348 837 3376 aura
858 3331 955 3390 'pris
980 3333 1083 3375 dans
1111 3333 1340 3391 l'antiquite
1369 3334 1405 3377 le

165 3413 262 3439 nom
281 3397 335 3440 de
357 3398 643 3457 Terram-mia.
669 3417 685 3437 ι»
705 3422 760 3430 -
774 3399 925 3439 Portus
943 3397 996 3438 ab
1014 3398 1129 3439 omni
1150 3406 1271 3440 vento
1293 3406 1405 3440 tutus

166 3461 207 3501 in
229 3461 374 3503 intimo
393 3462 544 3517 angulo
557 3493 569 3514 ,
590 3476 613 3503 a
628 3476 714 3517 quo
734 3460 903 3502 boream
917 3474 1061 3501 versus
1076 3475 1147 3502 ora
1164 3461 1403 3514 reflectitur,

166 3522 415 3576 quaerendus
433 3524 612 3566 videtur.
636 3526 677 3565 Is
701 3524 825 3564 suerit
848 3522 998 3571 Πλῦνος
1017 3523 1247 3576 Strabonis,
1272 3524 1406 3581 Scyla-

165 3584 225 3625 cis
253 3592 294 3625 et
315 3585 519 3627 Herodoti
542 3586 649 3643 (IV,
674 3588 726 3629 68
750 3589 782 3639 ),
803 3586 875 3641 qui
899 3600 949 3627 eo
972 3601 1103 3643 usque
1134 3586 1405 3644 Adyrmachi-

166 3644 240 3689 das
270 3649 518 3704 pertinuisse
550 3650 691 3691 refert.
730 3650 952 3705 Kiepertus
983 3651 1156 3706 Plynum
1194 3651 1408 3708 componit

166 3722 262 3750 cum
290 3710 498 3754 Panormo
531 3711 747 3753 stadiasmi
774 3715 796 3765 5
825 3713 891 3752 31.
921 3713 935 3765 ῃ
973 3737 1029 3744 -
1052 3716 1143 3770 τῇ]
1178 3723 1273 3756 ante
1305 3716 1406 3771 νάπῃ

168 3785 338 3815 inserui.

225 3837 248 3887 S
283 3839 352 3878 30.
397 3833 696 3891 Πετράντα]
728 3837 927 3894 Περάυντα
960 3839 1003 3881 Ιι.
1036 3840 1063 3881 l.
1100 3839 1259 3891 codex;
1286 3844 1310 3896 ς
1335 3841 1405 3884 33.

171 3896 240 3945 33..
269 3900 322 3947 (10
344 3909 353 3938 :
380 3897 451 3945 ἕως
476 3896 756 3955 Πετρεῦοντος,
783 3899 844 3942 ἐπὶ
872 3901 938 3942 τὸν
960 3902 1199 3958 Περεὺοντα,
1241 3903 1316 3947 ἀπὸ
1341 3908 1409 3947 τοῦ

148 3968 150 3970 ’
174 3962 311 4013 μικροῦ
327 3959 574 4014 Περεΰοντος.
596 3961 675 4003 Hic
690 3970 751 4004 est
767 3965 908 4005 Petras
927 3963 948 4004 ὁ
969 3966 1100 4020 μέγας,
1123 3980 1246 4021 quem
1266 3967 1407 4023 Scylax

172 4032 213 4073 p.
241 4023 288 4061 81
315 4029 355 4062 et
374 4022 616 4065 Ptolemaeus
634 4033 799 4076 vocant,
818 4034 859 4067 et
888 4027 972 4082 ipsc
993 4029 1142 4070 Noster
1170 4043 1331 4071 vocasse
1351 4031 1408 4071 vi-

175 4078 310 4131 detur,
331 4097 459 4137 quum
484 4087 507 4137 §
528 4087 581 4134 40
608 4085 780 4130 alterum
819 4090 1052 4132 Petu-antem
1084 4091 1232 4146 Μικροῦ
1261 4106 1410 4146 cogno·

1419 3891 1422 3893 ‚
1477 3842 1666 3895 spacieux
1687 3857 1768 3897 quc
1790 3843 1845 3884 les
1868 3844 2024 3886 Arabes
2046 3854 2261 3887 nomnient
2279 3846 2646 3897 Marsale-Soloum,
2670 3854 2730 3902 et&

1463 1270 1575 1310 mine
1599 1268 1840 1323 distinguat.
1865 1267 2001 1310 Stadia
2035 1268 2113 1311 150
2134 1270 2343 1326 pertinent
2370 1284 2501 1326 usque
2522 1271 2574 1313 ad
2598 1286 2702 1328 prae-

1464 1333 1633 1389 cipuum
1670 1331 1794 1387 hujus
1846 1346 1929 1373 orae
1967 1340 2136 1387 portum
2150 1363 2162 1383 ‚
2204 1346 2329 1388 quem
2363 1334 2575 1389 Smythius
2604 1343 2703 1393 pore

1464 1393 1665 1444 Bardiah,
1686 1394 1855 1451 plurimi
1879 1408 1976 1435 vero
1991 1402 2093 1451 port
2120 1394 2300 1436 Solimon
2319 1404 2481 1438 vocant.
2507 1397 2595 1439 Hae
2617 1411 2701 1441 me-

1464 1466 1623 1500 morata
1636 1457 1846 1509 distantia,
1860 1466 2005 1500 auctor
2014 1458 2244 1500 accuratius
2258 1458 2454 1502 describit
2463 1474 2580 1502 oram
2597 1461 2706 1504 inter

1465 1521 1783 1564 Catabathmum
1827 1530 1868 1563 et
1904 1523 2138 1563 Petrantem
2181 1520 2450 1578 interjectam.
2483 1524 2568 1565 Nos
2604 1538 2704 1567 vero

1465 1585 1690 1639 quominus
1725 1585 2005 1626 narrationem
2041 1582 2094 1624 de
2136 1584 2306 1638 singulis
2338 1584 2572 1642 quibusque
2606 1601 2703 1630 cum
2803 1628 2808 1644 ,

1466 1646 1667 1691 hodierna
1685 1647 1871 1689 locorum
1894 1647 2053 1688 ratione
2074 1661 2388 1703 componamus,
2424 1648 2702 1705 impedimur;
2796 1645 2808 1688 i

1467 1724 1564 1752 nam
1586 1711 1695 1752 inter
1711 1711 1961 1752 recentiores
1984 1718 2128 1751 nautas
2158 1710 2383 1751 viatoresve
2402 1725 2487 1753 non
2510 1713 2608 1754 novi
2629 1713 2704 1770 qui

1466 1772 1579 1814 hunc
1600 1781 1776 1815 tractum
1791 1788 1839 1814 ea
1856 1786 1984 1832 quam
1998 1787 2062 1813 res
2082 1780 2220 1814 nostra
2235 1773 2429 1829 postulat,
2445 1776 2709 1819 accuratione

1466 1835 1742 1893 descripserit.
1763 1837 1780 1892 ΙΙ
1799 1851 1950 1892 -παρ
1963 1836 2116 1878 απλεύ
2130 1837 2247 1892 σας]
2267 1851 2326 1878 sc.
2345 1836 2421 1879 ἀπὸ
2439 1841 2507 1879 τοῦ
2524 1838 2707 1881 lta-:ofia-

1469 1901 1583 1955 Θμοῦ.
1613 1900 1630 1955 ΙΙ
1655 1923 1712 1932 -
1733 1899 1805 1948 εἰς
1837 1898 1986 1940 σάλον
2005 1900 2021 1955 ]
2048 1898 2099 1948 εἰς
2115 1898 2207 1954 ejici
2226 1899 2356 1941 voluit
2373 1900 2499 1952 Gail.,
2517 1915 2602 1957 quo
2616 1903 2708 1959 qui·
2747 1943 2750 1947 ,

1468 1961 1564 2004 dem
1594 1977 1700 2019 opus
1721 1976 1806 2004 non
1825 1970 1900 2004 est.
1928 1963 2027 2017 11-
2059 1961 2150 2003 ὑπὸ
2183 1960 2270 2013 τὴν
2308 1966 2458 2015 συκῆν
2479 1964 2495 2021 ]
2517 1963 2580 2007 ἐπὶ
2599 1980 2637 2007 τ.
2666 1981 2704 2007 σ.

1468 2025 1615 2067 codex.
1641 2025 1706 2067 Cs.
1726 2028 1748 2079 S
1768 2025 1816 2067 31
1842 2024 1915 2067 ὕπὸ
1934 2023 2001 2073 τὰς
2022 2026 2150 2074 συκᾶς.
2175 2026 2191 2080 ΙΙ
2214 2049 2272 2058 -
2288 2025 2350 2066 Συ
2363 2029 2417 2079 κῆ
2446 2026 2708 2084 καλεῖται]

1468 2089 1663 2131 Similiter
1694 2103 1717 2131 a
1749 2087 1910 2130 ficubus
1943 2102 2057 2130 nunc
2083 2102 2236 2130 nomen
2270 2088 2393 2131 habet
2428 2089 2708 2134 Chersonesus

1469 2158 1655 2193 veterum
1672 2152 1714 2204 (S
1732 2150 1822 2208 45),
1859 2150 1932 2206 qui
1960 2150 2087 2193 hodie
2108 2158 2280 2193 vocatur
2302 2154 2387 2194 Bas
2414 2161 2454 2193 et
2476 2152 2555 2195 Tin
2584 2155 2602 2208 (
2621 2155 2651 2197 i.
2667 2169 2706 2198 e.

1468 2227 1608 2270 prom.
1626 2212 1831 2267 ficuum).
1849 2235 1910 2245 —
1931 2213 2127 2255 Ceterum
2147 2220 2242 2269 post
2265 2213 2392 2256 verba
2405 2214 2509 2268 Συκῆ
2531 2215 2711 2259 καλεῖται

1470 2277 1514 2317 in
1525 2275 1668 2318 codice
1681 2274 1873 2330 leguntur
1887 2274 1975 2317 haec
1993 2287 2003 2317 t
2022 2275 2199 2318 Γίνονται
2213 2274 2312 2333 ὁμοῦ
2331 2274 2408 2319 ἀπὸ
2432 2274 2710 2337 Ἀλεξανδρείας

1472 2340 1544 2388 ἕως
1559 2338 1814 2395 Πετρεὺοντος
1838 2337 1896 2395 (l.
1912 2337 2129 2395 Πετράντος
2143 2338 2158 2397 )
2174 2339 2298 2393 Συκῆς
2311 2339 2461 2381 στάδιοι
2476 2339 2575 2398 ,ας-2
2599 2343 2660 2384 Δο
2671 2358 2710 2384 ι-

1471 2402 1561 2444 πὸν
1602 2401 1929 2459 Μαρμαρική.
1966 2404 2105 2456 Quam
2133 2402 2362 2445 stadiorum
2386 2406 2711 2449 consummatio·

1472 2479 1568 2506 nem
1587 2472 1629 2507 et
1659 2465 1868 2521 sequentis
1896 2465 2041 2522 capitis
2064 2465 2253 2518 titulum,
2285 2480 2415 2522 quum
2450 2468 2494 2509 in
2527 2469 2712 2524 margine

1471 2529 1624 2585 scripta
1643 2528 1837 2570 librarius
1859 2529 2072 2584 repererit,
2094 2530 2136 2571 in
2151 2529 2342 2573 ordinem
2364 2531 2589 2577 verborum
2607 2535 2721 2579 reci?
2799 2584 2801 2587 Α

1471 2592 1589 2647 piens
1618 2590 1723 2633 male
1749 2589 1963 2633 collocavit
1983 2600 2077 2647 post
2098 2592 2219 2635 verba
2237 2593 2339 2647 Συκῆ
2360 2594 2553 2648 καλεῖται,
2578 2605 2633 2648 et,
2664 2606 2712 2641 ut
2795 2595 2804 2607 ”

1472 2655 1620 2696 seriem
1639 2654 1827 2696 locorum
1850 2654 2091 2696 continuam
2110 2654 2304 2708 efficeret,
2318 2670 2396 2713 pro
2411 2658 2483 2707 ἕως
2497 2658 2714 2717 Πετράντος

1472 2717 1635 2774 scripsit
1664 2717 1736 2765 ἕως
1758 2716 1974 2773 Πετράντος
1991 2716 2128 2769 Συκῆς.
2156 2719 2242 2760 Nos
2268 2719 2356 2761 haec
2384 2722 2711 2778 transposuimus

1474 2781 1515 2821 in
1539 2782 1562 2833 S
1589 2779 1657 2831 33,
1684 2780 1811 2821 misso
1834 2779 1961 2821 verbo
1989 2779 2127 2832 Συκῆς.
2152 2781 2277 2834 Quod
2314 2782 2415 2838 quin
2438 2793 2548 2827 recte
2570 2783 2713 2828 seceri-
2794 2829 2798 2833 ,

1472 2857 1565 2884 mus
1577 2874 1588 2893 ,
1607 2841 1790 2884 dubitari
1816 2842 1973 2899 nequit.
1995 2843 2159 2884 Etenim
2184 2859 2207 2885 a
2226 2845 2496 2889 Catabathmo
2511 2861 2641 2904 usque
2657 2849 2710 2892 ad

1476 2906 1671 2963 Κάρδαμιν
1687 2905 1807 2962 ἄκραν
1827 2904 2102 2962 άπολήγουσαν
2122 2907 2207 2949 sive
2226 2922 2358 2964 usquc
2377 2909 2428 2951 ad
2450 2913 2534 2953 Ras
2551 2910 2591 2953 el
2608 2912 2715 2955 He!-

1475 2969 1558 3019 lale,
1584 2969 1627 3011 in
1663 2968 1778 3025 quod
1809 2967 1960 3011 desinit
1987 2968 2057 3011 hic
2086 2984 2168 3011 orae
2202 2979 2382 3023 tractus,
2408 2986 2549 3029 reapse
2580 2973 2711 3017 stadia

1474 3039 1574 3072 sunt
1609 3034 1716 3082 2603
1756 3039 1900 3073 contra
1936 3045 2033 3073 vero
2071 3032 2300 3075 secundum
2329 3034 2515 3077 codicem
2538 3049 2711 3093 compu-

1475 3091 1600 3134 tanda
1626 3092 1762 3134 forent
1782 3092 1913 3134 stadia
1946 3093 2435 3145 15o-l-3o†3o·l-150-l-‘
2463 3096 2596 3146 -1-150
2625 3098 2711 3142 sive

1477 3154 1651 3205 luo-{³3
1672 3154 1786 3210 quod
1811 3163 1892 3197 tam
1915 3155 2035 3211 longe
2066 3171 2089 3198 a
2110 3172 2206 3198 vero
2234 3157 2363 3208 abest,
2389 3167 2434 3200 ut
2452 3158 2620 3202 obtrudi
2639 3174 2712 3203 au·

1475 3218 1578 3258 ctori
1596 3226 1737 3258 nostro
1750 3232 1872 3258 nemo
1892 3218 2001 3259 velit.
2029 3220 2150 3260 Mitto
2175 3220 2287 3275 quod
2306 3235 2387 3263 sec.
2411 3221 2611 3277 vulgatam
2625 3237 2709 3267 non

1475 3278 1560 3320 duo
1575 3281 1785 3321 Petrantes
1800 3294 1894 3320 cum
1910 3280 2074 3337 Scylace
2085 3291 2124 3323 et
2141 3282 2375 3335 Ptolemaeo,
2390 3284 2459 3326 scd
2479 3293 2558 3328 tres
2577 3286 2619 3328 in
2633 3286 2712 3330 hac
2764 3324 2766 3326 ,

1475 3356 1548 3384 ora
1565 3340 1843 3397 distinguendi
1861 3342 2010 3386 forent.
2738 3341 2744 3348 ’

1531 3407 1555 3457 S
1577 3409 1644 3447 31.
1678 3404 1883 3462 Πάνορμον
1922 3417 2121 3449 memorat
2155 3410 2277 3451 etiam
2314 3410 2578 3463 Ptolemaeus,
2609 3411 2715 3455 alius
2748 3423 2751 3427 “

1475 3480 1612 3508 nemo.
1639 3469 1678 3508 1s
1704 3483 1791 3509 csse
1815 3477 1959 3525 portus
1980 3469 2156 3522 videtur,
2191 3486 2314 3527 quem
2345 3473 2483 3514 pacho
2503 3474 2544 3515 in
2564 3488 2713 3532 mappa
2752 3503 2755 3505 -

1476 3543 1548 3570 sua
1573 3529 1756 3572 medium
1781 3531 1863 3573 sere
1883 3532 1989 3573 inter
2015 3534 2332 3577 Catnlmthmum
2352 3545 2392 3578 et
2409 3538 2510 3577 Por!
2532 3536 2718 3580 Solimon
2751 3544 2756 3550 ²

1477 3590 1669 3643 collocat,
1707 3601 1747 3633 ct
1774 3595 1921 3635 Marsa
1943 3594 2100 3636 Soloum
2136 3597 2272 3638 vocari
2301 3596 2403 3639 dicit
2430 3597 2459 3640 l.
2486 3596 2514 3640 Ι.
2553 3613 2595 3655 p.
2626 3600 2710 3649 [032

1482 3671 1498 3692 α
1519 3654 1674 3696 'randis
1703 3670 1784 3710 que
1818 3671 1923 3698 nous
1945 3659 2210 3701 continuions
2229 3657 2252 3701 a
2279 3661 2494 3716 parcourir
2526 3660 2562 3703 la
2578 3660 2715 3718 plaine
2744 3692 2749 3696 -

1477 3715 1529 3757 de
1551 3720 1588 3757 Z
1590 3718 1691 3757 arula
1708 3733 1759 3759 en
1781 3734 1887 3760 nous
1906 3719 2110 3776 ‹lirigcant
2124 3736 2214 3763 vem
2233 3722 2269 3763 le
2289 3722 2547 3773 nord-uuest.
2558 3722 2713 3780 J’aper·
2740 3772 2742 3775 v

1477 3792 1549 3834 cus
1571 3778 1673 3820 dans
1714 3780 1749 3821 lc
1774 3781 1966 3832 loiutain,
1992 3797 2071 3824 aux
2105 3782 2232 3824 bords
2254 3782 2307 3825 de
2333 3784 2369 3826 la
2397 3799 2499 3835 mer,
2539 3798 2595 3827 un
2617 3793 2714 3842 port
2740 3833 2742 3835 ,

1478 3903 1548 3956 qui
1580 3917 1644 3943 me
1667 3906 1796 3959 pru-ait
1820 3908 1905 3947 titre
1940 3906 2042 3948 celui
2066 3906 2119 3948 de
2146 3909 2400 3960 Panormus,
2425 3906 2479 3950 οὺ
2506 3902 2740 3963 ΡιοΙύιιιόὶ,ῑῇ

1480 3964 1549 4005 fait
1569 3967 1765 4008 terminer
1788 3968 1823 4008 le
1851 3983 1946 4010 nom
1972 3969 2183 4025 Libyque,
2201 3979 2242 4012 et
2269 3970 2371 4026 qu’il
2397 3971 2511 4027 place
2534 3970 2591 4012 du
2621 3970 2715 4014 υὺῑό
2748 4022 2749 4027 ¹

1478 4027 1704 4086 occidental
1724 4029 1775 4071 dc
1795 4030 1829 4072 la
1849 4031 1972 4073 vallet:
1989 4032 2046 4074 du
2066 4032 2372 4075 Catabathmus.
2398 4055 2414 4070 ι·

1535 4094 1557 4144 §
1583 4097 1651 4134 32.
1673 4093 1740 4145 τὴν
1758 4094 1915 4151 libyssa-e
1934 4097 2041 4138 σταδ.
2064 4096 2123 4153 ρν’
2143 4095 2295 4148 codex;
2320 4095 2390 4148 τὴν
2419 4095 2578 4153 Existi-qv
2594 4094 2702 4142 σταδ,
