2756 4354
970 164 1261 211 ADDENDA
1295 165 1370 209 ΕΤ
1405 164 1811 235 CORRIGENDA.

53 290 58 295 ’
142 305 221 348 tat,
246 292 320 337 vel
343 291 439 350 Cap
452 286 676 330 Kerkities.
696 280 736 325 Τ
739 280 914 325 ailbout
936 278 992 323 de
1010 277 1219 337 Marigny
1240 277 1363 339 (Pon-

145 371 267 412 eulan
280 367 335 410 de
353 366 499 407 lamet·
511 363 632 403 notre
644 352 1032 418 Ρ’.62)00111Ροῐιὶῐ
1047 354 1145 411 Cap
1159 353 1357 410 Samen,-

144 439 390 496 Muraview
406 433 612 496 Apostol.
639 432 652 491 (
673 434 799 476 Reise
819 429 955 473 durch
979 430 1167 471 Taurica
1186 442 1233 486 p.
1262 443 1279 470 1
1293 425 1362 486 18)

143 515 380 564 Karadcha
392 515 594 556 Bouroun
610 496 690 554 vel
707 510 750 552 A
744 513 801 564 ja
815 510 1040 558 Βοανοιιη,
1032 521 1042 531 ·
1056 503 1216 548 Clarke
1229 501 1291 562 (V
1292 518 1394 563 oy.

142 609 196 638 en
212 594 360 635 Russie
384 587 446 641 ll,
470 603 514 647 p.
538 585 627 638 446
649 582 664 643 )
685 593 730 628 et
758 580 934 627 Dubois
957 579 1020 635 ll,
1046 595 1093 639 Ρ.
1121 595 1166 638 9,
1187 579 1243 622 23
1268 579 1367 635 Cap

141 665 404 723 Az‘oudagh‚
430 661 552 723 quod
569 676 595 706 a
617 658 787 730 peripli
811 647 1068 702 rationibus
1087 655 1222 712 longe
1245 668 1366 698 rece-

139 741 221 786 dit.
246 738 480 798 Indigenis
505 738 633 798 Κριοῦ
674 732 862 794 μέτωπον
897 731 990 777 dici
1015 727 1198 792 Βρίξαὸα
1232 728 1370 775 lefort

141 803 544 874 Pseudoplutachh
580 809 647 854 De
676 808 785 853 fluv.
806 823 843 851 c.
869 805 945 849 28.
963 830 1025 840 —-
1050 803 1100 849 P.
1128 803 1233 858 416,
1258 802 1288 846 l.
1311 802 1367 855 34

142 888 374 948 διήκουσα]
394 886 546 942 διήκων
572 884 672 930 cod.
693 899 755 927 m.
783 898 855 943 pr.
874 908 935 915 —
954 880 1006 924 P.
1035 877 1144 934 425,
1166 878 1198 925 l.
1230 878 1254 921 5
1271 877 1371 935 lege

142 969 181 1011 ἐν
202 965 301 1028 [τῷ]
318 965 439 1010 τέλει.

203 1041 499 1086 Sunusuus.
540 1037 596 1083 P.
629 1043 720 1095 429
751 1045 844 1081 not.
876 1034 962 1079 lin.
1003 1048 1108 1092 pen.
1149 1031 1283 1089 lege:
1313 1032 1370 1073 In

142 1134 257 1176 seqq.
278 1118 418 1160 codex
433 1111 556 1172 λιμήν
592 1114 700 1158 ἐστιν
726 1112 904 1170 ἀγωγῆς.
932 1135 993 1144 —
1015 1107 1068 1151 P.
1096 1105 1259 1164 433,1.
1298 1122 1383 1148 11.-

145 1190 307 1252 αὐτὴν]
331 1188 515 1243 ταύτηνῗ
547 1213 608 1221 —
630 1186 684 1231 P.
732 1186 838 1245 459,
861 1186 886 1243 §
907 1190 996 1235 224
1031 1192 1075 1227 et
1099 1182 1187 1225 225
1212 1195 1371 1225 vocem

144 1268 294 1330 χωρίον
312 1276 439 1312 verte
456 1267 698 1308 castellum.
717 1288 777 1296 ——
797 1261 850 1307 P.
873 1260 1033 1316 470,1.
1059 1265 1083 1311 4
1108 1255 1283 1302 σταδίων
1307 1256 1369 1316 μ’]

146 1343 368 1390 Distantia
382 1340 583 1402 postulat
596 1336 676 1401 ρμ’
691 1363 754 1373 --
771 1336 823 1384 P.
844 1335 931 1393 473
949 1335 976 1396 5
1003 1333 1086 1379 135
1109 1332 1190 1377 ἀπὸ
1203 1331 1371 1385 ΙΙαλτη-

145 1421 200 1464 νῶ
203 1439 222 1463 ν
241 1419 259 1479 ]
282 1415 511 1462 Debebat:
545 1415 626 1458 ἀπὸ
660 1418 732 1458 τοῦ
755 1411 949 1472 λιμένοςε
975 1426 1077 1455 nam
1102 1410 1168 1454 sic
1189 1408 1370 1452 demum

145 1494 357 1542 distantia
379 1491 584 1551 quadrat.
608 1489 703 1548 ln§
727 1490 810 1546 137
832 1487 978 1533 stadia
998 1503 1082 1543 170
1108 1495 1374 1546 computan-

145 1573 201 1618 da
223 1578 329 1616 sunt
351 1567 472 1613 linea
494 1577 632 1621 recta,
663 1565 778 1609 adeo
795 1574 846 1608 ut
860 1572 965 1622 post
986 1563 1040 1612 εἷς
1066 1559 1275 1611 Βαλανέας
1298 1576 1374 1605 ex-

145 1646 314 1693 ciderit'
328 1659 421 1688 vox
454 1642 767 1702 εὗθυδρομοῧντι
784 1672 796 1694 ,
820 1653 923 1698 quae
943 1637 1112 1682 omissa
1150 1636 1285 1680 etiam
1309 1646 1377 1680 est

143 1726 168 1783 5
193 1723 294 1767 138.
316 1745 378 1753 -
399 1721 446 1763 P.
470 1718 559 1770 488
582 1718 610 1776 5
631 1732 740 1764 211.
761 1712 924 1775 Κίὸυρα
944 1727 1109 1757 nomen
1128 1711 1336 1755 derivare
1351 1726 1377 1754 a

148 1814 288 1853 ,ηπ-1,)
312 1793 372 1851 (i.
389 1807 431 1839 e.
458 1790 650 1850 magna)
673 1798 825 1834 censet
844 1788 1041 1835 Movers.
1067 1787 1272 1832 Plzoenz‘z.
1293 1787 1376 1830 Co-

146 1874 292 1914 lonien
310 1885 358 1930 p.
384 1875 494 1924 247,
514 1866 597 1912 ubi
621 1866 758 1911 etiam
785 1864 841 1908 de
864 1863 968 1908 aliis
981 1862 1195 1906 ‘locorum
1212 1861 1262 1905 in
1290 1860 1377 1905 hoc

145 1942 576 1990 tractunominibus
611 1939 882 2001 phoenicicis
904 1947 1073 1982 monet.
1107 1936 1182 1980 Sic
1204 1935 1376 1996 Μυγδά·

143 2023 196 2076 λη
217 2022 290 2083 (Ρ.
318 2022 408 2081 489
428 2022 454 2080 §
477 2036 567 2064 222
586 2020 600 2079 )
621 2028 688 2063 est
705 2007 837 2066 ‘nm
856 2020 995 2068 turris,
1029 2014 1240 2073 frequens
1257 2013 1377 2056 loco-

147 2114 247 2142 rum
268 2112 463 2153 nomen;
486 2094 691 2155 Μάσουρα
719 2095 761 2152 (5
781 2094 885 2150 221)
913 2109 1089 2149 guyn,
1123 2089 1374 2134 castellum.

151 2172 343 2226 Φάσηλις
368 2174 411 2231 (5
451 2171 558 2230 226)
580 2168 733 2226 ΗΝΒΞ,
757 2183 912 2210 manus
937 2169 1011 2209 dei
1018 2180 1033 2219 ;
1057 2164 1177 2209 idem
1211 2179 1377 2207 nomen

148 2248 404 2291 Palaestinae
424 2246 526 2289 loco
555 2242 757 2302 (Reland
792 2240 1034 2285 Palaestina
1062 2255 1110 2298 p.
1139 2238 1283 2298 953).
1315 2264 1376 2271 —

150 2321 320 2371 Μάλλος
339 2321 398 2382 (p.
424 2320 512 2372 480
530 2319 555 2376 5
574 2318 678 2373 326)
698 2326 768 2360 est
798 2313 949 2370 3530.
984 2323 1142 2373 utpote
1175 2312 1235 2371 ἐφ’
1258 2309 1392 2373 ὕψους·

151 2396 318 2455 κειμένη
342 2395 534 2457 (Strabo
558 2411 601 2453 p.
631 2392 737 2450 675)
756 2409 768 2447 3
789 2391 1041 2449 habuitque
1071 2388 1184 2433 urbs
1207 2388 1377 2432 cultum

149 2474 341 2533 Tyrium
368 2471 596 2532 (Movers.
629 2470 659 2514 l.
683 2470 712 2513 l.
737 2484 784 2528 Ρ.
815 2466 939 2526 167).
964 2492 1026 2498 —
1048 2466 1099 2509 P.
1129 2465 1218 2516 488
1242 2464 1373 2522 5215

151 2563 242 2591 vox
274 2546 469 2606 ἐμπόριον
505 2553 718 2603 corrupta
742 2557 841 2587 esse
876 2541 1057 2585 videtur
1074 2550 1111 2583 'e
1145 2537 1376 2600 Κωρύκιον.

150 2649 211 2656 -
235 2621 288 2668 Ρ.
319 2623 423 2680 489.
453 2619 562 2665 Dele
578 2629 729 2664 notam
750 2617 808 2663 ad
829 2618 854 2676 5
878 2616 984 2662 218.
1012 2641 1075 2651 -
1093 2614 1143 2660 P.
1172 2622 1260 2674 494
1280 2626 1383 2675 post

151 2699 176 2756 §
202 2697 290 2742 225
317 2706 556 2755 excerptor
575 2694 732 2738 Glauci
756 2693 886 2737 fluvii
915 2691 1189 2736 mentionem
1215 2691 1379 2734 omise-

153 2773 224 2817 rit.
247 2772 402 2816 Fuisse
436 2780 547 2830 puto
571 2786 582 2812 :
608 2767 688 2813 Ἐκ
710 2769 964 2827 Τελμησσοῧ
987 2766 1075 2827 [εἷς
1099 2766 1284 2811 Γλαῦκον
1308 2782 1381 2809 πο-

428 4088 564 4119 (moen.
594 4088 620 4113 1.

2517 199 2631 231 exn

1435 279 1564 338 ταμὸν
1588 279 1745 324 στάδιοι
1764 279 1812 325 ν’.
1837 279 1933 325 Ἀπὸ
1953 281 2138 326 Γλαύκου
2161 291 2341 343 ποταμοῦ
2358 292 2410 340 εἷς
2427 294 2606 340 Δαίδαλα
2626 301 2642 358 ]

1436 355 1592 399 στάδιοι
1624 354 1676 400 ν’.
1703 379 1761 389 —
1790 354 1842 400 P.
1882 360 1989 413 497,
2021 355 2052 401 l.
2097 372 2136 400 1.
2168 355 2334 418 Ἄγνην]
2357 360 2523 423 ''Ay-qv,
2543 369 2642 414 (jasi

1436 428 1594 473 insulae
1605 444 1786 484 nomen,
1798 439 1909 474 teste
1920 428 2089 485 Plinio,
2104 432 2263 490 reponi
2275 434 2372 478 vult
2388 435 2642 488 Hoffmann.

1432 503 1481 546 in
1503 503 1681 548 Praefat.
1701 520 1744 563 p.
1766 519 1876 563 xxv.
1905 502 2172 563 Refragatur
2192 515 2284 549 tum
2302 508 2438 552 series
2449 512 2645 558 locorum

1434 587 1527 620 tum
1551 587 1658 621 nota
1679 577 1919 623 distantiae.
1942 577 2067 622 —P.
2092 579 2199 634 502,
2224 581 2249 637 5
2269 582 2374 624 300.
2395 584 2432 626 T
2437 586 2518 628 reti
2546 602 2645 645 pro.

1435 651 1710 696 montorium
1737 668 1838 696 cum
1865 653 2058 697 Phrurio
2076 669 2149 713 pr.
2166 653 2393 699 Ptolemaei
2414 656 2478 717 (C.
2495 662 2648 717 Blcmc')

1433 726 1514 771 vix
1529 736 1648 771 recte
1668 727 1975 787 componitur.
1990 754 2041 760 —
2057 727 2111 773 P.
2133 727 2220 772 502
2239 731 2263 788 §
2290 731 2374 774 302
2394 747 2478 791 pro
2495 731 2537 790 μ’
2566 734 2652 793 legi

1435 803 1573 847 velim
1595 800 1676 865 ρμ’,
1698 803 1810 847 adeo
1834 813 1884 847 ut
1910 803 2117 865 Κραγαῖαι
2139 806 2356 864 ponendae
2375 808 2465 852 sint
2480 808 2535 853 ad
2571 810 2652 855 ssu-

1436 879 1562 923 vium
1578 893 1713 938 quem
1735 881 2062 937 Kreigsimeone
2074 890 2203 924 vocat
2224 882 2416 928 Pokoke.
2431 883 2549 931 —P.
2567 885 2650 929 503

1435 955 1461 1013 5
1481 958 1587 1012 307.
1614 953 1807 999 Lacunae
1826 954 2048 998 indicium
2068 965 2171 1014 post
2192 955 2243 999 τὰ
2265 951 2392 1019 Ἄκρα
2416 957 2654 1004 delendum

1436 1041 1518 1075 est.
1539 1028 1671 1091 Ἄκρα
1696 1039 1922 1089 tamquam
1942 1028 2053 1074 urbs
2076 1028 2216 1090 Cypri
2235 1042 2506 1077 memoratur
2538 1036 2656 1094 apud

1438 1106 1593 1166 steph.
1610 1122 1646 1152 s.
1671 1123 1715 1149 v,
1732 1131 1794 1139 —
1810 1104 1879 1149 lb.
1895 1105 1944 1149 in
1957 1115 2046 1148 not.
2070 1121 2080 1147 z
2099 1108 2352 1151 Dinaretum
2369 1108 2656 1168 vocabulum,

1437 1180 1561 1241 quod
1578 1180 1720 1225 Plinii
1741 1181 1965 1226 editiones
1989 1190 2092 1227 ante
2115 1179 2340 1241 Silligium
2365 1183 2655 1242 exhibebant,

1438 1266 1557 1300 recte
1574 1254 1745 1301 habere
1756 1257 1902 1318 possit
1913 1256 2079 1316 videri,
2097 1257 2322 1316 siquidem
2339 1247 2429 1303 non
2449 1260 2511 1304 ita
2528 1262 2660 1320 longe

1439 1348 1464 1378 a
1483 1335 1803 1394 promontorio
1816 1334 1976 1379 dissita
1992 1337 2178 1377 Dinares
2196 1334 2661 1382 siveZinaritoninsu-

1440 1409 1498 1468 la,
1523 1411 1612 1455 nisi
1630 1426 1686 1455 ex
1702 1410 1788 1454 hac
1808 1410 1961 1470 potius
1983 1410 2258 1454 recentiores
2278 1425 2443 1454 nomen
2462 1410 2582 1455 istud
2616 1412 2662 1455 in

1441 1483 1641 1530 Plinium
1663 1485 1917 1534 intulerint.
1941 1512 1997 1518 —
2024 1484 2078 1531 P.
2109 1485 2197 1529 505
2222 1485 2248 1543 5
2269 1486 2357 1529 320
2379 1481 2552 1549 Βίενον]
2577 1486 2661 1545 leg.

1444 1559 1605 1605 Βίεννον
1630 1563 1716 1619 ut§
1738 1561 1827 1605 335
1848 1577 1915 1620 sq.
1941 1587 1994 1593 —
2010 1560 2063 1604 P.
2082 1561 2207 1620 5135
2226 1562 2315 1613 346
2335 1560 2385 1605 in
2408 1571 2503 1605 not.
2523 1562 2656 1606 adde:

1442 1636 1651 1681 Ceterum
1687 1653 1713 1682 a
1746 1637 2056 1682 Pantomatrio
2079 1637 2135 1682 ad
2171 1637 2442 1682 Eleutherna
2481 1655 2572 1683 non
2607 1641 2665 1684 50

1443 1713 1521 1757 sed
1545 1713 1786 1758 minimum
1810 1715 1869 1758 80
1893 1712 2037 1758 stadia
2064 1728 2161 1758 esse
2181 1712 2421 1758 debebant.
2445 1740 2506 1748 —
2526 1713 2594 1758 lb.
2619 1715 2666 1759 in

1444 1800 1535 1835 not.
1573 1790 1629 1834 ad
1662 1791 1688 1849 5
1714 1789 1802 1835 335
1843 1790 1944 1835 dele
1971 1789 2113 1835 verba
2134 1790 2293 1834 ultima
2337 1806 2347 1834 x
2382 1790 2471 1836 nisi
2516 1791 2665 1851 ipse...

1444 1865 1588 1911 stadia
1607 1866 1680 1910 50.

1506 1942 1786 1988 Mutamus.
1813 1943 1866 1988 P.
1888 1943 1977 1987 528
1998 1942 2046 1986 in
2067 1952 2162 1987 not.
2189 1942 2244 1986 ad
2266 1943 2292 2001 5
2317 1958 2370 2000 19
2391 1943 2471 1989 lin.
2494 1959 2546 1987 21
2573 1943 2666 1987 lon-

1444 2018 1602 2076 gitudo
1617 2029 1661 2062 et
1672 2017 1865 2063 latitudo
1874 2017 2055 2062 Arabiae
2076 2017 2432 2063 confunduntur.
2450 2018 2565 2061 -P.
2580 2018 2668 2076 539

1445 2095 1478 2140 l.
1504 2102 1562 2147 4ο
1585 2093 1672 2139 ὅθεν
1699 2106 1743 2139 et
1764 2111 1810 2154 p.
1853 2094 1940 2146 543
1962 2095 1994 2140 l.
2018 2100 2075 2146 42
2101 2095 2166 2156 ὑφ’
2187 2104 2290 2138 ante
2319 2109 2391 2138 me
2418 2104 2671 2138 correxerat

1445 2170 1686 2217 Piccolous
1727 2186 1868 2215 meus.
1906 2169 2030 2214 Idem
2070 2170 2143 2214 vir
2181 2170 2467 2215 doctissimus
2500 2187 2544 2230 p.
2581 2171 2669 2214 538

1446 2247 1476 2290 l.
1502 2254 1552 2299 14
1574 2248 1657 2305 leg.
1671 2247 1856 2306 conjicit
1874 2249 2012 2307 σαφῶς
2027 2248 2086 2307 τῷ
2103 2247 2323 2307 φιλομαθεῒ
2334 2246 2590 2306 ἀναγνώστῃ.
2610 2272 2670 2279 -

1447 2323 1498 2366 Ρ.
1526 2323 1635 2378 558,
1663 2323 1692 2365 l.
1718 2325 1772 2366 31
1815 2321 2048 2381 ἐτάξαμεν]
2083 2320 2284 2379 ἐπάξομεν
2319 2338 2418 2365 cum
2459 2321 2669 2365 Piccoloo

1448 2397 1536 2455 legi
1560 2398 1713 2442 velim.
1741 2420 1804 2431 -·
1836 2397 1885 2441 Ρ.
1908 2397 2011 2452 560,
2046 2396 2076 2441 l.
2104 2398 2161 2454 39
2189 2400 2430 2456 περαιοῦται
2452 2395 2493 2440 δὲ
2533 2397 2590 2446 εἷς’
2625 2395 2669 2439 τὸ

1450 2467 1715 2536 Ῥοὸόγδιον]
1753 2472 1964 2517 Mensura
1992 2470 2240 2515 stadiorum
2279 2472 2393 2522 1834
2423 2471 2530 2515 satis
2561 2486 2668 2529 qua-

1448 2549 1573 2605 drat3
1614 2560 1810 2594 ceterum
1842 2548 1991 2608 aptius
2021 2562 2106 2607 pro
2138 2545 2407 2605 Rhobogdio
2449 2561 2668 2592 memora·

1450 2637 1576 2671 retur
1612 2625 1658 2670 τὸ
1683 2625 1838 2686 βόρειον
1872 2624 1994 2685 ἄκρον
2013 2659 2024 2678 ,
2048 2651 2102 2657 -—
2123 2624 2175 2670 P.
2204 2624 2320 2679 565,
2350 2640 2402 2668 10
2437 2640 2523 2684 pro
2554 2625 2661 2684 ἔγγε-

1449 2701 1647 2764 γραφέναι
1670 2700 1855 2745 Piccolo
1879 2698 2068 2758 conjicit
2092 2697 2430 2760 συγγεγραφέναι.
