2756 4354
32 355 248 410 schoenus
262 396 274 420 ,
303 362 436 423 quam
457 370 715 400 mensuram
738 353 817 397 alii
842 353 975 419 aliter
995 352 1268 396 determina-

35 440 169 496 bant,
187 435 435 483 stadiorum
462 432 522 477 sit
553 431 848 476 tricenorum.
880 429 1061 487 Singuli
1089 429 1267 473 numeri

37 515 174 560 modo
190 509 348 571 scripti
366 507 484 564 bene
505 505 692 562 habent,
711 505 803 550 nisi
823 505 949 564 quod
971 519 997 548 a
1015 503 1270 548 Besechana

35 588 95 632 ad
116 582 336 645 Neapolin
378 596 472 625 non
497 595 573 635 22,
595 578 675 624 sed
711 594 765 622 12
787 592 884 622 esse
907 576 1112 621 debeant.
1137 575 1268 629 Quod

37 675 178 722 vquum
210 659 416 702 locorum
456 654 634 700 ratione
667 652 829 698 ductus
862 650 980 696 bene
1018 650 1270 695 monuisset

43 734 270 787 RitteruS‚
310 746 366 775 ex
399 729 513 790 ipsis
545 728 679 773 etiam
711 726 937 787 excerptis
968 725 1270 770 demonstrari

10 813 14 819 '
35 806 205 870 potuit.
236 804 348 850 Nam
370 819 512 864 quum
547 818 574 847 a
591 802 783 860 Phaliga
804 801 859 846 ad
884 800 1138 845 Seleuciam
1161 814 1269 844 cen-

36 893 131 928 tum
152 880 326 928 schoeni
345 880 501 940 colligi
524 879 750 934 dicantur,
774 878 896 923 hunc
919 892 1158 922 numerum
1180 892 1272 921 non

19 956 269 1018 obtinebis
317 955 408 1000 nisi
446 971 500 1000 eo
541 971 632 1014 quo
678 953 879 998 diximus
927 953 1029 996 loco
1064 950 1273 996 Isidorus

37 1032 214 1078 notavit
242 1031 455 1077 schoenos
492 1029 749 1074 duodecim.
802 1028 1013 1072 Ceterum
1052 1025 1276 1071 subducta

34 1105 214 1153 summa
246 1107 538 1152 schoenorum
586 1122 667 1162 171
704 1106 923 1149 docemur
947 1118 1150 1148 errorem
1181 1118 1273 1147 non

40 1192 303 1227 nostrorum
321 1196 419 1226 esse
437 1178 759 1235 librarioruni,
786 1180 864 1224 sed
890 1182 1159 1239 corruptum
1179 1177 1275 1239 jam

41 1272 282 1301 numerum
306 1255 559 1317 praebuisse
597 1255 801 1300 codicem
825 1256 880 1298 ab
918 1269 972 1298 eo
1006 1263 1274 1313 usurpatum

42 1333 122 1393 qui
155 1333 331 1393 primus
353 1347 575 1378 summam
597 1332 732 1376 istam
749 1331 948 1388 collegit.
975 1332 1041 1373 Ac
1061 1344 1202 1388 quum
1226 1330 1276 1373 in

38 1408 339 1469 sequentibus
380 1423 563 1468 quoque
610 1407 824 1452 nonnulli
878 1404 1278 1466 deprehendantur

41 1485 244 1541 numeri,
267 1484 347 1544 qui
367 1483 528 1528 cadant
547 1483 734 1542 quidem
755 1484 805 1526 in
825 1496 1046 1535 summam
1066 1481 1276 1526 schoeno-

42 1575 142 1604 rum
158 1559 246 1602 858
258 1574 315 1603 ex
334 1569 428 1603 toto
449 1543 692 1614 itinerario
718 1558 974 1618 collectam,
987 1557 1064 1603 sed
1081 1558 1277 1618 explica-

40 1634 209 1680 tionem
227 1633 575 1694 geographicam
593 1649 686 1680 non
709 1632 972 1677 admittant:
990 1632 1074 1677 hos
1092 1648 1277 1692 quoque

43 1711 94 1755 in
127 1710 279 1770 prisco
299 1710 387 1754 isto
417 1710 573 1754 codice
599 1709 696 1769 jam
721 1709 992 1771 depravatos
1018 1710 1158 1755 fuisse
1181 1725 1276 1754 cre·

40 1784 256 1834 diderim.
277 1785 562 1845 Quamquam
584 1785 686 1830 fieri
719 1786 856 1830 etiam
884 1786 1059 1846 potuit,
1084 1795 1134 1829 ut
1154 1785 1278 1830 festi-

42 1876 156 1905 nans
175 1851 417 1922 excerptor
438 1862 487 1908 in
511 1862 740 1907 itinerarii
767 1877 1003 1906 mensuras
1034 1862 1277 1906 transtule-

43 1935 104 1980 rit
119 1950 335 1981 numeros
347 1969 360 1991 ‚
379 1936 460 1996 qui
481 1937 601 1995 apud
615 1935 844 1981 Isidorum
860 1937 952 1980 alio
970 1935 1276 1996 pertinebant.

43 2009 220 2054 Etenim
246 2027 386 2071 quum
425 2011 768 2072 Mesopotamiae
798 2022 841 2055 et
869 2010 1134 2070 Babyloniae
1158 2027 1280 2055 man-

43 2085 193 2130 siones
239 2087 346 2130 satis
387 2086 630 2144 diligenter
672 2085 908 2130 breviator
950 2085 1275 2143 recensuisset,

44 2177 151 2206 mox
176 2162 310 2206 taedio
331 2163 399 2206 rei
420 2163 587 2219 victus,
625 2162 938 2221 perfunctorie
972 2163 1154 2219 negotio
1178 2160 1279 2204 fun-

41 2236 181 2295 gitur,
221 2237 420 2296 satisque
454 2236 592 2280 habet
633 2245 841 2279 enotasse
884 2234 971 2278 viae
1009 2235 1058 2278 in
1090 2234 1281 2292 singulis

43 2312 1280 2376 provinciis-longitudinemetoppidorumvicorumve

46 2402 312 2446 numerum,
339 2388 394 2431 de
428 2386 694 2439 nominibus
727 2398 877 2430 autem
905 2388 1112 2431 locorum
1146 2397 1190 2430 et
1212 2386 1281 2429 di·-

47 2462 229 2507 stantiis
269 2471 314 2505 et
342 2458 723 2507 memorabilibus
748 2461 934 2504 nonnisi
959 2460 1123 2504 selecta
1158 2475 1282 2518 quae-

46 2538 151 2581 dam
185 2537 260 2581 hic
294 2537 390 2596 illic
415 2535 747 2595 interposuisse
767 2535 836 2595 Γ).
866 2535 977 2588 Quae
1008 2534 1212 2579 brevitas
1242 2545 1285 2579 et

49 2608 328 2670 negligentia
344 2611 391 2655 in
407 2619 530 2654 tanta
541 2609 742 2654 aliorum
761 2608 1075 2654 subsidiorum
1092 2610 1286 2667 penuria

44 2700 183 2730 causa
221 2686 307 2730 fuit
326 2719 338 2741 ,
364 2695 414 2729 ut
456 2684 512 2728 de
551 2684 642 2729 situ
678 2684 913 2738 locorum,
944 2699 1045 2742 quae
1062 2698 1119 2726 ex
1140 2682 1285 2728 Isido-

50 2776 114 2814 ro,
126 2761 399 2815 afferuntur,
426 2759 475 2803 in
513 2758 849 2802 diversissimas
877 2767 1027 2817 partes
1050 2757 1143 2801 viri
1167 2757 1287 2801 docti

46 2837 240 2882 abirent.
264 2835 506 2882 Variorum
529 2835 798 2893 sententias,
829 2849 931 2894 quae
951 2833 1135 2893 quidem
1158 2834 1287 2877 inno-

50 2921 235 2957 tuerunt
258 2910 392 2956 nobis
419 2921 463 2955 et
488 2926 600 2971 quas
631 2925 888 2955 memorare
916 2925 1067 2970 operae
1086 2911 1285 2970 pretium

51 2985 291 3032 videbatur
305 2983 397 3047 (**),
427 2986 477 3029 in
506 2986 802 3029 annotatione
833 2985 1151 3028 indicavimus.
1184 2985 1284 3029 Dis-

0 3054 1 3060 *
53 3075 211 3106 sensus
227 3076 340 3106 vero
367 3076 506 3120 quum
529 3061 630 3104 tolli
662 3075 855 3121 prorsus
884 3060 939 3103 de
963 3059 1158 3118 singulis
1186 3059 1285 3118 qui-

53 3135 229 3196 busque
247 3137 326 3182 vix
351 3152 551 3197 unquam
576 3137 751 3197 possit,
777 3135 1118 3194 angustioribus
1140 3146 1287 3179 tamen

55 3209 224 3255 finibus
237 3211 709 3269 circumscriberetur,
727 3212 767 3256 si
781 3212 836 3255 ad
851 3211 1073 3256 rationem
1091 3226 1286 3270 opuscu-

61 3283 90 3329 li
127 3286 271 3330 nostri
323 3286 633 3333 attendissent.
673 3285 823 3344 Vulgo
873 3286 994 3330 enim
1033 3286 1097 3329 ita
1130 3295 1285 3342 agunt,

54 3359 188 3417 quasi
215 3375 306 3403 non
324 3361 611 3406 itinerarium
628 3395 639 3416 ,
661 3361 741 3406 sed
765 3360 1081 3404 Parthicarum
1105 3359 1291 3419 provin-

55 3434 232 3478 ciarum
247 3434 597 3496 descriptionem
611 3437 904 3492 haberemus,
918 3436 1019 3481 etin
1029 3425 1290 3481 definiendo
1309 3436 1312 3439 ’

61 3509 269 3553 locorum
288 3510 378 3554 situ
396 3521 446 3555 ut
464 3513 718 3571 plurimum
741 3515 943 3571 pendent
965 3529 1022 3557 ex
1044 3527 1137 3556 una
1161 3527 1293 3556 sono-

65 3599 166 3628 rum
186 3583 511 3640 similitudine,
534 3601 634 3645 quae
660 3588 996 3632 recentioribus
1025 3585 1292 3631 nominibus

59 3674 164 3703 cum
182 3658 345 3718 priscis
361 3658 633 3716 intercedat;
661 3662 781 3705 unde
806 3662 854 3706 fit
871 3672 919 3707 ut
942 3678 1043 3722 quae
1063 3662 1112 3706 in
1133 3676 1290 3706 excer-

903 237 982 296 m:
1017 249 1264 296 lslnoao
1300 251 1689 300 CHARACENO.

2351 282 2546 316 Lxxxvn

1327 354 1415 412 ptis
1462 365 1798 415 componuntur
1848 357 2019 416 oppida
2056 358 2233 402 varium
2275 362 2322 405 in
2364 367 2544 411 modum

1329 428 1664 486 distrahantur3
1705 447 1846 490 porro
1880 432 1920 476 si
1954 432 2076 490 quod
2114 434 2331 492 oppidum
2372 440 2551 487 aliunde

1334 512 1491 547 notum
1535 505 1658 564 apud
1694 504 1905 553 Nostrum
1943 521 2036 549 non
2071 517 2367 563 memoratur,
2391 510 2554 558 Isidori

1335 586 1461 621 aetate
1486 577 1659 621 nullius
1679 578 1897 623 momenti
1913 567 2075 623 fu'issse
2091 578 2181 623 sibi
2198 582 2485 639 persuadent.
2507 585 2557 628 ld

1330 668 1441 698 vero
1469 668 1707 714 perperam
1734 654 1832 698 fieri
1857 655 1929 698 vel
1955 670 2011 698 ex
2027 654 2320 700 uberioribus
2335 656 2388 700 de
2405 657 2556 702 Meso-

1330 729 1533 790 potamia
1552 739 1596 774 et
1614 729 1867 788 Babylonia
1889 731 2114 790 excerptis
2141 720 2336 789 intelligi
2359 743 2530 791 poterat
2543 750 2556 791 ;

1332 805 1380 849 in
1425 803 1594 864 quibus
1640 803 1942 863 Babyloniam
1983 805 2066 848 vix
2097 805 2273 862 attingit
2304 817 2475 862 auctor,
2514 819 2558 852 et

1333 895 1389 924 ex
1427 879 1614 940 oppidis
1659 879 1886 939 vicisque,
1929 896 2123 939 quorum
2160 881 2358 940 plurima
2392 883 2558 927 afferre

1334 955 1567 1011 licuisset,
1592 954 1778 999 nonnisi
1796 942 1854 998 ‘ea
1878 965 2117 1010 memorat,
2148 970 2249 1014 quae
2278 966 2398 1000 certa
2420 957 2467 1000 in
2484 957 2562 1000 via

1338 1032 1426 1077 sita
1450 1031 1710 1076 mansiones
1738 1029 2021 1091 praebebant.
2062 1030 2230 1074 Eodem
2262 1042 2406 1075 autem
2431 1033 2565 1077 modo

1336 1108 1385 1152 in
1425 1105 1724 1167 sequentibus
1747 1121 1843 1150 rem
1865 1105 2059 1164 habere,
2091 1120 2148 1149 ex
2180 1121 2326 1164 parvo
2357 1107 2563 1152 locorum

1338 1198 1559 1237 numero,
1586 1183 1666 1242 qui
1688 1183 1748 1239 „in
1776 1181 1970 1239 singulis
2003 1181 2257 1240 provinciis
2289 1194 2566 1227 memoratur

1337 1268 1381 1303 et
1400 1259 1456 1302 ad
1477 1257 1812 1316 longitudinem
1842 1272 1997 1301 earum
2028 1256 2243 1317 aequabili
2274 1258 2364 1303 fere
2393 1260 2568 1305 ratione

1339 1332 1707 1378 accommodatus
1730 1342 1821 1388 est,
1848 1331 2122 1391 colligimus.
2151 1333 2309 1392 Itaque
2331 1333 2386 1377 de
2414 1334 2565 1392 singu-

1339 1409 1396 1453 lis
1431 1409 1616 1469 oppidis
1640 1408 1827 1454 nonnisi
1855 1418 2041 1454 eatenus
2073 1408 2376 1469 probabiliter
2396 1408 2568 1466 aliquid

1339 1486 1553 1551 statueris
1570 1519 1582 1541 ‚
1605 1497 1828 1545 quatenus
1848 1485 1961 1530 situs
1985 1500 2143 1529 eorum
2171 1484 2227 1529 ad
2243 1485 2428 1529 eandem
2452 1484 2570 1528 viam

1338 1561 1529 1622 ejusque
1551 1577 1787 1607 mensuras
1804 1561 1964 1606 referri
1988 1562 2157 1622 possit,
2184 1576 2455 1621 quamquam
2481 1576 2571 1605 non

1341 1653 1458 1696 nego
1508 1649 1739 1683 auctorem
1762 1638 1933 1699 passim
1969 1637 2191 1682 nonnulla
2216 1636 2567 1696 interposuisse,

1341 1727 1444 1771 quae
1466 1712 1523 1757 ad
1546 1713 1727 1758 itineris
1744 1712 2096 1773 descriptionem
2127 1711 2243 1755 nihil
2263 1709 2566 1771 pertinebant.

1340 1787 1467 1832 Hanc
1508 1804 1592 1833 nos
1642 1789 1786 1847 legem
1825 1797 2063 1847 sequentes
2093 1786 2312 1830 rationem
2346 1784 2571 1829 itinerarii

1339 1862 1535 1908 Isidorei
1561 1863 1719 1923 paucis
1745 1877 2040 1923 exponemus.

1408 1943 1508 1989 141.
1529 1937 1639 1982 Post
1661 1936 1960 1996 Babyloniam
1983 1936 2189 1995 sequitur
2217 1935 2567 1989 Aponon-uns,
2606 1952 2609 1955 ¹

1343 2012 1399 2054 33
1426 2011 1719 2056 schoenorum
1742 2011 1888 2069 regio,
1912 2011 1960 2054 in
1985 2025 2074 2069 qua
2100 2008 2365 2054 nominatim
2391 2022 2565 2051 memo-

1340 2097 1466 2130 ratur
1485 2103 1577 2131 una
1604 2092 1825 2130 Artemita
1855 2086 1952 2131 sive
1986 2087 2211 2129 Chalasar
2240 2083 2351 2128 urbs
2365 2082 2488 2143 (⁴⁰⁹⁶),
2515 2081 2569 2125 ad

1340 2162 1497 2206 Sillam
1525 2164 1738 2222 (Dsjala)
1776 2162 1968 2206 fluvium
1988 2161 2096 2215 sita,
2116 2176 2142 2204 a
2169 2160 2374 2203 Seleucia
2401 2158 2570 2201 distans

1342 2236 1553 2280 schoenos
1604 2231 1884 2295 quindecim.
1929 2235 2041 2287 Quae
2074 2248 2288 2277 mensura
2324 2233 2372 2275 in
2406 2230 2572 2274 nostris

1342 2311 1523 2370 mappis
1538 2311 1735 2370 pertinet
1750 2310 1840 2353 fere
1854 2308 1909 2352 ad
1926 2309 2110 2350 Balmba
2132 2304 2261 2367 (****).
2277 2304 2364 2348 Sed
2378 2303 2567 2347 dubium

1342 2386 1424 2429 vix
1443 2396 1509 2429 est
1526 2387 1637 2443 quin
1654 2384 1797 2441 magis
1813 2382 1998 2425 boream
2020 2394 2178 2423 versus
2196 2392 2340 2436 usque
2356 2377 2411 2420 ad
2426 2376 2570 2432 regio-

1343 2475 1446 2504 nem
1464 2460 1584 2503 inter
1603 2457 1833 2501 Howeiselz
1853 2466 1896 2500 et
1916 2457 2016 2498 Deli
2038 2455 2187 2496 Abbas
2208 2452 2356 2505 sitam,
2374 2449 2454 2494 ubi
2478 2448 2572 2493 rui·

1344 2550 1414 2578 nae
1453 2543 1630 2577 exstant
1659 2542 1703 2576 et
1740 2533 1897 2587 Dtjala
1936 2528 2125 2572 fluvium
2164 2523 2373 2585 trajicere
2407 2523 2570 2577 solent,

1346 2606 1732 2669 progrediendum
1759 2607 1832 2648 sit.
1856 2603 1928 2646 lbi
1949 2602 2072 2646 enim
2098 2610 2148 2644 ut
2167 2600 2275 2644 olim
2302 2598 2438 2642 fuisse
2459 2598 2573 2640 Cha-

1348 2685 1470 2724 [asar
1493 2679 1569 2741 (in
1592 2695 1684 2738 quo
1707 2694 1784 2720 sar
1804 2687 1870 2721 est
1885 2675 2113 2736 persicum
2129 2675 2266 2727 seber,
2297 2673 2332 2718 i.
2360 2687 2400 2716 e.
2431 2670 2571 2729 urbs)

1348 2765 1540 2800 statuam
1554 2788 1565 2809 ‚
1583 2753 1783 2814 primum
1806 2752 1963 2796 suadet
1986 2750 2141 2793 Chalis
2156 2747 2338 2802 canalis,
2352 2762 2443 2805 quo
2463 2747 2577 2789 Silla

1353 2846 1455 2875 cum
1477 2828 1668 2887 Tigride
1682 2826 1920 2887 jungitur3
1949 2823 2113 2868 deinde
2132 2838 2241 2866 vero
2264 2820 2303 2864 T
2308 2819 2442 2864 abula
2464 2820 2578 2863 Peu-

1353 2906 1632 2964 tingeriana,
1666 2903 1716 2946 in
1740 2917 1830 2961 qua
1859 2916 1885 2944 a
1906 2899 2081 2944 Charra
2115 2896 2253 2956 (hod.
2292 2893 2497 2955 Glzarfa)
2525 2893 2580 2937 ad

1353 2981 1575 3025 Artemita
1609 2986 1929 3039 computantur
1963 2975 2091 3020 milia
2125 2973 2314 3031 viginti,
2340 2987 2437 3030 quae
2474 2971 2578 3014 item

1342 3057 1619 3117 pertingunt
1639 3054 1695 3099 ad
1710 3054 1866 3099 Clzczlz's
1880 3051 2094 3097 canalem.
2109 3047 2179 3094 Ab
2191 3046 2419 3093 Artemitis
2434 3055 2579 3090 autem

1355 3133 1413 3176 ad
1452 3131 1702 3176 Seleuciam
1735 3129 1888 3174 eadem
1916 3127 2069 3172 tabula
2099 3132 2425 3182 consequenter
2448 3121 2581 3164 habet

1355 3208 1484 3252 milia
1505 3225 1557 3264 71
1579 3243 1592 3267 ,
1615 3223 1717 3267 quae
1758 3214 1994 3263 exaequant
2020 3202 2227 3246 schoenos
2264 3215 2331 3256 19.
2359 3197 2513 3255 Itaque
2533 3196 2580 3239 in

1356 3283 1528 3328 Graecis
1554 3282 1724 3327 nostris
1752 3297 1835 3341 pro
1857 3283 1908 3329 ΙΕ
1931 3294 2065 3322 manu
2089 3274 2319 3320 lenissima
2347 3272 2579 3328 corrigen-

1357 3359 1463 3402 dum
1500 3367 1612 3418 puto
1637 3358 1716 3402 ΙΘ.
1744 3355 1844 3409 Quo
1873 3352 2086 3404 admisso,
2112 3364 2250 3409 quum
2273 3346 2439 3405 reliqui
2476 3345 2584 3387 fiant

1358 3432 1715 3494 Apolloniatidis
1737 3430 1930 3485 schoeni,
1953 3443 2045 3472 non
2086 3426 2155 3480 18,
2190 3422 2267 3468 sed
2292 3428 2362 3477 14,
2386 3420 2582 3477 ideoque

1360 3511 1416 3552 ab
1456 3507 1691 3551 Artemitis
1733 3506 1790 3550 ad
1835 3503 1974 3548 Chala
2009 3502 2208 3559 (Holvan
2230 3495 2242 3558 )
2283 3494 2586 3540 Chalonitidis

1360 3583 1521 3629 urbem
1547 3585 1639 3628 sint
1669 3581 1842 3627 schoeni
1880 3596 1938 3638 29
1955 3612 1967 3634 ,
1993 3578 2129 3622 etiam
2165 3574 2253 3619 hoc
2276 3573 2506 3617 lucramur
2539 3578 2587 3613 ut

1361 3659 1547 3704 eandem
1571 3658 1662 3702 fere
1680 3657 1800 3701 viam
1822 3655 1992 3713 regiam
2010 3651 2139 3711 sequi
2156 3650 2315 3729 liceat,
2342 3662 2429 3705 qua
2452 3645 2583 3688 etiam

112 3798 160 3845 (Ἴ
194 3797 371 3836 Similiter
386 3807 445 3836 res
462 3797 576 3836 habet
590 3798 628 3835 in
648 3800 851 3847 Marciano,
877 3802 915 3839 in
945 3812 1020 3850 quo
1042 3802 1161 3850 prima
1180 3801 1303 3849 capita
1328 3798 1551 3837 exhibentur
1577 3797 1765 3842 accurate,
1783 3795 1821 3831 in
1843 3791 2088 3841 sequentibus
2111 3790 2238 3827 autem
2269 3785 2398 3835 peripli
2426 3783 2583 3820 rationes

60 3854 209 3892 nonnisi
229 3853 389 3892 summis
407 3853 552 3891 lineolis
576 3853 862 3892 adumbrantur.

114 3909 186 3958 (**)
204 3908 268 3948 Sic
288 3909 435 3947 silentio
454 3908 660 3955 pressimus
679 3919 764 3956 quae
782 3902 1016 3949 Reichardu's
1034 3911 1071 3948 in
1089 3911 1167 3950 suis
1190 3911 1287 3949 Asiae
1310 3899 1451 3948 tabulis
1466 3906 1653 3946 deliravit·
2346 3947 2353 3955 ,

115 3964 203 4012 (***)
226 3968 266 4002 ln
282 3964 406 4002 verbis
421 3964 496 4013 ἔχει
512 3964 550 4001 δὲ
564 3964 709 4012 κώμου,
727 3964 766 4014 ,ἐν
782 3965 838 4008 αῖς
854 3966 1025 4014 σταθμός,
1046 3977 1225 4004 numerus
1242 3967 1427 4012 vicorum,
1448 3964 1562 4013 quiin
1585 3963 1719 4000 ceteris
1736 3958 1825 3997 locis
1845 3967 1991 4004 semper
2007 3953 2217 4003 apponitur,
2238 3947 2384 3987 excidit.
2405 3946 2586 3984 Praeteoea

64 4029 132 4067 pro
151 4020 309 4069 σταθμός
324 4022 362 4058 et
383 4020 455 4057 hoc
475 4021 556 4057 loco
572 4019 659 4057 etin
676 4019 757 4056 aliis
775 4020 956 4058 similibus
971 4022 1225 4069 reponendum
1250 4022 1399 4060 videtur
1417 4018 1586 4068 σταθμοί.

70 4110 74 4115 .
116 4073 225 4124 (fin)
254 4078 340 4124 Pag.
362 4080 433 4115 250
451 4075 490 4114 in
510 4076 638 4114 annot.
656 4085 723 4125 pro
744 4075 915 4114 Babulfa
938 4076 1016 4123 lege
1038 4076 1219 4116 Balmba.
