2808 4342
948 103 1329 154 STADIASMUS
1364 108 1552 156 MARIS
1586 111 1804 159 MAGNI.

262 206 274 223 2
342 206 354 222 x
397 206 410 222 c
542 205 555 221 t
649 207 662 222 9
695 205 706 222 x
789 224 803 232 ‚
859 205 876 232 ,ἱ
948 207 958 223 ³
1021 205 1030 219 ¹
1117 210 1192 236 ,ν-,κ
1268 207 1270 209 ’
1304 209 1314 229 7

168 223 222 254 14.
274 210 363 254 Απο
414 208 609 268 Ερμαιων
644 225 712 250 επι
745 207 908 261 Λευκην
936 225 1062 262 ακτην
1089 226 1245 254 σιαοιοι
1277 229 1303 254 κ
1323 229 1332 239 ·

2547 133 2636 171 433

1462 221 1527 267 14.
1557 219 1622 260 Ab
1641 221 1840 263 Hermaeis
1865 221 1918 263 ad
1943 225 2107 265 Leucen
2127 234 2243 266 acten
2263 227 2347 268 sive
2365 228 2518 271 Album
2540 231 2636 274 litus

105 275 244 332 νησίον
267 273 516 336 παράκειται
538 276 624 319 ἐκεῖ
639 273 828 320 ταπεινὸν
843 309 855 331 ,
882 274 1039 336 ἀπέχον
1059 276 1139 321 ἀπὸ
1158 281 1229 333 τῆς
1262 282 1336 337 γῆς
1402 278 1534 319 stadia
1549 292 1628 330 203
1649 295 1775 335 parva
1792 280 2042 338 humilisque
2064 285 2121 326 ibi
2140 284 2297 340 adjacet
2316 287 2462 339 insula,
2481 305 2503 330 a
2519 291 2637 334 litore

104 343 291 395 σταδίους
312 343 365 404 β’·
385 341 565 405 ὕφορμός
586 344 672 388 ἐστι
692 345 907 405 φορτηγοῖς
922 379 934 400 ,
959 346 1041 394 τοῖς
1065 346 1133 407 ἀφ’
1160 347 1334 408 ἑσπέρας

102 412 278 472 ἀνέμοις·
303 412 343 455 ἐν
370 409 412 456 δὲ
446 415 496 474 τῇ
525 414 577 473 γῇ
613 410 691 456 ὑπὸ
722 411 769 456 τὸ
799 411 1052 473 ἀκρωτήριον
1087 412 1211 474 ὅρμος
1246 415 1333 461 ἐστὶ

61 498 79 524 5
102 481 257 544 μακρὸς
296 479 508 532 παντοίαις
544 479 698 526 ναυσίν·
739 479 844 542 ἱερὸν
878 480 1160 542 Ἀπόλλωνος,
1187 483 1332 539 ἐπίση-

101 568 176 608 μον
198 549 463 612 χρηστῆριον·
489 549 560 595 καὶ
580 548 688 611 ὕδωρ
708 548 796 610 ἔχει
813 548 929 611 παρὰ
949 548 995 594 τὸ
1018 550 1141 611 ἱερόν.

164 634 217 666 15.
256 618 356 666 Ἀπὸ
374 621 535 674 Λευκῆς
551 618 697 673 Ἀκτῆς
716 615 784 662 ἐπὶ
807 616 958 680 Ζύγριν
993 618 1150 663 στάδιοι
1173 619 1221 672 ζ’·
1253 639 1330 676 νη..

98 687 182 733 σίον
206 688 305 733 ἐστί·
332 689 480 750 [τοῦτο
504 685 643 748 ἔχων]
672 685 879 746 εὐώνυμον
913 687 1200 748 προσορμίζου·
1222 687 1330 751 ὕδωρ

97 756 182 818 ἔχει
206 758 246 801 ἐν
276 761 326 818 τῇ
349 756 494 819 ἅμμῳ.

35 838 74 867 10
163 842 217 874 16.
261 825 361 873 Ἀπὸ
397 825 583 887 Ζύγρεως
632 825 687 876 εἷς
735 824 1033 884 Λαδαμαντίαν
1079 825 1236 871 στάδιοι
1278 827 1330 872 κ’·

95 899 215 950 νῆσος
236 893 357 950 ἱκανὴ
377 894 626 956 παράκειται
647 895 660 954 (
679 894 839 954 μεγάλη
860 895 890 956 )·
912 894 1038 949 αὐτὴν
1058 893 1163 955 ἔχων
1182 894 1329 952 δεξιὰν,

94 963 288 1026 κατάγου·
308 963 435 1024 λιμήν
457 965 543 1009 ἔστι
562 963 687 1008 παντὶ
711 963 865 1025 ἀνέμῳ·
888 962 996 1026 ὕδωρ
1016 963 1117 1025 ἔχει.

157 1049 211 1081 17.
235 1032 336 1079 Ἀπὸ
359 1033 656 1093 Λαδαμαντίας
674 1033 740 1079 ἐπὶ
756 1031 809 1077 τὰ
824 1032 1072 1092 Καλαμαίου
1091 1033 1248 1078 στάδιοι
1269 1034 1327 1094 μ’·

93 1101 348 1165 ἀκρωτήριόν
358 1105 465 1148 ἐστιν
478 1103 570 1164 ἔχον
581 1101 781 1148 σκόπελον
792 1105 837 1148 ἐκ
847 1100 986 1155 δεξιῶν
1001 1103 1124 1147 αὐτοῦ
1134 1102 1327 1165 ὕφορμον.

33 1181 70 1211 15
155 1188 212 1218 18.
251 1171 349 1217 Ἀπὸ
372 1175 452 1217 τῶν
487 1171 737 1231 Καλαμαίου
773 1171 841 1216 ἐπὶ
866 1171 1018 1234 Γραίας
1047 1172 1142 1231 γόνυ
1170 1173 1328 1217 στάδιοι

93 1239 141 1283 θ’·
167 1240 274 1303 ἄκρα
296 1241 383 1286 ε’στὶ
407 1248 606 1303 τραχεῖα,
630 1239 782 1302 ἔχουσα
805 1240 872 1286 ἐπὶ
894 1245 965 1285 τοῦ
986 1242 1141 1302 ὑψηλοῦ
1173 1240 1324 1286 σκόπε·

92 1309 175 1352 λον·
200 1308 268 1353 ἐπὶ
292 1308 334 1354 δὲ
357 1313 429 1364 τῆς
450 1313 525 1369 γῆς
549 1308 722 1371 δένδρον·
747 1308 871 1372 ὅρμος
890 1309 992 1366 ἐστὶ,
1016 1308 1087 1353 καὶ
1110 1307 1216 1371 ὕδωρ
1240 1307 1326 1370 ἔχει

91 1376 169 1422 ὑπὸ
193 1376 297 1440 [τὸ]
325 1377 500 1438 δένδρον·
522 1377 730 1439 φυλάσσου
754 1378 884 1423 νότον.

155 1462 211 1491 19.
250 1446 350 1492 Ἀπὸ
374 1448 528 1507 Γραίας
546 1447 715 1507 γόνατος
739 1448 804 1492 ἐπὶ
821 1448 888 1492 τὸν
908 1446 1053 1509 Ἄρτον
1073 1447 1229 1493 στάδιοι
1248 1446 1324 1510 ρκ’·

26 1524 67 1555 20
92 1513 344 1576 ἀκρωτήριόν
365 1516 450 1559 ἐστι
466 1514 600 1576 τραχὺ
616 1550 628 1574 ,
647 1518 721 1560 οὐκ
740 1515 834 1577 ἔχον
850 1515 1051 1579 ὕφορμον,
1076 1519 1147 1561 καὶ
1167 1516 1234 1561 ἐπὶ
1253 1521 1324 1561 τοῦ

91 1584 347 1646 ἀκρωτηρίου
379 1589 521 1646 ταῦροι
557 1583 627 1628 δύο
659 1586 712 1635 ὥς
738 1588 854 1638 νῆσοι
885 1586 1159 1637 ἀνατείνοντες
1192 1589 1247 1636 εἷς
1278 1584 1325 1629 τὸ

90 1653 279 1715 πέλαγος·
299 1653 453 1710 ταύτην
476 1653 663 1716 κάμψας,
682 1652 772 1716 ὄψει
792 1653 865 1708 τὴν·
888 1653 1005 1698 πόλιν
1026 1652 1317 1715 Παραιτόνιον.

37 1816 40 1819 ’
87 1835 217 1875 usque
235 1821 286 1862 ad
306 1823 467 1863 Leucen
478 1830 612 1873 acten,
631 1830 758 1862 totam
776 1822 1074 1862 extremitatem
1087 1820 1212 1876 hujus
1230 1835 1327 1876 pro-

87 1884 281 1924 montorii
310 1897 360 1925 eo
401 1885 572 1924 nomine
615 1883 830 1938 designare
867 1883 1053 1935 videtur3
1096 1883 1325 1924 secundum

86 1945 351 1987 Ptolemaeum
370 1947 646 1996 extremitates
666 1947 882 1988 orientales
904 1947 1180 2002 promontorii
1200 1947 1324 2000 assig-

22 2047 24 2049 .
85 2008 232 2049 nandae
250 2010 449 2050 Hermaeis
461 2011 581 2060 acris,
604 2012 739 2051 Leuce
758 2020 846 2052 acte
868 2019 1005 2052 autem
1025 2010 1078 2052 ad
1093 2011 1197 2051 latus
1216 2012 1324 2051 occi-

86 2069 246 2112 dentale
276 2086 414 2127 prom.
442 2072 651 2128 ponenda.
676 2072 836 2114 Eodem
864 2072 991 2114 modo
1024 2074 1147 2114 etiam
1176 2075 1325 2114 Noster

84 2133 239 2184 statuit,
256 2135 453 2188 quoniam
469 2135 524 2175 ita
537 2135 625 2176 vult
635 2136 797 2191 appelli,
818 2144 862 2175 ut
871 2135 968 2189 ἄκρα
984 2136 1036 2175 sit
1051 2135 1103 2176 ad
1117 2134 1320 2177 dextram.

89 2194 178 2237 Ἐπὶ
205 2199 274 2237 τοῦ
307 2197 468 2252 πύργου,
496 2197 538 2237 in
561 2197 683 2246 turri,
710 2206 756 2238 ut
778 2201 800 2249 5
831 2199 880 2237 63
913 2197 1012 2252 ὕδωρ
1033 2196 1094 2238 ἐπὶ
1116 2200 1183 2237 τοῦ
1209 2213 1322 2252 φρου-

86 2259 181 2312 ρίου,
208 2258 250 2299 ἰη
268 2259 449 2300 castello.
1280 2258 1283 2260 ’

141 2324 255 2373 514.
277 2320 459 2372 Λευκὴν
492 2320 670 2376 ἀκτὴν]
704 2321 769 2362 Cf.
798 2322 982 2377 Scylax§
1008 2335 1099 2375 107,
1120 2321 1225 2363 Ptol.
1244 2322 1270 2362 l.
1291 2322 1318 2362 l.

84 2383 230 2424 Strabo
247 2396 256 2424 :
275 2383 372 2438 ἄκρα
389 2383 624 2447 λευκόγειος,
643 2382 764 2434 Λευκὴ
784 2383 877 2435 ἀκτὴ
896 2384 1320 2438 καλουμένη.Ιι151113111

86 2460 243 2500 mappae
266 2446 472 2487 exhibent.
502 2447 516 2500 Η
544 2470 600 2476 -
619 2445 681 2501 ἀφ’
709 2446 868 2501 ἓσπερὰν
886 2446 999 2496 cod.;
1025 2461 1104 2486 em.
1142 2446 1316 2486 Gailius.

140 2510 161 2560 5
192 2512 254 2550 15.
279 2508 488 2563 Ζύγριν]
518 2509 664 2563 Ζύγρην
689 2517 729 2549 et
767 2513 789 2562 §
826 2513 874 2550 16
900 2508 974 2550 ἀπὸ
1003 2509 1175 2563 Ζυγρέων
1197 2507 1316 2558 cod.;

82 2583 163 2609 em.
189 2569 296 2611 Gail.
315 2569 441 2625 Apud
458 2571 565 2611 Ptol.
588 2579 649 2610 est
667 2570 778 2625 Ζυγὶς
795 2569 914 2627 λιμὴν
944 2570 1030 2626 (sic
1050 2584 1072 2610 e
1091 2569 1215 2610 codd.
1236 2570 1320 2610 suis

81 2631 308 2686 Wilberg.;
326 2632 434 2680 Γυζίς
450 2633 571 2686 vulgo
587 2634 620 2686 ).
638 2631 701 2673 Cf.
724 2636 745 2685 5
761 2635 829 2682 28,
852 2632 925 2673 ubi
940 2632 1042 2672 alius
1057 2631 1170 2671 locus
1180 2631 1323 2686 Ζυγραί

86 2693 98 2749 (
118 2694 251 2749 Ζυγρίς
284 2708 353 2750 ap.
394 2694 501 2736 Ptol.
518 2697 550 2748 ).
582 2693 686 2734 Inde
725 2709 749 2735 a
782 2696 917 2736 Leuce
948 2702 1037 2734 acte
1071 2693 1204 2747 prima
1230 2707 1321 2747 quae

83 2755 247 2797 obviam
264 2755 336 2798 fiat
350 2757 393 2797 in
415 2758 575 2812 mappis
595 2758 745 2797 nostris
760 2755 907 2806 insula,
925 2769 1055 2810 prope
1071 2754 1320 2795 hodiernum

82 2827 249 2872 portum
270 2819 458 2860 Maltada
480 2821 556 2860 sita
573 2828 648 2860 est.
662 2818 785 2860 Haud
813 2819 932 2872 longe
953 2833 976 2858 a
988 2825 1114 2873 portu
1129 2832 1320 2859 occasum

86 2893 223 2920 versus
241 2881 284 2920 in
308 2880 618 2922 mediterraneis
641 2881 821 2922 occurrit
839 2880 1031 2920 Kassaba
1047 2881 1104 2933 (i.
1122 2895 1158 2921 e.
1178 2881 1319 2934 vicus)

83 2944 121 2980 Z
122 2941 274 2993 arghar
294 2956 390 2982 cum
406 2943 554 2983 vetusti
579 2943 656 2983 loci
677 2942 824 2992 ruinis,
849 2955 950 2997 quas
968 2941 1020 2982 ad
1047 2942 1197 2996 Zygrin
1214 2949 1321 2982 vete·

82 3016 174 3043 rum
192 3005 398 3058 pertinere
431 3014 568 3046 censet
589 3004 729 3047 Pacho
754 3019 797 3060 p.
823 3005 892 3046 23.
915 3003 1043 3057 Quod
1068 3018 1196 3059 quum
1224 3018 1321 3059 pro-

84 3065 270 3108 babiliter
298 3067 456 3109 dietum
489 3068 693 3118 videatur,
722 3067 885 3108 admitti
915 3075 1052 3108 tamen
1078 3068 1144 3107 vix
1168 3075 1316 3122 potest.

82 3129 268 3171 Primum
282 3131 392 3172 enim
408 3131 610 3173 distantiae
625 3132 668 3172 in
686 3132 838 3172 Nostro
856 3132 915 3171 ita
930 3139 1140 3180 notantur,
1161 3139 1208 3171 ut
1223 3145 1319 3171 cum

85 3192 299 3233 Mahadda
324 3203 449 3249 portu
468 3193 754 3249 componenda
768 3194 906 3249 potius
926 3194 978 3233 sit
1006 3192 1316 3234 Laodamantia.

85 3254 216 3293 Porro
245 3269 374 3308 quum
393 3257 525 3297 insula
556 3256 609 3297 ad
636 3252 808 3311 portum'
837 3255 1054 3297 Mahadda
1077 3257 1154 3296 sita
1175 3257 1318 3296 ceteris

79 3312 205 3367 longe
225 3315 355 3369 major
373 3318 439 3365 sit,
454 3317 543 3357 haec
553 3332 638 3358 esse
651 3318 774 3360 debet
792 3322 905 3371 νῆσος
928 3316 1056 3370 ἱκανὴ,
1078 3332 1201 3372 quam
1222 3333 1317 3374 cum

88 3376 383 3420 Laodamantia
412 3380 561 3420 Noster
589 3383 611 3432 5
642 3385 667 3420 6
696 3389 1007 3422 commemorat.
1039 3382 1134 3422 Huc
1161 3381 1318 3422 accedit

86 3439 200 3492 quod
218 3440 275 3480 sic
289 3440 456 3482 demum
467 3444 762 3496 promontoriis
777 3443 964 3484 Calamaei
983 3451 1023 3484 et
1034 3443 1172 3498 Γραίας
1181 3443 1318 3498 γόνατι

86 3502 199 3543 locus
235 3517 334 3543 suus
358 3503 575 3545 commode
601 3505 794 3558 assignari
832 3514 981 3560 potest.
1016 3508 1160 3560 Itaque
1177 3508 1318 3562 Zygris

86 3573 182 3605 ante
203 3574 370 3620 portum
402 3565 618 3608 Mahadda
649 3567 886 3608 collocanda
907 3569 999 3618 erit,
1021 3568 1155 3609 insula
1180 3578 1317 3610 autem

85 3626 273 3681 adjacens
287 3629 366 3669 nisi
374 3637 435 3669 est
448 3643 556 3669 unus
571 3643 621 3669 ex
633 3629 810 3684 scopulis
823 3644 952 3684 prope
967 3633 1050 3671 Ras
1063 3630 1209 3680 Halib,
1223 3645 1318 3686 pro-

84 3697 176 3743 pter
184 3690 445 3744 exiguitatem
455 3691 499 3731 in
514 3692 672 3747 mappis
687 3693 837 3732 nostris
856 3686 1004 3733 omissa
1012 3700 1087 3742 est,
1104 3692 1167 3734 vel
1181 3694 1318 3748 potius

86 3752 219 3792 arenis
252 3767 364 3793 nunc
382 3754 608 3794 continenti
625 3752 783 3808 juncta.
807 3754 824 3808 ll
843 3778 902 3785 —
918 3756 1032 3795 τοῦτο
1055 3753 1090 3796 ἕ.
1113 3755 1315 3811 supplevi.

138 3815 161 3866 5
192 3818 257 3855 16.
295 3815 684 3871 Λαδαμαντίαν]
719 3817 974 3872 Λαδαμάντην
1016 3815 1174 3869 codex,
1205 3818 1318 3860 unde

86 3875 249 3917 eliceres
277 3878 582 3933 Λαδαμάντειον,
605 3879 684 3918 nisi
713 3881 735 3931 5
754 3892 802 3932 17
825 3887 1064 3934 sequeretur
1087 3878 1161 3921 ἀπὸ
1188 3881 1317 3921 Λαδα-

87 3939 257 3993 μαντίας.
280 3934 470 3981 Ceterum
486 3942 577 3981 Λαδ.
589 3949 649 3981 est
663 3940 818 3996 plebeja
835 3942 943 3982 vocis
955 3941 1083 3983 forma
1092 3957 1168 3997 pro
1176 3943 1312 3993 Δαοδ.,

294 4024 426 4052 GEOGR.
452 4023 479 4053 l.

1400 337 1555 380 distans
1577 340 1703 382 stadia
1724 341 1836 392 duo;
1864 343 2003 385 subest
2024 345 2060 385 ei
2083 346 2203 387 statio
2223 344 2395 387 navibus
2419 354 2634 403 onerariis,

1399 398 1576 452 petenda
1597 414 1693 440 cum
1712 402 1842 442 ventis
1858 402 2062 454 occiduis;
2084 405 2126 445 in
2141 404 2260 446 litore
2276 414 2412 447 autem
2443 409 2521 451 sub
2539 424 2636 466 pro-

1398 460 1608 500 montorio
1626 460 1745 516 longe
1762 470 1874 517 patet
1884 465 2004 504 statio
2023 479 2146 506 omne
2165 480 2293 520 genus
2315 468 2505 511 navibus.
2563 473 2637 514 Est

1398 520 1456 561 ibi
1486 520 1627 561 sanum
1650 522 1850 576 Apollinis
1864 554 1875 573 ,
1910 523 2068 566 celebre
2090 526 2328 577 oraculum3
2354 542 2504 583 aquam
2522 530 2637 574 locus

1396 579 1521 621 habet
1540 579 1659 635 juxta
1675 581 1831 624 fanum.

1458 639 1523 682 15.
1556 643 1593 682 A
1623 643 1758 684 Leuce
1785 651 1872 684 acte
1894 642 1946 684 ad
1966 645 2116 699 Zygrin
2149 644 2279 686 stadia
2302 660 2356 700 90
2378 647 2476 704 (lss');
2509 664 2637 706 parva

1397 700 1454 741 ibi
1478 701 1610 742 insula
1632 710 1716 753 est;
1754 703 1866 758 [eam
1889 704 2067 760 habens]
2094 705 2147 747 ad
2185 707 2389 748 sinistram
2405 740 2416 759 ,
2455 709 2633 766 appelle;

1397 776 1547 816 aquam
1572 762 1686 803 locus
1718 763 1840 805 habet
1863 765 1906 804 in
1931 766 2079 807 arenis.
2612 777 2614 779 ’

1457 827 1521 864 16.
1555 826 1590 864 A
1624 823 1744 878 Zygri
1776 824 1828 865 ad
1866 824 2177 866 Ladamantiam
2213 827 2342 869 stadia
2378 843 2458 881 2o;
2502 825 2636 874 insula

1396 881 1555 936 adjacet
1587 891 1648 923 sat
1685 897 1856 937 magna3
1893 885 2000 925 hanc
2034 900 2058 926 a
2089 886 2233 928 dextra
2267 888 2423 931 habens
2451 892 2632 947 appelle;

1397 951 1542 999 portus
1565 951 1625 984 est
1643 945 1758 984 omni
1780 954 1927 995 vent03
1947 960 2097 1001 aquam
2120 947 2258 990 habet.

1457 1017 1523 1058 17.
1553 1006 1587 1044 A
1613 1003 1884 1045 Ladamantia
1911 1004 1965 1045 ad
1993 1005 2240 1047 Calamaeum
2268 1008 2398 1050 stadia
2420 1013 2497 1061 403
2535 1026 2634 1068 pro-

1398 1064 1656 1104 montorium
1689 1071 1749 1104 est
1773 1078 1796 1104 a
1825 1063 1969 1105 dextra
1989 1065 2203 1120 scopulum
2235 1066 2416 1120 habens,
2449 1071 2526 1112 sub
2549 1087 2633 1128 quo

1396 1124 1482 1164 sisti
1501 1138 1624 1164 naves
1645 1132 1834 1178 possunt.
2473 1128 2478 1132 ’

1456 1187 1521 1226 18.
1553 1187 1591 1225 A
1606 1184 1805 1225 Calamaeo
1820 1184 1872 1225 ad
1887 1186 2025 1226 Graeas
2034 1187 2155 1242 Gony
2171 1201 2244 1228 seu
2253 1189 2412 1231 Vetulae
2430 1205 2539 1245 genu
2553 1203 2632 1235 sta·

1397 1243 1466 1284 dia
1488 1257 1542 1297 70
1561 1244 1577 1297 (
1594 1242 1680 1296 0');
1705 1245 2040 1299 promontorium
2065 1254 2125 1286 est
2146 1260 2335 1301 asperum
2351 1280 2362 1300 ,
2390 1251 2433 1290 in
2455 1251 2537 1293 alto
2554 1253 2628 1293 ha-

1395 1303 1497 1343 bens
1519 1303 1757 1358 scopulum;
1791 1304 1834 1344 in
1866 1303 1986 1345 litore
2014 1305 2140 1347 arbor
2162 1315 2316 1358 exstat3
2354 1310 2476 1360 statio
2498 1311 2556 1352 ibi
2592 1322 2632 1354 et

1396 1363 1474 1404 sub
1498 1363 1645 1404 arbore
1669 1377 1799 1418 aqua3
1825 1377 1922 1404 cave
1944 1372 2146 1406 austrum.

1457 1438 1523 1478 19.
1554 1426 1592 1466 A
1614 1424 1752 1465 Graeas
1775 1425 1897 1479 Gony
1916 1425 2000 1465 sive
2017 1425 2175 1466 Ve‘tulae
2201 1440 2310 1480 genu
2331 1442 2460 1483 usque
2478 1429 2531 1470 ad
2550 1435 2630 1472 Ar-

1397 1493 1487 1525 tum
1508 1483 1638 1524 stadia
1671 1497 1763 1525 120.
1823 1485 2160 1525 Promontorium
2187 1495 2247 1527 est
2269 1501 2461 1542 asperum
2478 1520 2490 1539 ‚
2517 1493 2630 1545 quod

1397 1540 1550 1580 nullam
1565 1539 1642 1580 sub
1654 1554 1696 1580 se
1707 1540 1923 1580 stationem
1939 1540 2113 1581 navibus
2127 1541 2296 1596 praebet.
2356 1543 2421 1584 Ad
2436 1559 2632 1599 promon-

1396 1596 1550 1636 torium
1570 1603 1666 1635 sunt
1688 1596 1794 1636 tauri
1817 1597 1833 1647 (
1849 1595 2036 1652 cornua)
2057 1595 2143 1636 duo
2158 1628 2169 1647 ,
2195 1599 2266 1652 qui
2286 1600 2402 1653 quasi
2426 1601 2566 1642 insulae
2587 1605 2628 1644 in

1396 1665 1509 1691 mare
1523 1649 1844 1705 protenduntur.
1904 1652 1994 1692 Hoc
2011 1654 2344 1706 promontorium
2362 1654 2433 1695 ubi
2456 1657 2628 1698 circum·

1400 1821 1519 1860 sicuti
1539 1820 1718 1860 Ααδίκεια
1741 1818 1887 1860 dicunt
1913 1834 1989 1874 pro
2008 1821 2210 1862 Λαοδίκεια
2229 1829 2269 1862 et
2294 1823 2454 1864 similia.
2475 1826 2636 1866 Memo-

1398 1891 1491 1923 rant
1519 1882 1656 1922 locum
1689 1882 1832 1936 Scylax
1858 1890 1899 1923 et
1918 1883 2177 1924 Ptolemaeus,
2197 1884 2382 1939 Uterque
2402 1887 2630 1941 Ααοδαμάν-

1397 1959 1497 1985 τειον
1523 1953 1640 1985 vocat
1653 1960 1664 1994 ;
1692 1944 1757 1984 ille
1779 1945 2039 1997 navigatione
2061 1944 2144 1985 diei
2165 1943 2395 1995 dimidiati,
2418 1946 2487 1987 hic
2508 1947 2630 1988 dimi-

1396 2007 1464 2048 dia
1503 2009 1626 2047 unius
1657 2006 1809 2061 gradus
1834 2016 1949 2062 parte
1979 2023 2003 2048 a
2026 2010 2161 2049 Leuce
2189 2015 2276 2049 acte
2311 2008 2448 2049 locum
2481 2009 2630 2051 distare

1395 2070 1615 2125 perhibent
1636 2084 1783 2125 parum
1819 2078 2022 2113 accurate.
2054 2070 2070 2124 ll
2095 2094 2154 2100 —-
2177 2069 2396 2126 μεγάλη]
2421 2070 2631 2126 Ejicienda

1395 2148 1497 2183 vox,
1520 2147 1644 2188 quam
1667 2133 1865 2185 glossator
1883 2133 1935 2174 ad
1959 2147 2102 2174 vocem
2128 2132 2263 2184 ἱκανήν
2287 2133 2516 2190 adscripsit.
2539 2136 2555 2190 Η
2575 2160 2631 2167 --

1394 2196 1415 2235 δ
1429 2195 1555 2243 εξιὰν
1572 2196 1586 2249 J
1612 2193 1715 2242 δεξιὰ
1730 2194 1843 2245 cod.;
1867 2197 1997 2250 possis
2019 2196 2142 2236 etiam
2167 2194 2206 2236 ἔν
2225 2194 2341 2251 δεξιᾷ.

1450 2262 1560 2311 §17.
1584 2257 1640 2298 τὰ
1674 2257 2031 2313 Καλλαμαίου]
2058 2257 2230 2298 Καλλίου
2257 2258 2372 2313 ἄκρον
2395 2267 2436 2300 et
2457 2259 2628 2302 Καλλίου

1392 2320 1530 2360 locum
1571 2319 1917 2360 mediterraneum
1962 2320 2205 2361 Ptolemaeus
2246 2320 2385 2362 habet.
2433 2322 2547 2374 Quid
2577 2325 2629 2365 sit

1393 2385 1543 2423 rectius
1562 2382 1718 2422 dictum
1731 2413 1742 2432 ‚
1765 2383 1918 2423 nescio.
1946 2382 2049 2422 Illud
2071 2382 2249 2437 intellige
2275 2385 2624 2438 promontorium,

1392 2444 1505 2498 quod
1527 2445 1716 2499 proxime
1733 2452 1825 2499 post
1847 2452 2015 2498 portum
2034 2444 2249 2501 Malgadda
2263 2446 2307 2485 in
2325 2460 2437 2486 mare
2454 2449 2628 2501 porrigi-

1392 2516 1475 2547 tur.
1502 2507 1706 2547 Distantia
1725 2506 1952 2547 stadiorum
1972 2509 2040 2556 4ο,
2062 2506 2181 2545 sicuti
2201 2520 2292 2560 quae
2313 2509 2512 2562 sequitur,
2531 2524 2625 2549 cum

1392 2583 1487 2610 vera
1504 2583 1587 2609 orae
1617 2567 1874 2622 longitudine
1907 2582 2055 2623 parum
2083 2570 2295 2619 convenit;
2329 2577 2508 2610 attamen
2541 2586 2625 2612 non

1392 2632 1576 2687 corrupti
1598 2631 1761 2672 numeri
1775 2645 1861 2671 esse
1883 2630 2091 2672 videntur.

1447 2696 1469 2746 5
1494 2698 1562 2736 18.
1584 2698 1676 2734 τῶν
1701 2693 1732 2733 Κ
1745 2692 1907 2748 αλαμα
1922 2692 2021 2746 ίου]
2054 2693 2112 2733 sic
2132 2693 2287 2743 codex3
2311 2696 2379 2734 τοῦ
2402 2694 2625 2751 Καλαμαίου

1391 2769 1533 2811 apogr.
1550 2755 1687 2796 Iriart.
1711 2756 1728 2810 ll
1747 2778 1804 2786 —
1817 2754 1953 2810 Γραίας
1967 2755 2063 2809 γόνυ
2077 2785 2089 2805 ,
2115 2755 2232 2810 λιμήν
2255 2769 2322 2810 ap.
2343 2755 2623 2799 Ptolemaeum.

1397 2819 1413 2873 {l
1437 2835 1484 2850 -1
1516 2819 1645 2859 σταδ.
1661 2816 1720 2873 ο’]
1744 2818 1804 2858 sic
1823 2816 1976 2868 codex3
1996 2818 2104 2858 σταδ.
2122 2818 2140 2858 θ
2158 2817 2288 2859 edidit
2300 2818 2460 2860 Iriarte.
2485 2820 2626 2875 Sequi-

1392 2890 1460 2922 tur
1481 2881 1832 2936 promontorium,
1857 2883 1942 2921 Ras
1961 2879 1999 2920 el
2017 2882 2133 2935 Ayn,
2166 2879 2277 2935 quod
2299 2894 2429 2935 quum
2450 2895 2558 2935 genu
2583 2883 2626 2923 in

1393 2944 1565 2986 modum
1582 2952 1798 2986 curvatum
1813 2943 1881 2993 sit,
1891 2943 1991 2984 hinc
2004 2957 2159 2984 nomen
2172 2952 2339 2985 nactum
2355 2959 2440 2985 esse
2448 2945 2622 2987 videtur.

1398 3009 1413 3062 ΙΙ
1435 3032 1493 3038 -
1513 3007 1754 3063 τραχεῖα]
1778 3007 1925 3061 παχεῖα
1943 3006 2056 3056 cod.;
2077 3021 2159 3048 em.
2175 3021 2198 3047 e
2218 3005 2326 3060 conj.
2349 3007 2485 3048 Gailii.

1447 3073 1469 3124 §
1491 3074 1557 3113 19.
1586 3069 1725 3125 Ἄρτο
1738 3083 1757 3109 ν
1774 3069 1790 3123 ]
1822 3067 1947 3123 Apud
1963 3069 2228 3109 Ptolemaeum
2251 3069 2468 3108 imminens
2490 3071 2623 3110 Parae-

1390 3132 1506 3173 tonio
1521 3131 1855 3187 promontorium
1874 3138 2044 3170 vocatur
2064 3129 2179 3177 Πυθὶς
2194 3129 2305 3184 ἄκρα.
2323 3130 2524 3171 Distantia
2544 3131 2622 3172 du-

1391 3195 1446 3235 cit
1467 3194 1520 3235 ad
1537 3208 1671 3249 prom.
1680 3225 1691 3244 ,
1717 3191 1830 3247 quod
1846 3206 1870 3232 a
1903 3192 2072 3232 meridie
2095 3191 2246 3231 claudit
2268 3192 2426 3242 sinum,
2459 3194 2528 3246 qui
2556 3208 2624 3234 vo·

1391 3267 1507 3299 catur
1522 3261 1573 3299 M
1574 3257 1659 3298 irsa
1671 3255 1872 3296 Berek.—
1887 3254 2020 3295 Habet
2034 3255 2364 3309 promontorium
2381 3257 2620 3309 prominen-

1390 3328 1450 3360 tes
1482 3319 1587 3360 duos
1622 3319 1754 3372 apices
1794 3316 1857 3357 vel
1885 3330 2062 3365 cornua,
2101 3317 2251 3370 quibus
2291 3316 2439 3370 ταύρων
2468 3332 2620 3359 nomen

1390 3391 1524 3423 nautae
1545 3380 1741 3421 indidisse
1768 3378 1962 3419 videntur
1995 3377 2008 3434 (
2026 3377 2090 3419 Cf.
2124 3378 2160 3418 οἱ
2182 3379 2322 3433 Ταῦροι
2344 3377 2559 3435 ἀκρωτήρια
2576 3382 2619 3422 in

1389 3446 1484 3485 sinu
1498 3443 1675 3486 Arabico
1688 3455 1755 3497 ap.
1771 3440 2020 3495 Agatharch.
2044 3443 2066 3493 5
2082 3442 2134 3488 84
2156 3454 2199 3495 p.
2222 3443 2299 3495 174
2314 3441 2348 3495 ).
2370 3443 2510 3493 Quum
2534 3444 2620 3484 haec

1390 3521 1546 3548 cornua
1573 3505 1709 3561 potius
1741 3517 1864 3558 quam
1889 3511 2022 3543 totum
2051 3502 2254 3557 reliquum
2285 3506 2619 3558 promontorium

1389 3570 1433 3610 in
1448 3582 1561 3610 mare
1577 3564 1891 3623 protendantur,
1916 3564 2059 3619 scripsi
2085 3563 2344 3614 ἀνατείνοντες
2363 3580 2441 3621 pro
2467 3565 2618 3609 ἀνατεῖ-

1390 3646 1474 3682 νον,
1511 3628 1624 3686 quod
1654 3626 1785 3669 codex
1814 3627 1951 3668 habet.
1982 3626 2201 3682 Vulgatam
2244 3629 2277 3668 si
2302 3643 2463 3670 servare
2497 3631 2615 3680 velis,

1392 3693 1514 3735 verba
1545 3691 1610 3733 καὶ
1635 3689 1697 3732 ἐπὶ
1731 3693 1798 3731 τοῦ
1830 3689 1951 3745 ἀκρ...
1982 3689 2033 3738 ὡς
2055 3692 2164 3742 νῆσοι
2199 3691 2476 3746 parentlietice
2508 3692 2619 3736 dicta

1390 3756 1619 3797 orationem
1637 3751 1845 3794 efficerent
1883 3752 2129 3794 intricatam.
2164 3754 2355 3794 Ceterum
2376 3754 2616 3795 Mannertus

1389 3818 1511 3859 vertit
1533 3817 1551 3869 (
1570 3816 1610 3856 X
1623 3846 1635 3866 ,
1659 3828 1684 3855 2
1698 3846 1709 3865 ,
1731 3829 1773 3869 p.
1803 3827 1855 3868 29
1873 3816 1889 3868 )
1924 3827 1933 3855 t
1973 3834 1990 3850 ι
2015 3814 2345 3868 Aufdemselben
2367 3813 2501 3854 bilden
2526 3815 2615 3855 sicle

1391 3879 1489 3921 κινεῖ
1502 3878 1655 3920 ΒΙωεᾸ·ε
1675 3877 1841 3934 (ταῦροι)
1855 3876 1927 3918 wie
1937 3877 2090 3918 Inseln.
2109 3877 2236 3918 Halte
2253 3875 2348 3916 diclz
2364 3874 2582 3931 (ἀνάτεινον
2598 3878 2610 3933 )

1393 3942 1433 3983 in
1447 3941 1569 3983 Imber
1589 3945 1668 3981 Sec.
1691 3957 1706 3979 υ
1726 3941 1742 3994 ss
1759 3939 1898 3980 -Πα
1912 3940 2072 3995 ραιτὸν
2086 3955 2124 3979 ιο
2138 3954 2155 3979 ν
2175 3940 2190 3994 ]
2206 3938 2443 3993 Παραιτόνιον
2459 3939 2502 3980 h.
2527 3939 2554 3980 1.
2573 3949 2614 3982 et

2362 4019 2402 4048 28
