2756 4354
881 168 960 215 DE
994 165 1313 218 MARmANo
1347 145 1794 223 HERACLEENSE.

2425 214 2565 251 cxxix

887 357 1248 406 MARCIANUS
1289 362 1757 413 HERACLEENSIS.

122 521 230 568 214.
250 510 514 564 Marcianus·
524 525 580 554 ex
599 509 817 554 Heraclea
836 510 1056 556 Ponticus
1069 548 1081 568 ‚
1105 515 1290 558 nomine

58 591 307 641 Romanus,
348 585 497 645 patria
529 593 572 628 et
596 584 754 642 lingua
786 595 830 629 et
870 585 1035 630 studiis
1073 586 1287 648 Graecus,

53 665 296 712 Ptolemaeo
310 660 587 721 geographo,
607 675 741 720 quem
766 660 961 720 legebat,
978 661 1157 721 junior,
1183 663 1283 708 Ste-

52 739 204 802 phano
225 736 460 796 Byzanti0‚
476 751 502 779 a
521 749 612 794 quo
636 728 884 793 legebatur,
914 737 1285 797 antiquior,quo·

54 831 158 862 nam
180 814 469 876 potissimum
493 822 701 872 tempore
723 812 911 868 vixerit,
933 823 1138 858 veterum
1159 815 1286 859 testi-

53 893 311 938 moniorum
342 891 430 935 fide
455 889 705 934 asseverari
741 890 912 949 nequit.
951 889 1199 936 Salmasius
1237 891 1285 936 in

51 967 237 1012 Exercc.
273 966 394 1010 Plin.
421 982 469 1025 p.
495 964 582 1022 495
610 965 819 1009 floruisse
843 979 944 1009 eum
970 975 1121 1010 censet
1142 965 1284 1026 Syne-

52 1043 108 1089 sii
129 1040 431 1103 temporibus.
453 1039 619 1084 Eadem
644 1039 867 1085 sententia
882 1050 948 1085 est
965 1039 1095 1085 Lucae
1115 1040 1287 1087 llolste-

31 1113 117 1163 Nnii
138 1119 186 1162 in
206 1117 403 1178 ‘epistola
423 1116 478 1160 ad
502 1116 782 1160 Peirescium
812 1115 916 1175 (an.
949 1117 1084 1163 1628.
1111 1115 1283 1176 Febr.),

51 1192 132 1237 ubi
154 1193 209 1236 de
231 1192 463 1236 Marciano
488 1206 497 1236 :
524 1211 542 1229 «
567 1191 738 1234 Author
753 1192 834 1242 hie,
861 1190 1038 1249 inquit,
1063 1191 1285 1252 σύγχρονος

5 1270 10 1275 ”
45 1267 138 1320 Ῑὶιίε
156 1269 354 1322 Synesio,
384 1271 462 1323 qui
481 1267 677 1323 Epistola
702 1267 738 1309 C
764 1268 828 1307 ad
851 1267 1152 1321 Pyloemenem
1178 1266 1281 1307 rhe-

50 1353 181 1386 torem
198 1345 522 1395 Heracleotam,
542 1344 768 1384 Marciani
791 1346 1000 1386 meminit.
1024 1361 1042 1380 ι)
1061 1340 1284 1385 Videlicet

50 1416 268 1476 Synesius
289 1416 319 1461 l.
358 1416 388 1461 l.
414 1416 470 1459 ad
509 1416 815 1475 Pylaemenem
851 1415 1103 1471 rhetorem,
1147 1432 1281 1475 quem

49 1491 394 1535 Heracleensem
432 1490 571 1535 fuisse
605 1506 661 1534 ex
698 1505 803 1550 epp.
838 1491 922 1534 103
947 1500 990 1534 et
1018 1498 1104 1548 149
1141 1501 1280 1551 patet,

47 1566 168 1611 inter
204 1565 293 1609 alia
319 1565 455 1610 etiam
479 1565 572 1608 haec
609 1564 771 1608 scribit
794 1581 803 1607 :
831 1563 1039 1625 Πρόσειπε
1063 1564 1160 1625 παρ’
1182 1565 1281 1623 ἐμοῦ

48 1638 315 1685 πάνυπολλὰ
347 1638 415 1685 τὸν
443 1638 784 1698 σεὸασμιώτατον
817 1640 901 1684 Ma
918 1657 938 1698 ρ
953 1637 1153 1694 κιανὸν,
1186 1638 1228 1682 ὃν
1249 1641 1283 1683 εἰ

47 1713 267 1776 προλαὸὼν
284 1713 533 1775 Ἀριστείδην
558 1712 718 1774 Ἑρμοῦ
739 1713 875 1774 λογίου
896 1712 1020 1758 τύπον
1051 1716 1091 1758 ἐν
1121 1713 1280 1776 ἀνθρώ-

47 1808 138 1842 ποις
161 1790 261 1853 ἔφην
284 1775 547 1846 ἐληλυθέναί,
584 1789 700 1848 μόλις
731 1789 778 1835 ἂν
804 1789 947 1851 ἔτυχον
971 1793 1043 1844 τῆς
1067 1789 1196 1849 ἀξίας,
1218 1788 1280 1835 ὅτι

46 1864 170 1911 πλέον
193 1864 302 1910 ἐστὶν
323 1865 350 1920 ἢ
369 1864 518 1916 τύπος·
547 1851 765 1919 ἐπιστολὴν
792 1863 834 1909 δὲ
853 1863 893 1917 ἐξ
915 1863 1068 1916 εὐθείας
1087 1864 1186 1926 πρὸς
1209 1867 1276 1910 αὖ·

45 1941 114 1988 τὸν
156 1942 351 1987 ἐπιθεῖναι
393 1941 527 1987 καίτοι
565 1941 838 2004 προθυμηθεὶς
874 1940 1093 2002 ἐνάρκεσα,
1123 1939 1189 1986 ἵνα
1221 1940 1278 2001 μὴ

47 2017 211 2070 εὖθύνας
233 2017 405 2080 ὑπόσχω
424 2024 504 2070 τοῖς
520 2018 765 2069 πανδέκταις
788 2019 868 2069 τοῖς
892 2017 1212 2077 ἀποσμιλεύουσι
1228 2017 1279 2061 τὰ

46 2094 249 2155 ὀνόματα·
282 2096 327 2140 οὗ
351 2095 429 2156 γὰρ
455 2094 594 2156 μικρὸς
626 2098 647 2139 ὁ
671 2095 850 2145 κίνδυνος
870 2096 910 2139 ἐν
933 2097 992 2155 τῷ
1020 2092 1279 2154 πανελληνίῳ

45 2169 119 2226 τὴν
135 2170 352 2224 ἐπιστολὴν
371 2173 696 2231 ἀναγνωσθῆναι·
709 2172 824 2214 καλῶ
843 2169 922 2231 γὰρ
939 2169 1046 2214 οὕτω
1061 2169 1128 2214 τὸν
1142 2168 1279 2225 τόπον,

11 2242 14 2245 ’
47 2247 89 2290 ἓν
115 2239 149 2308 ᾧ
184 2245 380 2296 πολλάκις
413 2244 628 2308 ἐφρόντισα
665 2243 735 2294 τὰς
764 2244 927 2305 βαρείας
963 2244 1177 2305 φροντίδας
1199 2247 1278 2288 τῶν

49 2319 334 2381 ἁπανταχόθεν
375 2319 603 2378 ἐλλογίμων
645 2316 880 2372 συνιόντων,
922 2319 984 2379 ἐφ’
1005 2311 1038 2379 ᾧ
1074 2321 1145 2372 τῆς
1170 2320 1281 2378 ἱερᾶς

48 2398 222 2440 ἀκοῦσαι
244 2398 315 2439 τοῦ
346 2394 576 2456 πρεσὸύτου
611 2397 745 2455 φωνῆς
778 2392 937 2438 παλαιὰ
966 2393 1036 2438 καὶ
1059 2393 1127 2437 νέα
1154 2411 1280 2437 κατα-

48 2468 329 2530 μαστευούσης
366 2468 618 2529 διηγήματα.
656 2469 883 2513 Habemus
911 2470 958 2511 in
978 2468 1052 2512 his
1089 2468 1279 2512 Marcia-

47 2562 156 2591 num
177 2545 420 2605 quendam,
444 2560 578 2604 qucm
606 2544 795 2589 fortasse
820 2543 870 2588 in
887 2542 1106 2587 Heraclea
1123 2543 1279 2602 Bithy-

47 2621 136 2665 niae
175 2619 287 2664 urbe
319 2619 516 2674 vixisse,
563 2620 780 2678 quoniam
824 2617 1104 2676 Pylaemenes
1138 2618 1280 2661 Hera-

0 2732 1 2749 2
36 2691 239 2742 ⁶cleensis
257 2705 377 2752 erat,
403 2695 624 2755 suspicari
645 2695 768 2739 licet.
790 2693 1078 2752 Quamquam
1096 2709 1203 2737 num
1225 2709 1278 2737 eo

0 2760 1 2800 l
48 2783 251 2834 tempore
272 2772 553 2832 Pylaemenes
576 2771 803 2815 Heracleae
834 2779 975 2814 artem
996 2784 1122 2813 suam
1149 2784 1279 2812 exer-

50 2848 211 2903 cuerit,
237 2857 281 2891 et
311 2847 530 2891 Heraclea
559 2855 748 2890 vocetur
773 2843 1073 2901 Πανελλήνιον,
1109 2858 1166 2886 an
1186 2859 1279 2887 non

49 2923 316 2984 Byzantium
330 2923 500 2985 potius,
513 2921 596 2967 uhi
604 2922 777 2967 diutius
794 2921 1036 2981 Synesium
1051 2929 1279 2965 versatum

42 3015 147 3046 -esse
183 3001 382 3055 scimus3
420 3015 560 3060 porro
601 3014 710 3044 num
745 2998 1003 3043 Marcianus
1030 2997 1110 3041 ille
1143 2996 1278 3042 etiam

51 3076 248 3136 scriptor
269 3086 312 3120 et
335 3075 666 3136 geographicus
688 3070 873 3134 quidem
897 3074 1094 3134 scriptor
1113 3073 1275 3128 fuerit3

51 3165 158 3195 num
185 3160 355 3196 tantum
381 3150 599 3211 Synesius
619 3149 770 3195 studio
804 3160 848 3194 et
882 3151 974 3193 oris
1010 3147 1302 3192 rotunditati⁴

50 3225 311 3282 indulserit,
325 3236 374 3270 ut
396 3225 555 3287 Ἑρμοῦ
569 3224 705 3285 λογίου
728 3223 854 3269 τύπον
878 3224 1074 3285 appellet
1102 3223 1274 3276 virum,

51 3314 183 3358 quem
209 3315 288 3344 nos
324 3317 415 3345 non
446 3302 658 3346 novimus
683 3301 773 3346 nisi
795 3311 1022 3360 tamquam
1048 3299 1276 3344 misellum

1360 516 1613 561 alienorum
1623 518 1847 564 librorum
1859 521 2162 566 breviatorem
2175 540 2224 568 ac
2235 526 2411 573 dicendi
2421 547 2576 588 genere

1359 590 1526 634 anilem
1543 601 1586 635 et
1599 592 1891 651 impotentem
1912 612 1924 650 ;
1948 611 2054 639 num
2080 597 2275 656 denique
2298 600 2576 652 Christianus

1359 665 1600 726 episcopus
1620 678 1818 712 sanctam
1835 671 1956 714 senis
1978 673 2225 716 venerandi
2257 690 2412 720 vocem
2436 679 2482 722 in
2502 696 2579 740 pa-

1359 755 1476 798 gano
1493 750 1666 796 nostre,
1685 741 1917 788 Ptolemaei
1941 748 2011 790 τοῦ
2029 745 2234 791 θειοτάτου
2251 748 2519 799 admiratore
2539 766 2581 799 et

1358 814 1470 869 θεοὺς
1490 816 1650 878 λογίους
1669 817 1918 864 obtestante
1942 822 1954 880 (
1972 837 2017 880 p.
2038 822 2143 878 567,
2169 825 2226 866 28
2244 825 2278 882 )‚
2302 828 2580 884 praedicave-

1359 892 1422 935 rit
1440 907 1450 935 :
1472 891 1569 937 haec
1583 894 1739 938 omnia
1756 908 1882 938 mero
1900 905 2055 939 nostro
2079 895 2269 941 arbitrio
2292 898 2581 958 dijudicanda

1357 966 1694 1028 relinquuntur.
1716 970 1876 1028 Itaque
1912 985 1968 1012 ex
2001 969 2182 1029 Synesii
2199 972 2298 1016 loco
2321 989 2479 1032 parum
2500 993 2581 1022 nos

1358 1044 1622 1103 proficimus
1637 1061 1648 1099 ;
1665 1059 1716 1088 ac
1733 1045 1939 1099 omnino,
1960 1045 2051 1088 nisi
2069 1045 2310 1091 disertiora
2327 1050 2581 1097 testimonia

1358 1130 1616 1180 suppetant,
1633 1130 1757 1164 tanto
1773 1119 1918 1179 majus
1931 1130 1997 1163 est
2009 1121 2188 1165 errandi
2205 1123 2472 1181 periculum,
2491 1143 2579 1185 quo

1359 1194 1641 1252 frequentius
1679 1209 1845 1238 nomen
1870 1193 2089 1238 Marciani
2120 1196 2237 1255 apud
2272 1189 2458 1243 serioris
2493 1202 2577 1244 aevi

1357 1268 1567 1313 homines
1586 1269 1802 1314 occurrit.
1823 1269 1860 1311 A
1899 1268 2104 1313 Ponticis
2125 1270 2171 1313 id
2204 1271 2468 1328 regionibus
2485 1290 2575 1318 non

1357 1344 1559 1388 alienum
1586 1344 1723 1389 fuisse
1742 1345 1882 1404 liquet
1912 1361 1968 1388 ex
1994 1344 2172 1404 Synesii
2200 1346 2390 1405 epistola
2418 1364 2496 1407 191
2525 1350 2580 1393 ad

1355 1420 1650 1480 Tryphonem
1666 1456 1678 1476 ‚
1700 1420 1781 1466 ubi
1802 1437 1812 1467 ε
1840 1421 2080 1482 Μαρκιανὸν
2102 1421 2167 1466 τὸν
2188 1421 2401 1485 φιλόσοφον
2424 1423 2491 1468 τὸν
2515 1423 2582 1486 ἄρ-

1355 1493 1480 1546 ξαντα
1517 1497 1804 1557 Παφλαγόνων
1834 1497 2029 1558 προσεῗπε
2064 1497 2162 1559 παρ’
2186 1499 2301 1556 ἐμοῦ,
2326 1499 2422 1543 sive
2461 1499 2580 1544 hunc

1355 1570 1547 1615 eundem
1566 1587 1668 1616 cum
1705 1572 1936 1616 Marciano
1971 1573 2173 1631 epistolae
2196 1589 2278 1616 100
2304 1572 2369 1633 (*),
2394 1574 2492 1618 sive
2515 1575 2579 1618 di-

1355 1662 1538 1692 versum
1564 1647 1621 1691 ab
1637 1663 1691 1693 eo
1713 1663 1812 1693 esse
1829 1659 1974 1709 putes.
2000 1648 2127 1692 Adde
2163 1649 2343 1693 titulum
2363 1651 2580 1695 Amastris

1353 1722 1483 1767 urbis
1503 1722 1849 1782 Paphlagonicae
1884 1724 1933 1767 in
1959 1722 2009 1768 C.
2046 1723 2187 1769 Inscr.
2223 1723 2366 1779 t.111‚
2391 1740 2434 1784 p.
2475 1725 2591 1780 385,—

1352 1813 1396 1841 n.
1433 1797 1549 1850 4151
1568 1832 1580 1854 ,
1612 1798 1694 1843 ubi
1718 1798 1857 1850 Αἴλιος
1886 1797 2086 1860 Αὐρήλιος
2119 1797 2358 1859 Μαρκιανὸς
2379 1803 2400 1844 ὁ
2422 1802 2578 1860 πρῶτος

1353 1871 1507 1933 ἄρχων.

1416 1948 1523 1994 215.
1556 1949 1718 1993 Paullo
1741 1949 1882 1993 tutius
1918 1949 1974 1993 de
2010 1958 2136 1993 aetate
2161 1949 2398 2008 scriptoris
2434 1950 2578 1993 nostri

1345 2023 1552 2078 judicare
1571 2024 1693 2079 licet,
1709 2024 1748 2068 si
1768 2039 1907 2083 opera
1925 2023 2025 2082 ejus
2047 2023 2095 2067 in
2119 2038 2306 2067 examen
2322 2023 2573 2067 vocaveris.

1352 2097 1405 2141 In
1428 2098 1598 2157 quibus
1623 2115 1764 2158 quum
1788 2099 2010 2143 orationis
2043 2098 2237 2151 indoles,
2267 2113 2401 2157 quam
2425 2113 2449 2141 e
2478 2113 2579 2157 pro-

1351 2174 1502 2220 oemiis
1514 2175 1710 2220 maxime
1722 2174 2056 2234 cognoscimus,
2069 2174 2290 2219 labentem
2306 2174 2575 2234 graecitatem

1350 2261 1526 2306 arguat,
1551 2251 1779 2295 citerioris
1818 2251 1905 2294 aevi
1935 2261 2164 2294 auctorem
2193 2266 2294 2294 cum
2315 2250 2575 2308 Byzantinis

1351 2324 1651 2383 scriptoribus
1676 2324 2036 2383 componendum
2064 2324 2196 2367 facile
2215 2324 2436 2381 agnoscis.
2457 2323 2575 2366 Geo-

1350 2397 1544 2456 graphia
1560 2431 1573 2455 ,
1594 2398 1771 2455 qualem
1790 2397 2045 2440 Marcianus
2065 2395 2326 2452 adumbrat,
2352 2411 2490 2453 quum
2518 2411 2574 2439 ex

1350 2472 1687 2531 antiquioribus
1707 2471 1840 2515 libris
1860 2471 1994 2515 ducta
2009 2472 2084 2526 sit,
2111 2471 2225 2514 nihil
2257 2470 2346 2514 fere
2362 2470 2573 2530 suppedi-

1350 2556 1413 2589 tat
1428 2546 1547 2590 unde
1571 2546 1619 2590 id
1640 2546 1762 2605 quod
1785 2546 2034 2604 quaerimus
2050 2545 2150 2588 erui
2174 2544 2334 2604 possit.
2354 2543 2573 2597 Quamvis

1350 2621 1472 2664 enim
1510 2621 1652 2663 multa
1686 2635 1733 2664 se
1762 2620 1958 2679 acceptis
1985 2619 2042 2663 de
2071 2635 2150 2662 suo
2191 2633 2314 2678 penu
2347 2617 2574 2662 addidisse

1350 2696 1520 2755 passim
1562 2706 1719 2740 auctor
1751 2695 2037 2755 profiteatur,
2065 2694 2233 2739 indicia
2268 2703 2415 2737 tamen
2440 2692 2575 2752 hujus

1351 2788 1502 2832 operae
1523 2773 1571 2816 in
1591 2772 1723 2816 libris
1739 2772 1795 2815 de
1810 2771 2005 2825 Ocean0,
2032 2786 2148 2830 quos
2167 2786 2262 2830 prae
2282 2769 2454 2813 'ceteris
2484 2783 2575 2812 suae

1350 2847 1497 2907 ipsius
1520 2847 1769 2905 diligentiae
1793 2862 1908 2906 opus
1931 2848 2038 2902 (τῶν
2057 2846 2234 2903 ἐμαυτοῦ
2257 2842 2390 2887 πόνων
2415 2842 2577 2903 ἐναργὲς

1349 2920 1565 2983 γνώρισμα
1598 2938 1642 2981 p.
1677 2920 1784 2976 567,
1821 2921 1908 2979 30)
1951 2934 2048 2964 esse
2070 2919 2259 2971 dictitat,
2291 2928 2379 2961 tam
2414 2917 2576 2974 exigua

1321 3019 1325 3022 -
1350 3008 1472 3056 sunt,
1489 3013 1539 3042 ac
1558 3008 1647 3042 tam
1668 2997 1955 3041 manifestum
1974 3006 2040 3040 est
2056 2996 2189 3054 longe
2211 2994 2406 3054 plurima
2423 3007 2448 3036 e
2468 2993 2581 3036 Pto:

1349 3074 1508 3118 leinaeo
1543 3073 1821 3118 verbotenus
1860 3072 1951 3116 fere
1973 3071 2199 3128 exscripta
2221 3084 2335 3123 esse,
2364 3060 2414 3111 ut
2436 3068 2483 3111 in
2503 3068 2574 3111 his

1325 3149 1327 3152 ’
1349 3148 1691 3208 vaniloquentia
1705 3147 1904 3191 hominis
1921 3146 2145 3190 neminem
2166 3145 2307 3188 lateat.
2333 3141 2422 3185 Nec
2440 3141 2569 3185 aliter

1351 3239 1425 3269 res
1460 3224 1595 3283 fuerit
1618 3224 1667 3267 in
1702 3222 1984 3282 compendiis
2007 3236 2064 3265 ex
2090 3217 2377 3263 Artemidoro
2409 3226 2452 3260 et
2480 3216 2570 3259 Me-

1354 3298 1498 3358 nippo
1518 3297 1735 3342 collectis.
1758 3296 1806 3340 Si
1833 3295 1941 3354 quid
1959 3305 2105 3338 tamen
2123 3293 2171 3336 in
2198 3291 2269 3335 his
2292 3290 2482 3334 mutavit
2501 3289 2574 3333 vir

103 3460 151 3507 (*)
174 3461 252 3496 Hoc
276 3458 413 3506 placuit
431 3463 473 3499 B.
492 3462 660 3500 Fabricio
682 3461 695 3508 (
714 3461 835 3499 Ueber
856 3459 1095 3498 Marcianos
1120 3469 1194 3497 aas
1214 3455 1466 3496 Heracleam
1485 3455 1626 3493 Rhein.
1645 3457 1748 3493 Mus.
1771 3456 1822 3499 ΙΙ,
1836 3457 1872 3497 3,
1890 3464 1925 3501 p.
1948 3457 2033 3491 369.
2053 3453 2186 3499 1843).
2205 3452 2308 3490 Idem
2325 3453 2451 3488 monet
2466 3451 2566 3488 Grae-

51 3515 157 3552 vium
177 3514 377 3561 exemplari
407 3517 711 3564 Gcographorum
734 3515 1080 3554 Hoeschelianorum
1108 3515 1145 3552 in
1169 3513 1396 3552 bibliotheca
1432 3511 1738 3557 Heidelbergense
1773 3510 1963 3546 asservato
1981 3506 2245 3555 adscripsisse:
2275 3509 2332 3544 De
2363 3506 2574 3543 Marciano

52 3570 252 3608 Libanius
286 3570 374 3616 aqit
393 3571 436 3608 in
469 3572 638 3619 epistola
667 3571 851 3621 quadam
880 3570 939 3609 ad
964 3570 1190 3609 Modestum
1211 3580 1252 3618 p.
1277 3573 1353 3610 30.;
1381 3565 1417 3602 id
1439 3576 1529 3603 vero
1547 3565 1695 3603 admitti
1722 3575 1796 3602 non
1822 3574 1952 3612 posse,
1970 3572 2088 3610 quum
2106 3562 2207 3599 hunc
2226 3562 2279 3599 Μ.
2299 3558 2572 3598 Antiochenum

53 3625 167 3662 fuisse
186 3623 327 3670 liqueat
344 3633 391 3662 ex
407 3623 534 3663 Liban.
559 3637 618 3673 ep.
641 3632 712 3664 602
736 3626 760 3663 b
778 3627 816 3663 et
839 3630 953 3671 1535,
977 3625 1222 3673 ejusdemque
1252 3622 1428 3660 Marciani
1454 3622 1682 3660 mentionem
1705 3620 1784 3658 fieri
1803 3630 1885 3668 epp.
1909 3623 1968 3657 51·
2000 3622 2086 3656 213.
2113 3621 2198 3656 305.
2220 3620 2304 3656 732.
2336 3616 2440 3653 1444.
2469 3616 2572 3651 1446,

57 3683 165 3716 1535.
191 3680 280 3714 1537
301 3677 339 3714 et
361 3682 467 3724 1196,
489 3679 553 3716 ubi
571 3681 733 3717 Wolfius
754 3694 763 3718 :
787 3695 806 3714 ιι
823 3680 1056 3719 Marcianum
1081 3680 1181 3717 hunc
1201 3690 1279 3717 esse
1294 3678 1420 3724 credo,
1440 3678 1485 3716 ad
1509 3689 1622 3727 quem
1644 3679 1788 3727 aliquot
1806 3676 2022 3726 Symmachi
2046 3677 2173 3713 nostro
2193 3674 2376 3724 (Libauio
2393 3675 2405 3720 )
2421 3672 2573 3720 aequalis

54 3735 204 3772 exstant
226 3732 406 3780 epistolae,
428 3742 467 3770 v.
487 3743 521 3771 c.
547 3734 612 3772 lib.
636 3737 738 3780 vill,
754 3740 791 3774 9.
813 3741 873 3774 22.
893 3741 952 3773 52,
975 3740 1033 3775 57.
1058 3740 1119 3775 72.
1135 3736 1220 3774 Fuit
1239 3737 1270 3773 is
1295 3734 1366 3772 sub
1386 3734 1649 3771 Valentiniano
1667 3732 1812 3779 juniore
1830 3731 2018 3771 vicarius.
2037 3733 2085 3769 V.
2115 3732 2195 3769 Jac.
2217 3728 2440 3768 Gothotredi
2469 3729 2570 3764 Pros-

53 3787 318 3836 opographiam
337 3787 475 3825 codicis
492 3787 738 3826 Theodosiani
755 3799 791 3837 p.
817 3794 901 3829 371.
923 3805 943 3824 u
959 3791 1063 3829 Adde
1080 3790 1234 3838 Euuapii
1255 3790 1385 3838 fragm.
1403 3791 1450 3826 44
1467 3789 1504 3825 in
1528 3791 1585 3826 Fr.
1604 3789 1699 3826 Hist.
1717 3791 1781 3833 IV,
1799 3799 1835 3836 p.
1857 3791 1918 3826 33.
1939 3789 2114 3825 Graecum
2126 3786 2341 3834 scriptorem
2356 3810 2367 3828 ‚
2391 3782 2452 3818 cui
2471 3782 2569 3839 Mai·-

53 3844 151 3882 ciani
174 3853 327 3889 nomen,
353 3844 537 3881 memorat
557 3843 714 3881 Photius
732 3844 770 3880 in
791 3845 883 3883 Bibl.
912 3845 998 3883 cod.
1021 3850 1087 3884 158
1112 3857 1148 3892 p.
1179 3850 1262 3891 101,
1281 3857 1317 3884 a.
1336 3849 1392 3890 ι8,
1409 3844 1473 3881 ubi
1507 3843 1752 3891 Phrynichus,
1785 3842 1896 3880 Marci
1915 3844 1954 3879 et
1984 3839 2182 3879 Commodi
2204 3839 2317 3885 impp.
2340 3833 2505 3881 aequalis,
2532 3842 2570 3869 m

55 3902 266 3947 σοφιστικῆς
284 3901 518 3946 παρασκευῆς
547 3898 642 3935 libro
666 3897 810 3936 decimo
828 3899 925 3937 inter
952 3900 1024 3937 alia
1043 3900 1156 3938 etiam
1179 3901 1260 3938 haec
1288 3900 1436 3938 tradere
1458 3899 1622 3937 dicitur:
1654 3899 1726 3937 Καὶ
1756 3896 1966 3946 Μαρκιανὸν
1984 3909 2071 3944 φησι
2104 3895 2166 3931 τὸν
2193 3891 2348 3941 κριτικὸν
2363 3886 2568 3935 συγγραφέα

55 3953 231 4001 ὑπερορᾶν
257 3952 320 4001 μὲν
341 3953 535 3995 Πλάτωνος
563 3954 625 3990 καὶ
659 3954 932 4000 Δημοσθένους,
947 3954 1012 3997 τὰς
1032 3955 1070 3992 δὲ
1090 3955 1250 4004 Βρούτου
1275 3960 1340 3994 τοῦ
1360 3955 1499 3993 Ἰταλοῦ
1519 3954 1710 3997 ἐπιστολὰς
1729 3952 1929 4002 προκρίνειν
1946 3952 2009 3987 καὶ
2043 3949 2176 3987 κανόνα
2195 3945 2263 3991 τῆς
2276 3946 2311 3981 ἐν
2327 3942 2422 3990 λόγῳ
2443 3942 2569 3989 ἀρετῆς

56 4008 264 4057 ἀποφαίνειν
283 4006 360 4046 κτλ.
381 4011 415 4046 Is
431 4010 589 4046 tortasse
607 4010 663 4046 est
686 4008 896 4047 Marcianus
911 4020 1025 4058 quem
1037 4010 1134 4049 inter
1152 4013 1400 4060 praeceptores
1414 4020 1503 4048 suos
1520 4008 1690 4047 nominat
1706 4009 1853 4046 Marcus
1872 4004 2056 4043 Aurelius.

221 4077 353 4112 caeca.
380 4085 402 4111 ι.
