2782 4348
79 199 149 260 (ω,
237 197 250 260 )

78 301 274 362 Μάγυδος
292 299 364 346 καὶ
383 297 567 358 ποταμὸς
587 295 911 358 Καταρράκτης,
934 296 1078 357 Πέργη
1097 296 1216 348 πόλις
1235 298 1305 343 καὶ

78 369 186 431 ἱερὸν
217 368 463 431 Ἀρτέμιδος.
529 364 629 411 Ἐπ’
662 363 816 415 εὗθείας
841 363 883 408 δὲ
917 364 1161 426 παράπλους
1197 366 1306 410 ἐστὶν

78 438 234 489 Λυκίας
254 435 334 482 ἀπὸ
363 435 388 460 ““
411 433 571 494 ἡμέρας
600 431 672 478 καὶ
696 430 837 483 νυκτός
852 450 863 460 ·
883 434 904 477 ὁ
928 430 970 477 δὲ
992 430 1103 494 παρὰ
1133 434 1210 493 γ’ῆν
1245 433 1305 478 δι-

77 506 248 558 πλάσιος
263 503 419 551 τούτου·
444 501 530 547 ἔστι
562 501 641 563 γὰρ
661 500 892 556 κολπώδης.

140 591 214 621 101.
233 576 519 620 ΠΑΜΦΥΛΙΑ.
545 569 668 618 Μετὰ
698 569 739 615 δὲ
763 568 922 616 Λυκίαν
953 567 1040 615 ἐστὶ
1075 569 1308 632 Παμφυλία

80 645 212 702 ἔθνος,
233 641 303 688 καὶ
335 641 474 692 πόλεις
512 643 554 686 ἐν
578 642 682 702 αὐτῇ
713 637 824 684 αἵδε·
847 637 1069 690 Ἄσπενδος
1092 637 1228 690 πόλις·
1250 640 1309 690 εἷς

73 711 225 768 ταύτην
244 715 265 757 ὃ
289 709 493 761 ἀνάπλους
514 709 668 771 γίνεται
691 709 800 754 κατὰ
833 707 1034 768 ποταμόν·
1058 711 1079 754 ὁ
1106 706 1149 753 δὲ
1174 726 1305 754 ποτα-

76 780 150 841 μός
186 782 292 826 ἐστιν
329 779 594 842 Εὐρυμέδων·
638 771 725 824 εἶτα
759 779 876 830 πόλις
921 777 1139 838 Σύλλειον,
1198 777 1306 833 ἄλλη

74 850 190 902 πόλις
231 849 360 907 Σίδη,
389 849 591 909 Κυμαίων
625 847 818 906 ἀποικία,
855 847 925 893 καὶ
944 847 1088 907 λιμήν.
1156 847 1309 909 Παρά-

73 921 199 971 πλους
218 918 472 982 Παμφυλίας
497 918 579 964 ἀπὸ
615 918 783 980 Πέργης
815 917 946 977 ἥμισυ
965 917 1142 979 ἡμέρας.
1210 916 1307 964 Εἰσὶ

76 988 117 1034 δὲ
138 988 208 1034 καὶ
229 989 352 1034 ἄλλαι
381 988 519 1040 πόλεις
535 988 813 1050 Παμφυλίας,
836 987 1021 1050 Κίὸυρα,
1046 980 1135 1033 εἶτα
1155 990 1306 1049 Κορα-

71 1055 226 1112 κήσιον.

71 1225 154 1257 tur.
176 1219 260 1258 Nec
280 1217 474 1271 indignus
489 1226 549 1258 est
569 1218 641 1272 qui
671 1217 928 1257 adscribatur
946 1216 1059 1256 locus
1081 1215 1310 1257 Aristotelis

74 1281 136 1320 De
154 1288 265 1321 vent.
290 1281 413 1335 posit.
438 1295 481 1335 p.
508 1281 605 1334 973,
631 1278 670 1329 5,
688 1279 760 1319 ubi
775 1277 827 1319 de
847 1277 1018 1328 eodem,
1036 1292 1160 1332 quem
1177 1278 1313 1318 Theo·

73 1342 265 1397 phrastus
295 1342 525 1397 descripsit,
553 1349 694 1391 vento,
715 1342 877 1382 Senecae
908 1341 961 1381 N.
981 1342 1065 1393 Qu,
1083 1342 1140 1390 V,
1163 1353 1212 1394 17
1240 1343 1314 1380 Ca-

73 1405 191 1456 tcegis
213 1405 339 1455 dicto,
373 1406 538 1459 agitur:
582 1402 649 1444 ’Ev
674 1402 715 1444 δὲ
743 1402 883 1458 Ὀλὸίᾳ
914 1405 964 1459 τῇ
989 1401 1087 1444 κατὰ
1122 1402 1312 1457 Μόγαλον

73 1465 88 1522 (
112 1466 187 1519 leg.
228 1466 414 1520 Μάγυδον
436 1465 450 1522 )
493 1468 560 1518 τῆς
593 1466 821 1521 Παμφυλίας
853 1465 867 1523 (
890 1466 1102 1519 καλεῖται)
1125 1465 1309 1520 Γαυρεός·

69 1529 164 1568 πνεῖ
186 1526 260 1582 γὰρ
299 1527 373 1569 ἀπὸ
406 1527 524 1578 νήσου
558 1528 582 1580 ἢ
606 1528 786 1569 καλεῖται
816 1528 964 1583 Γαυρίς.
998 1527 1104 1575 Τινὲς
1131 1527 1172 1568 δὲ
1197 1527 1312 1569 αὖτὸν

0 1636 8 1642 .
72 1589 211 1644 βορρᾶν
232 1587 382 1630 οἴονται
406 1587 523 1640 εἶναι,
553 1589 592 1630 ἐν
610 1588 667 1637 οἷς
681 1590 748 1630 καὶ
772 1591 978 1646 Λυρνατεῖς
992 1590 1030 1630 οἱ
1052 1589 1150 1631 κατὰ
1175 1590 1312 1642 Φασή-

68 1651 172 1692 λιδα.
197 1652 280 1692 Ubi
297 1667 374 1707 pro
397 1653 602 1707 corruptis
627 1653 869 1694 nominibus
891 1652 1118 1693 ΓΑΥΡΕΥΣ
1141 1661 1182 1693 et
1196 1653 1312 1693 ΓΑΥ-

70 1714 151 1754 ΡΙΣ
176 1729 330 1770 repone
350 1714 561 1755 ΙΔΥΡΕΥΣ
579 1724 619 1755 et
645 1715 823 1757 ΙΔΥΡΙΣ.
861 1717 947 1757 Nec
976 1715 1196 1757 offensioni
1226 1730 1312 1757 esse

68 1787 203 1833 potest
219 1778 332 1833 quod
354 1781 470 1830 νῆσον
498 1778 672 1834 appellat
691 1779 930 1820 Aristoteles
953 1794 1045 1834 quae
1059 1779 1227 1834 reliquis
1250 1788 1311 1820 est

71 1841 194 1889 πόλις.
214 1841 421 1882 Nimirum
444 1842 488 1881 in
509 1841 726 1896 peninsula
749 1842 826 1883 sita
849 1851 936 1883 erat
956 1842 1121 1898 Idyrus,
1146 1840 1198 1882 de
1227 1857 1310 1897 quo

70 1902 234 1944 dicendi
247 1917 394 1957 genere
409 1903 548 1944 multis
557 1902 644 1958 jam
662 1905 857 1960 Stephani
879 1905 978 1946 locis
1000 1905 1310 1949 admonuimus.

68 1967 160 2006 Jam
171 1966 240 2005 vix
259 1964 435 2005 dubium
451 1979 537 2005 esse
555 1974 705 2019 potest,
723 1968 825 2021 quin
841 1967 953 2022 apud
967 1968 1149 2012 Plinium
1166 1969 1223 2017 V,
1239 1967 1307 2017 35,

69 2027 139 2068 ubi
160 2028 268 2069 inter
284 2027 380 2068 alias
405 2028 522 2082 Lycii
539 2029 663 2068 maris
680 2029 832 2070 insulas
851 2031 972 2071 etiam
989 2034 1018 2074 I
1018 2030 1134 2084 Hyris
1152 2045 1310 2071 memo-

67 2098 198 2141 ratur,
228 2089 373 2131 itidem
405 2089 546 2144 Idyris
564 2091 867 2132 restituendum
887 2093 954 2133 sit.
979 2113 994 2128 x·
1027 2093 1042 2145 ΙΙ
1061 2117 1119 2124 —
1138 2094 1310 2148 Λυρνά-

67 2167 114 2193 τε
130 2167 174 2192 ια
188 2183 200 2204 ,
230 2151 284 2193 ’O
295 2152 321 2192 λ
334 2153 355 2192 6
372 2153 418 2192 ία
430 2184 440 2202 ,
480 2152 522 2193 Μ
535 2153 558 2192 ά
570 2169 595 2208 γ
607 2154 657 2192 υδ
670 2169 690 2194 ο
701 2155 746 2208 ς]
771 2153 1003 2209 αὖραιάτεια·
1030 2155 1312 2210 ὀλὸιάμασῦδος

68 2214 220 2266 codex3
253 2230 334 2256 em.
371 2215 606 2256 Salmasius.
637 2216 700 2256 Cf.
733 2218 929 2271 Stephan.
959 2230 969 2257 :
995 2218 1199 2272 Λυρνατία,
1221 2234 1311 2272 χερ-

68 2277 228 2331 ρόνησος
254 2277 318 2318 καὶ
337 2277 481 2332 χωρίον
507 2277 695 2324 Λυκίας...
731 2276 921 2332 Ἄρκάδιος
945 2278 986 2319 δὲ
1009 2278 1072 2318 διὰ
1101 2281 1168 2319 τοῦ
1198 2294 1230 2319 ει
1252 2280 1309 2319 δι-

69 2334 422 2394 φθόγγου.Ι(18111’;
448 2339 662 2394 Λιρνύτεια,
688 2339 799 2387 πόλις
816 2340 1057 2395 Παμφυλίας.
1091 2339 1307 2388 Ἑκαταῖος.

67 2402 252 2456 Uterque
300 2401 414 2441 locus
470 2415 580 2440 unus
623 2400 830 2455 idemque.
879 2402 942 2443 Cf.
996 2401 1142 2442 Strabo
1190 2403 1307 2452 XIV,

69 2478 112 2518 p.
130 2468 226 2518 667.
250 2467 357 2517 676;
379 2464 554 2518 Dionys.
574 2462 676 2517 8753
698 2463 805 2504 Plin.
821 2465 877 2514 V,
897 2468 965 2514 26,
984 2465 1055 2519 qui
1070 2466 1306 2519 Λυρνησσόν,

70 2529 511 2579 Lyrnessmn‚vocant;
530 2525 746 2567 Stadiasm,
768 2528 904 2578 5204,
927 2526 1000 2566 ubi
1024 2539 1033 2566 :
1057 2525 1131 2567 ἀπὸ
1150 2527 1309 2567 Τενέδου

68 2587 118 2634 εἰς
132 2588 328 2642 Λόρναντα
346 2588 507 2642 χωρίον,
527 2589 641 2644 quod
660 2604 745 2629 non
764 2596 825 2629 est
841 2588 1148 2642 corrigendum,
1164 2590 1309 2630 collato

68 2651 205 2704 gentili
225 2651 452 2705 Λυρναντεῖς
474 2666 540 2706 ap.
577 2653 749 2692 Aristot.
779 2653 842 2691 De
867 2660 976 2691 vent.
1002 2666 1116 2692 nom.
1137 2666 1180 2707 p.
1209 2654 1305 2707 973.

68 2714 84 2766 (
104 2713 175 2753 ubi
191 2714 396 2768 Αυρνατεῖς
412 2713 593 2754 Meinek.
618 2716 648 2765 ).
670 2715 823 2753 Nostro
838 2713 929 2753 loco
957 2716 1071 2764 νῆσος
1092 2714 1214 2754 suerit
1232 2729 1309 2770 pro

66 2776 312 2830 χερρόνησος,
335 2784 382 2815 ut
397 2776 548 2830 passim
560 2792 571 2826 ;
590 2775 770 2816 dubitari
787 2785 923 2816 tamen
943 2777 1084 2831 possit,
1107 2792 1235 2831 quum
1250 2793 1310 2818 re-

67 2852 162 2878 vera
177 2838 308 2879 insula
333 2837 346 2894 (
368 2838 419 2879 fle
434 2838 597 2879 Rccclmt
612 2838 626 2894 )
649 2839 691 2878 in
706 2839 786 2879 hoc
803 2846 938 2878 tractu
952 2847 1105 2890 exstet3
1127 2840 1206 2880 nisi
1222 2841 1308 2882 haec

67 2901 199 2941 insula
218 2901 415 2956 Lyrnatia
430 2899 555 2951 dicta,
578 2915 662 2941 una
680 2916 765 2941 esse
784 2900 906 2942 debet
921 2916 971 2942 ex
987 2902 1034 2941 iis
1051 2916 1152 2956 quas
1167 2904 1210 2943 in
1229 2904 1309 2945 hoc

70 2969 203 3002 tractu
239 2971 423 3002 recenset
452 2962 609 3003 Plinius
633 2965 690 3013 V,
717 2963 767 3003 35
796 2976 805 3003 z
841 2963 1022 3019 Illyria(
1049 2964 1194 3020 Idyrin
1224 2982 1304 3008 sec.

66 3024 254 3065 Meineke
271 3023 284 3081 )
315 3024 530 3066 Telendum
557 3024 833 3080 (Tenedumi'
851 3040 889 3066 v.
913 3025 1128 3068 Stadiasm.
1149 3030 1182 3081 >,
1204 3031 1307 3070 Ate-

69 3085 269 3127 Iebussam
292 3086 305 3143 (
331 3085 585 3128 Ἀπέλδουσαν
603 3088 708 3129 Ptol.
730 3103 773 3144 p.
798 3090 877 3129 333
897 3091 929 3142 )‚
954 3090 1108 3145 Cypriae
1127 3099 1209 3131 tres
1228 3102 1308 3132 ste-

69 3146 163 3187 riles
179 3157 217 3188 et
238 3149 496 3203 Dionysiam.
522 3152 585 3190 De
601 3151 800 3206 Dionysia
810 3150 898 3205 jam
917 3151 1123 3203 vidimus3
1156 3154 1304 3209 Illyris,

69 3209 102 3247 si
122 3218 181 3249 est
203 3210 352 3266 Idyris,
379 3220 427 3252 ut
448 3213 534 3267 ipse
553 3227 649 3253 cum
674 3212 884 3254 Meinekio
911 3223 1030 3269 puto,
1062 3216 1131 3255 vix
1154 3225 1307 3258 certam

70 3270 275 3324 quandam
299 3274 443 3314 seriem
462 3275 505 3314 in
520 3274 803 3315 enumerando
824 3275 981 3317 Plinius
1004 3276 1250 3320 observavit.
1273 3283 1288 3334 Η

68 3355 126 3362 —
146 3333 186 3372 M
199 3334 221 3372 ά
232 3335 368 3386 γυδος
388 3337 507 3390 ]Ηοο
519 3351 662 3377 verum
677 3352 762 3378 esse
781 3352 934 3379 nomen
956 3347 1156 3381 testantur
1171 3344 1303 3383 numi.

68 3397 123 3434 V.
142 3397 328 3436 Mionnet
342 3399 549 3454 Descript.
573 3408 604 3440 t.
621 3402 699 3451 ΠΙ,
726 3414 744 3440 1
762 3415 804 3456 p.
834 3402 915 3456 457
934 3417 991 3442 111.
1011 3404 1079 3443 63.
1096 3405 1302 3460 Supplem.

70 3465 102 3497 t.
119 3458 215 3505 VII,
239 3471 281 3511 p.
307 3462 374 3506 41.
392 3461 548 3501 Rasche
572 3463 672 3502 Lex.
698 3465 912 3517 nuum-III,
939 3479 976 3515 1,
994 3479 1034 3519 p.
1068 3469 1160 3515 124.
1180 3468 1305 3522 Apud

70 3520 288 3573 scriptores
326 3535 478 3562 nomen
510 3523 691 3578 Μάγυδος
725 3525 910 3579 praebent
955 3527 1078 3568 codd.
1128 3529 1301 3571 Ptolem.

48 3581 125 3631 ,V‚
154 3582 174 3620 5
203 3596 244 3635 p.
279 3582 354 3621 331
390 3583 496 3635 (ubi
523 3584 641 3625 editt.
673 3588 833 3627 Erasm.
868 3597 1060 3642 corrupte
1089 3590 1305 3647 Μάτυλος)

71 3651 111 3682 et
142 3643 349 3683 Hierocles
367 3658 409 3698 p.
433 3649 528 3698 679.
558 3648 826 3702 Geographus
850 3652 950 3690 Rav.
980 3653 1035 3700 II,
1058 3654 1106 3693 18
1131 3666 1140 3693 :
1162 3656 1301 3706 Perge,

70 3708 281 3760 ‚Ant1·ap(c,
305 3706 488 3754 Cama-a,
504 3709 699 3762 Magyrlo,
720 3710 916 3759 Erinudi,
937 3714 1121 3762 Attalici,
1144 3716 1301 3766 Olivia,

70 3769 273 3808 Phaselis.
292 3768 480 3823 Μαγίδιον
503 3769 612 3826 πόλις
640 3774 820 3812 occurrit
842 3775 883 3813 in
907 3775 1114 3827 Conciliis,
1139 3787 1306 3821 notante

70 3831 348 3884 Wesselingio
367 3830 419 3871 ad
434 3832 613 3872 Hierocl.
638 3833 761 3887 Apud
775 3836 944 3876 Aristot.
964 3839 1026 3877 De
1044 3848 1151 3880 vent.
1179 3842 1305 3883 modo

70 3892 240 3946 legimus
270 3906 279 3932 :
309 3892 346 3933 ἐν
381 3895 429 3948 τῇ
462 3891 601 3947 Ὀλὸίᾳ
619 3896 667 3949 τῇ·
690 3894 787 3934 κατὰ
809 3896 1017 3951 Μόγαλον;
1045 3900 1230 3943 similiter
1262 3905 1302 3944 in

70 3953 297 3994 Stadiasmo
314 3956 336 4005 ξ
357 3967 438 3995 200
457 3968 466 3994 :
494 3953 543 4001 εἷς
564 3955 777 4010 Μυγδάλήν
798 3966 837 3997 et
857 3957 930 3999 ἀπὸ
950 3960 1187 4015 Μυγδάλων.
1215 3966 1229 4018 Η
1247 3989 1304 3997 —

72 4013 390 4069 Καταρράκτη
405 4030 420 4061 ς
443 4016 456 4069 ]
495 4016 739 4071 Καταράκτης
769 4018 914 4059 codex..
938 4022 992 4061 V.
1018 4023 1178 4075 Strabo,
1207 4028 1302 4066 Pto·

1193 181 1498 247 PEfflPLUs.
2552 231 2607 267 τε

1377 307 1466 347 vius
1495 307 1763 359 Catarractes‚
1790 310 1917 363 Perge
1941 310 2054 360 urbs,
2081 320 2121 351 et
2150 311 2291 354 sanum
2311 318 2467 360 Dianae.
2490 324 2612 366 Recta

1376 378 1656 429 praeoervectio
1679 379 1814 432 Lyciae
1841 392 1864 418 a
1884 379 1896 432 [
1914 378 2061 431 Caria]
2076 388 2135 420 est
2154 380 2237 421 diei
2257 391 2298 422 et
2318 388 2474 437 noctis;
2495 388 2613 441 juxta

1378 451 1531 484 terram
1567 459 1665 486 vero
1700 446 1826 488 altera
1857 456 1974 502 part‘e
2012 448 2205 502 longior;
2229 459 2289 491 est
2326 455 2435 494 enim
2465 465 2614 499 tractus

1379 510 1451 551 hic
1469 511 1676 553 sinuosus.

1439 592 1531 620 101.
1554 582 1827 623 PAMPnYuA.
1849 584 2018 638 Lyciam
2036 584 2188 639 excipit
2208 570 2456 642 Pamphyliae
2478 593 2606 644 regio,

1378 658 1584 714 urbesque
1619 660 1663 700 in
1694 675 1742 701 ea
1763 670 1859 702 sunt
1881 663 1944 703 hae
1968 676 1978 703 t
2004 663 2224 719 Aspendus
2259 666 2374 718 urbs,
2413 668 2465 709 ad
2495 685 2614 724 quam

1378 739 1553 780 adverso
1571 754 1693 781 amne
1711 741 1953 795 navigatur;
1975 744 2086 783 amni
2107 758 2204 785 vero
2220 760 2372 788 nomen
2395 758 2454 790 est
2483 751 2615 806 Eury-

1380 820 1547 862 medon.
1607 820 1712 862 Inde
1731 821 1831 862 urbs
1853 822 2039 878 Syllium,
2065 825 2165 865 item
2184 826 2262 867 alia
2279 828 2377 868 urbs
2400 829 2508 879 Side,
2533 833 2611 871 Cu-

1379 916 1583 943 maeorum
1606 902 1769 943 colonia
1791 917 1886 943 cum
1904 912 2044 958 portu.
2105 908 2389 950 Praetervectio
2411 912 2614 967 Pamphy-

1379 979 1443 1019 liae
1462 993 1486 1019 a
1507 981 1638 1033 Perga
1657 987 1717 1019 est
1739 978 1821 1019 diei
1840 979 2060 1021 dimidiati.
2121 982 2225 1022 Sunt
2246 985 2366 1026 etiam
2385 986 2468 1027 aliae
2492 987 2614 1028 urbes

1379 1056 1423 1095 in
1443 1054 1698 1110 Pamphylia,
1718 1055 1891 1111 Cibyra,
1915 1044 2055 1111 postea
2074 1057 2350 1101 Coracesium.

1382 1214 1498 1264 lem.‚
1516 1215 1621 1254 Plin.
1640 1214 1667 1254 l.
1682 1214 1709 1254 l.
1724 1214 1873 1255 Plurali
1887 1229 2061 1256 numero
2077 1217 2339 1272 Καταρράκται
2351 1222 2612 1265 Stadiasmus.

1380 1277 1503 1317 Nunc
1516 1276 1730 1316 Dadensu.
1757 1277 1771 1328 ΙΙ
1792 1300 1850 1307 --
1863 1276 1899 1316 Π
1911 1277 1955 1332 έρ
1967 1293 2024 1331 γη
2066 1278 2155 1320 πόλ
2170 1295 2208 1327 ις
2226 1281 2241 1335 ]
2260 1281 2484 1330 πελπίπολις
2501 1285 2613 1335 cod.;

1379 1353 1459 1379 em.
1482 1338 1714 1380 Salmasius.
1736 1338 1848 1379 Urbs
1863 1338 1916 1379 ad
1941 1341 2129 1381 Cestrum
2152 1343 2214 1392 fl.‚
2235 1346 2286 1384 60
2301 1343 2440 1384 stadiis
2459 1346 2509 1386 ab
2530 1346 2615 1400 ejus

1380 1402 1486 1442 ostio
1501 1402 1591 1452 sita,
1609 1401 1675 1441 καὶ
1689 1400 1854 1453 πλησίον
1869 1401 1931 1443 ἐπὶ
1947 1405 2140 1459 μετεώρου
2156 1406 2274 1446 τόπου
2287 1406 2331 1446 τὸ
2350 1409 2416 1458 τῆς
2430 1407 2617 1463 Περγαίας

1384 1462 1596 1520 Ἀρτέμιδος
1630 1463 1747 1520 ἱερὸν,
1776 1464 1814 1505 ἐν
1847 1462 1880 1521 ᾧ
1904 1465 2113 1522 πανήγυρις
2135 1469 2219 1509 κατ’
2254 1468 2337 1517 ἔτος
2363 1470 2612 1512 συντελεῖται.

1378 1528 1524 1569 Strabo
1547 1529 1664 1579 XIV,
1691 1542 1733 1583 p.
1762 1532 1862 1582 667.ι
1895 1528 1959 1569 Cf.
1986 1530 2094 1571 Mela
2115 1533 2172 1581 H,
2201 1534 2277 1582 14;
2300 1533 2470 1588 Dionys.
2508 1535 2613 1584 855;

1379 1591 1587 1632 Hierocles
1602 1605 1644 1646 p.
1669 1595 1775 1645 6793
1797 1591 1990 1642 Ptolem.;
2021 1592 2234 1635 Stadiasm.
2265 1595 2291 1634 l.
2318 1595 2364 1646 l.;
2384 1598 2486 1637 Acta
2503 1599 2614 1652 Apo·

1381 1653 1474 1694 stol.
1501 1655 1566 1704 13,
1593 1655 1658 1694 13.
1689 1657 1704 1708 Η
1727 1678 1784 1684 -
1805 1653 1879 1695 ἐπ’
1905 1653 2124 1711 εὐθείας]
2148 1656 2318 1698 ἐντεῦθεν
2342 1673 2431 1713 παρ.
2461 1659 2612 1710 codex3

1378 1714 1484 1764 εὖθυς
1521 1716 1561 1756 δὲ
1589 1716 1816 1757 Fabricius.
1839 1721 1853 1767 Η
1872 1741 1929 1749 —
1963 1718 2143 1765 Λυκίας
2179 1718 2269 1760 ἀπὸ
2288 1720 2337 1776 *]
2375 1719 2447 1762 ἀπὸ
2480 1722 2615 1768 Λυκίας

1374 1776 1517 1834 ἡμέρας
1539 1778 1635 1819 cod.
1643 1794 1654 1829 ;
1683 1780 1839 1819 mutavi
1857 1794 1880 1819 e
1895 1779 2005 1834 conj.
2027 1781 2164 1831 Gailii,
2183 1783 2254 1836 qui
2270 1782 2430 1838 supplet
2450 1783 2609 1838 Καρίας;

1374 1841 1629 1895 probabilius
1648 1850 1707 1882 est
1721 1841 1918 1883 excidisse
1931 1857 2084 1883 nomen
2100 1843 2192 1884 loci.
2214 1845 2375 1885 Deinde
2394 1845 2518 1886 verba
2535 1845 2614 1886 ἔστι

1374 1902 1449 1959 γὰρ
1467 1903 1671 1957 κολπώδης
1692 1905 1735 1944 in
1755 1903 1896 1945 codice
1917 1905 2109 1959 leguntur
2122 1915 2215 1962 post
2238 1908 2360 1949 verba
2382 1907 2447 1948 καὶ
2466 1911 2609 1957 νυκτός.

1375 1968 1646 2022 Transposui,
1666 1976 1860 2008 monente
1876 1968 2024 2009 Gailio.
2395 1964 2397 1967 ¹

1431 2032 1454 2082 S
1477 2043 1568 2071 101.
1595 2029 1798 2077 ’Άσπενδος
1815 2031 1830 2085 ]
1850 2032 1939 2071 Sec.
1957 2031 2146 2072 Strabon.
2165 2033 2282 2083 XIV,
2299 2047 2341 2087 p.
2361 2036 2440 2088 667
2456 2034 2614 2076 colonia

1378 2092 1629 2145 Argivorum
1651 2091 1744 2133 fuit.
1777 2092 1856 2133 Sed
1888 2094 1949 2133 uti
1979 2093 2122 2148 Scylax
2146 2109 2231 2134 non
2257 2095 2471 2151 adscripsit
2503 2097 2613 2145 πόλις

1376 2154 1545 2207 ἓλληνὶς,
1581 2156 1639 2195 sic
1660 2156 1894 2196 Alexander
1927 2158 1987 2197 M.
2018 2157 2151 2197 nullos
2183 2158 2240 2198 ibi
2262 2160 2414 2213 reperit
2431 2161 2609 2212 Graecos,

1374 2226 1543 2258 notante
1569 2218 1788 2258 Mannerto
1810 2219 1886 2268 VI,
1908 2231 1949 2268 2,
1966 2232 2009 2273 p.
2032 2219 2125 2260 125.
2147 2219 2238 2271 11—-
2258 2220 2533 2277 Σύλλειον]
2555 2225 2612 2264 sic

1374 2278 1525 2328 codex3
1538 2278 1698 2319 Σόλειον
1714 2278 1855 2334 Steph.
1873 2281 1970 2333 Byz.
1984 2294 2017 2320 s.
2038 2294 2077 2319 v.
2100 2289 2139 2320 et
2154 2281 2542 2334 LiviusXXXVIII,
2562 2288 2610 2333 14

1377 2340 1391 2394 (
1407 2341 1561 2394 Syleam
1582 2340 1614 2396 ).
1638 2342 1868 2394 Utramque
1883 2340 2059 2383 formam
2072 2343 2315 2397 tertiamque
2330 2345 2494 2385 Σόλαιον
2511 2361 2609 2387 eno·

1374 2403 1474 2442 tavit
1509 2402 1697 2442 Eustath.
1723 2402 1772 2442 ad
1798 2403 1923 2442 Dion.
1948 2405 2043 2443 815.
2078 2403 2244 2444 Σόλαιον
2266 2405 2390 2446 habet
2405 2407 2549 2447 Suidas
2572 2423 2605 2449 s.

1374 2478 1412 2503 v.
1433 2472 1472 2504 et
1494 2463 1718 2504 Hierocles.
1732 2478 1776 2518 p.
1799 2468 1894 2518 679,
1912 2465 2115 2519 Porphyr.
2138 2466 2181 2505 in
2199 2466 2359 2507 Villois.
2374 2469 2530 2509 Anecd.
2549 2471 2606 2520 II,

1371 2540 1413 2580 p.
1442 2529 1518 2575 104
1541 2534 1581 2567 et
1599 2526 1782 2567 Concilia
1805 2540 1895 2580 quae
1914 2526 2051 2567 laudat
2072 2528 2322 2582 Wesseling.
2342 2529 2394 2570 ad
2409 2532 2607 2583 Hierocl.;

1373 2588 1542 2630 fortasse
1563 2589 1651 2630 haec
1672 2588 1806 2629 forma
1829 2597 2022 2644 corrupta
2040 2598 2100 2629 est
2113 2604 2164 2630 ex
2190 2590 2372 2642 Σύλλιον,
2395 2607 2519 2647 quam
2538 2595 2609 2636 ha-

1372 2651 1443 2691 bes
1472 2666 1539 2706 ap.
1559 2651 1703 2706 Polyb.
1721 2652 1860 2700 XXII,
1883 2665 1948 2705 17,
1971 2665 2015 2691 11
2031 2667 2041 2701 ;
2057 2653 2221 2693 Arrian.
2237 2658 2317 2694 An.
2336 2656 2372 2704 I,
2395 2659 2463 2695 26.
2485 2656 2608 2709 Syllio

1372 2714 1415 2754 in
1429 2713 1533 2754 Tab.
1552 2714 1759 2767 Peuting.;
1783 2713 1946 2753 Σίλουον
1966 2712 1979 2769 ζ
1995 2713 2071 2768 leg.
2092 2714 2287 2771 Σύλειον)
2309 2716 2482 2757 Ptolem.
2504 2719 2559 2768 V,
2584 2719 2605 2758 5

1371 2790 1413 2830 p.
1441 2776 1536 2817 332.
1573 2777 1765 2816 Ceterum
1798 2791 1878 2816 sec.
1918 2776 2184 2817 Ptolemaeum
2211 2786 2251 2818 et
2280 2778 2383 2818 Tab.
2417 2781 2603 2834 Peuting.

1371 2839 1541 2894 Syllium
1580 2838 1679 2879 urbs
1716 2840 1759 2878 in
1792 2838 2100 2879 mediterraneis
2134 2841 2210 2880 sita
2242 2841 2349 2880 inter
2381 2843 2538 2895 Pergen
2568 2852 2608 2884 et

1372 2900 1636 2956 Aspendum3
1661 2915 1740 2941 sec.
1768 2900 1973 2955 Scylacem
1992 2901 2099 2941 inter
2127 2901 2368 2956 Aspendum
2400 2911 2440 2943 et
2467 2903 2603 2944 Siden.

1371 2963 1518 3004 Strabo
1546 2977 1714 3019 quoque
1753 2977 1796 3017 p.
1834 2966 1913 3017 667
1952 2963 2060 3003 inter
2099 2966 2255 3018 Pergen
2295 2973 2335 3004 et
2368 2964 2607 3019 Aspendum

1371 3034 1574 3066 memorat
1606 3025 1752 3065 urbem
1779 3024 1986 3078 quandam
2016 3024 2286 3079 quadraginta
2304 3026 2355 3066 ab
2379 3041 2450 3066 ora
2468 3028 2607 3068 stadiis

1372 3088 1607 3139 distantem,
1640 3102 1765 3142 quam
1786 3088 1956 3143 Syllium
1975 3087 2098 3128 fuisse
2120 3103 2142 3128 e
2167 3088 2271 3129 Ptol.
2298 3096 2338 3128 et
2364 3089 2466 3128 Tab.
2485 3091 2601 3130 Peut.

1371 3151 1570 3205 colligunt
1608 3152 1790 3205 Corayus
1827 3158 1867 3189 et
1904 3149 2198 3190 Groskurdius.
2234 3149 2359 3204 Apud
2382 3151 2604 3191 Arrianum

1370 3213 1422 3254 de
1445 3215 1527 3254 situ
1553 3213 1668 3254 urbis
1694 3213 1957 3253 accuratioris
1986 3211 2154 3266 quidem
2179 3212 2282 3252 nihil
2311 3211 2501 3261 traditur,
2533 3213 2604 3253 sed

1372 3291 1502 3331 quum
1530 3274 1811 3318 Alexandrum
1841 3274 1936 3315 Side
1961 3274 2193 3329 profectum
2217 3288 2301 3314 esse
2323 3273 2432 3313 dicat
2462 3283 2605 3315 contra

1370 3339 1554 3394 Syllium,
1589 3338 1687 3379 hinc
1715 3336 1979 3391 Aspendum,
2018 3337 2116 3377 hinc
2150 3339 2306 3390 Pergen
2329 3349 2338 3376 :
2365 3336 2487 3376 series
2516 3337 2603 3378 haec

1369 3403 1587 3442 nominum
1609 3415 1704 3441 cum
1730 3399 1901 3454 Scylace
1929 3407 2070 3439 nostro
2100 3398 2210 3439 facit.
2247 3401 2378 3440 Porro
2400 3413 2528 3453 quum
2560 3401 2602 3439 in

1369 3464 1596 3505 Stadiasmo
1612 3462 1781 3518 Syllium
1790 3476 1874 3501 non
1890 3469 2158 3511 memoretur,
2169 3475 2313 3501 verum
2329 3461 2438 3501 inter
2447 3463 2603 3516 Aspen·

1369 3526 1470 3566 dum
1493 3534 1533 3565 et
1552 3524 1675 3566 Siden
1698 3524 1920 3565 collocetur
1941 3523 2040 3564 urbs
2062 3523 2254 3573 Seleucia,
2275 3538 2399 3578 quam
2418 3523 2518 3563 alius
2534 3538 2603 3563 ne-

1370 3604 1439 3630 mo
1454 3595 1656 3629 memorat
1685 3587 1697 3643 (
1716 3595 1908 3627 monente
1929 3588 2164 3637 Mannerto,
2192 3587 2342 3627 frustra
2357 3586 2603 3640 obloquente

1372 3652 1505 3692 Gailio
1528 3650 1561 3707 ),
1582 3651 1720 3690 nescio
1740 3665 1791 3690 an
1814 3650 1901 3690 haec
1921 3650 2101 3690 Seleucia
2120 3651 2171 3689 sit
2185 3665 2336 3690 nomen
2361 3657 2601 3703 corruptum

1368 3714 1503 3769 Syllei,
1525 3712 1637 3768 quod
1666 3721 1805 3753 noster
1827 3712 1992 3753 exhibet
2016 3712 2217 3768 Periplus.
2248 3717 2262 3766 Η
2286 3737 2342 3743 -—
2361 3712 2422 3751 Κυ
2439 3711 2525 3766 μαί
2537 3727 2567 3749 ω
2581 3726 2598 3749 ν

1369 3775 1575 3817 ἀποικία
1608 3776 1621 3829 ]
1650 3776 1705 3816 V.
1742 3775 1906 3816 Arrian.
1940 3776 2022 3816 An.
2059 3777 2094 3825 Ι,
2134 3778 2201 3824 26,
2246 3777 2286 3823 4.
2312 3773 2455 3815 Strabo
2481 3773 2596 3820 XIV,

1367 3853 1408 3893 p.
1437 3842 1530 3891 667.
1554 3839 1568 3890 Η
1585 3862 1641 3868 -
1662 3837 1963 3892 παράπλους
1986 3837 2306 3892 Παμφυλίας]
2339 3838 2373 3876 Α
2403 3836 2527 3885 Perge
2546 3831 2599 3871 ad

1367 3899 1489 3942 Siden
1513 3909 1609 3940 sunt
1632 3901 1713 3942 300
1733 3900 1816 3940 sere
1836 3899 1979 3940 stadia.
2004 3899 2311 3953 Quinquaginta
2340 3903 2429 3950 post
2459 3892 2598 3933 stadiis

1368 3965 1377 4003 i
1385 3979 1409 4003 11
1426 3977 1537 4003 mare
1553 3965 1636 4003 exit
1656 3963 1782 4004 Melas
1803 3963 1950 4002 fluvius
1976 3964 2284 4014 (Menatgat-sa
2307 3958 2338 4014 ),
2361 3970 2481 4010 quem
2499 3955 2598 3996 olim

1365 4025 1646 4081 Pamphyliam
1685 4026 1934 4080 Lyciamque
1967 4023 2266 4063 disterminasse
2288 4019 2410 4060 refert
2443 4017 2597 4058 Plinius
