2808 4342
22 158 33 218 ζ,
77 175 150 237 (20,
164 177 237 238 21.)

11 279 15 282 ’
74 275 117 321 δὲ
144 276 226 322 ἀπὸ
250 277 324 336 μὲν
351 278 513 341 ἄρκτων
535 283 588 342 τῇ
613 281 754 346 ἐρήμῳ
780 287 1003 352 Καρμανίᾳ
1020 325 1032 347 ,
1062 293 1146 338 ἀπὸ
1173 292 1215 339 δὲ
1239 295 1310 340 δύ-

16 355 31 381 i
74 362 175 397 σεως
196 350 248 408 τῇ
260 347 541 411 ’προρρηθείσῃ
566 351 740 413 Περσίδι
760 355 830 400 καὶ
850 360 908 419 τῷ
928 361 1213 426 προειρημένῳ
1230 366 1309 410 Βα-

11 417 37 458 ζ’
71 413 204 475 γράδᾳ
224 418 401 478 ποταμῷ
426 417 495 462 καὶ
519 417 580 464 ἔτι
611 423 670 483 τῷ
689 422 920 488 λειπομένῳ
945 427 1061 490 μέρει
1090 434 1161 476 τοῦ
1197 433 1307 494 Περ·

73 486 187 527 σικοῦ
205 482 374 542 κόλπου,
393 484 476 548 (διὰ
492 486 538 532 τὸ
554 487 652 551 πρὸς
667 489 779 536 δύσιν
795 495 894 554 δρᾶν
911 496 1050 557 αὐτὸν)
1067 500 1307 564 καλουμένῳ

37 576 43 584 =
72 551 347 615 Καρμανικῷ·
369 555 450 600 ἀπὸ
468 555 510 601 δὲ
528 558 736 603 ἀνατολῶν
758 560 971 624 Γεδρωσίᾳ
987 566 1045 625 τῷ
1068 564 1170 611 ἔθνει
1192 568 1307 631 παρὰ

19 613 23 615 λ
69 617 122 664 τὰ
149 622 342 683 Παρσικὰ
378 623 569 686 ὄρη·οἰπὸ
590 625 631 670 δὲ
667 627 929 690 μεσημὸρίας
962 631 1068 690 μετὰ
1098 635 1150 680 τὰ
1184 637 1304 684 στενὰ

22 737 28 739 ,Α
69 692 142 733 τοῦ
162 691 370 752 Περσικοῦ
389 692 544 740 κόλπου
559 696 617 755 τῷ
633 693 798 758 Ἰνδικῷ
817 698 1004 760 πελάγει.
1074 705 1159 749 Καὶ
1184 708 1209 761 ἡ
1230 706 1303 766 μὲν

26 800 28 802 .
67 755 141 815 ὅλη
165 762 237 816 τῆς
254 760 395 822 χώρας
413 761 646 826 περιγραφ·>Ι
660 763 845 822 τοιαύτη·
866 770 887 812 ὃ
907 767 948 814 δὲ
969 769 1074 816 κατὰ
1091 772 1209 835 μέρος
1224 794 1300 821 πε-

23 853 26 856 ·
69 825 237 886 ρίπλους
260 828 385 881 οὕτως
404 829 507 892 ἔχει.

23 899 25 901 ’
127 911 184 944 27.
208 896 307 943 Ἀπὸ
336 901 416 943 τῶν
438 900 617 946 ἕκὸολῶν
647 907 718 948 τοῦ
747 905 962 967 εἰρημένου
988 910 1186 973 Βαγράδα
1222 932 1300 959 πο-

30 998 31 1002 ,
66 968 200 1023 ταμοῦ
224 964 291 1010 ἐπὶ
315 965 432 1028 Δάρα
452 972 638 1029 ποταμὸν
666 972 822 1018 στάδιοι
845 975 897 1023 τ’.
968 977 1170 1026 Ἐνταῦθα
1194 1000 1299 1044 παρ·

37 1055 39 1057 ·
61 1035 218 1077 οικοῦσι
251 1036 599 1096 Καμηλοὸοσκοὶ,
628 1044 697 1095 τ’ἧς
723 1045 970 1106 Καρμανίας
1000 1048 1139 1113 χώρας
1171 1049 1295 1103 ὄντες.

26 1110 30 1113 Α
60 1097 160 1145 Ἀπὸ
185 1100 226 1146 δὲ
246 1107 318 1148 τοῦ
338 1106 455 1167 Δάρα
475 1114 665 1167 ποταμοῦ
692 1112 759 1156 ἐπὶ
780 1113 1002 1176 Κάθραπος
1020 1125 1208 1179 ποταμοῦ
1230 1123 1298 1167 ἐκ·

27 1166 39 1230 Ἀ
59 1168 186 1222 ὅολὰς
208 1172 366 1218 στάδιοι
382 1173 436 1236 φ’.
507 1177 524 1237 [
544 1176 642 1223 Ἀπὸ
665 1178 707 1224 δὲ
727 1185 799 1225 τοῦ
829 1185 1050 1246 Κάθραπος
1073 1194 1261 1250 ποταμοῦ
1279 1191 1298 1253 ]

59 1239 127 1284 ἐπὶ
157 1240 309 1303 Κορίου
338 1250 528 1304 ποταμοῦ
552 1247 725 1298 ἐκὸολὰς
749 1251 906 1297 στάδιοι
929 1253 989 1317 ψ’.
1059 1258 1181 1303 Κατὰ
1203 1259 1296 1304 τού-

38 1325 148 1359 τους
176 1309 268 1362 τοὺς
289 1310 436 1364 τόπους
454 1316 576 1369 νῆσος
591 1322 724 1362 κεῖται
747 1318 948 1379 Ἀγηδάνα
967 1325 1202 1386 καλουμένη
1220 1362 1234 1386 ,
1253 1330 1296 1374 ἐν

51 1368 84 1437 ᾗ
102 1376 242 1436 μίλτος
258 1380 392 1436 πολλὴ
415 1381 584 1442 γίνεται.
640 1385 751 1432 .Ἀιπὸ
776 1387 817 1432 δὲ
841 1393 909 1434 τοῦ
928 1392 1078 1454 Κορίου
1106 1401 1294 1456 ποταμοῦ

35 1446 110 1496 ,εἷς
144 1445 340 1509 Ἀχιδάνα
384 1456 575 1510 ποταμοῦ
605 1454 777 1506 ε’κὸολὰς
807 1458 963 1504 στάδιοι
992 1460 1044 1508 υ’.
1116 1462 1213 1509 Ἀπὸ
1252 1465 1293 1510 δὲ

7 1526 11 1528 ’
46 1512 250 1577 ῗἏχιδάνα
270 1524 459 1578 ποταμοῦ
490 1520 558 1566 ἐπὶ
580 1522 782 1577 Ἀνδάνιος
798 1533 986 1588 ποταμοῦ
1006 1531 1177 1585 ἐκὸολὰς
1198 1535 1295 1579 στά-

53 1583 130 1629 διοι
163 1585 221 1648 φ’.
291 1588 554 1651 Παράκειται
599 1593 640 1637 δὲ
693 1601 772 1646 τοῖς
806 1596 943 1649 τόποις
983 1601 1137 1654 τούτοις
1173 1607 1294 1659 νῆσος

3 1706 6 1707 ⁷
31 1651 283 1717 ῗ”Οοράχθα.
354 1658 453 1706 Ἀπὸ
476 1659 522 1705 δὲ
545 1665 613 1706 τοῦ
635 1661 836 1715 Ἀνδάνιος
860 1674 1047 1725 ποταμοῦ
1067 1670 1135 1714 ἐπὶ
1154 1673 1292 1732 Σαγά-

2 1711 6 1757 -Ῡ
49 1739 118 1768 νου
145 1731 335 1787 ποταμοῦ
366 1729 543 1781 ἕκὸολὰς
577 1730 735 1776 στάδιοι
768 1732 821 1777 υ’.
890 1735 990 1780 Ἀπὸ
1030 1738 1071 1781 δὲ
1097 1740 1289 1798 Σαγάνου

1 1808 5 1809 ’
39 1798 237 1853 ’ποταμοῦ
279 1795 460 1841 ε’κὸολῶν
502 1799 561 1851 εἷς
598 1797 829 1859 Ἄρμουζαν
875 1803 994 1848 πόλιν
1038 1806 1195 1852 στάδιοι
1232 1813 1285 1857 σ’.

2 1904 5 1905 ⁷
43 1857 148 1915 ‘'A-rto
172 1861 214 1906 δὲ
246 1862 474 1924 Ἄρμούζης
497 1865 566 1911 ἐπὶ
593 1866 802 1929 Ἀρμόζων
836 1871 1088 1934 ἀκρωτήριον
1111 1876 1287 1938 λεγόμε-

5 1940 10 1981 ζ
41 1931 112 1975 Ινον
138 1930 295 1978 στάδιοι
313 1933 379 1981 ω’.
450 1934 548 1981 Ἀπὸ
569 1936 611 1981 δὲ
627 1941 699 1982 τοῦ
721 1938 927 2002 Ἀρμόζων
948 1943 1203 2008 ἀκρωτηρίου
1219 1948 1287 2006 ἐπὶ

0 2028 2 2030 »
32 1991 300 2063 Καρπέλλαν
323 2003 578 2067 ἀκρωτήριον
598 2006 754 2053 στάδιοι
774 2009 856 2072 ψν’.
925 2010 1130 2060 Ἐνταῦθα
1149 2018 1285 2077 παρά-

0 2098 2 2101 ·
40 2096 42 2098 -
74 2075 177 2115 εἰται
198 2070 245 2116 τὸ
268 2071 493 2135 προρρηθὲν
515 2076 762 2138 στρογγύλον
783 2078 874 2140 ὅρος
905 2080 950 2126 τὸ
984 2084 1284 2146 Σεμιράμιδος,

41 2129 157 2200 ’ᾗπερ
184 2140 620 2205 ἀντικεῖσθαιῂέφαμεν
656 2145 763 2191 κατὰ
789 2146 865 2204 τὴν
899 2151 1139 2209 Εὐδαίμονα
1165 2154 1282 2215 Ἀρα-

51 2205 137 2251 ίαν
157 2205 204 2252 τὸ
223 2207 410 2254 Ἀσαὸῶν
427 2209 516 2272 ὅρος
534 2231 578 2257 τε
595 2214 699 2274 [καὶ
716 2216 733 2276 ]
754 2217 1009 2280 ἀκρωτήριον
1022 2254 1035 2279 ‚
1058 2219 1163 2283 ἅπερ
1186 2225 1281 2268 ἑκά·

41 2292 140 2336 1ιερα
160 2273 234 2337 ὅρη
255 2294 297 2321 τε
322 2277 392 2323 καὶ
416 2280 654 2343 ἀκρωτήρια
679 2282 730 2327 τὰ
754 2285 881 2329 στενὰ
907 2294 1015 2332 ποιεῖ
1039 2293 1107 2334 τοῦ
1129 2292 1279 2353 Περσι-

69 2346 114 2389 οῦ
148 2344 319 2394 κόλπου.
389 2347 444 2393 Οἱ
464 2348 614 2401 πάντες
644 2351 726 2397 ἀπὸ
758 2358 832 2398 τοῦ
856 2356 1055 2418 Βαγράδα
1087 2365 1279 2420 ποταμοῦ

2 2403 9 2458 J
76 2410 169 2474 έχρι
208 2418 280 2459 τοῦ
316 2418 567 2478 στρογγύλου
608 2419 724 2482 ὅρους
762 2422 834 2467 καὶ
870 2426 1119 2487 Καρπέλλης
1152 2429 1279 2492 ἄκρας

7 2472 10 2475 ⁸
40 2527 42 2530 ,
67 2485 113 2527 οῦ
138 2483 339 2543 περίπλου
365 2489 437 2541 τῆς
464 2489 710 2549 Καρμανίας
738 2495 808 2535 τοῦ
833 2493 949 2554 παρὰ
971 2494 1039 2540 τὸν
1074 2498 1277 2559 Περσικὸν

0 2571 6 2591 ὲ»
41 2549 193 2605 Jo'ktov
223 2552 489 2614 τυγχάνοντος
522 2557 678 2603 στάδιοι
713 2559 828 2622 Ιδσν’.
898 2565 951 2609 Οἱ
981 2563 1023 2608 δὲ
1049 2564 1281 2624 σύμπαντες

715 2791 862 2824 inscite
883 2783 994 2825 dicta
1016 2795 1127 2836 sunt,
1145 2802 1280 2843 neque

20 2830 41 2886 3
53 2844 233 2887 eguntur
254 2837 298 2877 in
330 2838 567 2881 Ptolemaeo.
586 2843 650 2882 Ex
669 2843 816 2885 eodem
845 2854 983 2907 autem
1006 2847 1134 2900 fonte,
1158 2859 1206 2891 ut
1221 2853 1279 2891 vi-

18 2894 176 2947 detur,
196 2899 496 2952 Agathemerus
526 2904 584 2951 II,
616 2917 662 2944 11
693 2917 703 2945 ζ
734 2906 811 2946 Τοῦ
834 2906 874 2948 δὲ
902 2907 1065 2950 Ἰνδικοῦ
1088 2911 1278 2967 πελάγους

57 2972 171 3013 χεται
192 2958 237 2999 τὸ
268 2960 490 3016 Καρμάνιον
514 2963 650 3018 προϊὸν
670 2965 721 3014 ὡς
749 2966 811 3008 ἐπὶ
829 2969 949 3011 δύσιν.
977 2972 993 3025 Η
1026 2996 1082 3029 ἡ
1109 2973 1148 3014 5.
1175 2974 1277 3030 Καρ,-

1 3043 3 3046 <
66 3025 188 3078 ανισῷ
210 3021 303 3064 cod.
331 3024 348 3078 ΙΙ
377 3047 434 3056 ——-
452 3028 493 3066 6.
516 3025 684 3081 Περσικὰ
702 3029 797 3071 cod.
819 3040 859 3073 et
877 3032 996 3074 editt.

37 3118 46 3131 ,Δ
91 3086 113 3135 §
138 3088 191 3126 27
197 3089 209 3135 ,’
230 3084 260 3126 l.
292 3099 358 3128 10.
379 3086 535 3128 malim.
555 3093 845 3147 προειρημένου.
868 3095 884 3149 ss
898 3119 956 3127 -—
975 3096 1159 3153 Βαγραδᾷ
1178 3100 1272 3141 cod.

7 3143 11 3148 ’
45 3136 48 3137 ⁷
75 3169 132 3177 —
154 3150 221 3196 14.
242 3148 405 3189 Inclusa
419 3150 554 3204 suppl.
567 3152 715 3194 Miller.
744 3155 760 3209 ΙΙ
779 3180 836 3187 —
853 3161 918 3198 16.
941 3156 1171 3214 Ἀγηδάνα
1192 3162 1208 3216 ]
1226 3164 1275 3202 In

23 3208 37 3256 ’,ἓ
69 3208 140 3249 tol.
178 3208 208 3249 l.
244 3209 273 3251 l.
308 3225 351 3266 p.
378 3210 532 3260 415,25
567 3213 747 3269 Σάγδανα
770 3218 832 3258 vel
850 3218 1033 3275 Σαγδάνα
1065 3222 1273 3277 Wilber'gi

22 3269 158 3341 fodd.
191 3273 383 3314 Parisini.
409 3273 575 3331 Sadame
607 3278 674 3319 ed.
696 3281 815 3334 Arg.;
838 3281 938 3323 olim
966 3283 1087 3338 vulgo
1106 3285 1273 3341 Σαγδια-

23 3329 82 3384 &A
99 3335 133 3387 ),
157 3332 197 3375 ἐν
219 3331 243 3390 ᾗ
265 3336 418 3391 μίλτος.
440 3336 643 3392 Objacens
673 3343 922 3386 continentis
947 3347 1060 3400 regio
1079 3348 1122 3388 in
1137 3349 1272 3391 Ptole-

24 3344 139 3442 {iaso
158 3395 394 3452 Ἇγδηνῗτις;
419 3399 533 3454 quod
549 3404 687 3445 nescio
702 3418 754 3445 an
778 3407 900 3447 etiam
924 3405 1113 3464 Ἇγηδάνᾳ
1132 3411 1272 3453 insulae

24 3446 182 3574 ἓὼεἰῑ,
195 3473 327 3515 quum
346 3463 492 3518 saepius
506 3465 647 3507 insulae
662 3466 881 3521 abobjecta
891 3469 1140 3525 continentis
1154 3482 1271 3527 parte

62 3533 184 3562 omen
204 3522 386 3566 trahant.
424 3528 517 3571 Hoc
547 3530 580 3569 si
610 3537 685 3579 est,
710 3532 909 3584 quaeritur
943 3545 996 3572 an
1031 3531 1147 3574 litera
1179 3535 1209 3574 Σ
1226 3537 1269 3576 in

14 3581 207 3638 iitroque
221 3586 391 3628 nomine
404 3598 475 3631 aut
486 3590 740 3632 admittenda
754 3599 824 3632 aut
838 3591 1059 3646 rejicienda
1070 3595 1136 3636 sit.
1155 3597 1270 3638 Cete-

31 3654 123 3692 rum
147 3644 200 3686 de
236 3647 369 3690 insula
389 3651 474 3693 vid.
496 3661 585 3694 not.
609 3652 662 3694 ad
684 3654 850 3695 Arrian.
870 3654 964 3695 Ind.
986 3669 1028 3710 p.
1056 3656 1152 3697 361.
1176 3658 1192 3711 ΙΙ
1212 3682 1269 3690 --

15 3712 101 3766 19.
123 3704 333 3765 Ἀχιάδαμα
343 3712 456 3765 cod.;
473 3713 652 3770 ’ᾼχιδάνα
666 3716 824 3771 vulgata
838 3731 904 3771 ap.
918 3718 1041 3768 Ptol.;
1065 3716 1268 3774 Ἀχίνδανα

16 3781 72 3818 3⁵·
89 3770 193 3812 ices
221 3772 330 3815 Ptol.
361 3789 428 3830 ap.
462 3777 600 3820 Wilb.
638 3779 654 3833 ss
678 3803 734 3810 —
771 3778 957 3827 Ἀδδάνιος
975 3780 1087 3830 cod.;
1112 3783 1263 3836 signari

17 3827 202 3873 Δνδανιν
223 3835 447 3888 Ptolemaei,
474 3837 629 3895 Ἄναμιν
662 3842 827 3881 Arriani
846 3842 1007 3888 monuit
1021 3843 1212 3886 Hudson.
1242 3847 1258 3901 Η

18 3897 49 3926 ’-
106 3905 175 3934 21.
197 3894 218 3935 ὁ
237 3896 338 3952 ὅραχ
341 3898 389 3938 θα
408 3899 521 3952 cod.;
539 3900 743 3956 Οὖορόχθα
770 3902 943 3944 Ptolem.
961 3904 1102 3957 codd.;
1123 3905 1262 3963 Ὀάρα-

19 3950 22 3951 ’
54 3967 101 3994 τα
119 3957 393 4013 Arriamjnd.
408 3976 451 4017 p.
471 3963 567 4018 359,
590 3964 780 4014 ubivide.
805 3966 820 4019 Η
840 3990 896 3996 -—
913 3979 980 4007 21.
1003 3965 1078 4008 ἀπὸ
1090 3969 1130 4010 δὲ
1147 3972 1261 4011 τουά-

20 4041 31 4074 2¹
77 4017 217 4071 <cod.;
231 4035 312 4063 em.
330 4024 478 4066 Miller.
505 4026 520 4079 ΙΙ
534 4050 591 4058 -
605 4039 673 4068 22.
690 4027 868 4082 Σαγανοῦ
889 4029 1145 4074 Ptolemaeus.
1171 4033 1188 4089 ΙΙ
1206 4059 1263 4067 -

709 220 717 223 -
775 183 1068 235 PERIPLUS
1101 191 1293 239 MAms
1326 195 1564 244 EXTERI.
1601 200 1778 249 LlBER
1812 205 1850 249 Ι.

2519 234 2605 276 531
2629 215 2631 218 ’

1377 302 1568 356 praedicta
1590 309 1757 352 Perside
1776 320 1818 353 et
1840 314 2025 369 Bagrada
2052 318 2179 362 fluvio
2198 322 2285 378 jam
2322 339 2552 374 memorato
2571 343 2612 376 et

1376 387 1544 443 insuper
1564 391 1718 448 reliqua
1752 406 1868 451 parte
1898 401 2012 443 sinus
2042 404 2210 458 Persici,
2245 423 2335 464 quae
2370 413 2609 460 Carmanica

1373 478 1598 532 appellatur
1621 483 1672 524 ad
1705 500 1895 530 occasum
1924 501 2135 547 spectans3
2170 497 2222 539 ab
2253 501 2412 544 oriente
2453 506 2611 549 Gedro-

1373 565 1431 606 sia
1460 571 1672 622 provincia
1695 573 1815 628 juxta
1835 579 2021 621 Parsicos
2049 593 2238 638 montes;
2263 603 2288 630 a
2324 591 2495 633 meridie
2514 603 2609 649 post

1372 658 1578 708 angustias
1597 662 1747 704 Persici
1766 665 1879 707 sinus
1899 669 2045 712 Indico
2065 674 2223 728 pelago.
2283 681 2420 735 Atque
2441 683 2527 726 haec
2550 696 2610 728 est

1371 743 1576 787 universae
1600 751 1778 803 regionis
1813 755 2140 815 circumscriptio
2149 778 2162 814 ς
2192 767 2449 819 particularis
2470 781 2608 817 autem

1369 834 1560 889 paraplus
1580 838 1638 878 sic
1661 853 1703 880 se
1720 840 1858 885 habet.

1426 935 1498 977 27.
1531 926 1597 967 Ab
1631 931 1744 970 ostiis
1768 931 1855 985 jam
1889 935 1988 979 dicti
2010 941 2204 994 Bagradae
2237 947 2351 990 fluvii
2391 965 2522 1008 usque
2551 957 2603 997 ad

1367 1005 1519 1047 Daram
1530 1007 1705 1051 fluvium
1718 1013 1847 1056 stadia
1860 1017 1954 1060 300.
2014 1022 2092 1063 Hic
2103 1024 2290 1070 habitant
2302 1031 2597 1088 Camelobosci,

1366 1087 1437 1140 qui
1456 1089 1683 1133 Carmaniae
1701 1096 1880 1149 regionis
1898 1109 2010 1142 sunt.
2070 1107 2108 1146 A
2125 1108 2234 1149 Dara
2251 1120 2388 1154 autem
2405 1116 2531 1159 fluvio
2546 1120 2599 1161 ad

1366 1167 1468 1209 ostia
1486 1169 1700 1228 Cathrapis
1720 1175 1834 1218 fluvii
1859 1179 1989 1222 stadia
2011 1180 2106 1226 500.
2133 1186 2206 1239 [A
2223 1190 2597 1254 Cathrapefluvio]

1364 1247 1416 1288 ad
1435 1252 1537 1293 ostia
1560 1254 1671 1295 Corii
1692 1257 1805 1298 fluvii
1825 1261 1955 1302 stadia
1985 1277 2082 1317 700.
2142 1269 2216 1309 His
2234 1270 2333 1312 locis
2353 1274 2510 1329 objacet
2532 1281 2596 1320 in·

1363 1330 1448 1372 sula
1478 1334 1673 1387 Agedana
1692 1339 1969 1398 (Sagdanap)
1994 1346 2207 1400 appellata,
2229 1351 2272 1391 in
2305 1367 2386 1407 qua
2419 1358 2591 1399 multum

1363 1411 1480 1451 minii
1514 1421 1588 1454 est.
1648 1418 1686 1457 A
1719 1418 1842 1459 Corio
1872 1421 1999 1462 fluvio
2028 1423 2080 1464 ad
2105 1428 2207 1468 ostia
2239 1430 2463 1475 Achidanae
2487 1437 2599 1478 fluvii

1362 1491 1491 1532 stadia
1523 1497 1619 1543 400.
1681 1496 1747 1537 Ab
1774 1499 1989 1543 Achidana
2024 1504 2153 1546 fluvio
2189 1507 2242 1564 ad
2275 1513 2376 1553 ostia
2410 1515 2595 1558 Andanis

1361 1573 1475 1614 fluvii
1487 1576 1618 1618 stadia
1635 1577 1729 1621 500.
1789 1576 1864 1622 His
1879 1593 2015 1626 autem
2027 1586 2127 1628 locis
2145 1589 2302 1644 adjacet
2320 1594 2451 1638 insula
2471 1600 2600 1641 Oora-

1359 1655 1498 1698 chtha.
1559 1660 1625 1701 Ab
1636 1662 1802 1704 Andani
1821 1666 1950 1707 fluvio
1971 1668 2024 1709 ad
2040 1672 2144 1712 ostia
2159 1674 2303 1727 Sagani
2328 1677 2443 1719 fluvii
2467 1681 2597 1723 stadia

1358 1737 1454 1783 400.
1514 1739 1581 1780 Ab
1601 1742 1714 1782 ostiis
1736 1745 1881 1798 Sagani
1903 1747 2015 1789 fluvii
2044 1750 2098 1791 ad
2126 1755 2350 1798 Armuzam
2385 1759 2590 1804 civitatem

1358 1816 1489 1859 stadia
1507 1832 1602 1862 200.
1662 1822 1728 1863 Ab
1750 1826 1930 1868 Armuza
1952 1829 2005 1869 ad
2027 1837 2367 1887 promontorium
2387 1841 2598 1883 Armozon

1357 1899 1606 1954 appellatum
1620 1903 1750 1945 stadia
1775 1907 1870 1948 800.
1931 1909 1997 1951 Ab
2015 1914 2226 1957 Armozon
2241 1923 2527 1973 plomontorio
2546 1924 2599 1965 ad

1341 1979 1584 2034 Carpellam
1614 1987 1951 2037 promontorium
1997 1992 2127 2034 stadia
2160 1995 2256 2049 750.
2316 2000 2396 2040 Hic
2434 2002 2590 2057 adjacet

1354 2061 1546 2114 praefatus
1571 2066 1778 2107 rotundus
1802 2083 1922 2123 mons
1947 2072 2228 2116 Semiramidis
2246 2108 2257 2127 ‚
2283 2081 2351 2120 cui
2373 2082 2417 2121 in
2446 2086 2598 2127 Arabia

1355 2146 1478 2186 Felici
1511 2151 1746 2202 oppositum
1770 2167 1855 2194 esse
1881 2155 2061 2198 diximus
2087 2160 2322 2204 Asaborum
2344 2176 2528 2210 montem
2552 2180 2593 2212 et

1352 2235 1686 2284 promontorium
1695 2251 1708 2286 5
1734 2239 1805 2291 qui
1834 2241 2029 2296 utrinque
2065 2254 2226 2286 montes
2255 2262 2338 2290 una
2367 2266 2460 2293 cum
2488 2269 2588 2309 pro-

1351 2318 1568 2357 montoriis
1590 2318 1747 2362 faciunt
1768 2326 1975 2376 angustias
1992 2328 2147 2369 Persici
2167 2331 2296 2374 sinus.
2364 2337 2592 2381 Carmaniae

1348 2400 1494 2454 peripli
1525 2401 1645 2456 juxta
1676 2406 1813 2447 sinum
1844 2410 2071 2462 Persicum,
2106 2427 2130 2453 a
2156 2415 2340 2469 Bagrada
2368 2419 2496 2462 fluvio
2531 2423 2583 2464 ad
2638 2443 2641 2447 ¹

1329 2494 1331 2497 ·
1350 2485 1582 2527 rotundum
1606 2499 1789 2532 montem
1823 2502 1863 2534 et
1884 2495 2109 2551 Carpellam
2129 2506 2485 2557 promontorium,
2506 2517 2587 2550 sta·

1345 2569 1413 2611 dia
1427 2573 1566 2613 omnia
1586 2575 1726 2622 4250.
1769 2579 1972 2621 Universa
1989 2591 2126 2624 autem
2146 2587 2272 2627 totius
2291 2589 2439 2632 Persici
2459 2595 2573 2635 sinus

1348 2731 1399 2770 23
1473 2732 1635 2788 Αρμου
1650 2751 1734 2782 ςαν
1756 2738 1773 2792 ]
1822 2739 2072 2795 Αρμόζουσαν
2108 2746 2188 2788 cod
2209 2779 2221 2799 ,
2256 2749 2330 2790 sed
2362 2765 2461 2793 mox
2507 2753 2582 2796 ἀπὸ

1350 2790 1569 2847 Ἆρμούζης.
1595 2795 1782 2853 Ἅρμουζα
1813 2802 1912 2842 urbs
1934 2815 2105 2847 vocatur
2139 2823 2206 2864 ap.
2244 2812 2511 2856 Ptolemaeum
2539 2818 2580 2857 in

1347 2855 1471 2897 codd.
1488 2858 1645 2910 Wilb.,
1664 2859 1856 2916 >Ἀρμουζα
1874 2865 2022 2920 vulg03
2040 2869 2150 2921 regio
2167 2874 2372 2914 Armuzia
2386 2890 2452 2931 ap.
2471 2878 2576 2919 Plin.

1343 2917 1419 2967 VI,
1441 2930 1516 2972 27;
1541 2917 1738 2975 Ἁρμόζεια
1755 2938 1822 2979 ap.
1846 2927 2012 2970 Arrian.
2046 2930 2222 2984 11-23.
2248 2936 2441 2976 στάδιοι
2474 2937 2523 2979 σ’.
2541 2972 2548 2979 .
2565 2969 2576 2981 .

1346 2993 1400 3019 στ
1412 2979 1524 3020 άδιο
1539 2997 1551 3021 ι
1575 2981 1623 3022 ω’
1639 2984 1656 3038 ]
1682 2985 1780 3026 Haec
1813 2986 2047 3042 longissime
2063 2992 2214 3035 absunt
2233 3009 2257 3035 a
2274 2997 2479 3039 Ptolemaei
2501 3001 2575 3041 cal·

1344 3041 1460 3093 culis,
1478 3041 1531 3083 ad
1546 3058 1651 3098 quos
1669 3049 1839 3102 propius
1858 3051 2070 3093 accederes
2091 3055 2125 3094 si
2142 3055 2304 3098 inverso
2320 3058 2464 3110 ordine
2479 3063 2576 3102 scri-

1340 3101 1459 3145 beres
1492 3107 1640 3147 στάδιοι
1674 3107 1773 3150 ω’...
1820 3113 1967 3153 στάδιοι
1998 3114 2048 3155 σ’.
2087 3116 2103 3169 Η
2144 3140 2201 3148 —
2224 3121 2291 3167 24.
2337 3119 2539 3176 Ἀρμόζω
2553 3141 2571 3165 ν

1344 3163 1588 3224 ἀκρωτηρ.
1610 3169 1626 3224 ]
1646 3169 1833 3225 Ἅρμοζον
1854 3172 1970 3228 ἄκρον
1996 3177 2189 3229 Ptolem.;
2214 3178 2252 3227 ἐξ
2279 3179 2483 3236 Ἁρμόζων,
2505 3191 2573 3228 τοῦ

1339 3230 1407 3280 τῆς
1416 3229 1633 3286 Καρμανίας
1649 3231 1885 3289 ἀκρωτηρίου
1899 3237 2044 3278 Strabo
2060 3252 2104 3294 p.
2119 3239 2197 3294 765
2215 3255 2264 3281 ex
2279 3243 2548 3289 Eratosthene
2556 3265 2568 3299 ς

1339 3304 1390 3330 ex
1434 3294 1708 3335 Harmozonte
1742 3297 1966 3339 Carmaniae
2003 3303 2285 3356 promontorio
2326 3307 2570 3351 Ammianus

1337 3354 1517 3397 Marcell.
1535 3357 1693 3408 XXIII,
1710 3362 1749 3409 6,
1767 3373 1816 3400 ex
1833 3360 1979 3402 eodem
1992 3393 2004 3412 ,
2022 3371 2069 3404 ut
2087 3363 2265 3416 videtur,
2283 3368 2567 3414 Eratosthene.

1342 3415 1359 3470 ss
1378 3441 1435 3448 —
1451 3430 1518 3472 27.
1540 3419 1595 3459 τὸ
1622 3436 1650 3461 π
1662 3436 1738 3475 ρορ
1751 3437 1802 3476 ρη
1818 3422 1891 3463 θὲν
1910 3425 1927 3479 ]
1947 3426 2137 3468 Meminit
2154 3426 2240 3482 ejus
2259 3429 2328 3471 ubi
2338 3429 2390 3472 de
2403 3433 2568 3476 Asabon

1335 3482 1621 3533 promontorio
1642 3482 1804 3524 Arabiae
1822 3498 1956 3526 sermo
1986 3496 2088 3529 erat.
2113 3490 2206 3543 V.§
2234 3493 2299 3533 18.
2335 3492 2351 3547 ΙΙ
2376 3516 2434 3524 -
2453 3494 2569 3550 Σερά-

1338 3542 1444 3596 μιδος
1465 3542 1576 3594 cod.;
1598 3558 1620 3584 e
1637 3545 1743 3586 Ptol.
1762 3561 1843 3587 em.
1861 3547 2050 3590 Hudson.
2083 3551 2098 3603 ΙΙ
2122 3575 2178 3583 -
2195 3565 2265 3607 29.
2294 3552 2465 3610 Ἀραὸίαν
2485 3558 2566 3599 Πα-

1335 3603 1442 3643 σα6ὼ
1470 3604 1555 3658 ὄρος
1573 3620 1614 3645 τε
1637 3604 1778 3660 ἀκρωτ.
1805 3607 1918 3659 cod.;
1942 3625 2023 3656 em.
2045 3611 2162 3654 editt.
2192 3614 2208 3669 ss
2227 3638 2284 3646 —
2299 3617 2366 3657 31.
2388 3618 2566 3674 Βάγραδα

1332 3664 1427 3705 cod.
1451 3666 1466 3719 ΙΙ
1486 3690 1541 3697 -
1556 3667 1623 3715 34.
1640 3668 1706 3723 ¹36
1715 3668 1777 3725 ν’]
1799 3671 1834 3710 Ε
1851 3671 2018 3726 singulis
2035 3677 2219 3717 numeris
2234 3676 2440 3732 'colligitur
2453 3695 2564 3722 sum-

1336 3741 1404 3768 ma
1424 3727 1649 3770 stadiorum
1662 3730 1786 3781 4550,
1806 3731 1910 3774 adeo
1923 3744 1971 3776 ut
1988 3736 2032 3777 in
2054 3736 2119 3778 his
2134 3752 2241 3780 unus
2254 3740 2402 3782 alterve
2424 3756 2565 3785 nume-

1334 3803 1406 3831 rus
1425 3799 1644 3845 corruptus
1658 3806 1743 3833 esse
1760 3792 1926 3847 debeat3
1943 3811 2040 3839 nam
2060 3808 2169 3841 reete
2183 3800 2333 3842 habere
2344 3816 2562 3846 numerum

1330 3850 1445 3908 ,δσν’,
1470 3851 1592 3903 4250,
1613 3868 1663 3894 ex
1690 3869 1803 3911 seqq.
1838 3867 1965 3912 patet,
2004 3860 2077 3901 ubi
2109 3876 2133 3902 a
2158 3863 2337 3917 Carpella
2359 3878 2487 3920 usque
2508 3866 2561 3908 ad

1331 3913 1455 3954 finem
1488 3915 1714 3958 Carmaniae
1741 3918 1989 3973 colliguntur
2019 3922 2148 3964 stadia
2172 3923 2294 3977 5950,
2319 3934 2428 3967 totus
2463 3941 2560 3970 vero

1332 3976 1557 4017 Carmaniae
1575 3978 1754 4033 periplus
1769 3994 1853 4021 esse
1864 3981 2017 4023 dicitur
2030 3983 2255 4036 stadiorum
2274 4000 2431 4042 10200;
2450 3989 2560 4032 unde

1332 4039 1546 4094 sequitura
1561 4039 1743 4095 Bagrada
1753 4056 1882 4098 usque
1890 4044 1943 4086 ad
1951 4046 2176 4102 Carpellam
2191 4062 2277 4090 esse
2287 4048 2417 4093 stadia
2431 4051 2556 4100 4250.

2334 4129 2388 4160 3⁴.
