2782 4348
500 0 551 38 “
812 35 815 37 .

714 69 762 116 Ο

202 136 264 177 96

263 232 405 286 Αὗτῆς
423 231 467 278 δὲ
486 211 635 293 Σῇου
658 231 806 279 στάδια
829 231 887 277 σ’.

264 299 344 349 Ἐκ
358 299 508 361 Σάμου
518 302 575 354 εἰς
591 302 794 356 Μυκάλην
810 303 882 345 τοῦ
894 297 1069 344 διάπλου
1087 298 1238 345 στάδια
1252 300 1304 355 ζ’.
1317 302 1374 362 (ιζ
1383 303 1417 362 i')
1427 336 1440 351 .

261 369 324 417 Τὸ
343 377 446 427 πᾶν,
471 369 542 415 ἐὰν
561 371 609 416 ἐκ
630 368 776 428 Σάμου
793 366 952 413 πλίωσι
970 366 1052 429 πρὸ
1081 366 1269 430 ἀρίστου,
1291 369 1442 416 στάδια

199 436 320 502 ,βτοζ
382 437 410 494 ὴ
432 436 802 501 προσλογιζομὲνου
817 439 888 481 τοῦ
911 436 1018 480 πλοῦ
1038 434 1140 498 [τοῦ
1161 438 1207 485 ἐκ
1231 437 1441 496 Μυκάλης

202 508 262 559 εἷς
288 507 432 568 Σάμον
444 507 478 568 ].

230 677 304 708 11³.
339 659 559 721 Ἕτερον
590 657 901 720 διάφραγμα
939 659 1088 723 ὀρθὸν
1126 662 1234 708 κατ’
1258 663 1395 713 ιῦθύ.

261 761 394 823 [Ἀπὸ
415 759 620 821 Μαλέας]
641 757 716 812 ἕως
736 759 940 823 Κυθήρων
965 762 1115 809 στάδια
1137 763 1176 810 λ’
1202 765 1287 825 (ρλ’
1300 767 1361 827 Ρ).

256 832 402 877 Αὐτῶν
428 829 469 875 δὲ
498 829 700 892 Κυθήρων
725 834 856 890 μῆκος
878 830 1026 878 στάδια
1051 833 1087 895 ρ’
1115 832 1253 896 (σ’ἓ).

256 901 330 952 Εἰς
354 899 545 962 Αἶγιλίαν
574 900 701 953 πλοῦς
718 901 1037 964 προαριστίδιος.

255 968 427 1035 [Αὐτῆς
449 970 641 1033 Αἰγιλίας
660 974 791 1031 μ’ἥκος
814 963 965 1018 στάδιά
987 971 1037 1018 ν’.

253 1039 344 1087 Ἀπ’
364 1042 554 1102 Αἰγιλίας
575 1042 633 1093 εἰς
656 1040 843 1103 Κρήτην,
871 1042 998 1093 πλοῦς
1022 1041 1358 1108 προαριστίδιος]

253 1110 423 1174 Κρήτης
445 1111 571 1166 αὐτῆς
593 1113 725 1170 μῆκος
747 1110 895 1156 στάδιοι
922 1111 1003 1174 ‘fla'
1030 1114 1043 1173 (
1063 1112 1177 1176 ,αφῬ
1205 1115 1236 1173 ).

252 1179 351 1228 Ἀπὸ
376 1179 544 1244 Κρήτης
570 1180 626 1231 εἰς
650 1178 876 1243 Κάρπαθον
898 1179 1046 1226 στάδια
1072 1181 1109 1244 ρ’
1132 1181 1255 1245 (φῖ).

251 1252 390 1305 Αὖτῆς
414 1249 642 1311 Καρπάθου
667 1253 800 1310 μῆκος
825 1248 971 1295 στάδια
992 1250 1028 1313 ρ’
1052 1250 1180 1311 (r'i‘).

253 1321 328 1372 Εἷς
347 1318 492 1364 Ῥόδον
518 1317 600 1363 ἀπὸ
625 1319 855 1380 Καρπάθου
879 1320 1007 1372 πλοῦς
1029 1318 1174 1365 στάδια
1199 1320 1232 1383 ρ’
1256 1320 1393 1383 (τ’ἲ).

251 1389 393 1443 Αὐτῆς
412 1387 559 1434 Ῥόδου
584 1389 714 1446 μ’ἧκος
737 1389 888 1433 στάδια
913 1387 972 1450 χ’.

254 1456 359 1505 Ἀπὸ
377 1456 525 1504 Ῥόδου
550 1458 607 1509 εἰς
627 1456 702 1511 τὴν
725 1456 865 1504 Ἀσίαν
885 1457 1031 1503 στάδια
1059 1459 1114 1520 ρ’.

252 1524 379 1574 Ἔστι
401 1530 472 1573 τοῦ
493 1526 669 1573 διάπλου
687 1524 734 1571 τὸ
758 1526 1001 1588 διάφραγμα
1024 1525 1171 1572 στάδια
1196 1527 1301 1575 δσο’.

553 1700 568 1731 ι
578 1700 628 1730 ιι.
664 1692 865 1730 ΜΕΓΕΘΗ
898 1692 1079 1731 ΝΗΣΩΝ.

262 1784 454 1847 Μεγίστη
481 1783 650 1846 Σαρδώ.
679 1782 862 1847 Δευτέρα
888 1783 1078 1832 Σικελία.
1109 1782 1241 1846 Τρίτη
1270 1783 1432 1847 Κρήτη.

186 1854 381 1917 Τετάρτη
423 1855 605 1916 Κύπρος.
653 1854 837 1914 Πέμπτη
873 1852 1050 1902 Εὗὸοια.
1091 1850 1232 1910 ‘'Eut-11
1263 1853 1434 1916 Κύρνος.

189 1922 385 1982 Ἒὸδόμη
408 1922 582 1975 Moe«.
605 1922 757 1983 Ὀγδόη
775 1921 933 1974 Ῥόδος.
950 1921 1110 1978 ἸΞνάτη
1125 1921 1244 1975 Χίος.
1267 1922 1433 1978 Δεκάτῃ

187 1994 351 2053 Σάμος.
377 1991 611 2048 Ἕνδεκάτη
638 1991 848 2055 Κόρκυρα.
878 1992 1103 2048 Δωδεκάτη
1129 1991 1280 2045 Κάσος.
1306 1994 1434 2053 Τρισ-

185 2061 411 2118 καιδεκάτη
457 2061 744 2125 Κεφαλληνία.
793 2063 832 2108 Τ
834 2061 1237 2122 εσσαρεσκαιδεκάτη
1283 2060 1430 2114 Νάξος.

189 2130 547 2187 Πιντεκαιδεκάτη
572 2133 680 2183 Κῶς.
702 2129 1005 2185 Ἓξκαιδεκάτη
1027 2130 1251 2183 Ζάκυνθος.
1273 2129 1434 2177 Ἑπτα-

185 2199 409 2255 καιδεκάτη
446 2202 627 2259 Λῆμνος.
670 2197 1043 2254 Ὀκτωκαιδεκάτη
1086 2197 1256 2260 Αἴγινα.
1290 2197 1433 2246 Ἐννα·

183 2269 412 2326 καιδεκάτη
439 2267 628 2331 Ἴμὸρος.
655 2267 837 2325 Εἰκοστὴ
862 2267 1019 2321 Θάσος.

468 2372 780 2435 [ΣΚΥΛΑΚΟΣ
817 2374 1153 2420 ΚΑΡΥΑΝΔΕΩΣ

387 2462 675 2497 ΠΕΡῙΠΛΟΥΣ
703 2462 802 2496 ΤΗΣ
831 2461 1182 2497 οικοτΜΕΝΗΣ.
1208 2450 1229 2514 Ἠ

181 2595 314 2637 insula
332 2604 392 2636 est
410 2597 532 2637 etiam
552 2610 618 2651 ap.
645 2595 889 2636 Strabonem
909 2603 950 2636 et
969 2594 1307 2649 Agathemerum,
1329 2608 1431 2649 quo-

181 2670 276 2697 rum
293 2657 357 2697 ille
370 2661 466 2707 600,
480 2657 548 2697 hic
566 2658 647 2699 630
661 2657 863 2698 ambitum
869 2655 964 2712 ⁴ejus
975 2670 1062 2697 esse
1077 2655 1179 2697 dicit
1193 2672 1205 2707 ;
1222 2670 1318 2697 vero
1333 2670 1431 2711 pro·

181 2718 275 2774 pior
308 2722 553 2775 Anonymus
578 2721 649 2774 qui
683 2722 765 2762 800
793 2717 926 2760 stadia
957 2726 1143 2774 exputat.
1172 2718 1188 2772 ΙΙ
1215 2742 1272 2749 -
1293 2719 1430 2759 στάδια

178 2778 221 2828 ζ’
242 2779 258 2835 ]
281 2780 405 2821 scrib.
439 2780 602 2821 videtur
627 2780 697 2832 ιζ’;
724 2790 784 2822 tot
806 2782 919 2823 enim
947 2788 1060 2822 sunt.
1084 2781 1100 2834 ΙΙ
1124 2778 1287 2835 -πρδ
1324 2779 1378 2836 ἀρ
1394 2781 1428 2821 i·

182 2841 328 2896 στου]
354 2841 451 2882 Haec
466 2850 661 2896 corrupta
677 2856 764 2883 esse
781 2850 899 2898 puto,
917 2843 1013 2897 quia
1064 2841 1166 2882 nihil
1189 2839 1309 2882 video
1323 2841 1426 2896 quid

181 2901 236 2945 ad
255 2903 528 2957 navigationis
538 2904 716 2959 spatium
734 2912 947 2959 tempusve
966 2902 1100 2953 saciat,
1117 2904 1202 2944 sive
1216 2902 1308 2958 quis
1330 2912 1427 2945 ante

182 2965 270 3007 sive
291 2973 385 3022 post
403 2965 471 3007 τὀν
497 2964 653 3021 ἄριστον
673 2967 963 3021 enavigaverit.
987 2964 1261 3007 Scribendum
1283 2973 1359 3016 est,
1381 2967 1423 3007 ni

169 3025 315 3080 'sallon
343 3026 489 3070 πλέωσι
513 3027 603 3083 πλῷ
629 3026 773 3085 ἀρίστῳ
795 3027 857 3070 vel
880 3027 1001 3070 πλοῦν
1027 3027 1198 3083 ἄριστον.
1216 3027 1322 3081 Ci'.§
1347 3041 1424 3070 110

180 3094 251 3131 τοῦ
272 3089 484 3133 καλλίστου
510 3089 612 3133 πλοῦ
634 3090 869 3147 παράπλους.
906 3092 923 3145 n
949 3114 1006 3122 —
1033 3090 1419 3147 προσλογιζομένου]

180 3150 502 3209 προλογιζομένῳ
513 3151 627 3204 cod.;
640 3167 723 3195 em.
740 3154 928 3195 Vossius.
943 3155 1047 3207 Quoe
1061 3151 1211 3194 deinde
1226 3154 1342 3194 uncis
1361 3154 1422 3194 in·

180 3213 422 3268 cluduntur,
463 3214 665 3272 supplevi.
701 3214 840 3258 Stadia
873 3230 965 3271 qua:
997 3214 1149 3258 diserte
1185 3216 1227 3257 in
1260 3224 1418 3259 antece.

179 3286 492 3329 enumerantur,
515 3286 613 3319 sunt
639 3291 761 3334 1992.
789 3281 894 3333 Quae
922 3277 1210 3320 desiderantur
1237 3277 1290 3320 ad
1309 3293 1420 3320 sum·

178 3354 291 3382 mam
320 3339 427 3383 stad.
467 3340 577 3395 2370
616 3340 879 3383 conflandam
909 3339 1041 3382 stadia
1068 3339 1166 3396 378,
1203 3338 1418 3382 reserenda

179 3411 278 3444 sunt
305 3402 356 3444 ad
377 3402 483 3444 duos
506 3403 625 3452 πλοῦς
647 3402 964 3460 προαριστιὸίους,
995 3416 1246 3459 quamquam
1277 3402 1333 3444 illi
1366 3417 1417 3445 ex

180 3473 370 3507 accurata
400 3465 688 3508 distantiarum
710 3481 903 3509 mensura
929 3466 1095 3508 nonnisi
1131 3466 1213 3508 310
1247 3465 1308 3507 vel
1334 3465 1416 3509 320

180 3525 311 3567 stadia
336 3528 565 3569 continent.

235 3589 260 3641 S
281 3589 375 3629 ιι3.
404 3586 509 3630 ’aab
545 3589 779 3647 Μαλέας]
814 3590 1015 3647 supplevi.
1045 3592 1062 3646 ss
1084 3589 1233 3648 -λ’]
1259 3594 1416 3634 Auctor

178 3648 388 3706 soeipscrit
408 3649 485 3705 ρλ’.
508 3651 731 3705 Sequentes
746 3655 906 3694 numeri
922 3653 1027 3696 adeo
1042 3663 1139 3696 sunt
1152 3653 1353 3710 corrupti,
1371 3661 1417 3695 ut

172 3709 388 3754 ludicrum
421 3711 766 3767 soretrefingendi
801 3730 1019 3758 conamen.
1042 3718 1059 3771 {l
1079 3740 1135 3749 —
1150 3715 1228 3773 Λίγ
1243 3715 1410 3773 ιλίαν]

177 3787 262 3817 em.
279 3773 500 3826 Dodwell.;
516 3772 676 3831 Αἴγιναν
693 3776 840 3819 codex.
861 3778 1021 3820 Inclusa
1043 3779 1243 3835 supplevi.

234 3839 258 3891 S
280 3840 374 3888 nl..
396 3836 464 3881 Ad
480 3836 594 3880 hunc
622 3838 846 3881 insularum
873 3839 1112 3883 laterculum
1132 3843 1267 3884 Gailio
1286 3841 1414 3897 respi-

173 3912 271 3941 eere
307 3898 501 3942 videntur
532 3899 671 3951 verba,
696 3915 788 3956 quae
821 3901 1027 3944 indiculus
1063 3904 1229 3960 Pcriplo
1270 3911 1412 3946 nostro

924 130 1213 178 SCYLACIS
1245 130 1703 183 CARYANDRNsts
1741 135 2051 185 PERIPLUS.

2654 142 2750 221 (a.)
2774 147 2779 153 '

1568 245 1705 302 Ipsius
1722 245 1833 288 Sami
1847 246 1980 291 stadia
1994 261 2090 292 200.
2712 258 2720 263 ·

1566 312 1604 354 Ε
1619 313 1744 356 Samo
1760 314 1804 357 in
1823 315 2012 372 Mycalen
2029 315 2221 372 trajectus
2238 316 2466 358 stadiorum
2485 332 2510 373 7
2530 316 2544 374 (
2564 319 2673 378 171⁸)
2713 342 2733 367 0
2765 338 2775 348 ·

1570 383 1622 424 In
1643 396 1822 436 summa,
1838 385 1872 427 si
1891 386 1984 442 quis
1997 400 2021 428 e
2037 387 2161 428 Samo
2179 388 2339 442 naviget
2354 387 2621 440 navigatione
2637 391 2756 454 κιορ
2779 450 2782 451 ⁷

1509 450 1685 508 optima,
1699 452 1831 496 stadia
1843 463 1942 497 sunt
1957 456 2085 511 2370,
2106 470 2191 499 non
2211 456 2481 499 adnumerata
2497 458 2770 519 ιιεινίςιιῑὶοιῄ7

1511 520 1633 576 [qeeoe
1652 529 1714 561 ese
1734 535 1763 562 a
1780 522 1941 578 Mycale
1964 522 2006 564 in
2025 527 2189 566 Samum
2206 527 2235 579 ].

1658 683 1752 725 113.
1785 684 2012 727 Alterum
2039 684 2370 742 diaphragma
2399 698 2610 730 rectum.

1571 772 1640 824 [A
1661 772 1830 828 Malea]
1850 774 1903 816 ad
1919 775 2099 836 Cythera
2114 775 2244 818 stadia
2268 777 2352 834 30(
2375 779 2480 820 130?
2497 779 2527 833 ).

1570 839 1845 894 Cytherorum
1864 841 2080 896 longitudo
2096 844 2323 886 stadiorum
2351 859 2426 888 100
2448 846 2461 901 (
2478 847 2614 902 200?)

1570 908 1680 950 Hinc
1701 908 1754 950 ad
1771 910 1960 964 AEgiliam
1982 912 2186 966 navigatio
2204 914 2540 958 antemeridiana.

1570 975 1743 1032 [Ipsius
1763 977 1932 1030 AEgiliae
1950 976 2162 1031 longitudo
2178 980 2409 1025 stadiorum
2428 985 2495 1027 50.

1569 1045 1639 1087 Ab
1660 1045 1823 1099 AEgilia
1844 1046 1886 1088 in
1908 1050 2064 1089 Cretam
2084 1049 2303 1102 navigatio
2323 1054 2662 1096 antemeridiana.
2685 1058 2699 1108 ]

1568 1114 1702 1169 Ipsius
1720 1115 1852 1157 Creta:
1866 1114 2082 1170 longitudo
2098 1115 2326 1160 stadiorum
2347 1120 2471 1163 2500.

1569 1186 1604 1224 Α
1624 1184 1745 1225 Creta
1760 1186 1803 1226 in
1820 1185 2074 1242 Carpathum
2091 1186 2222 1228 stadia
2246 1201 2323 1230 100
2343 1187 2357 1244 (
2377 1189 2529 1246 500?).

1567 1253 1702 1307 Ipsius
1719 1253 1913 1309 Carpathi
1937 1254 2152 1308 longitudo
2175 1254 2403 1298 stadiorum
2428 1271 2507 1300 too
2530 1258 2543 1314 (
2563 1259 2668 1302 300?
2683 1260 2716 1317 ).
2764 1288 2782 1314 a*

1567 1323 1603 1362 A
1623 1321 1831 1377 Carpatho
1852 1323 1893 1363 in
1911 1321 2106 1364 Rhodum
2123 1324 2328 1377 navigatio
2344 1323 2449 1366 stad.
2476 1340 2552 1369 100
2573 1327 2586 1382 (
2605 1316 2782 1387 3009).ὶέ

1565 1391 1699 1445 Ipsius
1721 1390 1858 1432 Rhodi
1882 1391 2099 1446 longitudo
2121 1391 2351 1435 stadiorum
2372 1398 2467 1438 600.
2781 1395 2782 1398 ’

1566 1461 1602 1500 Α
1626 1458 1775 1500 Rhodo
1801 1461 1843 1501 in
1865 1461 2004 1502 Asiam
2024 1459 2154 1503 stadia
2179 1475 2269 1503 100.

1566 1530 1639 1570 Est
1658 1528 1850 1584 trajectus
1865 1529 1989 1586 hujus
2004 1529 2270 1587 diaphragma
2286 1530 2512 1575 stadiorum
2532 1538 2656 1588 4270.

2003 1637 2258 1654 -οοᾱ-

1754 1708 1846 1755 ul..
1880 1719 2210 1747 naam-romnus
2242 1720 2510 1749 msvmnuar.

1562 1801 1744 1842 Maxima
1778 1798 1982 1842 Sardinia.
2026 1800 2215 1842 Secunda
2253 1801 2402 1844 Sicilia.
2443 1803 2585 1845 Tertia
2612 1804 2748 1847 Creta.
2780 1799 2782 1805 ⁴

1506 1873 1667 1925 Quarta
1686 1871 1863 1927 Cyprus.
1893 1871 2050 1924 Quinta
2069 1871 2243 1914 Euboea.
2269 1873 2390 1913 Sexta
2408 1873 2590 1915 Corsica.
2618 1874 2751 1930 Septi-

1506 1953 1574 1981 ma
1589 1939 1762 1982 Loebus.
1787 1941 1942 1982 Octava
1965 1939 2152 1983 Rhodus.
2175 1942 2296 1983 Nona
2318 1941 2462 1984 Chius.
2487 1943 2659 1984 Decima
2679 1943 2750 1985 Sa-

1506 2023 1612 2051 mus.
1644 2008 1877 2052 Undecima
1897 2011 2092 2066 Corcyra.
2118 2010 2375 2052 Duodecimn
2398 2012 2540 2053 Casus.
2579 2012 2750 2055 Decima

1504 2079 1624 2123 tertia
1655 2078 1931 2135 Cephallenia.
1974 2081 2144 2122 Decima
2188 2089 2334 2136 quarta
2376 2082 2532 2123 Naxus.
2579 2081 2750 2124 Decima

1502 2146 1649 2202 quinta
1669 2148 1765 2189 Cos.
1793 2148 1963 2189 Decima
1980 2155 2094 2189 sexta
2115 2148 2365 2203 Zacynthus.
2387 2149 2555 2191 Decima
2576 2151 2749 2206 septima

1504 2216 1702 2257 Lentnus.
1712 2214 2055 2271 Duodevicesima
2063 2215 2224 2270 AEgina.
2236 2215 2552 2259 Undevicesima
2565 2217 2745 2260 Imbrus.

1501 2282 1710 2324 Vicesima
1729 2283 1905 2325 Thasus.

1815 2375 1838 2439 [
1859 2379 2064 2420 Scraacxs
2094 2379 2425 2420 Cantennam

1704 2453 2122 2495 Crncuamavmarro
2143 2468 2267 2495 oanis
2298 2468 2509 2497 marran.
2526 2450 2550 2515 J

1503 2593 1738 2650 praemissus
1753 2592 1877 2633 habet
1908 2604 1919 2634 ε
1950 2591 2016 2634 καὶ
2047 2591 2086 2632 αἱ
2121 2594 2232 2644 νῆσοι
2262 2592 2302 2633 αἱ
2324 2591 2419 2633 ἔπτὰ
2445 2593 2485 2633 αἱ
2503 2590 2741 2649 οἰκούμεναι,

1502 2656 1637 2697 καθότι
1666 2654 1807 2707 ἑκάστη
1838 2655 1964 2696 κεῖται
1985 2656 2052 2706 τῆς
2064 2652 2243 2709 ἠπείρου.
2262 2656 2405 2710 Itaque
2424 2655 2544 2697 initio
2574 2658 2740 2702 nonnisi
2768 2674 2769 2678 ¹

1499 2725 1655 2773 septem
1666 2715 1818 2758 insulas
1827 2717 2025 2757 maximas
2034 2717 2251 2757 recensitas
2265 2715 2286 2756 s
2282 2717 2403 2769 uisse,
2418 2716 2594 2774 reliquas
2601 2727 2743 2775 postea

1498 2778 1658 2821 additas
1680 2787 1814 2835 putat.
1851 2780 1907 2820 At
1926 2777 2048 2820 verba
2071 2778 2207 2819 καθότι
2226 2777 2366 2832 ἑκάστη
2393 2781 2518 2822 κεῖται
2544 2783 2612 2834 τῆς
2638 2780 2744 2835 ἠπεί·

1497 2856 1564 2896 ρου
1582 2841 1748 2883 nonnisi
1772 2841 1814 2881 in
1838 2854 1905 2882 eas
1925 2840 2076 2882 insulas
2108 2839 2262 2882 cadunt
2278 2873 2288 2892 ,
2328 2841 2380 2884 de
2404 2842 2557 2899 quibus
2583 2844 2626 2886 in
2650 2845 2740 2902 ipso

1495 2902 1659 2959 Periplo
1682 2917 1819 2944 sermo
1839 2910 1915 2944 αἱ.
1937 2902 2063 2956 Quod
2082 2903 2229 2945 attinet
2250 2914 2407 2960 septem
2427 2906 2612 2962 priores,
2636 2899 2759 2963 quus

1495 2973 1705 3021 tamquam
1739 2966 1937 3006 maximas
1977 2979 2189 3007 recensere
2219 2975 2374 3008 veteres
2400 2967 2610 3022 solebant,
2648 2983 2754 3026 Jam-

1494 3028 1632 3070 Alexis
1653 3028 1836 3070 comicus
1855 3026 2078 3070 Alexandri
2091 3030 2152 3070 M.
2171 3037 2288 3071 aetate
2299 3038 2468 3072 eatenus
2483 3033 2740 3078 accuratiora

1493 3090 1633 3142 habet,
1665 3090 1778 3146 quod
1800 3091 1981 3146 primum
2014 3091 2150 3133 locum
2171 3106 2255 3133 non
2286 3092 2508 3145 Sardiniae,
2540 3093 2613 3136 sed
2631 3095 2737 3139 Sici-

1492 3153 1553 3195 lire
1581 3154 1742 3196 tribuit.
1770 3155 1826 3196 V.
1847 3154 2108 3196 Constantin.
2134 3155 2339 3211 Porphyr.
2360 3156 2423 3198 De
2448 3155 2577 3198 sstem.
2598 3159 2654 3210 11,
2684 3170 2737 3204 ιο

1490 3215 1579 3268 (cs.
1596 3215 1727 3257 schol.
1751 3215 1913 3258 Platon.
1944 3229 1988 3271 p.
2018 3217 2114 3270 392.
2140 3216 2331 3259 Eustath.
2363 3216 2416 3260 ad
2436 3218 2563 3261 Dion.
2593 3219 2676 3264 580
2694 3222 2742 3277 ),

1490 3277 1562 3320 ubi
1594 3293 1645 3320 ex
1678 3279 1839 3320 comico
1875 3277 2066 3320 ordinem
2103 3278 2330 3321 insularum
2371 3281 2543 3337 apponit
2574 3281 2688 3326 hunc
2716 3275 2750 3327 a*

1488 3340 1639 3383 Sicilia.
1674 3339 1878 3383 Sardinia.
1919 3342 2102 3384 Corsica.
2150 3342 2287 3385 Creta.
2326 3341 2501 3386 Euboea.
2551 3344 2729 3401 Cyprus.

1490 3403 1666 3446 Lesbos.
1704 3403 1769 3446 Cf.
1798 3402 1975 3446 Diodor.
2006 3405 2061 3457 V,
2098 3418 2164 3460 17,
2200 3418 2237 3457 1,
2275 3405 2348 3448 ubi
2377 3407 2501 3449 series
2534 3420 2546 3449 t
2577 3407 2739 3454 stemn-

1486 3464 1691 3508 Sardinia.
1725 3467 1903 3522 Cyprus.
1939 3468 2075 3509 Creta.
2117 3466 2293 3510 Euboea.
2332 3469 2514 3512 Corsica.
2555 3469 2736 3516 lesbus.

1484 3529 1665 3571 Timaeus
1704 3529 1885 3585 primum
1933 3528 2070 3571 locum
2113 3529 2313 3573 Sardiniae
2355 3531 2575 3587 assignavit
2618 3534 2636 3588 (
2657 3535 2740 3591 ap.-

1484 3590 1620 3634 Strab.
1644 3606 1688 3648 p.
1710 3592 1790 3642 654
1815 3593 1848 3647 ),
1870 3593 1911 3633 in
1931 3591 2100 3648 reliquis
2118 3606 2214 3635 cum
2234 3592 2424 3636 Diodoro
2451 3596 2740 3650 consentiensj·

1485 3667 1508 3695 a
1532 3653 1685 3695 Nostro
1706 3662 1843 3695 autem
1861 3669 1911 3696 eo
1930 3653 2143 3707 disserens,
2164 3653 2278 3711 quod
2301 3656 2466 3698 tertium
2493 3654 2630 3699 locum
2648 3656 2737 3714 Cy*

1484 3729 1584 3771 pro,
1614 3724 1806 3772 quartum
1830 3715 2000 3759 demum
2033 3718 2166 3760 Cretae
2186 3718 2386 3774 assignat;
2424 3718 2603 3774 denique
2632 3723 2745 3775 punt>

1484 3787 1639 3834 septem
1663 3779 1749 3821 illas
1771 3781 1969 3822 maximas
1991 3780 2181 3836 proxime
2208 3781 2324 3837 sequi
2346 3781 2404 3823 ait
2425 3778 2624 3836 majorem
2643 3780 2741 3832 Bn·j
2779 3790 2782 3792 ’

1483 3839 1684 3883 learidum
1706 3844 1722 3896 (
1742 3843 1860 3885 sicuti
1889 3843 2062 3886 Aristot.
2085 3842 2237 3886 Mirab.
2272 3858 2311 3885 c.
2332 3844 2386 3898 89
2404 3844 2438 3897 ).
2458 3843 2649 3886 neretum
2663 3835 2727 3884 et(
2774 3882 2778 3887 .

1483 3900 1536 3944 de
1557 3902 1620 3945 his
1648 3906 1847 3947 marcian.
1880 3920 1922 3962 p.
1944 3922 1968 3961 9
1986 3913 2027 3947 et
2046 3904 2262 3961 Agathem.
2279 3919 2323 3962 p.
2343 3908 2413 3955 46.
2773 3931 2777 3951 ;

1225 4004 1665 4034 -αοοῡ-ᾕ-
2334 4022 2347 4031 .
2750 3993 2774 4031 1
