<?xml version="1.0" encoding="UTF-8"?>
<!DOCTYPE html PUBLIC "-//W3C//DTD XHTML 1.0 Transitional//EN"
    "http://www.w3.org/TR/xhtml1/DTD/xhtml1-transitional.dtd">
<html xmlns="http://www.w3.org/1999/xhtml" xml:lang="en" lang="en">
 <head>
  <title>
</title>
<meta http-equiv="Content-Type" content="text/html;charset=utf-8" />
  <meta name='ocr-system' content='tesseract 3.04.00' />
  <meta name='ocr-capabilities' content='ocr_page ocr_carea ocr_par ocr_line ocrx_word'/>
</head>
<body>
  <div class='ocr_page' id='page_1' title='image "./geographigraeci00mueluoft_0067.png"; bbox 0 0 2756 4354; ppageno 0'>
   <div class='ocr_carea' id='block_1_1' title="bbox 0 0 77 237">
    <p class='ocr_par' dir='ltr' id='par_1_1' title="bbox 0 0 77 237">
     <span class='ocr_line' id='line_1_1' title="bbox 0 0 77 237; baseline 0 0"><span class='ocrx_word' id='word_1_1' title='bbox 0 0 77 237; x_wconf 95' lang='lat' dir='ltr'><em>  </em></span> 
     </span>
    </p>
   </div>
   <div class='ocr_carea' id='block_1_2' title="bbox 57 261 1302 778">
    <p class='ocr_par' dir='ltr' id='par_1_2' title="bbox 29 261 1302 778">
     <span class='ocr_line' id='line_1_2' title="bbox 73 261 1302 329; baseline -0.008 -15.269"><span class='ocrx_word' id='word_1_2' title='bbox 73 279 220 329; x_wconf 83' lang='lat' dir='ltr'><em>gestas</em></span> <span class='ocrx_word' id='word_1_3' title='bbox 251 267 385 314; x_wconf 88' lang='lat' dir='ltr'><em>etiam</em></span> <span class='ocrx_word' id='word_1_4' title='bbox 418 265 514 309; x_wconf 84' lang='lat' dir='ltr'><em>haec</em></span> <span class='ocrx_word' id='word_1_5' title='bbox 534 261 675 307; x_wconf 90' lang='lat' dir='ltr'><em>habes</em></span> <span class='ocrx_word' id='word_1_6' title='bbox 709 275 720 304; x_wconf 73' lang='grc' dir='ltr'><strong><em>ε</em></strong></span> <span class='ocrx_word' id='word_1_7' title='bbox 750 261 1033 313; x_wconf 73' lang='lat' dir='ltr'><em>Ptolemaeus,</em></span> <span class='ocrx_word' id='word_1_8' title='bbox 1064 261 1302 317; x_wconf 79' lang='lat' dir='ltr'><em>Euergetes</em></span> 
     </span>
     <span class='ocr_line' id='line_1_3' title="bbox 57 336 1295 404; baseline -0.01 -15.288"><span class='ocrx_word' id='word_1_9' title='bbox 57 347 396 404; x_wconf 74' lang='lat' dir='ltr'><em>&#39;cognominatus</em></span> <span class='ocrx_word' id='word_1_10' title='bbox 412 340 467 384; x_wconf 85' lang='lat' dir='ltr'><em>ob</em></span> <span class='ocrx_word' id='word_1_11' title='bbox 487 340 669 381; x_wconf 86' lang='lat' dir='ltr'><em>nimiam</em></span> <span class='ocrx_word' id='word_1_12' title='bbox 688 336 991 379; x_wconf 80' lang='lat' dir='ltr'><em>crudelitatem</em></span> <span class='ocrx_word' id='word_1_13' title='bbox 1009 338 1101 378; x_wconf 85' lang='lat' dir='ltr'><em>suis</em></span> <span class='ocrx_word' id='word_1_14' title='bbox 1121 338 1295 388; x_wconf 82' lang='lat' dir='ltr'><em>invisus,</em></span> 
     </span>
     <span class='ocr_line' id='line_1_4' title="bbox 73 409 1302 475; baseline -0.01 -10"><span class='ocrx_word' id='word_1_15' title='bbox 73 425 248 464; x_wconf 87' lang='lat' dir='ltr'><em>incensa</em></span> <span class='ocrx_word' id='word_1_16' title='bbox 265 433 295 460; x_wconf 92' lang='lat' dir='ltr'><em>a</em></span> <span class='ocrx_word' id='word_1_17' title='bbox 310 417 472 475; x_wconf 79' lang='lat' dir='ltr'><em>populo</em></span> <span class='ocrx_word' id='word_1_18' title='bbox 489 417 634 470; x_wconf 76' lang='lat' dir='ltr'><em>regia,</em></span> <span class='ocrx_word' id='word_1_19' title='bbox 655 414 772 455; x_wconf 90' lang='lat' dir='ltr'><em>clam</em></span> <span class='ocrx_word' id='word_1_20' title='bbox 795 412 986 470; x_wconf 81' lang='lat' dir='ltr'><em>Cyprum</em></span> <span class='ocrx_word' id='word_1_21' title='bbox 1002 409 1232 470; x_wconf 82' lang='lat' dir='ltr'><em>profugit;</em></span> <span class='ocrx_word' id='word_1_22' title='bbox 1259 420 1302 453; x_wconf 90' lang='lat' dir='ltr'><em>et</em></span> 
     </span>
     <span class='ocr_line' id='line_1_5' title="bbox 73 489 1302 554; baseline -0.009 -15"><span class='ocrx_word' id='word_1_23' title='bbox 73 510 202 554; x_wconf 84' lang='lat' dir='ltr'><em>quum</em></span> <span class='ocrx_word' id='word_1_24' title='bbox 227 495 363 537; x_wconf 76' lang='lat' dir='ltr'><em>sorori</em></span> <span class='ocrx_word' id='word_1_25' title='bbox 391 494 486 546; x_wconf 68' lang='lat' dir='ltr'><em>qius</em></span> <span class='ocrx_word' id='word_1_26' title='bbox 515 490 551 533; x_wconf 94' lang='lat' dir='ltr'><em>C</em></span> <span class='ocrx_word' id='word_1_27' title='bbox 554 491 782 547; x_wconf 81' lang='lat' dir='ltr'><em>leopatroe,</em></span> <span class='ocrx_word' id='word_1_28' title='bbox 807 503 951 546; x_wconf 84' lang='lat' dir='ltr'><em>quam,</em></span> <span class='ocrx_word' id='word_1_29' title='bbox 971 489 1074 541; x_wconf 86' lang='lat' dir='ltr'><em>filia</em></span> <span class='ocrx_word' id='word_1_30' title='bbox 1091 491 1186 542; x_wconf 86' lang='lat' dir='ltr'><em>ejus</em></span> <span class='ocrx_word' id='word_1_31' title='bbox 1211 490 1302 530; x_wconf 80' lang='lat' dir='ltr'><em>vir·</em></span> 
     </span>
     <span class='ocr_line' id='line_1_6' title="bbox 71 564 1302 629; baseline -0.008 -14"><span class='ocrx_word' id='word_1_32' title='bbox 71 576 177 629; x_wconf 69' lang='lat' dir='ltr'><em>gine</em></span> <span class='ocrx_word' id='word_1_33' title='bbox 192 584 278 628; x_wconf 85' lang='lat' dir='ltr'><em>per</em></span> <span class='ocrx_word' id='word_1_34' title='bbox 292 571 387 611; x_wconf 84' lang='lat' dir='ltr'><em>vim</em></span> <span class='ocrx_word' id='word_1_35' title='bbox 408 581 654 624; x_wconf 84' lang='lat' dir='ltr'><em>compressa</em></span> <span class='ocrx_word' id='word_1_36' title='bbox 668 575 798 623; x_wconf 83' lang='lat' dir='ltr'><em>atque</em></span> <span class='ocrx_word' id='word_1_37' title='bbox 817 569 863 608; x_wconf 86' lang='lat' dir='ltr'><em>in</em></span> <span class='ocrx_word' id='word_1_38' title='bbox 883 567 1202 607; x_wconf 84' lang='lat' dir='ltr'><em>matrimonium</em></span> <span class='ocrx_word' id='word_1_39' title='bbox 1225 564 1302 606; x_wconf 88' lang='lat' dir='ltr'><em>du-</em></span> 
     </span>
     <span class='ocr_line' id='line_1_7' title="bbox 70 643 1297 707; baseline -0.006 -17"><span class='ocrx_word' id='word_1_40' title='bbox 70 656 158 699; x_wconf 89' lang='lat' dir='ltr'><em>cta,</em></span> <span class='ocrx_word' id='word_1_41' title='bbox 186 645 516 707; x_wconf 76' lang='lat' dir='ltr'><em>repudiaverat,</em></span> <span class='ocrx_word' id='word_1_42' title='bbox 541 658 720 702; x_wconf 84' lang='lat' dir='ltr'><em>regnum</em></span> <span class='ocrx_word' id='word_1_43' title='bbox 737 657 768 685; x_wconf 89' lang='lat' dir='ltr'><em>a</em></span> <span class='ocrx_word' id='word_1_44' title='bbox 789 643 957 700; x_wconf 82' lang='lat' dir='ltr'><em>populo</em></span> <span class='ocrx_word' id='word_1_45' title='bbox 979 643 1132 684; x_wconf 89' lang='lat' dir='ltr'><em>datum</em></span> <span class='ocrx_word' id='word_1_46' title='bbox 1159 650 1297 695; x_wconf 88' lang='lat' dir='ltr'><em>esset,</em></span> 
     </span>
     <span class='ocr_line' id='line_1_8' title="bbox 71 718 1300 778; baseline -0.006 -13"><span class='ocrx_word' id='word_1_47' title='bbox 71 720 266 777; x_wconf 80' lang='lat' dir='ltr'><em>infensus</em></span> <span class='ocrx_word' id='word_1_48' title='bbox 284 722 435 778; x_wconf 85' lang='lat' dir='ltr'><em>filium</em></span> <span class='ocrx_word' id='word_1_49' title='bbox 452 734 579 777; x_wconf 87' lang='lat' dir='ltr'><em>quem</em></span> <span class='ocrx_word' id='word_1_50' title='bbox 597 734 655 762; x_wconf 82' lang='lat' dir='ltr'><em>ex</em></span> <span class='ocrx_word' id='word_1_51' title='bbox 688 721 769 761; x_wconf 87' lang='lat' dir='ltr'><em>illa</em></span> <span class='ocrx_word' id='word_1_52' title='bbox 795 718 1008 771; x_wconf 77' lang='lat' dir='ltr'><em>habebat,</em></span> <span class='ocrx_word' id='word_1_53' title='bbox 1043 718 1174 774; x_wconf 81' lang='lat' dir='ltr'><em>Cypri</em></span> <span class='ocrx_word' id='word_1_54' title='bbox 1190 720 1300 759; x_wconf 88' lang='lat' dir='ltr'><em>occi·</em></span> 
     </span>
    </p>
   </div>
   <div class='ocr_carea' id='block_1_3' title="bbox 69 795 1342 855">
    <p class='ocr_par' dir='ltr' id='par_1_3' title="bbox 69 795 1342 855">
     <span class='ocr_line' id='line_1_9' title="bbox 69 795 1342 855; baseline -0.002 -15"><span class='ocrx_word' id='word_1_55' title='bbox 69 798 152 849; x_wconf 86' lang='lat' dir='ltr'><em>dit,</em></span> <span class='ocrx_word' id='word_1_56' title='bbox 180 806 394 855; x_wconf 81' lang='lat' dir='ltr'><em>caputque</em></span> <span class='ocrx_word' id='word_1_57' title='bbox 419 801 515 854; x_wconf 77' lang='lat' dir='ltr'><em>ejus</em></span> <span class='ocrx_word' id='word_1_58' title='bbox 540 805 585 838; x_wconf 87' lang='lat' dir='ltr'><em>et</em></span> <span class='ocrx_word' id='word_1_59' title='bbox 613 810 768 838; x_wconf 84' lang='lat' dir='ltr'><em>manus</em></span> <span class='ocrx_word' id='word_1_60' title='bbox 785 805 829 837; x_wconf 90' lang='lat' dir='ltr'><em>et</em></span> <span class='ocrx_word' id='word_1_61' title='bbox 839 795 980 853; x_wconf 82' lang='lat' dir='ltr'><em>pedes</em></span> <span class='ocrx_word' id='word_1_62' title='bbox 1009 797 1138 836; x_wconf 86' lang='lat' dir='ltr'><em>matri</em></span> <span class='ocrx_word' id='word_1_63' title='bbox 1166 797 1298 838; x_wconf 80' lang='lat' dir='ltr'><em>misit.</em></span> <span class='ocrx_word' id='word_1_64' title='bbox 1339 840 1342 842; x_wconf 76' lang='grc'><strong>,</strong></span> 
     </span>
    </p>
   </div>
   <div class='ocr_carea' id='block_1_4' title="bbox 0 867 1307 3655">
    <p class='ocr_par' dir='ltr' id='par_1_4' title="bbox 0 867 1304 2803">
     <span class='ocr_line' id='line_1_10' title="bbox 67 867 1298 929; baseline -0.002 -13"><span class='ocrx_word' id='word_1_65' title='bbox 67 871 214 916; x_wconf 90' lang='lat' dir='ltr'><em>Porro</em></span> <span class='ocrx_word' id='word_1_66' title='bbox 261 871 311 916; x_wconf 91' lang='lat' dir='ltr'><em>in</em></span> <span class='ocrx_word' id='word_1_67' title='bbox 355 869 548 915; x_wconf 91' lang='lat' dir='ltr'><em>Diodori</em></span> <span class='ocrx_word' id='word_1_68' title='bbox 604 868 842 929; x_wconf 86' lang='lat' dir='ltr'><em>Excerptis</em></span> <span class='ocrx_word' id='word_1_69' title='bbox 880 868 936 913; x_wconf 92' lang='lat' dir='ltr'><em>de</em></span> <span class='ocrx_word' id='word_1_70' title='bbox 973 867 1097 917; x_wconf 59' lang='lat' dir='ltr'><em>virt„</em></span> <span class='ocrx_word' id='word_1_71' title='bbox 1132 877 1176 911; x_wconf 92' lang='lat' dir='ltr'><em>et</em></span> <span class='ocrx_word' id='word_1_72' title='bbox 1215 868 1298 914; x_wconf 87' lang='lat' dir='ltr'><em>vit.</em></span> 
     </span>
     <span class='ocr_line' id='line_1_11' title="bbox 0 942 1303 1006; baseline -0.003 -16"><span class='ocrx_word' id='word_1_73' title='bbox 0 953 1 962; x_wconf 64' lang='lat'>¹</span> <span class='ocrx_word' id='word_1_74' title='bbox 69 945 83 1005; x_wconf 89' lang='lat'>(</span> <span class='ocrx_word' id='word_1_75' title='bbox 103 944 275 1002; x_wconf 90' lang='lat' dir='ltr'><strong>XXXV,</strong></span> <span class='ocrx_word' id='word_1_76' title='bbox 306 962 344 992; x_wconf 88' lang='grc'><em>0.</em></span> <span class='ocrx_word' id='word_1_77' title='bbox 395 951 448 998; x_wconf 75' lang='grc'><em>14</em></span> <span class='ocrx_word' id='word_1_78' title='bbox 470 961 519 1006; x_wconf 92' lang='lat' dir='ltr'><em>p.</em></span> <span class='ocrx_word' id='word_1_79' title='bbox 563 945 651 996; x_wconf 76' lang='lat'><em>542</em></span> <span class='ocrx_word' id='word_1_80' title='bbox 690 944 762 988; x_wconf 93' lang='lat' dir='ltr'><em>ed.</em></span> <span class='ocrx_word' id='word_1_81' title='bbox 797 943 952 989; x_wconf 89' lang='lat' dir='ltr'><em>Didot.</em></span> <span class='ocrx_word' id='word_1_82' title='bbox 976 943 990 1002; x_wconf 83' lang='lat'>)</span> <span class='ocrx_word' id='word_1_83' title='bbox 1032 942 1226 987; x_wconf 88' lang='lat' dir='ltr'><em>historia</em></span> <span class='ocrx_word' id='word_1_84' title='bbox 1247 942 1303 986; x_wconf 92' lang='lat' dir='ltr'><em>de</em></span> 
     </span>
     <span class='ocr_line' id='line_1_12' title="bbox 67 1020 1303 1081; baseline -0.002 -14"><span class='ocrx_word' id='word_1_85' title='bbox 67 1021 312 1068; x_wconf 84' lang='lat' dir='ltr'><em>Ptolemaeo</em></span> <span class='ocrx_word' id='word_1_86' title='bbox 334 1022 421 1068; x_wconf 88' lang='lat' dir='ltr'><em>filii</em></span> <span class='ocrx_word' id='word_1_87' title='bbox 442 1022 719 1067; x_wconf 82' lang='lat' dir='ltr'><em>occisoreita</em></span> <span class='ocrx_word' id='word_1_88' title='bbox 732 1020 999 1076; x_wconf 87' lang='lat' dir='ltr'><em>collocatur,</em></span> <span class='ocrx_word' id='word_1_89' title='bbox 1022 1030 1072 1064; x_wconf 92' lang='lat' dir='ltr'><em>ut</em></span> <span class='ocrx_word' id='word_1_90' title='bbox 1093 1020 1303 1081; x_wconf 85' lang='lat' dir='ltr'>proxime</span> 
     </span>
     <span class='ocr_line' id='line_1_13' title="bbox 69 1095 1302 1158; baseline -0.002 -15"><span class='ocrx_word' id='word_1_91' title='bbox 69 1108 284 1158; x_wconf 88' lang='lat' dir='ltr'><em>sequatur</em></span> <span class='ocrx_word' id='word_1_92' title='bbox 304 1097 607 1156; x_wconf 82' lang='lat' dir='ltr'><em>fragmentum</em></span> <span class='ocrx_word' id='word_1_93' title='bbox 625 1097 680 1141; x_wconf 94' lang='lat' dir='ltr'><em>de</em></span> <span class='ocrx_word' id='word_1_94' title='bbox 703 1096 919 1153; x_wconf 82' lang='lat' dir='ltr'><em>Antiochi</em></span> <span class='ocrx_word' id='word_1_95' title='bbox 936 1095 1096 1140; x_wconf 89' lang='lat' dir='ltr'><em>Sidetae</em></span> <span class='ocrx_word' id='word_1_96' title='bbox 1114 1095 1212 1140; x_wconf 87' lang='lat' dir='ltr'><em>sive</em></span> <span class='ocrx_word' id='word_1_97' title='bbox 1227 1095 1302 1140; x_wconf 92' lang='lat' dir='ltr'><em>Pii</em></span> 
     </span>
     <span class='ocr_line' id='line_1_14' title="bbox 67 1170 1298 1232; baseline -0.004 -14"><span class='ocrx_word' id='word_1_98' title='bbox 67 1173 190 1218; x_wconf 91' lang='lat' dir='ltr'><em>bello</em></span> <span class='ocrx_word' id='word_1_99' title='bbox 232 1173 449 1218; x_wconf 88' lang='lat' dir='ltr'><em>Parthico</em></span> <span class='ocrx_word' id='word_1_100' title='bbox 492 1174 595 1232; x_wconf 90' lang='lat' dir='ltr'><em>(an.</em></span> <span class='ocrx_word' id='word_1_101' title='bbox 641 1173 845 1229; x_wconf 83' lang='lat'>129-128</span> <span class='ocrx_word' id='word_1_102' title='bbox 891 1186 980 1216; x_wconf 88' lang='lat' dir='ltr'><em>sec.</em></span> <span class='ocrx_word' id='word_1_103' title='bbox 1016 1170 1246 1230; x_wconf 85' lang='lat' dir='ltr'><em>Porphyr.</em></span> <span class='ocrx_word' id='word_1_104' title='bbox 1266 1170 1298 1229; x_wconf 87' lang='lat'><em>),</em></span> 
     </span>
     <span class='ocr_line' id='line_1_15' title="bbox 70 1243 1304 1305; baseline -0.002 -13"><span class='ocrx_word' id='word_1_105' title='bbox 70 1249 303 1294; x_wconf 85' lang='lat' dir='ltr'><em>antecedat</em></span> <span class='ocrx_word' id='word_1_106' title='bbox 328 1257 476 1293; x_wconf 89' lang='lat' dir='ltr'><em>autem</em></span> <span class='ocrx_word' id='word_1_107' title='bbox 501 1248 550 1292; x_wconf 91' lang='lat' dir='ltr'><em>in</em></span> <span class='ocrx_word' id='word_1_108' title='bbox 570 1246 732 1291; x_wconf 90' lang='lat' dir='ltr'><em>iisdem</em></span> <span class='ocrx_word' id='word_1_109' title='bbox 754 1246 978 1305; x_wconf 84' lang='lat' dir='ltr'><em>excerptis</em></span> <span class='ocrx_word' id='word_1_110' title='bbox 1004 1243 1017 1303; x_wconf 94' lang='lat'>(</span> <span class='ocrx_word' id='word_1_111' title='bbox 1041 1261 1141 1305; x_wconf 90' lang='lat' dir='ltr'><em>cap.</em></span> <span class='ocrx_word' id='word_1_112' title='bbox 1166 1244 1219 1305; x_wconf 89' lang='lat'><em>8)</em></span> <span class='ocrx_word' id='word_1_113' title='bbox 1242 1245 1304 1290; x_wconf 92' lang='lat' dir='ltr'><em>lo-</em></span> 
     </span>
     <span class='ocr_line' id='line_1_16' title="bbox 70 1319 1300 1380; baseline -0.004 -12"><span class='ocrx_word' id='word_1_114' title='bbox 70 1339 148 1368; x_wconf 92' lang='lat' dir='ltr'><em>cus</em></span> <span class='ocrx_word' id='word_1_115' title='bbox 168 1323 225 1368; x_wconf 86' lang='lat' dir='ltr'><em>ad</em></span> <span class='ocrx_word' id='word_1_116' title='bbox 261 1323 429 1368; x_wconf 88' lang='lat' dir='ltr'><em>servile</em></span> <span class='ocrx_word' id='word_1_117' title='bbox 451 1322 501 1366; x_wconf 90' lang='lat' dir='ltr'><em>in</em></span> <span class='ocrx_word' id='word_1_118' title='bbox 538 1321 697 1366; x_wconf 87' lang='lat' dir='ltr'>Sicilia</span> <span class='ocrx_word' id='word_1_119' title='bbox 725 1320 899 1365; x_wconf 90' lang='lat' dir='ltr'><em>bellum</em></span> <span class='ocrx_word' id='word_1_120' title='bbox 930 1319 1164 1380; x_wconf 83' lang='lat' dir='ltr'><em>pertinens</em></span> <span class='ocrx_word' id='word_1_121' title='bbox 1201 1320 1300 1379; x_wconf 89' lang='lat' dir='ltr'><em>(an.</em></span> 
     </span>
     <span class='ocr_line' id='line_1_17' title="bbox 38 1393 1301 1457; baseline -0.002 -14"><span class='ocrx_word' id='word_1_122' title='bbox 38 1417 45 1425; x_wconf 92' lang='lat'><em>·</em></span> <span class='ocrx_word' id='word_1_123' title='bbox 73 1398 268 1451; x_wconf 80' lang='lat'>134-132</span> <span class='ocrx_word' id='word_1_124' title='bbox 286 1396 317 1457; x_wconf 92' lang='lat'><em>),</em></span> <span class='ocrx_word' id='word_1_125' title='bbox 351 1400 486 1456; x_wconf 76' lang='lat' dir='ltr'><em>atque</em></span> <span class='ocrx_word' id='word_1_126' title='bbox 523 1397 638 1440; x_wconf 88' lang='lat' dir='ltr'><em>alius</em></span> <span class='ocrx_word' id='word_1_127' title='bbox 675 1396 689 1455; x_wconf 86' lang='lat'>(</span> <span class='ocrx_word' id='word_1_128' title='bbox 719 1411 818 1456; x_wconf 83' lang='lat' dir='ltr'><em>cap.</em></span> <span class='ocrx_word' id='word_1_129' title='bbox 856 1394 915 1454; x_wconf 91' lang='lat'><em>9)</em></span> <span class='ocrx_word' id='word_1_130' title='bbox 953 1394 1016 1439; x_wconf 87' lang='lat' dir='ltr'><em>de·</em></span> <span class='ocrx_word' id='word_1_131' title='bbox 1039 1394 1132 1440; x_wconf 87' lang='lat' dir='ltr'><em>aris</em></span> <span class='ocrx_word' id='word_1_132' title='bbox 1171 1393 1301 1440; x_wconf 87' lang='lat' dir='ltr'><em>Jovis</em></span> 
     </span>
     <span class='ocr_line' id='line_1_18' title="bbox 67 1470 1301 1532; baseline -0.001 -14"><span class='ocrx_word' id='word_1_133' title='bbox 67 1473 224 1518; x_wconf 84' lang='lat' dir='ltr'><em>AEtnaei</em></span> <span class='ocrx_word' id='word_1_134' title='bbox 254 1473 404 1517; x_wconf 90' lang='lat' dir='ltr'><em>denuo</em></span> <span class='ocrx_word' id='word_1_135' title='bbox 428 1472 730 1532; x_wconf 87' lang='lat' dir='ltr'><em>consecratis,</em></span> <span class='ocrx_word' id='word_1_136' title='bbox 770 1471 850 1532; x_wconf 90' lang='lat' dir='ltr'><em>qui</em></span> <span class='ocrx_word' id='word_1_137' title='bbox 874 1471 1059 1531; x_wconf 90' lang='lat' dir='ltr'><em>quidem</em></span> <span class='ocrx_word' id='word_1_138' title='bbox 1083 1486 1140 1516; x_wconf 89' lang='lat' dir='ltr'><em>ex</em></span> <span class='ocrx_word' id='word_1_139' title='bbox 1164 1470 1301 1517; x_wconf 90' lang='lat' dir='ltr'><em>rebus</em></span> 
     </span>
     <span class='ocr_line' id='line_1_19' title="bbox 69 1545 1300 1613; baseline -0.002 -20"><span class='ocrx_word' id='word_1_140' title='bbox 69 1548 174 1613; x_wconf 72' lang='lat' dir='ltr'><em>anni</em></span> <span class='ocrx_word' id='word_1_141' title='bbox 214 1548 293 1592; x_wconf 81' lang='lat'><em>131</em></span> <span class='ocrx_word' id='word_1_142' title='bbox 327 1547 497 1607; x_wconf 90' lang='lat' dir='ltr'><em>petitus</em></span> <span class='ocrx_word' id='word_1_143' title='bbox 513 1562 610 1592; x_wconf 90' lang='lat' dir='ltr'><em>esse</em></span> <span class='ocrx_word' id='word_1_144' title='bbox 629 1546 778 1603; x_wconf 88' lang='lat' dir='ltr'><em>debet,</em></span> <span class='ocrx_word' id='word_1_145' title='bbox 810 1562 950 1607; x_wconf 92' lang='lat' dir='ltr'><em>quum</em></span> <span class='ocrx_word' id='word_1_146' title='bbox 973 1556 1079 1607; x_wconf 91' lang='lat' dir='ltr'><em>post</em></span> <span class='ocrx_word' id='word_1_147' title='bbox 1100 1545 1300 1592; x_wconf 90' lang='lat' dir='ltr'><em>debella-</em></span> 
     </span>
     <span class='ocr_line' id='line_1_20' title="bbox 68 1620 1301 1681; baseline 0 -14"><span class='ocrx_word' id='word_1_148' title='bbox 68 1632 136 1668; x_wconf 91' lang='lat' dir='ltr'><em>tos</em></span> <span class='ocrx_word' id='word_1_149' title='bbox 159 1622 339 1668; x_wconf 90' lang='lat' dir='ltr'><em>demum</em></span> <span class='ocrx_word' id='word_1_150' title='bbox 358 1637 516 1668; x_wconf 90' lang='lat' dir='ltr'><em>servos</em></span> <span class='ocrx_word' id='word_1_151' title='bbox 536 1623 699 1681; x_wconf 87' lang='lat' dir='ltr'><em>religio</em></span> <span class='ocrx_word' id='word_1_152' title='bbox 722 1622 881 1667; x_wconf 85' lang='lat' dir='ltr'><em>AEtnaei</em></span> <span class='ocrx_word' id='word_1_153' title='bbox 896 1622 1029 1668; x_wconf 87' lang='lat' dir='ltr'><em>Jovis</em></span> <span class='ocrx_word' id='word_1_154' title='bbox 1051 1620 1301 1668; x_wconf 68' lang='lat' dir='ltr'><em>insta‘urari</em></span> 
     </span>
     <span class='ocr_line' id='line_1_21' title="bbox 67 1697 1300 1758; baseline 0.001 -17"><span class='ocrx_word' id='word_1_155' title='bbox 67 1698 284 1758; x_wconf 87' lang='lat' dir='ltr'><em>potuerit.</em></span> <span class='ocrx_word' id='word_1_156' title='bbox 302 1697 371 1742; x_wconf 88' lang='lat' dir='ltr'><em>Ex</em></span> <span class='ocrx_word' id='word_1_157' title='bbox 396 1697 470 1742; x_wconf 92' lang='lat' dir='ltr'><em>his</em></span> <span class='ocrx_word' id='word_1_158' title='bbox 493 1697 636 1756; x_wconf 90' lang='lat' dir='ltr'><em>igitur</em></span> <span class='ocrx_word' id='word_1_159' title='bbox 660 1698 768 1743; x_wconf 89' lang='lat' dir='ltr'><em>satis</em></span> <span class='ocrx_word' id='word_1_160' title='bbox 805 1698 1080 1756; x_wconf 87' lang='lat' dir='ltr'><em>intelligitur</em></span> <span class='ocrx_word' id='word_1_161' title='bbox 1103 1697 1158 1742; x_wconf 89' lang='lat' dir='ltr'><em>de</em></span> <span class='ocrx_word' id='word_1_162' title='bbox 1182 1713 1300 1742; x_wconf 90' lang='lat' dir='ltr'><em>anno</em></span> 
     </span>
     <span class='ocr_line' id='line_1_22' title="bbox 69 1772 1299 1834; baseline -0.002 -15"><span class='ocrx_word' id='word_1_163' title='bbox 69 1789 159 1833; x_wconf 90' lang='lat' dir='ltr'><em>quo</em></span> <span class='ocrx_word' id='word_1_164' title='bbox 187 1773 459 1834; x_wconf 89' lang='lat' dir='ltr'><em>Memphites</em></span> <span class='ocrx_word' id='word_1_165' title='bbox 482 1783 717 1819; x_wconf 90' lang='lat' dir='ltr'><em>truncatus</em></span> <span class='ocrx_word' id='word_1_166' title='bbox 737 1773 796 1818; x_wconf 87' lang='lat' dir='ltr'><em>sit</em></span> <span class='ocrx_word' id='word_1_167' title='bbox 824 1773 1076 1818; x_wconf 90' lang='lat' dir='ltr'><em>Diodorum</em></span> <span class='ocrx_word' id='word_1_168' title='bbox 1099 1788 1199 1818; x_wconf 90' lang='lat' dir='ltr'><em>cum</em></span> <span class='ocrx_word' id='word_1_169' title='bbox 1225 1772 1299 1817; x_wconf 92' lang='lat' dir='ltr'><em>Li·</em></span> 
     </span>
     <span class='ocr_line' id='line_1_23' title="bbox 67 1847 1301 1909; baseline -0.002 -14"><span class='ocrx_word' id='word_1_170' title='bbox 67 1854 146 1895; x_wconf 87' lang='lat' dir='ltr'><em>vio</em></span> <span class='ocrx_word' id='word_1_171' title='bbox 167 1850 438 1896; x_wconf 90' lang='lat' dir='ltr'><em>consentire.</em></span> <span class='ocrx_word' id='word_1_172' title='bbox 462 1849 664 1909; x_wconf 79' lang='lat' dir='ltr'><em>Uterque</em></span> <span class='ocrx_word' id='word_1_173' title='bbox 681 1859 839 1894; x_wconf 85' lang='lat' dir='ltr'>auctor</span> <span class='ocrx_word' id='word_1_174' title='bbox 856 1849 905 1893; x_wconf 92' lang='lat' dir='ltr'><em>in</em></span> <span class='ocrx_word' id='word_1_175' title='bbox 920 1847 1060 1908; x_wconf 88' lang='lat' dir='ltr'><em>hujus</em></span> <span class='ocrx_word' id='word_1_176' title='bbox 1083 1849 1301 1908; x_wconf 88' lang='lat' dir='ltr'><em>temporis</em></span> 
     </span>
     <span class='ocr_line' id='line_1_24' title="bbox 67 1924 1299 1987; baseline -0.003 -15"><span class='ocrx_word' id='word_1_177' title='bbox 67 1926 204 1972; x_wconf 86' lang='lat' dir='ltr'><em>rebus</em></span> <span class='ocrx_word' id='word_1_178' title='bbox 239 1927 386 1987; x_wconf 83' lang='lat' dir='ltr'><em>Syriis</em></span> <span class='ocrx_word' id='word_1_179' title='bbox 419 1937 463 1971; x_wconf 91' lang='lat' dir='ltr'><em>et</em></span> <span class='ocrx_word' id='word_1_180' title='bbox 498 1927 723 1987; x_wconf 86' lang='lat' dir='ltr'><em>AEgyptiis</em></span> <span class='ocrx_word' id='word_1_181' title='bbox 768 1925 1070 1971; x_wconf 89' lang='lat' dir='ltr'>Posidonium</span> <span class='ocrx_word' id='word_1_182' title='bbox 1084 1959 1095 1980; x_wconf 92' lang='lat'><em>,</em></span> <span class='ocrx_word' id='word_1_183' title='bbox 1139 1924 1299 1969; x_wconf 91' lang='lat' dir='ltr'><em>ducem</em></span> 
     </span>
     <span class='ocr_line' id='line_1_25' title="bbox 68 2002 1299 2063; baseline -0.003 -15"><span class='ocrx_word' id='word_1_184' title='bbox 68 2005 310 2063; x_wconf 82' lang='lat' dir='ltr'><em>optimum,</em></span> <span class='ocrx_word' id='word_1_185' title='bbox 328 2003 459 2063; x_wconf 91' lang='lat' dir='ltr'><em>sequi</em></span> <span class='ocrx_word' id='word_1_186' title='bbox 476 2004 605 2048; x_wconf 88' lang='lat' dir='ltr'><em>solet.</em></span> <span class='ocrx_word' id='word_1_187' title='bbox 629 2002 749 2047; x_wconf 92' lang='lat' dir='ltr'><em>Illud</em></span> <span class='ocrx_word' id='word_1_188' title='bbox 766 2013 916 2047; x_wconf 89' lang='lat' dir='ltr'><em>tamen</em></span> <span class='ocrx_word' id='word_1_189' title='bbox 934 2002 1171 2062; x_wconf 86' lang='lat' dir='ltr'><em>quaeritur,</em></span> <span class='ocrx_word' id='word_1_190' title='bbox 1192 2017 1299 2048; x_wconf 90' lang='lat' dir='ltr'><em>num</em></span> 
     </span>
     <span class='ocr_line' id='line_1_26' title="bbox 69 2079 1302 2140; baseline -0.002 -16"><span class='ocrx_word' id='word_1_191' title='bbox 69 2079 173 2139; x_wconf 83' lang='lat' dir='ltr'><em>fuga</em></span> <span class='ocrx_word' id='word_1_192' title='bbox 194 2095 376 2140; x_wconf 90' lang='lat' dir='ltr'><em>quoque</em></span> <span class='ocrx_word' id='word_1_193' title='bbox 397 2079 631 2124; x_wconf 83' lang='lat' dir='ltr'><em>Ptolemaei</em></span> <span class='ocrx_word' id='word_1_194' title='bbox 649 2079 705 2124; x_wconf 90' lang='lat' dir='ltr'><em>ad</em></span> <span class='ocrx_word' id='word_1_195' title='bbox 724 2079 916 2124; x_wconf 90' lang='lat' dir='ltr'><em>eundem</em></span> <span class='ocrx_word' id='word_1_196' title='bbox 935 2094 1103 2123; x_wconf 88' lang='lat' dir='ltr'><em>annum</em></span> <span class='ocrx_word' id='word_1_197' title='bbox 1126 2082 1212 2124; x_wconf 84' lang='lat'><em>130</em></span> <span class='ocrx_word' id='word_1_198' title='bbox 1233 2093 1302 2122; x_wconf 91' lang='lat' dir='ltr'><em>re-</em></span> 
     </span>
     <span class='ocr_line' id='line_1_27' title="bbox 66 2155 1300 2215; baseline -0.002 -14"><span class='ocrx_word' id='word_1_199' title='bbox 66 2155 252 2206; x_wconf 76' lang='lat' dir='ltr'><em>ferenda</em></span> <span class='ocrx_word' id='word_1_200' title='bbox 271 2157 330 2201; x_wconf 89' lang='lat' dir='ltr'><em>sit</em></span> <span class='ocrx_word' id='word_1_201' title='bbox 345 2193 357 2214; x_wconf 79' lang='lat'><strong>‚</strong></span> <span class='ocrx_word' id='word_1_202' title='bbox 378 2171 435 2200; x_wconf 90' lang='lat' dir='ltr'><em>an</em></span> <span class='ocrx_word' id='word_1_203' title='bbox 469 2156 523 2200; x_wconf 90' lang='lat' dir='ltr'><em>ad</em></span> <span class='ocrx_word' id='word_1_204' title='bbox 548 2156 884 2209; x_wconf 83' lang='lat' dir='ltr'><em>antecedentem</em></span> <span class='ocrx_word' id='word_1_205' title='bbox 912 2156 1162 2215; x_wconf 83' lang='lat' dir='ltr'><em>pertineat,</em></span> <span class='ocrx_word' id='word_1_206' title='bbox 1189 2155 1300 2200; x_wconf 91' lang='lat' dir='ltr'><em>adeo</em></span> 
     </span>
     <span class='ocr_line' id='line_1_28' title="bbox 67 2231 1302 2293; baseline -0.002 -16"><span class='ocrx_word' id='word_1_207' title='bbox 67 2243 119 2277; x_wconf 90' lang='lat' dir='ltr'><em>ut</em></span> <span class='ocrx_word' id='word_1_208' title='bbox 139 2233 295 2293; x_wconf 85' lang='lat' dir='ltr'><em>paullo</em></span> <span class='ocrx_word' id='word_1_209' title='bbox 337 2233 472 2276; x_wconf 88' lang='lat' dir='ltr'><em>altius</em></span> <span class='ocrx_word' id='word_1_210' title='bbox 495 2231 658 2276; x_wconf 90' lang='lat' dir='ltr'><em>Livius</em></span> <span class='ocrx_word' id='word_1_211' title='bbox 693 2247 790 2276; x_wconf 89' lang='lat' dir='ltr'><em>rem</em></span> <span class='ocrx_word' id='word_1_212' title='bbox 824 2232 1100 2291; x_wconf 81' lang='lat' dir='ltr'><em>repetiverit.</em></span> <span class='ocrx_word' id='word_1_213' title='bbox 1122 2231 1218 2275; x_wconf 91' lang='lat' dir='ltr'><em>Hoc</em></span> <span class='ocrx_word' id='word_1_214' title='bbox 1252 2241 1302 2275; x_wconf 89' lang='lat' dir='ltr'><em>ut</em></span> 
     </span>
     <span class='ocr_line' id='line_1_29' title="bbox 68 2305 1297 2366; baseline -0.002 -14"><span class='ocrx_word' id='word_1_215' title='bbox 68 2308 324 2363; x_wconf 87' lang='lat' dir='ltr'><em>credamus,</em></span> <span class='ocrx_word' id='word_1_216' title='bbox 338 2308 443 2351; x_wconf 86' lang='lat' dir='ltr'><em>facit</em></span> <span class='ocrx_word' id='word_1_217' title='bbox 458 2307 689 2366; x_wconf 89' lang='lat' dir='ltr'><em>Diodorus</em></span> <span class='ocrx_word' id='word_1_218' title='bbox 703 2305 913 2362; x_wconf 86' lang='lat' dir='ltr'><strong>XXXIII,</strong></span> <span class='ocrx_word' id='word_1_219' title='bbox 927 2308 953 2350; x_wconf 91' lang='lat'>6</span> <span class='ocrx_word' id='word_1_220' title='bbox 963 2323 1007 2365; x_wconf 92' lang='lat' dir='ltr'><em>p.</em></span> <span class='ocrx_word' id='word_1_221' title='bbox 1026 2305 1113 2360; x_wconf 75' lang='lat'><em>524</em></span> <span class='ocrx_word' id='word_1_222' title='bbox 1126 2306 1297 2360; x_wconf 84' lang='lat' dir='ltr'><em>Didot.,</em></span> 
     </span>
     <span class='ocr_line' id='line_1_30' title="bbox 69 2381 1300 2443; baseline -0.002 -16"><span class='ocrx_word' id='word_1_223' title='bbox 69 2385 150 2443; x_wconf 89' lang='lat' dir='ltr'><em>qui</em></span> <span class='ocrx_word' id='word_1_224' title='bbox 167 2398 307 2442; x_wconf 90' lang='lat' dir='ltr'><em>quum</em></span> <span class='ocrx_word' id='word_1_225' title='bbox 330 2383 626 2427; x_wconf 78' lang='lat' dir='ltr'><em>Ptolemaeum</em></span> <span class='ocrx_word' id='word_1_226' title='bbox 647 2397 859 2440; x_wconf 86' lang='lat' dir='ltr'><em>regnasse</em></span> <span class='ocrx_word' id='word_1_227' title='bbox 879 2397 1022 2426; x_wconf 89' lang='lat' dir='ltr'><em>annos</em></span> <span class='ocrx_word' id='word_1_228' title='bbox 1039 2381 1300 2440; x_wconf 86' lang='lat' dir='ltr'><em>quindecim</em></span> 
     </span>
     <span class='ocr_line' id='line_1_31' title="bbox 69 2455 1298 2520; baseline -0.004 -17"><span class='ocrx_word' id='word_1_229' title='bbox 69 2459 249 2520; x_wconf 89' lang='lat' dir='ltr'><em>prodat,</em></span> <span class='ocrx_word' id='word_1_230' title='bbox 275 2459 425 2516; x_wconf 89' lang='lat' dir='ltr'><em>fugam</em></span> <span class='ocrx_word' id='word_1_231' title='bbox 446 2457 545 2517; x_wconf 85' lang='lat' dir='ltr'><em>ejus</em></span> <span class='ocrx_word' id='word_1_232' title='bbox 569 2457 725 2502; x_wconf 91' lang='lat' dir='ltr'><em>retulit</em></span> <span class='ocrx_word' id='word_1_233' title='bbox 742 2457 815 2501; x_wconf 88' lang='lat' dir='ltr'><em>vel</em></span> <span class='ocrx_word' id='word_1_234' title='bbox 842 2456 898 2500; x_wconf 90' lang='lat' dir='ltr'><em>ad</em></span> <span class='ocrx_word' id='word_1_235' title='bbox 919 2457 1052 2500; x_wconf 88' lang='lat' dir='ltr'><em>finem</em></span> <span class='ocrx_word' id='word_1_236' title='bbox 1078 2455 1186 2499; x_wconf 89' lang='lat' dir='ltr'><em>anni</em></span> <span class='ocrx_word' id='word_1_237' title='bbox 1215 2457 1298 2499; x_wconf 83' lang='lat'><em>132</em></span> 
     </span>
     <span class='ocr_line' id='line_1_32' title="bbox 68 2530 1301 2591; baseline -0.004 -13"><span class='ocrx_word' id='word_1_238' title='bbox 68 2536 141 2579; x_wconf 89' lang='lat' dir='ltr'><em>vel</em></span> <span class='ocrx_word' id='word_1_239' title='bbox 166 2534 222 2578; x_wconf 92' lang='lat' dir='ltr'><em>ad</em></span> <span class='ocrx_word' id='word_1_240' title='bbox 252 2533 438 2578; x_wconf 90' lang='lat' dir='ltr'><em>initium</em></span> <span class='ocrx_word' id='word_1_241' title='bbox 477 2534 585 2577; x_wconf 91' lang='lat' dir='ltr'><em>anni</em></span> <span class='ocrx_word' id='word_1_242' title='bbox 619 2533 867 2591; x_wconf 89' lang='lat' dir='ltr'><em>sequentis.</em></span> <span class='ocrx_word' id='word_1_243' title='bbox 895 2559 957 2565; x_wconf 80' lang='lat'><em>-—</em></span> <span class='ocrx_word' id='word_1_244' title='bbox 980 2531 1127 2589; x_wconf 88' lang='lat' dir='ltr'><em>Igitur</em></span> <span class='ocrx_word' id='word_1_245' title='bbox 1150 2530 1301 2573; x_wconf 91' lang='lat' dir='ltr'><em>Ptole-</em></span> 
     </span>
     <span class='ocr_line' id='line_1_33' title="bbox 68 2606 1302 2668; baseline -0.004 -14"><span class='ocrx_word' id='word_1_246' title='bbox 68 2625 208 2655; x_wconf 88' lang='lat' dir='ltr'><em>maeus</em></span> <span class='ocrx_word' id='word_1_247' title='bbox 230 2609 360 2653; x_wconf 85' lang='lat' dir='ltr'><em>Soter</em></span> <span class='ocrx_word' id='word_1_248' title='bbox 392 2625 532 2668; x_wconf 88' lang='lat' dir='ltr'><em>quum</em></span> <span class='ocrx_word' id='word_1_249' title='bbox 559 2609 680 2652; x_wconf 85' lang='lat' dir='ltr'><em>circa</em></span> <span class='ocrx_word' id='word_1_250' title='bbox 698 2623 868 2663; x_wconf 85' lang='lat' dir='ltr'><em>annum</em></span> <span class='ocrx_word' id='word_1_251' title='bbox 902 2608 987 2651; x_wconf 82' lang='lat'><em>130</em></span> <span class='ocrx_word' id='word_1_252' title='bbox 1011 2622 1052 2650; x_wconf 92' lang='lat' dir='ltr'><em>a.</em></span> <span class='ocrx_word' id='word_1_253' title='bbox 1086 2606 1138 2651; x_wconf 90' lang='lat' dir='ltr'><em>C.</em></span> <span class='ocrx_word' id='word_1_254' title='bbox 1170 2615 1302 2649; x_wconf 89' lang='lat' dir='ltr'><em>natus</em></span> 
     </span>
     <span class='ocr_line' id='line_1_34' title="bbox 68 2682 1301 2742; baseline -0.006 -12"><span class='ocrx_word' id='word_1_255' title='bbox 68 2699 165 2731; x_wconf 91' lang='lat' dir='ltr'><em>esse</em></span> <span class='ocrx_word' id='word_1_256' title='bbox 187 2683 363 2739; x_wconf 84' lang='lat' dir='ltr'><em>debeat,</em></span> <span class='ocrx_word' id='word_1_257' title='bbox 379 2684 514 2728; x_wconf 90' lang='lat' dir='ltr'><em>initio</em></span> <span class='ocrx_word' id='word_1_258' title='bbox 530 2683 659 2742; x_wconf 90' lang='lat' dir='ltr'><em>regni</em></span> <span class='ocrx_word' id='word_1_259' title='bbox 673 2685 833 2741; x_wconf 85' lang='lat' dir='ltr'><em>agebat</em></span> <span class='ocrx_word' id='word_1_260' title='bbox 848 2682 954 2727; x_wconf 81' lang='lat' dir='ltr'><em>vitae</em></span> <span class='ocrx_word' id='word_1_261' title='bbox 978 2695 1145 2725; x_wconf 87' lang='lat' dir='ltr'><em>annum</em></span> <span class='ocrx_word' id='word_1_262' title='bbox 1168 2695 1301 2738; x_wconf 87' lang='lat' dir='ltr'><em>quar-</em></span> 
     </span>
     <span class='ocr_line' id='line_1_35' title="bbox 69 2757 622 2803; baseline -0.005 -1"><span class='ocrx_word' id='word_1_263' title='bbox 69 2767 162 2803; x_wconf 89' lang='lat' dir='ltr'><em>tum</em></span> <span class='ocrx_word' id='word_1_264' title='bbox 187 2757 280 2802; x_wconf 88' lang='lat' dir='ltr'><em>fere</em></span> <span class='ocrx_word' id='word_1_265' title='bbox 301 2771 352 2801; x_wconf 88' lang='lat' dir='ltr'><em>ac</em></span> <span class='ocrx_word' id='word_1_266' title='bbox 380 2757 622 2801; x_wconf 89' lang='lat' dir='ltr'><em>decimum.</em></span> 
     </span>
    </p>

    <p class='ocr_par' dir='ltr' id='par_1_5' title="bbox 59 2829 1307 3655">
     <span class='ocr_line' id='line_1_36' title="bbox 133 2829 1305 2889; baseline -0.003 -13"><span class='ocrx_word' id='word_1_267' title='bbox 133 2832 209 2878; x_wconf 85' lang='lat'><em>82.</em></span> <span class='ocrx_word' id='word_1_268' title='bbox 241 2831 451 2876; x_wconf 90' lang='lat' dir='ltr'><em>Ceterum</em></span> <span class='ocrx_word' id='word_1_269' title='bbox 486 2831 526 2876; x_wconf 92' lang='lat' dir='ltr'><em>si</em></span> <span class='ocrx_word' id='word_1_270' title='bbox 565 2831 669 2889; x_wconf 90' lang='lat' dir='ltr'><em>quis</em></span> <span class='ocrx_word' id='word_1_271' title='bbox 712 2829 894 2874; x_wconf 88' lang='lat' dir='ltr'><em>Livium</em></span> <span class='ocrx_word' id='word_1_272' title='bbox 910 2864 922 2885; x_wconf 95' lang='lat'><em>,</em></span> <span class='ocrx_word' id='word_1_273' title='bbox 961 2829 1216 2874; x_wconf 87' lang='lat' dir='ltr'><em>Diodorum</em></span> <span class='ocrx_word' id='word_1_274' title='bbox 1262 2840 1305 2874; x_wconf 92' lang='lat' dir='ltr'><em>et</em></span> 
     </span>
     <span class='ocr_line' id='line_1_37' title="bbox 70 2904 1303 2966; baseline -0.002 -15"><span class='ocrx_word' id='word_1_275' title='bbox 70 2905 454 2966; x_wconf 86' lang='lat' dir='ltr'><em>Agatharchidem.</em></span> <span class='ocrx_word' id='word_1_276' title='bbox 467 2906 740 2966; x_wconf 84' lang='lat' dir='ltr'><em>negligeret,</em></span> <span class='ocrx_word' id='word_1_277' title='bbox 759 2905 809 2949; x_wconf 92' lang='lat' dir='ltr'><em>in</em></span> <span class='ocrx_word' id='word_1_278' title='bbox 826 2914 1045 2965; x_wconf 89' lang='lat' dir='ltr'><em>promptu</em></span> <span class='ocrx_word' id='word_1_279' title='bbox 1068 2914 1164 2948; x_wconf 86' lang='lat' dir='ltr'><em>erat</em></span> <span class='ocrx_word' id='word_1_280' title='bbox 1179 2904 1303 2948; x_wconf 92' lang='lat' dir='ltr'><em>Sote-</em></span> 
     </span>
     <span class='ocr_line' id='line_1_38' title="bbox 73 2978 1304 3040; baseline -0.002 -14"><span class='ocrx_word' id='word_1_281' title='bbox 73 2996 166 3026; x_wconf 90' lang='lat' dir='ltr'><em>rem</em></span> <span class='ocrx_word' id='word_1_282' title='bbox 201 2981 384 3027; x_wconf 89' lang='lat' dir='ltr'><em>credere</em></span> <span class='ocrx_word' id='word_1_283' title='bbox 414 2981 717 3040; x_wconf 88' lang='lat' dir='ltr'><em>antiquiorem</em></span> <span class='ocrx_word' id='word_1_284' title='bbox 753 2979 908 3025; x_wconf 90' lang='lat' dir='ltr'><em>fuisse.</em></span> <span class='ocrx_word' id='word_1_285' title='bbox 933 2978 1046 3023; x_wconf 86' lang='lat' dir='ltr'><em>Nam</em></span> <span class='ocrx_word' id='word_1_286' title='bbox 1076 2979 1141 3023; x_wconf 90' lang='lat' dir='ltr'><em>ita</em></span> <span class='ocrx_word' id='word_1_287' title='bbox 1162 2978 1304 3023; x_wconf 85' lang='lat' dir='ltr'><em>Justi-</em></span> 
     </span>
     <span class='ocr_line' id='line_1_39' title="bbox 71 3052 1303 3115; baseline -0.002 -14"><span class='ocrx_word' id='word_1_288' title='bbox 71 3073 156 3102; x_wconf 89' lang='lat' dir='ltr'><em>nus</em></span> <span class='ocrx_word' id='word_1_289' title='bbox 171 3057 375 3115; x_wconf 90' lang='lat' dir='ltr'><strong>XXXIX,</strong></span> <span class='ocrx_word' id='word_1_290' title='bbox 406 3059 430 3102; x_wconf 78' lang='lat'>3</span> <span class='ocrx_word' id='word_1_291' title='bbox 461 3075 471 3101; x_wconf 89' lang='lat'>:</span> <span class='ocrx_word' id='word_1_292' title='bbox 500 3052 650 3114; x_wconf 82' lang='lat' dir='ltr'><em>Igitur</em></span> <span class='ocrx_word' id='word_1_293' title='bbox 673 3073 801 3115; x_wconf 85' lang='lat' dir='ltr'><em>quum</em></span> <span class='ocrx_word' id='word_1_294' title='bbox 827 3060 1008 3114; x_wconf 85' lang='lat' dir='ltr'><em>pronior</em></span> <span class='ocrx_word' id='word_1_295' title='bbox 1027 3060 1071 3098; x_wconf 85' lang='lat' dir='ltr'><em>1&#39;n</em></span> <span class='ocrx_word' id='word_1_296' title='bbox 1094 3060 1303 3098; x_wconf 81' lang='lat' dir='ltr'><em>minorem</em></span> 
     </span>
     <span class='ocr_line' id='line_1_40' title="bbox 59 3133 1304 3194; baseline -0.003 -17"><span class='ocrx_word' id='word_1_297' title='bbox 59 3135 209 3191; x_wconf 84' lang='lat' dir='ltr'><em>-filium</em></span> <span class='ocrx_word' id='word_1_298' title='bbox 232 3146 340 3178; x_wconf 82' lang='lat' dir='ltr'><em>esset</em></span> <span class='ocrx_word' id='word_1_299' title='bbox 364 3133 651 3194; x_wconf 73' lang='lat' dir='ltr'><em>(Cleopatra),</em></span> <span class='ocrx_word' id='word_1_300' title='bbox 677 3149 707 3176; x_wconf 82' lang='lat' dir='ltr'><em>a</em></span> <span class='ocrx_word' id='word_1_301' title='bbox 727 3135 894 3191; x_wconf 82' lang='lat' dir='ltr'><em>populo</em></span> <span class='ocrx_word' id='word_1_302' title='bbox 911 3134 1190 3190; x_wconf 83' lang='lat' dir='ltr'><em>compellitur</em></span> <span class='ocrx_word' id='word_1_303' title='bbox 1210 3147 1304 3174; x_wconf 87' lang='lat' dir='ltr'><em>ma-</em></span> 
     </span>
     <span class='ocr_line' id='line_1_41' title="bbox 65 3210 1304 3270; baseline -0.003 -16"><span class='ocrx_word' id='word_1_304' title='bbox 65 3217 206 3266; x_wconf 87' lang='lat' dir='ltr'><em>jorem</em></span> <span class='ocrx_word' id='word_1_305' title='bbox 225 3214 406 3270; x_wconf 83' lang='lat' dir='ltr'><em>eligere;</em></span> <span class='ocrx_word' id='word_1_306' title='bbox 427 3215 496 3253; x_wconf 89' lang='lat' dir='ltr'><em>cui</em></span> <span class='ocrx_word' id='word_1_307' title='bbox 505 3215 761 3268; x_wconf 84' lang='lat' dir='ltr'><em>priusquam</em></span> <span class='ocrx_word' id='word_1_308' title='bbox 770 3225 951 3266; x_wconf 78' lang='lat' dir='ltr'><em>regnum</em></span> <span class='ocrx_word' id='word_1_309' title='bbox 964 3210 1104 3261; x_wconf 82' lang='lat' dir='ltr'><em>claret,</em></span> <span class='ocrx_word' id='word_1_310' title='bbox 1126 3223 1304 3251; x_wconf 74' lang='lat' dir='ltr'><em>uxorem</em></span> 
     </span>
     <span class='ocr_line' id='line_1_42' title="bbox 75 3286 1304 3345; baseline -0.001 -18"><span class='ocrx_word' id='word_1_311' title='bbox 75 3287 261 3339; x_wconf 86' lang='lat' dir='ltr'><em>ademit‚·</em></span> <span class='ocrx_word' id='word_1_312' title='bbox 293 3290 641 3345; x_wconf 75' lang='lat' dir='ltr'><em>compulsumque</em></span> <span class='ocrx_word' id='word_1_313' title='bbox 673 3288 904 3344; x_wconf 82' lang='lat' dir='ltr'><em>repudiare</em></span> <span class='ocrx_word' id='word_1_314' title='bbox 927 3289 1198 3327; x_wconf 82' lang='lat' dir='ltr'><em>carissimam</em></span> <span class='ocrx_word' id='word_1_315' title='bbox 1220 3286 1304 3326; x_wconf 85' lang='lat' dir='ltr'><em>sibi</em></span> 
     </span>
     <span class='ocr_line' id='line_1_43' title="bbox 74 3360 1307 3419; baseline 0 -18"><span class='ocrx_word' id='word_1_316' title='bbox 74 3375 257 3405; x_wconf 86' lang='lat' dir='ltr'><em>sororem</em></span> <span class='ocrx_word' id='word_1_317' title='bbox 276 3362 576 3419; x_wconf 82' lang='lat' dir='ltr'><em>Cleopatram,</em></span> <span class='ocrx_word' id='word_1_318' title='bbox 595 3365 805 3404; x_wconf 85' lang='lat' dir='ltr'><em>minorem</em></span> <span class='ocrx_word' id='word_1_319' title='bbox 819 3375 1004 3404; x_wconf 80' lang='lat' dir='ltr'><em>sororem</em></span> <span class='ocrx_word' id='word_1_320' title='bbox 1023 3360 1211 3403; x_wconf 82' lang='lat' dir='ltr'><em>Selenen</em></span> <span class='ocrx_word' id='word_1_321' title='bbox 1226 3361 1307 3401; x_wconf 79' lang='lat' dir='ltr'><em>du-</em></span> 
     </span>
     <span class='ocr_line' id='line_1_44' title="bbox 76 3437 1304 3495; baseline 0.001 -19"><span class='ocrx_word' id='word_1_322' title='bbox 76 3450 171 3477; x_wconf 86' lang='lat' dir='ltr'><em>cere</em></span> <span class='ocrx_word' id='word_1_323' title='bbox 183 3437 323 3490; x_wconf 78' lang='lat' dir='ltr'><em>Jubet.</em></span> <span class='ocrx_word' id='word_1_324' title='bbox 334 3438 425 3480; x_wconf 82' lang='lat' dir='ltr'><em>Sed</em></span> <span class='ocrx_word' id='word_1_325' title='bbox 439 3439 689 3495; x_wconf 83' lang='lat' dir='ltr'><em>Cleopatra,</em></span> <span class='ocrx_word' id='word_1_326' title='bbox 703 3453 790 3482; x_wconf 89' lang='lat' dir='ltr'><em>non</em></span> <span class='ocrx_word' id='word_1_327' title='bbox 813 3447 902 3480; x_wconf 88' lang='lat' dir='ltr'><em>tam</em></span> <span class='ocrx_word' id='word_1_328' title='bbox 918 3453 948 3479; x_wconf 91' lang='lat' dir='ltr'><em>a</em></span> <span class='ocrx_word' id='word_1_329' title='bbox 964 3440 1058 3479; x_wconf 83' lang='lat' dir='ltr'><em>viro</em></span> <span class='ocrx_word' id='word_1_330' title='bbox 1074 3438 1304 3494; x_wconf 80' lang='lat' dir='ltr'><em>repudiata</em></span> 
     </span>
     <span class='ocr_line' id='line_1_45' title="bbox 75 3511 1303 3570; baseline 0.003 -19"><span class='ocrx_word' id='word_1_331' title='bbox 75 3526 208 3566; x_wconf 85' lang='lat' dir='ltr'><em>quam</em></span> <span class='ocrx_word' id='word_1_332' title='bbox 228 3526 257 3552; x_wconf 90' lang='lat' dir='ltr'><em>a</em></span> <span class='ocrx_word' id='word_1_333' title='bbox 289 3522 428 3555; x_wconf 89' lang='lat' dir='ltr'><em>matre</em></span> <span class='ocrx_word' id='word_1_334' title='bbox 450 3515 741 3565; x_wconf 72' lang='lat' dir='ltr'><em>divortio-viri</em></span> <span class='ocrx_word' id='word_1_335' title='bbox 769 3516 963 3566; x_wconf 86' lang='lat' dir='ltr'><em>dimissa,</em></span> <span class='ocrx_word' id='word_1_336' title='bbox 995 3515 1209 3570; x_wconf 82' lang='lat' dir='ltr'><em>Cyziceno</em></span> <span class='ocrx_word' id='word_1_337' title='bbox 1234 3511 1303 3570; x_wconf 92' lang='lat' dir='ltr'><em>(a.</em></span> 
     </span>
     <span class='ocr_line' id='line_1_46' title="bbox 82 3585 1305 3655; baseline 0.002 -27"><span class='ocrx_word' id='word_1_338' title='bbox 82 3601 132 3628; x_wconf 90' lang='lat'><em>11</em></span> <span class='ocrx_word' id='word_1_339' title='bbox 147 3601 164 3627; x_wconf 92' lang='lat'>1</span> <span class='ocrx_word' id='word_1_340' title='bbox 190 3585 327 3655; x_wconf 21' lang='lat' dir='ltr'><em>sqq..)</em></span> <span class='ocrx_word' id='word_1_341' title='bbox 354 3591 396 3629; x_wconf 82' lang='lat' dir='ltr'><em>in</em></span> <span class='ocrx_word' id='word_1_342' title='bbox 415 3589 548 3642; x_wconf 75' lang='lat' dir='ltr'><em>Syria</em></span> <span class='ocrx_word' id='word_1_343' title='bbox 566 3589 691 3633; x_wconf 86' lang='lat' dir='ltr'><em>nubit</em></span> <span class='ocrx_word' id='word_1_344' title='bbox 714 3600 797 3634; x_wconf 91' lang='lat' dir='ltr'><em>etc.</em></span> <span class='ocrx_word' id='word_1_345' title='bbox 824 3588 1082 3635; x_wconf 89' lang='lat' dir='ltr'><em>Secundum</em></span> <span class='ocrx_word' id='word_1_346' title='bbox 1105 3588 1202 3632; x_wconf 89' lang='lat' dir='ltr'><em>haec</em></span> <span class='ocrx_word' id='word_1_347' title='bbox 1225 3587 1305 3631; x_wconf 94' lang='lat' dir='ltr'><em>So-</em></span> 
     </span>
    </p>
   </div>
   <div class='ocr_carea' id='block_1_5' title="bbox 77 3664 1337 3725">
    <p class='ocr_par' dir='ltr' id='par_1_6' title="bbox 77 3664 1337 3725">
     <span class='ocr_line' id='line_1_47' title="bbox 77 3664 1337 3725; baseline 0.003 -22"><span class='ocrx_word' id='word_1_348' title='bbox 77 3669 145 3704; x_wconf 87' lang='lat' dir='ltr'><em>ter</em></span> <span class='ocrx_word' id='word_1_349' title='bbox 178 3670 417 3719; x_wconf 88' lang='lat' dir='ltr'><em>antequam</em></span> <span class='ocrx_word' id='word_1_350' title='bbox 461 3678 648 3721; x_wconf 87' lang='lat' dir='ltr'><em>regnum</em></span> <span class='ocrx_word' id='word_1_351' title='bbox 686 3666 953 3724; x_wconf 83' lang='lat' dir='ltr'><em>susciperet,</em></span> <span class='ocrx_word' id='word_1_352' title='bbox 988 3664 1084 3725; x_wconf 87' lang='lat' dir='ltr'><em>jam</em></span> <span class='ocrx_word' id='word_1_353' title='bbox 1116 3680 1305 3710; x_wconf 85' lang='lat' dir='ltr'><em>uxorem</em></span> <span class='ocrx_word' id='word_1_354' title='bbox 1333 3687 1337 3691; x_wconf 92' lang='lat'>·</span> 
     </span>
    </p>
   </div>
   <div class='ocr_carea' id='block_1_6' title="bbox 75 3733 1300 3861">
    <p class='ocr_par' dir='ltr' id='par_1_7' title="bbox 75 3733 1300 3861">
     <span class='ocr_line' id='line_1_48' title="bbox 75 3733 1300 3799; baseline 0.003 -21"><span class='ocrx_word' id='word_1_355' title='bbox 75 3733 292 3779; x_wconf 89' lang='lat' dir='ltr'><em>habuisse</em></span> <span class='ocrx_word' id='word_1_356' title='bbox 312 3734 515 3791; x_wconf 83' lang='lat' dir='ltr'><em>videtur3</em></span> <span class='ocrx_word' id='word_1_357' title='bbox 543 3739 665 3796; x_wconf 89' lang='lat' dir='ltr'><em>quod</em></span> <span class='ocrx_word' id='word_1_358' title='bbox 688 3739 743 3783; x_wconf 88' lang='lat' dir='ltr'><em>de</em></span> <span class='ocrx_word' id='word_1_359' title='bbox 764 3755 907 3799; x_wconf 80' lang='lat' dir='ltr'><em>puero</em></span> <span class='ocrx_word' id='word_1_360' title='bbox 931 3755 1153 3784; x_wconf 89' lang='lat' dir='ltr'><em>annorum</em></span> <span class='ocrx_word' id='word_1_361' title='bbox 1172 3749 1300 3798; x_wconf 87' lang='lat' dir='ltr'><em>quat-</em></span> 
     </span>
     <span class='ocr_line' id='line_1_49' title="bbox 80 3827 106 3861; baseline 0 0"><span class='ocrx_word' id='word_1_362' title='bbox 80 3827 106 3861; x_wconf 61' lang='lat' dir='ltr'><em>A</em></span> 
     </span>
    </p>
   </div>
   <div class='ocr_carea' id='block_1_7' title="bbox 31 133 1751 216">
    <p class='ocr_par' dir='ltr' id='par_1_8' title="bbox 31 133 1751 233">
     <span class='ocr_line' id='line_1_50' title="bbox 31 133 1751 216; baseline 0.015 -37"><span class='ocrx_word' id='word_1_363' title='bbox 31 133 79 216; x_wconf 25' lang='grc' dir='ltr'><em>ΞΑ</em></span> <span class='ocrx_word' id='word_1_364' title='bbox 317 152 323 160; x_wconf 90' lang='grc'><em>·</em></span> <span class='ocrx_word' id='word_1_365' title='bbox 447 150 450 154; x_wconf 77' lang='grc'>’</span> <span class='ocrx_word' id='word_1_366' title='bbox 907 157 985 202; x_wconf 89' lang='lat' dir='ltr'><em>DE</em></span> <span class='ocrx_word' id='word_1_367' title='bbox 1017 157 1495 206; x_wconf 83' lang='lat' dir='ltr'><em>AGATHARCHIDE</em></span> <span class='ocrx_word' id='word_1_368' title='bbox 1528 161 1751 209; x_wconf 86' lang='lat' dir='ltr'><em>CNIDIO.</em></span> 
     </span>
    </p>
   </div>
   <div class='ocr_carea' id='block_1_8' title="bbox 1369 200 2603 1311">
    <p class='ocr_par' dir='ltr' id='par_1_9' title="bbox 1369 200 2603 1311">
     <span class='ocr_line' id='line_1_51' title="bbox 2491 200 2586 232; baseline 0.042 -3"><span class='ocrx_word' id='word_1_369' title='bbox 2491 200 2586 232; x_wconf 66' lang='lat' dir='ltr'><em>Lvu</em></span> 
     </span>
     <span class='ocr_line' id='line_1_52' title="bbox 1372 262 2590 328; baseline 0.018 -22"><span class='ocrx_word' id='word_1_370' title='bbox 1372 262 1623 308; x_wconf 89' lang='lat' dir='ltr'><em>tuordecim</em></span> <span class='ocrx_word' id='word_1_371' title='bbox 1638 274 1809 310; x_wconf 90' lang='lat' dir='ltr'><em>nonest</em></span> <span class='ocrx_word' id='word_1_372' title='bbox 1823 267 2092 315; x_wconf 86' lang='lat' dir='ltr'><em>verisimile.</em></span> <span class='ocrx_word' id='word_1_373' title='bbox 2116 270 2408 322; x_wconf 87' lang='lat' dir='ltr'><em>Vehementer</em></span> <span class='ocrx_word' id='word_1_374' title='bbox 2430 297 2590 328; x_wconf 83' lang='lat' dir='ltr'><em>vereor</em></span> 
     </span>
     <span class='ocr_line' id='line_1_53' title="bbox 1371 338 2595 402; baseline 0.016 -20"><span class='ocrx_word' id='word_1_375' title='bbox 1371 353 1429 382; x_wconf 90' lang='lat' dir='ltr'><em>ne</em></span> <span class='ocrx_word' id='word_1_376' title='bbox 1449 339 1497 383; x_wconf 90' lang='lat' dir='ltr'><em>in</em></span> <span class='ocrx_word' id='word_1_377' title='bbox 1509 338 1651 385; x_wconf 88' lang='lat' dir='ltr'><em>breve</em></span> <span class='ocrx_word' id='word_1_378' title='bbox 1667 340 1937 387; x_wconf 90' lang='lat' dir='ltr'><em>contrahens</em></span> <span class='ocrx_word' id='word_1_379' title='bbox 1948 342 2092 401; x_wconf 86' lang='lat' dir='ltr'><em>Trogi</em></span> <span class='ocrx_word' id='word_1_380' title='bbox 2107 349 2407 395; x_wconf 85' lang='lat' dir='ltr'><em>narrationem</em></span> <span class='ocrx_word' id='word_1_381' title='bbox 2424 366 2472 398; x_wconf 89' lang='lat' dir='ltr'><em>ut</em></span> <span class='ocrx_word' id='word_1_382' title='bbox 2485 358 2595 402; x_wconf 86' lang='lat' dir='ltr'><em>alias</em></span> 
     </span>
     <span class='ocr_line' id='line_1_54' title="bbox 1373 413 2594 477; baseline 0.016 -20"><span class='ocrx_word' id='word_1_383' title='bbox 1373 413 1439 458; x_wconf 89' lang='lat' dir='ltr'><em>sic</em></span> <span class='ocrx_word' id='word_1_384' title='bbox 1459 415 1507 458; x_wconf 91' lang='lat' dir='ltr'><em>in</em></span> <span class='ocrx_word' id='word_1_385' title='bbox 1529 415 1600 460; x_wconf 92' lang='lat' dir='ltr'><em>his</em></span> <span class='ocrx_word' id='word_1_386' title='bbox 1619 431 1803 477; x_wconf 90' lang='lat' dir='ltr'><em>quoque</em></span> <span class='ocrx_word' id='word_1_387' title='bbox 1822 416 1848 461; x_wconf 86' lang='lat' dir='ltr'>J</span> <span class='ocrx_word' id='word_1_388' title='bbox 1854 418 2031 463; x_wconf 87' lang='lat' dir='ltr'><em>ustinus</em></span> <span class='ocrx_word' id='word_1_389' title='bbox 2048 419 2371 467; x_wconf 85' lang='lat' dir='ltr'><em>obscuraverit.</em></span> <span class='ocrx_word' id='word_1_390' title='bbox 2404 428 2507 472; x_wconf 82' lang='lat' dir='ltr'><em>Rem</em></span> <span class='ocrx_word' id='word_1_391' title='bbox 2531 433 2594 476; x_wconf 80' lang='lat' dir='ltr'><em>ita</em></span> 
     </span>
     <span class='ocr_line' id='line_1_55' title="bbox 1373 489 2594 559; baseline 0.013 -26"><span class='ocrx_word' id='word_1_392' title='bbox 1373 489 1683 536; x_wconf 85' lang='lat' dir='ltr'><em>adornandam</em></span> <span class='ocrx_word' id='word_1_393' title='bbox 1739 509 1837 538; x_wconf 90' lang='lat' dir='ltr'><em>esse</em></span> <span class='ocrx_word' id='word_1_394' title='bbox 1889 493 2101 552; x_wconf 88' lang='lat' dir='ltr'><em>conjicio.</em></span> <span class='ocrx_word' id='word_1_395' title='bbox 2146 498 2274 540; x_wconf 90' lang='lat' dir='ltr'><em>Soter</em></span> <span class='ocrx_word' id='word_1_396' title='bbox 2316 498 2594 559; x_wconf 83' lang='lat' dir='ltr'><em>Cleopatram</em></span> 
     </span>
     <span class='ocr_line' id='line_1_56' title="bbox 1373 555 2599 628; baseline 0.011 -21"><span class='ocrx_word' id='word_1_397' title='bbox 1373 563 1556 608; x_wconf 81' lang='lat' dir='ltr'><em>duxerit</em></span> <span class='ocrx_word' id='word_1_398' title='bbox 1579 581 1714 625; x_wconf 86' lang='lat' dir='ltr'><em>quam</em></span> <span class='ocrx_word' id='word_1_399' title='bbox 1751 568 1950 626; x_wconf 87' lang='lat' dir='ltr'><em>primum</em></span> <span class='ocrx_word' id='word_1_400' title='bbox 1990 569 2089 612; x_wconf 85' lang='lat' dir='ltr'><em>fieri</em></span> <span class='ocrx_word' id='word_1_401' title='bbox 2110 571 2284 628; x_wconf 90' lang='lat' dir='ltr'><em>potuit,</em></span> <span class='ocrx_word' id='word_1_402' title='bbox 2311 573 2452 616; x_wconf 85' lang='lat' dir='ltr'><em>aetatis</em></span> <span class='ocrx_word' id='word_1_403' title='bbox 2482 555 2599 621; x_wconf 55' lang='lat' dir='ltr'><em>ann⁸0</em></span> 
     </span>
     <span class='ocr_line' id='line_1_57' title="bbox 1373 638 2600 707; baseline 0.009 -24"><span class='ocrx_word' id='word_1_404' title='bbox 1373 638 1551 684; x_wconf 90' lang='lat' dir='ltr'><em>decimo</em></span> <span class='ocrx_word' id='word_1_405' title='bbox 1580 648 1707 684; x_wconf 89' lang='lat' dir='ltr'><em>sexto</em></span> <span class='ocrx_word' id='word_1_406' title='bbox 1727 641 1801 684; x_wconf 90' lang='lat' dir='ltr'><em>vel</em></span> <span class='ocrx_word' id='word_1_407' title='bbox 1832 642 2025 701; x_wconf 89' lang='lat' dir='ltr'><em>septimo</em></span> <span class='ocrx_word' id='word_1_408' title='bbox 2044 641 2167 703; x_wconf 76' lang='lat'><em>(114.</em></span> <span class='ocrx_word' id='word_1_409' title='bbox 2198 644 2333 703; x_wconf 84' lang='lat'><em>113).</em></span> <span class='ocrx_word' id='word_1_410' title='bbox 2360 645 2600 707; x_wconf 85' lang='lat' dir='ltr'><em>Hucusque</em></span> 
     </span>
     <span class='ocr_line' id='line_1_58' title="bbox 1370 718 2599 775; baseline 0.007 -17"><span class='ocrx_word' id='word_1_411' title='bbox 1370 729 1552 759; x_wconf 89' lang='lat' dir='ltr'><em>omnem</em></span> <span class='ocrx_word' id='word_1_412' title='bbox 1574 724 1842 772; x_wconf 89' lang='lat' dir='ltr'><em>potestatem</em></span> <span class='ocrx_word' id='word_1_413' title='bbox 1865 730 2003 775; x_wconf 89' lang='lat' dir='ltr'><em>penes</em></span> <span class='ocrx_word' id='word_1_414' title='bbox 2022 726 2230 772; x_wconf 89' lang='lat' dir='ltr'><em>matrem,</em></span> <span class='ocrx_word' id='word_1_415' title='bbox 2257 718 2491 764; x_wconf 89' lang='lat' dir='ltr'><em>mulierem</em></span> <span class='ocrx_word' id='word_1_416' title='bbox 2517 722 2599 766; x_wconf 85' lang='lat' dir='ltr'><em>do·</em></span> 
     </span>
     <span class='ocr_line' id='line_1_59' title="bbox 1370 787 2597 844; baseline 0.008 -12"><span class='ocrx_word' id='word_1_417' title='bbox 1370 788 1576 834; x_wconf 88' lang='lat' dir='ltr'><em>minandi</em></span> <span class='ocrx_word' id='word_1_418' title='bbox 1620 787 1818 833; x_wconf 90' lang='lat' dir='ltr'><em>libidine</em></span> <span class='ocrx_word' id='word_1_419' title='bbox 1848 789 2062 834; x_wconf 87' lang='lat' dir='ltr'><em>famosam</em></span> <span class='ocrx_word' id='word_1_420' title='bbox 2080 823 2093 844; x_wconf 94' lang='lat'><em>,</em></span> <span class='ocrx_word' id='word_1_421' title='bbox 2131 791 2270 836; x_wconf 87' lang='lat' dir='ltr'><em>fuisse</em></span> <span class='ocrx_word' id='word_1_422' title='bbox 2306 797 2597 843; x_wconf 87' lang='lat' dir='ltr'><em>concesseris.</em></span> 
     </span>
     <span class='ocr_line' id='line_1_60' title="bbox 1370 865 2599 927; baseline 0.005 -17"><span class='ocrx_word' id='word_1_423' title='bbox 1370 865 1521 920; x_wconf 88' lang='lat' dir='ltr'><em>Quare</em></span> <span class='ocrx_word' id='word_1_424' title='bbox 1535 865 1673 910; x_wconf 90' lang='lat' dir='ltr'><em>hosce</em></span> <span class='ocrx_word' id='word_1_425' title='bbox 1683 865 1813 924; x_wconf 88' lang='lat' dir='ltr'><em>regni</em></span> <span class='ocrx_word' id='word_1_426' title='bbox 1825 880 1971 911; x_wconf 88' lang='lat' dir='ltr'><em>annos</em></span> <span class='ocrx_word' id='word_1_427' title='bbox 1989 867 2071 910; x_wconf 91' lang='lat' dir='ltr'><em>uni</em></span> <span class='ocrx_word' id='word_1_428' title='bbox 2092 866 2341 926; x_wconf 82' lang='lat' dir='ltr'><em>Cleopatrae</em></span> <span class='ocrx_word' id='word_1_429' title='bbox 2352 871 2599 927; x_wconf 85' lang='lat' dir='ltr'><em>assignasse</em></span> 
     </span>
     <span class='ocr_line' id='line_1_61' title="bbox 1369 941 2601 1006; baseline 0.002 -18"><span class='ocrx_word' id='word_1_430' title='bbox 1369 943 1553 988; x_wconf 86' lang='lat' dir='ltr'><em>videtur</em></span> <span class='ocrx_word' id='word_1_431' title='bbox 1575 942 1857 987; x_wconf 88' lang='lat' dir='ltr'><em>Posidonius</em></span> <span class='ocrx_word' id='word_1_432' title='bbox 1895 942 1996 1002; x_wconf 90' lang='lat' dir='ltr'><em>(ap.</em></span> <span class='ocrx_word' id='word_1_433' title='bbox 2025 941 2175 987; x_wconf 89' lang='lat' dir='ltr'><em>Strab.</em></span> <span class='ocrx_word' id='word_1_434' title='bbox 2216 943 2279 999; x_wconf 87' lang='lat' dir='ltr'><em>ll,</em></span> <span class='ocrx_word' id='word_1_435' title='bbox 2315 961 2360 1004; x_wconf 89' lang='lat' dir='ltr'><em>p.</em></span> <span class='ocrx_word' id='word_1_436' title='bbox 2382 948 2493 1005; x_wconf 87' lang='lat'><em>99),</em></span> <span class='ocrx_word' id='word_1_437' title='bbox 2521 949 2601 1006; x_wconf 88' lang='lat' dir='ltr'><em>qui</em></span> 
     </span>
     <span class='ocr_line' id='line_1_62' title="bbox 1369 1019 2603 1080; baseline 0.002 -16"><span class='ocrx_word' id='word_1_438' title='bbox 1369 1020 1608 1065; x_wconf 84' lang='lat' dir='ltr'><em>Eudoxum</em></span> <span class='ocrx_word' id='word_1_439' title='bbox 1640 1019 1857 1064; x_wconf 91' lang='lat' dir='ltr'><em>Cnidium</em></span> <span class='ocrx_word' id='word_1_440' title='bbox 1898 1019 2236 1077; x_wconf 86' lang='lat' dir='ltr'><em>navigationem</em></span> <span class='ocrx_word' id='word_1_441' title='bbox 2267 1022 2517 1080; x_wconf 89' lang='lat' dir='ltr'><em>suscepisse</em></span> <span class='ocrx_word' id='word_1_442' title='bbox 2541 1025 2603 1067; x_wconf 90' lang='lat' dir='ltr'><em>ait</em></span> 
     </span>
     <span class='ocr_line' id='line_1_63' title="bbox 1370 1096 2603 1154; baseline 0.003 -16"><span class='ocrx_word' id='word_1_443' title='bbox 1370 1106 1584 1152; x_wconf 76' lang='lat' dir='ltr'><em>regnante</em></span> <span class='ocrx_word' id='word_1_444' title='bbox 1605 1097 1839 1154; x_wconf 82' lang='lat' dir='ltr'><em>Cleopatra</em></span> <span class='ocrx_word' id='word_1_445' title='bbox 1847 1112 1865 1148; x_wconf 90' lang='grc'><em>,·</em></span> <span class='ocrx_word' id='word_1_446' title='bbox 1884 1109 2118 1140; x_wconf 86' lang='lat' dir='ltr'><em>reversum</em></span> <span class='ocrx_word' id='word_1_447' title='bbox 2146 1106 2292 1141; x_wconf 88' lang='lat' dir='ltr'><em>autem</em></span> <span class='ocrx_word' id='word_1_448' title='bbox 2327 1096 2439 1142; x_wconf 87' lang='lat' dir='ltr'><em>dicit</em></span> <span class='ocrx_word' id='word_1_449' title='bbox 2467 1098 2603 1142; x_wconf 79' lang='grc' dir='ltr'>οὐκέτι</span> 
     </span>
     <span class='ocr_line' id='line_1_64' title="bbox 1370 1170 2602 1232; baseline 0.003 -16"><span class='ocrx_word' id='word_1_450' title='bbox 1370 1174 1442 1226; x_wconf 82' lang='grc' dir='ltr'>τ’ἧς</span> <span class='ocrx_word' id='word_1_451' title='bbox 1463 1170 1731 1232; x_wconf 83' lang='grc' dir='ltr'>Κλεοπάτρας</span> <span class='ocrx_word' id='word_1_452' title='bbox 1747 1170 1998 1230; x_wconf 78' lang='grc' dir='ltr'>ἡγουμένης,</span> <span class='ocrx_word' id='word_1_453' title='bbox 2020 1170 2127 1216; x_wconf 83' lang='grc' dir='ltr'>ἀλλὰ</span> <span class='ocrx_word' id='word_1_454' title='bbox 2141 1176 2210 1217; x_wconf 75' lang='grc' dir='ltr'><em>τοῦ</em></span> <span class='ocrx_word' id='word_1_455' title='bbox 2228 1172 2385 1224; x_wconf 83' lang='grc' dir='ltr'>παιδός.</span> <span class='ocrx_word' id='word_1_456' title='bbox 2411 1176 2475 1219; x_wconf 88' lang='grc' dir='ltr'><em>Αο</em></span> <span class='ocrx_word' id='word_1_457' title='bbox 2494 1190 2602 1220; x_wconf 83' lang='lat' dir='ltr'><em>sane</em></span> 
     </span>
     <span class='ocr_line' id='line_1_65' title="bbox 1371 1248 2599 1311; baseline 0.003 -19"><span class='ocrx_word' id='word_1_458' title='bbox 1371 1248 1628 1294; x_wconf 89' lang='lat' dir='ltr'><em>obtinuisse</em></span> <span class='ocrx_word' id='word_1_459' title='bbox 1646 1248 1849 1293; x_wconf 90' lang='lat' dir='ltr'><em>Soterem</em></span> <span class='ocrx_word' id='word_1_460' title='bbox 1878 1258 1929 1293; x_wconf 92' lang='lat' dir='ltr'><em>ut</em></span> <span class='ocrx_word' id='word_1_461' title='bbox 1951 1249 2075 1294; x_wconf 92' lang='lat' dir='ltr'><em>solus</em></span> <span class='ocrx_word' id='word_1_462' title='bbox 2091 1260 2319 1308; x_wconf 88' lang='lat' dir='ltr'><em>regnaret,</em></span> <span class='ocrx_word' id='word_1_463' title='bbox 2340 1251 2502 1310; x_wconf 89' lang='lat' dir='ltr'><em>probat</em></span> <span class='ocrx_word' id='word_1_464' title='bbox 2523 1267 2599 1311; x_wconf 89' lang='lat' dir='ltr'><em>pa·</em></span> 
     </span>
    </p>
   </div>
   <div class='ocr_carea' id='block_1_9' title="bbox 1359 1324 2598 1388">
    <p class='ocr_par' dir='ltr' id='par_1_10' title="bbox 1359 1324 2598 1388">
     <span class='ocr_line' id='line_1_66' title="bbox 1359 1324 2598 1388; baseline 0.001 -18"><span class='ocrx_word' id='word_1_465' title='bbox 1359 1341 1518 1385; x_wconf 80' lang='lat' dir='ltr'><em>pyrus</em></span> <span class='ocrx_word' id='word_1_466' title='bbox 1535 1324 1807 1370; x_wconf 77' lang='lat' dir='ltr'><em>parisiensis</em></span> <span class='ocrx_word' id='word_1_467' title='bbox 1825 1325 1837 1385; x_wconf 93' lang='lat'>(</span> <span class='ocrx_word' id='word_1_468' title='bbox 1857 1327 1917 1368; x_wconf 84' lang='lat' dir='ltr'><em>clu</em></span> <span class='ocrx_word' id='word_1_469' title='bbox 1936 1328 2098 1369; x_wconf 82' lang='lat' dir='ltr'><em>Louvre</em></span> <span class='ocrx_word' id='word_1_470' title='bbox 2119 1325 2170 1370; x_wconf 92' lang='lat' dir='ltr'><em>N.</em></span> <span class='ocrx_word' id='word_1_471' title='bbox 2191 1325 2266 1370; x_wconf 79' lang='lat'><em>53.</em></span> <span class='ocrx_word' id='word_1_472' title='bbox 2280 1325 2333 1370; x_wconf 87' lang='lat' dir='ltr'><em>V.</em></span> <span class='ocrx_word' id='word_1_473' title='bbox 2357 1325 2477 1370; x_wconf 90' lang='lat' dir='ltr'><em>Letr.</em></span> <span class='ocrx_word' id='word_1_474' title='bbox 2505 1328 2535 1370; x_wconf 90' lang='lat' dir='ltr'><em>l.</em></span> <span class='ocrx_word' id='word_1_475' title='bbox 2552 1326 2598 1388; x_wconf 86' lang='lat' dir='ltr'><em>l.)</em></span> 
     </span>
    </p>
   </div>
   <div class='ocr_carea' id='block_1_10' title="bbox 1367 1401 2605 3796">
    <p class='ocr_par' dir='ltr' id='par_1_11' title="bbox 1367 1401 2605 2577">
     <span class='ocr_line' id='line_1_67' title="bbox 1370 1401 2605 1463; baseline 0.002 -18"><span class='ocrx_word' id='word_1_476' title='bbox 1370 1402 1451 1461; x_wconf 90' lang='lat' dir='ltr'><em>qui</em></span> <span class='ocrx_word' id='word_1_477' title='bbox 1472 1402 1531 1445; x_wconf 89' lang='lat' dir='ltr'><em>ad</em></span> <span class='ocrx_word' id='word_1_478' title='bbox 1553 1411 1729 1446; x_wconf 87' lang='lat' dir='ltr'><em>sextum</em></span> <span class='ocrx_word' id='word_1_479' title='bbox 1744 1401 1873 1460; x_wconf 87' lang='lat' dir='ltr'><em>regni</em></span> <span class='ocrx_word' id='word_1_480' title='bbox 1893 1401 2116 1463; x_wconf 86' lang='grc'>3111111111(1</span> <span class='ocrx_word' id='word_1_481' title='bbox 2130 1418 2147 1446; x_wconf 94' lang='lat'>1</span> <span class='ocrx_word' id='word_1_482' title='bbox 2163 1419 2179 1446; x_wconf 89' lang='lat'>1</span> <span class='ocrx_word' id='word_1_483' title='bbox 2204 1417 2244 1448; x_wconf 88' lang='lat' dir='ltr'><em>a.</em></span> <span class='ocrx_word' id='word_1_484' title='bbox 2270 1402 2321 1446; x_wconf 89' lang='lat' dir='ltr'><em>C.</em></span> <span class='ocrx_word' id='word_1_485' title='bbox 2339 1403 2351 1462; x_wconf 94' lang='lat'>)</span> <span class='ocrx_word' id='word_1_486' title='bbox 2371 1403 2605 1462; x_wconf 79' lang='lat' dir='ltr'><em>pertinens</em></span> 
     </span>
     <span class='ocr_line' id='line_1_68' title="bbox 1368 1478 2599 1539; baseline 0 -17"><span class='ocrx_word' id='word_1_487' title='bbox 1368 1493 1510 1523; x_wconf 91' lang='lat' dir='ltr'><em>unum</em></span> <span class='ocrx_word' id='word_1_488' title='bbox 1534 1478 1656 1537; x_wconf 89' lang='lat' dir='ltr'><em>regis</em></span> <span class='ocrx_word' id='word_1_489' title='bbox 1676 1492 1861 1534; x_wconf 91' lang='lat' dir='ltr'><em>nomen,</em></span> <span class='ocrx_word' id='word_1_490' title='bbox 1887 1493 1980 1523; x_wconf 93' lang='lat' dir='ltr'><em>non</em></span> <span class='ocrx_word' id='word_1_491' title='bbox 2005 1478 2141 1523; x_wconf 89' lang='lat' dir='ltr'><em>simul</em></span> <span class='ocrx_word' id='word_1_492' title='bbox 2159 1478 2409 1539; x_wconf 84' lang='lat' dir='ltr'><em>Cleopatrae</em></span> <span class='ocrx_word' id='word_1_493' title='bbox 2428 1480 2599 1534; x_wconf 90' lang='lat' dir='ltr'><em>matris,</em></span> 
     </span>
     <span class='ocr_line' id='line_1_69' title="bbox 1369 1552 2605 1613; baseline 0 -16"><span class='ocrx_word' id='word_1_494' title='bbox 1369 1552 1568 1599; x_wconf 86' lang='lat' dir='ltr'><em>exhibet.</em></span> <span class='ocrx_word' id='word_1_495' title='bbox 1602 1555 1776 1598; x_wconf 89' lang='lat' dir='ltr'><em>Auctor</em></span> <span class='ocrx_word' id='word_1_496' title='bbox 1799 1552 1910 1597; x_wconf 86' lang='lat' dir='ltr'><em>vero</em></span> <span class='ocrx_word' id='word_1_497' title='bbox 1943 1553 2082 1613; x_wconf 87' lang='lat' dir='ltr'><em>hujus</em></span> <span class='ocrx_word' id='word_1_498' title='bbox 2105 1568 2256 1598; x_wconf 91' lang='lat' dir='ltr'><em>rerum</em></span> <span class='ocrx_word' id='word_1_499' title='bbox 2288 1553 2605 1598; x_wconf 86' lang='lat' dir='ltr'><em>conversionis</em></span> 
     </span>
     <span class='ocr_line' id='line_1_70' title="bbox 1368 1629 2599 1691; baseline 0.001 -18"><span class='ocrx_word' id='word_1_500' title='bbox 1368 1629 1508 1674; x_wconf 90' lang='lat' dir='ltr'><em>fuerit</em></span> <span class='ocrx_word' id='word_1_501' title='bbox 1539 1646 1657 1674; x_wconf 89' lang='lat' dir='ltr'><em>uxor</em></span> <span class='ocrx_word' id='word_1_502' title='bbox 1682 1630 1878 1686; x_wconf 89' lang='lat' dir='ltr'><em>Soteris,</em></span> <span class='ocrx_word' id='word_1_503' title='bbox 1910 1631 2058 1675; x_wconf 90' lang='lat' dir='ltr'><em>audax</em></span> <span class='ocrx_word' id='word_1_504' title='bbox 2072 1631 2152 1675; x_wconf 88' lang='lat' dir='ltr'><em>illa</em></span> <span class='ocrx_word' id='word_1_505' title='bbox 2173 1640 2217 1675; x_wconf 89' lang='lat' dir='ltr'><em>et</em></span> <span class='ocrx_word' id='word_1_506' title='bbox 2234 1630 2482 1691; x_wconf 78' lang='lat' dir='ltr'><em>Cleopatrae</em></span> <span class='ocrx_word' id='word_1_507' title='bbox 2510 1646 2599 1674; x_wconf 88' lang='lat' dir='ltr'><em>ma·</em></span> 
     </span>
     <span class='ocr_line' id='line_1_71' title="bbox 1369 1705 2598 1764; baseline -0.001 -14"><span class='ocrx_word' id='word_1_508' title='bbox 1369 1706 1461 1751; x_wconf 90' lang='lat' dir='ltr'><em>rito</em></span> <span class='ocrx_word' id='word_1_509' title='bbox 1486 1706 1687 1751; x_wconf 85' lang='lat' dir='ltr'><em>inimicae</em></span> <span class='ocrx_word' id='word_1_510' title='bbox 1723 1707 1931 1752; x_wconf 91' lang='lat' dir='ltr'><em>consiliis</em></span> <span class='ocrx_word' id='word_1_511' title='bbox 1971 1717 2152 1752; x_wconf 89' lang='lat' dir='ltr'><em>strenue</em></span> <span class='ocrx_word' id='word_1_512' title='bbox 2174 1706 2416 1751; x_wconf 90' lang='lat' dir='ltr'><em>obsistens.</em></span> <span class='ocrx_word' id='word_1_513' title='bbox 2455 1705 2598 1764; x_wconf 89' lang='lat' dir='ltr'><em>Cujus</em></span> 
     </span>
     <span class='ocr_line' id='line_1_72' title="bbox 1369 1781 2598 1839; baseline -0.003 -13"><span class='ocrx_word' id='word_1_514' title='bbox 1369 1781 1633 1827; x_wconf 86' lang='lat' dir='ltr'><em>amovendae</em></span> <span class='ocrx_word' id='word_1_515' title='bbox 1653 1797 1788 1827; x_wconf 83' lang='lat' dir='ltr'><em>causa</em></span> <span class='ocrx_word' id='word_1_516' title='bbox 1804 1782 1924 1827; x_wconf 90' lang='lat' dir='ltr'><em>nihil</em></span> <span class='ocrx_word' id='word_1_517' title='bbox 1945 1792 2120 1826; x_wconf 88' lang='lat' dir='ltr'><em>tentans</em></span> <span class='ocrx_word' id='word_1_518' title='bbox 2140 1791 2281 1825; x_wconf 90' lang='lat' dir='ltr'><em>mater</em></span> <span class='ocrx_word' id='word_1_519' title='bbox 2296 1781 2391 1825; x_wconf 87' lang='lat' dir='ltr'><em>filio</em></span> <span class='ocrx_word' id='word_1_520' title='bbox 2420 1796 2598 1839; x_wconf 80' lang='lat' dir='ltr'><em>regnum</em></span> 
     </span>
     <span class='ocr_line' id='line_1_73' title="bbox 1367 1857 2597 1914; baseline -0.002 -13"><span class='ocrx_word' id='word_1_521' title='bbox 1367 1861 1549 1913; x_wconf 83' lang='lat' dir='ltr'><em>dederit,</em></span> <span class='ocrx_word' id='word_1_522' title='bbox 1571 1869 1623 1903; x_wconf 90' lang='lat' dir='ltr'><em>ut</em></span> <span class='ocrx_word' id='word_1_523' title='bbox 1641 1858 1849 1904; x_wconf 85' lang='lat' dir='ltr'><em>Justinus</em></span> <span class='ocrx_word' id='word_1_524' title='bbox 1873 1859 1947 1912; x_wconf 89' lang='lat' dir='ltr'><em>ait,</em></span> <span class='ocrx_word' id='word_1_525' title='bbox 1973 1858 2020 1902; x_wconf 92' lang='lat' dir='ltr'><em>id</em></span> <span class='ocrx_word' id='word_1_526' title='bbox 2050 1867 2134 1914; x_wconf 88' lang='lat' dir='ltr'><em>est,</em></span> <span class='ocrx_word' id='word_1_527' title='bbox 2161 1857 2248 1901; x_wconf 91' lang='lat' dir='ltr'><em>soli</em></span> <span class='ocrx_word' id='word_1_528' title='bbox 2278 1871 2469 1914; x_wconf 84' lang='lat' dir='ltr'><em>regnare</em></span> <span class='ocrx_word' id='word_1_529' title='bbox 2492 1871 2597 1900; x_wconf 90' lang='lat' dir='ltr'><em>con-</em></span> 
     </span>
     <span class='ocr_line' id='line_1_74' title="bbox 1368 1930 2599 1988; baseline -0.004 -10"><span class='ocrx_word' id='word_1_530' title='bbox 1368 1934 1568 1988; x_wconf 89' lang='lat' dir='ltr'><em>cesserit,</em></span> <span class='ocrx_word' id='word_1_531' title='bbox 1608 1949 1660 1978; x_wconf 90' lang='grc'><em>03</em></span> <span class='ocrx_word' id='word_1_532' title='bbox 1690 1934 1978 1988; x_wconf 90' lang='lat' dir='ltr'><em>conditione,</em></span> <span class='ocrx_word' id='word_1_533' title='bbox 2000 1942 2257 1977; x_wconf 87' lang='lat' dir='ltr'><em>utuxorem</em></span> <span class='ocrx_word' id='word_1_534' title='bbox 2287 1930 2531 1975; x_wconf 86' lang='lat' dir='ltr'><em>dimitteret</em></span> <span class='ocrx_word' id='word_1_535' title='bbox 2555 1940 2599 1974; x_wconf 93' lang='lat' dir='ltr'><em>et</em></span> 
     </span>
     <span class='ocr_line' id='line_1_75' title="bbox 1368 2003 2598 2067; baseline -0.005 -14"><span class='ocrx_word' id='word_1_536' title='bbox 1368 2007 1514 2067; x_wconf 83' lang='lat' dir='ltr'><em>Syriae</em></span> <span class='ocrx_word' id='word_1_537' title='bbox 1531 2008 1627 2066; x_wconf 88' lang='lat' dir='ltr'><em>regi</em></span> <span class='ocrx_word' id='word_1_538' title='bbox 1649 2008 1877 2053; x_wconf 85' lang='lat' dir='ltr'><em>Antiocho</em></span> <span class='ocrx_word' id='word_1_539' title='bbox 1898 2008 2170 2061; x_wconf 86' lang='lat' dir='ltr'><em>destinaret,</em></span> <span class='ocrx_word' id='word_1_540' title='bbox 2186 2005 2375 2065; x_wconf 87' lang='lat' dir='ltr'><em>ejusque</em></span> <span class='ocrx_word' id='word_1_541' title='bbox 2392 2005 2492 2048; x_wconf 93' lang='lat' dir='ltr'><em>loco</em></span> <span class='ocrx_word' id='word_1_542' title='bbox 2520 2003 2598 2048; x_wconf 86' lang='lat' dir='ltr'><em>Se-</em></span> 
     </span>
     <span class='ocr_line' id='line_1_76' title="bbox 1368 2081 2596 2139; baseline -0.002 -14"><span class='ocrx_word' id='word_1_543' title='bbox 1368 2081 1501 2126; x_wconf 93' lang='lat' dir='ltr'><em>lenen</em></span> <span class='ocrx_word' id='word_1_544' title='bbox 1542 2082 1744 2128; x_wconf 88' lang='lat' dir='ltr'><em>duceret.</em></span> <span class='ocrx_word' id='word_1_545' title='bbox 1776 2082 1876 2135; x_wconf 90' lang='lat' dir='ltr'><em>Quo</em></span> <span class='ocrx_word' id='word_1_546' title='bbox 1910 2082 2048 2137; x_wconf 89' lang='lat' dir='ltr'><em>facto,</em></span> <span class='ocrx_word' id='word_1_547' title='bbox 2092 2096 2199 2124; x_wconf 91' lang='lat' dir='ltr'><em>mox</em></span> <span class='ocrx_word' id='word_1_548' title='bbox 2232 2089 2596 2139; x_wconf 89' lang='lat' dir='ltr'><em>recuperaturam</em></span> 
     </span>
     <span class='ocr_line' id='line_1_77' title="bbox 1369 2155 2597 2216; baseline -0.004 -15"><span class='ocrx_word' id='word_1_549' title='bbox 1369 2171 1416 2201; x_wconf 90' lang='lat' dir='ltr'><em>se</em></span> <span class='ocrx_word' id='word_1_550' title='bbox 1439 2157 1681 2216; x_wconf 88' lang='lat' dir='ltr'><em>pristinam</em></span> <span class='ocrx_word' id='word_1_551' title='bbox 1698 2167 1961 2216; x_wconf 89' lang='lat' dir='ltr'><em>potestatem</em></span> <span class='ocrx_word' id='word_1_552' title='bbox 1985 2155 2236 2216; x_wconf 86' lang='lat' dir='ltr'><em>praesensit,</em></span> <span class='ocrx_word' id='word_1_553' title='bbox 2261 2169 2344 2198; x_wconf 93' lang='lat' dir='ltr'><em>nec</em></span> <span class='ocrx_word' id='word_1_554' title='bbox 2368 2169 2470 2213; x_wconf 91' lang='lat' dir='ltr'><em>spes</em></span> <span class='ocrx_word' id='word_1_555' title='bbox 2500 2168 2597 2197; x_wconf 88' lang='lat' dir='ltr'><em>eam</em></span> 
     </span>
     <span class='ocr_line' id='line_1_78' title="bbox 1369 2229 2593 2284; baseline -0.004 -8"><span class='ocrx_word' id='word_1_556' title='bbox 1369 2232 1542 2276; x_wconf 82' lang='lat' dir='ltr'><em>fefellit.</em></span> <span class='ocrx_word' id='word_1_557' title='bbox 1562 2231 1637 2276; x_wconf 92' lang='lat' dir='ltr'><em>Sic</em></span> <span class='ocrx_word' id='word_1_558' title='bbox 1660 2247 1754 2276; x_wconf 92' lang='lat' dir='ltr'><em>rem</em></span> <span class='ocrx_word' id='word_1_559' title='bbox 1772 2231 1986 2276; x_wconf 89' lang='lat' dir='ltr'><em>habuisse</em></span> <span class='ocrx_word' id='word_1_560' title='bbox 2010 2229 2279 2275; x_wconf 90' lang='lat' dir='ltr'><em>crediderim</em></span> <span class='ocrx_word' id='word_1_561' title='bbox 2296 2246 2309 2284; x_wconf 92' lang='lat'>;</span> <span class='ocrx_word' id='word_1_562' title='bbox 2335 2230 2407 2273; x_wconf 89' lang='lat' dir='ltr'><em>sin</em></span> <span class='ocrx_word' id='word_1_563' title='bbox 2425 2229 2593 2283; x_wconf 91' lang='lat' dir='ltr'><em>minus,</em></span> 
     </span>
     <span class='ocr_line' id='line_1_79' title="bbox 1368 2304 2598 2367; baseline -0.004 -16"><span class='ocrx_word' id='word_1_564' title='bbox 1368 2318 1443 2351; x_wconf 88' lang='lat' dir='ltr'><em>aut</em></span> <span class='ocrx_word' id='word_1_565' title='bbox 1477 2323 1658 2367; x_wconf 86' lang='lat' dir='ltr'><em>praecox</em></span> <span class='ocrx_word' id='word_1_566' title='bbox 1695 2307 1867 2351; x_wconf 90' lang='lat' dir='ltr'><em>Soteris</em></span> <span class='ocrx_word' id='word_1_567' title='bbox 1897 2304 2242 2350; x_wconf 87' lang='lat' dir='ltr'><em>matrimonium</em></span> <span class='ocrx_word' id='word_1_568' title='bbox 2280 2318 2457 2348; x_wconf 89' lang='lat' dir='ltr'><em>sumere</em></span> <span class='ocrx_word' id='word_1_569' title='bbox 2493 2304 2598 2346; x_wconf 90' lang='lat' dir='ltr'><em>licet</em></span> 
     </span>
     <span class='ocr_line' id='line_1_80' title="bbox 1369 2378 2603 2441; baseline -0.005 -15"><span class='ocrx_word' id='word_1_570' title='bbox 1369 2393 1446 2426; x_wconf 87' lang='lat' dir='ltr'><em>aut</em></span> <span class='ocrx_word' id='word_1_571' title='bbox 1469 2383 1727 2441; x_wconf 90' lang='lat' dir='ltr'><em>complures</em></span> <span class='ocrx_word' id='word_1_572' title='bbox 1751 2396 1894 2424; x_wconf 92' lang='lat' dir='ltr'><em>annos</em></span> <span class='ocrx_word' id='word_1_573' title='bbox 1918 2381 2204 2439; x_wconf 81' lang='lat' dir='ltr'><em>Cleopatram</em></span> <span class='ocrx_word' id='word_1_574' title='bbox 2228 2378 2368 2422; x_wconf 89' lang='lat' dir='ltr'><em>solam</em></span> <span class='ocrx_word' id='word_1_575' title='bbox 2385 2392 2603 2435; x_wconf 85' lang='lat' dir='ltr'><em>regnasse-</em></span> 
     </span>
     <span class='ocr_line' id='line_1_81' title="bbox 1369 2451 2594 2516; baseline -0.005 -15"><span class='ocrx_word' id='word_1_576' title='bbox 1369 2467 1607 2516; x_wconf 87' lang='lat' dir='ltr'><em>antequam</em></span> <span class='ocrx_word' id='word_1_577' title='bbox 1639 2456 1810 2516; x_wconf 89' lang='lat' dir='ltr'><em>populo</em></span> <span class='ocrx_word' id='word_1_578' title='bbox 1835 2455 1998 2499; x_wconf 87' lang='lat' dir='ltr'><em>cedens</em></span> <span class='ocrx_word' id='word_1_579' title='bbox 2022 2454 2167 2498; x_wconf 84' lang='lat' dir='ltr'><em>filium</em></span> <span class='ocrx_word' id='word_1_580' title='bbox 2199 2451 2416 2511; x_wconf 88' lang='lat' dir='ltr'><em>majorem</em></span> <span class='ocrx_word' id='word_1_581' title='bbox 2445 2467 2594 2510; x_wconf 86' lang='lat' dir='ltr'><em>regem</em></span> 
     </span>
     <span class='ocr_line' id='line_1_82' title="bbox 1369 2543 1558 2577; baseline 0 -1"><span class='ocrx_word' id='word_1_582' title='bbox 1369 2543 1558 2577; x_wconf 88' lang='lat' dir='ltr'><em>crearet.</em></span> 
     </span>
    </p>

    <p class='ocr_par' dir='ltr' id='par_1_12' title="bbox 1369 2601 2605 3796">
     <span class='ocr_line' id='line_1_83' title="bbox 1433 2601 2595 2657; baseline -0.006 -6"><span class='ocrx_word' id='word_1_583' title='bbox 1433 2609 1507 2652; x_wconf 86' lang='lat'><em>83.</em></span> <span class='ocrx_word' id='word_1_584' title='bbox 1525 2607 1612 2651; x_wconf 86' lang='lat' dir='ltr'><em>Sed</em></span> <span class='ocrx_word' id='word_1_585' title='bbox 1629 2608 1724 2650; x_wconf 88' lang='lat' dir='ltr'><em>haec</em></span> <span class='ocrx_word' id='word_1_586' title='bbox 1741 2608 1896 2650; x_wconf 87' lang='lat' dir='ltr'><em>omnia</em></span> <span class='ocrx_word' id='word_1_587' title='bbox 1914 2613 2194 2657; x_wconf 88' lang='lat' dir='ltr'><em>corruerent,</em></span> <span class='ocrx_word' id='word_1_588' title='bbox 2217 2613 2260 2647; x_wconf 91' lang='lat' dir='ltr'><em>et</em></span> <span class='ocrx_word' id='word_1_589' title='bbox 2274 2601 2398 2646; x_wconf 90' lang='lat' dir='ltr'><em>Livii</em></span> <span class='ocrx_word' id='word_1_590' title='bbox 2417 2612 2461 2646; x_wconf 90' lang='lat' dir='ltr'><em>et</em></span> <span class='ocrx_word' id='word_1_591' title='bbox 2481 2602 2595 2645; x_wconf 91' lang='lat' dir='ltr'><em>Dio-</em></span> 
     </span>
     <span class='ocr_line' id='line_1_84' title="bbox 1369 2676 2596 2738; baseline -0.006 -12"><span class='ocrx_word' id='word_1_592' title='bbox 1369 2681 1472 2726; x_wconf 91' lang='lat' dir='ltr'><em>dori</em></span> <span class='ocrx_word' id='word_1_593' title='bbox 1500 2692 1545 2726; x_wconf 91' lang='lat' dir='ltr'><em>et</em></span> <span class='ocrx_word' id='word_1_594' title='bbox 1578 2679 1927 2738; x_wconf 85' lang='lat' dir='ltr'><em>Agatharchidis</em></span> <span class='ocrx_word' id='word_1_595' title='bbox 1962 2679 2205 2722; x_wconf 88' lang='lat' dir='ltr'><em>auctoritas</em></span> <span class='ocrx_word' id='word_1_596' title='bbox 2234 2684 2529 2731; x_wconf 84' lang='lat' dir='ltr'><em>everteretur,</em></span> <span class='ocrx_word' id='word_1_597' title='bbox 2558 2676 2596 2719; x_wconf 90' lang='lat' dir='ltr'><em>si</em></span> 
     </span>
     <span class='ocr_line' id='line_1_85' title="bbox 1370 2753 2595 2815; baseline -0.007 -12"><span class='ocrx_word' id='word_1_598' title='bbox 1370 2774 1530 2803; x_wconf 86' lang='lat' dir='ltr'><em>revera</em></span> <span class='ocrx_word' id='word_1_599' title='bbox 1556 2757 1686 2809; x_wconf 89' lang='lat' dir='ltr'><em>Soter</em></span> <span class='ocrx_word' id='word_1_600' title='bbox 1711 2757 1850 2800; x_wconf 87' lang='lat' dir='ltr'><em>filiam</em></span> <span class='ocrx_word' id='word_1_601' title='bbox 1885 2755 2157 2815; x_wconf 88' lang='lat' dir='ltr'><em>suscepisset</em></span> <span class='ocrx_word' id='word_1_602' title='bbox 2189 2768 2309 2797; x_wconf 86' lang='lat' dir='ltr'><em>anno</em></span> <span class='ocrx_word' id='word_1_603' title='bbox 2337 2753 2440 2807; x_wconf 85' lang='lat'><em>126,</em></span> <span class='ocrx_word' id='word_1_604' title='bbox 2463 2767 2595 2811; x_wconf 86' lang='lat' dir='ltr'><em>quam</em></span> 
     </span>
     <span class='ocr_line' id='line_1_86' title="bbox 1370 2826 2605 2886; baseline -0.008 -8"><span class='ocrx_word' id='word_1_605' title='bbox 1370 2849 1490 2878; x_wconf 89' lang='lat' dir='ltr'><em>anno</em></span> <span class='ocrx_word' id='word_1_606' title='bbox 1536 2840 1620 2886; x_wconf 78' lang='lat'><em>114</em></span> <span class='ocrx_word' id='word_1_607' title='bbox 1654 2831 1858 2876; x_wconf 87' lang='lat' dir='ltr'><em>duxisset</em></span> <span class='ocrx_word' id='word_1_608' title='bbox 1892 2829 2145 2874; x_wconf 83' lang='lat' dir='ltr'><em>Alexander</em></span> <span class='ocrx_word' id='word_1_609' title='bbox 2170 2827 2209 2884; x_wconf 84' lang='lat' dir='ltr'><em>l,</em></span> <span class='ocrx_word' id='word_1_610' title='bbox 2234 2837 2283 2871; x_wconf 91' lang='lat' dir='ltr'><em>ut</em></span> <span class='ocrx_word' id='word_1_611' title='bbox 2308 2827 2356 2871; x_wconf 92' lang='lat' dir='ltr'><em>in</em></span> <span class='ocrx_word' id='word_1_612' title='bbox 2380 2826 2605 2870; x_wconf 85' lang='lat' dir='ltr'><em>laterculo-</em></span> 
     </span>
     <span class='ocr_line' id='line_1_87' title="bbox 1371 2899 2598 2968; baseline -0.009 -15"><span class='ocrx_word' id='word_1_613' title='bbox 1371 2923 1454 2953; x_wconf 92' lang='lat' dir='ltr'><em>suo</em></span> <span class='ocrx_word' id='word_1_614' title='bbox 1472 2907 1606 2968; x_wconf 91' lang='lat' dir='ltr'><em>ponit</em></span> <span class='ocrx_word' id='word_1_615' title='bbox 1628 2905 1916 2951; x_wconf 89' lang='lat' dir='ltr'><em>Letronnius.</em></span> <span class='ocrx_word' id='word_1_616' title='bbox 1943 2905 2001 2947; x_wconf 90' lang='lat' dir='ltr'><em>At</em></span> <span class='ocrx_word' id='word_1_617' title='bbox 2024 2902 2140 2947; x_wconf 91' lang='lat' dir='ltr'><em>nihil</em></span> <span class='ocrx_word' id='word_1_618' title='bbox 2163 2902 2356 2946; x_wconf 87' lang='lat' dir='ltr'><em>historia</em></span> <span class='ocrx_word' id='word_1_619' title='bbox 2386 2899 2598 2960; x_wconf 85' lang='lat' dir='ltr'><em>suppedi-</em></span> 
     </span>
     <span class='ocr_line' id='line_1_88' title="bbox 1371 2971 2594 3041; baseline -0.009 -14"><span class='ocrx_word' id='word_1_620' title='bbox 1371 2992 1436 3026; x_wconf 89' lang='lat' dir='ltr'><em>tat</em></span> <span class='ocrx_word' id='word_1_621' title='bbox 1454 2980 1582 3041; x_wconf 82' lang='lat' dir='ltr'><em>‘quod</em></span> <span class='ocrx_word' id='word_1_622' title='bbox 1602 2982 1651 3025; x_wconf 91' lang='lat' dir='ltr'><em>in</em></span> <span class='ocrx_word' id='word_1_623' title='bbox 1683 2978 1910 3039; x_wconf 87' lang='lat' dir='ltr'><em>ejusmodi</em></span> <span class='ocrx_word' id='word_1_624' title='bbox 1937 2978 2205 3022; x_wconf 86' lang='lat' dir='ltr'><em>sententiam</em></span> <span class='ocrx_word' id='word_1_625' title='bbox 2233 2975 2362 3020; x_wconf 89' lang='lat' dir='ltr'><em>abire</em></span> <span class='ocrx_word' id='word_1_626' title='bbox 2396 2971 2594 3034; x_wconf 81' lang='lat' dir='ltr'><em>cogat(*).</em></span> 
     </span>
     <span class='ocr_line' id='line_1_89' title="bbox 1371 3042 2602 3107; baseline -0.009 -6"><span class='ocrx_word' id='word_1_627' title='bbox 1371 3057 1498 3101; x_wconf 90' lang='lat' dir='ltr'><em>Duas</em></span> <span class='ocrx_word' id='word_1_628' title='bbox 1531 3055 1790 3100; x_wconf 87' lang='lat' dir='ltr'><em>Alexander</em></span> <span class='ocrx_word' id='word_1_629' title='bbox 1821 3053 1841 3097; x_wconf 91' lang='lat' dir='ltr'>I</span> <span class='ocrx_word' id='word_1_630' title='bbox 1877 3067 2042 3097; x_wconf 90' lang='lat' dir='ltr'><em>uxores</em></span> <span class='ocrx_word' id='word_1_631' title='bbox 2071 3050 2260 3105; x_wconf 87' lang='lat' dir='ltr'><em>habuit;</em></span> <span class='ocrx_word' id='word_1_632' title='bbox 2285 3042 2475 3107; x_wconf 55' lang='lat' dir='ltr'><em>⁴utrique</em></span> <span class='ocrx_word' id='word_1_633' title='bbox 2506 3057 2602 3091; x_wconf 87' lang='lat' dir='ltr'><em>erat</em></span> 
     </span>
     <span class='ocr_line' id='line_1_90' title="bbox 1371 3123 2596 3192; baseline -0.009 -15"><span class='ocrx_word' id='word_1_634' title='bbox 1371 3133 1621 3192; x_wconf 84' lang='lat' dir='ltr'><em>Cleopatrae</em></span> <span class='ocrx_word' id='word_1_635' title='bbox 1660 3146 1851 3185; x_wconf 88' lang='lat' dir='ltr'><em>nomen;</em></span> <span class='ocrx_word' id='word_1_636' title='bbox 1879 3129 2079 3189; x_wconf 89' lang='lat' dir='ltr'><em>priorem</em></span> <span class='ocrx_word' id='word_1_637' title='bbox 2114 3126 2299 3171; x_wconf 86' lang='lat' dir='ltr'><em>nonnisi</em></span> <span class='ocrx_word' id='word_1_638' title='bbox 2326 3141 2381 3168; x_wconf 89' lang='lat' dir='ltr'><em>ex</em></span> <span class='ocrx_word' id='word_1_639' title='bbox 2412 3123 2596 3167; x_wconf 88' lang='lat' dir='ltr'><em>Eusebii</em></span> 
     </span>
     <span class='ocr_line' id='line_1_91' title="bbox 1372 3199 2600 3259; baseline -0.011 -6"><span class='ocrx_word' id='word_1_640' title='bbox 1372 3209 1604 3253; x_wconf 88' lang='lat' dir='ltr'><em>Chronico</em></span> <span class='ocrx_word' id='word_1_641' title='bbox 1628 3207 1867 3259; x_wconf 90' lang='lat' dir='ltr'><em>novimus,</em></span> <span class='ocrx_word' id='word_1_642' title='bbox 1904 3204 1981 3248; x_wconf 89' lang='lat' dir='ltr'><em>ubi</em></span> <span class='ocrx_word' id='word_1_643' title='bbox 2004 3202 2261 3247; x_wconf 88' lang='lat' dir='ltr'><em>Alexander</em></span> <span class='ocrx_word' id='word_1_644' title='bbox 2287 3199 2328 3242; x_wconf 93' lang='lat' dir='ltr'><em>ll</em></span> <span class='ocrx_word' id='word_1_645' title='bbox 2353 3199 2600 3257; x_wconf 85' lang='lat' dir='ltr'><em>Cleopatrae</em></span> 
     </span>
     <span class='ocr_line' id='line_1_92' title="bbox 1373 3270 2600 3328; baseline -0.011 0"><span class='ocrx_word' id='word_1_646' title='bbox 1373 3284 1495 3328; x_wconf 86' lang='lat' dir='ltr'><em>filius</em></span> <span class='ocrx_word' id='word_1_647' title='bbox 1515 3298 1612 3328; x_wconf 89' lang='lat' dir='ltr'><em>esse</em></span> <span class='ocrx_word' id='word_1_648' title='bbox 1631 3282 1814 3326; x_wconf 88' lang='lat' dir='ltr'><em>dicitur.</em></span> <span class='ocrx_word' id='word_1_649' title='bbox 1840 3278 2035 3323; x_wconf 85' lang='lat' dir='ltr'><em>Duxisse</em></span> <span class='ocrx_word' id='word_1_650' title='bbox 2068 3292 2164 3321; x_wconf 90' lang='lat' dir='ltr'><em>eam</em></span> <span class='ocrx_word' id='word_1_651' title='bbox 2190 3272 2445 3319; x_wconf 87' lang='lat' dir='ltr'><em>Alexander</em></span> <span class='ocrx_word' id='word_1_652' title='bbox 2467 3270 2600 3315; x_wconf 91' lang='lat' dir='ltr'><em>debet</em></span> 
     </span>
     <span class='ocr_line' id='line_1_93' title="bbox 1372 3345 2599 3416; baseline -0.013 -12"><span class='ocrx_word' id='word_1_653' title='bbox 1372 3370 1474 3404; x_wconf 89' lang='lat' dir='ltr'><em>ante</em></span> <span class='ocrx_word' id='word_1_654' title='bbox 1491 3375 1563 3404; x_wconf 91' lang='lat' dir='ltr'><em>an.</em></span> <span class='ocrx_word' id='word_1_655' title='bbox 1595 3359 1695 3416; x_wconf 81' lang='lat'><em>103,</em></span> <span class='ocrx_word' id='word_1_656' title='bbox 1717 3372 1808 3415; x_wconf 90' lang='lat' dir='ltr'><em>quo</em></span> <span class='ocrx_word' id='word_1_657' title='bbox 1828 3355 1949 3398; x_wconf 87' lang='lat' dir='ltr'><em>filius</em></span> <span class='ocrx_word' id='word_1_658' title='bbox 1973 3368 2030 3396; x_wconf 91' lang='lat' dir='ltr'><em>ex</em></span> <span class='ocrx_word' id='word_1_659' title='bbox 2059 3366 2110 3396; x_wconf 91' lang='lat' dir='ltr'><em>ea</em></span> <span class='ocrx_word' id='word_1_660' title='bbox 2133 3359 2264 3394; x_wconf 88' lang='lat' dir='ltr'><em>natus</em></span> <span class='ocrx_word' id='word_1_661' title='bbox 2281 3345 2538 3392; x_wconf 87' lang='lat' dir='ltr'><em>Alexander</em></span> <span class='ocrx_word' id='word_1_662' title='bbox 2555 3345 2599 3389; x_wconf 88' lang='grc' dir='ltr'><em>ΙΙ</em></span> 
     </span>
     <span class='ocr_line' id='line_1_94' title="bbox 1371 3422 2599 3490; baseline -0.015 -9"><span class='ocrx_word' id='word_1_663' title='bbox 1371 3437 1421 3481; x_wconf 87' lang='grc'><em>111</em></span> <span class='ocrx_word' id='word_1_664' title='bbox 1450 3436 1547 3480; x_wconf 90' lang='lat' dir='ltr'><em>Con</em></span> <span class='ocrx_word' id='word_1_665' title='bbox 1570 3433 1764 3478; x_wconf 88' lang='lat' dir='ltr'><em>insulam</em></span> <span class='ocrx_word' id='word_1_666' title='bbox 1793 3437 2123 3490; x_wconf 85' lang='lat' dir='ltr'><em>transportatus</em></span> <span class='ocrx_word' id='word_1_667' title='bbox 2159 3435 2242 3480; x_wconf 92' lang='lat' dir='ltr'><em>est,</em></span> <span class='ocrx_word' id='word_1_668' title='bbox 2265 3422 2348 3468; x_wconf 86' lang='lat' dir='ltr'><em>ubi</em></span> <span class='ocrx_word' id='word_1_669' title='bbox 2384 3422 2599 3482; x_wconf 84' lang='lat' dir='ltr'><em>juvenem</em></span> 
     </span>
     <span class='ocr_line' id='line_1_95' title="bbox 1373 3495 2602 3567; baseline -0.015 -11"><span class='ocrx_word' id='word_1_670' title='bbox 1373 3508 1691 3567; x_wconf 90' lang='lat' dir='ltr'><em>duodeviginti</em></span> <span class='ocrx_word' id='word_1_671' title='bbox 1750 3505 1992 3550; x_wconf 89' lang='lat' dir='ltr'><em>minimum</em></span> <span class='ocrx_word' id='word_1_672' title='bbox 2040 3516 2183 3547; x_wconf 89' lang='lat' dir='ltr'><em>annos</em></span> <span class='ocrx_word' id='word_1_673' title='bbox 2232 3507 2387 3543; x_wconf 90' lang='lat' dir='ltr'><em>natum</em></span> <span class='ocrx_word' id='word_1_674' title='bbox 2434 3495 2602 3555; x_wconf 88' lang='lat' dir='ltr'><em>reperit</em></span> 
     </span>
     <span class='ocr_line' id='line_1_96' title="bbox 1373 3571 2603 3642; baseline -0.016 -11"><span class='ocrx_word' id='word_1_675' title='bbox 1373 3602 1445 3631; x_wconf 84' lang='lat' dir='ltr'><em>an.</em></span> <span class='ocrx_word' id='word_1_676' title='bbox 1471 3586 1529 3629; x_wconf 87' lang='lat'><em>86</em></span> <span class='ocrx_word' id='word_1_677' title='bbox 1559 3581 1846 3642; x_wconf 55' lang='lat' dir='ltr'><em>Mithridates</em></span> <span class='ocrx_word' id='word_1_678' title='bbox 1880 3578 1950 3624; x_wconf 80' lang='grc' dir='ltr'><em>καὶ</em></span> <span class='ocrx_word' id='word_1_679' title='bbox 1987 3573 2243 3636; x_wconf 75' lang='grc' dir='ltr'>παραλαὸὼν</span> <span class='ocrx_word' id='word_1_680' title='bbox 2268 3571 2407 3633; x_wconf 76' lang='grc' dir='ltr'>ἔτρεφε</span> <span class='ocrx_word' id='word_1_681' title='bbox 2433 3571 2603 3631; x_wconf 86' lang='grc' dir='ltr'>βασιλι-</span> 
     </span>
     <span class='ocr_line' id='line_1_97' title="bbox 1374 3643 2596 3712; baseline -0.017 -6"><span class='ocrx_word' id='word_1_682' title='bbox 1374 3664 1470 3712; x_wconf 82' lang='grc' dir='ltr'>κῶς.</span> <span class='ocrx_word' id='word_1_683' title='bbox 1509 3660 1666 3704; x_wconf 88' lang='lat' dir='ltr'><em>Altera</em></span> <span class='ocrx_word' id='word_1_684' title='bbox 1704 3672 1824 3702; x_wconf 90' lang='lat' dir='ltr'><em>uxor</em></span> <span class='ocrx_word' id='word_1_685' title='bbox 1864 3663 1961 3699; x_wconf 86' lang='lat' dir='ltr'><em>erat</em></span> <span class='ocrx_word' id='word_1_686' title='bbox 1994 3652 2231 3709; x_wconf 88' lang='lat' dir='ltr'><em>Cleopatra</em></span> <span class='ocrx_word' id='word_1_687' title='bbox 2273 3645 2447 3691; x_wconf 89' lang='lat' dir='ltr'><em>Soteris</em></span> <span class='ocrx_word' id='word_1_688' title='bbox 2487 3643 2596 3697; x_wconf 84' lang='lat' dir='ltr'><em>filia,</em></span> 
     </span>
     <span class='ocr_line' id='line_1_98' title="bbox 1376 3718 2597 3796; baseline -0.019 -15"><span class='ocrx_word' id='word_1_689' title='bbox 1376 3751 1509 3796; x_wconf 90' lang='lat' dir='ltr'><em>quam</em></span> <span class='ocrx_word' id='word_1_690' title='bbox 1526 3735 1695 3779; x_wconf 90' lang='lat' dir='ltr'><em>seimus</em></span> <span class='ocrx_word' id='word_1_691' title='bbox 1715 3740 1940 3775; x_wconf 88' lang='lat' dir='ltr'><em>mortuam</em></span> <span class='ocrx_word' id='word_1_692' title='bbox 1963 3742 2060 3772; x_wconf 87' lang='lat' dir='ltr'><em>esse</em></span> <span class='ocrx_word' id='word_1_693' title='bbox 2084 3741 2202 3769; x_wconf 86' lang='lat' dir='ltr'><em>anno</em></span> <span class='ocrx_word' id='word_1_694' title='bbox 2223 3723 2275 3767; x_wconf 85' lang='lat'><em>81</em></span> <span class='ocrx_word' id='word_1_695' title='bbox 2304 3718 2597 3779; x_wconf 79' lang='lat' dir='ltr'><em>(Porphyr.),</em></span> 
     </span>
    </p>
   </div>
   <div class='ocr_carea' id='block_1_11' title="bbox 79 3867 2608 4107">
    <p class='ocr_par' dir='ltr' id='par_1_13' title="bbox 79 3867 2608 4107">
     <span class='ocr_line' id='line_1_99' title="bbox 126 3867 2600 3941; baseline -0.009 -16"><span class='ocrx_word' id='word_1_696' title='bbox 126 3886 174 3934; x_wconf 64' lang='lat'><em>(⁴¹)</em></span> <span class='ocrx_word' id='word_1_697' title='bbox 197 3889 273 3925; x_wconf 81' lang='lat' dir='ltr'><em>Nec</em></span> <span class='ocrx_word' id='word_1_698' title='bbox 291 3887 498 3935; x_wconf 87' lang='lat' dir='ltr'><em>quidquam</em></span> <span class='ocrx_word' id='word_1_699' title='bbox 519 3888 651 3925; x_wconf 84' lang='lat' dir='ltr'><em>dehac</em></span> <span class='ocrx_word' id='word_1_700' title='bbox 667 3899 707 3926; x_wconf 88' lang='lat' dir='ltr'><em>re</em></span> <span class='ocrx_word' id='word_1_701' title='bbox 724 3891 903 3941; x_wconf 80' lang='lat' dir='ltr'><em>probatur</em></span> <span class='ocrx_word' id='word_1_702' title='bbox 916 3892 1026 3929; x_wconf 83' lang='lat' dir='ltr'><em>titulo</em></span> <span class='ocrx_word' id='word_1_703' title='bbox 1047 3891 1346 3940; x_wconf 79' lang='lat' dir='ltr'><em>Apollopolitano</em></span> <span class='ocrx_word' id='word_1_704' title='bbox 1361 3890 1443 3938; x_wconf 89' lang='lat' dir='ltr'><em>(ap.</em></span> <span class='ocrx_word' id='word_1_705' title='bbox 1459 3890 1559 3926; x_wconf 85' lang='lat' dir='ltr'><em>Letr.</em></span> <span class='ocrx_word' id='word_1_706' title='bbox 1575 3888 1599 3925; x_wconf 90' lang='grc' dir='ltr'><em>Ι.</em></span> <span class='ocrx_word' id='word_1_707' title='bbox 1618 3887 1643 3924; x_wconf 89' lang='grc' dir='ltr'><em>Ι.</em></span> <span class='ocrx_word' id='word_1_708' title='bbox 1663 3896 1697 3933; x_wconf 87' lang='lat' dir='ltr'><em>p.</em></span> <span class='ocrx_word' id='word_1_709' title='bbox 1718 3887 1778 3929; x_wconf 79' lang='lat'><em>49,</em></span> <span class='ocrx_word' id='word_1_710' title='bbox 1796 3884 1833 3921; x_wconf 88' lang='lat' dir='ltr'><em>in</em></span> <span class='ocrx_word' id='word_1_711' title='bbox 1853 3885 1896 3930; x_wconf 66' lang='lat' dir='ltr'><em>C.⁴</em></span> <span class='ocrx_word' id='word_1_712' title='bbox 1922 3884 1951 3919; x_wconf 91' lang='lat'><em>1.</em></span> <span class='ocrx_word' id='word_1_713' title='bbox 1967 3882 2041 3924; x_wconf 85' lang='grc' dir='ltr'><strong>ΙΙΙ,</strong></span> <span class='ocrx_word' id='word_1_714' title='bbox 2060 3889 2098 3927; x_wconf 90' lang='lat' dir='ltr'><em>p.</em></span> <span class='ocrx_word' id='word_1_715' title='bbox 2120 3875 2214 3922; x_wconf 79' lang='lat'>362)</span> <span class='ocrx_word' id='word_1_716' title='bbox 2235 3889 2244 3912; x_wconf 88' lang='lat'><strong>:</strong></span> <span class='ocrx_word' id='word_1_717' title='bbox 2267 3871 2469 3938; x_wconf 42' lang='lat' dir='ltr'><em>Boinoa-&lt;soa</em></span> <span class='ocrx_word' id='word_1_718' title='bbox 2492 3867 2600 3931; x_wconf 60' lang='grc' dir='ltr'>Κλέο-</span> 
     </span>
     <span class='ocr_line' id='line_1_100' title="bbox 79 3931 2599 3996; baseline -0.01 -16"><span class='ocrx_word' id='word_1_719' title='bbox 79 3955 198 3991; x_wconf 78' lang='grc' dir='ltr'>πατρα</span> <span class='ocrx_word' id='word_1_720' title='bbox 219 3945 278 3981; x_wconf 82' lang='grc' dir='ltr'><em>καὶ</em></span> <span class='ocrx_word' id='word_1_721' title='bbox 308 3945 475 3992; x_wconf 73' lang='grc' dir='ltr'>βασιλεὺς</span> <span class='ocrx_word' id='word_1_722' title='bbox 507 3946 730 3992; x_wconf 83' lang='grc' dir='ltr'>Πτολεμαῖος</span> <span class='ocrx_word' id='word_1_723' title='bbox 752 3947 824 3983; x_wconf 84' lang='grc' dir='ltr'><strong>θεοὶ</strong></span> <span class='ocrx_word' id='word_1_724' title='bbox 843 3948 991 3995; x_wconf 76' lang='grc' dir='ltr'>μεγάλοι</span> <span class='ocrx_word' id='word_1_725' title='bbox 1011 3948 1256 3996; x_wconf 77' lang='grc' dir='ltr'>Φιλομήτορες</span> <span class='ocrx_word' id='word_1_726' title='bbox 1272 3945 1285 3995; x_wconf 94' lang='grc'>[</span> <span class='ocrx_word' id='word_1_727' title='bbox 1299 3947 1361 3983; x_wconf 77' lang='grc' dir='ltr'><em>καὶ</em></span> <span class='ocrx_word' id='word_1_728' title='bbox 1378 3944 1569 3994; x_wconf 82' lang='grc' dir='ltr'><strong>Σωτῆρ]ες,</strong></span> <span class='ocrx_word' id='word_1_729' title='bbox 1586 3943 1649 3981; x_wconf 82' lang='grc' dir='ltr'><em>καὶ</em></span> <span class='ocrx_word' id='word_1_730' title='bbox 1669 3944 1779 3979; x_wconf 79' lang='grc' dir='ltr'><strong>τέκνα</strong></span> <span class='ocrx_word' id='word_1_731' title='bbox 1797 3939 1968 3988; x_wconf 74' lang='grc' dir='ltr'>Ἀρωήρει</span> <span class='ocrx_word' id='word_1_732' title='bbox 1992 3938 2063 3984; x_wconf 83' lang='grc' dir='ltr'><em>θεῷ</em></span> <span class='ocrx_word' id='word_1_733' title='bbox 2087 3931 2248 3982; x_wconf 80' lang='grc' dir='ltr'><strong>μεγίστῳ</strong></span> <span class='ocrx_word' id='word_1_734' title='bbox 2263 3941 2324 3966; x_wconf 82' lang='grc' dir='ltr'><em>και</em></span> <span class='ocrx_word' id='word_1_735' title='bbox 2349 3938 2420 3966; x_wconf 83' lang='grc' dir='ltr'>τοις</span> <span class='ocrx_word' id='word_1_736' title='bbox 2436 3934 2599 3984; x_wconf 52' lang='grc' dir='ltr'>συνναοιί</span> 
     </span>
     <span class='ocr_line' id='line_1_101' title="bbox 81 3981 2608 4051; baseline -0.009 -17"><span class='ocrx_word' id='word_1_737' title='bbox 81 3998 184 4041; x_wconf 83' lang='grc' dir='ltr'><strong>θεοῖς.</strong></span> <span class='ocrx_word' id='word_1_738' title='bbox 207 4001 246 4035; x_wconf 84' lang='grc'><em>111</em></span> <span class='ocrx_word' id='word_1_739' title='bbox 266 4000 402 4047; x_wconf 86' lang='lat' dir='ltr'><em>quibus</em></span> <span class='ocrx_word' id='word_1_740' title='bbox 420 4000 450 4037; x_wconf 91' lang='lat' dir='ltr'><em>si</em></span> <span class='ocrx_word' id='word_1_741' title='bbox 474 4002 575 4037; x_wconf 85' lang='lat' dir='ltr'><em>recte</em></span> <span class='ocrx_word' id='word_1_742' title='bbox 598 4000 709 4038; x_wconf 83' lang='lat' dir='ltr'><em>habet</em></span> <span class='ocrx_word' id='word_1_743' title='bbox 723 4002 1024 4049; x_wconf 81' lang='lat' dir='ltr'><em>supplementum</em></span> <span class='ocrx_word' id='word_1_744' title='bbox 1046 4005 1108 4040; x_wconf 79' lang='grc' dir='ltr'><em>καὶ</em></span> <span class='ocrx_word' id='word_1_745' title='bbox 1128 4005 1312 4051; x_wconf 76' lang='grc' dir='ltr'>Σωτῆρες,</span> <span class='ocrx_word' id='word_1_746' title='bbox 1331 4001 1538 4048; x_wconf 84' lang='lat' dir='ltr'><em>titulusque</em></span> <span class='ocrx_word' id='word_1_747' title='bbox 1559 3999 1605 4037; x_wconf 87' lang='lat' dir='ltr'><em>ad</em></span> <span class='ocrx_word' id='word_1_748' title='bbox 1640 3997 1884 4035; x_wconf 83' lang='lat' dir='ltr'><em>Ptolemaeum</em></span> <span class='ocrx_word' id='word_1_749' title='bbox 1906 3995 1994 4031; x_wconf 83' lang='lat' dir='ltr'><em>vul</em></span> <span class='ocrx_word' id='word_1_750' title='bbox 2014 3990 2186 4038; x_wconf 85' lang='lat' dir='ltr'><em>pertinet,</em></span> <span class='ocrx_word' id='word_1_751' title='bbox 2216 3990 2345 4044; x_wconf 64' lang='lat' dir='ltr'><em>tamen</em></span> <span class='ocrx_word' id='word_1_752' title='bbox 2372 3981 2418 4041; x_wconf 67' lang='lat' dir='ltr'><em>dc</em></span> <span class='ocrx_word' id='word_1_753' title='bbox 2444 3989 2541 4015; x_wconf 87' lang='lat' dir='ltr'><em>anno</em></span> <span class='ocrx_word' id='word_1_754' title='bbox 2567 3988 2608 4015; x_wconf 71' lang='lat' dir='ltr'><em>ei-</em></span> 
     </span>
     <span class='ocr_line' id='line_1_102' title="bbox 80 4035 2596 4107; baseline -0.009 -16"><span class='ocrx_word' id='word_1_755' title='bbox 80 4053 296 4102; x_wconf 80' lang='lat' dir='ltr'><em>assignando</em></span> <span class='ocrx_word' id='word_1_756' title='bbox 323 4056 412 4094; x_wconf 84' lang='lat' dir='ltr'><em>nihil</em></span> <span class='ocrx_word' id='word_1_757' title='bbox 434 4056 550 4105; x_wconf 76' lang='lat' dir='ltr'><em>liquet</em></span> <span class='ocrx_word' id='word_1_758' title='bbox 570 4067 638 4095; x_wconf 88' lang='lat' dir='ltr'><em>nec</em></span> <span class='ocrx_word' id='word_1_759' title='bbox 653 4057 861 4106; x_wconf 84' lang='lat' dir='ltr'><em>quidquum</em></span> <span class='ocrx_word' id='word_1_760' title='bbox 883 4058 928 4097; x_wconf 87' lang='lat' dir='ltr'><em>de</em></span> <span class='ocrx_word' id='word_1_761' title='bbox 947 4069 992 4096; x_wconf 88' lang='lat' dir='ltr'><em>eo</em></span> <span class='ocrx_word' id='word_1_762' title='bbox 1012 4059 1303 4106; x_wconf 83' lang='lat' dir='ltr'><em>admittendum,</em></span> <span class='ocrx_word' id='word_1_763' title='bbox 1321 4058 1422 4107; x_wconf 87' lang='lat' dir='ltr'><em>quod</em></span> <span class='ocrx_word' id='word_1_764' title='bbox 1443 4067 1529 4095; x_wconf 90' lang='lat' dir='ltr'><em>cum</em></span> <span class='ocrx_word' id='word_1_765' title='bbox 1552 4054 1694 4102; x_wconf 83' lang='lat' dir='ltr'><em>reliqua</em></span> <span class='ocrx_word' id='word_1_766' title='bbox 1709 4062 1823 4100; x_wconf 87' lang='lat' dir='ltr'><em>quam</em></span> <span class='ocrx_word' id='word_1_767' title='bbox 1846 4049 2019 4088; x_wconf 85' lang='lat' dir='ltr'><em>novimus</em></span> <span class='ocrx_word' id='word_1_768' title='bbox 2036 4043 2188 4082; x_wconf 81' lang='lat' dir='ltr'><em>historia</em></span> <span class='ocrx_word' id='word_1_769' title='bbox 2215 4036 2402 4077; x_wconf 75' lang='lat' dir='ltr'><em>conctltarl</em></span> <span class='ocrx_word' id='word_1_770' title='bbox 2423 4035 2596 4081; x_wconf 82' lang='lat' dir='ltr'><em>nequeat.</em></span> 
     </span>
    </p>
   </div>
  </div>
 </body>
</html>
