2808 4342
700 115 744 160 Ο

185 189 276 231 346

186 350 421 401 κατιδόντες
441 347 517 401 τὰς
547 346 658 397 νέας.
726 341 848 394 Σῑτός
866 358 911 387 τε
933 338 1075 386 αὐτόθι
1095 340 1171 386 οὐκ
1206 341 1327 398 ἐνῆν,
1348 340 1421 387 καὶ

183 410 447 461 ῦπολελοίπει
463 408 540 465 τὴν
565 404 761 469 στρατιὴν
784 406 806 449 ὁ
827 400 994 455 πολλός·
1013 399 1122 448 ἀλλὰ
1144 393 1265 464 αἶγας
1285 401 1421 463 3326«-

183 481 350 542 λόμενοι
372 480 412 532 ἃς
441 476 516 530 τὰς
545 475 660 530 νέας,
696 470 805 518 οὕτω
826 468 878 528 δὴ
911 468 1152 519 ᾶπίπλιυον.
1224 472 1298 533 (ιο)
1335 470 1424 519 Καὶ

142 571 163 599 s
182 547 515 614 περιπλώσαντες
548 542 680 604 ἄκρην
717 538 884 603 ὑψηλὴν
929 537 1026 587 ὅσον
1058 536 1315 596 πεντήκοντα
1351 538 1426 587 καὶ

181 618 328 666 ἕκατον
352 613 540 663 σταδίους
567 609 796 671 ἀνέχουσαν
820 609 860 662 ἐς
881 607 952 655 τὸν
974 606 1148 667 πόντον,
1170 608 1424 672 κατάγονται

78 674 90 682 ’
179 690 222 735 ἓν
251 684 386 745 λιμένι
409 677 619 742 ἀκλύστῳ·
654 676 725 724 καὶ
760 676 871 741 ὕδωρ
906 677 1049 725 αὗτόθι
1081 671 1155 738 ἦν,
1181 677 1256 726 καὶ
1289 678 1423 731 ἁλιίες

180 755 320 819 ᾤκεον·
343 749 547 812 Μόσαρνα
569 746 725 809 οὕνομα
739 740 792 805 ἦν
810 749 870 812 τῷ
885 746 1040 809 λιμίνι.

242 821 436 868 xxvn.
486 815 675 866 Ἐνθένδε
711 816 783 863 καὶ
820 815 991 878 ἡγεμὼν
1033 819 1108 863 τοῦ
1145 815 1275 863 πλόου
1313 816 1426 879 λέγει

124 910 162 940 ιυ
181 890 370 953 Νέαρχος
398 887 462 935 ὅτι
493 886 757 934 συνέπλωσεν
784 886 983 944 αὐτοῖσιν,
1006 885 1219 950 Ὑδράκης
1253 883 1425 946 οὔνομα,

179 960 431 1024 Γαδρώσιος·
462 956 620 1013 ὑπέστη
653 955 697 1003 δὲ
726 955 937 1018 Ὑδράκης
963 955 1241 1013 καταστήσειν
1275 955 1428 1017 αὐτοὺς

180 1030 304 1094 μέχρι
341 1027 606 1091 Καρμανίης.
671 1025 741 1074 Τὰ
764 1024 808 1071 δὲ
833 1024 917 1071 ἀπὸ
949 1026 1067 1072 τοῦδε
1101 1024 1228 1072 οἷκίτι
1247 1024 1422 1089 χαλεπὰ

178 1091 231 1156 ἦν
248 1134 260 1155 ,
282 1096 391 1144 ἀλλὰ
415 1094 576 1159 μᾶλλόν
596 1114 636 1141 τι
654 1092 939 1155 ὀνομαζόμενα
953 1129 967 1151 ,
986 1093 1079 1141 ἔστε
1095 1093 1165 1140 ἰπὶ
1181 1093 1252 1140 τὸν
1267 1093 1425 1141 κόλπον

180 1166 250 1213 τὸν
263 1166 489 1231 Περσικόν.
561 1161 614 1230 (2)
634 1163 715 1211 Ἐκ
734 1161 777 1210 δὲ
790 1165 1022 1228 Μοσαρνῶν
1039 1163 1184 1216 νυκτὸς
1199 1162 1427 1227 ἐπάραντες

120 1255 158 1285 ιιι
180 1236 365 1284 πλώουσι
387 1235 581 1289 σταδίους
603 1235 875 1287 ἑπτακοσίους
899 1233 968 1280 καὶ
992 1232 1248 1290 πεντήκοντα
1274 1235 1314 1287 ἐς
1335 1232 1426 1281 Βά-

180 1309 319 1368 λωμον
353 1306 555 1369 αἰγιαλόν·
584 1305 694 1354 ἔνθεν
730 1304 775 1350 δὲ
810 1305 850 1356 ἐς
881 1302 1023 1366 Βάρνα
1053 1302 1201 1364 κώμην
1236 1301 1427 1356 σταδίους

181 1374 470 1440 τετρακοσίους
482 1411 496 1436 ,
512 1372 582 1420 ἵνα
599 1371 777 1437 φοίνικές
795 1391 838 1419 τε
855 1371 1001 1419 πολλοὶ
1022 1373 1172 1429 ἐνῆσαν
1193 1371 1263 1419 καὶ
1281 1375 1424 1428 κῆπος·

181 1445 254 1493 καὶ
278 1448 319 1493 ἐν
335 1447 395 1507 τῷ
413 1445 536 1507 κήπῳ
554 1444 748 1508 μύρσιναι
771 1442 1029 1507 ἐπεφύκεσαν
1042 1476 1055 1499 ,
1067 1440 1141 1488 καὶ
1159 1440 1268 1487 ἄλλα
1284 1441 1426 1499 ἄνθεα,

184 1514 258 1561 ἀπ’
289 1514 394 1563 ὅτων
419 1513 740 1577 στεφανώματα·
773 1516 846 1576 ’ζ’σι
879 1510 1059 1573 κόμῃσιν
1089 1509 1324 1557 ἔπλέκοντο·
1357 1512 1424 1570 ἒν-

116 1598 160 1628 2⁰
181 1588 314 1632 ταῧθα
342 1586 505 1647 πρῶτον
530 1582 698 1645 δένδρεά
716 1531 888 1627 τεἻΪδον
913 1580 1075 1644 ἥμερα,
1094 1579 1167 1626 καὶ
1189 1579 1428 1644 ἀνθρώπους

182 1655 229 1701 οὗ
247 1653 384 1710 πάντη
408 1650 633 1715 Θηριώδεας
650 1649 926 1702 ἐποικέοντας.
997 1649 1045 1710 (³)
1066 1648 1256 1697 Ἐνθένδε
1277 1650 1316 1701 ἐς
1337 1650 1427 1706 διη-

181 1722 343 1775 κοσίους
377 1720 565 1773 σταδίους
592 1718 931 1783 περιπλώσαντες
953 1717 1220 1780 καταίρουσιν
1256 1720 1295 1769 ἐς
1324 1723 1425 1766 Δεν-

182 1791 363 1855 δρόὸοσα
377 1828 389 1852 ,
412 1791 483 1836 καὶ
499 1792 541 1836 αἱ
557 1789 640 1842 νέες
661 1789 725 1835 ἔπ’
744 1787 955 1851 ἀγκυρέων
979 1789 1224 1833 ἐσάλευσαν.
1262 1788 1312 1847 (⁴)
1334 1786 1427 1833 Ἐν-

178 1951 263 1992 tius
283 1965 371 1993 non
390 1949 675 1992 definiendus.
711 1950 729 2003 u
757 1973 815 1981 —-
835 1962 871 1990 1.
889 1948 1243 2004 καθορμιζομένυυς
1265 1950 1317 1989 Α.
1353 1949 1369 2002 Η
1393 1971 1450 1980 -

183 2025 228 2054 2.
244 2028 336 2055 κατ
349 2013 567 2068 ιδόντες]
588 2013 648 2053 sic
659 2010 804 2054 codd.:
829 2010 974 2059 ἰδόντες
989 2009 1110 2051 editt.
1128 2018 1222 2051 ante
1237 2009 1375 2051 scbm.
1407 2011 1424 2064 ΙΙ

179 2098 239 2107 -
254 2076 298 2117 3.
328 2073 620 2131 ἔμδαλλόμενοι
646 2075 718 2116 ΑΒ
739 2082 780 2115 et
796 2088 888 2128 vgo.
931 2074 948 2128 ΙΙ
974 2096 1032 2104 —
1056 2072 1097 2114 5.
1118 2072 1174 2113 ἅκ
1189 2071 1312 2127 ρην]
1334 2072 1363 2112 i.
1388 2086 1425 2113 e.

181 2138 330 2194 Djebel
348 2137 568 2186 lorwim,
600 2135 721 2191 qu'us
744 2136 982 2178 extremitas
1010 2149 1123 2176 nunc
1141 2142 1312 2175 vocatur
1346 2137 1430 2190 Cap

182 2201 399 2250 Pam-nce,
415 2199 468 2240 ab
490 2197 648 2254 oppido
669 2201 884 2239 Passence.
902 2196 1077 2243 Zur-aim
1096 2197 1250 2237 montis
1271 2210 1426 2237 nomen

182 2270 370 2318 superest
389 2262 512 2303 etiam
528 2261 572 2301 in
590 2261 718 2301 ssuvio
735 2259 957 2310 Zorambo,
978 2272 1103 2314 quem
1118 2258 1363 2301 Ptolemaeus
1377 2258 1430 2300 ab

181 2339 329 2368 occasu
349 2325 646 2366 Musamorum
668 2330 709 2363 et
744 2321 1006 2364 Bodarorum
1045 2321 1186 2377 ponit,
1225 2335 1356 2377 quum
1378 2335 1429 2363 ex

180 2389 334 2430 Nostro
357 2386 547 2429 locorum
570 2387 675 2427 serie
693 2385 746 2427 ab
775 2392 872 2426 ortu
891 2384 1030 2440 potius
1047 2384 1327 2439 promontorii
1356 2398 1429 2439 po·

182 2449 347 2493 nendus
365 2449 490 2491 fuisse
515 2447 720 2499 videatur,
744 2446 817 2489 ubi
833 2461 947 2488 nunc
967 2454 1028 2487 est
1042 2445 1182 2488 Suduk
1210 2445 1376 2488 fluvius.
1407 2447 1424 2502 ΙΙ

181 2537 239 2546 -
262 2515 304 2556 8.
344 2512 608 2567 Μόσαρνα]
645 2512 779 2562 ΑΒῙ),
811 2511 1022 2565 Μώσαρμα
1046 2509 1101 2561 C3
1139 2523 1238 2551 mox
1267 2508 1430 2551 codices

181 2574 366 2631 praebcnt
387 2574 622 2630 Μοσαρνῶν.
645 2573 752 2614 Dein
776 2570 925 2628 οὕνομα
951 2586 1038 2612 om.
1065 2571 1155 2613 CD.
1180 2570 1306 2628 Apud
1335 2573 1430 2614 Pto-

182 2638 371 2679 lemaeum
386 2639 465 2689 VI,
488 2639 512 2679 8
528 2645 569 2678 et
585 2636 846 2678 Marcianum
864 2649 909 2691 p.
924 2637 973 2684 41
997 2634 1113 2675 locus
1133 2641 1304 2675 vocatur
1321 2633 1430 2675 Mos-

184 2715 328 2754 σαρνα,
357 2701 428 2755 qui
455 2698 686 2742 secundum
708 2697 975 2741 Ptolemaeum
996 2695 1048 2738 ad
1068 2710 1151 2751 900
1174 2694 1321 2746 stadia,
1342 2710 1427 2737 sec.

183 2761 442 2803 Marcianum
480 2763 587 2804 1300
614 2761 746 2803 stadia
778 2760 903 2803 distat
937 2759 990 2801 ab
1016 2756 1184 2801 Kalami
1213 2758 1356 2799 fluvio.
1381 2759 1430 2799 In

184 2825 338 2866 Nostro
353 2823 546 2865 distantia
562 2839 584 2866 a
599 2826 702 2880 Cysa
719 2839 803 2866 non
822 2832 1007 2873 notatur,
1023 2836 1155 2878 quum
1173 2822 1269 2863 satis
1284 2834 1431 2876 magna

95 2889 97 2891 ’
187 2887 257 2936 sit,
275 2893 419 2927 contra
443 2886 484 2926 in
510 2899 601 2940 sqq.
623 2900 646 2926 a
667 2888 861 2927 Mosarna
883 2885 935 2927 ad
953 2884 1212 2940 Copbantem
1228 2882 1431 2925 distantiae

187 2945 389 2990 notantur
419 2946 524 2988 adeo
559 2955 824 3001 exaggeratas,
848 2955 897 2987 ut
921 2946 973 2986 ab
994 2946 1109 2986 omni
1137 2946 1294 2986 ratione
1323 2959 1432 2986 rece-

186 3008 303 3051 dant.
324 3006 563 3057 Secundum
588 3008 809 3050 Arrianum
834 3008 1029 3047 Mosarna
1052 3006 1128 3046 sita
1149 3013 1265 3046 erant
1287 3005 1339 3046 ab
1367 3021 1433 3046 oc·

186 3086 284 3113 casu
304 3070 598 3128 promontorii,
625 3068 829 3125 siquidem
849 3067 1104 3123 περιπλῶσαι,
1127 3081 1211 3107 non
1228 3067 1433 3121 παραπλῶ-

187 3131 251 3175 σαι
271 3133 314 3175 id
334 3131 548 3176 Nearchus
565 3130 733 3173 dicitur.
754 3130 902 3173 Nullus
918 3138 1053 3172 tamen
1075 3129 1131 3171 ibi
1156 3136 1301 3184 portus
1322 3143 1431 3170 nunc

186 3204 311 3239 notus
327 3204 390 3239 est
403 3211 415 3248 ς
441 3202 587 3238 eontra
605 3208 704 3255 vero
731 3208 755 3236 a
776 3193 903 3235 borea
926 3192 1203 3249 promontorii
1235 3194 1432 3238 Passcncc

186 3259 302 3302 loeus
315 3267 392 3311 est,
404 3258 477 3315 qui
490 3270 633 3300 nunca
645 3255 946 3299 mercatoribus
961 3254 1257 3311 frequentatur.
1270 3254 1431 3295 Vereor

187 3336 284 3364 cum
314 3320 531 3364 Gosselino
553 3334 607 3362 ne
636 3318 738 3375 quid
757 3319 800 3360 in
833 3318 999 3361 Arriani
1032 3316 1267 3359 narratione
1291 3315 1430 3357 turba·

187 3393 277 3426 tum
316 3385 385 3426 sit.
427 3385 624 3425 Errorem
663 3380 958 3438 Kempthornii
984 3380 1056 3436 qui
1097 3380 1292 3422 Mosarna
1327 3377 1427 3420 hod.

188 3445 352 3488 Gnade!
370 3461 458 3488 esse
475 3453 609 3503 putat,
628 3444 756 3486 verbo
775 3456 1025 3486 memorasse
1039 3441 1210 3484 sufficit.

246 3509 384 3559 XVII,
414 3522 479 3551 10.
509 3506 788 3563 Ὑδράκης]
809 3504 927 3548 Idem
951 3504 1036 3547 sere
1060 3517 1213 3547 nomen
1235 3511 1430 3559 tanquam

192 3569 307 3611 fluvii
323 3571 552 3612 Carmania:
568 3570 751 3612 occurrit
770 3567 880 3625 apud
895 3568 1157 3610 Marcianum
1171 3565 1200 3608 1.
1224 3564 1254 3608 l.
1275 3573 1316 3608 et
1332 3570 1433 3609 Am-

190 3631 380 3675 mianum
399 3633 560 3683 xxm,
579 3636 620 3682 6,
639 3635 708 3683 48,
726 3630 798 3674 ubi
818 3629 1071 3689 Hydriaces(
1087 3626 1335 3685 Caudriaooe
1348 3641 1431 3671 sec.

193 3694 337 3750 Ptol.)
360 3693 459 3736 ssuv.
483 3702 751 3737 memoratur.
782 3696 799 3750 11
819 3708 955 3737 —11.
972 3693 1201 3750 Γαδροῦσιος
1221 3693 1312 3735 Ln.
1335 3692 1353 3747 ΙΙ
1378 3715 1435 3723 -

197 3770 265 3800 ια.
303 3757 352 3800 τὰ
379 3757 455 3800 tt..
486 3756 642 3813 χαλεπὰ
668 3761 718 3799 Α.
747 3759 764 3811 u
787 3782 843 3790 —
872 3761 939 3808 14.
970 3757 1178 3813 νυκτὸς]
1209 3773 1226 3795 ι
1260 3756 1435 3812 Propter

194 3828 366 3862 ventum
386 3828 514 3863 noctu
542 3834 567 3862 a
585 3828 693 3861 terra
714 3822 938 3876 spirantem
967 3819 1179 3862 discedere
1200 3825 1389 3876 poterant
1410 3833 1434 3860 a

192 3882 333 3934 litore-5
353 3890 524 3939 propter
542 3881 711 3924 boream
741 3883 783 3923 in
804 3882 887 3923 alto
907 3883 1130 3938 spirantem
1151 3891 1190 3924 et
1222 3886 1436 3937 tempesta·

195 3954 278 3987 tem
300 3960 486 3988 serenam
515 3953 643 3988 noctu
676 3953 825 4001 praeter
850 3945 971 3986 litora
1004 3945 1075 3986 sed
1108 3945 1244 4002 paullo
1274 3943 1435 3999 longius

197 4021 321 4063 quam
338 4008 553 4064 hucusque
571 4008 757 4050 consueti
773 4016 906 4058 erant,
939 4008 1025 4049 sine
1044 4008 1230 4063 periculo
1247 4006 1436 4063 navigare

1322 171 1583 220 Annum

182 255 592 341 mekufidvouflv·
627 278 720 323 ἀλλ’
752 275 900 338 ἔφυγον
940 270 1023 335 γὰρ
1062 270 1418 333 καθορμιζομίνας
1488 286 1646 321 catores
1682 280 1793 336 ipsos
1822 294 1909 323 non
1931 293 2201 339 repen-erun„
2233 285 2421 341 fugerant
2457 287 2568 329 enim
2590 286 2754 354 amn&
2788 256 2790 258 ,

1491 487 1625 541 Igitur
1638 487 1773 544 capris
1789 488 1832 529 in
1848 501 1972 530 naves
1989 485 2181 531 abductis
2193 501 2466 536 monuerunt.
2529 496 2622 549 (ιο)
2632 494 2711 537 Iud
2740 546 2742 549 ¹

1491 555 1829 611 promontorium
1851 553 2066 612 quoddam
2097 554 2227 598 altum
2256 556 2309 599 ad
2337 567 2504 604 eentum
2529 552 2769 620 quinqms'j⁴

1493 623 1607 677 ginta
1624 622 1756 666 stadia
1770 624 1813 665 in
1834 637 1948 666 mare
1961 632 2199 680 porrectum
2219 625 2484 671 circumvecti
2503 630 2546 673 in
2566 640 2744 688 portum

1492 704 1517 733 a
1551 691 1742 748 procellis
1779 699 1916 734 tutum
1957 700 2176 735 venerunt.
2235 693 2298 735 Ibi
2338 702 2379 736 et
2409 709 2518 751 aqua
2546 707 2651 751 erat,
2696 707 2738 741 et

1493 759 1719 816 piscatores
1735 758 1979 802 habitabant
1997 772 2007 801 :
2026 761 2222 803 Mosarna
2244 762 2384 818 portui
2406 777 2559 806 nomen
2577 774 2680 811 erat.
2753 806 2772 815 „

1548 827 1731 869 xxvn.
1762 828 1872 869 Hine
1886 826 2031 870 scribit
2050 828 2264 871 Nearchus
2283 828 2433 873 ducem
2449 832 2771 889 navigationis,

1492 895 1729 952 Hydracem
1762 897 1960 948 nomine,
1994 896 2247 941 Gadrosium
2262 931 2274 951 ,
2298 914 2382 943 una
2415 916 2511 943 cum
2538 903 2636 959 ipsis
2665 910 2765 952 ria-‚¹

1494 965 1652 1020 vigasse
1673 977 1684 1007 ε
1716 964 2030 1021 pollicitumque
2054 979 2141 1007 esse
2162 980 2205 1008 se
2228 966 2318 1010 illos
2346 983 2477 1026 usque
2495 970 2548 1012 ad
2570 967 2766 1014 Carina-¹⁸

1494 1034 1607 1075 niam
1619 1030 1913 1075 deducturum.
1973 1033 2121 1075 Omnis
2138 1032 2290 1077 abhinc
2306 1034 2360 1079 ad
2376 1038 2513 1080 sinum
2532 1040 2744 1082 Persicum

1494 1108 1651 1143 tractus
1670 1115 1755 1143 non
1774 1100 1952 1158 amplius
1966 1099 2146 1143 difficilis
2164 1103 2358 1158 navigato
2374 1113 2462 1147 erat
2487 1119 2497 1147 :
2519 1105 2591 1148 scd
2611 1108 2744 1150 mtxlto
2775 1134 2783 1156 ς

1494 1170 1636 1226 priore
1653 1168 1870 1212 celebrior.
1931 1169 1995 1224 (α)
2023 1170 2139 1211 Mota
2153 1168 2305 1212 deinde
2320 1179 2448 1214 noctu
2468 1187 2518 1215 ex
2536 1174 2743 1218 Mosarnis

1494 1237 1620 1280 classe
1634 1270 1645 1289 ,
1670 1238 1925 1295 septingenta
1954 1236 2253 1293 quinquaginta
2274 1237 2405 1280 stadia
2425 1242 2579 1283 emensi
2597 1242 2650 1285 ad
2669 1245 2744 1285 Ba-
2762 1220 2772 1236 ⁵

1494 1304 1653 1349 lomum
1676 1306 1789 1349 littus
1808 1305 1930 1348 delati
1948 1314 2045 1348 sunt
2070 1319 2081 1347 z
2101 1314 2225 1363 atque
2248 1307 2345 1350 inde
2365 1309 2406 1350 in
2425 1310 2558 1352 Barna
2581 1312 2741 1364 vicum,

1495 1375 1640 1418 stadiis
1656 1376 1809 1419 abinde
1831 1374 2159 1432 quadringentis,
2178 1378 2219 1418 in
2240 1392 2326 1433 quo
2346 1377 2579 1435 frequentes
2598 1380 2743 1438 palmae
2768 1358 2780 1374 ο

1495 1452 1630 1495 erant,
1646 1453 1687 1486 et
1696 1445 1857 1486 hortus.
1918 1446 1968 1486 In
1979 1444 2104 1487 horto
2116 1446 2240 1502 myrti
2255 1445 2543 1499 nascebantur,
2560 1449 2743 1505 variique

1496 1512 1637 1563 ssores,
1659 1527 1682 1554 e
1704 1512 1857 1568 quibus
1879 1511 2052 1554 corollas
2078 1513 2271 1555 texebant
2294 1528 2423 1556 comae
2455 1514 2742 1571 imponendas.

1496 1581 1588 1621 Hoc
1609 1581 1797 1636 primum
1827 1581 1869 1621 in
1896 1580 1988 1622 loco
2016 1580 2185 1623 arbores
2207 1580 2335 1623 cultas
2364 1582 2637 1639 hominesque
2658 1599 2744 1626 non

1496 1650 1671 1690 omnino
1686 1649 1794 1690 seros
1806 1657 2061 1705 repererunt.
2112 1650 2176 1704 (3)
2195 1649 2298 1691 Inde
2308 1649 2486 1694 ducenta
2500 1651 2630 1695 stadia
2649 1667 2747 1709 pro·

1496 1717 1601 1758 vecti
1618 1716 1669 1758 ad
1690 1715 1964 1759 Dendrobosa
1979 1717 2228 1774 appulerunt
2241 1735 2251 1769 ;
2270 1733 2393 1760 naves
2411 1719 2469 1760 ibi
2485 1720 2528 1761 in
2542 1720 2629 1762 saio
2645 1721 2745 1763 sub-

1496 1785 1703 1826 stiterunt.
1760 1786 1824 1843 (4)
1843 1785 1951 1826 Hinc
1982 1784 2060 1827 sub
2088 1785 2266 1827 mediam
2293 1795 2458 1829 noctem
2479 1786 2683 1831 solventes
2701 1789 2745 1831 in

1497 1955 1704 2003 poterant,
1722 1945 1963 1988 audaciores
1995 1945 2118 1996 sorte,
2139 1945 2254 2002 quod
2272 1946 2423 1988 ducem
2449 1946 2656 1989 habebant
2686 1962 2749 1990 re-

1499 2010 1633 2064 gionis
1644 2009 1839 2065 peritum.
1862 2028 1879 2046 ι
1897 2010 1961 2051 Ex
1971 2009 2178 2050 vincento
2189 2010 2458 2051 Scamnum.
2482 2010 2499 2064 ΙΙ
2515 2033 2571 2041 -
2586 2010 2653 2052 15.
2669 2010 2749 2051 84-

1499 2071 1567 2112 λω
1579 2086 1665 2127 μον
1685 2073 1700 2126 ]
1726 2070 1763 2119 ἐς
1786 2070 1990 2127 Βαλόμνον
2015 2072 2054 2112 D
2073 2078 2115 2112 et
2136 2069 2230 2112 cod.
2248 2070 2387 2123 Bodl.;
2409 2070 2593 2128 Βάλαμον
2617 2070 2743 2115 codd.

1499 2133 1733 2176 Blancardi.
1754 2135 1916 2176 Nomen
1942 2132 2110 2175 aliunde
2133 2148 2217 2175 non
2240 2142 2404 2175 notum.
2431 2134 2647 2177 Distantiae
2670 2136 2748 2178 mi·

1499 2210 1595 2237 rum
1622 2197 1664 2236 in
1685 2194 1860 2236 modum
1878 2203 2192 2250 exaggerantur.
2216 2197 2322 2238 Nam
2337 2211 2360 2238 a
2380 2197 2578 2239 Mosarna
2593 2196 2646 2239 ad
2666 2199 2748 2239 Co-

1499 2258 1697 2314 phantem
1712 2265 1989 2299 numerantur
2006 2256 2139 2299 stadia
2170 2258 2276 2312 1750
2292 2290 2303 2309 ,
2330 2272 2461 2314 quum
2481 2273 2507 2301 a
2529 2262 2614 2302 Bas
2642 2263 2747 2302 Pas·

1498 2335 1613 2362 senec
1640 2335 1771 2376 usque
1794 2318 1847 2362 ad
1883 2323 1968 2362 Bas
2000 2322 2148 2377 Koppa
2178 2321 2245 2361 vix
2282 2320 2363 2363 500
2384 2321 2468 2362 sint
2488 2320 2636 2375 stadia,
2669 2337 2747 2380 pro

1499 2383 1651 2438 quibus
1684 2382 1795 2439 apud
1826 2383 2066 2433 Arrianum,
2097 2382 2169 2438 qui
2200 2381 2284 2424 sere
2310 2383 2352 2423 iu
2385 2381 2562 2439 duplum
2597 2398 2748 2439 augere

1500 2459 1698 2487 numeros
1727 2444 1852 2496 soiet‚
1884 2459 1970 2486 non
1990 2444 2099 2486 ultra
2133 2458 2239 2487 1000
2279 2443 2410 2487 stadia
2431 2447 2746 2502 exspectaveris.
2804 2423 2808 2491 1ι

1499 2510 1641 2563 Quare
1666 2507 1860 2549 distantia
1881 2521 1973 2563 quae
1988 2515 2048 2549 est
2064 2522 2087 2549 a
2113 2508 2218 2563 Cysa
2233 2506 2285 2548 ad
2306 2509 2500 2550 Mosarna
2516 2508 2561 2550 in
2587 2515 2744 2554 antece.
2783 2527 2808 2566 Ι

1500 2569 1667 2621 omissa,
1699 2570 1743 2611 in
1766 2570 1831 2612 his
1869 2571 2070 2621 numeris,
2097 2570 2235 2612 nescio
2255 2585 2340 2626 quo
2371 2584 2528 2623 errore,
2558 2585 2750 2628 compre-
2790 2573 2808 2624 ¹³}

1499 2632 1627 2674 hensa
1659 2647 1746 2675 esse
1786 2631 1966 2675 videtur.
2014 2634 2031 2688 n
2057 2657 2114 2664 —
2146 2637 2211 2674 16.
2254 2634 2449 2690 Βάρνα]
2487 2632 2605 2676 Idem
2633 2633 2748 2678 locus
2791 2652 2808 2714 q

1499 2694 1723 2737 Ptolemaeo
1745 2704 1786 2738 et
1803 2696 2018 2737 Marciano
2040 2704 2100 2737 est
2121 2695 2275 2751 Βάδαρα
2296 2695 2356 2737 vei
2379 2695 2546 2751 Βόδαρα,
2571 2696 2745 2740 secund.
2796 2717 2808 2723 ¹*

1499 2757 1608 2799 Ptol.
1626 2756 1678 2799 ad
1703 2758 1778 2799 125
1808 2756 1955 2810 stadia,
1975 2772 2058 2799 sec.
2084 2759 2215 2799 Mare.
2246 2757 2328 2799 300
2357 2755 2487 2799 stadia
2505 2758 2751 2800 aMosarnis

1500 2816 1672 2861 distans.
1713 2818 1829 2862 Idem
1853 2819 2012 2875 Βάλαρα
2038 2828 2209 2861 vocatur
2242 2833 2308 2874 ap.
2338 2818 2632 2862 philostratum
2654 2821 2743 2863 Vit.

1501 2881 1638 2937 Apon.
1664 2884 1743 2933 111,
1766 2882 1834 2934 56,
1855 2882 1927 2923 ubi
1946 2881 2091 2924 eadem
2115 2881 2199 2923 fere
2222 2880 2417 2935 leguntur
2434 2895 2528 2938 quae
2546 2882 2748 2927 Arrianus
2785 2878 2788 2883 ¹

1500 2943 1625 2986 habet
1655 2957 1666 2986 ε
1704 2944 1980 3001 Παραπλεῦσαί
2015 2959 2105 3000 φασι
2133 2944 2198 2985 καὶ
2221 2943 2410 3000 Βαλάροις
2440 2944 2458 2999 (
2482 2945 2690 3002 Βαδάροιςὲ
2711 2946 2744 3003 )·
2802 2940 2808 2951 ⁸

1502 3005 1687 3063 ἐμπόριον
1702 3007 1737 3048 δ’
1756 3005 1859 3049 εἶναι
1876 3005 1925 3048 τὰ
1940 3006 2098 3063 Βάλαρα
2116 3006 2257 3062 μεστὸν
2279 3011 2468 3063 μυρρινῶν
2485 3022 2525 3049 τι
2546 3007 2611 3048 καὶ
2630 3007 2752 3063 φοινί-

1500 3085 1597 3121 κων,
1626 3070 1691 3112 καὶ
1711 3070 1853 3126 δάφνας
1882 3068 1921 3111 ἐν
1942 3069 2047 3126 αὗτῷ
2076 3068 2171 3110 ἰδεῖν
2203 3069 2269 3111 καὶ
2290 3070 2433 3125 πηγαῖς
2450 3069 2685 3125 διαρρεῖσθαι
2701 3069 2747 3112 τὸ
2804 3075 2808 3077 “

1501 3132 1662 3186 χωρίον·
1688 3132 1851 3184 κῆποιδ*
1868 3131 2004 3173 ὁπόσοι
2019 3131 2185 3186 τρωκτοὶ
2203 3131 2268 3172 καὶ
2286 3130 2421 3173 ὀπόσοι
2439 3129 2584 3173 &votum
2601 3133 2718 3183 κῆποι
2731 3147 2741 3157 ·
2796 3167 2800 3171 .

1504 3194 1628 3248 βρύειν
1654 3193 1746 3235 αὐτὸ
1766 3193 1831 3234 καὶ
1860 3193 2018 3248 λιμένας
2046 3192 2206 3247 μεστοὺς
2235 3192 2409 3248 γαλήνης
2437 3192 2475 3235 ἔν
2499 3191 2605 3250 αὖτῷ
2625 3191 2742 3237 εἶναι.

1500 3257 1612 3298 Situs
1633 3255 1747 3297 locus
1770 3255 1891 3297 suerit
1922 3254 1973 3296 ad
1994 3254 2093 3296 hod.
2122 3258 2205 3297 Bas
2226 3255 2418 3297 memma!
2438 3255 2614 3298 Bemder.
2640 3257 2657 3311 ΙΙ
2690 3280 2747 3290 ——

1507 3332 1573 3372 19.
1598 3320 1707 3374 τῇσι
1741 3318 1921 3374 κόμῃσι
1942 3318 1956 3373 ]
1979 3319 2066 3373 τῇσι
2092 3318 2245 3374 κώμῃσι
2270 3319 2326 3368 L;
2355 3321 2442 3375 τῇσι
2460 3317 2664 3377 κωμήτῃσι
2682 3320 2743 3373 D3

1500 3382 1606 3422 τοῖσι
1623 3379 1825 3436 κωμήτῃσι
1844 3380 1968 3430 ABC3
1985 3393 2067 3420 em.
2090 3378 2396 3431 Schmiederus,
2414 3378 2570 3423 addens
2588 3394 2598 3423 :
2620 3399 2636 3420 ι
2653 3381 2749 3434 Mos

1501 3441 1727 3485 coronandi
1754 3442 1909 3483 Graecis
1946 3443 2125 3483 maxime
2158 3438 2338 3484 solennis
2373 3451 2481 3495 erat,
2513 3435 2554 3485 et
2589 3441 2744 3494 credo,

1501 3519 1632 3563 quum
1666 3513 1757 3561 post
1785 3512 1845 3547 tot
1869 3505 2051 3546 miserias
2078 3506 2257 3561 primam
2294 3505 2503 3560 regionem
2528 3504 2744 3549 cultiorem

1502 3577 1542 3611 et
1573 3569 1694 3611 ssores
1733 3576 1774 3609 et
1810 3576 1992 3624 myrtum
2019 3569 2329 3625 conspicerent,
2371 3581 2455 3623 prce
2487 3566 2638 3623 gaudio
2674 3581 2749 3611 eos

1503 3646 1677 3674 coronas
1705 3631 1782 3672 sibi
1814 3630 1970 3672 secisse.
2010 3630 2274 3673 Simiiiimum
2314 3629 2550 3687 exemplum
2585 3629 2677 3672 vide
2701 3628 2744 3672 in

1503 3694 1663 3751 Exped.
1700 3695 1755 3744 V,
1779 3707 1820 3744 2,
1849 3695 1890 3735 8.
1911 3694 2060 3737 Narrat
2090 3694 2146 3736 ibi
2170 3695 2386 3746 Arrianus,
2411 3692 2499 3742 τοὺς
2521 3691 2749 3743 Μακεδόνας
2791 3697 2808 3740 ,.“

1503 3754 1613 3813 apud
1630 3756 1796 3812 Nysaeos
1815 3754 1935 3809 ἡδέως
1963 3756 2031 3798 τὸν
2061 3756 2193 3798 κισσὸν
2222 3755 2393 3806 ἰδόντας,
2418 3753 2484 3796 οἵα
2500 3752 2549 3806 δὴ
2576 3753 2639 3796 διὰ
2670 3767 2746 3810 μα-
2777 3732 2798 3782 5

1503 3820 1596 3874 κροΰ
1614 3817 1847 3874 ossi-itm...
1888 3819 2093 3875 στεφάνους
2122 3819 2271 3876 σπουδῇ
2287 3817 2352 3860 ἀπ’
2383 3817 2499 3860 αὐτοῦ
2522 3817 2742 3874 ποιεῖσθαι,
2776 3792 2808 3862 ξι

1503 3882 1554 3929 ὡς
1575 3881 1639 3922 καὶ
1659 3882 1970 3936 στεφανώνασθαι
1997 3880 2110 3937 εἶχον
2126 3889 2204 3923 ctc.
2231 3902 2247 3917 -
2270 3881 2288 3935 ss
2314 3904 2368 3914 -—
2386 3893 2455 3921 22.
2477 3874 2808 3935 32269660·2-

1505 3946 1597 4000 σα]
1623 3945 1680 3985 sic
1711 3946 1855 3987 ABCD
1877 3952 1917 3986 et
1942 3942 2037 3987 cod.
2073 3942 2211 3995 Bodi.;
2243 3942 2494 3998 Δενδρώὸοσα
2518 3939 2637 3984 editt.
2657 3938 2737 3996 A'p.

1504 4006 1770 4048 Ptolema‘um
1811 4014 2065 4048 memoratur
2106 4005 2220 4047 locus
2258 4002 2509 4061 Δερανοίὸιλα
2544 4005 2562 4058 (
2593 3998 2738 4059 Διρᾶνη
