2808 4342
50 175 54 177 ·
103 164 225 224 (13‚14
247 167 261 224 )

34 294 51 330 '{·.
95 266 205 311 θέσιν
230 270 416 328 οήμῆναι
431 271 512 313 τῶν
532 268 686 316 τόπων.
757 273 935 320 Πλέοντι
955 276 1086 322 τοίνυν
1112 274 1181 322 τὸν
1208 278 1331 340 Ἀρά-

50 343 55 348 “
95 335 181 380 ὄιον
208 336 359 381 κόλπον
386 336 457 380 καὶ
488 339 706 400 ἀριστερὰν
732 341 867 402 ἔχοντι
894 343 969 398 τὴν
995 344 1164 407 ἤπειρον
1187 347 1332 407 πρώτη

78 401 168 460 ,μέν
194 405 301 448 ἐστιν
334 407 360 459 ἡ
394 406 626 466 καλουμένη
651 410 872 470 Εὐδαίμων
900 411 1071 474 Ἀραὸία
1095 414 1208 476 παρὰ
1240 416 1331 460 ὅλον

38 475 53 526 ’ᾗ
92 470 159 515 τὸν
181 471 366 533 Ἀράδιον
395 474 595 529 διήκουσα
619 477 771 522 κόλπον
793 478 918 540 μέχρι
942 486 1011 526 τοῦ
1034 478 1333 544 προρρηθέντος

17 550 49 596 >j
94 538 284 600 Ἀραὸίου
308 546 503 604 πορθμοῦ.
571 545 692 591 Μετὰ
730 546 771 591 δὲ
798 546 850 590 τὰ
873 548 995 592 στενὰ
1028 554 1098 594 τοῦ
1135 550 1328 613 Ἀραὸίου

92 607 245 654 κόλπου
272 610 486 672 ἐκδέχεται
505 615 530 667 ἡ
553 612 733 674 Ἐρυθρὰ
766 614 976 672 θάλασσα,
1001 617 1051 673 ἣν
1070 620 1330 682 περιπλέοντι

90 676 161 722 καὶ
184 677 257 734 τὴν
280 679 448 741 ἤπειρον
489 680 708 743 ἀριστερὰν
745 682 903 744 ἔχοντι,
929 685 974 730 τὸ
1008 687 1232 750 προρρηθὲν
1271 690 1330 735 ἔτι

37 755 43 789 ’.
89 747 170 789 τῶν
190 746 375 808 Ἀράὸων
393 749 501 799 ἔθνος
517 749 729 811 ἐκδέχεται
751 752 865 814 παρὰ
882 760 1020 799 πᾶσαν
1043 756 1196 813 ταύτην
1220 776 1329 820 παρ-

35 824 53 854 ..ἰ.
89 819 225 859 οικοῦν
246 814 320 870 τὴν
341 815 523 877 ἤπειρον.
593 817 664 864 Ἐν
684 819 815 883 τούτῳ
848 821 889 866 δὲ
924 825 983 885 τῷ
1020 825 1133 887 μέρει
1147 829 1223 882 τῆς
1251 830 1327 872 θα-

14 883 34 921 ''22
49 895 70 927 0
90 882 247 937 λάσσης
269 883 339 929 καὶ
363 884 409 929 τὸ
432 888 511 931 τῶν
537 886 779 949 “Ομηριτῶν
801 889 910 943 ἔθνος
932 893 1127 954 τυγχάνει
1151 898 1223 950 τῆς
1244 899 1324 941 τῶν

88 950 272 1013 Ἀράὸων
295 953 481 1016 ὑπάρχον
515 953 616 1016 γῆς,
656 957 780 1020 μέχρι
803 963 875 1015 τῆς
899 962 1030 1023 ἀρχῆς
1052 968 1123 1008 τοῦ
1158 963 1326 1010 Ἰνδικοῦ

87 1021 226 1075 διῆκον
258 1022 477 1082 πελάγους.
547 1025 673 1070 Μετὰ
703 1026 745 1071 δὲ
778 1027 851 1083 τὴν
887 1029 1089 1093 Ἐρυθρὰν
1106 1031 1324 1082 ,θάλασσαν

87 1087 177 1144 ἑξῆς
210 1092 295 1134 ἐστι
333 1091 379 1136 τὸ
412 1092 586 1138 Ἰνδικὸν
615 1094 811 1157 πέλαγος.
882 1099 1155 1160 Περιπλέοντι
1193 1101 1325 1146 τοίνυν

85 1157 155 1203 καὶ
177 1159 318 1204 τούτου
338 1159 390 1205 τὰ
414 1162 609 1224 ἀριστερὰ
632 1164 736 1226 μέρη
757 1165 808 1210 τὰ
829 1165 928 1228 πρὸς
951 1168 1024 1224 τὴν
1042 1169 1225 1230 Ἀράὸων
1249 1174 1325 1230 γῆν

52 1260 54 1263 ·
75 1228 412 1290 [ἀναπεπταμένα
433 1230 559 1292 μέχρι
575 1236 645 1277 τοῦ
672 1233 970 1293 στόματοςτοῦ
990 1239 1199 1298 Περσικοῦ
1218 1238 1325 1284 κόλ-

31 1314 46 1334 ἢ·
82 1314 187 1355 που,
214 1297 426 1360 ἐκδέχεται
452 1299 477 1344 δ’
490 1319 534 1345 τε
559 1301 744 1364 Σύαγρος
767 1303 813 1348 τὸ
835 1304 924 1366 ὄρος
949 1305 1019 1367 καὶ
1042 1309 1063 1351 ὁ
1083 1307 1324 1368 Σαχαλίτης

37 1399 39 1401 .
65 1365 232 1431 admo<
253 1369 444 1428 μέγιστος
466 1369 521 1414 ὢν
544 1371 615 1416 καὶ
642 1372 791 1428 διήκων
814 1373 912 1436 ἄχρι
931 1379 1000 1420 τοῦ
1027 1374 1229 1436 στόματος
1252 1382 1321 1423 τοῦ

32 1453 66 1494 ·-.{
83 1434 238 1480 κόλπου
266 1441 336 1482 τοῦ
359 1439 580 1501 Περσικοῦ.
650 1443 954 1489 Εἷσπλεύσαντι
973 1443 1019 1501 ,δὲ
1044 1447 1098 1497 εἷς
1119 1445 1185 1491 τὸν
1206 1449 1321 1510 Περ-’

42 1507 51 1536 -3
82 1503 196 1549 σικὸν
213 1505 364 1552 κόλπον
381 1508 451 1552 καὶ
475 1510 738 1570 περιπλέοντι
754 1517 915 1572 τοῦτον,
937 1513 1154 1576 ἀριστερὰν
1181 1515 1223 1560 δὲ
1247 1516 1321 1572 τὴν

82 1571 250 1635 ἤπειρον
277 1575 411 1637 ἔχοντι
432 1577 555 1640 μέχρι
582 1583 663 1631 τῶν
688 1581 868 1627 ε’κὸολῶν
888 1587 960 1627 τοῦ
980 1583 1168 1645 Τίγριδος
1191 1603 1320 1630 ποτα-

51 1639 65 1680 Σ
81 1645 159 1701 μοῦ
177 1641 247 1671 *³⁹*

78 1710 125 1756 τὸ
149 1710 257 1763 ἔθνος
275 1712 502 1775 ἐκδέχεται·
526 1718 571 1761 οὔ
589 1716 671 1776 μὴν
689 1717 796 1763 ἀλλὰ
815 1718 887 1763 καὶ
905 1723 931 1775 ἡ
950 1720 1104 1779 Περσὶς
1125 1720 1229 1779 μετὰ
1245 1720 1318 1777 τὴν

46 1819 50 1825 .,
79 1780 311 1836 Σουσιανὴν
333 1782 500 1841 κειμένη
535 1785 758 1845 τυγχάνει,
786 1790 876 1844 μεθ’
909 1787 960 1841 ἣν
995 1788 1243 1849 Καρμανίας
1274 1790 1320 1835 τὸ

79 1850 274 1894 πλεῖστον
297 1849 421 1910 μέρος
460 1851 558 1913 ἄχρι
580 1855 661 1897 τῶν
693 1857 843 1900 στενῶν
874 1859 943 1900 τοῦ
964 1858 1086 1902 αὐτοῦ
1112 1860 1319 1920 Περσικοῦ

75 1917 250 1965 κόλπου.
321 1918 562 1965 Ἀντίκειται
582 1921 624 1966 δὲ
641 1925 661 1966 ὁ
685 1924 888 1984 Περσικὸς
907 1926 1054 1977 κόλπος
1073 1931 1124 1988 τῇ
1143 1929 1317 1990 Κασπίᾳ

42 1987 264 2049 -’“θαλάσσῃ
298 1992 348 2051 τῇ
387 1989 456 2034 καὶ
497 1990 703 2055 “Υρκανίᾳ
741 1994 943 2057 λεγομένῃ
961 2032 972 2052 ,
1013 1995 1084 2041 καὶ
1117 1998 1320 2050 στενώσας

0 2079 1 2086 ³
53 2056 56 2057 ⁷
75 2058 150 2112 τὴν
179 2056 332 2116 μεταξὺ
357 2062 432 2118 γῆν
456 2067 565 2105 ποιεῖ
590 2057 720 2122 μέγαν
740 2062 976 2123 ἷσθμὸντῆς
1000 2065 1149 2118 Ἀσίας.

140 2142 193 2173 16.
231 2126 535 2175 Ἐκπλεύσαντι
567 2130 610 2175 δὲ
648 2131 716 2176 τὸν
757 2133 908 2179 κόλπον
942 2134 1012 2179 καὶ
1037 2135 1138 2196 πρὸς
1166 2135 1239 2190 τὴν
1263 2136 1316 2181 ἔω

47 2194 141 2240 τὸν
160 2198 290 2241 πλοῦν
313 2197 545 2260 ποιουμένῳ
567 2200 786 2261 ἀριστεράν
806 2220 850 2246 τε
874 2203 1022 2261 ὁμοίως
1042 2203 1115 2258 τὴν
1146 2204 1314 2266 ἤπειρον

58 2314 61 2318 ,
78 2264 235 2326 ἔχοντι,
261 2266 473 2326 ἐκδέχεται
493 2267 619 2313 πάλιν
643 2269 689 2313 τὸ
709 2269 880 2315 Ἰνδικὸν
904 2272 1103 2332 πέλαγος,
1120 2266 1154 2334 ᾧ
1171 2272 1216 2317 τὸ
1237 2275 1316 2318 λει-

47 2333 252 2394 ’πόμενον
288 2338 361 2390 τῆς
391 2337 636 2398 Καρμανίας
669 2338 777 2390 ἔθνος
812 2342 1017 2402 παροικεῖ.
1089 2339 1176 2386 Καὶ
1209 2342 1313 2400 μετὰ

46 2406 189 2449 ’τοῦτο
212 2403 258 2448 τὸ
281 2408 353 2460 τῆς
387 2406 620 2468 Γεδρωσίας
645 2408 753 2459 ἔθνος
784 2408 969 2469 κείμενον
993 2409 1200 2471 τυγχάνει·
1225 2410 1314 2466 ἑξῆς

26 2470 114 2533 ’ᾗδὲ
136 2472 290 2519 τούτων
309 2473 417 2519 ἐστὶν
442 2479 465 2531 ἡ
487 2475 640 2533 Ἰνδικὴ
662 2480 689 2533 ἠ
710 2477 817 2530 ἐντὸς
841 2479 1004 2540 Γάγγου
1022 2484 1211 2539 ποταμοῦ
1227 2499 1313 2525 κει-

0 2553 1 2584 ]
23 2534 42 2604 γ’
75 2541 208 2602 μένη,
234 2537 283 2598 ἧς
306 2542 415 2589 κατὰ
438 2543 483 2589 τὸ
504 2546 752 2604 μεσαίτατον
783 2551 854 2604 τῆς
876 2548 1048 2610 ἠπείρου
1071 2552 1191 2604 νῆσος
1211 2568 1312 2595 κατ-

0 2608 1 2622 ¹
38 2610 48 2660 ,’
70 2610 239 2673 αντικρὺ
260 2618 391 2657 κεῖται
409 2614 583 2673 μεγίστη
598 2616 853 2677 Ταπροὸάνη
871 2617 1118 2677 καλουμένη.
1187 2619 1310 2665 Μετὰ

24 2683 51 2737 ,ν’
71 2679 111 2724 δὲ
141 2680 293 2737 ταύτην
314 2685 339 2736 ἡ
361 2681 479 2743 ἑτέρα
505 2683 613 2728 ἐστὶν
636 2684 788 2741 Ἰνδικὴ
811 2689 835 2742 ἡ
857 2685 968 2738 ἐκτὸς
993 2686 1158 2748 Γάγγου
1180 2706 1308 2732 ποτα-

0 2784 1 2788 ,
29 2753 50 2810 ζῇ.
70 2754 171 2808 μοῦ,
200 2750 293 2812 ὅρου
325 2750 593 2813 τυγχάνοντος
615 2754 820 2817 ἑκατέρων
846 2757 927 2800 τῶν
953 2755 1136 2801 Ἰνδικῶν
1159 2759 1303 2818 γαιῶν.

29 2815 140 2863 ;ἰ·.Ἔν
176 2818 217 2863 δὲ
250 2823 299 2879 τῇ
326 2820 438 2871 ἐκτὸς
462 2821 627 2882 Γάγγου
648 2822 802 2886 Ἰνδικῇ
835 2827 860 2879 ἡ
894 2825 1042 2887 Χρυσῆ
1072 2826 1306 2885 καλουμένη

2 2885 3 2888 “
25 2902 55 2932 ..ι
69 2886 320 2948 χερσόνησός
346 2890 446 2933 ε’στι·
471 2891 558 2948 μεθ’
583 2890 632 2946 ἣν
659 2895 679 2936 ὃ
703 2891 954 2952 καλούμενος
976 2893 1306 2954 Μέγαςκόλπος·

70 2948 126 3001 οἷ’
143 2956 250 3001 κατὰ
270 2956 316 3002 τὸ
337 2958 584 3017 μεσαίτατον
609 2962 644 3004 οἱ
669 2958 753 3023 ὅροι
773 2965 846 3019 τῆς
868 2962 979 3014 ἐκτὸς
999 2963 1163 3025 Γάγγου
1187 2963 1310 3008 Ἰνδι-

18 3028 142 3081 κῆς
178 3025 249 3070 καὶ
286 3029 364 3071 τῶν
399 3029 532 3073 Σινῶν
570 3032 688 3076 εἰσιν.
757 3024 846 3077 Εἶθ’
871 3031 961 3088 ἑξῆς
989 3033 1035 3077 τὸ
1068 3036 1146 3078 τῶν
1175 3035 1307 3079 Σινῶν

20 3095 176 3191 {tow
194 3093 319 3156 ἔθνος,
341 3095 412 3141 καὶ
430 3099 456 3151 ἡ
474 3096 629 3143 τούτων
651 3100 914 3161 μητρόπολις,
934 3100 1020 3157 ἥτις
1039 3103 1164 3147 Θῒναι
1179 3119 1308 3163 προσ·

13 1680 27 1838 ‘'v'‘w·
20 1704 31 1715 ῃ
14 1572 23 1668 ...W-
25 1597 28 1600 ,
17 1548 29 1566 2„
18 1532 20 1534 v
14 1462 30 1520 «υἷέ
14 1281 33 1451 ῆῡςινῚτ-ῆτ-ᾲ(
16 1262 25 1269 -.
15 1221 35 1253 «ᾖ

32 1639 39 1645 ,
40 1569 41 1572 „
40 1431 46 1434 ἱ
36 1359 38 1361 .

14 2203 26 2274 rm.
14 1996 26 2203 —.-=-e=sss-v-rv-u‹v-u.f
14 1961 27 1987 -γ
14 1875 27 1944 —Ws-

42 2262 47 2268 .
37 2167 55 2203 &vd
39 2155 56 2161 ⁵.
35 2143 37 2146 '
30 1966 35 1976 '⁷

32 3194 52 3214 ,ξ’

25 3214 54 3287 55}
70 3226 179 3281 μέρος
211 3225 323 3276 cod.;
359 3241 441 3267 em.
470 3227 661 3278 Hudson.
693 3229 709 3284 ΙΙ
742 3253 798 3261 -
822 3230 861 3270 3.
900 3229 985 3285 περὶ
1009 3231 1103 3271 ὅλον
1136 3229 1231 3270 cod.
1267 3239 1307 3272 et

30 3283 183 3342 sedin.
211 3288 227 3341 ll
254 3312 311 3319 ——
335 3291 377 3337 4.
409 3290 661 3344 προρηθέντος
685 3299 726 3331 et
755 3306 852 3332 mox
882 3292 1069 3347 προρηθὲν
1090 3291 1184 3333 cod.
1213 3293 1228 3346 Η
1248 3316 1305 3322 -

26 3348 55 3404 ᾇ
68 3352 108 3392 8.
142 3353 389 3404 παροικοῦντι
413 3350 527 3401 cod.;
561 3367 643 3393 em.
679 3353 796 3394 editt.
839 3354 854 3407 ΙΙ
885 3377 942 3385 -
970 3354 1153 3409 ὓπάρχων
1187 3354 1301 3404 cod.;

31 3410 147 3453 zeni.
173 3413 364 3455 Hudson.
395 3414 494 3468 11-
516 3427 582 3455 11.
605 3418 687 3467 τῆς
729 3414 916 3470 ἀρχῆς]
939 3419 1011 3470 γῆς
1035 3416 1157 3471 ἀρχῆς
1187 3416 1301 3466 cod.;

27 3434 54 3532 ζ
65 3489 146 3516 em.
167 3476 390 3527 Hoe'schel.;
425 3475 490 3516 καὶ
525 3486 620 3518 ante
658 3479 771 3533 μέχρι
801 3479 973 3518 inseruit
1004 3479 1138 3519 Miller
1158 3487 1306 3533 praeter

46 3531 362 3581 necessitatem.
387 3540 402 3594 Η
425 3564 482 3571 -
500 3544 565 3582 16.
581 3541 744 3597 Σίαγρος
762 3540 875 3590 cod.;
895 3555 976 3581 em.
998 3541 1190 3582 Hudson.
1217 3543 1232 3595 Η
1249 3565 1305 3572 —

71 3604 133 3640 16.
159 3599 383 3655 Ἀσχαλίτης
400 3605 544 3653 κόλπος
558 3603 671 3654 cod.;
693 3618 774 3644 em.
794 3601 985 3643 Hudson.
1008 3603 1071 3644 Cf.
1090 3602 1197 3644 infra
1212 3612 1300 3643 not.

24 3672 52 3706 «ι
65 3661 156 3714 adS
183 3664 230 3703 18
254 3663 363 3704 etad
382 3667 521 3707 Anon.
556 3666 701 3722 peripl.
723 3679 826 3705 mar.
846 3663 915 3705 Er.
934 3667 955 3716 5
975 3677 1043 3717 29,
1073 3678 1116 3719 p.
1139 3678 1219 3718 279
1236 3679 1310 3719 sq.v

66 3724 129 3763 De
157 3725 310 3779 Syagro
328 3734 368 3766 et
390 3728 484 3769 sinu
510 3728 708 3770 Sachalite
725 3727 958 3768 Marcianus
972 3741 1182 3781 perversas
1204 3729 1301 3767 Pto-

23 3790 32 3837 J
46 3812 51 3814 ἡ
67 3784 194 3827 lemaei
212 3788 391 3829 rationes
407 3792 609 3845 sequitur.
632 3791 648 3844 Η
664 3814 720 3820 -
735 3802 804 3830 21.
820 3790 1028 3828 Lacunam
1047 3788 1202 3829 notavi.
1217 3790 1300 3828 Ex-

21 3844 53 3902 }11
65 3848 167 3889 cidit
182 3851 337 3892 mentio
352 3866 498 3893 corum
511 3867 601 3908 quae
616 3860 712 3893 sunt
728 3852 770 3892 in
787 3850 1143 3891 orientaliArabiae
1158 3850 1296 3891 latere.

66 3910 271 3966 Scriptum
288 3913 410 3955 suerit
424 3915 538 3956 hunc
555 3915 639 3956 sere
667 3916 709 3955 in
733 3912 904 3954 modum
1036 3915 1104 3953 τοῦ
1126 3913 1302 3968 Τίγριδος

20 3965 24 3978 ¹
69 3977 245 4030 ποταμοῦ
269 3975 335 4030 [οἱ
350 3981 426 4018 τῶν
452 3976 717 4032 Ἰχθυοφάγων
737 3975 876 4016 κόλποι
899 3974 960 4015 ἐπὶ
987 3974 1087 4015 πολὺ
1110 3975 1304 4027 διήκοντες

32 4223 59 4342 aa»...
26 4175 51 4187 ·..
27 4124 31 4147 “
28 4075 33 4083 “
28 4038 33 4047 ’

799 171 1124 220 'PERlPLUs
1161 175 1350 222 MAR-ls
1382 177 1620 249 133XTER1.
1657 180 1831 226 LIBER
1870 183 1906 229 l.

258 1678 269 1699 ,
296 1645 336 1688 ἐν
360 1646 471 1708 αὐτῷ
496 1646 556 1691 ἔτι
579 1650 637 1709 τῷ
663 1651 857 1711 Περσικῷ
889 1651 1033 1713 κόλπῳ
1061 1656 1086 1706 ἡ
1113 1653 1320 1709 Σουσιανὴ
1380 1696 1382 1699 .

2544 205 2630 243 22:25

1405 288 1514 341 ganti
1532 288 1656 343 igitur
1673 291 1810 331 sinum
1826 291 2064 344 Arabicum,
2085 303 2126 335 et
2142 297 2420 340 continentem
2435 314 2458 340 a
2476 301 2638 344 sinistra

1403 357 1586 410 habenti,
1607 360 1789 414 primum
1807 375 1892 402 sese
1914 361 2037 404 offert
2053 364 2203 405 Arabia
2221 367 2349 418 Felix,
2365 367 2484 423 juxta
2503 378 2637 413 totum

1402 425 1539 466 sinum
1562 427 1786 468 Arabicum
1806 438 2046 484 exporrecta
2067 445 2199 486 usque
2221 433 2271 474 ad
2292 435 2536 489 praedictum
2558 439 2638 480 fre·

1402 499 1490 533 tum
1526 494 1764 536 Arabicum.
1825 498 1923 538 Post
1954 499 2159 552 angustias
2195 514 2293 542 vero
2325 503 2439 544 sinus
2470 499 2636 549 Arabici

1401 563 1585 616 sequitur
1599 565 1786 606 Rubrum
1802 580 1929 617 mare,
1955 567 2067 622 quod
2084 569 2447 626 circumnaviganti
2475 582 2515 615 et
2536 590 2637 617 con·
2660 570 2666 576 ’

1400 630 1597 672 tinentem
1627 647 1651 673 a
1675 633 1773 675 laeva
1791 634 1957 675 habenti
1978 636 2075 678 item
2105 639 2285 679 occurrit
2303 638 2389 693 jam
2412 643 2635 685 memorata

1399 698 1583 740 Arabum
1611 714 1732 753 gem,
1757 702 1990 757 universam
2006 705 2114 746 hanc
2134 707 2413 749 continentem
2432 710 2633 753 accolens.

1397 766 1446 805 In
1470 781 1516 808 ea
1536 769 1660 808 maris
1682 778 1795 823 parte
1825 770 2133 812 Homeritarum
2156 787 2321 828 quoque
2352 790 2449 829 gens
2481 786 2555 829 est,
2580 779 2631 820 ad

1398 834 1583 875 Arabum
1604 844 1754 876 terram
1779 839 1988 891 pertinens
2018 848 2058 879 et
2079 854 2209 895 usque
2227 840 2280 881 ad
2303 842 2468 885 initium
2498 845 2630 888 Indici

1396 904 1524 959 pelagi
1534 908 1782 961 pertingens.
1842 910 2044 966 Deinceps
2062 920 2154 966 post
2170 913 2357 955 Rubrum
2371 930 2482 957 mare
2497 920 2631 973 sequi·

1396 985 1466 1017 tur
1489 979 1681 1020 Indicum
1701 980 1880 1035 pelaguS.
1939 984 2155 1037 Naviganti
2178 986 2300 1039 igitur
2321 986 2446 1042 hujus
2467 1004 2633 1045 quoque

1396 1051 1519 1091 maris
1532 1061 1691 1106 partem
1710 1054 1915 1111 sinistram
1929 1053 2048 1109 juxta
2065 1057 2251 1098 Arabum
2266 1067 2419 1100 terram
2435 1060 2630 1104 diffusam

1394 1137 1524 1178 usque
1539 1125 1590 1165 ad
1607 1126 1756 1166 ostium
1773 1127 1887 1168 sinus
1905 1128 2056 1168 Persici
2075 1131 2254 1171 occurrit
2268 1139 2308 1171 et
2322 1133 2495 1187 Syagros
2510 1149 2631 1185 mons

1393 1205 1434 1237 et
1459 1198 1677 1239 Sachalites
1712 1201 1826 1240 sinus
1851 1201 2070 1251 maximus,
2095 1203 2166 1256 qui
2197 1218 2331 1258 usque
2362 1205 2415 1246 ad
2438 1221 2484 1247 os
2516 1209 2630 1250 sinus

1392 1266 1544 1306 Persici
1583 1268 1792 1320 pertingit.
1852 1270 2027 1309 Intranti
2061 1279 2198 1310 autem
2247 1273 2383 1313 sinum
2419 1276 2629 1318 Persicum

1393 1346 1515 1392 atque
1535 1339 1916 1393 circumnaviganti,
1935 1341 2216 1385 continentem
2234 1358 2332 1394 vero
2350 1344 2404 1385 ad
2423 1347 2630 1390 sinistram

1391 1410 1558 1452 habenti
1594 1426 1725 1467 usque
1758 1412 1810 1454 ad
1854 1413 1957 1453 ostia
1994 1413 2174 1466 Tigridis
2210 1414 2392 1456 fluminis
2432 1417 2630 1474 [sequun-

1392 1494 1463 1525 tur
1486 1485 1883 1541 Ichthyophagorum
1900 1487 2019 1528 sinus
2036 1488 2148 1544 longe
2158 1490 2344 1543 porrecti
2361 1500 2401 1531 et
2420 1494 2630 1536 Loeanitus

1389 1557 1507 1598 sinus
1533 1558 1706 1599 Arabiae
1734 1559 1886 1600 Felicis
1912 1569 1951 1600 et
1974 1569 2074 1616 post
2098 1561 2205 1601 hunc
2232 1561 2349 1602 sinus
2378 1565 2630 1616 Mes-anites,-

1390 1630 1533 1671 deinde
1565 1641 1665 1687 post
1700 1631 1907 1683 Tigridem
1933 1633 2146 1688 fluvium]
2172 1635 2214 1673 in
2244 1635 2333 1689 ipso
2369 1635 2506 1678 adhuc.
2535 1639 2629 1680 sinu

1389 1706 1553 1745 Persico
1588 1720 1630 1745 se
1668 1705 1791 1746 offert
1827 1706 1995 1746 Susiana
2028 1708 2241 1761 provincia
2272 1723 2348 1748 nec.
2380 1713 2630 1752 non'Persis

1389 1779 1604 1823 Susianam
1637 1778 1844 1832 excipiens
1865 1787 1907 1825 et
1926 1787 2021 1833 post
2055 1779 2161 1819 hane
2195 1782 2374 1822 maxima
2406 1796 2499 1836 pars
2531 1785 2628 1824 Car-

1389 1852 1536 1892 maniae
1562 1865 1694 1905 usquc
1729 1850 1782 1891 ad
1817 1853 2022 1904 angustias
2054 1853 2167 1893 sinus
2202 1855 2370 1894 Persici.
2432 1856 2626 1896 Ceterum

1388 1925 1501 1965 sinus
1520 1925 1705 1965 Persicus
1724 1939 1774 1964 ex
1790 1924 1961 1966 adverso
1983 1934 2044 1966 est
2058 1927 2205 1981 Caspio
2228 1929 2347 1978 mari,
2373 1928 2486 1982 quod
2503 1930 2627 1970 etiam

1388 1999 1643 2052 Hyrcanium
1673 1998 1914 2052 appellatur,
1951 2008 1991 2040 et
2023 2009 2293 2054 coangustans
2322 2011 2474 2043 terram
2507 2004 2629 2044 inter-

1388 2071 1567 2112 mediam
1589 2085 1787 2125 magnum
1810 2071 1935 2112 efficit
1952 2073 2059 2112 Asiae
2079 2073 2293 2114 isthmum.

1448 2147 1514 2184 16.
1546 2143 1783 2196 Egredienti
1804 2143 1917 2183 hunc
1940 2145 2076 2183 sinum
2103 2154 2144 2184 et
2172 2147 2373 2186 orientem
2394 2162 2533 2188 versus
2554 2164 2626 2190 na-

1387 2227 1539 2280 viganti
1561 2227 1923 2280 sinistrorsumque
1945 2228 2132 2268 similiter
2162 2230 2437 2270 continentem
2454 2232 2622 2274 habenti

1385 2314 1565 2353 occurrit
1579 2326 1744 2357 rursum
1762 2311 1952 2352 Indicum
1970 2313 2151 2366 pelagUS‚
2170 2313 2286 2367 quod
2305 2315 2449 2356 accolit
2464 2317 2621 2372 reliqua

1384 2399 1610 2440 Carmaniae
1629 2413 1741 2451 gens.
1800 2399 1898 2438 Post
1919 2397 2028 2437 hanc
2052 2397 2262 2441 Gedros1ae
2284 2413 2382 2452 gens
2399 2408 2474 2451 est,
2500 2401 2620 2442 dein·

1383 2501 1478 2542 ceps
1494 2501 1591 2526 vero
1610 2485 1730 2526 India
1749 2486 1857 2526 intra
1877 2487 2060 2539 Gangem
2077 2486 2230 2526 flumen
2242 2488 2333 2537 sita,
2356 2486 2472 2541 cujus
2487 2491 2621 2530 conti-

1383 2575 1518 2614 nentis
1537 2572 1674 2614 medio
1693 2588 1742 2613 ex
1770 2573 1942 2613 adverso
1967 2571 2075 2626 jacet
2095 2573 2228 2613 insula
2260 2575 2439 2614 maxima
2459 2576 2618 2629 Tapro-

1382 2662 1488 2703 bane
1511 2676 1638 2716 quam
1654 2670 1815 2702 vocant.
1874 2663 1972 2702 Post
1991 2661 2098 2701 hanc
2121 2661 2246 2701 altera
2265 2669 2325 2701 est
2344 2661 2478 2711 India,
2503 2671 2618 2704 extra

1381 2750 1566 2802 Gangem
1591 2749 1763 2788 fluvium
1797 2748 1887 2798 sita,
1923 2748 1997 2802 qui
2029 2747 2288 2788 disterminat
2309 2756 2527 2802 utramque
2549 2751 2617 2789 In·

1381 2835 1507 2877 diam.
1567 2838 1615 2876 In
1639 2835 1758 2876 India
1780 2849 1878 2875 vero
1899 2842 2015 2876 extra
2045 2836 2231 2889 Gangem
2249 2835 2528 2876 Chersonesus
2555 2845 2615 2876 est

1380 2936 1472 2976 quae
1491 2924 1628 2962 Aurea
1654 2924 1851 2970 vocatur3'
1882 2928 1976 2974 post
2008 2933 2132 2973 quam
2151 2919 2265 2959 sinus
2286 2920 2459 2971 Magnus
2482 2920 2620 2959 nomi·

1381 3019 1525 3061 natus,
1553 3008 1671 3063 cujus
1687 3010 1729 3050 in
1753 3007 1891 3048 medio
1915 3016 2012 3069 sunt
2036 3008 2200 3048 termini
2220 3005 2348 3047 Indiae
2368 3014 2481 3046 extra
2504 3008 2618 3046 Gan-

1379 3114 1471 3154 gem
1491 3107 1531 3139 et
1553 3099 1759 3140 Sinarum.
1819 3095 1979 3136 Deinde
2007 3096 2198 3136 Sinarum
2226 3102 2285 3134 est
2312 3108 2424 3147 genS,
2446 3093 2614 3134 horum·

1377 3228 1442 3269 καὶ
1463 3228 1483 3267 ὁ
1499 3226 1700 3277 Λαιανίτης
1721 3224 1864 3270 κόλπος
1885 3225 1952 3274 τῆς
1975 3222 2212 3278 Εὐδαίμονος
2238 3221 2404 3277 Ἀραὸίας
2434 3222 2612 3277 ἐκδέχον-

1375 3306 1452 3340 ται,
1475 3290 1539 3330 καὶ
1560 3287 1655 3344 μετὰ
1677 3290 1813 3328 τοῦτον
1831 3285 1851 3326 ὁ
1870 3285 2086 3337 Μεσανίτης
2101 3285 2258 3332 κόλπος.
2278 3284 2379 3325 Εἶτα
2394 3286 2614 3340 περιπλέον-

1375 3369 1412 3394 τι
1425 3351 1499 3394 ἀπὸ
1510 3354 1576 3392 τοῦ
1589 3351 1764 3405 Τίγριδος
1780 3349 1972 3403 ποταμοῦ]
1990 3347 2027 3388 ἐν
2038 3347 2140 3403 αὐτῷ
2156 3347 2212 3388 ἔτι
2223 3351 2277 3403 τῷ
2288 3347 2461 3403 Περσικῷ
2477 3348 2610 3403 κόλπῳ

1376 3417 1461 3457 κτλ.
1483 3417 1537 3455 V.
1555 3413 1726 3455 Ptolem.
1742 3413 1819 3462 VI,
1839 3427 1879 3466 7.
1904 3412 1986 3465 ΙΙ-
2002 3424 2070 3451 21.
2092 3427 2114 3451 κ
2128 3411 2264 3465 όλπῳ
2294 3409 2459 3461 ἣΣουσ
2473 3409 2606 3465 ιανὴ]

1375 3479 1489 3519 κόλπ.
1518 3476 1660 3517 κόλσου
1684 3490 1794 3526 σιανη
1822 3473 1953 3515 codex
1973 3488 1995 3513 e
2025 3472 2301 3527 dittographia
2315 3473 2426 3513 vocis
2448 3473 2606 3521 κόλπος.

1374 3542 1492 3584 Malis
1511 3542 1577 3591 τῆς
1608 3538 1817 3588 Σουσιανῆς
1849 3536 1894 3577 τὸ
1926 3534 2054 3586 ἔθνος,
2087 3535 2157 3575 sed
2181 3535 2403 3576 barbarum
2423 3534 2524 3575 illud
2540 3549 2605 3590 ap.

1373 3603 1569 3643 Nostrum
1585 3599 1695 3640 haud
1715 3598 1967 3653 infrequens.
1999 3599 2015 3652 ΙΙ
2041 3622 2098 3628 —
2115 3612 2182 3653 27.
2212 3599 2311 3653 μέγα
2329 3597 2424 3639 cod.

1430 3668 1532 3717 516,
1553 3663 1580 3703 l.
1606 3663 1673 3702 36.
1700 3660 1874 3716 ἐκτὸς]
1897 3660 1937 3702 ἐκ
1952 3663 2019 3711 τῆς
2041 3660 2136 3701 cod.
2159 3661 2175 3714 ΙΙ
2192 3684 2250 3691 -
2265 3661 2332 3702 38.
2354 3660 2418 3701 Cf.
2438 3659 2606 3713 Stepha-

1374 3741 1451 3766 nus
1467 3728 1564 3780 Byz.
1583 3737 1592 3764 2
1614 3723 1775 3778 Χρύση..
1796 3723 2032 3778 χερσόνησος
2047 3725 2114 3774 τῆς
2132 3720 2308 3773 Ἰνδικῆς.
2330 3720 2547 3775 Μαρκιανὸς
2566 3720 2604 3761 ἐν

1372 3787 1556 3843 περίπλῳ·
1586 3803 1601 3824 «
1625 3785 1662 3826 ἐν
1687 3784 1727 3826 δὲ
1758 3784 1932 3841 τῇέκτὸς
1954 3785 2110 3839 Γάγγου
2136 3784 2279 3839 Ἰνδικῇ
2301 3782 2357 3837 [ἡ]
2383 3782 2507 3837 Χρυοῆ
2536 3797 2604 3821 κα-

1372 3849 1539 3904 λουμένη
1563 3847 1812 3902 χερρόνησος.
1847 3864 1863 3884 υ
1888 3846 1905 3900 ll
1930 3870 1987 3877 —
2005 3843 2074 3894 42.
2092 3844 2242 3893 Θῒναι
2263 3845 2277 3897 ]
2303 3843 2436 3883 Germ
2454 3842 2600 3884 codex.

1372 3912 1578 3966 Stephano
1614 3918 1714 3950 teste
1742 3909 1932 3950 Sinarum
1962 3906 2207 3961 metropolin
2235 3905 2468 3946 Marcianus
2492 3905 2604 3957 Σίνας

1374 3974 1504 4014 dixit:
1529 3973 1655 4023 Σῖναι,
1684 3970 1917 4027 μητρόπολις
1945 3974 2020 4009 τῶν
2043 3969 2181 4018 Σινῶν,
2206 3967 2290 4023 περὶ
2306 3965 2360 4008 ὧν
2383 3967 2475 4022 φησὶ
2494 3967 2602 4021 Μαρ-
