2782 4348
141 199 234 260 (⁵³.)

140 373 374 432 πλεγμένης
395 376 430 418 δ’
455 375 629 428 ἐναλλὰξ
646 380 704 438 τῷ
727 379 847 424 πάθει
867 384 941 435 τῆς
969 383 1150 443 μνήμης.

206 442 274 502 [79
293 459 330 486 a.
348 449 522 488 AElianus
536 453 584 491 N.
602 456 649 492 A.
677 455 739 504 V,
755 459 806 494 27
829 464 840 494 ε
862 449 1158 514 Ἀγαθαρχίδης
1182 454 1224 500 δὲ
1242 456 1313 509 τὰς
1332 461 1373 504 ἐν

142 510 335 572 Αἰθιοπίᾳ
355 503 400 562 ῧς
418 511 571 572 κέρατα
595 514 703 575 ἔχειν
726 515 848 577 λέγει.
869 519 885 578 ]

1078 216 1157 261 DE
1190 201 1347 267 MAm
1382 222 1749 273 ERYTHRAEO.
1796 223 1800 227 ·

0 306 126 347 ”Ρ1101;.
143 302 252 365 λόγῳ
281 303 355 360 τὴν
380 307 552 367 ἐκδοχὴν
577 313 645 353 τοῦ
680 310 904 372 κρείττονος
926 315 1143 372 μανθάνον,
1178 337 1373 381 παραπε-

2591 267 2674 306 165

1443 345 1584 386 sapere
1601 334 1738 387 discit,
1770 353 1853 379 non
1887 343 2046 383 ratione
2079 346 2258 389 melioris
2276 351 2513 398 electionem
2532 361 2672 416 docta,

1446 400 1518 439 sed
1534 403 1647 455 quod
1667 405 1871 460 implicata
1886 419 1947 450 est
1961 425 2035 465 per
2050 414 2154 455 vices
2169 417 2374 462 affectioni
2398 431 2608 472 memoria.

1506 467 1604 521 [79.
1639 485 1678 511 a.
1703 475 2026 527 Agatharchides
2050 481 2091 521 in
2128 483 2336 541 AEthiopia
2355 503 2446 531 sues
2468 499 2676 541 cornubus

1443 533 1666 577 instructos
1688 553 1774 581 esse
1796 543 1965 600 tradit.]

647 610 1762 640 Ἃ

9 646 119 686 Diod.
137 639 207 685 καὶ
231 641 296 685 διὰ
321 640 395 700 μὲν
425 646 498 698 τῆς
523 646 691 708 σπείρας
716 650 1043 711 ἐμπλεκομένους
1072 657 1362 711 τοῖς,σκε’λεσιν

131 708 361 768 ἐμποδίζειν
389 710 462 767 τὴν
481 714 589 758 κατὰ
618 715 736 778 φύσιν
758 719 931 782 κίνησιν,
956 722 1025 767 τὸν
1048 725 1083 768 δ’
1112 726 1265 788 αὐχένα
1290 748 1363 789 με·

128 777 403 839 τεωρίσαντας
437 783 539 845 ὑπὲρ
558 782 633 840 τὴν
664 787 919 848 προδοσκίδα
945 790 1020 847 τὴν
1043 795 1225 856 κεφαλὴν
1249 799 1364 843 ἐναν-

127 846 219 892 τίαν
252 855 380 895 ποιεῖν
416 853 499 902 τοῒς
523 854 604 897 τῶν
632 854 862 918 ἐλεφάντων
894 859 1080 920 ὄμμασι,
1115 863 1182 908 διὰ
1214 865 1255 910 δὲ
1290 874 1362 913 τοῦ

64 948 71 959 s
127 917 324 979 πυρωποῦ
362 922 442 966 τῶν
465 923 686 984 ὀφθαλμῶν
722 929 915 990 ἀστραπῇ
951 933 1248 993 παραπλησίας
1290 936 1363 990 τὰς

58 1002 97 1032 10

59 1347 97 1375 15

49 1689 89 1717 20

123 986 394 1045 λαμπηδόνας
428 992 767 1053 προσὸάλλοντας
803 999 1062 1062 ἀποτυφλοῦν
1099 1001 1172 1057 τὴν
1204 1005 1360 1067 ὅρασιν,

124 1056 194 1101 καὶ
216 1058 450 1119 σφήλαντας
468 1060 535 1107 ἐπὶ
558 1061 631 1118 τὴν
651 1068 726 1124 γ’ἧν
747 1077 1019 1131 σαρκοφαγεῖν
1040 1070 1091 1115 τὰ
1111 1075 1359 1136 χειρωθέντα

122 1128 203 1171 τῶν
230 1126 361 1192 ζῴων.
834 1134 837 1136 ,

187 1214 240 1243 79.
263 1201 599 1263 Διευκρινηκότες
628 1207 661 1249 δ’
684 1207 914 1268 ἀρκούντως
932 1209 983 1255 τὰ
1003 1212 1096 1274 περὶ
1119 1211 1194 1269 τὴν
1217 1217 1356 1262 Αἰθιο-

122 1266 219 1310 πίαν
240 1268 310 1313 καὶ
329 1272 672 1332 Τρωγλοδυτικὴν
691 1276 761 1320 καὶ
784 1276 858 1332 τὴν
884 1280 1053 1333 ταύταις
1072 1283 1357 1330 συνάπτουσαν

122 1335 246 1398 μέχρι
275 1342 348 1393 τῆς
371 1339 436 1384 διὰ
459 1346 600 1401 καῦμα
626 1345 844 1403 ἀοικήτου,
879 1348 979 1410 πρὸς
1001 1352 1042 1395 δὲ
1066 1351 1237 1405 ταύταις
1262 1356 1355 1418 περὶ

120 1408 191 1459 τῆς
211 1407 419 1468 παραλίας
451 1413 524 1465 τῆς
542 1411 658 1474 παρὰ
678 1413 752 1468 τὴν
777 1417 946 1479 ἐρυθρὰν
974 1420 1233 1479 θάλατταν,..
1261 1426 1354 1487 περὶ

118 1477 189 1517 τοῦ
226 1466 602 1538 καταλελειμμένου
648 1482 813 1544 μέρους,
845 1485 953 1546 λέγω
988 1488 1030 1534 δὲ
1054 1495 1122 1535 τοῦ
1164 1491 1352 1553 Ἂραὸίου

116 1541 292 1599 κόλπου,
314 1546 570 1606 ποιησόμεθα
589 1548 663 1605 τὴν
698 1553 954 1616 ἀναγραφὴν,
977 1556 1029 1601 τὰ
1048 1558 1121 1615 μὲν
1141 1561 1186 1604 ἐκ
1209 1565 1288 1605 τῶν
1311 1565 1351 1607 ἐν

115 1609 396 1677 Ἀλεξανδρεία
414 1618 643 1676 βασιλικῶν
668 1622 976 1682 ὑπομνημάτων
995 1625 1271 1690 ἐξειληφότες,
1298 1631 1350 1675 τὰ

114 1681 154 1725 δὲ
179 1682 290 1744 παρὰ
309 1686 389 1729 τῶν
411 1687 622 1733 αὐτοπτῶν
641 1691 951 1749 πεπυσμένοι...

177 1749 230 1796 Ὁ
251 1750 293 1796 δὲ
337 1757 740 1820 προσαγορευόμενος
778 1760 965 1823 Ἀράδιος
1001 1764 1152 1820 κόλπος
1186 1770 1348 1815 ἀνεστό-

113 1836 247 1876 μωται
272 1819 345 1879 μὲν
369 1825 423 1875 εἷς
448 1823 518 1870 τὸν
553 1828 661 1871 κατὰ
686 1830 954 1893 μεσημὸρίαν
977 1834 1164 1892 κείμενον
1193 1837 1345 1884 Ὠκεα-

109 1887 195 1946 νὸν,
221 1891 279 1950 τῷ
304 1890 427 1949 μήκει
446 1893 480 1937 δ’
505 1894 573 1939 ἐπὶ
598 1896 773 1950 πολλοὺς
790 1901 898 1945 πάνυ
919 1903 1117 1965 παρήκων
1137 1907 1344 1963 σταδίους,

109 1956 175 2001 τὸν
198 1958 328 2020 μυχὸν
350 1959 436 2022 ἔχει
455 1966 781 2027 περιοριζόμενον
797 1977 884 2021 ταῖς
903 1974 1114 2033 ἐσχατιαῖς
1135 1979 1206 2032 τῆς
1222 1977 1341 2041 Ἀρα-

109 2025 199 2077 ὅίας
218 2028 287 2072 καὶ
311 2032 676 2092 Τρωγλοδυτικῆς·
706 2030 819 2100 εῧρος
843 2040 884 2085 δὲ
908 2041 1023 2087 κατὰ
1040 2044 1114 2103 μὲν
1142 2044 1187 2091 τὸ
1207 2048 1342 2107 στόμα

105 2095 175 2140 καὶ
199 2096 265 2141 τὸν
289 2099 418 2161 μυχὸν
449 2102 626 2165 ὑπάρχει
646 2107 741 2167 περὶ
775 2110 998 2156 ἑκκαίδεκα
1026 2114 1230 2176 σταδίους,
1261 2118 1341 2162 ἀπὸ

105 2164 147 2209 δὲ
169 2167 391 2229 Πανόρμου
411 2171 574 2230 λιμένος
598 2174 697 2237 πρὸς
720 2176 792 2232 τὴν
819 2180 1038 2242 ἀντιπέραν
1062 2183 1230 2246 ἤπειρον
1258 2205 1339 2244 μα-

105 2241 204 2295 κρᾶς
226 2235 323 2287 νεὼς
350 2239 529 2299 διωγμὸν
561 2245 795 2306 ἡμερήσιον.
863 2248 926 2294 Τὸ
947 2248 989 2294 δὲ
1028 2251 1220 2312 μέγιστόν
1251 2257 1337 2300 ἐστι

110 2303 311 2364 ὁιάστημα
347 2307 455 2352 κατὰ
488 2309 533 2354 τὸ
564 2310 771 2374 Τύρκαιον
807 2315 897 2376 ὅρος
932 2318 1002 2362 καὶ
1036 2321 1204 2382 Μαρίαν
1241 2324 1334 2368 δυσ-

1440 673 1559 713 molis
1581 675 1729 718 bestias
1754 679 2032 736 deglutierint,
2059 688 2131 729 sed
2148 705 2242 731 cum
2271 693 2493 749 elephantis
2512 714 2671 758 quoque

1439 750 1728 795 conflictarint.
1789 757 2002 811 Spirarum
2019 763 2129 803 enim
2146 779 2255 806 nexu
2273 782 2392 811 crura
2411 772 2574 816 illorum
2592 786 2671 819 tam

1437 833 1547 867 arcte
1572 828 1804 893 implicare,
1840 844 1887 875 ut
1913 850 2079 879 movere
2110 854 2152 880 se
2182 855 2400 898 nequeant,
2434 861 2673 909 arrectoque

1435 915 1560 957 super
1578 906 1866 959 proboscidem
1887 913 1993 954 collo
2005 945 2016 965 ,
2036 925 2159 971 caput
2177 932 2298 961 suum
2318 922 2519 979 elephanti
2544 931 2671 972 oculis

1435 982 1669 1039 obvertere,
1703 990 1914 1048 igneisque
1946 996 2056 1036 visus
2095 997 2220 1039 radiis
2252 1009 2447 1058 tanquam
2489 1008 2670 1064 fulgetris

1433 1075 1654 1108 excaecatos
1676 1069 1728 1111 ad
1760 1080 1912 1115 terram
1935 1078 2179 1132 profligare,
2211 1084 2528 1143 profligatosque
2546 1090 2669 1133 devo-

1431 1159 1537 1188 rare.

1487 1240 1555 1279 79.
1574 1226 1587 1282 (
1607 1231 1704 1284 Cap.
1728 1233 1795 1274 38.
1815 1233 1829 1289 )
1845 1237 2066 1291 Postquam
2082 1254 2179 1295 ergo
2195 1247 2427 1289 narratione
2451 1255 2665 1307 perspicua

1427 1292 1679 1349 AEthiopiam
1705 1313 1800 1340 cum
1819 1303 2109 1361 Troglodytica
2134 1318 2175 1350 et
2197 1316 2462 1357 conterminis
2481 1319 2532 1359 ad
2552 1322 2664 1362 inha-

1427 1360 1636 1403 bitabilem
1657 1375 1757 1408 aestu
1777 1370 1938 1425 plagam
1957 1376 2209 1429 regionibus,
2236 1395 2326 1421 oras
2350 1398 2514 1440 quoque
2534 1390 2663 1430 Rubri

1427 1436 1565 1486 maris,
1585 1445 1786 1490 quantum
1803 1441 1898 1481 satis
1917 1457 2003 1484 esse
2022 1445 2201 1499 videtur,
2220 1455 2422 1504 persecuti
2442 1469 2581 1497 sumus

1426 1518 1538 1546 nunc
1557 1507 1724 1562 reliquae
1741 1511 1883 1563 partis,
1906 1513 2072 1554 Arabici
2092 1516 2206 1558 sinus
2222 1519 2407 1575 inquam,
2425 1523 2664 1582 descriptio-

1424 1587 1519 1614 nem
1542 1575 1862 1630 subjungcmus;
1882 1593 2006 1633 quam
2027 1585 2178 1637 partim
2202 1601 2252 1627 ex
2263 1591 2383 1643 regiis
2403 1593 2661 1637 Alexandriae

1423 1647 1744 1696 commentariis,
1783 1649 1934 1702 partim
1960 1651 2106 1693 auditu
2138 1670 2187 1696 ex
2219 1657 2281 1697 his
2294 1689 2306 1708 ,
2350 1662 2421 1714 qui
2452 1663 2656 1716 viderunt,

1420 1714 1666 1767 accepimus,
1675 1747 1684 1756 .
1694 1747 1703 1756 .

1475 1782 1642 1823 Arabici
1663 1784 1787 1836 igitur
1808 1799 1932 1840 quem
1956 1785 2107 1831 vocant>
2127 1793 2240 1834 sinus
2267 1798 2369 1838 ostia
2385 1799 2427 1839 in
2447 1802 2656 1845 Oceanum

1419 1860 1636 1902 australem
1661 1877 1746 1903 sese
1762 1865 1982 1919 prolatant.
2044 1872 2282 1926 Longitudo
2299 1866 2351 1918 ad
2372 1880 2498 1922 multa
2513 1897 2657 1925 excur-

1419 1940 1472 1980 rit
1493 1941 1624 1984 stadia
1638 1959 1649 1994 ;
1674 1946 1950 1989 remotissima
1975 1948 2062 2004 ejus
2081 1966 2175 2007 pars
2198 1964 2390 2000 extremae
2420 1962 2581 2005 Arabiae
2617 1975 2657 2006 et

1413 2021 1715 2079 Troglodyticae
1737 2029 1924 2070 terminis
1951 2034 2201 2077 continetur.
2263 2040 2459 2082 Latitudo
2478 2044 2521 2084 in
2550 2048 2654 2087 ostio

1414 2105 1457 2138 et
1478 2112 1641 2141 recessu
1659 2102 1712 2142 ad
1732 2103 1911 2148 sedecim
1925 2108 2058 2159 stadia
2077 2113 2334 2165 provehitur.
2394 2121 2431 2159 A
2446 2122 2654 2179 Panormo

1411 2188 1509 2215 vero
1524 2185 1651 2230 portu
1672 2178 1724 2218 ad
1743 2183 1975 2236 oppositam
1994 2188 2275 2231 continentem
2304 2195 2505 2237 concitata
2529 2200 2651 2240 unius

1410 2249 1492 2290 diei
1530 2253 1790 2307 navigatione
1827 2259 2079 2304 extenditur.
2138 2266 2322 2309 Maxima
2356 2269 2551 2314 distantia
2572 2285 2649 2323 ,est

1411 2327 1520 2368 circa
1544 2330 1759 2383 Tyrcaeum
1784 2332 2047 2392 (Tauricam)
2077 2349 2263 2383 montem
2297 2353 2337 2385 et
2371 2348 2544 2390 Mariam
2584 2352 2647 2391 in-

122 2399 2635 2451 ᾺἊῌ

159 2441 181 2490 5
201 2442 268 2478 79.
293 2439 419 2491 Quod
441 2443 651 2486 Diodorus
680 2447 798 2488 initio
824 2448 949 2503 hujus
967 2455 1158 2506 segminis
1188 2459 1245 2496 ait
1268 2458 1340 2498 de-

101 2501 365 2554 scriptionem
382 2517 464 2544 orae
476 2505 589 2546 sinus
611 2508 776 2549 Arabici
796 2525 838 2550 se
858 2512 1106 2568 subjungere
1123 2519 1273 2570 partim
1290 2535 1339 2560 ex

100 2564 407 2604 commentariis
423 2567 544 2620 regiis
559 2570 709 2623 partim
724 2586 746 2611 e
762 2571 844 2612 fide
861 2576 1028 2616 testium
1045 2578 1302 2628 oculatorum
1325 2595 1334 2622 :

98 2622 142 2664 id
157 2638 208 2664 ex
226 2625 316 2679 ipso
339 2629 546 2670 transtulit
564 2632 868 2684 Agatharchide
880 2667 891 2686 ‚
917 2652 1042 2691 quem
1065 2641 1139 2681 etsi
1158 2656 1244 2682 non
1259 2658 1335 2684 no-

97 2687 248 2737 minat,
275 2695 413 2729 tamen
427 2703 568 2746 presso
589 2694 694 2748 pede
710 2697 751 2736 in
765 2698 935 2751 singulis
951 2701 1184 2757 quibusque
1199 2707 1334 2760 sequi-

97 2756 180 2789 tur.
218 2750 233 2804 {l
271 2774 328 2782 —-
350 2753 419 2792 23.
448 2752 526 2795 ἐπὶ
562 2757 784 2807 πολλοὺς
818 2762 939 2802 πάνυ
957 2764 1194 2819 παρήκων
1230 2783 1334 2809 στα-

96 2812 117 2850 ὃ
131 2811 142 2851 ί
148 2827 167 2852 ο
176 2827 196 2851 υ
208 2815 256 2865 ς.]
269 2814 391 2854 Haud
407 2815 532 2858 dubie
547 2820 683 2873 paullo
696 2825 924 2865 accuratius
940 2826 1020 2866 hoc
1032 2826 1218 2870 definivit
1228 2833 1333 2885 Aga-

95 2873 343 2917 tharchides.
364 2879 596 2921 Herodotus
617 2884 674 2934 ΙΙ,
707 2898 752 2925 11
773 2898 782 2926 :
805 2886 940 2938 Μῆκος
965 2888 1032 2943 μὲν
1053 2890 1191 2952 πλόου,
1223 2892 1333 2948 ἀρξα-

97 2936 198 2991 μένῳ
218 2935 258 2977 ἐκ
274 2943 399 2993 μυχοῦ
416 2941 649 2984 διεκπλῶσαι
670 2945 705 2994 ἐς
720 2945 789 2998 τὴν
810 2948 938 3004 εὐρέαν
958 2951 1170 3003 θάλασσαν,
1192 2954 1331 3011 ἡμέραι

95 2997 385 3055 ἀναισιμοῦνται
409 3007 694 3061 τεσσαράκοντα
723 3009 862 3069 εἰρεσίῃ
882 3015 1094 3071 χρεωμένῳ
1108 3032 1117 3040 ·
1142 3013 1249 3074 εὖρος
1271 3020 1325 3071 δὲ,

93 3063 141 3115 τῇ
166 3061 363 3117 εὖρύτατός
387 3065 466 3107 ἐστι
489 3067 510 3108 ὁ
540 3069 703 3122 κόλπος,
727 3072 846 3128 ἥμισυ
871 3074 1028 3131 ἡμέρης.
1058 3077 1154 3134 (De
1178 3082 1327 3135 quibus

95 3135 132 3161 v.
156 3124 290 3166 Baehr.
322 3127 375 3167 ad
408 3128 452 3170 h.
477 3129 505 3170 l.
536 3139 576 3172 et
606 3134 810 3177 Gosselin.
834 3145 866 3178 t.
898 3140 961 3189 II,
985 3153 1028 3194 p.
1066 3141 1143 3196 159
1181 3158 1271 3199 sqq.
1309 3148 1325 3199 )

98 3183 370 3230 Timosthenes
386 3192 483 3247 (ap.
505 3193 612 3235 Plin.
629 3197 706 3247 VI,
739 3198 790 3239 33
812 3198 826 3255 )
854 3209 985 3242 totum
1004 3201 1141 3245 sinum
1163 3208 1325 3262 quatri-

92 3244 167 3285 dui
193 3248 209 3300 (
242 3250 520 3304 quadraginta
566 3256 722 3299 dierum
762 3275 812 3301 ex
845 3263 1060 3306 Herodoto
1100 3266 1178 3321 leg.
1211 3270 1320 3325 conj.

92 3307 294 3352 Gosselin.
311 3312 339 3352 l.
357 3313 385 3354 l.
403 3316 419 3369 )
439 3317 744 3370 navigationem
762 3324 945 3373 taxavit,
961 3325 1099 3367 'bidui
1119 3327 1160 3369 in
1176 3329 1322 3372 latitu-

91 3366 239 3417 dinem,
262 3375 477 3424 angustias
500 3380 546 3418 V
541 3383 598 3421 II
612 3381 717 3424 mill.
746 3387 789 3425 D
798 3400 970 3441 passus.
996 3390 1127 3430 Porro
1147 3392 1322 3434 Alexan-

91 3426 154 3468 dri
173 3430 310 3484 Magni
332 3437 501 3479 comites
516 3449 556 3481 et
578 3443 858 3486 Anaxicrates
879 3448 896 3500 (
910 3462 990 3489 sec.
1005 3450 1318 3496 Eratosthenem

89 3503 156 3544 ap.
185 3493 374 3538 Strabon.
407 3513 451 3554 p.
478 3506 557 3555 768
589 3507 605 3558 )
632 3507 798 3547 Arabici
831 3508 966 3550 lateris
1016 3512 1316 3566 longitudinem

87 3552 184 3593 inde
206 3555 258 3595 ab
277 3557 492 3603 AElanitico
514 3579 675 3607 recessu
711 3579 1004 3625 computarunt
1026 3575 1131 3616 stad.
1166 3580 1314 3626 14000.

88 3616 215 3666 Quod
239 3619 414 3661 nimium
433 3637 518 3663 esse
543 3640 710 3668 censens
735 3631 1024 3674 Eratosthenes
1050 3635 1181 3690 (sicut
1209 3642 1315 3694 Aga-

88 3677 214 3719 thcm.
234 3682 268 3729 Ι,
291 3682 343 3734 3)
359 3683 549 3739 AEgyptio
563 3688 677 3729 lateri
695 3691 837 3745 (quod
857 3694 1036 3736 Arabico
1053 3697 1211 3752 longius
1225 3708 1313 3758 est)

85 3739 137 3779 ab
158 3742 381 3796 Heroopoli
404 3745 455 3785 ad
489 3748 782 3792 Ptolemaidem
812 3754 941 3796 stadia
960 3771 1068 3810 9000
1084 3790 1094 3808 ,
1138 3761 1234 3804 hinc
1261 3767 1312 3807 ad

84 3801 217 3842 fauces
236 3804 364 3845 stadia
387 3807 496 3854 4500
519 3810 535 3861 (
554 3830 604 3847 =
625 3812 757 3854 13500
775 3816 791 3867 )
809 3816 968 3858 tribuit.
990 3821 1114 3873 Apud
1133 3823 1310 3868 Plinium

82 3863 111 3903 l.
129 3864 156 3905 l.
174 3866 463 3908 Eratosthenes
491 3871 544 3910 ab
561 3872 667 3913 ostio
684 3876 790 3916 1300
808 3877 911 3918 mill.
931 3880 948 3932 (
966 3899 1015 3917 =
1032 3885 1164 3931 10400
1182 3889 1308 3942 stad.)

16 3972 19 3976 ἡ
85 3925 126 3966 ἰη
144 3943 342 3983 quamque
360 3941 525 3986 partem
545 3945 800 3990 computasse
819 3939 985 3991 dicitur,
1014 3956 1206 4001 corrupte
1228 3953 1308 3992 uti-

83 4001 176 4043 que.
204 4000 287 4032 Aut
306 3993 437 4035 13000
460 3996 590 4038 stadia
611 4012 687 4052 pro
708 4001 813 4042 1300
831 4002 933 4043 mill.
957 4003 1093 4046 dicere
1116 4008 1304 4063 debebat,

83 4060 150 4092 aut
161 4055 448 4111 pr-›XIII,leg.
461 4059 599 4113 XVII,
618 4062 646 4102 i.
659 4077 696 4103 e.
712 4076 816 4118 1700
829 4066 927 4106 mill.
941 4068 1285 4132 (=13600stad.)

1292 4108 1303 4127 5

1412 2469 1458 2499 ut
1472 2462 1738 2515 probabiliter
1760 2476 1897 2507 censet
1913 2470 2166 2513 Gosselinus.
2191 2475 2385 2518 Similiter
2407 2483 2643 2525 Artemido-

1409 2535 1480 2561 rus
1501 2537 1582 2563 sec.
1612 2525 1719 2566 Plin.
1740 2528 1966 2570 Arabicum
1996 2531 2100 2572 latus
2129 2549 2214 2575 esse
2244 2541 2384 2580 statuit
2409 2543 2514 2596 1750
2537 2547 2637 2588 mill.

1409 2585 1425 2635 (
1444 2602 1494 2618 =
1518 2588 1652 2634 14000
1669 2588 1774 2630 stad.
1802 2599 1849 2631 ut
1863 2606 1930 2647 ap.
1956 2595 2173 2647 Agathem.
2198 2600 2233 2648 Ι,
2258 2600 2280 2640 3
2308 2603 2340 2655 ),
2366 2617 2482 2646 oram
2504 2617 2642 2651 autem

1405 2646 1739 2703 Troglodyticam
1774 2666 1906 2708 usque
1940 2655 1993 2696 ad
2021 2658 2318 2704 Ptolemaidem
2356 2668 2461 2721 1137
2494 2680 2516 2723 ὲ
2537 2673 2637 2713 mill.

1406 2709 1423 2760 (
1440 2725 1494 2749 z
1528 2725 1637 2764 9100
1673 2713 1779 2755 stad.
1798 2717 1832 2769 ).
1856 2717 2052 2774 Agrippa
2082 2727 2149 2776 ap.
2188 2723 2294 2766 Plin.
2318 2728 2513 2784 quodque
2536 2732 2639 2774 latus

1404 2781 1541 2812 censet
1568 2787 1673 2827 1722
1689 2776 1791 2819 mill.
1814 2778 1897 2831 (=
1924 2781 2058 2836 13776
2083 2784 2189 2826 stad.
2205 2787 2238 2839 ),.
2266 2790 2413 2831 Strabo
2442 2794 2487 2843 Ι,
2519 2809 2562 2850 p.
2586 2798 2636 2838 35

1403 2844 1615 2890 computat
1637 2838 1738 2880 stad.
1766 2839 1899 2884 15000
1925 2842 1939 2898 (
1960 2846 2016 2894 ΙΙ,
2042 2859 2085 2900 p.
2122 2861 2201 2889 100
2221 2859 2318 2891 sunt
2349 2866 2526 2907 10,ooo;
2546 2873 2637 2899 cor-

1400 2905 1537 2951 rupte,
1565 2908 1611 2940 ut
1640 2900 1860 2957 videtur).
1881 2905 2123 2949 Ptolemaeus
2143 2911 2199 2961 V,
2233 2925 2282 2967 17
2316 2916 2494 2959 Arabico
2521 2920 2634 2962 lateri

1400 2961 1575 3014 assignat
1591 2963 1697 3006 stad.
1726 2968 1880 3018 10400;
1902 2969 2094 3025 AEgyptio
2119 2987 2247 3028 usque
2270 2975 2320 3017 ad
2339 2979 2631 3026 Ptolemaidem

1399 3034 1509 3075 7200
1527 3025 1631 3066 stad.
1653 3029 1744 3079 11-
1759 3032 1828 3070 26.
1854 3028 2054 3072 ἓκκαίδε
2068 3049 2123 3073 κα
2157 3037 2350 3079 σταδίου
2365 3042 2403 3095 ς]
2438 3062 2454 3077 «
2474 3045 2632 3086 Vereor

1396 3084 1659 3128 vehementer
1681 3097 1726 3129 ut
1745 3091 1832 3131 sani
1854 3091 1897 3132 hi
1919 3096 2082 3135 numeri
2104 3097 2206 3147 sint;
2228 3113 2377 3153 magno
2396 3103 2506 3143 enim
2531 3121 2628 3147 con-

1397 3161 1520 3188 sensu
1533 3158 1687 3191 veteres
1702 3154 1907 3206 angustias
1926 3156 2039 3196 sinus
2063 3159 2225 3199 Arabici
2239 3191 2251 3210 ,
2269 3175 2360 3215 quae
2375 3164 2482 3205 circa
2497 3168 2624 3210 Diren

1394 3215 1729 3263 promontorium
1763 3218 2133 3273 cognominemque
2155 3221 2301 3263 urbem
2332 3234 2442 3276 sunt,
2474 3229 2624 3272 stadio-

1393 3286 1486 3313 rum
1505 3278 1557 3315 60
1581 3275 1762 3327 faciunt,
1790 3279 1935 3320 Strabo
1957 3282 2073 3331 XVI,
2099 3296 2141 3336 p.
2166 3287 2260 3337 768,
2286 3288 2450 3329 Arrian.
2469 3292 2618 3348 Peripl.

1392 3348 1449 3375 m.
1467 3337 1635 3391 Erythr.
1660 3352 1701 3391 p.
1731 3339 1804 3379 155
1833 3340 1870 3394 (§
1891 3341 1978 3394 25),
2001 3344 2261 3396 Agathemer.
2286 3349 2326 3396 I,
2350 3350 2372 3389 3
2396 3366 2406 3400 ;
2432 3365 2523 3406 quae
2540 3355 2621 3397 fere

1391 3407 1554 3452 aequant
1568 3400 1689 3440 Plinii
1703 3402 1784 3441 VII
1796 3403 1895 3443 mill.
1912 3406 1949 3443 D
1971 3418 2096 3458 pass.,
2110 3415 2155 3446 ut
2167 3407 2290 3448 fidem
2303 3411 2493 3454 codicum
2509 3426 2621 3458 vetu-

1389 3460 1563 3501 stiorum
1575 3470 1736 3501 secutus
1757 3465 1934 3504 correxit
1949 3465 2203 3509 Harduinus.
2219 3489 2236 3504 ι»
2254 3471 2533 3518 WEssEmNG.
2548 3481 2618 3520 In-

1388 3529 1496 3562 certa
1513 3537 1576 3563 res
1588 3531 1661 3572 est,
1680 3526 1905 3578 praesertim
1916 3526 2028 3580 quod
2045 3542 2139 3569 cum
2151 3529 2338 3574 faucibus
2354 3542 2618 3593 componitur

1387 3583 1557 3624 intimus
1590 3599 1770 3625 recessus
1786 3617 1796 3635 ,
1835 3588 1906 3641 qui
1930 3587 1982 3629 ad
2004 3591 2209 3633 Arsinoen
2237 3596 2416 3649 perbene
2437 3601 2613 3645 sedecim

1384 3645 1612 3687 stadiorum
1628 3646 1707 3687 dici
1725 3657 1899 3702 poterat,
1914 3665 2044 3705 quum
2060 3655 2210 3696 ostium
2222 3658 2334 3699 sinus
2351 3661 2481 3703 multo
2495 3665 2613 3707 latius

1384 3715 1501 3748 esset.
1522 3710 1613 3761 11-
1628 3722 1695 3762 27.
1712 3708 1735 3748 ἀ
1748 3726 1774 3750 π
1786 3710 1806 3750 ἱ)
1824 3712 1844 3750 δ
1857 3711 1872 3752 ὲ
1887 3713 2044 3770 Πανόρ
2057 3731 2085 3771 μ
2097 3719 2164 3773 ου]
2183 3720 2314 3761 Nemo
2330 3721 2415 3776 ejus
2431 3729 2609 3768 nominis

1381 3778 1548 3822 portum
1568 3770 1609 3810 in
1626 3771 1719 3811 sinu
1731 3774 1805 3814 Ar.
1818 3785 2017 3818 memorat
2031 3793 2041 3828 ;
2054 3781 2316 3833 cogitandum
2330 3785 2547 3828 videturde
2562 3805 2610 3830 eo

1380 3829 1470 3871 loco
1488 3845 1609 3886 quem
1631 3834 1945 3888 Myoshormum
1962 3838 2062 3881 dicit
2084 3843 2338 3885 Ptolemaeus.
2358 3847 2420 3887 Cf.
2446 3849 2564 3890 infra.
2589 3854 2604 3904 Η

1379 3906 1519 3946 —29.
1542 3894 1774 3949 Τύρκαιον
1799 3899 1849 3954 ὄρ
1864 3915 1911 3948 ος
1934 3901 2209 3958 καὶΜαρίαν
2235 3907 2603 3967 δυσπελαγίαν]

1379 3954 1563 4009 Τύρκαιον
1585 3956 1670 4010 ὄρος
1685 3959 1744 3999 sic
1761 3973 1886 4003 nemo
1912 3973 2127 4006 memorat.
2145 3968 2225 4007 Pro
2250 3968 2400 4022 Μαρίαν
2420 3971 2606 4014 δυσπελα-

1379 4032 1403 4071 γ
1411 4017 1466 4057 ίαν
1479 4018 1517 4057 in
1528 4016 1778 4062 editionibus
1786 4037 1898 4064 nunc
1906 4024 2053 4078 legitur
2060 4027 2259 4082 Μακαρίαν
2271 4032 2386 4081 νῆσον
2396 4032 2599 4089 πελαγίαν,

1378 4088 1544 4121 auctore
1573 4081 1769 4125 Strothio.
1793 4087 1846 4126 At
1875 4086 2064 4128 codicum
2094 4088 2212 4130 lectio
2229 4098 2384 4132 tantum
2406 4108 2488 4135 non
2515 4111 2602 4138 om-
