2808 4342
57 534 83 560 ,ὑ

955 141 1335 213 STADlASMUS
1371 143 1571 190 MAGNI
1609 144 1811 190 MARts.

171 242 271 287 Ἀπὸ
303 245 379 287 τοῦ·
397 241 413 301 [
433 239 669 302 Ῥωσαίου]
692 240 893 286 σκοπέλου
919 240 961 287 δὲ
995 242 1052 302 μὴ
1084 243 1348 294 κατακολπί-

105 314 243 366 ζοντι,
272 312 364 355 ἀλλ’
385 308 450 354 ἐπ’
471 309 626 362 εὐθείας
655 309 817 355 πλέοντι
842 313 897 361 εἷς
921 310 1171 372 Ἀντιόχειαν
1205 313 1272 356 ἐπὶ
1298 311 1349 356 τὰ

110 381 213 440 πρὸς
241 377 417 438 ἑσπέραν
454 379 558 438 [τῆς
589 378 738 442 ἄρκτου
765 379 906 441 μέρη]
944 379 1072 442 νότῳ,
1108 379 1274 444 [κατὰ]
1299 380 1349 425 τὰ

103 448 300 506 εὐώνυμα
313 446 564 507 τῆς-ἠπείρου
579 448 736 509 μακρὸν
753 447 1082 510 διαφαλλομένῳ,
1100 448 1255 493 στάδιοι
1273 448 1346 495 τν’.

121 527 123 529 ’
179 532 250 562 165.
287 515 385 566 Ἀπὸ
412 521 482 561 τοῦ
515 517 716 578 Πυράμου
741 520 931 574 ποταμοῦ
963 518 1274 577 εὖθυδρομοῧντι
1294 520 1349 570 εἷς

107 585 262 635 Σόλους
287 584 353 629 ἐπὶ
379 584 429 629 τὰ
454 585 556 643 πρὸς
587 584 763 644 ἑσπέραν
789 583 892 645 μέρη
917 587 988 639 τῆς
1023 584 1172 645 ἄρκτου
1201 583 1345 647 [ἀπη-

101 654 280 721 &idi-5⁸2}
290 654 405 698 νότου
428 651 656 717 μικρόν[τ,ι]
681 651 927 713 παρέλκοντι
951 652 1108 697 στάδιοι
1133 653 1188 716 φ’.

99 726 132 742 ””
166 721 239 769 166.
279 721 378 769 Ἀπὸ
403 726 472 776 τῆς
492 723 675 783 κεφαλῆς.
693 725 764 764 τοῦ
791 720 998 782 Πυράμου
1022 722 1088 766 ἐπὶ
1122 721 1188 766 τὸν
1215 741 1344 768 ποτα-

101 792 178 851 μὸν
204 792 340 850 Σάρον
365 791 522 836 στάδιοι
543 789 619 851 ρκ’.

101 896 103 899 -
172 877 246 907 167.
285 860 383 905 Ἀπὸ
405 859 542 919 Σάρου
569 863 759 918 ποταμοῦ
787 857 853 903 ἐπὶ
886 859 970 920 [τὸ]
993 859 1125 919 στόμα
1147 864 1218 915 τῆς
1240 860 1346 921 λίμ-

93 947 198 986 νης,
223 928 243 973 ὃ
264 929 453 972 καλεῖται
476 927 678 988 Ῥηγμοὶ,
696 927 855 974 στάδιοι
878 928 927 973 α’.

166 1014 240 1044 168.
278 997 380 1044 Ἀπὸ
405 997 606 1058 Ἱ)ηγμῶν
641 1000 695 1049 εἷς
731 997 897 1060 Ταρσὸν
931 998 1088 1043 στάδιοι
1115 998 1165 1045 ο’.

1235 998 1345 1046 ‘Pia

86 1062 168 1112 ’διὰ
192 1066 321 1126 μέσης
340 1070 410 1122 τῆς
426 1067 584 1117 πόλεως
604 1066 790 1126 ποταμὸς
816 1065 987 1118 Κύδνος.

163 1152 238 1183 1119.
277 1135 374 1181 Ἀπὸ
403 1135 602 1195 εΡηγμῶν
623 1136 690 1180 ἐπὶ
709 1135 860 1196 χωρίον
877 1135 1073 1198 Ζεφύριον
1085 1137 1240 1181 στάδιοι
1265 1138 1341 1198 ρκ’.

163 1223 237 1253 17ο.
277 1204 292 1268 [
313 1205 412 1250 Ἀπὸ
439 1205 642 1266 Ζεφυρίου
667 1207 722 1255 εἷς
743 1205 896 1255 Σόλους
919 1206 1075 1249 στάδιοι
1098 1205 1129 1249 ν’
1145 1204 1178 1268 ].

164 1291 236 1321 171.
274 1274 372 1318 Ἀπὸ
391 1273 432 1317 δὲ
452 1274 595 1319 Σόλων
612 1274 681 1318 ἐπὶ
698 1272 841 1331 κώμην
856 1273 1094 1318 Καλανθίαν
1111 1273 1269 1318 στάδιοι
1289 1274 1337 1319 ν’.

72 1435 74 1437 »
95 1407 368 1448 incertissima
386 1416 602 1458 tentarem,
620 1410 699 1448 nisi
711 1409 908 1448 excitaret
923 1408 1151 1462 Stephanus
1171 1422 1180 1448 z
1201 1409 1339 1457 Πανία,

96 1469 263 1512 ἐπίνειον
282 1469 454 1515 Κιλικίας
472 1470 558 1524 περὶ
572 1470 616 1509 τὸ
639 1469 790 1520 Ἀλήιον
821 1469 970 1510 πεδίον.
995 1471 1112 1510 Η3110
1131 1471 1343 1525 planitiem

96 1548 225 1588 quum
237 1547 325 1586 jam
341 1534 746 1586 praeternavigemus,
771 1530 921 1572 Ἰωνίαν
938 1540 1076 1572 ortum
1096 1531 1272 1572 dixerim
1296 1548 1345 1572 ex

97 1596 262 1636 Πανίαν.
292 1594 432 1635 Stadia
461 1609 514 1647 70
554 1596 598 1634 in
638 1592 778 1633 locum
807 1593 991 1648 ducunt,
1020 1594 1094 1634 ubi
1122 1609 1234 1634 nunc
1252 1595 1346 1634 litus

95 1672 315 1698 arenosum
338 1658 379 1696 in
402 1670 514 1696 mare
533 1655 758 1711 procurrit.
783 1653 833 1695 Id
853 1656 979 1708 igitur
1004 1654 1130 1698 fuerit
1147 1655 1192 1695 τὸ
1223 1655 1346 1710 ἀκρω-

95 1719 244 1774 τήριον,
270 1719 368 1759 011111
392 1717 562 1758 fortasse
579 1718 707 1771 magis
727 1717 1015 1771 conspicuum.
1037 1718 1138 1756 Mox
1160 1717 1345 1771 supplevi

102 1780 289 1822 Ῥωσαίου
303 1813 314 1828 ,
339 1794 422 1834 qua
437 1780 571 1820 forma
587 1787 728 1819 noster
741 1779 908 1829 utiturS
931 1777 1026 1827 150,
1052 1792 1182 1831 quum
1196 1780 1347 1818 rectius

21 1857 27 1864 ·
89 1843 251 1884 diceres
274 1842 463 1882 Ῥωσικοΰ
480 1841 544 1882 vel
570 1839 750 1881 Ῥωσίου.
774 1841 790 1891 ΙΙ
809 1838 956 1880 -ἒπὶ
993 1838 1053 1880 τὰ
1082 1839 1199 1894 πρὸς
1219 1839 1348 1881 ἕσπέ-

16 1924 26 1941 ·v
95 1921 176 1960 ραν
209 1895 332 1959 κτλ.’]
365 1903 494 1945 ἔπειτα
526 1902 619 1958 πρὸς
653 1900 848 1953 ἀνατολὴν
883 1904 951 1954 τῆς
983 1901 1141 1957 ἠπείρου
1172 1904 1272 1958 νότῳ
1299 1904 1347 1943 τὰ

95 1969 269 2024 εύώνυμα
310 1967 455 2024 μακρὸν
487 1966 689 2020 διαφάλλω
726 1965 858 2006 codex
889 1979 970 2005 sec.
1009 1967 1198 2006 Iriartem
1211 1982 1222 2016 ;
1258 1966 1348 2006 ulti-

94 2047 203 2073 mam
225 2046 367 2072 vocem
403 2031 512 2071 lectu
535 2029 818 2071 difficillimam
844 2030 1063 2085 διαραμὲνῳ
1088 2044 1173 2070 0550
1209 2039 1347 2071 censet

92 2095 292 2135 Millerus.
315 2094 502 2143 Con-exi,
521 2101 568 2133 ut
590 2107 654 2133 res
675 2101 714 2133 et
743 2093 867 2132 verba
900 2093 1081 2145 flagitare
1112 2090 1343 2132 videbatur.

93 2159 142 2196 In
167 2164 349 2197 mentem
372 2155 495 2195 etiam
510 2163 677 2194 venerat
696 2167 705 2194 :
722 2154 813 2209 πρὸς
832 2154 991 2209 ἑσπέραν
1008 2157 1074 2205 τῆς
1094 2154 1233 2207 ἄρκτου
1254 2153 1347 2205 ἀπη-

92 2218 215 2275 λιώτῃ
239 2219 350 2266 νότου
370 2216 467 2258 κατὰ
487 2215 534 2256 τὰ
559 2215 735 2271 εὐώνυμα
751 2217 884 2270 μικρόν
901 2232 939 2256 τι
960 2215 1172 2270 ἐφέλκοντι,
1199 2215 1344 2255 collato

94 2283 116 2332 S
140 2281 234 2322 165.
254 2284 358 2333 Quae
374 2279 531 2320 Gailius
548 2278 599 2318 de
616 2278 696 2318 hoc
722 2278 813 2318 loco
829 2278 1008 2328 disserit,
1028 2292 1113 2318 non
1136 2276 1286 2318 refero.

151 2345 173 2395 §
206 2346 301 2384 165.
321 2341 476 2387 Σώλους
499 2339 613 2389 cod.;
636 2353 718 2379 em.
737 2339 844 2380 Gail.
872 2340 889 2393 Η
913 2363 970 2369 -
990 2341 1057 2390 τῆς
1077 2338 1216 2393 ἄρκτου
1244 2340 1345 2395 νότῳ

94 2409 218 2460 μικρῷ
241 2403 430 2458 παρέλκας
452 2401 596 2442 codex.
621 2402 776 2441 Cursus
792 2409 957 2441 tantum
974 2415 1059 2441 non
1075 2401 1186 2440 recta
1207 2414 1344 2441 versus

94 2480 287 2508 occasum
308 2465 457 2506 tendit.
482 2465 496 2516 ll
520 2488 576 2494 -—
595 2464 801 2503 στάδιοι
824 2463 864 2518 φ’
886 2465 900 2518 ]
923 2465 990 2504 Sic
1021 2464 1143 2504 etiam
1167 2465 1346 2504 Artemi-

94 2529 222 2570 dorus
241 2543 309 2583 ap.
345 2527 606 2568 Strabonem.
633 2527 841 2567 Distantia
863 2525 990 2566 nimia
1019 2526 1206 2580 ponitur.
1227 2526 1304 2566 Vel
1322 2541 1344 2566 a

37 2600 52 2626 ’-
93 2592 205 2632 Μ3111
227 2590 518 2646 promontorio
535 2589 699 2628 nonnisi
728 2591 811 2636 400
830 2596 926 2628 sunt
948 2587 1094 2627 stadia.

36 3956 49 4037 i

153 2656 297 2705 5166.
331 2652 522 2706 Σάρον]
551 2650 695 2704 Ἄρειον
734 2651 820 2701 et§
855 2652 931 2702 167
973 2647 1113 2703 Ἀρείου
1149 2648 1244 2689 cod.
1277 2649 1341 2691 Cf.

93 2714 242 2756 Strabo
278 2729 321 2770 p.
356 2714 464 2765 5343
490 2713 597 2754 Ptol.
634 2714 690 2762 V,
715 2714 763 2762 8;
801 2712 983 2765 Appian.
1005 2712 1094 2766 Syr.
1124 2714 1170 2760 43
1203 2712 1344 2752 Livius

94 2777 294 2826 XXXIII,
315 2780 363 2826 41
381 2793 392 2826 ;
424 2777 582 2817 Plinius
604 2776 660 2825 V,
681 2787 749 2824 22,
777 2787 829 2827 92
850 2773 950 2828 (ubi
980 2788 1086 2814 unus
1101 2773 1230 2815 codex
1246 2776 1342 2823 item

99 2842 204 2880 Aras
235 2855 313 2894 pro
339 2843 460 2880 Saros
493 2838 631 2879 habet.
655 2839 688 2890 ).
727 2833 854 2891 Apud
888 2836 1160 2891 Xenophont.
1204 2837 1338 2877 Anah.

35 2939 44 2953 ‚
93 2905 128 2952 Ι,
155 2906 196 2952 4,
220 2906 244 2951 4
265 2903 414 2956 Ψάρος.
446 2904 528 2956 Ap.
550 2900 725 2942 Ptolem.
743 2899 901 2953 Σάροςῆ
922 2900 1096 2954 Σίναρος.
1113 2902 1164 2939 In
1184 2900 1341 2953 Diony-

28 2957 32 2960 *
95 2966 157 3004 sio
179 2964 330 3004 Ciliciae
356 2964 472 3003 fluvii
496 2962 721 3016 ῑΠύραμος,
749 2961 916 3016 Πίναρος
934 2971 974 3001 et
994 2962 1149 3009 Κύδνος,
1173 2960 1245 3001 ubi
1272 2962 1342 3000 Πί-

97 3040 208 3081 ναρος
226 3026 322 3067 fort.
349 3041 435 3066 non
460 3024 586 3065 suerit
614 3024 763 3064 fluvius
784 3025 898 3064 sinus
922 3025 1059 3075 Issici‚
1092 3024 1163 3064 sed
1185 3024 1344 3078 Σίναρος

100 3088 183 3142 (311
206 3088 287 3128 1100
311 3095 454 3128 ortum
487 3102 509 3126 e
533 3084 770 3141 ΚοίρανοςΡ)
796 3086 819 3137 ἢ
846 3086 971 3141 Σάρος
999 3086 1224 3126 Ptolemaei.
1257 3087 1343 3126 Ste-

94 3151 256 3205 phanus
276 3164 285 3191 ;
306 3151 429 3205 Σάρος
451 3149 472 3189 ὁ
492 3149 559 3190 καὶ
587 3149 772 3203 Κοίρανος
793 3161 802 3189 :
824 3149 1022 3189 nimirum
1039 3162 1106 3199 *w
1132 3162 1260 3202 graece
1282 3157 1343 3189 est

94 3213 284 3268 κοίρανος.
301 3214 424 3253 Ν11110
442 3212 637 3252 δοὶεΙιοιιη
663 3211 807 3252 ΤεΙιαί.

153 3277 174 3326 S
212 3279 306 3316 167.
333 3274 396 3315 ἐπὶ
422 3274 613 3327 στόματος
640 3272 781 3327 λίμνης
808 3272 966 3324 0οἀοΧ;
993 3273 1055 3314 ἐπὶ
1071 3272 1196 3328 στόμα
1215 3275 1282 3324 τῆς
1299 3273 1340 3314 λ.

97 3336 161 3376 vel
177 3337 248 3383 ἕως
263 3336 452 3389 στόματος
465 3335 606 3388 λίμνης
617 3334 694 3387 leg.
714 3348 799 3375 esse
812 3343 954 3376 monet
970 3335 1077 3376 Gail.
1102 3335 1118 3389 ΙΙ
1134 3359 1192 3366 -
1216 3333 1291 3388 Ῥη
1302 3351 1344 3391 γ-

97 3397 207 3452 μοί]
234 3395 389 3451 Ῥῆγμα
410 3395 558 3436 Strabo
586 3409 629 3449 p.
654 3399 734 3448 672
751 3409 761 3435 ;
781 3395 893 3436 Μετὰ
915 3396 956 3436 δὲ
974 3395 1044 3446 τὴν
1071 3395 1282 3451 Ἀγχιάλην
1304 3399 1343 3439 αἱ

97 3463 166 3500 τοῦ
187 3459 332 3499 Κύδνου
363 3457 522 3498 ἐκὸολαὶ
547 3456 644 3497 κατὰ
672 3457 717 3496 τὸ
746 3455 902 3514 Ῥῆγμα
918 3458 1159 3513 καλούμενον
1175 3474 1184 3483 ·
1205 3459 1285 3500 ἔστι
1304 3460 1344 3501 δὲ

96 3522 298 3577 λιμνάζων
315 3521 430 3568 τόπος
443 3552 454 3571 ,
474 3519 577 3574 ἔχων
597 3518 662 3559 καὶ
681 3518 828 3559 παλαιὰ
851 3521 1010 3575 νεώρια,
1032 3520 1083 3568 εἰς
1102 3521 1146 3562 ὃν
1174 3519 1343 3563 ἐκπίπτει

101 3584 123 3629 ὁ
146 3584 289 3632 Κύδνος
304 3584 325 3624 ὁ
340 3584 522 3639 διαρρέων
546 3583 663 3638 μέσην
677 3580 747 3633 τὴν
764 3582 967 3637 Ταρσόν...
987 3582 1052 3623 καί
1066 3582 1166 3624 ἐστιν
1180 3581 1342 3626 ἐπίνειον

102 3646 263 3704 ἣλίμνη
283 3649 351 3698 τῆς
366 3646 533 3701 Ταρσοῦ.
556 3645 787 3700 Stephanus
810 3657 820 3685 ε
850 3643 1042 3700 Ῥωγμοί,
1070 3645 1242 3694 Κιλικίας
1264 3646 1344 3689 ἐπί-

102 3723 224 3750 νειον·
251 3708 296 3749 τὸ
319 3708 467 3749 ἐθνικὸν
495 3707 729 3763 Ῥωγμίτης.
750 3708 939 3748 Fortasse
955 3708 1080 3748 etiam
1095 3718 1238 3749 nostro
1254 3709 1346 3750 loco

102 3780 191 3813 erat
219 3770 410 3826 Ῥωγμοί.
436 3770 501 3811 Cf.
523 3770 664 3825 steph.
684 3770 819 3810 Thes.
841 3784 902 3822 gr.
930 3783 970 3810 v.
1006 3767 1198 3825 Ῥηγμός,
1221 3770 1346 3827 Ῥωγ-

105 3834 189 3893 μός,
213 3831 408 3887 Ῥωχμός.
437 3832 572 3873 Hodie
596 3832 711 3886 palus
731 3833 899 3871 evanuit
926 3832 968 3871 in
995 3846 1185 3887 campum
1204 3847 1347 3874 areno-

51 3933 54 3938 .
104 3910 212 3945 511111,
238 3895 454 3950 Cydnique
475 3896 627 3934 ostium
651 3894 704 3933 ob
723 3893 861 3934 brevia
890 3894 1056 3933 nonnisi
1072 3895 1208 3948 parvis
1232 3897 1346 3936 navi-

98 3958 180 4010 giis
191 3970 413 3998 accessum.
428 3957 562 3997 Edrisi
582 3956 728 4009 (Clim.
750 3956 827 4004 IV,
845 3969 887 4009 p.
913 3956 933 3995 5
951 3957 967 4009 )
989 3956 1119 3996 Aolas
1136 3965 1344 4011 tamquam

272 4035 403 4071 000011.
427 4042 452 4070 ι.

2556 152 2651 199 ⁴481

1474 247 1506 285 A
1539 245 1711 286 Rhosico
1739 247 1934 301 scopulo,
1959 262 2042 288 non
2069 249 2239 289 intranti
2262 250 2398 290 sinum
2414 281 2425 300 ,
2451 250 2523 291 sed
2553 264 2658 302 recte

1375 333 1406 372 χι.
1420 313 1625 367 navigan'ti
1649 314 1701 355 ad
1722 316 1984 357 Antiochiam
2011 332 2153 358 versus
2171 318 2344 359 borealis
2359 319 2486 374 plagae
2501 329 2662 375 partem

1419 381 1714 424 occidentalem
1737 393 1877 426 austro
1901 394 2045 435 vento,
2072 401 2212 428 versus
2245 389 2452 429 sinistram
2484 404 2507 430 a
2529 392 2680 431 conti-'-

1422 459 1543 491 nente
1565 452 1684 505 longe
1709 453 1943 504 recedenti,
1965 455 2095 496 stadia
2117 456 2210 497 350.

1481 519 1573 559 165.
1607 522 1642 560 Α
1672 522 1849 574 Pyramo
1870 523 1996 563 fluvio
2025 538 2149 564 cursu
2174 533 2286 565 recto
2308 524 2359 569 ¹ad
2383 526 2498 567 Solos
2521 542 2661 570 versus

1419 587 1544 641 plagae
1582 588 1759 629 borealis
1790 599 1926 645 partes
1959 592 2255 643 occidentales,
2287 594 2507 637 subsolano
2540 606 2661 638 vento

1418 657 1544 696 austri
1564 657 1794 711 paullulum
1818 653 2065 711 assumente,
2088 662 2217 703 stadia
2242 662 2336 704 500.

1478 729 1570 766 166.
1604 730 1639 767 A
1650 727 1826 781 Cephale
1838 730 2001 783 Pyrami
2013 730 2065 770 ad
2078 732 2222 771 Sarum
2234 732 2408 773 fluvium
2421 733 2552 775 stadia
2564 748 2655 777 120.

1482 797 1574 846 167.
1603 797 1639 834 A
1667 795 1766 834 Saro
1792 795 1918 836 fluvio
1948 796 2000 836 ad
2023 797 2132 838 lacus
2155 800 2329 850 ostium,
2353 800 2468 855 quod
2488 811 2662 843 vocatur

1419 860 1591 914 Rhegmi
1611 893 1622 912 ,
1644 862 1775 903 stadia
1798 877 1866 917 70.

1479 932 1572 970 168.
1609 933 1643 970 A
1679 931 1872 984 Rhegmis
1905 930 1957 972 ad
1985 908 2160 974 Tarsum
2197 922 2325 976 stadia
2353 951 2420 989 70.
2481 937 2661 978 Mediam

1418 996 1563 1036 urbem
1589 998 1756 1051 pexssuit
1778 999 1946 1053 Cydnus
1965 1001 2127 1042 fluvius.

1474 1070 1568 1119 169.
1603 1071 1638 1106 A
1659 1067 1853 1121 Rhegmis
1875 1068 1926 1108 ad
1954 1069 2090 1109 locum
2115 1070 2363 1125 Zephyrium
2395 1072 2525 1114 stadia
2563 1087 2655 1116 120.

1476 1148 1569 1187 170.
1606 1135 1677 1188 [A
1693 1136 1898 1191 Zephyrio
1913 1137 1972 1176 ad
1990 1137 2101 1178 Solos
2116 1138 2259 1179 stadia
2285 1141 2351 1182 50.
2370 1142 2384 1196 ]

1475 1215 1568 1254 171.
1602 1205 1638 1243 Α
1659 1203 1761 1243 Solis
1782 1203 1834 1243 ad
1858 1204 2111 1245 Calanthiam
2143 1207 2279 1247 vicum
2304 1209 2431 1250 stadia
2454 1218 2550 1251 sunt
2585 1211 2661 1253 150

1415 1269 1525 1323 (af)-

1419 1419 1588 1465 portum
1604 1413 1721 1451 Tarsi
1738 1404 1960 1462 memorat,
1982 1413 2160 1453 eundem
2185 1415 2322 1454 locum
2346 1415 2468 1456 habet
2490 1419 2659 1473 Stepha-

1420 1488 1497 1513 nus
1524 1487 1533 1513 :
1559 1473 1694 1524 Αὖλαί,
1718 1474 1879 1515 ἐπίνειον
1900 1475 2068 1515 Κιλίκων
2094 1476 2232 1531 μεταξὺ
2250 1478 2399 1532 Ταρσοῦ
2422 1480 2486 1519 καὶ
2509 1479 2661 1535 Ἀγχιά-

1417 1535 1488 1587 λης
1528 1537 1543 1590 Η
1565 1560 1620 1567 —
1646 1538 1784 1578 σταδ.
1818 1536 1854 1577 ο’
1875 1538 1890 1591 ]
1919 1539 2014 1577 Non
2039 1538 2214 1592 quadrat
2232 1554 2429 1581 numerus
2448 1542 2491 1582 in
2506 1541 2661 1584 distan-

1416 1599 1515 1637 tiam
1543 1612 1625 1652 qua
1640 1598 1766 1640 hodie
1794 1600 2018 1640 fluviorum
2044 1602 2147 1641 ostia
2169 1601 2448 1653 dirimuntur3
2468 1604 2533 1644 vix
2550 1605 2660 1646 enim

1419 1660 1472 1699 30
1494 1659 1624 1700 stadia
1638 1661 1914 1702 intercedunt.
1933 1665 1988 1702 At
2003 1671 2162 1702 constat
2175 1663 2425 1704 hodiernum
2445 1665 2540 1705 litus
2559 1666 2660 1707 allu-

1418 1722 1538 1760 vione
1557 1722 1769 1775 paullatim
1789 1737 1874 1762 esse
1896 1732 2122 1776 aggestum,
2136 1723 2251 1764 adeo
2268 1733 2312 1765 ut
2328 1726 2431 1765 nihil
2447 1726 2658 1781 Impediat,

1417 1784 1643 1836 quominus
1661 1798 1756 1824 vera
1774 1785 1924 1824 Noster
1939 1784 2172 1825 tradiderit.

1474 1847 1496 1896 ἓ
1520 1848 1615 1887 168.
1642 1846 1774 1885 σταδ.
1810 1844 1845 1884 ο’
1865 1847 1880 1900 ]
1903 1847 2000 1886 Haec
2016 1861 2183 1900 quoque
2210 1846 2403 1888 distantia
2425 1848 2479 1888 ob
2499 1864 2662 1892 causam

1418 1905 1544 1946 modo
1565 1905 1720 1947 dictam
1749 1907 1880 1947 multo
1899 1906 2046 1961 major.
2074 1908 2318 1948 Ptolemaeus
2348 1909 2483 1964 Cydni
2512 1913 2662 1954 ostium

1418 1977 1531 2009 sexta
1560 1969 1712 2022 gradus
1741 1978 1857 2024 parte
1894 1970 2022 2022 magis
2057 1984 2182 2024 quam
2218 1971 2306 2011 Sari
2339 1973 2491 2013 ostium
2521 1988 2662 2015 versus

1416 2031 1585 2071 boream
1601 2032 1790 2072 collocat.
1811 2031 1933 2086 Apud
1948 2033 2191 2073 Strabonem
2207 2047 2250 2087 p.
2275 2035 2353 2086 673
2374 2035 2522 2088 legitur
2541 2049 2551 2076 :
2573 2035 2662 2078 Ἔν-

1417 2094 1547 2133 τεῦθεν
1568 2093 1609 2133 δὲ
1628 2095 1645 2146 (
1660 2108 1684 2134 3
1700 2093 1912 2134 montibus
1932 2094 2004 2147 qui
2016 2103 2114 2135 sunt
2129 2109 2152 2134 a
2165 2095 2296 2138 Tarso
2308 2096 2476 2137 boream
2491 2111 2630 2139 versus
2646 2098 2660 2154 )

1417 2154 1476 2208 ρκ’
1494 2154 1586 2194 εἰσὶν
1612 2154 1663 2201 εἰς
1685 2155 1833 2209 Ταρσὸν
1847 2156 2016 2204 στάδιοι,
2039 2156 2214 2196 κάκεῖθεν
2234 2156 2276 2196 οὔ
2292 2157 2445 2206 πλείους
2470 2158 2503 2199 ε’
2517 2158 2579 2201 ἐπὶ
2592 2159 2661 2212 τὴν

1417 2214 1581 2268 ἐκῧολὴν
1602 2219 1670 2256 τοῦ
1688 2216 1858 2266 Κύδνου,
1882 2217 1923 2256 111
1947 2217 2102 2270 quibus
2129 2232 2348 2258 numerum
2373 2217 2406 2259 ε’
2422 2234 2508 2260 11011
2534 2220 2661 2274 ejece-

1416 2277 1496 2316 rim
1509 2291 1606 2317 cum
1622 2278 1834 2328 Cramero,
1858 2277 1929 2317 sed
1949 2278 1992 2317 in
2013 2279 2044 2317 0'
2059 2293 2109 2318 ex
2127 2281 2280 2320 Nostro
2299 2282 2559 2323 mutaverim.
2585 2284 2662 2336 Η-

1415 2338 1498 2378 διὰ
1527 2340 1676 2394 μέσης
1697 2340 1712 2394 ]
1732 2338 1771 2379 δὲ
1790 2356 1831 2394 μ.
1864 2338 2021 2390 00(1οΧ;
2043 2355 2125 2381 0111.
2147 2341 2254 2382 Gail.
2279 2341 2343 2383 Cf.
2369 2342 2556 2384 Strabol.
2574 2345 2602 2385 l.
2620 2355 2662 2386 et

1414 2401 1520 2441 Plin.
1547 2402 1602 2451 V,
1642 2414 1710 2449 22,
1744 2404 1838 2455 §92
1876 2414 1885 2441 ε
1917 2401 2075 2455 Cydnus
2119 2406 2292 2443 Tarsum
2328 2404 2498 2445 liberam
2524 2407 2659 2447 urbem
2691 2410 2696 2414 “

1412 2464 1560 2518 procul
1578 2478 1604 2502 (ι
1627 2463 1735 2503 mari
1755 2478 1911 2504 secans.
1942 2465 2065 2505 Nunc
2093 2467 2239 2506 Tersas
2259 2465 2310 2506 ab
2331 2466 2488 2507 oriente
2514 2468 2660 2511 urbem

1415 2525 1660 2567 hodiernam
1681 2526 1938 2581 praeterfluit.

1454 2589 1493 2640 S
1523 2594 1615 2632 169.
1667 2589 1755 2630 ἀπὸ
1785 2588 1896 2644 Ῥηγ
1912 2590 2044 2645 μῶν]
2083 2588 2156 2630 ἀπὸ
2187 2590 2339 2645 Ταρσοῦ
2375 2590 2521 2641 codex,
2559 2593 2659 2633 vitio

1415 2652 1565 2705 passim
1591 2651 1726 2694 obvio.
1756 2652 1772 2705 Η
1793 2676 1849 2682 --
1872 2650 2112 2707 Ζεφύριον
2133 2652 2146 2705 ]
2172 2651 2235 2692 Cf.
2254 2652 2413 2707 Scylax,
2432 2667 2475 2707 p.
2498 2652 2575 2707 77:
2595 2655 2661 2694 Ζε-

1416 2714 1546 2767 φύριον
1569 2714 1699 2764 πόλις;
1721 2714 1868 2755 Strabo
1885 2729 1928 2769 p.
1966 2719 2046 2768 672
2073 2727 2082 2755 :
2111 2712 2212 2754 Εἶτα
2248 2713 2370 2770 (post
2389 2715 2502 2756 Solos
2521 2729 2660 2756 versus

1418 2777 1617 2816 orientem
1658 2776 1677 2831 )
1705 2776 1900 2831 Ζεφύριον,
1936 2776 2143 2831 ὁμώνυμον
2187 2780 2242 2831 τῷ
2281 2775 2373 2830 πρὸς
2403 2776 2657 2833 Καλυκάδνῳ.

1418 2837 1574 2877 Plinius
1606 2838 1661 2885 V,
1694 2850 1747 2877 22
1767 2840 1788 2889 §
1812 2849 1894 2890 91:
1926 2837 2101 2891 Thynos,
2134 2837 2401 2893 Zephyrium,
2438 2837 2656 2879 Anchiale.

1418 2899 1613 2953 Stephan.
1637 2901 1734 2954 Byz.
1761 2912 1771 2939 ε
1802 2898 2026 2953 Ἀγχιάλη..
2049 2899 2140 2954 πρὸς
2167 2903 2215 2955 τῇ
2236 2900 2374 2954 Ταρσῷ
2395 2900 2459 2940 καὶ
2475 2900 2655 2955 Ζεφυρίῳ.

1415 2961 1520 3002 Τ31).
1546 2964 1663 3002 Peut.
1686 2962 1935 3016 Zephyrium
1955 2977 1976 3002 a
1993 2962 2096 3002 Solis
2124 2964 2228 3002 XIII
2249 2962 2304 3014 (1.
2326 2963 2458 3014 VIII)
2482 2961 2661 3001 millibus

1413 3022 1565 3063 distare
1596 3022 1750 3077 prodit.
1773 3023 1836 3063 Cf.
1859 3025 1912 3063 G.
1928 3026 2028 3063 Rav.
2051 3025 2106 3073 V,
2134 3037 2198 3076 17.
2230 3023 2373 3062 Ruinae
2403 3021 2455 3062 ad
2486 3023 2658 3063 fluvium

1414 3085 1536 3125 Gosel
1554 3085 1701 3125 Torrea-
1723 3084 1774 3124 ad
1795 3085 1950 3125 Mer-sin
1971 3086 2123 3125 vicum.

1470 3150 1493 3200 §
1516 3152 1609 3191 170.
1645 3148 1741 3187 Haec
1763 3147 1963 3201 supplevi.
1996 3147 2188 3187 Solorum
2219 3146 2349 3185 ruinae
2371 3144 2424 3184 ad
2443 3145 2541 3185 hod.
2572 3149 2658 3187 Me-

1413 3210 1523 3250 setli.

1470 3275 1491 3324 S
1515 3277 1607 3314 171.
1636 3271 1831 3311 Καλανθία
1851 3272 1964 3311 locus
1992 3269 2160 3311 aliunde
2176 3284 2260 3310 non
2291 3277 2429 3309 notus,
2462 3271 2657 3311 Mensura

1414 3335 1529 3375 ducit
1560 3335 1609 3374 ad
1646 3335 1800 3383 ruinas,
1841 3348 1931 3387 quae
1973 3332 2101 3374 50-60
2130 3331 2260 3372 stadia
2288 3339 2319 3372 a·
2352 3331 2453 3371 Solis
2485 3330 2654 3373 distant.

1418 3397 1577 3438 Deinde
1600 3398 1640 3437 in
1671 3395 1829 3451 periplo
1850 3395 1987 3434 nescio
2023 3409 2075 3434 an
2099 3393 2221 3433 fuerit
2253 3405 2263 3433 :
2300 3391 2408 3446 [ἀπὸ
2445 3391 2659 3447 Καλανθίας

1419 3460 1468 3507 εἴς
1494 3462 1625 3515 Λάμον
1649 3460 1783 3514 κώμην
1814 3458 1922 3497 σταδ.
1942 3455 2038 3511 ρι’.]
2065 3455 2153 3496 Ἀπὸ
2180 3455 2311 3510 Λάμου
2346 3453 2396 3502 εἰς
2424 3453 2656 3495 Ἐλαιοῦντα

1416 3523 1501 3562 κτλ.
1522 3523 1682 3563 Etenim
1703 3520 1841 3561 vitiata
1862 3534 1946 3560 esse
1964 3533 2054 3572 quae
2069 3532 2182 3558 nunc
2195 3517 2382 3571 legimus,
2408 3516 2505 3557 inde
2528 3526 2654 3571 patet,

1415 3583 1528 3638 quod
1544 3599 1566 3623 a
1584 3583 1685 3623 Solis
1708 3595 1837 3635 usque
1855 3580 1908 3620 ad
1930 3581 2138 3636 Corycum
2166 3581 2261 3621 satis
2279 3588 2389 3620 recte
2412 3587 2655 3632 computan-

1418 3650 1521 3698 tur§
1548 3646 1620 3699 173
1642 3643 1771 3684 stadia
1794 3645 1875 3684 280
1895 3643 1910 3695 (
1930 3643 1972 3682 111
1996 3640 2157 3698 mappis
2179 3643 2330 3684 nostris
2354 3645 2433 3682 260
2458 3640 2539 3680 scre
2558 3648 2655 3680 sunt

1416 3709 1577 3760 stadia)
1594 3724 1603 3756 ;
1620 3722 1641 3746 e
1665 3705 1833 3758 singulis
1848 3713 1984 3745 autem
2000 3705 2214 3758 numeris(
2234 3704 2300 3745 50.
2327 3717 2418 3744 100.
2446 3715 2499 3741 20
2520 3700 2532 3755 )
2552 3716 2655 3741 11011-

1417 3772 1495 3811 nisi
1521 3783 1597 3823 170
1613 3767 1741 3808 stadia
1753 3766 2000 3820 colliguntur
2018 3781 2027 3807 ε
2046 3766 2152 3807 adeo
2166 3775 2210 3806 ut
2229 3771 2299 3808 aut
2314 3773 2455 3805 nostro
2471 3763 2561 3803 1000
2578 3777 2654 3817 pro

1419 3833 1454 3873 ν’
1469 3847 1552 3872 esse
1572 3831 1747 3870 debeant
1766 3828 1825 3884 ρν’
1848 3829 1910 3869 vel
1930 3828 1996 3884 ρξ’,
2015 3838 2054 3870 et
2075 3828 2272 3869 Καλανθία
2290 3841 2384 3867 011111
2406 3827 2534 3866 Lamo
2552 3824 2654 3879 (cu-

1412 3895 1480 3948 jus
1511 3895 1640 3933 ruinae
1673 3892 1725 3932 ad
1757 3890 1859 3932 hod.
1892 3894 2045 3932 Lamus
2067 3893 2083 3945 )
2106 3889 2340 3938 Strabonis,
2380 3886 2586 3928 Ptolemaei
2614 3895 2655 3927 ot

1420 3956 1616 3996 Hieroclis
1651 3954 1839 3995 vicinove
1875 3953 1965 3994 loco
2012 3950 2299 4007 componenda
2335 3951 2412 4000 sit,
2448 3957 2516 3989 aut
2546 3949 2654 3988 inter

2441 4032 2481 4062 31
