2808 4342
1058 147 1348 196 HISTORIA
1383 150 1610 198 INDICA.

67 250 154 296 αἵδε
177 251 247 296 καὶ
270 249 391 298 αὐταὶ
413 250 454 294 αἳ
475 247 589 293 σκιαὶ
612 245 712 308 πρὸς
733 246 998 309 μεσημὸρίην
1014 248 1297 310 τετραμμέναι

67 317 302 379 ἐφαίνοντο,
336 314 453 362 ὁκότε
495 315 537 360 δὲ
572 314 617 360 τὸ
657 312 783 374 μέσον
807 318 881 371 τῆς
916 315 1077 378 ἡμέρης
1099 316 1241 378 ἐπέχοι
1277 320 1299 362 ὁ

65 386 197 467 ἥλιος,
225 385 304 442 ἤδη
332 383 376 429 δὲ
397 383 511 429 nott*
489 401 626 445 ερημα
664 401 781 439 σκιης
810 383 947 429 πάντα
971 382 1086 447 ὤφθη
1115 387 1300 446 αὐτοῖσι,

67 453 116 514 (6)
137 455 218 498 τῶν
232 470 276 497 τε
295 450 477 514 ἀστέρων
491 450 607 503 ὅσους
621 450 795 513 πρόσθεν
815 452 1045 515 μετεώρους
1064 453 1299 517 κατεώρων,

23 535 43 566 5
65 523 100 584 oi
122 518 194 580 μὲν
229 519 400 582 ἀφανέες
433 519 569 576 πάντη
601 514 733 576 ησαν,
769 522 807 566 οἱ
831 521 873 566 δὲ
897 521 997 582 πρὸς
1017 523 1122 583 αὐτῇ
1159 525 1210 583 τῇ
1246 526 1300 584 γῇ

63 587 295 652 ἐφαίνοντο,
331 587 628 640 καταδύνοντές
663 606 708 633 τε
733 587 804 634 καὶ
842 589 990 634 αὐτίκα
1016 589 1305 642 ἀνατέλλοντες

65 659 102 702 οἱ
125 655 257 702 πάλαι
284 655 492 720 ἀειφανέες
512 655 658 707 ἐόντες.
730 657 792 717 (7)’
821 655 906 702 Καὶ
932 661 1064 702 ταῦτα
1085 659 1158 703 οὒκ
1183 659 1304 703 ἀπει-

61 724 162 770 κότα
183 724 311 770 δοκέει
332 742 402 785 μοι
421 724 658 788 ἀναγράψαι
678 723 886 788 Νέαρχος,
904 725 993 772 ἐπεὶ
1011 725 1081 771 καὶ
1095 728 1137 772 ἐν
1158 726 1302 790 Συήνῃ

65 797 117 856 τῇ
142 792 350 856 Αἰγυπτίῃ
369 828 381 849 ,
406 792 534 838 ἐπεὰν
551 792 705 855 τροπὰς
729 793 808 856 ἄγῃ
833 792 967 856 θέρεος
989 794 1098 858 ὥρης
1121 798 1142 840 ὁ
1166 796 1303 855 ἥλιος,

1 883 40 915 10
64 861 194 925 φρέαρ
215 862 551 949 ἀποδεδειγμένον
585 862 695 920 ἐστι,
719 865 790 908 καὶ
830 868 951 910 τοῦτο
975 863 1118 910 ἄσκιον
1152 867 1194 910 ἓν
1228 884 1300 925 με·

62 930 248 993 σημὸρίῃ
270 930 473 1003 φαίνεται·
498 933 539 977 ἐν
567 932 760 994 Μερόῃ
739 931 779 977 οὲ
801 932 940 978 πάντα
962 932 1088 979 ἄσκια
1124 938 1176 997 τῇ
1197 936 1302 998 αὐτῇ

61 999 206 1063 ὥρῃ·(
193 1000 243 1062 (8)
267 999 414 1052 εἷκὸς
390 1019 446 1046 ων
479 1001 550 1046 καὶ
580 1003 620 1046 ἐν
652 1001 868 1058 Ἰνδοῖσιν,
902 1002 973 1047 ἅτε
1008 1002 1108 1064 πρὸς
1135 1020 1301 1063 μεσημ-

39 1069 184 1131 ὅρίην
220 1069 507 1132 ᾠκισμένοισι,
536 1070 588 1115 τὰ
621 1070 725 1115 αυτὰ
759 1070 810 1126 δὴ
844 1071 980 1117 πάθεα
1012 1070 1201 1134 ἐπέχειν,
1230 1072 1302 1118 καὶ

64 1138 245 1198 μάλιστα
267 1137 316 1193 δὴ
336 1137 443 1184 κατὰ
459 1137 527 1184 τὸν
549 1138 694 1185 πόντον
717 1158 784 1185 τον
809 1140 1017 1197 Ἰνδικὸν,
1038 1139 1121 1205 ὅσῳ
1146 1144 1300 1201 μᾶλλον

0 1226 38 1255 15
63 1208 243 1252 αὐτοῖσιν
257 1209 282 1262 ἡ
300 1206 490 1253 θάλασσα
503 1207 601 1270 πρὸς
621 1208 884 1271 μεσημὸρίην
906 1208 1110 1258 κέκλιται
1147 1214 1295 1257 Ταῦτα

63 1275 137 1335 μὲν
159 1275 208 1331 δὴ
232 1268 348 1321 ὥδε’
330 1276 479 1338 εχέτω.

123 1346 291 1393 XXVI.
330 1345 429 1390 Ἐπὶ
449 1346 491 1391 δὲ
509 1345 726 1408 Ὠρείτῃσι
749 1346 857 1392 κατὰ
876 1347 952 1407 μὲν
971 1347 1194 1410 μεσογαίην
1219 1351 1301 1396 Γα-

63 1413 261 1475 δρώσιοι’
245 1416 426 1475 επεῒχον·
446 1419 502 1459 ὡν
520 1414 594 1470 τὴν
611 1435 751 1477 χωρην
771 1418 966 1478 χαλεπῶς
989 1418 1238 1474 διεξηλθεν”
1212 1438 1299 1477 αμα

61 1485 113 1544 τῇ
137 1486 309 1545 στρατιῇ
337 1481 622 1545 Ἀλέξανδρος,
659 1484 730 1529 καὶ
766 1485 876 1530 κακὰ
910 1492 1093 1532 τοσαῦτα
1128 1487 1300 1548 ἔπαθεν,

2 1592 8 1596 .
67 1551 145 1595 ὅσα
180 1550 271 1596 οὐδὲ
301 1551 353 1596 τὰ
380 1550 598 1610 ξύμπαντα
634 1556 708 1607 τῆς
732 1554 954 1612 συμπάσης
986 1557 1302 1617 στρατηλασίης·

63 1619 133 1664 καὶ
161 1618 291 1664 ταῦτά
325 1638 394 1680 μοι
421 1622 461 1664 ἐν
485 1623 535 1680 τῇ
567 1619 702 1679 μέζονι
735 1619 945 1684 ξυγγραφῇ
974 1623 1299 1685 ἀναγέγραπται.

66 1689 115 1748 (2)
145 1687 272 1734 Κάτω
293 1687 335 1733 δὲ
359 1687 611 1750 Γαδρωσίων
637 1688 751 1750 παρὰ
772 1689 845 1745 τὴν
867 1692 1083 1735 θάλασσαν
1109 1691 1237 1747 αὐτὴν
1265 1694 1301 1737 οἱ

63 1756 326 1819 ἰχθυοφάγοι
343 1757 583 1817 καλεόμενοι
603 1756 793 1802 οἰκέουσι·
815 1758 932 1820 παρὰ
954 1760 1107 1805 τούτων
1129 1760 1200 1816 τὴν
1223 1779 1299 1820 γην

65 1825 238 1870 ἔπλωον·
261 1828 311 1886 τῇ
337 1827 411 1881 μὲν
446 1825 590 1888 πρώτῃ
629 1825 764 1889 ἡμέρῃ
789 1829 883 1889 περὶ
906 1827 979 1882 τὴν
1005 1828 1196 1892 δευτέρην
1221 1848 1300 1891 φυ-

2 1910 41 1939 25
62 1891 193 1948 λακὴν
218 1892 462 1955 ἀναχθέντες
484 1894 747 1956 καταίρουσιν
781 1898 837 1948 εἷς
870 1897 1104 1960 Βαγίσαρα·
1143 1898 1300 1943 στάδιοι

2515 177 2600 217 343

1370 257 1487 309 hant,
1514 273 1645 313 quum
1668 273 1767 301 vero
1809 261 1869 302 sol
1891 262 2079 303 medium
2113 247 2194 304 diei
2227 269 2404 333 spatium
2430 285 2603 328 occupa-

1369 332 1455 383 bat,
1511 334 1633 375 nullae
1677 335 1727 375 iis
1780 336 1824 377 in
1872 336 1972 377 locis
2022 338 2179 379 umbrae
2234 345 2602 398 conspiciebantur.

1371 408 1434 462 (6)
1464 410 1585 450 Astra
1606 423 1787 466 quoque,
1821 425 1914 466 quae
1939 421 2058 454 antea
2090 413 2283 456 sublimia
2313 420 2602 474 cernebantur,

1370 487 1441 521 aut
1454 478 1541 534 jam
1555 481 1675 536 plane
1691 497 1777 524 non
1795 483 2064 539 apparebant,
2084 493 2157 526 aut
2171 485 2359 542 depressa
2388 490 2439 530 ad
2455 500 2605 536 terram

1370 552 1754 606 conspiciebantur;
1774 553 2017 595 occidebant
2032 564 2072 596 et
2089 570 2232 598 rursus
2248 559 2500 614 oriebantur,
2519 579 2607 618 quae

1369 629 1488 662 antea
1511 636 1673 678 semper
1690 625 1913 679 conspicua
1930 624 2108 667 fuerant.
2167 628 2231 682 (7)
2252 628 2301 670 Et
2326 630 2412 672 haec
2441 633 2608 687 quidem

1370 709 1455 735 non
1487 695 1743 738 dissentanea
1786 712 1885 739 vero
1920 700 2022 740 mihi
2054 700 2234 752 videtur,
2268 705 2474 747 Nearchus
2511 718 2611 746 con-

1370 768 1593 822 scripsisse,
1615 769 1820 824 siquidem
1846 771 1890 811 in
1911 773 2040 827 Syene
2060 773 2250 830 AEgyptja
2270 782 2455 832 tempore
2474 780 2604 822 solsti-

1370 841 1415 881 tii
1434 842 1560 881 aestivi
1585 850 1733 896 puteus
1754 843 1925 898 quidam
1948 845 2191 899 ostenditur,
2217 850 2286 903 qui
2310 851 2489 892 meridie
2514 854 2606 894 nul-

1370 913 1450 954 lam
1464 914 1656 955 umbram
1675 914 1785 956 facit.
1846 918 1896 957 In
1913 918 2055 959 Meroe
2076 929 2214 962 autem
2229 922 2374 962 eodem
2389 926 2485 964 anni
2506 934 2605 966 tem-

1368 1001 1470 1043 pore
1489 988 1610 1029 nullae
1634 990 1805 1030 omnino
1834 990 1989 1032 umbrae
2008 993 2129 1034 fiunt.
2196 994 2257 1050 (8)
2277 997 2604 1040 Consentaneum

1369 1059 1494 1112 igitur
1511 1068 1586 1111 est,
1611 1061 1735 1104 etiam
1754 1061 1869 1102 Indis
1888 1064 1984 1117 quia
2010 1064 2277 1107 meridianam
2299 1070 2457 1123 partem
2485 1070 2603 1111 habi-

1370 1142 1457 1175 tant
1487 1135 1599 1176 idem
1621 1135 1821 1188 accidere,
1860 1139 2064 1193 praecipue
2097 1155 2194 1181 vero
2233 1143 2277 1182 in
2300 1145 2402 1184 mari
2435 1144 2602 1195 Indico,

1369 1218 1453 1258 quo
1478 1206 1606 1259 magis
1632 1204 1676 1245 id
1698 1220 1811 1246 mare
1830 1206 1882 1247 ad
1910 1207 2124 1249 meridiem
2154 1212 2298 1265 vergit.

1370 1275 1536 1331 quidem
1556 1276 1770 1318 hactenus.

1423 1353 1581 1393 XXVI.
1614 1356 1711 1394 Post
1727 1353 1862 1395 Oritas
1878 1367 2019 1395 versus
2033 1354 2376 1396 mediterraneam
2394 1359 2600 1410 regionem

1369 1428 1559 1469 Gadi-osii
1580 1429 1768 1470 habitant
1788 1443 1798 1471 :
1817 1444 1997 1485 quorum
2014 1431 2116 1472 fines
2135 1430 2356 1473 difficulter
2377 1447 2470 1474 cum
2495 1449 2605 1475 exer-

2360 1215 2498 1268 Atque
2519 1214 2605 1255 haec

1370 1508 1454 1548 citu
1466 1507 1699 1549 Alexander
1710 1510 1886 1559 transiit,
1900 1510 2106 1565 pluraque
2120 1510 2386 1554 incommoda
2401 1521 2442 1554 et
2457 1513 2608 1555 damna

2385 1594 2444 1634 Ea
2463 1595 2505 1633 in
2525 1609 2607 1634 ma-

1369 1666 1453 1721 jori
1476 1682 1600 1722 opere
1621 1670 1691 1721 (6,
1717 1682 1879 1723 22-27
1897 1672 1912 1723 )
1937 1685 1960 1710 a
1984 1685 2051 1710 me
2067 1673 2297 1727 conscripta
2319 1681 2428 1712 sunt.
2459 1673 2519 1727 (2)
2538 1675 2605 1712 In·

1374 1746 1438 1786 fra
1471 1747 1695 1787 Gadrosios
1720 1747 1810 1787 loca
1845 1749 2053 1789 maritima
2077 1750 2265 1791 accolunt
2281 1765 2386 1805 quos
2415 1752 2607 1806 Ichthyo-

1370 1589 1540 1642 accepit,
1555 1602 1683 1645 *quam
1702 1589 1745 1628 in
1765 1597 1849 1629 tota
1866 1590 2022 1644 reliqua
2041 1591 2320 1646 expeditione.

1371 1822 1527 1876 phagos
1546 1831 1693 1863 vocant
1703 1839 1715 1873 ;
1740 1835 1885 1863 eorum
1908 1839 1999 1864 oras
2018 1827 2436 1880 praeternavigarunt3
2461 1841 2608 1880 quum-

1372 1912 1452 1952 que
1461 1899 1597 1953 primo
1606 1897 1672 1939 die
1684 1899 1736 1939 ad
1747 1899 1970 1940 secundam
1982 1900 2160 1954 vigiliam
2172 1901 2399 1951 solvissent,
2410 1904 2608 1943 sexcentis

69 1999 2592 2020 Ἣ

62 2063 175 2106 runt,
198 2070 338 2096 nonne
364 2066 686 2110 consentaneum
712 2068 772 2100 est
790 2059 993 2100 eosdem'
982 2075 1024 2100 ιιι
1053 2061 1298 2101 anteceden-

62 2117 173 2158 tibus
195 2126 410 2159 annotasse
431 2119 526 2159 talia
541 2107 676 2173 qualia
691 2128 729 2160 tr
731 2120 817 2161 adit
839 2122 1064 2162 Arrianus?
1083 2124 1136 2162 Et
1163 2131 1208 2162 ut
1223 2123 1302 2163 hoc

62 2177 235 2230 addam,
263 2195 403 2221 nonne
425 2180 571 2221 facile
554 2196 641 2234 Jam
667 2183 892 2236 explicatur
922 2183 994 2236 qui
1014 2184 1167 2224 factum
1185 2186 1238 2224 sit
1256 2193 1302 2224 ut

61 2240 303 2282 Ptolemaeus
332 2256 355 2282 a
376 2244 665 2297 promontorio
690 2243 950 2285 Alambatere
970 2245 1023 2285 ad
1045 2245 1175 2300 Hyd1
1166 2260 1300 2287 lacum

62 2302 235 2342 fluvium
257 2303 426 2344 boream
444 2319 585 2345 versus
600 2319 715 2346 oram
738 2306 900 2346 flectere
918 2321 1134 2362 perperam
1150 2316 1301 2349 statue-

62 2365 132 2414 rit,
154 2373 194 2405 et
209 2367 480 2419 Paragontem
502 2367 630 2408 istum
648 2368 785 2408 sinum
808 2368 1002 2409 finxerit?
1021 2372 1221 2411 Praeterea
1248 2371 1297 2411 ad

62 2426 142 2467 hoc
179 2427 379 2469 attendas.
412 2429 615 2469 Arrianus
647 2444 719 2469 sua
751 2430 911 2485 profert
939 2445 988 2471 eo
1007 2431 1115 2482 loco,
1148 2446 1231 2486 quo
1250 2432 1302 2473 de

66 2489 280 2530 oritarum
296 2491 471 2531 Malana
487 2490 538 2531 ad
547 2490 796 2532 hodiernum
808 2507 901 2548 cap.
922 2493 1060 2534 Malia
1073 2508 1209 2534 sermo
1223 2503 1298 2535 est.

62 2553 155 2591 Jam
180 2566 278 2593 vero
308 2552 466 2593 Plinius
488 2553 631 2594 eadem
655 2554 738 2593 fere
766 2554 890 2594 habet
923 2554 975 2595 de
1005 2556 1141 2596 Maleo
1171 2566 1303 2597 monte

62 2612 174 2667 apud
197 2616 363 2663 Orestis,
396 2615 516 2664 VIII,
540 2615 590 2668 75
613 2627 622 2655 ε
650 2618 702 2654 In
732 2615 864 2655 Indice
883 2626 1000 2667 gente
1025 2619 1204 2666 Oretum,
1227 2618 1306 2673 ait,

62 2689 175 2715 mons
191 2684 250 2715 est
262 2676 424 2716 Maleas
443 2676 618 2728 nomine,
637 2678 768 2732 Juxta
786 2693 902 2733 quem
926 2679 1078 2718 umbroe
1098 2688 1240 2719 aestate
1260 2679 1302 2720 in

62 2746 263 2786 austrum,
300 2738 426 2779 hieme
458 2739 500 2780 in
529 2741 841 2796 septentrionem
863 2740 1097 2795 jaciuntur.
1123 2741 1302 2792 Quinde-

62 2799 144 2840 cim
171 2809 332 2840 tantum
355 2801 546 2842 noctibus
567 2802 627 2842 ibi
649 2812 823 2858 apparet
841 2803 1081 2859 septentriO,
1107 2813 1185 2845 etc.
1212 2804 1225 2859 (
1244 2806 1299 2845 V.

63 2862 280 2902 Onesicrit.
307 2862 359 2903 fr.
385 2866 438 2912 24
464 2878 487 2904 a
506 2872 546 2904 et
566 2864 618 2905 fr.
648 2867 718 2913 24,
742 2865 813 2905 ubi
843 2864 895 2905 de
915 2866 1100 2920 Hyphasi
1120 2866 1198 2906 sub
1219 2874 1303 2907 tro-

62 2924 159 2978 pico
175 2925 330 2965 circulo
345 2926 497 2980 posito,
517 2926 637 2966 sicuti
657 2928 807 2981 Syenes
832 2935 996 2981 puteus,
1022 2936 1062 2968 et
1085 2942 1176 2982 quae
1196 2929 1305 2969 simi-

63 2984 115 3038 lia
138 3000 187 3026 ex
212 2986 453 3040 Orthagorae
490 2987 654 3041 Periplo
691 2987 811 3038 affert
838 2988 1108 3029 Philostratus
1129 2991 1184 3030 V.
1220 2991 1300 3044 Ap.

43 3045 140 3097 '111‚
164 3047 213 3088 53
238 3048 270 3104 ).
300 3050 404 3089 Sane
427 3048 598 3104 quidem
624 3049 781 3090 Maleus
812 3064 933 3091 mons
958 3052 1033 3090 iste
1052 3066 1137 3092 non
1157 3051 1209 3092 ad
1225 3053 1305 3092 Ge-

63 3107 243 3150 drosiam
276 3112 470 3165 pertinet,
507 3119 554 3151 ut
573 3126 622 3151 ex
656 3113 822 3152 Baetone
858 3111 871 3167 (
895 3112 946 3153 fr.
973 3115 997 3160 4
1022 3112 1036 3168 )
1059 3121 1218 3153 constat
1235 3127 1302 3168 ap.

65 3170 171 3211 Plin.
187 3173 263 3221 VI',
286 3185 338 3212 22
366 3171 379 3227 (
401 3173 470 3213 Ab
502 3172 571 3224 iis,
589 3174 754 3223 Prasiis,
783 3173 825 3215 in
847 3173 1035 3215 interiore
1054 3175 1142 3215 situ
1164 3178 1305 3217 Mone-

67 3231 136 3271 des
165 3241 203 3271 et
217 3233 351 3282 Suari,
373 3249 543 3289 quornm
573 3250 686 3276 mons
707 3236 884 3286 Maleus,
913 3235 954 3276 in
982 3250 1060 3291 quo
1079 3237 1232 3278 umbrae
1250 3237 1308 3277 ad

67 3293 375 3355 septentrionem
405 3297 559 3337 cadant
581 3297 722 3347 hieme,
757 3307 899 3338 oestate
926 3298 967 3338 in
1000 3308 1205 3348 (castrum,
1229 3314 1307 3355 per

60 3369 182 3396 -senos
216 3371 379 3398 menses
402 3359 445 3411 )·
435 3390 446 3408 ,
481 3357 553 3398 sed
590 3358 705 3399 facile
738 3368 848 3414 patet
869 3359 911 3400 id
942 3360 1055 3415 quod
1092 3361 1145 3402 de
1172 3362 1305 3402 Maleo

70 3418 293 3458 Summum
309 3421 613 3479 monteBaeton,
628 3421 765 3475 mept‹²
779 3422 893 3471 item
909 3421 1084 3472 dixemt,
1099 3423 1144 3463 id
1156 3423 1306 3464 deinde

71 3480 186 3528 alios,
206 3481 424 3521 nominum
443 3481 710 3523 similitudine
730 3492 914 3541 arrepta,
928 3483 979 3524 de
990 3485 1155 3526 Malano
1171 3488 1305 3527 Orita-

72 3555 165 3580 ium
189 3540 444 3594 piaedicasse.
465 3567 521 3574 ——
542 3545 731 3598 Denique
754 3546 1082 3599 interpolationis
1103 3547 1304 3588 indicium

51 3633 54 3652 3
72 3603 176 3642 inest
197 3602 330 3642 verbis
347 3619 391 3643 το
422 3604 593 3645 ἐντεῦθεν
615 3605 690 3660 γὰρ
710 3606 834 3647 οὐκέτι
865 3607 1024 3647 Ἰνδοί
1010 3608 1120 3658 εἰσιν,
1155 3609 1306 3662 quibus

59 3665 199 3714 ¹Orzite
231 3665 336 3705 inter
357 3665 485 3706 Indos
508 3676 741 3718 censentui,
771 3683 901 3723 quum
931 3670 1120 3711 Nearcho
1148 3669 1307 3726 ἔσχατοι

52 3726 61 3770 J
79 3724 209 3765 Ἰνδῶν
235 3725 358 3766 fuisse
385 3727 556 3767 Arabies
583 3743 707 3783 supia
746 3729 844 3785 (22,
881 3733 968 3785 10)
990 3732 1223 3785 legerimus.
1244 3734 1307 3773 De

53 3787 151 3841 {alia
179 3788 493 3843 interpolatione
515 3789 746 3836 videbimus
782 3792 890 3833 infra
919 3793 973 3833 ad
995 3809 1084 3849 cap.
1107 3799 1176 3836 26.
1211 3796 1226 3849 ΙΙ
1252 3819 1310 3826 -

55 3857 116 3891 έΙ.
156 3850 263 3890 α’ίοε
300 3851 380 3891 και
420 3851 595 3906 αὐταὶ]
632 3853 690 3893 sic
717 3855 773 3903 L;
810 3855 849 3894 αἱ
871 3855 911 3896 δὲ
930 3855 996 3896 καὶ
1029 3853 1138 3897 αῧται
1170 3859 1306 3908 ABD;

1374 2062 1517 2115 μέναι
1538 2062 1553 2115 ]
1576 2063 1855 2116 τεταραγμέναι
1878 2063 1932 2111 C;
1962 2063 2237 2118 τεταρασμέναι
2258 2065 2312 2104 D.
2335 2064 2351 2118 H
2377 2087 2432 2094 —
2460 2079 2500 2117 7.
2525 2063 2607 2104 ἐόν-

1370 2138 1431 2170 τες
1457 2138 1541 2163 om.
1566 2125 1733 2173 ABCD;
1767 2124 1906 2164 forsan
1942 2133 2066 2166 lecte.
2097 2126 2112 2178 Η
2139 2149 2195 2157 -
2228 2126 2293 2166 13.
2318 2118 2609 2181 ᾠκισμένοι-

1372 2200 1419 2224 σι
1442 2186 1456 2238 ]
1487 2184 1693 2239 ᾠκισμένοι
1721 2183 1753 2224 εἰ
1775 2186 1902 2224 ABD.

1425 2246 1585 2295 XXVI,
1607 2259 1863 2286 21.-2<octom.
1891 2247 1978 2286 LA.
2003 2247 2017 2299 Η
2038 2271 2095 2277 -
2111 2246 2179 2287 25.
2201 2247 2451 2301 Βαγίσαρα
2473 2249 2488 2302 ]
2509 2249 2606 2303 Βαγ-

1369 2308 1511 2362 γίσαρα
1523 2309 1579 2358 C;
1604 2306 1754 2348 deinde
1765 2307 1912 2361 Πάσιρα
1928 2310 1987 2357 Α,
2005 2308 2153 2362 Πασιρὰ
2166 2310 2288 2358 BCD,
2312 2318 2350 2349 et
2361 2310 2543 2363 Πασιρόες
2554 2312 2602 2352 C.

1369 2370 1559 2422 Bagisara
1580 2377 1621 2409 et
1655 2369 1794 2410 Pasira
1816 2383 1916 2408 num
1936 2367 2021 2409 duo
2046 2370 2127 2410 sint
2155 2370 2323 2410 nomina
2355 2384 2523 2424 prorsus
2541 2371 2603 2412 di-

1370 2431 1541 2481 stincta,
1580 2445 1632 2470 an
1665 2431 1853 2483 Bagisara
1879 2430 1983 2470 male
2005 2432 2204 2486 scriptum
2226 2432 2291 2481 sit,
2330 2446 2464 2486 neque
2492 2433 2603 2475 aliud

1370 2493 1568 2545 significet
1599 2493 1678 2534 nisi
1706 2493 1958 2533 Pasirensem
1992 2494 2075 2533 sive
2106 2494 2246 2538 sinum
2282 2494 2365 2533 sive
2395 2496 2603 2547 regionem

1371 2554 1450 2607 (ut
1468 2553 1660 2608 equidem
1700 2553 1945 2594 crediderim
1970 2553 2002 2609 )‚
2031 2569 2115 2594 non
2151 2554 2352 2608 dijudico.
2375 2556 2604 2597 Vincentus

1370 2617 1428 2656 ita
1457 2616 1642 2670 loquitur
1660 2617 1777 2670 quasi
1809 2617 1851 2655 in
1875 2618 2014 2669 graecis
2040 2624 2144 2656 esset
2165 2617 2382 2671 Βαγάσιρα,
2413 2618 2527 2670 quod
2552 2621 2604 2658 si-

1370 2676 1563 2729 gnificare
1587 2685 1706 2731 putat
1737 2676 1912 2716 insulam
1950 2677 2019 2716 vel
2037 2677 2300 2732 peninsulam
2318 2708 2328 2726 ,
2356 2677 2502 2718 collato
2533 2694 2605 2720 no-

1370 2738 1483 2778 mine
1515 2738 1748 2790 Bagasira,
1786 2737 1899 2792 quod
1922 2738 2029 2778 infra
2052 2740 2246 2778 occurrit.
2281 2737 2412 2780 Addit
2437 2749 2606 2781 conatus

1371 2799 1574 2854 quosdam
1611 2800 1901 2854 etymologicos
1920 2799 1971 2839 de
2003 2799 2298 2854 significatione
2320 2814 2468 2841 vocum
2492 2801 2546 2841 cla
2568 2811 2606 2842 et

1372 2862 1440 2911 ba,
1462 2876 1567 2916 quos
1583 2863 1626 2902 in
1645 2876 1777 2902 meras
1790 2861 2048 2916 opinationes
2066 2870 2247 2901 retrusos
2265 2861 2383 2901 liceat
2401 2863 2603 2903 omittere.

1371 2923 1498 2978 Apud
1531 2925 1750 2978 scriptores
1784 2937 1935 2976 graecos
1968 2922 2094 2962 habes
2115 2936 2123 2962 :
2157 2923 2345 2978 Παρσῖραι
2359 2955 2370 2973 ,
2399 2924 2603 2978 Παρσῖδαι,

1369 2982 1571 3040 Παρσιηνὴ
1598 2983 1782 3039 (χώρα),
1813 2982 1985 3039 Παρσικὰ
2006 2984 2092 3039 ὄρη.
2122 2987 2184 3024 De
2206 2999 2384 3039 quonam
2414 2985 2504 3025 loco
2523 3001 2605 3026 ser-

1373 3061 1443 3087 mo
1462 3047 1528 3096 sit,
1545 3046 1674 3100 liquet
1690 3061 1712 3086 e
1733 3046 1852 3099 longe
1878 3054 2070 3100 porrecto
2087 3045 2200 3100 quod
2221 3046 2411 3100 deinceps
2431 3048 2605 3088 circum-

1374 3107 1655 3162 navigandum
1677 3116 1763 3148 erat
1777 3108 2080 3162 promontorio.
2106 3107 2154 3147 Id
2170 3108 2277 3147 enim
2298 3115 2434 3161 aperte
2449 3116 2509 3148 est
2534 3108 2606 3150 ho-

1374 3171 1569 3215 diernum
1584 3173 1668 3210 Ras
1690 3170 1862 3209 Arabalz
1881 3184 1953 3209 seu
1977 3169 2151 3209 Arubalz
2171 3169 2231 3209 vel
2260 3170 2380 3209 etiam
2405 3170 2604 3210 Urmaralz

1380 3233 1394 3289 (
1414 3235 1465 3275 ab
1492 3236 1667 3276 Urmam
1686 3231 1789 3272 urhe
1804 3230 1855 3272 ad
1871 3234 1966 3286 Cap.
1990 3230 2141 3271 Malia.
2160 3230 2192 3286 ),
2210 3230 2298 3271 altae
2319 3231 2542 3285 peninsulae
2561 3233 2603 3272 in

1376 3297 1556 3339 modum⁴
1579 3297 1623 3336 in
1646 3308 1844 3335 oceanum
1877 3293 2074 3342 tendens,
2099 3292 2328 3346 humilique
2345 3293 2495 3333 isthmo
2508 3292 2605 3347 jun-

1377 3367 1491 3399 ctum
1528 3357 1770 3405 continenti,
1796 3355 1847 3395 ab
1865 3363 2043 3408 utroque
2061 3355 2123 3393 sui
2148 3354 2272 3394 latere
2289 3355 2401 3394 sinus
2427 3354 2604 3396 efficiens

1376 3419 1606 3476 profundos
1646 3418 1887 3471 ancorisque
1917 3416 2101 3458 idoneos
2138 3418 2174 3457 A
2206 3416 2344 3458 Malin
2380 3431 2514 3471 prom.
2553 3418 2603 3458 ad

1378 3483 1458 3525 350
1480 3481 1610 3523 stadia
1628 3480 1764 3530 distat,
1791 3493 1874 3533 quo
1896 3478 2047 3533 quibus
2071 3481 2151 3519 600
2166 3487 2358 3519 numerat
2378 3479 2602 3530 Nearchus,

1376 3560 1450 3601 per
1470 3552 1604 3585 totum
1622 3543 1734 3583 hunc
1765 3549 1941 3581 tractum
1960 3540 2173 3580 distantias
2206 3540 2308 3581 adeo
2333 3555 2577 3594 exaggerans
2591 3573 2602 3591 ,

1377 3616 1424 3647 ut
1441 3606 1548 3648 5000
1562 3604 1966 3658 Ichthyophagorum
1978 3601 2109 3644 stadia
2120 3603 2164 3644 in
2177 3617 2309 3647 10000
2321 3603 2602 3645 extrahantur.

1377 3671 1568 3711 Ceterum
1601 3666 1815 3707 audiamus
1842 3674 1988 3706 testem
2028 3666 2233 3707 oculatum
2256 3666 2604 3721 Kempthornium

1376 3733 1404 3773 l.
1430 3732 1458 3772 l.
1479 3745 1522 3786 p.
1555 3732 1678 3777 264:
1706 3745 1720 3767 «
1751 3727 1870 3783 (The
1890 3728 2005 3783 place
2037 3728 2163 3769 called
2194 3729 2382 3782 Bagasira
2405 3728 2457 3781 by
2479 3729 2603 3771 Near-

1379 3794 1479 3835 chus
1498 3795 1514 3846 )
1540 3793 1573 3832 is
1594 3805 1688 3831 now
1705 3790 1859 3831 known
1880 3790 1936 3846 by
1955 3791 2025 3831 the
2040 3805 2159 3832 name
2173 3790 2222 3831 of
2239 3789 2416 3831 ’A1abah
2435 3803 2483 3828 or
2499 3789 2606 3828 Hor-

1379 3855 1519 3897 marah
1542 3856 1640 3909 Bay,
1661 3853 1778 3894 and
1767 3868 1801 3893 1s
1824 3853 1927 3908 deep
1951 3853 2035 3894 and
2054 3852 2354 3900 commodious,
2381 3850 2477 3891 with
2497 3849 2605 3903 good

56 3918 168 3966 {ante
201 3912 438 3954 Schmiedei
441 3929 512 3954 um
548 3928 660 3968 vgo:
691 3913 766 3956 ὧδε
803 3917 867 3957 καὶ
904 3917 1028 3959 αὐταί.
1052 3921 1101 3959 In
1132 3919 1165 3959 C
1187 3920 1312 3960 verba
1382 3918 1628 3971 anchorage,
1667 3916 1867 3957 sheltered
1900 3916 2007 3957 from
2035 3916 2084 3956 all
2103 3914 2233 3956 winds
2255 3914 2330 3954 but
2361 3912 2476 3953 those
2498 3911 2605 3962 from

58 3967 403 4031 προχωρήσειαν.
413 3992 481 4032 ,εμ
466 3977 936 4033 Ἡσηῑιὸρίηνθκοίἀεωῐιῑ
962 3981 1050 4034 Η-
1072 3994 1108 4022 1.
1124 3996 1315 4039 τετραμ-

1383 3981 1452 4022 the
1466 3978 1702 4021 southward
1724 3978 1805 4020 and
1828 3987 1950 4020 eastvs
1952 3978 2060 4020 ald..
2085 3977 2173 4018 The
2195 3976 2311 4031 point
2329 3974 2463 4015 which
2478 3972 2605 4015 forms
