2808 4342
39 178 144 239 ¹(19.)

3 285 18 310 ‘i
115 297 172 328 33.
214 279 348 343 [Ἀπὸ
371 277 412 324 δὲ
436 276 625 338 Μόσχοι]
649 276 814 337 λιμένος
836 277 899 323 ἐπ’
925 278 1071 332 ἄλλους
1095 280 1283 333 σταδίους

12 357 22 367 '
50 351 103 402 ὡς
124 351 277 413 χιλίους
311 344 596 397 πεντακοσίους
619 345 694 398 ἕως
719 345 838 408 Ἀσὶχ
861 346 950 410 ὅρος
983 351 1034 410 τῇ
1067 353 1120 412 γῇ
1144 367 1280 412 παρα.

49 403 193 478 τείνει,
215 417 287 465 καὶ
305 416 412 463 κατὰ
433 413 480 460 τὸ
500 416 709 477 ἀπολῆγον
734 416 858 461 αὖτοῦ
892 416 1013 477 μέρος
1037 417 1142 463 ἑπτὰ
1164 422 1280 474 ν’ἥσοι

49 489 284 551 πρόκεινται
315 483 423 530 κατὰ
457 483 503 530 τὸ
543 483 656 544 ἑξῆς,
706 487 748 530 αἱ
793 484 995 541 Ζηνοὸίου
1042 486 1278 548 λεγόμεναι,

2 573 29 604 5
49 558 138 616 μεθ’
161 555 206 607 ἃς
228 553 332 609 ἄλλη
367 552 616 614 παράκειται
648 552 767 615 χώρα
795 553 1002 616 βάρὸαρος
1028 557 1100 600 οὐκ
1124 555 1190 615 ἔτι,
1210 559 1282 611 τῆς

47 625 170 680 αὐτῆς
189 621 398 685 βασιλείας
412 658 425 680 ,
447 622 536 668 ἀλλ’
555 622 635 679 ἤδη
653 626 725 678 τῆς
750 622 949 685 Περσίδος
964 657 975 679 ,
997 622 1047 678 ἣν
1065 625 1135 686 ἀφ’
1158 623 1281 686 ὕψους

13 721 25 732 -
43 690 323 755 παραπλέοντι
342 693 395 744 ὣς
419 691 606 743 σταδίους
627 690 853 753 δισχιλίους
874 691 955 737 ἀπὸ
975 695 1054 737 τῶν
1078 692 1280 749 Ζηνοὸίου

45 768 222 825 συναντᾷ
245 764 365 817 νῆσος
389 760 629 824 Σαράπιδος
652 760 853 822 λεγομένη
870 796 882 819 ,
907 761 989 807 ἀπὸ
1011 761 1188 809 σταδίων
1211 766 1281 818 τ’ῆς

43 833 119 892 γῆς
140 830 238 877 ὡσεὶ
261 828 404 876 ἑκατὸν
428 828 571 878 εἴκοσι.
643 829 812 885 Ταύτης
828 829 875 876 τὸ
897 829 969 890 μὲν
994 830 1148 884 πλάτος
1171 831 1280 878 ἐστὶν

0 913 27 945 :o
43 898 142 944 ὡσεὶ
166 898 341 944 σταδίων
359 897 590 956 διακοσίων,
607 897 654 944 τὸ
674 897 716 943 δὲ
743 902 871 959 μ’ἥκος
895 898 1134 957 ἑξακοσίων,
1157 903 1280 946 οἰκεῖ-

41 986 110 1013 ται
134 966 177 1013 δὲ
196 966 355 1028 κώμαις
371 967 480 1030 τρισὶ
498 967 570 1014 καὶ
596 967 825 1030 ἀνθρώποις
842 971 964 1031 ἱεροῖς
983 969 1278 1032 Ἰχθυοφάγων·

39 1035 208 1100 γλώσσῃ
234 1036 275 1082 δὲ
307 1037 505 1100 Ἀραὸικῇ
527 1040 710 1100 χρῶνται
734 1037 806 1082 καὶ
837 1037 1095 1100 περιζώμασι
1117 1038 1280 1102 φύλλων

40 1106 252 1154 κουκίνων.
319 1102 444 1169 Ἔχει
469 1106 510 1152 δὲ
531 1109 557 1162 ἡ
576 1110 698 1163 νῆσος
719 1106 904 1169 χελώνην
924 1107 1067 1164 ἱκανὴν
1088 1108 1158 1153 καὶ
1187 1109 1277 1165 διά-

4 1174 10 1178 ⁴
41 1193 184 1239 φορον·
207 1174 526 1238 ἐξαρτίζουσιδὲ
546 1179 600 1229 εἷς
622 1175 750 1232 αὐτὴν
774 1176 955 1232 συνήθως
971 1179 1007 1223 οἱ
1032 1177 1114 1223 ἀπὸ
1137 1181 1278 1235 Κανῆς

1 1258 20 1286 5
40 1245 203 1307 σκάφας
227 1245 299 1290 καὶ
322 1245 505 1308 ἐφόλκια.

106 1329 162 1361 34.
202 1314 542 1375 Περικολπίζοντι
581 1312 623 1359 δὲ
659 1313 732 1369 τὴν
775 1314 975 1376 ἐχομένην
1012 1315 1180 1379 ἤπειρον
1222 1319 1278 1368 εἷς

861 177 1161 224 PERIPLUS
1194 179 1384 226 MARIS
1420 181 1665 230 ERYTHR
1675 185 1768 231 AEI.

2498 209 2582 248 283

1412 291 1480 330 33.
1510 290 1643 344 [Post
1658 293 1829 333 Moscha
1845 295 2044 349 portum]
2070 309 2145 350 per
2173 297 2249 338 alia
2277 299 2406 342 stadia
2430 304 2589 348 circiter

1357 359 1465 399 mille
1493 368 1534 400 et
1576 361 1873 416 quadringenta
1906 377 2037 418 usque
2072 364 2125 405 ad
2161 367 2283 406 Asich
2328 383 2446 411 mons
2473 372 2590 427 juxta

1353 434 1506 468 terram
1528 428 1780 480 extenditur,
1803 428 1919 484 cujus
1938 430 1990 471 ad
2010 440 2169 485 partem
2186 441 2410 478 extremam
2434 450 2585 495 septem

1351 494 1543 549 projectae
1571 505 1668 536 sunt
1704 497 1868 547 insulae,
1906 512 1996 552 quae
2028 499 2198 540 Zenobii
2222 512 2436 547 vocantur.
2495 511 2590 552 Post

1352 578 1418 604 eas
1443 565 1520 605 alia
1545 565 1701 619 adjacet
1725 567 1838 620 regio
1865 567 2065 618 barbara,
2091 583 2176 610 non
2206 569 2389 625 ejusdem
2419 577 2590 631 amplius

1352 633 1491 685 regni,
1521 631 1590 672 sed
1620 631 1707 687 jam
1729 632 1781 673 ad
1805 634 2012 675 Persidem
2043 638 2267 690 pertinenS,
2290 654 2414 694 quam
2443 643 2485 683 in
2509 645 2590 686 alto

1351 700 1455 739 mari
1478 713 1553 755 per
1582 699 1711 741 stadia
1732 700 1815 742 ferc
1833 701 1895 742 bis
1931 703 2040 743 mille
2059 703 2155 745 inde
2187 720 2211 746 a
2239 708 2410 749 Zenobii
2448 711 2588 754 insulis

1350 775 1620 822 praetervecto
1649 768 1781 809 insula
1816 769 2021 824 Sarapidis
2054 770 2162 813 dicta
2195 777 2396 827 occurrit,
2422 787 2586 823 centum

1351 843 1392 875 et
1412 836 1556 889 viginti
1589 835 1673 877 fere
1704 836 1846 877 stadiis
1873 852 1897 878 a
1925 846 2033 879 terra
2051 849 2222 882 remota.
2286 844 2480 888 Latitudo
2502 847 2588 903 ejus

1351 902 1628 944 ducentorum
1658 905 1836 955 circiter,
1869 905 2084 960 longitudo
2114 919 2398 953 sexcentorum
2421 923 2481 956 est
2509 924 2588 958 sta-

1351 971 1540 1024 diorum;
1570 973 1780 1015 habitatur
1798 974 1929 1015 tribus
1957 977 2055 1016 vicis
2073 977 2491 1035 Ichthyophagorum,
2510 985 2586 1026 ho-

1350 1041 1512 1081 minum
1535 1040 1832 1097 improborum,
1854 1044 1925 1097 qui
1952 1043 2090 1098 lingua
2115 1046 2290 1089 Arabica
2306 1057 2482 1091 utuntur
2501 1053 2586 1094 cin·

1351 1112 1524 1167 gulaque
1549 1121 1699 1168 gerunt
1725 1129 1775 1154 ex
1793 1114 1899 1155 foliis
1925 1117 2095 1158 cucinis.
2156 1118 2378 1161 Plurimam
2394 1122 2526 1164 insula
2546 1132 2587 1165 et

1350 1181 1552 1235 egregiam
1570 1181 1693 1223 habet
1711 1181 1982 1235 testudinem;
2007 1184 2190 1240 expediri
2214 1187 2256 1227 in
2285 1202 2375 1229 eam
2408 1190 2538 1232 solent
2561 1206 2587 1233 a

1349 1250 1458 1290 Cane
1483 1251 1643 1305 scaphae
1670 1265 1874 1306 navesque
1892 1255 2104 1295 onerariae.

1407 1318 1476 1366 34.
1523 1320 1651 1359 Oram
1690 1321 1896 1374 sequentis
1946 1322 2194 1362 continentis
2249 1325 2582 1368 circumflectenti

39 1442 159 1484 lectio
189 1444 300 1482 vocis
332 1443 510 1498 λιμένος;
549 1458 677 1498 quare
708 1445 879 1500 quidam
904 1446 978 1488 ἀπὸ
1016 1447 1197 1502 δαίμονος
1220 1450 1274 1490 ad

39 1505 267 1558 marginem
287 1506 504 1560 explicavit
531 1506 666 1547 verbis
691 1508 872 1563 δαίμονος
891 1509 1004 1563 δίχα,
1023 1524 1114 1564 quae
1144 1524 1274 1564 quum

37 1567 83 1607 in
101 1574 260 1607 textum
276 1567 569 1621 irrumperent,
597 1567 676 1608 alia
696 1571 875 1623 genuina
889 1571 1174 1611 exturbarunt.
1195 1573 1275 1612 Ne-

37 1630 122 1670 scio
149 1638 288 1670 tamen
307 1644 360 1670 an
391 1638 556 1685 praestet
573 1629 708 1685 legere
736 1644 746 1672 :
776 1631 820 1672 οὔ
853 1632 1010 1673 δύναται
1044 1634 1206 1674 πλεῦσαι
1229 1634 1274 1674 τὸ

37 1691 194 1733 πλοῖον.
221 1691 310 1734 Ἀπὸ
333 1691 374 1734 δὲ
410 1694 478 1733 τοῦ
514 1691 721 1749 [Μόσχα]
760 1693 915 1750 λιμένος
955 1694 1013 1736 ἐπ.
1056 1695 1275 1736 Salmasius

25 1755 188 1808 'corrigi
220 1754 351 1796 voluit
385 1767 396 1795 t
435 1753 509 1796 ἀπὸ
539 1754 694 1810 λιμένος
725 1756 908 1812 δαίμονος
936 1757 1044 1812 δίχα.
1076 1756 1162 1799 Ἐπ’
1203 1757 1275 1798 ἅλ-

37 1815 142 1867 λους,
168 1825 266 1867 etc.,
283 1817 327 1857 in
343 1817 494 1872 quibus
512 1817 549 1858 ὃ.
581 1817 674 1872 δίχα
691 1833 867 1866 vacuum
886 1828 990 1861 esset
1005 1818 1274 1861 addidamen-

36 1886 142 1930 tum,
159 1893 236 1920 nec
250 1880 328 1920 rite
341 1878 614 1934 procederent
628 1882 852 1936 sequentia.

92 1943 114 1994 S
142 1945 223 1992 33,
261 1941 289 1982 l.
314 1954 355 1983 2.
392 1942 475 1990 ἕως
502 1940 636 1997 Ἀσὶχ
667 1943 780 1999 ὄρος
800 1947 855 2001 τῇ
879 1947 939 2000 γῇ
960 1944 1271 2000 παρατείνει]

37 2003 108 2050 ἕως
142 2002 346 2058 Ἀσίχωνος
367 2003 459 2059 ἄχρι
488 2007 555 2057 τῆς
576 2008 649 2060 γῆς
673 2022 715 2047 π.
751 2006 897 2057 codex,
937 2008 982 2047 in
1013 2006 1163 2061 quibus
1183 2006 1275 2062 ἄχρι

35 2075 122 2108 erat
143 2068 255 2108 varia
276 2068 480 2123 scriptura
511 2083 589 2124 pro
618 2070 704 2121 ἕως,
726 2071 806 2111 nisi
836 2070 941 2111 forte
963 2070 1034 2118 ἕως
1062 2068 1154 2125 ἄχρι
1177 2070 1275 2110 velis

32 2128 304 2184 conjunctim.
331 2131 534 2172 Distantia
557 2131 663 2174 1500
682 2132 912 2174 stadiorum
932 2147 957 2174 a
985 2145 1082 2174 vera
1120 2132 1280 2184 longius

35 2191 161 2237 abest.
192 2194 356 2233 Montes
378 2191 484 2235 5000
510 2193 635 2248 pedes
652 2194 738 2245 alti,
763 2196 835 2249 qui
847 2193 944 2234 inde
962 2208 986 2234 a
1001 2193 1172 2235 Moscha
1190 2194 1274 2234 sive

34 2253 153 2295 Zafar
172 2253 401 2295 secundum
418 2269 535 2295 oram
557 2255 855 2306 extenduntur,
873 2255 1000 2296 hodie
1016 2255 1182 2295 Subalm
1203 2269 1274 2295 vo-

34 2324 204 2366 cantur;
230 2315 337 2371 Ἀσὶχ
346 2316 486 2357 locum
499 2317 656 2359 Arabes
671 2318 891 2372 geographi
902 2316 1106 2372 appellant
1115 2317 1270 2357 Hasek.

35 2378 171 2418 Edrisi
190 2380 226 2429 Ι,
246 2393 290 2434 p.
315 2378 366 2428 54
389 2392 398 2419 ε
430 2396 446 2417 «
486 2381 549 2420 De
567 2378 605 2420 la
625 2381 642 2433 (
664 2394 721 2421 sc.
751 2380 803 2421 de
830 2380 993 2421 Merbat
1014 2380 1031 2433 )
1066 2393 1120 2420 au
1140 2379 1275 2432 bourg

34 2439 88 2480 de
114 2440 251 2481 Hasek
278 2441 315 2481 le
337 2441 435 2495 long
463 2441 516 2482 de
537 2441 575 2482 la
597 2456 686 2483 mer
715 2451 755 2484 et
775 2456 851 2498 par
871 2450 980 2483 terre
1006 2443 1031 2490 4
1060 2440 1270 2496 journees‚

33 2516 109 2557 par
124 2517 214 2543 mer
239 2516 264 2543 2
276 2502 488 2557 journees.
515 2505 580 2546 En
614 2503 700 2545 sace
719 2504 771 2545 de
799 2503 936 2545 Hasek
967 2511 1060 2543 sont
1087 2503 1144 2543 les
1163 2502 1270 2543 deux

35 2564 106 2605 iles
127 2564 383 2606 deKhartan
408 2574 448 2606 et
470 2565 523 2607 de
544 2568 723 2617 Martan,
745 2566 849 2608 dont
877 2567 906 2607 il
927 2580 949 2607 a
968 2564 1060 2620 deja
1073 2566 1137 2606 ete
1153 2579 1272 2620 ques-

34 2628 123 2667 tion
142 2626 156 2683 (
171 2641 214 2682 p.
237 2626 288 2676 45
309 2627 341 2684 ).
364 2627 592 2669 Au-dessus
607 2628 659 2670 de
679 2629 817 2670 Hasek
834 2637 894 2669 est
910 2643 994 2669 une
1007 2628 1131 2669 haute
1152 2642 1272 2668 mon-

34 2697 154 2743 tagne
165 2691 357 2730 nommee
376 2691 488 2730 Lous
499 2721 511 2740 ,
529 2692 602 2745 qui
621 2690 790 2732 domine
807 2691 846 2731 la
861 2705 964 2731 mer.
989 2689 1127 2731 Hasek
1141 2698 1272 2731 estun

31 2752 167 2806 ‘bourg
206 2767 288 2808 peu
320 2751 616 2803 considerable,
648 2753 751 2793 mais
779 2752 941 2807 peuple.
965 2752 1002 2792 Il
1029 2751 1156 2792 existe
1190 2766 1273 2793 une

34 2815 223 2869 pecherie
255 2814 600 2871 tres-productive
637 2815 740 2857 dans
775 2815 811 2855 le
844 2814 949 2868 golse
972 2813 1035 2854 dit
1067 2813 1176 2867 golfi’
1203 2814 1273 2855 cles

34 2877 187 2918 Her-bes
213 2877 228 2934 (
243 2879 383 2934 Djoun
401 2878 440 2919 el
458 2878 684 2927 Haschiclz,
706 2886 914 2934 corrupte,
936 2885 1054 2933 puto,
1071 2891 1149 2932 pro
1164 2877 1273 2929 golfe

32 2937 83 2978 de
97 2939 270 2980 Hasich.
293 2939 420 2993 Quod
438 2941 619 2982 Ritterus
642 2942 740 2991 XII,
772 2955 816 2996 p.
842 2941 922 2994 337
950 2938 1003 2981 de
1032 2938 1270 2994 explicanda

35 2999 195 3055 vulgata
227 3001 367 3053 affert,
402 3002 524 3056 longe
553 3001 782 3059 petitum),
805 3004 958 3058 qurest
975 3000 1267 3057 tres—profond.
1299 3033 1316 3042 .

37 3063 222 3118 Lorsque
250 3063 322 3105 des
353 3066 513 3106 navires
535 3065 596 3121 s’y
628 3074 829 3120 engagent
842 3096 854 3116 ‚
883 3065 933 3106 ils
969 3064 1064 3106 n’en
1093 3073 1273 3120 peuvent

36 3125 159 3165 sortir
190 3125 360 3180 qu’avec
379 3127 596 3183 beaucoup
614 3127 666 3168 de
696 3129 818 3183 peine
851 3136 891 3169 et
913 3127 1127 3183 qu’autant
1151 3127 1270 3181 qu'ils

37 3194 131 3227 sont
158 3187 269 3228 aides
297 3203 372 3244 par
398 3204 456 3230 un
485 3199 583 3232 vent
601 3190 831 3242 favorable;
864 3191 968 3232 mais
989 3190 1018 3230 il
1039 3205 1091 3231 en
1109 3198 1170 3231 est
1191 3205 1272 3245 peu

36 3248 109 3301 qui
124 3249 233 3289 aient
253 3265 299 3290 ce
310 3251 514 3294 bonheur.
539 3273 556 3289 n
576 3254 700 3294 Nunc
718 3252 860 3308 oppidi
873 3252 925 3294 ad
936 3249 1119 3307 ejusdem
1135 3254 1270 3293 nomi·

36 3309 102 3349 nis
119 3314 451 3364 promontorium
477 3316 543 3356 siti
567 3317 683 3368 (Ras
705 3316 859 3365 Hasek,
898 3325 969 3370 17⁰
991 3314 1060 3356 21'
1078 3314 1160 3356 35⁸
1181 3315 1268 3366 lat„

41 3369 114 3411 55ο
153 3371 223 3412 23¹
246 3372 323 3415 5o''
339 3374 450 3430 long.
482 3378 557 3418 Gr.
580 3376 593 3433 )
619 3378 786 3418 nonnisi
815 3378 947 3418 ruinae
975 3385 1196 3432 supersunt
1228 3378 1271 3418 in

37 3432 129 3474 loco
150 3434 334 3488 palustri,
354 3451 484 3491 quum
498 3453 612 3479 mare
631 3440 793 3493 longius
807 3440 1033 3481 recesserit.
1050 3439 1159 3480 Vide
1176 3441 1271 3481 Hai-

37 3509 112 3535 nes
133 3495 161 3536 1.
185 3495 214 3536 l.
234 3509 277 3550 p.
307 3510 400 3551 129.
416 3500 549 3540 Ritter
564 3501 661 3551 XII,
682 3515 725 3556 p.
745 3500 841 3542 656.
869 3501 886 3555 [l
913 3524 969 3533 —
990 3505 1031 3550 4.
1054 3502 1103 3541 αἱ
1121 3502 1272 3554 Ζηνο-

0 3586 1 3594 ,
41 3556 63 3597 6
76 3557 115 3597 ίο
127 3573 148 3596 υ
167 3557 285 3612 λεγό
297 3573 377 3613 μεν
390 3562 471 3615 αι]
499 3563 687 3603 Khartan
702 3571 742 3603 et
763 3565 935 3604 Martem
950 3578 1017 3618 ap.
1034 3562 1268 3616 Edrisium3

0 3621 1 3626 ’
39 3634 153 3660 nunc
173 3619 305 3660 Karia
334 3622 478 3663 Maria
495 3624 592 3664 inss.
629 3626 792 3679 Septem
820 3624 991 3665 Zenobii
1015 3625 1112 3666 inss.
1137 3626 1270 3667 Ptole-

40 3695 166 3732 maeus
185 3696 350 3736 quoque
372 3694 574 3725 numerat.
603 3685 738 3725 Edrisi
762 3685 864 3726 duas
885 3694 1046 3726 tantum
1071 3697 1272 3730 memorat

41 3742 130 3799 (vel
154 3745 352 3785 maximas
380 3746 442 3786 vel
459 3746 562 3787 solas
587 3747 838 3805 habitatas);
872 3749 1056 3803 quinque
1080 3751 1270 3793 nomina-

40 3806 116 3846 tim
138 3806 257 3847 affert
282 3809 358 3848 Dr.
383 3808 539 3849 Hulton
566 3810 583 3862 (
601 3812 787 3851 Account
811 3809 866 3863 of
882 3810 947 3851 the
974 3811 1097 3853 Curia
1129 3813 1271 3855 Maria

43 3867 216 3918 islands‚
235 3869 277 3910 in
293 3872 435 3910 Journ.
454 3869 507 3923 ⁰f
518 3871 582 3910 the
593 3871 722 3911 Lond.
745 3885 879 3924 geogr.
893 3886 976 3912 soc.
994 3881 1026 3913 t.
1040 3874 1116 3924 XI,
1129 3888 1171 3929 p.
1193 3875 1270 3918 158

39 3943 102 3984 sq.
118 3930 182 3972 Cf.
201 3933 329 3972 Owen
349 3932 576 3973 Nam-aciae
593 3932 743 3987 osvoy.
760 3943 801 3973 to
815 3934 976 3990 explora
994 3935 1059 3975 tlw
1078 3936 1215 3978 shores
1228 3939 1275 3990 of

41 3991 193 4045 Africa
208 3995 242 4043 Ι,
268 4008 310 4048 p.
337 3994 415 4043 348
433 3996 464 4048 ),
494 4009 668 4049 quarum
694 3996 861 4037 nomina
881 3996 967 4038 haec
982 4006 1078 4039 sunt
1097 4011 1107 4039 t
1130 3999 1271 4040 Hella—

1346 1448 1469 1502 niyalz
1490 1450 1506 1502 (
1525 1450 1554 1491 i.
1573 1464 1608 1490 e.
1636 1464 1851 1505 caprarum
1867 1452 1965 1501 ins„
1988 1466 2080 1507 quae
2109 1453 2194 1494 sola
2220 1468 2289 1495 an.
2314 1457 2419 1497 1836
2435 1457 2586 1498 incole-

1346 1509 1516 1566 batur),
1531 1511 1744 1552 Karzawit
1759 1513 1820 1565 (s.
1840 1515 2042 1562 Karzaut,
2062 1514 2313 1565 Akarizaut,
2338 1518 2392 1558 ob
2408 1518 2583 1560 sormam

1346 1572 1587 1626 Portugallis
1602 1572 1786 1614 Rotondo
1801 1572 1912 1614 dicta
1929 1572 1962 1629 ),
1983 1574 2089 1615 Soda
2114 1574 2128 1631 (
2147 1590 2179 1616 s.
2198 1577 2433 1631 Suwadiyelz
2446 1597 2462 1628 ;
2483 1581 2584 1622 Por-

1346 1635 1505 1688 tugallis
1519 1635 1668 1675 Suadie
1682 1634 1714 1690 ),
1734 1635 1971 1690 Djebeliyah
1996 1638 2012 1688 (
2028 1637 2057 1677 i.
2082 1651 2119 1677 e.
2138 1638 2216 1677 ins.
2235 1647 2424 1680 montosa
2443 1642 2475 1693 ),
2493 1643 2583 1682 Ha-

1344 1695 1428 1736 sik-i
1464 1698 1480 1749 (
1500 1696 1552 1737 ad
1585 1697 1721 1738 Hasik
1758 1698 1967 1753 pertinens
2001 1697 2033 1754 ),
2066 1712 2157 1753 quae
2190 1713 2319 1753 quum
2352 1715 2375 1740 e
2414 1699 2580 1744 duobus

1346 1759 1553 1799 montium
1571 1759 1792 1800 verticibus
1814 1768 1986 1810 constet,
2012 1774 2090 1815 pro
2109 1760 2270 1801 duabus
2289 1762 2431 1803 insulis
2445 1778 2468 1803 e
2489 1763 2581 1805 lon·

1346 1820 1500 1874 ginquo
1536 1822 1620 1861 visa
1659 1821 1801 1861 haberi
1836 1829 2011 1876 poterat.
2045 1822 2211 1872 Incolae,
2243 1837 2356 1863 nunc
2394 1824 2507 1865 bellis
2543 1834 2584 1867 et

1345 1891 1458 1936 peste
1472 1882 1525 1923 ad
1546 1883 1794 1938 paucitatem
1820 1883 1990 1934 redacti,
2011 1898 2107 1938 pars
2128 1892 2225 1924 sunt
2248 1885 2434 1926 Arabum
2451 1887 2584 1929 tribus

1345 1958 1437 1999 quae
1466 1946 1510 1986 in
1533 1946 1720 2001 opposita
1745 1947 1982 1987 continente
2005 1946 2175 2000 longum
2196 1954 2375 1988 tractum
2404 1963 2427 1989 a
2444 1963 2579 2004 prom.

1345 2006 1484 2048 Hasilr
1500 2022 1631 2063 usque
1647 2007 1700 2049 ad
1722 2008 1760 2049 el
1775 2008 1878 2049 Had
1893 2008 2067 2049 obtinet.
2088 2010 2251 2050 Nomen
2265 2009 2392 2050 tribui
2414 2010 2507 2052 Beit
2522 2013 2583 2054 vel

1345 2069 1446 2111 Beni
1467 2069 1656 2125 Djenobi.
1689 2071 1799 2111 Hinc
1827 2071 1961 2111 Graeci
1989 2085 2082 2111 suas
2106 2069 2290 2111 fecerunt
2307 2071 2494 2124 Ζηνοόίου
2523 2075 2583 2115 in-

1345 2131 1465 2172 sulas.
1506 2131 1781 2186 Hellaniyahae
1816 2132 2065 2172 habitatores
2099 2132 2390 2188 ichthyophagi
2421 2137 2583 2189 tuguria

1344 2193 1498 2233 habent
1517 2193 1678 2233 ossibus
1700 2201 1806 2233 tecta
1826 2194 2000 2247 piscium
2017 2192 2237 2247 majorum.
2262 2196 2454 2236 Ceterum
2470 2211 2582 2252 spar-

1343 2269 1397 2295 sae
1414 2255 1565 2309 passim
1593 2255 1724 2295 ruinae
1745 2254 1916 2295 meliora
1942 2255 2041 2295 olim
2059 2263 2245 2310 tempora
2263 2265 2455 2309 arguunt.
2483 2259 2498 2311 Η
2523 2282 2581 2291 —

1345 2320 1385 2357 6.
1408 2316 1486 2370 ἀφ’
1508 2315 1652 2371 ὕψους
1672 2318 1687 2371 ]
1719 2333 1735 2354 «
1759 2317 1875 2357 nicht
1895 2318 1939 2356 in
1969 2317 2128 2358 offener
2150 2319 2247 2367 See,
2273 2317 2475 2369 sondern,
2502 2320 2579 2361 wie

1342 2379 1521 2419 Vincent
1546 2378 1559 2434 (
1578 2379 1634 2428 H,
1655 2391 1697 2432 p.
1722 2378 1801 2426 348
1823 2377 1836 2432 )
1865 2379 2016 2431 gezeigt
2044 2379 2136 2428 hat,
2158 2393 2210 2418 an
2230 2378 2304 2418 der
2331 2380 2463 2420 Kfiste
2484 2380 2577 2422 hin·

1342 2439 1560 2481 schifsend.
1581 2458 1598 2475 n
1624 2439 1756 2479 Ritter
1772 2440 1870 2489 XII,
1891 2452 1934 2493 p.
1954 2439 2033 2487 348
2059 2438 2197 2479 nescio
2218 2452 2302 2493 quo
2321 2438 2436 2494 lapsu
2444 2456 2455 2491 ;
2480 2455 2578 2483 nam

1342 2511 1484 2544 notam
1521 2502 1773 2543 locutionem
1803 2509 1914 2542 recte
1950 2502 2180 2542 Vincentus
2214 2501 2424 2542 intellexit.
2470 2504 2486 2556 ΙΙ
2521 2528 2578 2536 —

1344 2568 1384 2607 8.
1420 2565 1734 2620 Σαράπιδος]
1768 2562 1893 2604 hodie
1921 2565 2124 2604 Massera.
2158 2564 2322 2604 Nomen
2353 2563 2574 2607 Arabicum

1342 2629 1466 2668 etiam
1484 2629 1630 2669 Graeco
1662 2633 1806 2666 nostro
1832 2625 1985 2676 subest,
2010 2625 2274 2680 quantumvis
2294 2624 2573 2670 obscuratum.

1341 2689 1524 2730 Insulam
1544 2687 1787 2730 Ptolemaeus
1806 2701 1972 2742 quoque
1996 2687 2069 2728 sed
2087 2687 2193 2728 male
2209 2686 2386 2742 positam
2406 2688 2574 2742 praebet.

1348 2752 1363 2805 ΙΙ
1383 2775 1440 2782 -
1460 2765 1525 2794 10.
1548 2751 1602 2792 τὸ
1617 2749 1668 2791 δὲ
1696 2752 1819 2806 μῆκο
1833 2766 1849 2798 ς
1885 2749 2177 2805 ἑξακοσίων]
2203 2750 2302 2790 Haec
2315 2748 2440 2790 verba
2456 2750 2577 2805 vulgo

1340 2813 1505 2855 desunt.
1535 2815 1647 2855 Vera
1666 2812 1809 2854 insulae
1832 2811 2049 2866 longitudo
2072 2813 2148 2861 450
2179 2810 2319 2852 stadiis
2340 2825 2425 2852 non
2447 2812 2578 2854 multo

1342 2877 1476 2932 major
1484 2893 1495 2929 ;
1536 2875 1798 2918 latitudinem
1822 2876 1922 2916 item
1955 2883 1995 2916 et
2023 2889 2047 2915 a
2075 2875 2313 2915 continente
2343 2872 2578 2916 distantiam

1341 2940 1527 2996 Periplus
1549 2939 1651 2980 dicit
1667 2938 1855 2979 nimiam.
1877 2937 1993 2979 Adiit
2007 2938 2115 2978 hanc
2133 2936 2309 2977 insulam
2338 2936 2431 2977 Ebn
2453 2939 2576 2978 Batu-

1342 3011 1397 3054 ta,
1416 3003 1488 3058 qui
1500 3002 1552 3043 ab
1567 3001 1880 3056 ichthyophagis
1894 3000 2119 3041 habitatam
2134 3007 2290 3049 monet,
2312 3012 2462 3039 nomen
2480 3013 2576 3040 vero

1342 3074 1462 3106 tacet.
1492 3067 1622 3106 Owen
1643 3064 1671 3104 l.
1696 3064 1723 3104 1.
1748 3065 1783 3114 Ι,
1804 3078 1848 3118 p.
1872 3064 1951 3111 346
1983 3063 2026 3102 in
2047 3070 2229 3102 extrema
2258 3059 2390 3100 insula
2406 3060 2574 3100 boream

1342 3142 1482 3168 versus
1495 3128 1633 3167 vicum
1642 3125 1907 3176 Hastellenglz
1921 3125 2087 3179 reperit,
2099 3137 2222 3178 quem
2234 3121 2481 3163 balaenarum
2493 3122 2574 3175 pis·

1342 3199 1498 3231 catores
1515 3188 1724 3230 tenebant.
1751 3187 1767 3241 ΙΙ
1789 3211 1846 3218 --
1860 3200 1925 3227 11.
1945 3185 2218 3240 ἀνθρώποις
2245 3184 2428 3238 ἱεροῖς]
2450 3183 2574 3224 verba

1342 3252 1395 3293 de
1426 3251 1706 3293 sacerdotibus
1736 3249 1799 3289 vel
1817 3248 1996 3289 eremitis
2026 3247 2194 3300 intelligi
2223 3245 2310 3286 vult
2326 3246 2568 3286 Vincentus.

1343 3314 1470 3367 Quod
1489 3327 1594 3368 aegre
1616 3311 1770 3353 credas.
1793 3309 1974 3365 Objectae
1996 3322 2078 3349 orae
2092 3307 2245 3348 incolas
2263 3307 2451 3347 omnium
2467 3305 2572 3347 fero-

1342 3377 1525 3418 cissimos
1558 3376 1774 3429 nautisque
1794 3370 2031 3413 tremendos
2056 3384 2141 3411 esse
2159 3377 2318 3410 constat
2339 3367 2354 3424 (
2379 3383 2420 3409 v·
2442 3369 2572 3410 Owen

1342 3440 1370 3481 l.
1392 3440 1419 3480 1.
1442 3441 1478 3490 Ι,
1502 3453 1544 3494 p.
1572 3438 1651 3486 346
1667 3438 1706 3491 );
1723 3433 2021 3476 humanitatem
2036 3431 2080 3473 in
2099 3431 2274 3472 insulam
2290 3431 2410 3472 istam
2431 3429 2483 3471 ad
2499 3430 2571 3472 ba-

1341 3503 1537 3543 laenarum
1549 3509 1761 3541 venatores
1773 3511 1816 3537 se
1833 3497 2033 3551 recepisse
2043 3493 2231 3536 nondum
2243 3492 2346 3534 mihi
2358 3493 2540 3548 persuasi
2555 3508 2567 3544 ;

1342 3563 1590 3618 interimpro
1603 3562 1653 3602 ἀν
1665 3561 1683 3601 θ
1695 3576 1714 3615 ρ
1724 3561 1820 3600 ώπο
1834 3573 1845 3598 ι
1857 3574 1873 3606 ς
1892 3558 1932 3599 ie
1946 3573 1966 3614 ρ
1978 3558 2050 3604 οῒς
2064 3555 2186 3597 fuisse
2197 3563 2300 3611 puto
2313 3554 2482 3610 ἀνθρώπ.
2500 3570 2573 3596 πο-

1343 3643 1362 3668 ν
1374 3643 1396 3679 η
1413 3643 1460 3682 ρο
1473 3628 1495 3666 f
1499 3642 1515 3673 ς
1523 3657 1535 3677 ,
1554 3639 1635 3680 qua
1648 3637 1748 3663 voce
1757 3621 1850 3676 plus
1864 3619 1989 3661 semel
1999 3627 2144 3661 auctor
2156 3618 2308 3674 piratas
2322 3625 2452 3658 notat.
2476 3617 2492 3671 ss
2516 3641 2572 3648 —

1346 3690 1411 3731 13.
1429 3703 1541 3730 κουκ
1555 3688 1567 3727 ί
1578 3700 1666 3728 νων
1687 3686 1702 3740 ]
1721 3685 1749 3724 i.
1775 3697 1812 3723 e.
1837 3682 2031 3724 soliorum
2045 3683 2115 3723 τοΰ
2132 3681 2380 3736 κουκιοφόρου
2399 3680 2567 3733 δένδρου,

1342 3750 1455 3805 quod
1481 3749 1580 3790 dicit
1595 3746 1906 3803 Theophrastus
1919 3746 1975 3786 H.
1995 3744 2058 3786 Pl.
2081 3745 2158 3795 IV,
2179 3744 2219 3784 3.
2235 3744 2293 3793 H,
2308 3757 2348 3797 7,
2368 3740 2478 3782 unde
2495 3753 2567 3779 sua

1341 3813 1497 3854 Plinius
1504 3811 1622 3860 XIII,
1634 3825 1672 3863 9.
1685 3808 1823 3850 Arbor
1830 3807 1895 3849 illa
1902 3808 2073 3848 Linnaeo
2081 3814 2141 3847 est
2152 3803 2335 3857 Cuczfi’ra
2351 3799 2564 3848 Thebaica,

1342 3890 1425 3916 non
1458 3871 1747 3915 confundenda
1769 3885 1863 3913 cum
1882 3885 1930 3912 ea
1951 3884 2076 3925 quam
2108 3882 2184 3909 nos
2201 3880 2287 3921 Jam
2314 3863 2450 3905 dicere
2467 3861 2568 3902 sole-

1342 3952 1433 3978 mus
1454 3934 1740 3990 Koa-ospalme,
1772 3935 1833 3974 uti
1860 3934 2023 3974 monuit
2040 3932 2171 3972 Ritter
2194 3929 2290 3977 XII,
2306 3941 2347 3981 p.
2372 3926 2466 3977 349,
2486 3922 2567 3963 col·

1342 4001 1409 4041 lat.
1433 4000 1487 4049 V,
1506 4013 1548 4052 p.
1567 3996 1663 4038 835.
1686 3995 1749 4037 Cf.
1772 3996 1893 4036 ctiam
1910 3995 2125 4037 Salmasius
2142 3993 2312 4031 Exerce.
2329 3987 2388 4027 Pl.
2407 4001 2448 4041 p.
2470 3986 2564 4039 574,
