2808 4342
445 232 1213 412 Atoerlor

529 474 649 522 ΤΟΥ
682 469 1125 518 ΚΑΛΛΙΦΩΝΤΟΣ

245 645 359 706 ΑΝ
366 640 708 704 ΑΓΡΑΦΗ
769 638 946 700 ΤΗΣ
1002 638 1407 701 ΕΛΛΑΔΟΣ.

777 844 882 854 ..—

292 977 373 1026 Διὰ
397 975 550 1029 παντὸς
565 1012 579 1036 ,
603 968 638 1022 ὦ
664 974 907 1040 Θεόφραστε
922 1011 935 1034 ,
958 975 1147 1038 καθάπερ
1166 967 1284 1021 οἶσθα
1307 973 1384 1037 σύ,

287 1047 390 1093 ἴδιόν
411 1065 451 1092 τι
474 1046 684 1102 πλάττων,
708 1045 828 1107 κούχὶ
850 1044 920 1091 τὸν
941 1043 1091 1108 ἐτέρων
1107 1043 1245 1101 πόνον,

288 1118 388 1180 ὅπερ
407 1115 504 1162 ἔνιοι
524 1116 684 1162 ποιοῦσ’
707 1117 887 1174 ἐμαυτοῦ
907 1113 1113 1173 τιθέμενος

288 1190 358 1232 νῦν
381 1185 581 1248 ἱστόρηκα
600 1184 675 1239 τὴν
698 1183 867 1230 ἅπασαν
886 1183 1098 1241 Ἑλλάδα,

249 1274 270 1303 a
292 1253 628 1315 ὓποταττομένας
650 1252 782 1315 ταύτῃ
803 1252 847 1299 δὲ
870 1252 944 1306 τὰς
967 1252 1059 1309 ἑξῆς
1078 1253 1231 1308 πόλεις,

290 1325 492 1387 στοιχεῖον
512 1325 586 1370 οὐκ
606 1322 787 1384 ἄμουσον
809 1321 898 1382 ἅμα
915 1325 950 1368 θ’
971 1321 1219 1378 Ἑλληνικόν

289 1395 435 1451 ἱκανήν
458 1413 502 1440 τε
527 1393 711 1456 παρέχον
731 1392 947 1457 διατριὸἡν
969 1399 1051 1444 τοῖς
1071 1390 1314 1452 δυναμένοις

288 1465 415 1526 ὀρθῶς
431 1464 605 1509 συνιδεῖν
628 1461 804 1511 ἕκαστα.
822 1460 891 1510 Τὰ
913 1460 992 1523 γὰρ
1014 1462 1055 1507 ἐν
1071 1461 1258 1507 πλείοσιν

293 1533 373 1579 ὑπὸ
393 1535 473 1578 τῶν
491 1534 682 1578 παλαιῶν
706 1530 975 1594 συγγραφέων
998 1531 1219 1593 εἰρημένα,

228 1618 267 1649 10
285 1602 408 1648 ταῦτ’
426 1601 643 1664 ἐμμέτρως
661 1599 853 1665 ῥηθήσετ’
874 1602 915 1645 ἐν
937 1604 1086 1662 βραχεῖ
1104 1599 1257 1662 χρόνῳ,

293 1670 394 1733 ὅπερ
413 1669 524 1716 ἐστὶν
538 1673 690 1723 ἱκανῶς
710 1670 884 1730 δύναμιν
904 1669 1079 1731 ἰσχυρὰν
1102 1668 1213 1731 ἔχον·

287 1738 573 1799 ὖπολαμὸάνω
591 1740 672 1802 γὰρ
694 1740 891 1801 ἀσφαλῶς
909 1741 1010 1798 ἡμῖν
1036 1738 1146 1800 ἔχειν

290 1809 452 1855 κεῖσθαί
468 1826 513 1855 τε
530 1808 604 1860 τὰς
621 1808 804 1867 μάλιστα
822 1806 1051 1868 διασήμους
1072 1808 1227 1862 πόλεις,

294 1878 403 1935 ἄλση
416 1914 428 1935 ,
447 1876 676 1939 ποταμοὺς,
697 1877 843 1932 νήσους
858 1893 903 1922 τε
924 1876 1016 1928 τοὺς
1036 1877 1231 1928 διάπλους
1251 1893 1295 1922 τε
1316 1875 1387 1921 καί

229 1964 268 1995 ts
287 1947 481 2009 λιμένας,
501 1946 528 1992 ἅ
547 1948 582 1992 τ’
606 1946 715 1993 ἐστὶν
736 1949 776 1991 ἐν
803 1945 1111 2010 Πελοποννήσῳ
1130 1947 1227 2005 γε’νη

287 2016 492 2079 λεγόμενα
510 2017 767 2079 χῶμοροῢντ’
789 2018 950 2067 ἑαυτοῖς
971 2014 1079 2061 κατὰ
1101 2015 1271 2071 τόπους,

292 2085 360 2132 ἵνα
386 2085 491 2147 μηδὲ
508 2085 550 2131 ἔν
574 2104 620 2131 σε
643 2085 690 2131 τὸ
709 2084 877 2131 σύνολον
904 2085 1173 2147 διαλανθάνῃ,

291 2159 477 2219 φανερῶς
495 2154 681 2201 ἑκάστων
704 2155 915 2214 ὁμολόγως
937 2173 982 2200 τε
997 2154 1212 2215 κειμένων,

288 2224 389 2272 ὥστ’
407 2224 671 2270 ἀναλαὸόντα
696 2224 766 2269 καὶ
785 2222 852 2268 διὰ
872 2223 1040 2284 μνήμης
1064 2222 1191 2285 ἔχειν·

187 2284 194 2291 ’
224 2309 267 2341 ao
287 2292 445 2356 νωθρὸν
468 2292 548 2356 γὰρ
567 2294 645 2354 οὐχ
667 2291 797 2354 εὕροις
820 2292 886 2349 ἂν,
908 2293 1005 2338 ἀλλ’
1023 2293 1306 2352 ἐσπευσμένην

286 2363 362 2419 τὴν
385 2363 677 2426 πραγματείαν
692 2380 703 2391 ·
727 2361 789 2407 διὸ
805 2362 977 2407 σεαυτὸν
1003 2361 1063 2422 μὴ
1086 2361 1239 2424 βραδύν

257 2521 517 2562 Διονυσίου
555 2524 644 2562 τοῦ
672 2521 719 2562 K.
758 2519 928 2577 ἅναγρ.
957 2535 995 2562 τ.
1034 2518 1210 2575 εΕλλ]
1247 2523 1352 2574 Quae
1388 2535 1452 2562 se·

201 2591 389 2640 quuntur
419 2583 506 2626 duo
538 2581 765 2638 fragmenta
791 2584 984 2634 metrica,
1014 2584 1058 2623 in
1091 2581 1235 2624 codice
1264 2585 1453 2625 Parisino

200 2658 244 2702 p.
275 2660 368 2697 ιιι,
402 2646 474 2687 lin.
512 2661 536 2700 9
571 2646 725 2702 absque
760 2646 841 2687 ulla
873 2646 1144 2701 inscriptione
1175 2645 1454 2701 subjiciuntur

203 2707 354 2749 Isidori
377 2709 602 2750 Characeni
629 2709 819 2749 stathmis
851 2708 1054 2750 Parthicis
1071 2739 1083 2759 ,
1107 2722 1192 2749 non
1227 2709 1283 2750 ita
1315 2717 1452 2750 tamen

203 2778 251 2812 ut
272 2782 359 2811 uno
391 2771 666 2812 exhibeantur
695 2779 853 2811 tenore.
876 2769 1245 2823 Quemadmodum
1274 2771 1386 2812 enim
1409 2772 1451 2813 in

204 2833 414 2888 Anonymi
454 2833 617 2888 Periplo
654 2834 775 2874 Ponti
805 2833 959 2874 Euxini
998 2834 1195 2888 prosaicis
1227 2834 1453 2876 miscentur

202 2895 366 2951 poetica
386 2896 552 2950 Scymni
570 2895 679 2944 Chii,
711 2908 835 2949 quern
857 2894 980 2949 vulgo
1008 2893 1168 2945 dicunt,
1191 2896 1250 2937 sic
1276 2897 1451 2938 trimetri

203 2958 336 3000 nostri
353 2971 449 2998 cum
468 2956 617 3011 eclogis
637 2955 886 3012 quibusdam
906 2951 955 2997 ex
980 2958 1164 3012 prosaica
1185 2959 1355 2999 Graeciae
1381 2958 1453 3000 de·

203 3018 430 3075 scriptione
457 3019 595 3075 petitis
620 3018 662 3059 in
696 3032 827 3059 unum
854 3026 953 3059 sunt
974 3019 1157 3059 conflati.
1194 3021 1313 3061 Prius
1346 3020 1450 3076 frag·

205 3088 393 3123 mentum
416 3081 587 3123 Graeciae
607 3080 930 3137 descriptionem
953 3080 1174 3123 adumbrat
1195 3081 1292 3123 inde
1315 3098 1338 3124 a
1358 3085 1451 3126 sinu

205 3142 431 3187 Ambracio
473 3157 605 3200 usque
641 3142 694 3185 ad
730 3144 928 3185 isthmum
965 3144 1245 3187 Corinthium.
1291 3147 1452 3189 Deinde

204 3206 249 3247 in
271 3204 368 3248 cod.
394 3220 438 3263 p.
464 3208 566 3257 114,
599 3205 628 3247 l.
658 3206 706 3247 13
738 3207 926 3263 prosaica
950 3215 1197 3262 sequuntur,
1221 3207 1372 3263 quibus
1399 3210 1451 3252 de

204 3269 342 3311 Attica
355 3277 397 3311 et
411 3268 585 3320 Boeotia,
607 3266 742 3325 deque
763 3268 973 3311 Thessalia
993 3270 1164 3312 Graeciae
1179 3280 1289 3312 recte
1306 3285 1451 3313 accen-

205 3329 333 3373 senda
355 3330 486 3373 fusius
507 3331 747 3388 exponiur.
765 3333 863 3374 Post
882 3331 969 3375 haec
986 3346 1029 3389 p.
1053 3344 1146 3385 120,
1169 3332 1240 3375 lin.
1261 3346 1331 3385 ao,
1354 3334 1452 3377 alte-

162 3442 168 3447 ,
206 3406 302 3434 rum
317 3393 445 3435 habes
461 3393 738 3449 fragmentum
757 3394 995 3446 metricum,
1015 3393 1130 3451 quod
1144 3402 1205 3436 est
1218 3394 1272 3436 de
1290 3395 1447 3438 insulis.

207 3454 302 3496 riui
324 3457 412 3511 ejus
428 3455 684 3513 adscriptum
703 3457 880 3512 legitur:
903 3457 985 3499 Διιι
998 3458 1150 3514 αιάρχ
1161 3473 1213 3499 ου
1245 3456 1269 3499 ἁ
1282 3473 1371 3515 ναγ
1384 3474 1453 3515 ρα-

207 3513 266 3571 φὴ
304 3521 388 3570 τῆς
424 3516 690 3568 Ἐλλάδος.
729 3522 779 3561 Ῑιι
827 3520 1066 3577 apographo
1102 3521 1304 3563 Vaticano
1345 3521 1448 3578 (I'ol.

207 3578 291 3621 238
310 3582 328 3633 >
350 3594 426 3621 nec
453 3595 537 3622 non
575 3582 616 3622 in
649 3583 887 3624 Monacensi
912 3583 1054 3626 titulus
1084 3598 1107 3626 a
1140 3584 1222 3626 fine
1250 3581 1303 3626 ad
1330 3591 1452 3639 caput

208 3640 454 3698 translatus,
471 3642 612 3684 addita
635 3646 845 3687 mentione
861 3646 1153 3703 Theophrasti,
1174 3660 1298 3703 quem
1315 3647 1452 3701 primo

209 3715 332 3746 versu
348 3712 470 3760 poeta
497 3705 733 3760 alloquitur,
751 3707 855 3750 adeo
876 3717 919 3750 ut
949 3710 1164 3766 inscriptio
1174 3710 1227 3752 sit
1248 3708 1450 3764 ςΔιιιαιάρ-

208 3780 286 3822 χου
318 3764 519 3823 ἀναγραφὴ
553 3770 620 3819 τῆς
658 3767 848 3819 Ἑλλάδος
879 3771 971 3827 πρὸς
1001 3773 1262 3829 θεόφραστον.
1295 3774 1451 3815 Versus

210 3828 255 3870 in
276 3827 421 3871 codice
438 3830 625 3872 Parisino
645 3845 728 3871 non
748 3831 929 3874 distincti
949 3835 1055 3891 stylo
1077 3843 1300 3878 exarantur
1320 3836 1451 3877 conti·

210 3903 297 3934 nuo
310 3906 323 3943 ς
360 3892 402 3933 in
435 3891 622 3935 Palatino
644 3892 751 3934 libro
786 3896 967 3950 primum
1002 3896 1276 3952 fragmentum
1313 3911 1451 3940 versus

210 3962 418 4012 separatos
447 3954 587 4008 habet,
616 3970 700 3998 non
725 3957 820 3998 item
844 3958 1034 4001 alterum.
1059 3962 1251 4004 Ceterum
1277 3959 1451 4004 misellos

2738 0 2748 80 ⁴...-

1675 196 2553 365 ‘DIONYSIT

1815 474 2271 524 CALLIPBONTIS
2309 475 2456 523 FILII

1604 624 2183 703 DESCRIPTIO
2226 640 2669 703 GRAECIAE.

1518 987 1705 1042 Semper,
1721 985 2022 1043 Theophraste,
2040 987 2147 1029 sicut
2164 989 2272 1030 nosti
2293 997 2353 1040 tu,

1518 1055 1736 1111 proprium
1757 1053 1914 1111 aliquid
1932 1054 2105 1110 fingens,
2122 1069 2257 1111 neque
2270 1055 2445 1099 aliorum
2465 1057 2648 1100 laborem

1520 1127 1537 1180 (
1553 1124 1668 1181 quod
1688 1125 1877 1167 nonnulli
1894 1122 2086 1181 faciunt)
2109 1125 2211 1167 mihi
2232 1124 2444 1168 vindicans
2458 1158 2470 1179 ,

1519 1208 1634 1235 nunc
1646 1194 1818 1250 exposui
1842 1194 2077 1235 universam
2093 1194 2295 1235 Graeciam

1519 1271 1561 1303 et
1586 1261 1789 1317 subjectas
1804 1263 1841 1303 ei
1854 1276 1947 1318 quae
1965 1260 2161 1318 deinceps
2176 1270 2273 1302 sunt
2289 1261 2412 1303 urbes
2426 1293 2437 1312 ,

1518 1331 1769 1374 elementum
1786 1346 1871 1373 non
1892 1329 2110 1372 indoctum
2129 1339 2168 1372 et
2185 1332 2379 1372 Graecum
2398 1331 2535 1382 simul,

1519 1401 1805 1459 idoneumque
1817 1416 1902 1459 quo
1916 1410 2081 1459 tempus
2098 1409 2233 1443 terant
2254 1402 2428 1444 scientes

1518 1478 1630 1512 recte
1643 1470 1802 1526 singula
1820 1484 2084 1526 cognoscere.
2104 1470 2210 1512 Nam
2232 1483 2324 1526 quae
2340 1469 2468 1511 fusius

1518 1539 1630 1597 apud
1645 1540 1866 1597 scriptores
1888 1547 2045 1581 vetera
2060 1546 2286 1580 memorata
2303 1546 2399 1579 sunt
2410 1570 2421 1589 ‚

1519 1622 1568 1648 ea
1590 1607 1777 1650 versibus
1799 1606 1992 1648 dicentur
2006 1606 2121 1648 brevi
2145 1614 2352 1662 tempore;

1519 1676 1633 1733 quod
1654 1676 1826 1733 quidem
1849 1677 1932 1718 vim
1949 1675 2061 1718 haud
2087 1675 2302 1717 minimam
2318 1675 2456 1717 habet.

1519 1745 1723 1787 Existimo
1740 1746 1852 1787 enim
1880 1745 1969 1786 sine
1982 1744 2099 1800 lapsu
2117 1743 2238 1785 nobis
2253 1745 2472 1785 recensitas

1518 1817 1755 1872 positasque
1772 1829 1860 1858 esse
1877 1814 2001 1857 urbes
2020 1829 2105 1871 prae
2126 1814 2273 1856 ceteris
2296 1814 2497 1869 insignes,

1518 1898 1691 1927 nemora
1705 1915 1717 1936 ,
1742 1884 1891 1926 fluvios
1905 1915 1916 1935 ,
1941 1882 2093 1925 insulas
2105 1915 2115 1932 ,
2137 1881 2329 1938 trajectus
2345 1892 2384 1924 ct

1518 1961 1679 2008 portus,
1705 1966 1879 2008 quaeque
1899 1952 1942 1993 in
1961 1951 2246 2007 Peloponneso
2264 1959 2404 2005 gentes

1519 2028 1805 2062 memorantur
1821 2020 1921 2062 locis
1939 2019 2016 2061 sibi
2041 2019 2217 2061 invicem
2244 2020 2525 2070 contermina»,

1519 2096 1568 2130 ut
1583 2089 1758 2130 omnino
1776 2096 1817 2130 te
1835 2102 1889 2129 ne
1907 2087 2039 2129 hilum
2061 2086 2232 2142 quidem
2250 2086 2386 2138 lateat,

1521 2157 1735 2199 manifeste
1756 2157 1927 2213 singulis
1943 2166 1984 2199 et
2003 2144 2299 2200 convenienter
2319 2160 2512 2215 expositis
2524 2190 2536 2210 ,

1520 2233 1568 2267 ut
1586 2226 1657 2280 qui
1672 2225 1860 2280 relegerit
1872 2226 2071 2267 memoria
2085 2226 2208 2267 etiam
2230 2234 2381 2267 teneat.

1520 2292 1645 2335 Haud
1661 2294 1774 2336 enim
1789 2308 1956 2349 segnem
1971 2292 2043 2335 sed
2064 2308 2230 2335 summo
2251 2293 2399 2336 factam
2413 2294 2553 2339 studio

1520 2362 1788 2419 scriptionem
1808 2362 1916 2405 hanc
1938 2363 2134 2419 reperias.
2152 2365 2294 2417 Quare
2315 2370 2443 2405 temet
2458 2363 2679 2420 impigrum

1522 2522 1623 2562 istos
1638 2521 1859 2563 versiculos
1874 2520 1976 2562 nihil
1995 2521 2200 2577 pertinere
2211 2520 2264 2563 ad
2279 2535 2375 2563 eum
2389 2535 2515 2578 quem
2529 2536 2674 2566 omnes
2689 2537 2764 2567 no-

1523 2585 1658 2626 vimus
1688 2583 1990 2635 Dicaearchum,
2022 2582 2185 2625 dudum
2208 2585 2285 2625 viri
2304 2583 2417 2627 docti
2438 2594 2759 2641 perspexerunt;

1522 2661 1657 2702 neque
1685 2646 1739 2688 de
1760 2646 1889 2688 altero
1908 2645 2092 2702 quodam
2124 2646 2365 2694 Dicaearcho
2387 2646 2669 2701 cogitandum,
2690 2663 2763 2691 ne-

1521 2723 1603 2765 que
1617 2708 1669 2751 ad
1690 2709 1925 2765 prosaicum
1944 2708 2217 2763 fragmentum
2238 2707 2280 2750 id
2299 2721 2451 2750 nomen
2469 2708 2761 2754 retrahendum

1521 2779 1595 2811 est.
1618 2771 1802 2824 Quinam
1825 2769 1949 2811 fuerit
1967 2769 2187 2825 ἀναγραφῆς
2199 2777 2345 2811 auctor
2363 2770 2406 2811 in
2422 2779 2668 2827 perpetuum
2687 2787 2765 2816 nos

1521 2830 1719 2884 latuisset,
1743 2833 1823 2874 nisi
1846 2837 1932 2888 ipse
1949 2831 2124 2873 artificio
2139 2845 2292 2873 nomen
2310 2846 2433 2874 suum
2455 2831 2654 2876 oblivioni
2676 2844 2763 2878 stu·

1520 2893 1676 2936 duisset
1694 2894 1923 2951 subripere.
1948 2894 2156 2936 Nimirum
2177 2895 2209 2935 si
2233 2895 2387 2950 primas
2402 2894 2556 2938 litteras
2574 2897 2763 2953 priomm

1521 2970 1717 2999 versuum
1732 2957 1875 3012 viginti
1896 2957 2040 3007 trium,
2062 2958 2134 3013 qui
2147 2956 2366 3014 insipidam
2386 2959 2644 3002 constituunt
2657 2974 2762 3017 pre·

1521 3019 1734 3072 sationem,
1764 3020 1807 3061 in
1831 3033 1963 3062 unum
1994 3019 2223 3075 collegeris,
2246 3020 2389 3064 titulus
2407 3020 2586 3064 efficitur
2606 3035 2617 3064 ε
2645 3023 2762 3065 Διο-

1521 3083 1687 3124 νυσίου
1723 3085 1812 3124 τοῦ
1846 3082 2221 3138 Καλλιφῶντος,
2261 3082 2302 3124 id
2326 3082 2441 3139 quod
2474 3084 2635 3139 egregie
2653 3087 2763 3130 eruit

1521 3144 1732 3186 Lehrsius.
1763 3146 1779 3198 u
1806 3168 1862 3176 —
1882 3157 1924 3186 α.
1962 3145 2092 3200 ἕτερον
2125 3143 2284 3196 codem
2309 3160 2392 3187 em.
2423 3144 2629 3188 Hmchel.
2661 3148 2677 3202 ΙΙ
2705 3170 2763 3182 --

1521 3207 1561 3248 3.
1590 3210 1764 3248 ποιοῦσιν
1789 3205 1903 3258 cod.;
1924 3221 2006 3249 em.
2027 3206 2232 3249 Meineke.
2265 3208 2281 3262 ΙΙ
2300 3232 2356 3240 -
2380 3210 2422 3258 Ι..
2446 3207 2633 3264 ἱστόρηκα
2645 3207 2763 3253 dedit

1518 3268 1729 3320 Meinelte5
1747 3269 1944 3324 πεπόρηκα
1966 3268 2095 3311 codex
2108 3286 2119 3320 ;
2141 3269 2340 3323 πεπόνηκα
2369 3268 2479 3325 conj.
2503 3270 2759 3327 Stephanus,

1519 3331 1747 3387 refragante
1767 3341 1914 3374 metro.
1945 3334 1960 3387 ΙΙ
1980 3357 2036 3364 —-
2053 3333 2093 3374 5.
2112 3332 2420 3389 θποταττόμενος
2433 3332 2562 3375 voluit
2577 3335 2630 3377 A.
2645 3334 2763 3380 Bau·

1521 3409 1718 3447 mannus3
1742 3410 1782 3437 τι
1806 3410 1883 3451 pro
1905 3394 1946 3437 Bt
1968 3394 2079 3451 conj.
2105 3396 2389 3439 casaubonus.
2410 3395 2487 3445 Τὰς
2517 3395 2601 3449 ίξῆς
2631 3396 2763 3448 πόλεις

1519 3456 1697 3512 intellige
1728 3459 1970 3499 Graecorum
2000 3457 2197 3509 colonias,
2229 3473 2322 3515 quas
2353 3472 2378 3500 a
2399 3458 2559 3500 Graecia
2594 3457 2760 3515 profld·
2795 3455 2803 3470 ¹

1518 3521 1646 3562 scenti
1672 3521 1714 3561 in
1734 3535 1806 3562 ora
1826 3521 2032 3563 maritima
2055 3529 2296 3564 occurrunt.
2320 3522 2338 3578 ΙΙ
2364 3545 2422 3554 ——
2443 3524 2485 3564 6.
2517 3518 2760 3575 Ἑλληνικῶν

1518 3582 1632 3634 cod.;
1662 3597 1744 3625 em.
1769 3583 1945 3626 (tasaub.
1970 3585 1987 3639 ss
2011 3609 2067 3617 —
2086 3599 2127 3641 7.
2148 3585 2328 3641 παρέχων
2344 3582 2502 3635 codem
2521 3597 2605 3627 em.
2627 3581 2760 3627 βαΰ»

1518 3647 1742 3703 apographi
1762 3647 2036 3691 Monacensis.
2064 3649 2081 3703 ΙΙ
2107 3672 2164 3680 -
2186 3663 2227 3703 9.
2250 3646 2523 3704 συγγραφαίων
2545 3645 2642 3689 cod.
2664 3646 2683 3703 ΙΙ
2701 3667 2761 3680 -
2786 3646 2799 3670 “

1525 3723 1589 3752 ιο.
1613 3710 1801 3766 ἐνμέτρως
1814 3710 1910 3753 cod.
1928 3713 2010 3754 Pro
2022 3711 2154 3768 χρόνῳ
2174 3710 2344 3753 fortasse
2365 3710 2478 3767 λόγῳ
2502 3708 2578 3766 leg.
2600 3707 2760 3766 putavit

1523 3774 1770 3814 Lctronnus.
1800 3775 1817 3829 ΙΙ
1844 3798 1900 3806 -
1919 3778 1985 3816 16.
2006 3774 2071 3815 καὶ
2088 3773 2298 3830 ὁμοροῦνθ’
2314 3771 2428 3824 cod.;
2448 3785 2532 3815 em.
2551 3768 2754 3814 Mein&-

1526 3836 1615 3888 11-
1646 3849 1710 3891 ¹7·
1732 3835 1979 3878 διαλανθάνει
1996 3835 2092 3879 cod.
2115 3838 2132 3891 ΙΙ
2150 3859 2208 3869 -
2228 3849 2294 3891 19.
2314 3835 2361 3891 Iy-
2378 3833 2473 3878 cod.
2497 3835 2515 3890 ΙΙ
2534 3845 2673 3877 -w.
2693 3829 2755 3875 ἢ·

1521 3898 1734 3954 σπευμένην
1749 3898 1845 3940 cod.
1867 3900 1883 3954 ΙΙ
1902 3911 2042 3940 —21.
2066 3895 2124 3955 μὴ
2151 3897 2335 3954 βραδύν
2353 3898 2369 3954 ]
2386 3894 2438 3953 μὴ
2458 3895 2581 3953 βραχύ
2597 3890 2730 3938 eodo}v

1520 3974 1602 4002 em.
1628 3961 1835 4013 Meineke,
1857 3962 1927 4017 qui
1963 3979 1980 3999 ι
2017 3960 2128 4003 Nihil
2151 3960 2367 4018 proficitur
2387 3959 2462 4002 Boi
2614 3956 2627 3998 l
2655 3965 2736 3997 0⁰¹¹

2738 3907 2751 3944 ³
2806 3885 2808 3925 ι
