2808 4342
0 2310 112 2360 ἰρμδ

0 2373 53 2401 (ΑΙ
62 2373 87 2395 υ

0 2424 62 2459 d&
72 2407 107 2445 Λι

290 241 351 301 Μ
361 239 685 320 APKJAN
691 236 809 298 ΟΥ
882 239 1048 299 HPA
1062 239 1359 303 ΚΛΕΩΤ
1364 242 1483 306 ΟΥ

674 422 800 470 'mu
833 395 1075 471 ΕΝΔΕΚΑ

789 592 965 653 ΤΗΣ

429 780 856 829 ΑΡΤΕΜΙΔΩΡΟΥ
889 783 1011 830 ΤΟΥ
1044 784 1320 834 ΕΦΕΣΙΟΥ

207 990 226 1018 ⁶
308 964 944 1042 ΓΕΩΓΡΑΦΙΑΣ
1033 971 1436 1048 ΒΙΒΛΙΩΝ

573 1184 1156 1262 ΕΠΙΤΟΜΗ.

728 1485 999 1533 ΕΥΡΩΠΗ.

743 1618 875 1657 BIBA.
914 1610 977 1657 A'.

1684 248 2079 318 MARCIANI
2123 260 2726 335 HERACLEENSJS
2783 238 2795 251 ”

2055 551 2326 603 UNDEClM
2791 586 2808 632 ᾖ

1847 799 2233 854 ARTEmnonl
2279 807 2394 855 EPfl
2403 809 2517 857 ESll

1641 980 2235 1059 GEOGRAPHIAE
2282 992 2732 1070 LIBROBUM
2782 1051 2790 1056 -

1904 1197 2035 1276 ΕΡ
2054 1199 2451 1283 ΙΤΟΜΕ.

2044 1496 2309 1546 EUBOPA.

2098 1637 2193 1671 un.
2231 1638 2263 1670 1.

304 1753 335 1783 ι.
370 1745 426 1784 St.
443 1746 488 1804 Β.
511 1761 519 1784 ;
547 1742 585 1786 Λ
597 1739 611 1784 ί
622 1758 647 1800 γ
659 1759 682 1785 υ
696 1758 718 1801 ρ
729 1758 796 1796 ες,
808 1738 918 1792 ἔθνος
934 1738 1136 1804 προσεχὲς
1151 1741 1232 1792 τοῖς
1240 1744 1481 1806 Τυρρηνοῖς·
1617 1769 1632 1796 1
1644 1788 1653 1797 .
1689 1758 1846 1812 Ligur
1857 1772 1928 1810 es,
1947 1773 2046 1813 gens
2059 1760 2287 1816 Tyrrhenis
2303 1760 2493 1804 finitima.
2511 1763 2752 1806 Artemidor

180 1815 217 1845 10
240 1806 280 1853 Ἀ
288 1806 535 1893 ρτεμίδωρος
568 1810 609 1854 ἐν
646 1808 855 1872 Ἐπιτομῇ
876 1812 958 1855 τῶν
992 1808 1160 1856 ἕνδεκα·
1182 1810 1264 1859 ἀπὸ
1296 1811 1478 1876 Λιγύρου
1555 1822 1598 1864 in
1643 1825 1836 1880 Epitome
1870 1825 2075 1869 librorum
2114 1827 2326 1871 undecim.
2387 1830 2507 1872 Dicta
2546 1829 2601 1873 do
2642 1833 2749 1888 Ligy

237 1893 344 1923 ποτα
382 1896 445 1924 ου.
1369 1901 1374 1905 ·
1642 1891 1652 1902 ’
1687 1922 1697 1933 .

291 1897 410 1997 '‘V-A
424 1946 600 2009 ερτών,
652 1947 770 2001 πόλις
817 1947 1026 2011 Λιγύρων.
1095 1947 1388 2016 Ἀρτεμίδωρος
1441 1951 1481 1996 ἐν
1554 1891 1880 2002 flugloDertou
1891 1991 1903 2011 ,
1915 1961 2116 2015 Ligurum
2125 1961 2241 2007 urbs.
2257 1964 2547 2006 Artemidorus
2556 1966 2774 2023 inEpitom

237 2015 450 2081 Ἐπιτομῇ
471 2021 551 2064 τῶν
574 2018 648 2063 ια’·
666 2040 684 2058 ι
701 2018 792 2074 Τὴν
812 2017 1071 2077 καλουμένην
1091 2020 1285 2081 Δερτῶνα
1306 2019 1440 2068 πόλιν.
1459 2041 1478 2061 ¹·

236 2085 299 2134 Τὸ
322 2086 475 2133 ἕθνικὸν
498 2086 742 2151 Δερτώνιος,
760 2091 814 2139 ὡς
833 2086 1083 2148 Ἀντρώνιος.

298 2170 332 2200 ³.
367 2156 762 2217 Μαστραμέλη,
786 2155 903 2205 πόλις
923 2154 993 2199 καὶ
1016 2155 1142 2213 λίμνη
1160 2158 1234 2211 τ’ἥς
1255 2158 1473 2214 Κελτικῆς.

235 2220 529 2285 Ἀρτεμίδωρος
547 2222 589 2267 ἐν
613 2224 663 2284 τῇ
683 2220 890 2283 Ἐπιτομῇ
911 2225 990 2267 τῶν
1017 2220 1178 2268 ἕνδεκα.

296 2307 330 2337 4.
364 2297 550 2338 Marcion.
572 2299 625 2348 11,
653 2302 702 2337 19
733 2313 743 2337 ε
770 2293 859 2347 Τῆς
880 2289 960 2355 γὰρ
978 2290 1283 2353 Ναρὸωνησίας
1303 2293 1371 2340 τὸν
1396 2313 1470 2341 πε-

239 2360 407 2423 ρίπλουν
428 2362 469 2407 ἰν
499 2363 550 2423 τῇ
575 2362 754 2422 ἐπιτομῇ
781 2363 855 2416 τῆς
886 2360 1187 2424 Ἀρτεμιδώρου
1216 2364 1476 2427 γεωγραφίας

232 2428 325 2486 ἤτοι
346 2429 548 2493 περίπλου
569 2432 709 2493 σαφῶς
731 2427 994 2491 διεξήλθομεν
1011 2466 1023 2490 ,
1049 2430 1170 2477 εἶκαὶ
1186 2433 1207 2476 ὁ
1222 2431 1473 2495 προειρημέ-

168 2508 210 2537 ·.»ι,·
234 2517 297 2551 νος
317 2499 611 2563 Ἀρτεμίδωρος
632 2498 707 2556 τὴν
727 2498 925 2562 διαίρεσιν
939 2501 1021 2545 τῶν
1043 2502 1085 2546 ἐν
1103 2501 1187 2564 [τῇ
1211 2503 1476 2563 Κελτογαλα·

231 2566 299 2631 τία
314 2570 369 2621 ὥς
390 2568 462 2615 καὶ
480 2571 561 2615 τῶν
578 2570 619 2614 ἐν
639 2569 717 2631 τῇ]
729 2567 895 2632 Ἰὃηρίᾳ
915 2571 1126 2632 ἐπαρχιῶν
1142 2571 1215 2616 οὐκ
1230 2572 1472 2628 ἐποιήσατο.

293 2655 330 2686 ιι.
368 2647 423 2686 st.
454 2647 537 2687 Β..·
573 2638 821 2702 Νᾶρὸων,
854 2638 1051 2703 ἐμπόριον
1075 2640 1147 2686 καὶ
1174 2639 1293 2694 πόλις
1320 2643 1473 2689 Κελτι-

230 2707 321 2765 κή..
347 2707 587 2772 Μαρκιανὸς
606 2707 648 2754 δὲ
673 2707 983 2771 Ναρὸωνησίαν
1008 2708 1136 2766 αὐτήν
1158 2727 1297 2773 φησιν.

285 2868 574 2909 Artemidorus
604 2883 709 2923 opus
740 2882 863 2910 suum
894 2869 951 2910 ita
978 2868 1144 2919 divisit,
1172 2876 1219 2909 ut
1246 2867 1340 2909 libri
1371 2869 1475 2910 1-v1

228 2930 457 2984 Europam,
481 2929 576 2970 libri
594 2930 799 2970 VII-vm
821 2930 994 2985 Libyam
1009 2961 1020 2980 ,
1046 2930 1143 2971 libri
1170 2931 1312 2971 lx-xl
1333 2931 1472 2972 Asiam

224 2990 612 3047 complecterentur.
640 2993 694 3032 Et
712 2992 753 3032 in
774 2993 941 3047 Europa
963 2991 1131 3046 quidem
1157 2993 1208 3032 ab
1235 2993 1359 3034 Italiae
1380 2993 1472 3034 fini-

226 3053 304 3095 bus
318 3051 527 3109 profectus
537 3053 644 3095 libro
662 3055 684 3095 1
698 3053 872 3096 Galliam
887 3084 899 3105 ,
918 3053 1024 3095 libro
1040 3055 1082 3094 11
1099 3062 1139 3095 et
1164 3054 1418 3109 liklberiam
1431 3064 1472 3096 et

224 3131 317 3173 quae
351 3116 404 3159 ad
436 3131 640 3159 oceanum
677 3118 927 3174 Europaeum
966 3117 1174 3173 pertinent
1189 3147 1201 3165 ,
1236 3115 1465 3172 descripsit.

225 3178 387 3221 Deinde
407 3179 570 3222 rediens
593 3180 635 3221 in
659 3180 869 3221 internum
898 3194 1011 3221 mare
1027 3179 1135 3221 libro
1160 3180 1220 3220 IV
1244 3178 1403 3220 ltaliam
1428 3189 1468 3222 ct

224 3241 420 3298 Illyriam,
440 3242 554 3284 libris
572 3244 609 3283 V
632 3250 672 3284 et
691 3244 753 3283 VI
771 3243 990 3294 Graeciam,
1010 3240 1299 3284 Macedoniam
1323 3249 1363 3282 et
1382 3242 1471 3283 reli-

223 3304 364 3360 quand
370 3306 543 3347 Tanaim
554 3319 683 3362 usque
690 3313 965 3362 persequutus
971 3313 1047 3347 αἱ.
1061 3304 1190 3347 Libro
1200 3305 1283 3346 vn
1294 3302 1466 3360 Libyam

221 3368 411 3409 tractavit
433 3382 526 3423 quae
546 3375 606 3409 est
620 3366 674 3409 ab
702 3381 850 3409 occasu
873 3367 969 3409 solis
989 3380 1120 3423 usque
1135 3365 1188 3408 ad
1214 3365 1435 3422 AEgyptum
1451 3381 1463 3418 ς

159 3463 173 3473 .
222 3427 330 3471 libro
340 3430 444 3473 vm
459 3431 698 3487 AEgyptum,
715 3430 829 3471 sinus
851 3429 1018 3472 Arabici
1033 3429 1171 3480 litora,
1188 3427 1440 3484 :Ethiopiam
1450 3443 1463 3479 ς

222 3490 329 3535 libro
348 3494 412 3535 lx
434 3492 689 3535 Phoeuiciam
704 3523 716 3543 ,
738 3493 897 3549 Syriam
917 3500 959 3534 et
982 3492 1081 3534 hinc
1099 3492 1302 3533 orientem
1325 3503 1464 3532 versus

219 3553 298 3596 sita
332 3569 464 3613 usque
506 3554 559 3597 ad
591 3556 801 3610 Gaugem3
846 3554 952 3596 libro
984 3556 1027 3596 Χ
1060 3555 1199 3597 Asiam
1234 3554 1460 3604 minoreun

220 3613 327 3658 tibm
349 3618 411 3659 XI
434 3618 556 3659 Ponti
578 3616 675 3658 litus
693 3617 922 3659 Asiaticum
942 3625 984 3658 et
1012 3616 1124 3658 hisce
1144 3617 1294 3658 vicina.
1318 3616 1463 3658 Paucis

219 3675 400 3721 indicavi
435 3694 527 3735 quae
559 3678 775 3735 probanda
805 3678 1018 3735 fusiusque
1040 3678 1287 3736 exponenda
1304 3679 1462 3721 suntin

218 3738 456 3796 fragmentis
476 3741 746 3784 Artemidori.
979 3751 982 3755 ·

277 3814 317 3845 1.
342 3803 561 3861 Διγύρου
578 3805 595 3860 ]
619 3805 775 3846 Notum
795 3804 937 3847 Galliae
953 3805 1127 3847 fluvium
1147 3805 1329 3860 Ligerim
1352 3802 1461 3846 indi-

216 3879 311 3908 σοι-ο
343 3867 596 3924 Stephanus,
622 3869 760 3910 nescio
794 3882 846 3909 an
880 3883 931 3910 ex
954 3867 1238 3917 Artemidoro,
1272 3866 1456 3918 videtui-5

217 3926 322 3971 adeo
343 3937 390 3972 ut
411 3930 585 3986 Ligures
617 3945 713 3973 cum
743 3931 903 3973 Avieno
924 3932 1000 3974 Or.
1022 3946 1126 3974 mar.
1156 3932 1234 3972 133
1251 3931 1457 3973 Celtarum

183 4018 197 4027 .
218 4003 340 4032 nanu
362 3991 500 4047 pulsos
531 3994 571 4035 in
598 3993 729 4045 sedes,
753 4007 854 4049 quas
879 4003 1018 4050 postea
1039 3994 1298 4046 obtinebant.
1324 3992 1460 4035 immi-

1552 2026 1756 2069 librorum
1789 2027 1986 2070 undecim
2011 2042 2023 2073 ε
2055 2048 2072 2065 ι
2102 2031 2353 2082 Dertonem,
2385 2045 2511 2087 quam
2534 2042 2697 2086 vocant,
2723 2049 2752 2077 u

1549 2094 1658 2138 bem.
1689 2115 1706 2131 ι
1769 2096 1933 2138 Gentile
1951 2099 2176 2139 Dertouius
2190 2129 2201 2149 ‚
2223 2106 2270 2139 ut
2292 2098 2538 2142 Autronius.

1605 2164 1646 2205 3.
1678 2164 2016 2207 Mastramela
2029 2196 2041 2216 ‚
2060 2165 2213 2208 urbset
2228 2165 2340 2209 lacus
2358 2165 2535 2210 Celtice.
2559 2169 2748 2212 Artemid

1547 2245 1618 2272 rus
1633 2231 1677 2272 iu
1691 2231 1885 2294 Epitome
1899 2231 2104 2274 librorum
2127 2232 2337 2276 undecim.

1603 2303 1646 2350 4.
1676 2300 1941 2343 Narbonesiae
1982 2302 2190 2368 periplum
2227 2304 2271 2345 in
2313 2305 2508 2360 Epitome
2540 2307 2731 2351 Artemid

1546 2386 1802 2443 geographiae
1823 2400 1897 2428 seu
1917 2387 2065 2443 peripli
2085 2389 2303 2445 perspicue
2330 2390 2599 2446 exposuimus
2611 2405 2728 2449 {qua

1548 2485 1674 2527 quam
1689 2470 1883 2528 praesatus
1899 2472 2189 2515 Artemidorus
2204 2472 2451 2516 divisionem
2472 2474 2516 2517 in
2533 2461 2808 2532 Celtas-latin*

1547 2555 1653 2598 sicut
1678 2556 1721 2597 in
1742 2555 1876 2598 Iberia
1905 2557 2215 2612 provinciarum
2242 2571 2327 2599 nou
2343 2556 2454 2601 fecit.
2796 2564 2798 2566 ’

1605 2641 1645 2683 5.
1675 2641 1895 2683 Narbon
1910 2673 1922 2693 ,
1939 2643 2174 2699 emporium
2190 2650 2231 2684 et
2254 2641 2544 2694 Celticaurb33
2559 2597 2792 2703 Marci-nul

1548 2725 1641 2758 eam
1665 2710 1962 2754 Narbonesiam
1983 2710 2319 2765 (Narbonesioee
2334 2711 2349 2769 )
2367 2711 2483 2755 dicit.

1546 2882 1682 2923 grasse
1715 2868 1883 2912 dixerit.
1916 2868 2238 2925 Mythologicam
2281 2869 2462 2911 nominis
2500 2869 2655 2927 etymol
2710 2871 2721 2883 ⁸

1546 2930 1671 2973 habes
1699 2947 1765 2989 ap.
1792 2931 1982 2974 Eustath.
2008 2939 2049 2973 et
2070 2930 2201 2973 schol.
2222 2929 2275 2972 ad
2294 2931 2468 2989 Dionys.
2487 2931 2647 2989 Poeieg.
2674 2934 2761 2988 76.

1544 3017 1601 3025 —
1626 3007 1666 3035 2.
1693 2994 1915 3051 Δερτών]
1938 2994 2088 3050 Δίρθων
2113 3008 2180 3050 ap.
2205 2993 2382 3036 Strabon
2403 3007 2448 3051 p.
2473 3006 2583 3051 2173
2612 2993 2644 3036 Δ

1545 3056 1666 3111 vulgo
1684 3057 1867 3114 (Δέρτονα
1887 3066 1928 3099 et
1945 3057 2121 3114 Δήρτονα
2138 3054 2264 3099 codd.
2303 3056 2402 3099 boni
2426 3056 2499 3099 ΒΜ
2519 3069 2589 3113 ap.
2616 3051 2766 3101 wilh-³

1542 3131 1608 3173 ap.
1632 3118 1807 3161 Ptolem.
1827 3121 1904 3170 111,
1935 3132 1951 3159 1
1974 3133 2018 3174 p.
2049 3120 2142 3174 ¹78³
2168 3122 2238 3168 24,
2264 3118 2370 3160 sicut
2398 3120 2583 3160 Dertona
2599 3116 2710 3175 apud
2732 3117 2801 3161 ln*

1543 3180 1666 3231 tinos,
1688 3189 1733 3222 ut
1749 3182 1929 3223 Plinium
1948 3183 2025 3232 111,
2051 3195 2092 3235 7,
2110 3178 2255 3235 Vellej.
2278 3182 2313 3230 1,
2333 3179 2397 3229 15,
2419 3178 2517 3221 ltin.
2535 3192 2579 3235 p.
2600 3181 2682 3223 288

1541 3241 1676 3283 Hodie
1711 3246 1898 3284 Ter-tona.
1939 3244 1956 3297 ΙΙ
1988 3265 2045 3275 --
2081 3243 2270 3297 Δέρτουνα
2301 3238 2445 3292 oodd.;
2479 3239 2594 3297 quod
2623 3242 2732 3298 prim

1540 3305 1714 3345 mutavit
1736 3304 2015 3354 Cluverius,et
2037 3312 2147 3345 recte
2168 3302 2360 3359 quidem,
2381 3302 2414 3344 si
2439 3302 2635 3359 Stephani
2666 3303 2680 3347 l
2755 3310 2759 3311 ⁷

1538 3365 1695 3420 integer
1713 3373 1794 3417 est,
1819 3365 1932 3421 quod
1960 3366 2089 3422 possit
2117 3364 2370 3407 addubitari.
2403 3365 2420 3421 ΙΙ
2442 3388 2500 3398 -
2531 3365 2574 3408 3.
2598 3365 2638 3408 Μ

1538 3427 1664 3482 μίλλη
1687 3427 1863 3470 Aldinus
1894 3426 1990 3470 cod.
2022 3427 2087 3470 Cf.
2121 3428 2320 3470 Avienus.
2341 3428 2417 3469 Or.
2450 3441 2508 3470 m.
2529 3431 2607 3482 691
2630 3439 2641 3469 τ
2661 3440 2687 3470 ο

1534 3487 1633 3530 dum
1667 3490 1948 3532 Mastramela·
1977 3489 2166 3547 priscam
2201 3487 2379 3548 paludis
2392 3506 2408 3539 ,·
2451 3488 2610 3550 Plinius
2636 3489 2739 3544 111,

1535 3551 1622 3604 §34
1646 3565 1656 3593 ε
1686 3551 1806 3594 Ultra
1820 3551 1949 3607 fhssoe
1962 3550 2222 3595 caelthodano
2242 3555 2284 3595 C.
2308 3549 2427 3594 Mari
2439 3564 2556 3608 opem
2566 3559 2647 3595 een

1536 3613 1731 3668 migne-s,
1760 3625 1953 3669 stagnum
1987 3613 2260 3659 Mastramela
2283 3614 2355 3671 [et]
2387 3611 2585 3671 oppidum
2603 3615 2658 3657 A!
2711 3611 2725 3624 ⁰

1534 3692 1601 3718 ma
1621 3679 1663 3719 A
1670 3676 1911 3728 vaticanam.
1931 3687 2009 3720 etc.
2033 3676 2140 3719 Mela
2158 3677 2214 3727 11,
2240 3676 2280 3727 5,
2305 3679 2330 3726 Ι.
2357 3688 2368 3717 :
2392 3678 2511 3732 Iacet·-
2528 3689 2615 3718 eam
2637 3676 2656 3730 (

1533 3739 1663 3781 siliam
1684 3743 1701 3795 )
1720 3749 1759 3782 e!
1775 3739 2015 3783 Rhodanum
2039 3738 2261 3783 Maritima
2280 3737 2555 3781 Auaticorum
2579 3746 2651 3780 sta

1531 3802 1706 3845 obsidet.
1724 3805 1928 3847 Memorat
1943 3803 2098 3860 absque
2116 3803 2286 3844 nomine
2306 3800 2441 3843 lacum
2456 3798 2603 3844 Strabo
2614 3814 2659 3858 p.
2677 3812 2731 3844 αι’

1531 3865 1666 3907 Hodie
1689 3881 1787 3908 num
1807 3869 1858 3909 sit
1873 3870 1999 3920 ἐίσης
2013 3865 2063 3908 de
2093 3864 2303 3918 Mar-tigne
2317 3878 2390 3907 seu
2412 3863 2462 3906 de
2476 3866 2595 3906 Bere-e
2617 3861 2681 3906 vel
2731 3914 2733 3918 ι

1531 3928 1612 3969 tius
1634 3931 1760 3982 εἠιιῃ,ν
1778 3929 1828 3970 de
1844 3933 2029 3980 Car-ome,
2057 3928 2106 3970 lis
2134 3935 2210 3969 est.
2235 3925 2345 3968 Vide
2364 3926 2473 3967 viros
2494 3923 2639 3968 doctos
2666 3938 2695 3982 q

1534 3991 1671 4033 laudat
1697 3991 1828 4033 Uimi-t
1849 3993 1907 4041 Π,
1942 4003 1983 4041 2,
2011 4003 2054 4046 p.
2095 3992 2192 4040 [ρο.
2226 3990 2242 4043 n
2280 4012 2336 4021 —
2361 3987 2398 4031 5.
2419 3983 2729 4044 Νιιιρὸιιινηιιί·4
