2756 4354
101 196 134 237 ⁴
499 214 546 259 o

928 176 1236 227 BANNoMs
1270 173 1819 224 calt‘ruAmNmNsls

102 332 333 392 τιμήσαμεν
363 329 521 378 codex,
553 342 636 369 em.
665 326 783 368 editt.
805 323 1001 380 Apposite
1022 320 1199 374 Klugius
1220 327 1336 362 notat

103 397 240 440 hacce
261 408 272 436 z
299 414 317 431 ι
340 394 474 449 Supra
500 392 651 432 nanno
668 388 773 429 dixit
793 386 995 439 ἔκτίσαμεν
1018 383 1175 437 πρώτην
1202 381 1334 433 πόλιν,

102 458 185 501 hoc
202 457 294 500 loco
315 454 596 508 κατωκίσαμεν.
619 450 768 497 Kretea
797 455 858 488 est
879 443 1074 494 condere,
1104 444 1335 492 κατοικίζειν

104 528 166 562 est
185 518 332 562 urliem
354 499 511 559 colonis
532 514 804 568 frequentare.
826 509 957 561 Igitur
973 506 1063 548 bec
1080 505 1235 563 oppida
1249 505 1336 563 jam

103 581 271 625 condita
290 587 407 622 erant
425 592 450 619 a
468 573 731 619 Pboenicibus
759 572 772 626 (
791 571 863 626 qui
887 569 987 611 olim
1010 569 1056 611 in
1076 568 1143 611 bis
1160 570 1339 624 regioni-

22 631 36 643 ‘
103 644 183 687 bus
202 643 317 686 sedes
337 641 631 683 collocaverant
648 635 686 691 ),
718 642 759 674 et
782 646 894 674 nunc
915 631 968 673 ab
990 633 1198 674 Hannone
1219 633 1338 674 novis

104 714 263 748 tantum
281 702 448 745 advenis
473 697 764 754 implebantur.
783 696 971 750 Utraque
990 695 1104 736 enim
1132 707 1198 735 res
1218 707 1340 735 voca-

105 768 205 810 bulo
222 768 361 814 κτίζειν
376 762 638 818 exprimitur,
659 759 716 800 ita
737 766 876 799 tamen
891 766 939 799 ut
956 758 1110 799 Hanno
1129 757 1250 798 initio
1265 758 1338 798 Pe·

103 830 196 885 ripli
225 830 303 870 boc
330 823 528 866 vocabulo
565 820 752 876 gencrale
786 821 903 876 quasi
936 819 1155 861 consilium
1187 819 1339 860 consti-

105 891 353 935 tuendorum
374 885 624 943 oppidorum
654 882 824 932 iudicet,
851 883 932 924 boc
956 890 1095 924 autem
1121 881 1213 923 loco
1238 895 1339 943 voce

102 955 327 1001 κατοικίζειν
358 950 566 992 restitutas
601 960 688 987 esse
719 946 909 1001 antiquas
943 944 1189 991 Pboenicum
1211 943 1337 985 urboe

106 1019 222 1060 novis
241 1015 397 1057 colonis
413 1009 700 1054 immittendis.
722 1011 783 1050 Ex
799 1008 963 1064 Periplo
977 1015 1090 1064 patet
1101 1021 1234 1048 unum
1250 1014 1339 1048 tan-

104 1089 191 1121 tum
211 1090 366 1119 novum
388 1072 606 1131 oppidum,
639 1071 970 1127 Thymiaterion,
997 1083 1085 1111 esse
1102 1067 1336 1120 conditum,

100 1150 337 1195 ceterasque
354 1137 478 1179 urbes
497 1150 582 1177 non
600 1136 645 1176 in
663 1133 893 1176 condendis
913 1133 1044 1174 sedin
1062 1132 1242 1174 conditis
1259 1146 1338 1173 nu-

101 1202 332 1252 merandas,
353 1214 476 1256 quem
499 1212 665 1240 sensum
682 1197 904 1238 verborum
925 1203 1117 1237 accurata
1140 1196 1339 1252 interpre-

99 1264 201 1304 tatio
218 1263 388 1318 flagitat.
420 1264 564 1314 Quum
588 1261 700 1302 enim
719 1260 871 1301 Hanno
892 1258 1070 1314 primam
1101 1256 1248 1298 urbem
1269 1271 1339 1298 ex·

100 1334 291 1376 strueret,
304 1324 405 1367 dicit
425 1337 435 1365 :
460 1323 597 1374 ἥντινα
614 1322 875 1377 ὠνομάσαμεν
893 1319 1168 1376 Θυμιατήριον.
1195 1321 1338 1372 Quum

100 1388 144 1429 in
166 1401 327 1429 recessu
352 1384 566 1441 cujusdam
588 1386 703 1426 sinus
723 1397 892 1439 parvam
927 1381 1102 1423 insulam
1122 1382 1340 1436 reperisset

99 1449 327 1505 incolisque
347 1448 658 1503 frequentasset,
683 1446 780 1486 item
802 1443 907 1484 dicit
931 1456 941 1484 ε
967 1443 1104 1494 ἥντινα
1127 1442 1338 1498 ὠνομάσα-

103 1526 173 1567 μεν
192 1511 351 1566 Κέρνην.
376 1516 430 1551 At
455 1509 534 1550 boc
553 1509 644 1550 loco
661 1521 785 1563 quem
806 1514 1029 1547 tractamus
1046 1506 1196 1561 legitur
1214 1519 1223 1546 :
1245 1520 1338 1547 κατ-

98 1573 295 1629 ῳκίσαμεν
329 1572 460 1620 πόλεις
481 1570 795 1625 καλουμένας
829 1568 993 1623 Καρικόν
1023 1582 1065 1610 τε
1102 1571 1246 1623 τεῖχος
1275 1568 1341 1610 καὶ

99 1634 246 1688 rem-o
268 1635 376 1686 κτλ,;
406 1642 447 1676 et
473 1632 596 1689 paulo
626 1632 733 1673 infra
766 1645 776 1672 ε
816 1632 903 1686 ὄρος
928 1630 1103 1686 ἐφαίνετο
1138 1632 1337 1687 μέγιστον,

40 1745 45 1749 y
100 1697 209 1740 Θεῶν
228 1698 364 1753 ὄχημα
387 1696 645 1751 καλούμενον,
671 1704 711 1735 et
742 1695 783 1735 in
803 1702 989 1735 extremo
1019 1693 1183 1750 Periplo
1209 1707 1219 1735 :
1252 1693 1339 1750 ἀφι-

101 1761 249 1816 κόμεθα
266 1759 316 1808 εἰς
335 1758 481 1800 κόλπον
502 1758 629 1799 Νότου
644 1759 752 1812 κέρας
765 1757 1019 1812 καλούμενον.
1039 1758 1130 1799 Hoc
1144 1771 1229 1798 non
1247 1766 1308 1798 est
1327 1770 1337 1799 :

101 1837 223 1865 mons
237 1822 483 1865 cernebatur
499 1835 623 1877 quem
645 1819 959 1877 appellabamus
978 1819 1126 1861 Theon
1149 1818 1337 1870 ochema,

100 1884 175 1928 sed
191 1886 264 1942 qui
285 1884 592 1943 appellabatur,
614 1884 681 1923 cui
706 1882 785 1923 hoc
808 1896 959 1923 nomen
981 1881 1067 1937 jam
1090 1890 1200 1932 erat;
1228 1881 1341 1923 ideo·

101 1962 184 2004 que
197 1948 464 2004 κατῳκίσαμεν
479 1946 609 1994 πόλεις
620 1945 857 2000 καλουμένας
869 1945 1032 2000 Καρικόν
1048 1959 1088 1986 τε
1103 1946 1236 2000 τεῖχος
1249 1944 1336 1986 κτλ.

103 2010 208 2053 nibil
228 2009 339 2053 aliud
376 2008 578 2063 significat
598 2020 757 2063 quam:
791 2006 1056 2057 incoluimus,
1094 2007 1123 2047 i.
1158 2020 1197 2047 e.
1229 2007 1339 2047 inve-

101 2074 240 2115 nimus
266 2081 307 2114 et
336 2072 453 2113 novis
476 2069 620 2112 incolis
653 2069 1004 2125 frequentavimus
1033 2068 1157 2110 urbes
1188 2069 1341 2125 quibus

95 2134 184 2191 jam
203 2149 355 2177 nomen
376 2142 463 2176 erat
487 2133 651 2188 Καρικόν
673 2147 714 2174 τε
734 2137 866 2187 τεῖχος
892 2140 972 2173 etc.
1001 2131 1015 2188 (
1034 2133 1157 2173 Nunc
1177 2133 1339 2187 egregie

101 2198 501 2253 Carthaginiensium
539 2196 760 2238 artificium
799 2195 1054 2250 intelligitur,
1096 2194 1211 2251 quod
1254 2210 1340 2238 non

101 2274 316 2315 germanos
345 2261 510 2309 Poenos,
540 2257 612 2300 sed
647 2258 964 2314 Libyphoenices
993 2257 1044 2299 ad
1071 2257 1185 2299 hunc
1214 2258 1340 2300 finem

100 2321 410 2379 exsequendum
429 2321 640 2376 elegerint,
658 2322 729 2376 qui
746 2329 829 2362 tam
846 2321 1111 2363 Phoenicibus
1129 2321 1202 2362 has
1216 2321 1341 2363 urbes

101 2384 379 2427 habitantibus
409 2398 533 2439 quam
560 2382 700 2438 Libyae
719 2383 883 2439 populis
909 2383 1102 2439 inprimis
1120 2392 1254 2425 essent
1274 2398 1341 2426 ac-

101 2449 208 2504 cepti
234 2456 357 2503 atque
389 2446 581 2503 affines.)
606 2447 700 2488 Non
734 2446 855 2488 video
888 2461 964 2488 cur
995 2461 1080 2487 non
1105 2447 1226 2488 verba
1257 2451 1282 2502 ἓ
1319 2463 1337 2491 1

102 2519 352 2560 memorata,
383 2509 514 2557 πόλεις
539 2510 697 2558 κτίζειν,
726 2509 776 2550 ad
806 2510 892 2551 haec
925 2523 1091 2564 quoque
1123 2510 1277 2566 oppida
1300 2521 1341 2554 et

102 2572 301 2614 coloniam
322 2573 363 2613 in
379 2571 509 2613 insula
520 2571 653 2614 Cerne
669 2571 881 2613 fundatam
896 2572 1036 2613 referri
1055 2574 1227 2627 possint,
1248 2574 1342 2616 licet

104 2649 186 2676 una
219 2642 377 2675 tantum
412 2649 516 2674 nova
546 2634 645 2675 urbs
664 2635 716 2674 sit
750 2634 916 2675 condita
949 2642 989 2675 et
1026 2635 1342 2690 Libyphoenices

105 2694 232 2738 modo
248 2710 342 2736 cum
363 2696 567 2737 veteribus
586 2696 851 2738 Phoenicibus
874 2698 915 2737 in
941 2711 1069 2737 unum
1091 2697 1334 2743 coaluerint.

104 2762 242 2812 Quam
260 2757 451 2800 callidum
466 2758 864 2812 Carthaginiensium
883 2759 1005 2801 suerit
1023 2760 1232 2814 ingenium
1256 2763 1342 2805 elu-

104 2829 170 2863 cet
190 2835 239 2862 ex
263 2821 343 2862 hoc
373 2821 545 2862 consilio
568 2823 836 2874 navigationis
869 2831 1005 2878 capto,
1037 2837 1123 2878 quo
1152 2823 1202 2864 ad
1230 2840 1342 2868 com-

105 2884 304 2926 mercium
334 2883 668 2939 amplificandum
689 2892 728 2925 et
746 2883 964 2925 tutandum
989 2893 1099 2926 tanta
1123 2885 1339 2930 hominum

105 2945 370 2988 multitudine
386 2955 540 2988 veteres
556 2947 736 2988 colonias
757 2948 797 2987 in
819 2947 882 2987 his
898 2947 1132 2999 regionibus
1154 2948 1342 3005 frequen·

105 3015 240 3052 tarent
275 3018 317 3051 et
337 3010 454 3065 quasi
484 3008 738 3063 subigerent.
766 3008 934 3050 Accedit
964 3008 1075 3063 quod
1100 3009 1227 3051 AElius
1251 3014 1342 3053 Ari-

104 3069 231 3113 stides
260 3079 365 3114 tom.
392 3073 450 3122 Il,
474 3086 517 3127 p.
542 3074 623 3127 474
640 3070 708 3113 cd.
732 3070 878 3112 Dinds.
900 3084 909 3111 ζ
938 3071 1196 3126 Καρχηδόνιοι
1215 3073 1254 3115 δὲ
1279 3074 1341 3116 ἔκ-

105 3131 337 3182 ald-omme
360 3131 432 3181 ἔξω
454 3130 646 3188 Γαδείρων
665 3133 731 3174 καὶ
753 3132 818 3180 τὰς
841 3132 880 3174 ἰν
910 3135 991 3180 τοῖς
1011 3132 1165 3188 ἐρήμοις
1181 3137 1246 3186 τῆς
1276 3138 1341 3176 m-

106 3195 198 3248 δύης
222 3194 354 3244 πόλεις
385 3194 683 3244 οἰκίσαντες.
717 3196 784 3237 Sic
801 3195 912 3236 enim
934 3194 1058 3237 habet
1090 3195 1220 3237 codex
1257 3197 1283 3238 l*
1302 3207 1339 3240 et

105 3258 305 3300 Canterus
333 3272 412 3314 pro
430 3258 589 3313 vulgata
612 3257 786 3299 lectione
801 3256 1039 3310 οἰκήσαντες.
1062 3259 1234 3313 Egregie
1255 3259 1342 3302 haec

105 3321 390 3376 interpretatio
399 3320 600 3377 probatur
609 3320 730 3363 Plinii
747 3320 897 3371 verbis,
914 3321 1011 3376 qui(
1028 3322 1084 3371 V,
1103 3334 1119 3362 1
1142 3321 1156 3378 )
1173 3321 1258 3364 illas
1269 3337 1341 3365 ur·

107 3381 195 3433 ba,
211 3396 313 3437 quas
329 3397 453 3439 supra
475 3385 811 3434 memoravimus,
830 3382 1009 3425 incultas
1032 3382 1147 3436 [lmec
1165 3398 1249 3426 ναι·
1263 3400 1341 3427 noa

106 3453 169 3486 ese
185 3444 228 3486 ia
251 3445 383 3487 Plinii
407 3446 492 3487 lom
504 3448 519 3500 1
532 3446 630 3488 etab
645 3447 849 3488 Hannone
867 3445 1054 3488 conditas
1075 3461 1163 3489 esse
1182 3457 1337 3491 narrat.

51 3518 53 3520 ·
87 3506 173 3565 „Ra
190 3514 275 3549 tota
287 3516 423 3549 autem
440 3509 718 3565 descriptione
739 3508 953 3551 evidenter
973 3508 1247 3553 demonstrari
1267 3522 1341 3568 po·

100 3560 188 3613 &nt
212 3567 321 3611 banc
353 3571 670 3624 navigationem,
705 3586 834 3627 quum
858 3573 919 3613 via
941 3571 1211 3629 locorumque
1238 3575 1341 3616 situs

105 3629 304 3675 manuni
324 3644 454 3687 usque
474 3632 525 3673 ad
544 3634 705 3674 Cernen
738 3649 820 3675 non
842 3635 1048 3689 incognita
1067 3635 1234 3687 suerint,
1255 3651 1339 3679 non

104 3692 284 3750 primm
308 3692 445 3744 fuisse,
466 3694 536 3735 sed
557 3696 694 3747 potius
711 3697 942 3751 repetitam,
968 3711 1123 3739 novum
1147 3712 1245 3740 vero
1264 3700 1343 3741 iter

106 3754 318 3813 inceptum
338 3755 394 3798 ab
414 3756 546 3798 insula
567 3758 700 3799 Cerne
712 3766 754 3799 et
777 3757 829 3798 ad
845 3766 1073 3800 extremum
1098 3769 1341 3814 promonto-

107 3818 218 3860 rium
244 3831 388 3861 veram
414 3826 600 3861 austrum
632 3834 718 3861 ase
749 3821 1051 3862 continuatum.
1082 3822 1340 3866 Narrationis

107 3879 287 3924 brevitas
298 3889 340 3924 et
349 3883 573 3925 Poenorum
588 3881 939 3938 cauta'prudentia
952 3884 1090 3925 omisit
1101 3886 1238 3926 omnin
1248 3900 1341 3941 quaa

108 3942 354 3999 singuhnm
370 3943 555 3987 locorum
571 3952 760 3987 naturam
774 3952 816 3986 et
831 3954 1070 3988 mercatura!
1086 3947 1216 3989 sontes
1226 3947 1340 3990 dete·

108 4015 393 4063 geoepossent.
414 4027 432 4045 ι
452 4008 624 4050 Kanum
636 4008 729 4051 Jam
746 4006 860 4064 quod
873 4007 995 4051 urbes
1014 4008 1100 4051 illas
1113 4011 1274 4063 attinet,
1291 4024 1341 4052 ex

1407 320 1560 377 Peripli
1578 323 1709 364 nostri
1724 322 1860 365 verbis
1878 323 2131 366 boetantum
2142 333 2269 381 patet,
2286 328 2383 368 sitas
2396 326 2522 370 fuisse
2538 303 2651 375 unffi

1407 380 1623 438 junensem
1641 385 1852 439 regionem
1867 394 1909 427 et
1928 387 2080 428 Lixum
2095 386 2285 429 fluvium.
2307 390 2492 444 Uterque
2507 375 2669 441 termi-

1410 459 1490 487 nus
1506 446 1604 487 satis
1626 455 1817 489 accurate
1838 456 1974 504 potest
2002 446 2183 491 definiri.
2210 450 2326 492 Alter
2346 451 2565 507 ponendus
2585 461 2652 497 eat
2670 466 2682 502 ζ

1411 508 1453 549 in
1484 508 1697 550 montibus
1720 511 1793 565 qui
1813 509 2055 566 paludosam
2071 512 2281 565 regionem
2301 527 2324 555 a
2348 514 2521 556 meridie
2538 514 2649 559 clau.-
2678 507 2681 512 ⁸
2700 537 2701 541 ¹

1410 568 1534 620 dunt,
1564 585 1753 627 quosque
1771 572 1961 628 proxime
1980 572 2135 627 exeipit
2162 572 2324 628 Tensise
2346 574 2478 627 fluvii,
2501 590 2525 618 a
2546 585 2645 620 vett.

1410 632 1597 675 Phthuth
1628 633 1691 675 vel
1713 634 1823 676 Phut
1845 634 1908 675 vel
1930 635 2011 676 Fut
2030 633 2257 690 (Ptolem.,
2277 637 2447 693 Ioseph.
2476 641 2576 681 Ant.
2604 642 2649 683 J.
2688 640 2690 642 ’

1410 695 1447 744 1,
1467 698 1510 745 6,
1534 695 1642 737 Plin.
1662 697 1719 747 V,
1748 709 1765 737 1
1787 695 1801 752 )
1823 697 2043 746 nominati,
2063 697 2233 739 ostium.
2267 699 2417 741 Lixum
2451 714 2549 743 vero
2573 700 2650 744 bo-

1410 755 1604 799 diernum
1621 771 1709 799 esse
1727 761 1844 799 Draa
1856 758 2030 799 fluvium
2046 757 2099 800 ad
2109 760 2276 802 Saliam·
2291 762 2456 804 initium
2474 763 2517 804 in
2537 778 2651 807 inane

1410 827 1630 861 exeuntem
1653 821 1743 876 ipso
1776 820 1940 876 Periplo
1971 814 2293 864 luculentissime
2325 823 2647 871 demonstratur.

1410 881 1506 922 Orae
1528 881 1744 936 longitudo
1758 896 1782 923 a
1807 881 1969 937 Teasist
1982 882 2036 925 ad
2054 886 2173 925 Draa
2187 886 2272 927 sive
2299 888 2450 929 Lixum
2477 890 2651 934 fluvium

1410 942 1641 985 stadiorum
1661 953 1724 986 est
1736 945 1901 986 circiter
1912 948 2038 998 2600,
2056 946 2208 1002 quibus
2222 950 2515 1004 per-metiendis
2529 954 2653 1009 quin·

1410 1019 1493 1061 que
1509 1006 1571 1048 vel
1586 1021 1656 1048 sex
1680 1008 1954 1062 navigationis
1967 1007 2056 1050 dies
2077 1008 2215 1051 classis
2233 1012 2388 1054 Punica
2406 1028 2651 1060 consumere

1410 1067 1602 1111 debebat.
1634 1070 1940 1112 Convenienter
1974 1071 2119 1128 Scylax
2153 1087 2178 1114 a
2208 1073 2398 1117 Soloente
2429 1090 2566 1132 prom.
2597 1080 2653 1122 ad

1413 1131 1563 1174 Lixum
1577 1133 1749 1174 fluvium
1766 1141 1923 1189 septem
1938 1132 2027 1175 dies
2038 1142 2222 1190 exputat.
2241 1137 2379 1178 Prima
2394 1138 2520 1193 igitur
2532 1141 2650 1194 urbe,

1414 1194 1443 1235 l(
1456 1210 1511 1251 αρ
1526 1211 1571 1237 ικ
1585 1196 1607 1237 δ
1625 1212 1644 1237 ν
1670 1212 1691 1238 τ
1705 1199 1847 1252 εῒχος
1862 1228 1873 1248 ,
1894 1198 1927 1238 si
1948 1197 2074 1239 verba
2094 1198 2245 1254 Peripli
2268 1213 2446 1255 premas,
2471 1201 2523 1244 ad
2551 1207 2653 1247 Ten·

1409 1257 1490 1312 sis!
1505 1259 1678 1301 fluvium
1695 1259 1757 1301 vel
1768 1268 1878 1301 certe
1893 1259 2005 1301 baud
2020 1260 2140 1315 longe
2159 1260 2257 1303 inde
2276 1261 2382 1304 soret
2395 1263 2650 1311 collocanda.

1411 1321 1537 1363 Novit
1566 1322 1713 1364 urbem
1743 1323 1937 1378 Ephorus
1970 1337 2038 1379 ap.
2074 1323 2270 1380 Stephan.
2306 1327 2404 1382 Byz.
2443 1341 2453 1369 :
2486 1327 2652 1386 Καρικὸν

1411 1385 1558 1439 τεῖχος,
1580 1385 1692 1434 πόλις
1713 1385 1851 1438 mensu<
1874 1385 1913 1427 ἑν
1930 1384 2111 1442 ἀριστερᾷ
2124 1391 2200 1428 τῶν
2223 1385 2461 1443 Ἡρακλείων
2479 1391 2650 1445 στηλῶν,

1410 1445 1462 1494 ὡς
1491 1446 1657 1503 Ἔφορος
1678 1449 1846 1505 πέμπτῃ.
1874 1450 1936 1489 De
1964 1450 2134 1490 nomine
2169 1450 2399 1492 Bochartus
2425 1465 2435 1494 ε
2464 1473 2481 1488 ι
2518 1454 2658 1497 Fallor

1410 1522 1462 1549 an
1481 1508 1645 1565 Καρικὸν
1666 1513 1813 1565 τεῖχος,
1835 1525 1975 1552 marus
1993 1511 2176 1560 Car-icus,
2198 1514 2335 1554 Poenis
2353 1523 2441 1556 erat
2457 1526 2552 1566 own
2574 1529 2651 1587 ἾφΡ

1413 1570 1494 1611 Kt'r
1530 1572 1686 1622 chares,
1719 1587 1860 1614 mitras
1896 1572 2028 1623 Solis,·
2057 1572 2174 1628 cujus
2208 1576 2388 1617 nominis
2421 1578 2568 1621 urbem
2608 1582 2651 1623 in

1410 1633 1605 1676 Moabitis
1627 1643 1829 1677 memorat
1850 1636 1973 1677 lsaias
1995 1639 2061 1687 16,
2091 1650 2106 1678 1
2120 1650 2155 1677 ι.
2178 1656 2194 1673 ι
2215 1637 2294 1679 Sed
2315 1638 2402 1681 haec
2420 1641 2653 1697 respuenda

1411 1709 1498 1737 esse
1516 1711 1730 1740 censemus
1748 1712 1844 1740 cum
1864 1698 1953 1739 aliis
1980 1698 2184 1754 plurimis.
2221 1700 2383 1742 Nomen
2414 1716 2527 1745 mere
2552 1718 2657 1759 grae-

1412 1772 1508 1800 cum
1522 1768 1600 1812 oet,
1621 1774 1755 1817 neque
1767 1762 1809 1802 in
1826 1761 1890 1803 his
1904 1761 2005 1802 locis
2023 1760 2215 1803 offendit.
2234 1763 2374 1814 Caroe,
2389 1766 2652 1811 notissimum

1412 1830 1631 1865 nautarum
1653 1832 1695 1866 et
1713 1825 2064 1866 mercenariorum
2094 1823 2254 1879 vulgus,
2286 1840 2383 1868 cum
2405 1827 2653 1873 Phoenicum

1413 1885 1742 1939 navigationibus
1759 1886 2014 1942 coloniisque
2032 1887 2296 1930 multifariam
2311 1889 2522 1946 conjuncti
2537 1901 2650 1946 sunt,

1413 1954 1458 1987 ut
1476 1948 1614 2003 prisco
1628 1963 1716 1991 aevo
1736 1962 1819 1990 una
1841 1962 1936 1990 cum
1957 1948 2033 1990 illis
2059 1950 2101 1990 in
2117 1949 2406 1993 diversissimis
2428 1954 2554 1995 maris
2569 1968 2659 1997 me—

1412 2007 1635 2052 diterranei
1654 2011 1860 2067 Pontique
1877 2010 2116 2065 regionibus
2137 2021 2375 2055 occurrant.
2410 2015 2474 2056 De
2500 2016 2658 2072 quibus-

1413 2070 1542 2114 multa
1570 2073 1722 2129 passim
1744 2073 1915 2129 exponit
1941 2075 2173 2116 Moversius
2192 2074 2221 2116 l.
2243 2074 2272 2117 l.
2294 2089 2337 2131 p.
2369 2090 2433 2131 ¹7·
2458 2079 2528 2132 78.
2551 2092 2650 2123 212.

1414 2147 1510 2189 227.
1535 2138 1634 2186 241.
1670 2138 1768 2186 246.
1800 2136 1899 2178 258.
1930 2137 2029 2178 263.
2054 2138 2152 2180 288.
2178 2138 2274 2180 306.
2305 2139 2402 2180 318.
2437 2140 2518 2183 550
2549 2156 2642 2199 sqq.

1411 2196 1592 2239 Eosdem
1617 2199 1742 2239 etiam
1758 2198 1802 2239 in
1820 2197 2014 2240 occiduas
2028 2206 2158 2241 terras
2175 2198 2331 2242 delatos
2344 2215 2431 2243 esse
2448 2203 2534 2246 sive
2552 2219 2654 2248 nau·
2722 2205 2728 2215 '
2749 2190 2756 2269 ἰ

1413 2267 1475 2301 tas
1499 2261 1586 2304 sive
1602 2261 1895 2311 mercenarios,
1915 2274 2020 2316 quos
2038 2260 2225 2317 undique
2241 2263 2502 2307 conscribere
2531 2266 2658 2310 th-

1413 2323 1525 2364 nicos
1539 2322 1741 2374 solebant,
1754 2331 2079 2365 consentaneum
2097 2331 2173 2375 est,
2190 2325 2418 2380 praesertim
2433 2335 2654 2386 postquam

1412 2385 1622 2443 prioribus
1643 2384 1811 2427 sedibus
1832 2393 2039 2427 crescente
2057 2387 2299 2429 Graecomm
2320 2390 2506 2444 potentia
2535 2390 2666 2448 ejecti.

1413 2455 1563 2489 essent.
1599 2448 1794 2489 Proxime
1827 2462 1926 2490 vero
1955 2447 2009 2490 ad
2042 2462 2118 2489 nos
2153 2450 2334 2505 pertinet
2368 2451 2483 2507 quod
2520 2454 2656 2497 Ptole-

1414 2523 1542 2550 maeus
1566 2512 1644 2559 IV,
1667 2514 1692 2551 6
1712 2524 1753 2566 p.
1786 2511 1865 2565 ²95
1883 2510 2040 2561 With„
2065 2510 2189 2553 babet
2211 2525 2220 2553 :
2249 2510 2470 2555 Ἐλάσσονα
2491 2515 2533 2558 δέ
2558 2514 2654 2559 εἰσιν

1416 2571 1507 2625 ἔθνη
1528 2573 1592 2613 καὶ
1611 2574 1818 2628 κατέχουσι
1836 2573 1884 2614 τὰ
1908 2573 1976 2630 μὲν
1998 2573 2060 2616 ἐπὶ
2078 2576 2128 2631 τῇ
2147 2573 2322 2630 θαλάσσῃ
2354 2575 2450 2632 μετὰ
2468 2574 2538 2630 τὴν
2562 2578 2654 2621 Γαι-

1414 2634 1571 2676 τουλίαν
1595 2634 1815 2676 Αὗτολάλαι
1838 2636 1903 2677 καὶ
1930 2636 2121 2693 Σιράγγαι
2143 2635 2209 2677 καὶ
2241 2636 2282 2678 Μ
2297 2637 2516 2681 αὗσωλοι
2539 2641 2654 2697 μέχρι

1414 2701 1483 2739 τοῦ
1505 2698 1579 2739 M&
1597 2714 1615 2739 ν
1629 2699 1742 2754 δρου
1770 2700 1892 2753 ὄρους.
1918 2700 2053 2755 Igitur
2076 2699 2315 2754 regionibus
2337 2701 2379 2742 in
2402 2701 2555 2758 quibus
2576 2718 2654 2747 nos

1407 2759 1495 2816 jam
1519 2775 1731 2802 versamur
1761 2762 1974 2804 Mausolos
1995 2760 2198 2804 vindicari
2221 2762 2351 2815 vides,
2373 2778 2459 2820 quo
2484 2767 2655 2810 nomine

1413 2825 1538 2866 Cares
1564 2825 1781 2879 significari
1805 2834 1977 2872 testatur
2002 2826 2233 2882 Stephanus
2262 2829 2359 2883 Byz.
2391 2843 2426 2870 s.
2452 2842 2493 2871 v-
2522 2831 2660 2873 Porro

1415 2887 1595 2942 Μάνδρας
1617 2902 1768 2929 nomen
1790 2903 1877 2929 csse
1897 2887 1964 2929 dei
1988 2889 2139 2941 Carici,
2171 2898 2211 2931 et
2235 2891 2276 2931 in
2301 2890 2554 2945 regionibus,
2578 2893 2655 2938 ubi

1414 2951 1538 2991 Canes
1561 2951 1815 3001 habitabant,
1840 2952 1988 3007 saepius
2006 2951 2261 3008 deprehendi
2283 2954 2512 2996 Movemius
2537 2963 2654 3000 notat

1414 3011 1579 3054 laudato
1597 3015 1823 3054 Letronnio
1839 3014 1881 3054 in
1897 3014 2073 3054 Journal
2086 3013 2156 3055 des
2170 3024 2346 3056 savants
2371 3018 2491 3066 1846,
2508 3029 2551 3072 p.
2575 3030 2652 3060 ιη

1414 3089 1504 3129 sqq.
1534 3078 1608 3115 118
1628 3090 1718 3130 sqq.
1744 3079 1883 3128 Quare
1907 3074 2071 3129 Καρικὸν
2094 3078 2226 3130 τεῖχος
2245 3076 2324 3117 hoc
2351 3076 2442 3118 loco
2464 3091 2548 3119 non
2568 3093 2658 3122 ma—

1414 3138 1475 3190 gis
1506 3139 1707 3178 miramur
1738 3152 1862 3193 quam
1907 3138 2071 3193 Καρικὸν
2103 3140 2143 3178 in
2179 3138 2420 3194 Memphide
2460 3139 2652 3196 AEgyptia

1417 3200 1430 3254 (
1454 3214 1491 3240 v.
1521 3200 1661 3256 steph.
1693 3202 1787 3254 Byr..
1826 3215 1859 3240 s.
1887 3214 1925 3240 v.
1947 3200 1977 3255 ).
2011 3201 2095 3241 Sita
2117 3214 2204 3241 esse
2224 3199 2322 3241 urbs
2340 3199 2477 3252 dehet,
2501 3210 2547 3244 ut
2562 3201 2652 3258 Jam

1415 3263 1575 3312 monui,
1593 3276 1721 3317 prope
1751 3261 1909 3314 Tentis!
1939 3263 2023 3302 sive.
2048 3262 2230 3303 Phthuth
2266 3263 2454 3305 fluvium.
2485 3265 2533 3306 In
2553 3266 2654 3309 Pto-

1413 3324 1556 3366 lemoeo
1575 3326 1650 3375 lV,
1681 3337 1716 3375 ι,
1738 3338 1780 3380 p.
1804 3326 1887 3366 250
1902 3326 2007 3365 inter
2025 3326 2175 3367 ostium
2197 3323 2319 3380 hujus
2341 3327 2473 3367 amnis
2492 3341 2653 3383 peram·

1412 3386 1468 3444 pli
1499 3387 1599 3443 (30⁰
1627 3386 1694 3429 30'
1721 3387 1858 3442 latit.)
1890 3395 1929 3428 et
1962 3387 2195 3429 Soloentem
2228 3401 2363 3443 prom.
2405 3388 2515 3444 (31⁰
2551 3389 2648 3449 15')

1413 3464 1523 3492 unus
1532 3458 1692 3492 tantum
1706 3449 1819 3491 locus
1830 3450 2001 3506 ponitur
2013 3449 2050 3490 Μ
2061 3466 2082 3490 υ
2094 3464 2147 3491 σο
2158 3466 2181 3491 κ
2194 3451 2246 3505 ἀρ
2256 3465 2304 3499 ας
2314 3450 2434 3506 λιμήν
2446 3452 2537 3508 (30⁰
2547 3451 2648 3511 50⁹),

1413 3527 1538 3569 quem
1558 3513 1736 3555 eundem
1756 3528 1842 3554 esse
1858 3527 1952 3555 cum
1972 3513 2232 3555 Caricoticho
2248 3513 2309 3555 vel
2326 3528 2476 3555 nomen
2488 3513 2648 3557 suadet.

1413 3575 1634 3618 Eduardus
1655 3578 1797 3617 Renou
1822 3578 1863 3617 in
1895 3590 2040 3632 mappa
2061 3576 2219 3631 imperii
2244 3577 2454 3617 Marocani
2480 3576 2532 3618 ad
2555 3577 2652 3619 ostii

1412 3637 1518 3680 latus
1544 3636 1706 3679 boreale
1728 3646 1839 3679 notat
1864 3651 1873 3679 z
1908 3642 2051 3690 Agma:
2083 3638 2211 3679 ruine.
2250 3639 2479 3680 Moversius
2499 3652 2540 3695 p.
2568 3639 2650 3693 549

1413 3700 1579 3757 Καρικὸν
1604 3703 1734 3755 τεῖχος
1752 3716 1838 3742 esse
1868 3708 2005 3742 censet
2024 3700 2264 3743 hodiernam
2292 3700 2459 3755 Agacler
2486 3700 2647 3753 urbem,

1412 3777 1505 3820 quae
1530 3762 1666 3819 paullo
1688 3772 1777 3819 post
1808 3764 2140 3818 promontorium
2169 3763 2339 3816 Agader
2368 3764 2453 3805 sive
2475 3765 2577 3805 ὕειν·
2605 3762 2652 3805 in

1411 3824 1495 3867 alto
1518 3824 1691 3867 Atlantis
1715 3826 1863 3866 vertice
1878 3826 1953 3867 sita
1974 3833 2034 3867 est
2050 3825 2391 3882 inexpugnabilis.
2417 3828 2647 3880 Argumen-

1412 3899 1501 3929 tum
1521 3889 1730 3929 sententizc.
1759 3889 1877 3929 nss‘ert
1903 3887 2017 3944 quod
2041 3888 2195 3943 agada·
2212 3890 2253 3931 in
2274 3888 2410 3943 lingua
2433 3886 2647 3929 Berberica

1415 3950 1432 4007 (
1462 3950 1653 4002 Paradis,
1694 3951 1977 3993 mceiommim
2013 3951 2180 3993 Berbe're
2211 3964 2254 4007 p.
2291 3964 2307 3992 1
2322 3964 2370 3993 io
2390 3952 2404 4005 )
2444 3946 2646 4004 significat

1413 4028 1572 4055 netarum
1617 4024 1776 4071 septum
1791 4033 1806 4065 ,·
1844 4014 1969 4071 idque
2000 4028 2151 4057 nomen
2183 4028 2234 4056 ex
2264 4013 2471 4071 plioenicia
2507 4009 2646 4065 lingua

2729 2274 2756 2354 -ss

2742 2898 2756 3157 ἶ
