2756 4354
142 235 229 270 cu·

136 338 172 384 i.
194 351 236 384 e.
258 351 402 396 penes
418 351 528 395 quas
549 349 664 379 nunc
676 349 747 378 res
762 342 877 386 sunt,
905 329 1028 390 quod
1066 328 1207 374 Plinii
1246 339 1376 376 aetate

135 412 193 457 de
210 410 376 457 Muziri
404 410 607 456 nondum
636 408 835 454 valuisse
857 421 883 451 e
899 420 1039 466 supra
1065 404 1215 451 allatis
1237 404 1374 452 colli-

135 486 303 546 gimus.
324 485 380 532 ln
409 484 651 540 Barbaria,
686 482 766 528 ubi
790 495 899 526 suos
917 479 1098 539 singula
1122 479 1224 526 loca
1243 481 1372 543 prin·

135 561 261 624 cipes
284 560 530 623 (tyrannos
551 558 712 604 Noster
742 557 902 613 vocat)
937 553 1183 613 habebant,
1201 557 1374 617 νόμιμον

135 637 323 699 aliquod
357 636 612 696 emporium
653 648 746 677 non
794 641 1092 679 memoratur.
1135 631 1294 694 Neque
1324 633 1374 680 in

141 711 323 756 Azaniae
358 709 565 770 emporia
619 705 850 768 ejusmodi
893 706 1128 754 distinctio
1162 707 1371 767 cadebat,

135 786 306 845 quippe
332 799 433 843 quae
459 781 691 828 Arabibus
713 782 920 844 subjecta
957 783 1142 829 nonnisi
1165 784 1375 831 Arabicis

135 860 416 907 Muzensium
435 857 633 904 navibus
655 859 1077 921 frequentabantur.
1098 859 1190 915 Qui
1215 861 1263 907 in
1285 861 1375 907 Ge-

136 936 301 981 drosiae
322 950 405 980 ora
435 950 555 980 unus
589 945 868 980 memoratur
902 935 1056 991 locus,
1090 935 1238 992 0raea,
1257 935 1377 981 dici·

137 1022 209 1055 tnr
228 1009 423 1072 ἐμπόριον
453 1009 597 1071 μικρόν
617 1009 660 1072 (5
684 1010 777 1069 37),
796 1010 916 1055 sicut
944 1010 1147 1056 Aualites
1184 1011 1227 1070 (§
1250 1007 1293 1071 7)
1331 1020 1376 1056 et

134 1086 379 1132 Ptolemais
398 1087 440 1146 (§
465 1087 523 1146 3).
551 1085 697 1131 Leuce
725 1101 857 1131 come
882 1087 931 1132 in
951 1085 1271 1133 Nabataeorum
1301 1085 1373 1133 di·

133 1163 258 1208 tione
292 1161 380 1224 ἔχει
412 1160 609 1224 ἐμπορίου
632 1160 725 1206 τινὰ
742 1161 813 1206 καὶ
843 1160 948 1217 αὐτὴ
966 1160 1080 1215 τάξιν
1103 1162 1184 1214 τοῖς
1204 1162 1285 1208 ἀπὸ
1302 1165 1376 1219 τῆς

134 1234 327 1300 Ἀραὸίας
350 1235 695 1299 ἐξαρτιζομένοις,
726 1235 886 1296 ibique
906 1236 1173 1298 praesidium
1198 1238 1373 1296 regium

131 1322 227 1357 erat
245 1321 290 1357 et
322 1321 484 1370 quarta
506 1310 728 1356 mercium
754 1326 862 1371 pars
892 1311 1127 1371 vectigalis
1146 1312 1249 1358 loco
1273 1328 1376 1373 per-

137 1386 394 1449 cipiebatur
413 1385 456 1449 (§
488 1393 572 1446 19).
597 1386 807 1448 Denique
825 1386 976 1432 Ocelis
995 1387 1074 1449 οὐχ
1094 1384 1223 1438 οὕτως
1240 1385 1374 1447 ἐμπό-

134 1478 219 1523 ριον
234 1462 291 1512 ὡς
309 1459 432 1522 ὅρμος
451 1461 523 1506 καὶ
539 1460 685 1523 πρώτη
705 1460 929 1522 κοιιταγωγὶ·Ι
949 1466 1033 1513 τοῖς
1053 1460 1134 1507 ἔσω
1158 1462 1232 1525 (in
1251 1461 1375 1508 tudi-

133 1550 209 1582 cas
231 1537 450 1582 stationes
469 1535 483 1598 )
505 1536 706 1598 διαίρουσι
725 1538 768 1596 (5
790 1539 886 1598 25).

202 1627 220 1655 1
231 1627 285 1668 77
295 1645 305 1655 .
322 1610 516 1672 Propter
527 1626 690 1672 eaquae
702 1611 758 1657 de
772 1614 993 1675 emporiis
1003 1614 1139 1659 modo
1152 1614 1368 1671 diximus,

134 1695 229 1732 tum
250 1684 311 1731 ob
330 1686 567 1746 vectigalia
584 1696 628 1731 et
640 1687 886 1748 portitoria
901 1699 1037 1749 atque
1052 1689 1171 1735 dona
1188 1690 1373 1749 regibus

133 1760 207 1806 vel
239 1760 464 1822 praesectis
507 1761 777 1807 destinanda
817 1763 1067 1823 plurimum
1107 1767 1374 1811 mercatoris

133 1838 352 1883 intererat
372 1836 491 1883 bene
521 1853 656 1883 nosse
679 1854 983 1899 quorumnam
1028 1841 1223 1901 imperio
1250 1858 1371 1901 qua:-

136 1912 207 1958 vis
225 1913 352 1972 regio
369 1922 488 1958 esset
506 1911 727 1973 subjecta.
753 1914 820 1958 Ad
842 1914 937 1959 liaec
951 1917 1186 1960 attendens
1210 1915 1374 1962 Noster

134 1999 360 2034 memorat
383 2004 572 2049 regnunt
600 1989 950 2035 Auxumitarum
966 1990 1052 2036 sub
1067 1991 1270 2047 Zoscale,
1294 1992 1375 2038 Na·

131 2062 380 2111 bataeorum
399 2064 486 2111 sub
503 2065 699 2111 Malicba
713 2102 726 2125 ‚
744 2066 1001 2113 Sabaeorum
1018 2068 1376 2114 llomeritarum-

132 2153 222 2200 que
230 2138 317 2186 sub
326 2139 613 2196 Charibaele‚
627 2141 863 2188 tlmriserae
873 2144 1076 2202 regionis
1085 2143 1171 2189 sub
1185 2144 1370 2202 Eleazo;

133 2228 325 2274 regnum
365 2219 603 2262 Persarum
618 2254 630 2274 ,
656 2218 782 2263 aliud
821 2219 869 2263 in
889 2220 1120 2266 Gedrosiae
1142 2237 1239 2279 ora,
1262 2222 1371 2267 Par·

132 2288 316 2336 thorum
351 2290 399 2336 in
439 2290 758 2353 lndoscytliia,
805 2292 1055 2340 Mambanae
1092 2295 1141 2340 in
1179 2297 1367 2352 Ariace,

130 2362 428 2426 Ceprobotrae
466 2368 514 2413 in
554 2367 815 2429 Limyrica,
843 2370 1002 2431 inque'
1025 2371 1237 2432 proximo
1266 2373 1374 2421 hinc

132 2452 276 2488 tractu
313 2442 583 2491 Pandionis.
626 2445 849 2492 Praeterea
875 2447 922 2509 in
949 2447 1212 2495 Sabaeorum
1249 2461 1370 2497 terra

131 2518 371 2579 distinguit
395 2521 745 2582 Mapbaritidem
770 2525 1004 2583 regionem
1033 2525 1224 2586 ejusque
1247 2543 1373 2587 prae-

133 2595 298 2639 sectum
342 2594 567 2658 (τύραννον
592 2598 607 2658 )
642 2598 936 2656 Cholaebum,
974 2602 1054 2661 qui
1085 2602 1372 2648 Chai-ibaelis

133 2671 320 2715 nomine
329 2673 464 2717 etiam
487 2674 702 2719 Azaniam
717 2674 1083 2724 administrabat.
1099 2677 1164 2722 Ad
1175 2678 1370 2723 eundem

132 2743 448 2791 Charibaelem
459 2749 594 2793 etiam
613 2749 895 2795 Dioscoridis
911 2750 1107 2796 insulam
1122 2753 1368 2813 pertinere,

134 2820 182 2864 in
218 2820 436 2867 Barbaria
480 2839 589 2868 vero
627 2824 824 2883 singulis
863 2827 1087 2887 emporiis
1121 2842 1228 2873 suos
1274 2844 1373 2875 esse

136 2894 373 2956 principes
396 2907 567 2942 narrat.
596 2896 827 2943 interdum
848 2898 905 2944 de
929 2900 1084 2946 indole
1102 2903 1222 2961 regis
1237 2903 1374 2949 alicu-

128 2967 208 3029 jus
224 2970 296 3014 vel
314 2970 564 3016 incolarum
583 2972 692 3017 certi
714 2971 950 3033 quusdam
969 2976 1164 3035 emporii
1191 2978 1369 3034 monet3

88 3035 103 3055 ⁸
133 3042 200 3089 sic
231 3042 469 3101 Zoscales,
501 3047 854 3092 Auxumitarum
891 3064 989 3105 rex,
1029 3065 1191 3095 avarus
1215 3053 1373 3112 reique

137 3118 356 3178 augendae
371 3121 510 3166 nimis
533 3122 760 3177 intentus,
781 3133 979 3169 ceterum
998 3125 1171 3186 probus
1195 3128 1268 3172 vir
1291 3144 1373 3174 nec

132 3193 369 3241 literarum
401 3211 649 3254 graecarum
672 3198 860 3255 ignarus
887 3215 985 3246 esse
1022 3201 1195 3249 dicitur
1225 3204 1266 3262 (§
1300 3204 1369 3264 5);

134 3284 276 3329 porro
299 3270 347 3315 in
366 3269 540 3318 Mundu
562 3274 772 3335 emporio
812 3276 849 3320 ol
880 3279 1164 3327 κατοικοῦντες
1201 3276 1373 3341 ἔμποροι

134 3344 421 3407 σκληρότεροι,
450 3347 497 3392 in
535 3348 716 3394 Aualite
741 3348 1032 3412 ἀτακτότιροι,
1065 3351 1112 3396 in
1139 3352 1287 3398 Malao
1314 3354 1374 3398 εἰ·

134 3417 395 3480 ρηνικώτιροι
413 3421 454 3479 (5
480 3423 597 3480 7-9).
620 3422 700 3468 llis
723 3423 839 3469 adde
854 3440 955 3483 quae
976 3425 1034 3470 de
1057 3426 1313 3473 latronibus
1329 3438 1373 3473 et

59 3549 63 3557 ¹
132 3492 297 3553 piratis
314 3497 442 3541 sinus
468 3497 654 3543 Arabici
675 3510 719 3544 et
744 3499 887 3545 lndiae
910 3501 1123 3560 leguntur
1151 3504 1176 3562 §
1200 3521 1274 3548 20.
1298 3505 1369 3550 53.

202 3572 276 3620 14.
302 3567 511 3615 Ceterum
555 3582 719 3631 praeter
760 3573 989 3619 maritima
1035 3577 1201 3635 passim
1235 3577 1370 3622 etiam

136 3638 468 3687 mediterranea
512 3643 637 3701 loca,
661 3646 829 3704 quibus
867 3664 967 3692 cum
1006 3650 1231 3709 portubus
1247 3668 1371 3696 com-

132 3716 307 3763 mercia
319 3717 677 3774 intercedebant,
693 3732 851 3766 auctor
863 3734 1015 3767 noster
1027 3736 1369 3773 commemorat,

134 3789 373 3838 Pertinent
395 3791 484 3838 linc
507 3792 647 3838 urbes
681 3794 816 3853 regiae
842 3796 911 3840 vel
943 3798 1203 3859 principum
1222 3800 1368 3856 sedes,

135 3875 188 3911 ut
231 3865 367 3912 Petra
406 3866 719 3912 Nabataeorum
758 3871 800 3928 (5
831 3873 921 3928 19),
961 3871 1135 3931 Saphar
1175 3884 1218 3918 et
1257 3874 1372 3920 Save

135 3939 256 4000 apud
280 3938 465 3987 Sabaeos
483 3943 527 4002 (§
557 3943 652 4002 21),
679 3942 906 3989 Sabbatha
927 3945 973 3989 in
994 3945 1157 3991 Arabia
1185 3948 1372 3993 thurife-

139 4028 188 4057 ra
210 4015 253 4073 (§
294 4017 389 4075 27),
431 4018 586 4061 Parsis
617 4016 854 4064 Gedrosiae
890 4020 931 4081 (5
963 4021 1055 4077 37),
1104 4021 1369 4082 Minnagara

482 203 528 246 0
1032 248 1034 252 -
1168 216 1640 268 Puotneounm.

1445 331 1643 395 Scythice
1667 335 1934 397 metropolis
1949 370 1962 391 ‚
2003 336 2053 381 in
2087 336 2250 382 Ariaca
2271 336 2405 383 ludia
2420 339 2565 386 Minu
2589 364 2598 395 ς
2639 342 2661 356 ·’

1445 407 1534 455 alia
1554 418 1600 455 et
1621 408 1799 465 Ozene,
1825 425 2019 471 quarum
2058 410 2139 456 illa
2158 409 2313 457 Nostri
2337 422 2545 475 tempore
2645 417 2659 430 ·

1446 482 1576 529 sedes
1597 493 1722 541 erat,
1758 483 1855 531 liaec
1880 494 1985 531 ante
2013 484 2188 541 fuerat;
2213 496 2438 547 praeterea
2471 496 2657 551 tanqua

1446 558 1682 621 praecipua
1696 558 1841 606 lndiae
1855 560 2063 622 emporia
2085 570 2399 608 memorantur
2416 562 2629 611 Paethana
2654 599 2661 603 -

1446 630 1642 693 Tagara,
1666 634 1789 680 unde
1809 634 2041 695 Barygaza
2073 650 2248 681 merces
2270 631 2691 695 tongisitineribm'

1445 706 1737 754 devehuntur
1765 710 1807 769 (§
1843 709 1920 764 51,
1956 725 2000 771 p.
2022 711 2151 769 294),
2187 709 2235 755 in
2258 709 2512 758 Pandionis
2531 722 2692 761 auteur

1446 797 1589 841 regno
1621 783 1791 841 Argalu
1833 783 1984 839 locus,
2009 783 2089 830 ubi
2131 785 2448 843 margaritides
2469 787 2688 837 sindones

1446 858 1756 905 coniiciuntur
1775 861 1817 919 (§
1839 859 1935 920 59),
1950 861 2128 922 etapud
2149 862 2419 908 Auxumitas
2434 862 2685 924 Cyeneum,

1446 932 1595 978 Axum
1617 942 1662 979 et
1681 932 1840 990 Coloe,
1859 950 1943 996 per
1966 950 2069 996 quae
2090 935 2209 983 ebur
2237 938 2408 984 Adulin
2433 942 2688 1002 comportas

1446 1015 1522 1052 tur
1546 1007 1588 1067 (§
1629 1007 1693 1068 4).
1719 1007 1890 1054 Eodem
1914 1010 2115 1055 consilio
2137 1012 2164 1070 5
2193 1018 2249 1068 47
2274 1025 2431 1060 auctor
2454 1016 2567 1061 dicit
2602 1018 2688 1063 Βα-

1449 1083 1634 1144 ρυγάζοις
1662 1084 1967 1131 ἐπικεῖσθαι
2005 1086 2235 1141 Arati-ios,
2262 1086 2566 1146 Gandaraeos,
2592 1090 2689 1137 Po-

1447 1158 1638 1205 claidem
1676 1160 1724 1205 in
1753 1175 1898 1222 eaque
1924 1161 2241 1210 Alexandriam
2273 1157 2605 1226 Bucephalum,
2644 1177 2691 1215 et

1446 1251 1587 1296 supra
1605 1236 1689 1282 hos
1714 1241 1808 1283 suis
1829 1238 1916 1284 sub
1936 1238 2122 1298 regibus
2150 1240 2350 1286 Bactros.
2390 1241 2514 1295 Quas
2539 1243 2691 1303 regio·

1447 1325 1527 1356 nes
1550 1310 1764 1358 indoctus
1781 1312 1944 1359 Noster
1964 1330 2055 1359 non
2079 1315 2215 1360 aliam
2236 1314 2297 1360 ob
2311 1331 2490 1362 causam
2515 1332 2689 1364 memo·

1449 1395 1518 1431 rat
1540 1396 1585 1431 et
1616 1386 1859 1448 Barygazis
1884 1388 2104 1435 finitimas
2123 1391 2237 1436 dicit
2259 1406 2394 1451 quam
2419 1392 2540 1452 quod
2570 1407 2688 1439 mer-

1446 1475 1521 1507 ces
1537 1461 1645 1507 inde
1658 1462 1706 1507 in
1724 1462 2004 1508 maritimum
2023 1464 2281 1525 emporium
2302 1466 2531 1511 contluere
2546 1467 2688 1524 novit,-

1446 1536 1564 1581 sicut
1593 1536 1748 1598 paullo
1782 1539 1934 1599 post§
1969 1540 2046 1595 48,
2070 1555 2117 1600 p.
2146 1539 2235 1598 293
2265 1539 2407 1586 dicit:
2447 1541 2688 1602 Κατ-ἄγεται

1445 1611 1498 1656 δι’
1533 1612 1660 1667 αὐτῆς
1699 1612 1925 1675 (Ὀζήνης)
1955 1613 2026 1659 καὶ
2049 1615 2133 1660 ἀπὸ
2161 1616 2243 1660 τῶν
2281 1613 2368 1661 ἅνω
2401 1616 2537 1661 τόπων
2561 1621 2588 1672 ἡ
2620 1616 2689 1663 διὰ

1449 1684 1693 1738 Πωκλαΐδος
1710 1689 2024 1752 καταφερομένη
2053 1690 2198 1751 νάρδος
2222 1690 2293 1736 καὶ
2315 1694 2341 1746 ἡ
2370 1691 2687 1755 Κατταὸουρίνη

1447 1761 1458 1824 (
1480 1763 1567 1822 leg.
1602 1774 1715 1824 puto
1758 1764 2109 1826 Κασᾰταπυρηνὴ,
2152 1765 2420 1828 Caspapyri,
2458 1769 2694 1825 Caclime‘rff
2719 1811 2722 1812 ⁷

1446 1838 1651 1899 regionis
1674 1842 1686 1900 )
1710 1839 1781 1885 καὶ
1812 1843 1839 1894 ἡ
1878 1841 2187 1903 Πατροπαπίγη
2215 1843 2387 1902 (fuerit
2416 1846 2443 1899 ἡ
2479 1844 2691 1908 [Inpones-⁰

1444 1914 1589 1969 νισηνή
1619 1912 1632 1977 )
1654 1915 1725 1960 καὶ
1746 1919 1773 1969 ἦ
1801 1915 2017 1972 Καὸολίτη
2056 1919 2070 1978 (
2090 1918 2262 1963 Caboul
2283 1919 2530 1979 regionis).
2547 1919 2687 1968 Sinti-⁶
2714 1942 2719 1962 ’-

1446 1989 1549 2035 liter
1567 1989 1838 2035 malabathri
1863 1993 2189 2037 commercium
2211 1993 2467 2040 narrationi
2492 1993 2550 2040 de
2570 1994 2612 2040 T
2613 1994 2686 2043 hi&
2715 2019 2717 2022 ·

1446 2080 1606 2110 narum
1622 2075 1667 2110 et
1683 2063 1939 2111 Sesatamn·
1959 2067 2145 2128 populis
2163 2067 2508 2116 mediterraneis
2526 2073 2690 2118 ansam
2703 2098 2716 2135 15
2741 2058 2743 2064 Ι

1444 2140 1585 2188 dedit.
2679 2144 2683 2145 ⁷
2715 2143 2718 2144 ⁷

1512 2218 1616 2274 178.
1638 2217 1923 2279 Praecipnam
1952 2235 2061 2265 vero
2073 2235 2257 2282 operam
2278 2224 2323 2267 in
2344 2237 2399 2268 eo
2422 2224 2553 2284 ponit
2571 2215 2708 2270 mer-'3

1445 2303 1585 2350 cator‚
1605 2303 1655 2339 ιι1
1675 2294 1851 2356 species
1877 2293 1999 2357 (γένη
2019 2296 2034 2356 )
2060 2296 2159 2342 sive
2175 2311 2365 2355 merces,
2387 2313 2490 2359 quae
2504 2299 2554 2344 in
2576 2298 2687 2345 sin·
2709 2346 2711 2348 ,

1444 2368 1551 2426 gula
1596 2370 1809 2429 emporia
1856 2371 2087 2416 maritima
2132 2370 2332 2418 navibus
2381 2372 2707 2435 importentur

1446 2442 1459 2503 (
1476 2445 1710 2505 προχωρεῖ,
1735 2443 1944 2505 εἰσάγεται
1962 2480 1973 2501 ,
1997 2444 2229 2508 εἰσφέρεται
2250 2447 2262 2506 )
2290 2445 2489 2509 indeque
2518 2454 2705 2511 exporo'

1444 2528 1597 2563 tentttr
1626 2517 1872 2578 (ἐξάγεται,
1899 2520 2114 2581 ἐκφέρεται
2137 2521 2166 2580 ),
2202 2532 2408 2568 accurate
2438 2532 2685 2575 recenseat*

1441 2594 1541 2647 Qua
1566 2595 1613 2639 in
1646 2611 1695 2640 re
1714 2611 1806 2640 non
1829 2596 1939 2640 satis
1963 2595 2098 2641 habet
2140 2597 2326 2643 nomina
2346 2613 2503 2643 earum
2544 2614 2698 2661 appo*

1442 2668 1615 2724 suisse,
1644 2669 1721 2714 sed
1755 2670 1924 2731 saepius
1962 2680 2114 2715 monet
2136 2671 2271 2715 etiam
2296 2670 2354 2716 de
2384 2672 2603 2733 qualitate
2650 2696 2660 2713 ·-
2679 2723 2703 2726 ,

1443 2743 1624 2789 minore
1647 2744 1717 2789 vel
1740 2741 1913 2806 majore
1938 2746 2101 2792 mercis
2135 2746 2332 2807 alicujus
2352 2749 2487 2810 copia
2510 2749 2582 2795 vel
2607 2749 2686 2797 in-

1443 2818 1630 2864 serenda
1665 2822 1713 2864 in
1734 2830 1906 2865 certum
1945 2821 2131 2882 aliquod
2162 2822 2420 2883 emporium
2445 2823 2518 2870 vet
2548 2838 2603 2870 ex
2628 2838 2685 2872 eo

1444 2894 1743 2955 exportanda.
1764 2895 1914 2941 Porro
1933 2895 2175 2956 distinguit
2199 2913 2271 2943 res
2300 2908 2563 2945 mercaturae
2584 2907 2665 2947 ca‘
2687 2950 2690 2955 ,

1445 2984 1494 3014 sa
1515 2969 1527 3028 (
1545 2969 1644 3031 πρὸς
1667 2969 1892 3031 ἐργασίαν)
1930 2971 2244 3031 importandas
2269 2972 2327 3019 ab
2349 2973 2405 3020 iis
2441 2989 2543 3035 quae
2573 2973 2653 3020 do
2679 2969 2693 2999 7

1443 3043 1544 3089 loco
1564 3043 1619 3089 ad
1642 3060 1771 3103 reges
1788 3055 1831 3090 et
1850 3046 2086 3106 praefectos
2104 3047 2335 3095 mittendae
2358 3047 2429 3093 vel
2457 3047 2658 3096 naucler‘
2680 3053 2681 3057 ’

1445 3118 1781 3165 benevolentiae
1809 3121 2043 3182 captandae
2069 3137 2204 3167 causa
2226 3121 2555 3168 distribuenda!
2570 3124 2631 3169 si·
2659 3119 2695 3148 ”·
2755 3150 2756 3154 =

1512 3211 1615 3253 ¹79·
1643 3195 1817 3248 Quodsi
1836 3198 1882 3241 in
1905 3196 1974 3241 his
1998 3196 2251 3256 AEgyptiam
2270 3206 2565 3242 mercaturam
2583 3208 2690 3259 pm

1444 3269 1606 3315 ceteris
1625 3268 1686 3314 ob
1702 3269 1860 3315 oculos
1884 3270 2018 3315 liabet
2031 3307 2042 3325 ,
2061 3270 2181 3315 haud
2213 3286 2356 3332 pauca
2377 3282 2524 3317 tamen
2544 3272 2633 3319 etia
2648 3304 2678 3344 ω,

1444 3345 1500 3390 de
1514 3346 1800 3391 commerciis
1817 3345 1947 3389 affert
1963 3360 2064 3405 quae
2085 3346 2326 3406 peregrina
2337 3349 2543 3407 emporia
2561 3346 2611 3393 in
2624 3371 2648 3384 ·-
2670 3346 2683 3362 *²

1442 3437 1542 3467 sese
1564 3432 1828 3480 exerceant,
1850 3422 1948 3466 sive
1972 3421 2094 3481 quod
2120 3424 2176 3465 de
2200 3422 2407 3467 instituto
2428 3423 2441 3485 (
2460 3440 2569 3485 προη
2605 3450 2610 3458 ·
2680 3451 2683 3457 ι

1443 3497 1591 3557 μένως,
1628 3499 1839 3555 συνηῡῶς)
1868 3497 1926 3542 ab
1956 3498 2112 3542 alteris
2136 3498 2190 3542 ad
2220 3498 2357 3544 altera
2381 3514 2520 3546 naves
2538 3514 2618 3546 ex
2640 3531 2683 3537 -=

1441 3573 1641 3627 diamur,
1661 3573 1759 3617 sive
1775 3573 1897 3633 quod
1918 3575 2351 3633 pi·a=ternavigantes
2372 3575 2602 3635 negotiata
2640 3608 2655 3612 --
2674 3589 2679 3623 ζ

1440 3647 1543 3692 data
1562 3648 1802 3693 occasione
1819 3663 1989 3694 merces
2009 3660 2301 3697 commutent.
2313 3650 2387 3696 Sic
2401 3649 2677 3712 Barygazen

1442 3722 1487 3766 in
1505 3722 1681 3766 Omana
1698 3738 1817 3784 emp.
1842 3739 1977 3769 naves
1996 3724 2134 3783 lignis
2150 3734 2336 3771 onustas
2354 3725 2537 3772 mittunt
2554 3742 2628 3772 συν
2669 3767 2674 3770 .
2694 3758 2701 3763 .

1441 3800 1519 3848 Οως
1545 3799 1585 3857 (5
1609 3800 1704 3853 36),
1736 3809 1778 3843 ct
1811 3799 1857 3843 in
1889 3799 2130 3861 stiffi-ptum
2159 3803 2421 3860 navigantes
2442 3817 2467 3847 e
2491 3800 2578 3847 Mo
2662 3849 2674 3866 „

1441 3883 1574 3933 portu
1602 3875 1642 3933 (§
1669 3874 1744 3935 32)
1771 3884 1814 3918 ct
1847 3874 2075 3921 Barbaria:
2105 3877 2325 3939 emporiis
2347 3876 2393 3936 (S
2418 3878 2488 3937 14)
2514 3875 2577 3922 ob
2609 3867 2623 3888 ⁶

1442 3963 1510 3992 res
1529 3950 1572 3992 in
1591 3950 1965 4008 praetervectione
1981 3962 2230 3998 assumunt.
2252 3950 2472 3998 Similiter
2489 3949 2638 3997 Muze·
2673 3994 2679 3999 .

1440 4039 1510 4069 ses
1526 4027 1789 4087 wnpffivtflt
1819 4028 1871 4087 τῇ
1899 4029 1968 4072 τοῦ
1987 4027 2115 4090 πέραν
2138 4026 2309 4090 ἐργασίᾳ
2331 4025 2402 4072 καὶ
2422 4026 2681 4089 Βαρυγάζων
