2808 4342
314 239 1100 432 ΑΝΩΝΥΜΟΥ

179 487 641 595 [APPIANor,
689 499 781 548 ΩΣ
835 487 1200 571 ΦΕΡΕΤΑΙ]

358 654 1043 742 ΠΕΡΙΠΛΟΥΣ

133 858 308 919 ’ΤΗΣ
363 856 747 919 ΕΡΥΘΡΑΣ
800 838 1269 921 ΘΑΛΑΣΣΗΣ.

148 1184 244 1228 Τῶν
271 1179 623 1241 ἀποδεδειγμένων
646 1180 783 1242 ὅρμων
803 1185 875 1237 τῆς
894 1182 1091 1246 Ἐρυθρᾶς
1114 1184 1323 1241 θαλάσσης

85 1250 157 1295 καὶ
179 1254 260 1295 τῶν
293 1250 387 1310 περὶ
410 1249 538 1304 αὐτὴν
560 1249 765 1312 ἐμπορίων
797 1250 957 1312 πρῶτός
993 1254 1079 1297 ἐστι
1102 1253 1228 1311 λιμὴν
1252 1257 1324 1309 τῆς

86 1318 298 1380 Αἰγύπτου
324 1318 449 1370 ’Μυὸς
485 1320 622 1380 ὅρμος.
691 1319 813 1366 Μετὰ
838 1319 879 1365 δὲ
909 1320 1029 1365 αὐτὸν
1061 1322 1320 1373 εἷςπλεόντων

88 1388 168 1433 ἀπὸ
190 1388 333 1450 χιλίων
368 1389 621 1434 ὀκτακοσίων
657 1389 833 1434 σταδίων
864 1391 904 1434 ἐν
930 1390 1039 1454 δεξιᾷ
1063 1395 1088 1446 ἡ
1126 1392 1320 1454 Βερνίκη.

42 1473 65 1501 r>
87 1456 344 1519 Ἀμφοτέρων
364 1457 444 1518 [δὲ]
463 1459 499 1502 οἱ
518 1458 677 1516 λιμένες
695 1460 734 1502 ἐν
755 1462 813 1521 τῷ
828 1459 991 1522 ἐσχάτῳ
1011 1463 1082 1516 τῆς
1112 1461 1322 1521 Αἰγύπτου

85 1525 230 1572 κόλποι
252 1529 325 1581 τῆς
348 1525 549 1587 Ἐρυθρᾶς
571 1526 780 1583 θαλάσσης
798 1531 968 1575 κεῖνται.

140 1682 278 1722 Codex
309 1673 436 1722 ‘libelli
474 1697 583 1722 unus
624 1690 754 1722 exstat
788 1682 1158 1737 Heidelbergensis.
1200 1688 1323 1727 Hunc

84 1753 178 1800 post
224 1743 442 1784 Gelenium
491 1757 600 1783 unus
631 1742 864 1797 'usurpavit
895 1745 1188 1800 Bernhardyus
1204 1777 1214 1796 ,
1251 1748 1322 1801 qui

87 1815 298 1861 excerptas
332 1821 382 1845 ex
416 1820 466 1846 eo
486 1805 681 1845 lectiones
708 1806 974 1847 notabiliores
995 1807 1124 1848 edidit
1155 1809 1196 1848 in
1216 1811 1324 1850 Ana-

86 1870 198 1911 lectis
220 1870 262 1909 in
276 1868 543 1923 Geographos
559 1869 741 1908 minores
763 1867 905 1924 (Halis
929 1870 1035 1911 1850
1052 1872 1067 1924 )
1084 1885 1126 1925 p.
1153 1885 1205 1911 22
1229 1886 1319 1926 sqq.

90 1933 187 1986 11-
213 1930 491 1986 Ἀρριανοῦ,
530 1931 587 1978 ὡς
624 1932 852 1986 φέρεται]
880 1934 930 1972 In
967 1931 1109 1973 codice
1146 1935 1323 1975 Arriano

83 1993 187 2033 liber
206 1991 454 2033 vindicatur.
477 1992 604 2045 Quod
632 1994 811 2034 auctoris
832 2008 986 2034 nomen
1005 2009 1055 2034 ex
1071 1995 1231 2050 periplo
1248 1999 1324 2037 Ar-

9 2098 20 2107 *
85 2056 225 2096 rianeo
247 2056 367 2096 Ponti
401 2056 580 2106 Euxini,
621 2057 692 2110 qui
733 2064 826 2096 ante
851 2065 1040 2097 nostrum
1077 2059 1321 2113 opusculum

84 2119 126 2158 in
150 2117 292 2169 codice
320 2117 482 2171 legitur,
508 2127 662 2159 temere
680 2119 763 2159 huc
781 2120 1022 2160 translatum
1041 2129 1115 2161 est.

141 2183 162 2232 §
190 2194 226 2220 1.
254 2184 345 2220 τῶν
375 2178 635 2234 ἀποδεδειγ
651 2181 837 2235 μένων]
861 2181 925 2221 Cf.
944 2185 966 2233 g
990 2183 1041 2221 32
1064 2195 1071 2222 1
1095 2183 1210 2236 ὅρμος
1229 2182 1322 2223 ἀπο-

79 2243 326 2298 δεδειγμένος
347 2245 415 2282 τοῦ
438 2243 660 2296 Σαχαλίτυυ
688 2243 864 2282 λιὸάνου.
898 2242 1059 2283 Eodem
1082 2258 1204 2283 sensu
1227 2245 1322 2284 alibi

84 2306 209 2346 habes
230 2306 392 2361 ἐμπόρια
409 2307 554 2360 νόμιμα
577 2305 629 2360 (5
649 2308 673 2354 4
690 2313 730 2345 et
745 2318 793 2345 21
814 2305 846 2361 ),
874 2304 1129 2360 ἐπισημότερα
1151 2305 1202 2361 (5
1223 2311 1275 2348 60
1287 2310 1319 2361 ),

87 2368 236 2422 quibus
264 2376 534 2422 opponuntur
555 2366 718 2422 ἐμπόρια
748 2367 886 2408 τοπικὰ
911 2377 951 2408 et
973 2367 1062 2408 loca
1080 2383 1171 2422 quae
1193 2383 1321 2422 quum

85 2431 255 2484 proprie
279 2444 364 2469 non
388 2430 471 2469 sint
499 2430 699 2484 emporia,
725 2438 861 2469 tamen
879 2428 982 2476 τάξιν
1010 2428 1096 2469 τινὰ
1131 2429 1321 2484 ἐμπορίων

88 2493 167 2544 (ut
189 2494 483 2544 Leucecome§
507 2494 588 2546 19)
611 2500 765 2532 tenent.
796 2492 811 2544 ll
832 2515 888 2522 —
904 2491 1083 2545 χιλίων
1114 2491 1322 2533 ὀκτακο-

88 2569 110 2593 σ
126 2555 173 2594 ίω
188 2569 205 2594 ν
223 2556 238 2608 ]
265 2554 468 2594 Distantia
486 2554 573 2594 haec
595 2553 709 2593 ducit
729 2552 782 2593 ad
803 2552 1055 2593 hodiernum
1081 2554 1246 2595 Cosseir.
1270 2560 1325 2596 At

46 2616 49 2619 ’
87 2616 209 2656 fuisse
242 2617 299 2656 ibi
333 2616 646 2656 celeberrimum
679 2616 937 2670 Myoshormi
974 2617 1208 2670 emporium
1231 2616 1324 2671 jure

86 2678 309 2728 dubitabis,
332 2679 416 2718 sive
456 2678 612 2718 Cosseir
646 2687 789 2732 portus
819 2677 1002 2718 indolem
1037 2687 1207 2732 spectes,
1241 2680 1325 2720 sive

90 2749 274 2781 veterum
297 2740 349 2780 de
370 2741 641 2795 Myoshormo
660 2741 910 2790 testimonia,
936 2754 1027 2794 quae
1057 2740 1149 2780 vide
1171 2742 1215 2780 in
1234 2750 1322 2783 not.

79 2803 141 2844 ad
162 2803 412 2857 Agatharch.
439 2806 460 2855 S
482 2805 549 2843 82.
575 2806 661 2844 Aut
687 2803 813 2856 magis
837 2803 1006 2843 boream
1027 2817 1167 2843 versus
1188 2805 1326 2858 Myos-

86 2865 258 2905 hormus
277 2863 538 2905 collocandus
556 2879 685 2920 prope
705 2869 789 2906 Rus
804 2866 1094 2914 Abou-Somer‚
1114 2874 1183 2905 aut
1199 2867 1325 2919 magis

88 2926 301 2969 meridiem
318 2941 458 2967 versus
484 2928 528 2967 in
547 2942 595 2967 eo
615 2927 698 2967 fere
720 2927 811 2967 loco
831 2927 903 2967 ubi
923 2942 1036 2967 nunc
1061 2935 1121 2966 est
1139 2927 1326 2967 Sclzcwna

12 3003 16 3007 ·
86 2998 244 3044 portus.
256 2991 354 3030 Haec
369 2989 491 3030 fuisse
506 2989 670 3030 videtur
692 2991 891 3030 sententia
901 2989 1231 3043 Agatharchidis,
1247 2992 1325 3031 Ar-

88 3052 295 3100 temidori,
312 3052 502 3102 Diodori,
519 3053 743 3093 Strabonis.
760 3052 920 3093 Eodem
937 3052 1034 3093 facit
1047 3051 1160 3106 quod
1178 3054 1326 3093 Noster

88 3122 129 3154 et
153 3114 467 3169 Myoshormum
499 3123 539 3154 et
568 3116 793 3156 Berenicen
824 3114 862 3155 ἐν
895 3114 1088 3169 ἐσχάτῳ
1121 3117 1188 3165 τῆς
1216 3114 1328 3169 Αἰγύ-

90 3191 183 3215 πτου
206 3176 390 3216 collocat.
416 3178 603 3216 Fortasse
616 3177 740 3230 igitur
755 3191 832 3231 pro
850 3175 937 3232 Ιαω’
954 3185 1098 3216 auctor
1111 3177 1327 3230 scripserat

82 3251 130 3291 ,oc
153 3238 168 3289 (
188 3251 291 3279 1000
308 3240 339 3291 ).
373 3241 637 3293 Quamquam
666 3238 718 3279 de
740 3240 803 3279 his
823 3247 941 3279 caute
963 3237 1226 3279 statuendum
1249 3247 1323 3289 est,

90 3299 241 3351 partim
261 3299 374 3353 quod
388 3302 592 3355 navigatio
612 3302 655 3340 in
675 3316 724 3342 eo
741 3310 875 3342 tractu
893 3301 1122 3356 periculosa
1137 3300 1325 3341 traheba-

93 3367 175 3408 tur,
201 3361 351 3414 partim
373 3362 486 3415 quod
507 3363 593 3402 aliis
616 3364 767 3418 Peripli
792 3364 891 3404 locis
914 3363 1142 3404 stadiorum
1164 3364 1326 3403 numeri

92 3436 232 3462 veram
260 3437 341 3463 orae
366 3423 666 3478 longitudinem
691 3426 811 3478 longe
830 3425 1048 3466 excedunt.
1071 3427 1136 3467 Sic
1162 3427 1205 3465 in
1233 3440 1322 3480 sqq.

88 3499 116 3525 va
130 3484 378 3526 Ptolemaide
389 3487 441 3527 ad
450 3487 604 3528 Adulin
618 3489 725 3529 3000
737 3488 867 3528 stadia
877 3497 1185 3544 computantur,
1197 3503 1326 3543 quum

94 3548 162 3586 vix
180 3547 262 3586 sint
277 3550 400 3594 2400.
427 3549 443 3602 ss
459 3550 581 3589 -Βε
594 3565 612 3603 ρ
626 3564 644 3589 ν
661 3550 705 3590 ίγ.
717 3566 740 3601 η
797 3551 984 3591 Nominis
1005 3551 1137 3591 forma
1151 3551 1323 3606 plebeia,

94 3622 185 3662 quae
208 3609 251 3647 in
280 3608 497 3663 Polybium
516 3611 684 3665 quidem
709 3613 724 3664 (
785 3643 796 3662 ,
824 3612 891 3662 58,
919 3626 964 3651 11
985 3614 1001 3666 )
1032 3627 1056 3653 a
1079 3613 1256 3653 librariis
1280 3614 1325 3654 il-

94 3670 173 3708 lata
198 3667 335 3719 suerit,
357 3678 398 3710 at
418 3685 503 3711 non
521 3672 718 3713 mutanda
736 3682 795 3713 est
821 3673 931 3728 apud
950 3674 1114 3715 serioris
1136 3677 1209 3716 aevi
1226 3678 1325 3717 scri·

93 3740 232 3786 ptores
246 3762 257 3781 ,
281 3731 355 3771 ubi
375 3732 566 3773 codicum
595 3749 796 3775 consensu
818 3736 1125 3791 comprobatur,
1147 3747 1194 3779 ut
1217 3739 1325 3794 apud

85 3794 378 3848 chrysostom.
403 3795 484 3835 vol.
505 3797 561 3846 Π,
580 3810 623 3851 p.
649 3798 745 3847 634,
770 3800 946 3853 Procop.
968 3800 1031 3839 De
1054 3799 1162 3849 aedis.
1186 3803 1260 3851 VI,
1285 3815 1325 3852 2,

96 3857 252 3895 Lucam
275 3858 368 3897 Act.
386 3865 516 3911 apost.
535 3859 603 3908 25,
624 3860 692 3908 23,
715 3861 892 3914 Appian.
916 3861 1105 3902 Mithrid.
1128 3877 1164 3902 c.
1188 3866 1228 3912 4,
1247 3872 1325 3904 etc.

96 3918 277 3957 Pertinet
291 3914 374 3958 huc
391 3920 512 3959 etiam
528 3921 674 3973 gentile
696 3921 941 3976 Βερνεικιδῶν
958 3937 1024 3977 ap.
1042 3924 1193 3964 Boeckh
1213 3926 1252 3965 in
1277 3927 1324 3966 C.

87 3981 225 4019 Juscr.
255 3981 289 4029 I,
314 3994 356 4034 p.
379 3982 475 4034 498.
498 3981 619 4023 Plura
638 3996 678 4024 v.
710 3997 776 4038 ap.
812 3983 1076 4025 Dindorlium
1111 3987 1151 4025 in
1186 3987 1324 4041 Steph.

273 4059 396 4088 emen
431 4057 459 4089 1.

1695 294 2333 387 ANONYMI

1492 494 1931 570 [ARRIANL
1991 501 2097 552 UT
2150 502 2528 579 FERTUR]

1721 665 2288 746 PERIPLUS

1629 855 1873 918 MARIS
1922 859 2367 934 ERYTHRAEI
2377 913 2388 923 .

1960 1062 2053 1070 ———

1444 1192 1559 1231 Inter
1575 1191 1743 1231 navium
1767 1192 1962 1232 stationes
1978 1194 2101 1233 maris
2124 1194 2325 1249 Erythraei
2344 1204 2383 1236 et
2402 1195 2627 1250 adjacentia

1390 1260 1427 1300 ei
1457 1260 1642 1315 emporia
1671 1274 1764 1315 quae
1783 1261 1869 1315 lege
1892 1271 1932 1302 et
1961 1277 2040 1303 usu
2066 1272 2228 1319 recepta
2247 1273 2358 1314 sunt,
2383 1267 2544 1319 primus
2567 1277 2627 1308 est

1388 1328 1550 1383 AEgypti
1566 1336 1712 1382 portus
1729 1329 2039 1383 Myoshormus.
2100 1331 2165 1372 Ab
2189 1345 2237 1371 eo
2259 1346 2371 1372 mare
2391 1333 2627 1387 innavigan-

1389 1398 1499 1438 tibus
1518 1406 1610 1453 post
1631 1398 1741 1439 mille
1760 1407 1800 1439 et
1820 1400 2053 1454 octingenta
2072 1399 2201 1440 stadia
2221 1415 2244 1441 a
2263 1400 2417 1441 dextris
2436 1404 2628 1443 Berenice

1390 1468 1584 1508 occurrit.
1645 1470 1832 1523 Uterque
1853 1477 1998 1524 portus
2021 1470 2065 1509 in
2095 1474 2277 1511 extrema
2298 1471 2473 1526 AEgypto
2502 1472 2624 1522 situs,

1391 1535 1506 1574 sinus
1532 1536 1658 1576 maris
1683 1536 1903 1591 Erythraei.

1390 1697 1514 1737 Thes.
1538 1713 1576 1739 v.
1601 1699 1799 1753 Βερενίκη.
1829 1702 1891 1740 De
1912 1701 2106 1741 Berenice
2131 1709 2272 1742 nostra
2286 1732 2296 1752 ,
2315 1716 2439 1756 quam
2458 1703 2628 1755 Troglo-

1395 1758 1549 1812 dytices
1565 1761 1733 1801 nomine
1753 1775 1776 1801 a
1798 1763 1991 1802 Berenice
2005 1763 2242 1817 Panchryso
2263 1772 2303 1803 et
2324 1765 2517 1803 Berenice
2532 1765 2629 1818 Epi-

1392 1820 1501 1860 dires
1516 1820 1733 1875 distinguit
1751 1822 1906 1862 Plinius
1919 1854 1930 1872 ‚
1950 1824 2236 1864 Artemidorus
2251 1832 2360 1864 recte
2381 1823 2418 1863 ἐν
2434 1825 2540 1877 βάθει
2562 1827 2629 1864 τοῦ

1398 1880 1626 1937 Ἀκαθάρτου
1649 1884 1796 1924 κόλπου
1823 1885 1942 1925 sitam
1973 1884 2088 1935 dicit,
2123 1886 2399 1926 mathematici
2426 1886 2469 1925 in
2489 1885 2629 1927 cadem

1393 1959 1488 1985 cum
1508 1946 1638 2000 Syene
1656 1945 1872 1987 latitudine
1892 1947 2158 1997 collocarunt,
2176 1948 2418 1991 Ptolemaeus
2433 1947 2631 1989 Philadel-

1391 2006 1498 2060 phus
1521 2022 1616 2048 cum
1649 2009 1782 2062 Copto
1802 2010 1867 2049 via
1883 2008 2039 2063 junxit,
2061 2009 2146 2049 vid.
2169 2010 2315 2050 Strabo
2337 2024 2380 2064 p.
2412 2010 2504 2049 133.
2531 2013 2627 2063 769.

1394 2068 1491 2119 815,
1514 2070 1670 2111 Plinius
1699 2073 1757 2120 II,
1781 2070 1848 2124 75.
1882 2072 1961 2121 Vl,
1999 2072 2067 2121 34,
2093 2071 2201 2112 Mela
2222 2074 2299 2121 ΙΙΙ,
2326 2073 2366 2121 8,
2391 2071 2630 2112 Ptolemaeus

1392 2132 1467 2180 IV,
1499 2131 1538 2172 5.
1568 2133 1687 2182 VIII,
1728 2131 1793 2182 15,
1829 2133 1927 2172 Itin.
1950 2135 2050 2173 Ant.
2080 2147 2124 2187 p.
2164 2134 2257 2187 173,
2284 2133 2388 2173 Tab.
2420 2134 2626 2186 Peuting.,

1393 2193 1545 2246 Geogr.
1568 2196 1669 2234 Rav.
1695 2196 1751 2244 II,
1781 2209 1820 2247 7,
1847 2195 2065 2247 Agathem.
2084 2197 2140 2244 II,
2166 2195 2204 2244 5,
2230 2194 2370 2248 steph.
2393 2196 2488 2248 Byz.
2513 2209 2546 2235 S.
2568 2209 2626 2243 v.,

1392 2255 1597 2308 Epiphan.
1623 2256 1777 2296 Haeres.
1806 2257 1958 2305 LXVI,
1989 2258 2206 2305 v1.'Ruinas
2237 2258 2396 2311 primus
2415 2256 2629 2310 descripsit

1391 2316 1661 2357 Wellstedius
1688 2318 1857 2357 Travels
1882 2317 1924 2357 in
1939 2317 2102 2357 Arabia
2124 2327 2154 2358 t.
2179 2320 2235 2367 H,
2260 2333 2302 2372 p.
2328 2319 2405 2358 333
2430 2332 2519 2371 sqq.
2545 2319 2628 2359 Sita

1392 2378 1490 2418 urbs
1508 2379 1580 2418 23ο
1607 2377 1672 2418 55’
1690 2379 1760 2419 lat.
1789 2378 1891 2433 (23ο
1924 2378 1990 2419 50'
2022 2394 2102 2419 sec.
2125 2380 2438 2431 Ptolemaeum).
2464 2378 2627 2421 Rudera

1363 2487 1365 2491 ι
1392 2454 1504 2480 nunc
1530 2439 1612 2480 fere
1643 2440 1769 2480 latent
1791 2440 1867 2480 sub
1896 2455 2114 2480 arenarum
2144 2441 2318 2481 cumulis
2333 2457 2343 2490 ;
2379 2455 2463 2494 prae
2485 2443 2628 2482 ceteris

1392 2500 1528 2542 adhuc
1546 2503 1813 2556 conspicuum
1832 2502 1874 2541 in
1892 2502 2026 2542 media
2037 2503 2140 2543 urbe
2155 2503 2352 2557 templum
2364 2503 2597 2556 AEgyptium
2612 2519 2624 2553 ;

1393 2563 1683 2618 circumjacent
1701 2563 1848 2604 domus
1872 2563 2109 2605 1000-1500
2127 2579 2302 2604 numero
2317 2581 2327 2615 ;
2353 2566 2427 2604 viae
2447 2573 2627 2617 angustae

1392 2626 1512 2665 rectis
1552 2634 1741 2666 secantur
1783 2627 1954 2679 anguliS.
2001 2627 2316 2681 Inscriptionem
2355 2625 2627 2667 Wellstedius

1393 2687 1545 2740 reperit
1567 2701 1692 2727 unam
1720 2700 1729 2726 ε

1757 2780 1847 2828 ὑπὲρ
1866 2779 2108 2828 βασιλ[ε’ως...
2117 2808 2126 2817 .

1759 2836 1822 2871 καὶ
1848 2835 2098 2883 βασιλίσση[ς.
2107 2863 2114 2872 .
2123 2864 2132 2872 .

1761 2890 2029 2939 Κλεοπάτ[ρας.
2039 2920 2045 2928 .
2054 2920 2064 2928 .

1762 2946 1821 2982 θεο
1826 2972 2124 2983 ........

1761 3013 1799 3037 τε
1805 3029 2093 3039 ........

1395 3118 1587 3158 Ceterum
1607 3130 1659 3156 ne
1692 3116 1870 3170 penitius
1889 3115 2028 3155 omnia
2057 3121 2306 3154 scrutaretur
2337 3111 2623 3162 Wellstedius,

1394 3187 1630 3233 temporum
1657 3178 1852 3231 angustiis
1874 3176 2184 3231 prohibebatur.
2209 3175 2411 3215 Uberiora
2438 3188 2534 3213 mox
2554 3173 2627 3214 da-

1394 3241 1456 3281 bit
1478 3240 1738 3281 doctissimus
1759 3239 1923 3293 Libycae
1944 3253 2025 3278 01·ae
2044 3238 2276 3292 explorator
2297 3236 2502 3276 Barthius.
2526 3237 2627 3276 Por-

1396 3312 1487 3344 tum
1501 3301 1773 3345 Wellstedius
1795 3315 1837 3355 p.
1865 3301 1943 3348 343
1974 3299 2074 3340 dicit
2102 3319 2118 3334 «x
2139 3314 2162 3339 a
2180 3298 2392 3352 capacious
2419 3296 2500 3336 and
2522 3296 2628 3336 well-

1396 3363 1597 3405 sheltered
1608 3364 1804 3411 harbour,
1816 3362 1951 3402 which
1967 3376 2021 3411 no
2033 3361 2151 3401 other
2161 3360 2320 3414 locality
2337 3374 2389 3399 on
2403 3359 2482 3399 this
2499 3367 2624 3409 coast,

1396 3427 1504 3468 from
1538 3424 1707 3467 latitude
1741 3425 1812 3464 23ο
1836 3433 1879 3464 to
1912 3427 1984 3472 24ο
2013 3437 2227 3477 possesses.
2268 3442 2284 3457 a
2322 3420 2447 3474 Quod
2483 3421 2628 3462 Strabo

1395 3505 1438 3545 p.
1464 3492 1509 3530 81
1523 3488 1543 3528 5
1569 3487 1692 3528 refert
1710 3487 1932 3527 Berenicen
1965 3484 2147 3540 ἀλίμενον
2170 3499 2255 3525 esse
2274 3492 2313 3524 et
2333 3497 2423 3537 quae
2452 3483 2515 3523 his
2534 3483 2628 3524 sub-

1390 3551 1542 3606 jungit,
1564 3550 1701 3589 minus
1723 3556 1910 3588 accurata
1929 3556 2040 3587 sunt.
2060 3550 2251 3588 Attamen
2267 3560 2449 3586 accessus
2465 3544 2515 3585 ad
2535 3560 2628 3600 por-

1396 3622 1484 3653 tum
1505 3626 1579 3666 per
1604 3611 1742 3650 sinum
1760 3609 2033 3650 Immundum
2050 3608 2227 3650 difficilis
2253 3616 2354 3657 erat,
2384 3622 2554 3661 eamque
2574 3607 2627 3646 ob

1397 3689 1558 3716 causam
1574 3681 1713 3727 postea
1738 3680 1998 3720 mercatores,
2022 3673 2145 3712 vitata
2172 3671 2367 3711 Berenice
2381 3701 2391 3719 ,
2415 3669 2627 3723 Myoshor-

1398 3752 1513 3778 mum
1536 3736 1672 3790 potius
1693 3743 1831 3790 petere
1853 3743 2076 3790 coeperant.
2103 3735 2119 3788 Η
2145 3758 2202 3765 —
2225 3732 2316 3787 ἀμφ
2330 3748 2349 3772 0
2362 3748 2383 3772 τ
2396 3733 2412 3772 έ
2425 3747 2443 3784 ρ
2456 3747 2486 3769 ω
2501 3746 2518 3769 ν
2543 3731 2562 3769 δ
2576 3730 2591 3770 ὲ
2606 3731 2620 3783 ]

1397 3803 1504 3840 Voc.
1522 3798 1561 3838 δὲ
1584 3798 1714 3838 codex
1732 3813 1816 3838 non
1834 3797 1878 3838 h.
1897 3798 1942 3847 1.,
1964 3796 2035 3837 sed
2050 3805 2142 3851 post
2160 3811 2199 3836 v.
2223 3795 2360 3836 κόλποι
2374 3793 2508 3833 habet.
2537 3793 2550 3844 Η
2571 3815 2627 3822 —

1400 3880 1422 3903 κ
1436 3864 1536 3902 εῖντ
1550 3862 1623 3915 αι]
1650 3861 1800 3900 κεῖσθαι
1820 3860 1991 3900 verbum
2024 3858 2230 3899 interdum
2249 3858 2367 3897 etiam
2386 3854 2437 3894 de
2456 3853 2626 3893 sinubus

1400 3925 1614 3977 fluviisque
1635 3931 1871 3977 usurpatur.
1897 3925 2117 3976 Perperam
2141 3921 2253 3960 hunc
2277 3919 2411 3958 locum
2433 3917 2632 3970 interpre-

1400 3996 1509 4028 tatur
1529 3985 1803 4027 Schwanbeck
1824 3986 1866 4024 in
1889 3984 2029 4025 Rlzein.
2054 3986 2240 4024 Muscam
2263 3979 2361 4022 1851
2381 4011 2391 4028 ,
2411 3993 2452 4033 p.
2473 3980 2567 4026 484.

2414 4053 2451 4086 17
