2756 4354
116 211 248 249 [xxx
454 205 500 248 Ο

190 343 295 387 ¹¹9·
317 326 549 386 Anonymi
566 324 794 383 Periegesi
813 322 1019 369 iambicae
1035 319 1231 367 similem
1248 318 1360 367 sub·
1426 320 1686 383 jejuniores
1721 324 1769 370 td
1806 339 1974 371 nomen
2008 340 2036 372 a
2070 327 2294 388 prosaicis
2321 328 2584 386 fragmentis

1397 405 1404 423 ³
1432 396 1749 444 trimetrorum
1773 409 2005 445 auctorem
2028 415 2267 462 perperam
2294 403 2562 448 translatum
2586 419 2619 449 v

116 403 313 462 jecimus
344 400 557 448 ‘libellum
594 400 866 453 metricum,
913 397 986 442 cui
1034 395 1084 441 in
1120 394 1360 444 codicibus

123 478 284 525 titulus
295 487 363 525 est
376 496 387 523 :
401 477 657 538 Δικαιάρχου
670 473 886 536 ἀναγραφὴ
901 471 1119 524 Ἑλλάδος.
1130 471 1360 520 Similiter

124 552 344 616 ἀναγραφὴ
367 552 593 599 vocabulo
626 549 876 595 Gemistius
899 547 1063 595 Pletbo
1097 548 1263 606 utitur,
1285 564 1358 595 ca·

122 629 220 692 pita
260 629 464 690 quaedam
506 624 794 686 geographiae
823 638 850 670 e
882 621 1108 671 Strabone
1145 636 1361 688 excerpta

123 704 382 750 inscribens
419 700 636 762 ἀναγραφὴ
660 699 926 756 Θεσσαλίας,
948 710 1035 747 etc.
1061 700 1215 748 Inerat
1244 718 1360 764 opu-

124 780 252 827 sculo
293 789 448 824 nostro
489 776 679 823 Graeciae
724 776 1075 839 insularumque
1108 793 1357 838 graecarum

124 853 365 918 perbrevis
394 852 643 914 descriptio
660 852 711 898 in
733 868 867 899 usum
899 869 1169 916 puerorum.
1189 853 1359 914 Super·

124 940 228 977 sunt
260 930 510 988 fragmenta
542 928 664 984 duo,
696 944 895 990 quornm
921 930 1114 977 alterum
1158 930 1360 976 Helladis

124 1008 333 1066 regiones
356 1005 414 1051 ab
449 1003 695 1051 Ambracia
723 1020 871 1067 usque
903 1005 960 1051 ad
990 1005 1359 1067 Peloponnesum

124 1091 343 1136 recenset,
368 1081 558 1127 alterum
577 1080 724 1127 Cretae
741 1079 878 1128 urbes
892 1090 938 1127 et
951 1080 1172 1142 Cyclades
1194 1080 1364 1145 Spora-

124 1156 294 1219 desque
311 1157 487 1203 insulas
502 1156 708 1204 exhibet.
734 1156 861 1204 Inter
882 1157 974 1203 duo
993 1159 1089 1203 haec
1113 1157 1363 1217 fragmenta

122 1233 302 1295 poetica
332 1233 554 1280 librarius
598 1233 879 1295 interposuit
924 1233 1165 1295 scriptoris
1198 1233 1360 1279 incerti

125 1307 377 1368 fragmenta
409 1300 508 1354 duo'
536 1307 750 1368 prosaria
778 1307 836 1353 de
855 1308 1005 1353 Attica
1024 1318 1069 1353 et
1093 1307 1269 1353 Boeotia
1287 1308 1343 1354 de

123 1399 215 1446 que
226 1384 467 1431 Thessalia
489 1384 680 1431 Graeciae
702 1384 1007 1441 accensenda,
1028 1394 1081 1431 ut
1101 1400 1240 1447 supra
1258 1386 1286 1445 S
1303 1401 1360 1443 72

123 1458 215 1519 iam
237 1460 447 1522 exposui.
484 1460 638 1506 Priori
674 1460 924 1519 fragmento
944 1460 1136 1506 metrico
1161 1461 1363 1522 praemit-

126 1534 238 1581 titur
271 1535 577 1596 prooemium,
605 1535 654 1580 in
689 1550 783 1596 quo
815 1534 1183 1597 Theophrastum
1218 1550 1360 1596 quen-

124 1607 228 1654 dam
245 1619 404 1655 auctor
419 1609 687 1670 alloquitur.
706 1609 867 1655 Sermo
885 1620 927 1655 et
952 1625 1097 1656 nexus
1116 1611 1363 1656 sententia·

127 1700 225 1731 rum
252 1701 393 1746 quum
430 1700 514 1748 per
546 1695 684 1731 totam
709 1686 1090 1747 scriptiunculam
1117 1685 1364 1733 imbecillis

124 1769 209 1814 est,
233 1769 328 1805 tum
352 1775 465 1807 vero
487 1761 536 1807 in
559 1760 644 1807 hac
661 1761 857 1807 maxime
875 1761 1145 1823 prael'atione
1171 1763 1363 1823 puerilis

125 1849 317 1896 prorsus
343 1836 556 1882 anilisve.
593 1835 787 1883 Causam
822 1838 891 1883 rei
926 1836 1146 1883 Lehrsius
1186 1837 1359 1883 docuit.

125 1908 353 1957 Nimirum
374 1911 461 1958 hoc
476 1928 617 1959 unum
635 1913 911 1959 allaboravit
932 1924 1109 1974 auctor,
1130 1923 1181 1959 ut
1197 1914 1363 1973 viginti

125 1996 220 2033 tres
257 1988 512 2036 versiculos
549 1991 832 2037 acrostichas
868 1992 1136 2047 excuderet,
1165 1994 1362 2053 quorum

124 2063 287 2125 primae
312 2065 458 2111 literae
481 2066 530 2112 in
553 2083 695 2113 unum
729 2068 929 2113 collectae
955 2066 1127 2113 librum
1156 2077 1362 2113 nostrum

124 2138 374 2201 prodgrent
412 2141 569 2188 l'oetum
606 2157 706 2188 esse
741 2141 1025 2189 Διονυσίου
1053 2146 1145 2188 τοῦ
1171 2144 1364 2188 Καλλι-

125 2215 334 2277 φῶντος.
360 2216 495 2271 Quod
525 2218 710 2278 quidem
745 2220 989 2265 artificium
1021 2235 1048 2264 a
1071 2219 1228 2265 multis
1257 2220 1365 2265 inde

124 2292 490 2340 seculislatuisse
507 2294 672 2340 docent
687 2295 893 2351 codices,
908 2296 957 2341 in
974 2292 1146 2356 quibus
1165 2312 1362 2357 opuscu-

124 2366 218 2412 lum
243 2368 507 2415 Dicaearcho
536 2369 786 2430 affingitur.
820 2371 906 2417 Cui
940 2383 1196 2417 commento
1215 2372 1256 2417 T
1259 2372 1363 2418 heo·

126 2441 337 2502 phi-astus
367 2444 446 2490 ille
475 2445 524 2490 in
548 2447 777 2506 prooemio
798 2456 1077 2492 memoratus
1100 2462 1255 2492 ansam
1281 2447 1365 2493 de-

127 2518 249 2565 disse
276 2520 460 2566 videtur
485 2522 500 2582 (
523 2521 583 2568 cf.
613 2537 753 2583 supra
775 2525 801 2582 5
825 2526 925 2582 74).
951 2522 1237 2581 Quamquam
1273 2540 1365 2570 non

126 2593 368 2640 defuerunt
391 2596 526 2650 olim,
553 2597 633 2657 qui
658 2597 887 2642 misellum
920 2613 1085 2656 poema
1108 2614 1133 2642 a
1165 2599 1365 2643 Dicaear-

127 2667 214 2715 cho
237 2667 460 2716 Messenio
497 2687 588 2717 non
621 2672 821 2718 alienum
842 2687 940 2719 esse
962 2672 1240 2719 dictitarent.
1266 2674 1361 2719 Alii

1035 2824 1317 2872 lSlDORUS
1352 2822 1779 2872 CHARACENUS.

198 2962 301 3006 123.
325 2959 490 3006 lsidori
517 2961 766 3008 Characeni
790 2974 1034 3024 supersunt
1060 2964 1108 3008 in
1129 2962 1367 3008 codicibus

129 3033 343 3096 excerpta
359 3035 664 3097 geographica
680 3071 692 3091 ,
715 3053 816 3097 quae
840 3036 1159 3083 inscribuntur
1179 3038 1367 3097 Σταθμοὶ

133 3109 352 3171 Παρθικοί.
380 3111 645 3157 Delineatur
668 3112 726 3157 iis
755 3114 1043 3158 itinerarium
1065 3128 1147 3173 per
1165 3112 1367 3159 Parthici

132 3185 318 3247 imperii
340 3187 605 3247 provincias
622 3186 732 3232 inde
746 3202 772 3232 a
790 3186 1034 3247 Zeugmate
1059 3187 1373 3250 Euphratense

133 3275 278 3321 usque
296 3261 353 3307 ad
372 3260 694 3307 Alexandriam
715 3262 991 3309 Arachosiae.
1012 3263 1238 3309 Praeterea
1258 3265 1373 3310 scri·

135 3345 281 3395 ptoris
329 3337 475 3383 nostri
520 3337 829 3383 meminerunt
873 3337 1079 3395 Plinius,
1123 3338 1371 3396 Lucianus‚

137 3411 396 3466 Athenaeus,
415 3413 678 3460 Marcianus
698 3413 1038 3472 lleracleensis3
1066 3414 1229 3462 horum
1249 3418 1374 3463 enim

14 3510 17 3511 ⁷
74 3547 75 3550 Ἰ
137 3487 396 3533 testimonia
420 3488 474 3532 ad
496 3505 636 3534 unum
662 3491 949 3552 eundemque
974 3493 1204 3553 pertinere
1226 3492 1374 3539 lsido-

109 3612 115 3618 ,
138 3577 242 3609 rum
266 3563 382 3608 nihil
406 3575 472 3609 est
507 3581 590 3609 cur
619 3577 820 3625 negetur.
846 3566 900 3612 Et
926 3570 1165 3613 Athena-us
1187 3569 1373 3630 quidem

139 3636 245 3699 (ΙΙΙ,
262 3639 396 3700 p.93,
424 3639 485 3698 D)
504 3643 774 3699 margaritas
792 3642 839 3687 in
860 3643 963 3687 sinu
981 3643 1168 3689 Persico
1192 3645 1375 3705 piscati·-

135 3712 187 3760 tli
221 3713 444 3759 rationem
480 3729 506 3759 e
534 3715 773 3776 Παρθίας
808 3720 1171 3781 περιηγητικῷ
1211 3718 1374 3765 Isidori

116 3784 389 3835 'Characeni
424 3789 646 3845 reserens,
672 3790 831 3835 eodem
853 3806 1014 3852 opere,
1056 3807 1112 3838 ex
1142 3808 1234 3853 quo
1255 3809 1377 3839 man·

138 3863 291 3911 aiones
305 3862 527 3910 Partlticae
544 3874 804 3925 enotantur,
830 3881 940 3912 usus
962 3882 1060 3912 esse
1082 3867 1275 3913 videtur.
1298 3872 1377 3913 Lu

185 3980 234 4029 (⁶)
257 3981 299 4020 ld
318 3982 419 4020 enim
442 3980 574 4021 suadet
591 3982 726 4021 auctor
747 3982 876 4031 peripli
901 3983 1015 4023 maris
1044 3985 1228 4033 Erythra-i
1247 3983 1270 4033 ς
1294 3988 1336 4025 3¹·
1362 3995 1399 4035 p
1427 3989 1510 4032 283,
1535 3991 1572 4033 6,
1592 3987 1657 4036 qni
1687 3998 1792 4027 oram
1817 3989 1962 4030 Arabim
1990 3989 2208 4030 orientalem
2229 3987 2315 4027 inde
2339 3985 2388 4025 ab
2408 3983 2520 4025 Aslch
2544 3971 2675 4024 monte
2707 4010 2710 4013 <

137 4033 248 4076 (Bas
265 4036 409 4086 Haailt)
428 4040 505 4083 τῆς
522 4036 744 4087 Περσίδος
765 4047 846 4078 esse
860 4037 967 4079 dicit.

843 190 1163 240 moNYsms
1197 183 1668 240 AGLAOPHONTts
1711 194 1929 243 FlLlUS.

1431 470 1644 528 luerunt;
1671 473 1794 534 quod
1812 474 1963 534 ipsum
1980 490 2166 536 quoque
2183 475 2365 523 admitti
2387 478 2562 538 nequit.
2633 491 2639 500 ·

1499 562 1603 595 120.
1624 547 1818 602 Quando
1837 549 2010 595 vixerit
2025 549 2279 610 Dionysius
2302 553 2473 598 nescio.
2498 553 2565 597 De
2590 551 2653 600 Le

1429 619 1574 667 badea
1609 637 1747 683 agens
1786 622 1902 671 dicit
1929 625 1944 684 (
1963 640 2010 669 v.
2050 625 2112 683 98
2128 623 2141 684 )
2160 639 2172 670 2
2214 626 2454 688 Τροφωνίου
2490 625 2593 673 ὅπου
2622 625 2673 677 τὶ

1430 698 1623 754 μαντεῖον
1659 696 1825 759 λέγουσι
1845 698 2080 761 γιγονίναις
2115 698 2239 759 quod
2273 700 2509 747 oraculum
2526 716 2670 763 quum

1430 770 1669 818 Pausaniae
1703 774 1990 835 temporibus
2036 773 2183 820 adhuc
2223 774 2433 821 floruisse
2469 786 2674 838 constet,

1432 844 1701 906 Dionysius,
1715 848 1756 893 si
1776 862 1935 894 vocem
1958 849 2166 910 γεγονέναι
2185 865 2321 896 sensu
2334 851 2528 912 proprio
2538 867 2672 915 usur·

1433 921 1578 981 pavit,
1595 920 1644 967 in
1658 921 1879 970 citeriora
1893 923 2054 984 utique
2065 933 2273 986 tempora
2293 925 2573 986 rejiciendus
2582 936 2668 976 est.

1432 993 1501 1039 Ex
1517 996 1740 1041 orationis
1767 996 1953 1043 miseria
1971 997 2020 1043 in
2042 997 2270 1059 ejusmodi
2290 1001 2533 1047 versiculis
2546 1016 2674 1048 mne-

1432 1072 1706 1118 moneuticis
1735 1082 2053 1132 argumentum
2081 1074 2140 1119 de
2163 1084 2292 1121 aetate
2310 1077 2552 1138 scriptoris
2573 1094 2673 1125 cer-

1435 1146 1526 1191 tius
1539 1147 1632 1207 peti
1651 1147 1731 1192 vix
1751 1157 1915 1209 potest.
1936 1147 2147 1194 Ceterum
2167 1148 2314 1196 sontes
2330 1149 2542 1198 adhibuit
2556 1154 2673 1199 anti·

1433 1237 1575 1282 quos3
1604 1222 1789 1269 disertis
1819 1222 1976 1269 verbis
2012 1223 2168 1269 laudat
2205 1224 2415 1270 Phileam
2446 1226 2543 1286 (vs.
2572 1228 2674 1289 33);

1434 1296 1698 1342 affinitatem
1732 1313 1835 1358 quae
1856 1299 1904 1343 in
1937 1298 2060 1344 haud
2094 1300 2254 1360 paucis
2287 1299 2331 1346 ei
2351 1316 2454 1347 cum
2474 1300 2675 1350 Pseudo·

1433 1371 1638 1433 Scylacis
1664 1372 1844 1434 periplo
1864 1372 2115 1419 intercedat
2137 1389 2276 1434 supra
2294 1375 2422 1435 attigi
2449 1377 2506 1437 (S
2528 1392 2587 1434 70
2609 1375 2643 1439 ).

1503 1463 1607 1493 121.
1650 1446 1835 1493 Utilitas
1875 1447 1986 1493 libri
2016 1449 2209 1509 exigua,
2235 1465 2377 1510 quum
2401 1450 2676 1514 plerumque

1434 1522 1621 1569 nonnisi
1654 1538 1828 1569 summa
1851 1538 2004 1569 rerum
2028 1524 2178 1585 capita
2199 1522 2349 1570 obiter
2367 1529 2677 1587 perstringan-

1434 1609 1524 1644 tur.
1540 1597 1771 1644 Nonnulla
1807 1611 1958 1644 tamen
1991 1598 2413 1661 deprehenduntur,
2433 1599 2491 1647 de
2505 1601 2678 1662 quibus

1434 1674 1620 1721 aliunde
1642 1691 1734 1720 non
1754 1686 1956 1731 constat,
1983 1685 2035 1721 ut
2056 1690 2125 1721 vs.
2161 1677 2221 1721 28
2244 1676 2300 1721 de
2314 1674 2567 1723 Ambracio
2585 1676 2673 1725 Mi-

1435 1767 1585 1798 nervae
1602 1752 1789 1814 templo,
1814 1768 1884 1798 vs.
1906 1752 1964 1798 55
1984 1753 2041 1798 de
2066 1753 2276 1800 Herculis
2287 1764 2332 1799 et
2346 1752 2536 1799 Veneris
2559 1753 2680 1803 sanis

1435 1828 1484 1873 in
1506 1828 1666 1888 Alyzia
1685 1827 1880 1890 oppid0,
1897 1843 1963 1874 vs.
1978 1829 2035 1885 67
2056 1829 2112 1874 de
2133 1828 2342 1874 Locridis
2362 1828 2506 1875 fluvio
2523 1829 2676 1891 Hylae·
2714 1863 2725 1867 ‚⁴

1435 1904 1532 1961 tho,
1558 1921 1606 1952 v.
1626 1921 1686 1967 90
1706 1904 1762 1950 de
1784 1906 1875 1950 situ
1893 1904 2059 1962 Eresii,
2075 1922 2145 1952 vs.
2171 1907 2257 1951 126
2281 1905 2338 1951 de
2355 1905 2503 1951 Cretae
2519 1905 2690 1954 fluviis·

1435 1979 1673 2042 Didymis,
1730 1980 2014 2026 Maenomeno
2030 2015 2043 2037 ,
2078 1980 2295 2037 Cedriso,
2336 1981 2676 2043 Amphimallo,

1436 2055 1663 2118 Messapio
1706 2055 1897 2101 Boeotiae
1930 2055 2069 2101 urbes
2093 2057 2156 2101 ita
2179 2066 2384 2101 recenset
2401 2089 2414 2115 ,
2433 2066 2484 2101 ut
2504 2055 2561 2105 ad
2586 2055 2679 2103 tio·
2715 2103 2718 2107 ,

1436 2131 1651 2176 mericam
1673 2130 1998 2191 geographiam
2027 2130 2098 2175 vel
2125 2131 2223 2192 ipse
2242 2131 2312 2176 vel
2337 2141 2515 2191 auctor,
2539 2146 2677 2193 quem
2711 2148 2719 2152 ”

1436 2207 1660 2268 sequitur,
1682 2206 1939 2253 attenderit.

1505 2299 1609 2328 122.
1626 2285 1871 2328 Ediderune
1889 2283 2077 2329 metrica
2093 2282 2191 2328 haec
2208 2283 2348 2328 iidem
2366 2283 2452 2345 qui.
2469 2283 2673 2347 interpo-

1437 2358 1525 2404 sita
1549 2358 1609 2404 iis
1629 2359 1841 2420 prosaica
1863 2358 2027 2405 incerti
2059 2358 2258 2405 auctoris
2280 2359 2533 2418 fragmenta
2553 2360 2680 2420 typis

1436 2433 1712 2479 mandarunt
1734 2449 1895 2479 omnes
1931 2433 2019 2495 (V.
2053 2436 2080 2494 S
2112 2435 2227 2493 75).
2260 2432 2433 2481 l’raeter
2469 2432 2553 2482 hos
2594 2431 2677 2482 1.ae-

1439 2511 1651 2557 tronnius
1687 2520 1731 2555 et
1754 2510 2009 2556 Meinekius
2033 2526 2087 2557 ea
2120 2510 2429 2571 adjunxerunt
2453 2499 2720 2577 periegeaiff

1436 2586 1625 2647 Scymni
1646 2585 1750 2631 Chii
1773 2588 1830 2645 (S
1858 2587 1982 2648 118).

1439 2963 1626 3021 cianus(
1650 2960 1853 3009 Mam-ob.
1881 2978 1921 3006 c.
1955 2962 2007 3007 15
2022 2972 2067 3007 et
2095 2961 2176 3023 18)
2202 2962 2259 3008 de
2281 2964 2547 3011 Artaxerxis
2563 2964 2677 3012 Pet·-

1440 3053 1500 3083 sae
1516 3049 1559 3084 et
1590 3037 1741 3083 Goaesi
1761 3038 2041 3086 Omanorum
2071 3039 2192 3099 regis
2217 3039 2507 3099 longaevitate
2531 3038 2698 3087 Iside·-

1440 3129 1539 3158 rum
1589 3113 1657 3158 τὸν
1715 3113 1961 3174 Χαρακηνὸν
2009 3114 2246 3175 συγγραφέα
2294 3115 2510 3173 laudans,
2567 3130 2676 3162 num

1441 3189 1635 3235 Parthiae
1645 3189 1999 3251 descriptionem
2020 3206 2074 3235 an
2090 3190 2214 3236 aliud
2230 3190 2458 3251 quoddam
2469 3190 2675 3250 ignotum

1443 3264 1577 3311 nobis
1595 3281 1713 3326 opus
1734 3277 1837 3311 ante
1860 3266 2018 3311 oculos
2045 3265 2281 3321 habuerit,
2313 3266 2552 3326 quaeritur.
2580 3265 2677 3327 Ego

1439 3340 1625 3402 quidem
1648 3351 1697 3386 ut
1734 3341 1820 3386 hoc
1854 3343 2089 3402 praefracte
2115 3357 2279 3402 negare
2296 3357 2388 3388 non
2412 3343 2585 3404 ausim,
2609 3343 2677 3391 sic

1437 3415 1551 3462 illud
1573 3431 1672 3462 esse
1702 3418 1800 3461 veri
1823 3416 1966 3462 multo
1998 3416 2195 3463 similius
2217 3416 2359 3475 duco;
2388 3434 2490 3463 nam
2522 3418 2676 3466 Persas

1436 3502 1545 3538 tunc
1563 3507 1620 3538 ex
1639 3491 1912 3538 Parthorum
1934 3493 2132 3555 imperio
2155 3494 2441 3555 pendebant,
2470 3495 2675 3542 Omano-

1436 3583 1537 3614 rum
1579 3582 1693 3613 vero
1739 3568 1973 3629 principes
2009 3568 2065 3613 ad
2104 3570 2337 3628 regionem
2386 3569 2676 3632 pertinebant

1436 3643 1602 3689 ditioni
1622 3642 1847 3688 Parthicae
1865 3646 2194 3690 conterminam
2220 3655 2264 3690 et
2288 3644 2494 3692 fortassis
2526 3645 2673 3707 ipsam
2722 3664 2724 3667 ’

1437 3732 1624 3779 quoque
1642 3716 1825 3763 Parthis
1849 3715 2093 3764 obnoxiam
2109 3720 2177 3779 (⁴¹).
2207 3718 2304 3765 lluc
2327 3718 2523 3775 accedit,
2545 3718 2671 3780 quod

1438 3792 1647 3851 regiones
1689 3792 1745 3837 ad
1782 3793 1934 3839 sinum
1973 3793 2207 3840 Persicum
2246 3794 2356 3840 sitas
2378 3808 2405 3838 a
2444 3792 2670 3854 periegesi

1439 3867 1650 3915 Paithica
1667 3885 1759 3914 non
1771 3869 1943 3916 alienas
1961 3869 2099 3916 fuisse
2118 3886 2175 3917 ex
2192 3869 2407 3916 Athenaeo
2419 3866 2671 3927 colligitur.
