2808 4342
38 909 76 940 10

110 173 192 236 (δὴ

104 276 258 339 γομένη
291 274 450 337 μοναχὴ
465 308 477 330 ,
514 273 585 319 καὶ
618 275 932 332 σαγματογῆναι
973 271 1043 318 καὶ
1079 273 1348 334 περιζώματα

108 345 180 391 καὶ
213 343 416 391 καυνάκαι
450 341 520 387 καὶ
557 341 755 402 μολόχινα
785 340 855 386 καὶ
894 340 1069 392 σινδόνες
1108 340 1243 400 ὀλίγαι
1278 349 1350 388 καὶ

104 413 254 464 λάκκος
269 408 556 474 χρωμάτινος.’
613 409 796 472 Φέρεται
816 408 858 455 δὲ
879 409 961 455 ἀπὸ
984 412 1064 455 τῶν
1087 410 1224 455 τόπων
1249 410 1344 456 ἕλε’-

104 500 181 545 φας
198 479 268 526 καὶ
288 477 450 541 χελώνη
470 477 541 523 καὶ
566 477 793 540 ῥινόκερως.
862 477 930 524 Τὰ
954 477 996 524 δὲ
1018 479 1193 524 πλεῖστα
1213 480 1260 524 ἐκ
1275 483 1348 535 τῆς

105 547 317 609 Αἰγύπτου
338 548 502 610 φέρεται
536 549 591 599 εἷς
626 546 672 592 τὸ
707 546 903 608 ἐμπόριον
936 551 1056 592 τοῦτο
1095 547 1178 592 ἀπὸ
1219 547 1346 606 μηνὸς

102 615 354 677 Ἰανουαρίου
375 617 498 679 μέχρι
516 620 588 662 τοῦ
608 615 920 678 Σεπτεμὸρίου,
938 614 962 660 ὅ
985 612 1097 662 ἐστιν
1131 615 1212 661 ἀπὸ
1236 616 1346 662 Τυὸὶ

102 683 177 738 ἕως
204 684 317 733 Θώθ·
356 685 554 748 εὐκαίρως
573 685 614 730 δὲ
647 684 729 730 ἀπὸ
751 685 965 746 Αἰγύπτου
988 684 1210 746 ἀνάγονται
1247 686 1344 748 περὶ

100 752 166 798 τὸν
190 753 477 815 Σεπτέμὸριον
499 758 627 814 μῆνα.

163 839 200 870 7.
217 819 329 879 Ἤδη
353 823 434 886 [δὲ]
454 825 518 868 ἐπ’
540 822 742 879 ἀνατολὴν
760 827 781 869 ὃ
797 822 1012 885 Ἀραὸικὸς
1026 821 1176 876 κόλπος
1201 823 1346 869 διατεί-

101 908 158 938 νει
175 892 246 938 καὶ
268 893 376 938 κατὰ
396 892 466 938 τὸν
487 893 699 948 Αὐαλίτην
721 892 902 952 μάλιστα
922 897 1149 938 στενοῧται.
1220 893 1344 940 Μετὰ

106 960 148 1007 δὲ
167 961 354 1014 σταδίους
376 961 469 1013 ὡςεὶ
489 962 846 1024 τετρακιςχιλίους,
864 961 971 1007 κατὰ
988 961 1062 1017 τὴν
1082 961 1207 1017 αὐτὴν
1227 962 1346 1019 ἤπει-

103 1049 169 1093 ρον
195 1033 249 1083 εἷς
284 1031 489 1087 ἀνατολὴν
509 1031 740 1089 πλεόντων,
766 1032 872 1077 ἔστιν
900 1031 1006 1077 ἄλλα
1030 1032 1208 1095 ἐμπόρια
1233 1034 1344 1094 Βαρ-

64 1155 66 1158 ,
102 1099 274 1163 ὄαρικὰ,
299 1100 349 1146 τὰ
372 1100 502 1163 πέραν
523 1101 746 1162 λεγόμενα,
767 1101 936 1161 κείμενα
961 1100 1035 1161 μὲν
1057 1101 1164 1146 κατὰ
1188 1101 1233 1147 τὸ
1253 1101 1344 1156 ἑξῆς

20 1255 78 1296 ,15

104 1169 410 1231 ἀγκυροὸολίοις
445 1169 488 1214 δὲ
512 1169 583 1215 καὶ
616 1170 754 1222 σάλοις
777 1170 925 1232 ἔχοντα
944 1170 1037 1222 τοὺς
1060 1169 1206 1234 ὅρμους
1236 1168 1345 1215 κατὰ

102 1238 266 1300 καιροὺς
301 1239 569 1295 ἐπιτηδείους.
642 1242 811 1302 Πρῶτος
835 1238 950 1299 μὲνὸ
986 1239 1203 1299 λεγόμενος
1227 1240 1343 1284 Aba·

101 1308 231 1364 λίτης,
257 1311 349 1354 καθ’
373 1308 415 1354 ὃν
439 1308 510 1354 καὶ
531 1308 780 1361 στενώτατός
804 1311 911 1355 ἔστιν
931 1309 1011 1354 ἀπὸ
1031 1312 1102 1364 τῆς
1122 1308 1344 1371 Ἀραὸικῆς

101 1466 200 1520 κον]
223 1468 285 1506 Eo
304 1467 473 1507 nomine
495 1480 627 1521 quum
654 1468 788 1508 Graeci
819 1476 1068 1509 mercatores
1090 1468 1174 1508 lina
1206 1468 1345 1523 xylina

103 1528 187 1567 sive
208 1541 230 1567 e
256 1528 445 1582 gossypio
469 1528 645 1569 arboreo
683 1537 795 1570 texta
827 1528 1117 1583 designarent,
1142 1530 1241 1569 hinc
1271 1528 1344 1570 de-

100 1590 232 1630 rivare
269 1603 412 1629 vocem
449 1589 592 1629 ot-hon
620 1589 634 1645 (
658 1591 687 1629 i.
716 1605 753 1630 e.
779 1591 1038 1630 mousselines
1053 1593 1086 1644 ),
1111 1605 1202 1645 quae
1234 1591 1345 1646 apud

99 1665 175 1692 nos
197 1651 345 1692 abierit
366 1652 409 1692 in
431 1660 590 1702 cotton,
615 1660 754 1692 censet
772 1652 904 1692 Ritter
939 1653 995 1702 X,
1016 1666 1060 1706 p.
1092 1656 1212 1693 1061.
1247 1653 1263 1706 Η
1288 1676 1344 1684 —

105 1726 141 1754 1.
159 1712 183 1765 ἣ
201 1713 373 1769 λεγομ.
402 1728 490 1769 μον
504 1711 600 1768 αχὴ
621 1714 704 1754 καὶ
727 1717 1122 1770 σαγματογῆναι]
1138 1714 1202 1754 Cf.
1223 1717 1245 1766 S
1265 1718 1312 1763 14
1331 1728 1341 1755 :

100 1775 166 1815 καὶ
181 1775 350 1827 ὀθόνιον,
371 1776 396 1828 ἥ
416 1792 457 1817 τε
480 1774 634 1831 μοναχὴ
659 1776 724 1817 καὶ
744 1776 767 1828 ἣ
787 1776 1085 1832 σαγματογήνη.
1107 1775 1231 1816 Unde
1250 1777 1293 1817 h.
1311 1777 1340 1818 l.

99 1837 387 1892 reponendum
421 1838 526 1878 mihi
562 1837 727 1879 videtur
748 1852 758 1879 :
794 1838 947 1889 ὀθόνιον
989 1838 1132 1879 ἰνδικὸν
1147 1869 1159 1890 ,
1201 1839 1247 1879 τό
1267 1839 1340 1894 [τε]

102 1899 355 1955 πλατύτερον,
373 1899 397 1951 ἦ
413 1899 503 1956 λεγ.
528 1899 700 1956 μοναχὴ,
722 1901 787 1942 καὶ
809 1900 866 1956 [ἣ]
880 1901 1179 1957 σαγματογήνη.
1201 1902 1345 1942 Priore

102 1961 272 2001 nomine
292 1962 429 2016 ipsum
458 1962 560 2003 illud
582 1962 735 2004 ὀθόνιον
758 1962 804 2003 τὸ
833 1963 1071 2018 πλατύτερον
1102 1963 1341 2014 vocabatur,

88 2022 272 2064 valterum
290 2025 521 2066 Vincentus
536 2027 592 2075 H,
613 2040 656 2080 p.
674 2028 755 2080 749
771 2026 899 2067 refert
913 2026 966 2067 ad
984 2027 1222 2082 gossypium
1237 2026 1343 2067 infe·

98 2086 220 2127 rioris
248 2095 380 2138 notae‚
401 2102 485 2143 quo
514 2088 739 2130 utebantur
765 2089 818 2130 ad
841 2089 1070 2130 farciendas
1092 2089 1281 2130 culcitras
1304 2098 1345 2130 et

99 2147 285 2201 clitellas,
310 2149 477 2190 laudato
498 2151 699 2192 Strabone
716 2152 814 2201 XV,
835 2166 878 2207 p.
906 2153 985 2205 693
1016 2165 1025 2192 ε
1052 2152 1094 2193 ἐκ
1127 2152 1265 2192 τούτου
1292 2152 1344 2209 (e

99 2211 317 2268 gossypio)
343 2211 384 2252 δὲ
402 2212 577 2268 Νέαρχός
597 2229 689 2268 φησι
711 2213 777 2260 τὰς
800 2213 993 2268 εὖητρίους
1011 2214 1234 2268 ὑφαίνεσθαι
1265 2229 1344 2255 σιν-

97 2273 232 2320 δόνας·
260 2273 348 2321 τοὺς
369 2272 410 2314 δὲ
432 2274 659 2322 Μακεδόνας
681 2274 768 2316 ἀντὶ
787 2275 993 2330 κναφάλων
1011 2275 1142 2323 αὑτοῖς
1156 2277 1340 2330 χρῆσθαι,

102 2335 168 2376 καὶ
189 2337 271 2382 τοῖς
290 2337 463 2391 σάγμασι
479 2338 613 2392 σάγης.
636 2338 773 2378 Etiam
791 2352 905 2378 nunc
923 2338 967 2377 in
981 2341 1175 2378 Sumatra
1190 2346 1231 2378 et
1256 2342 1344 2393 Cey-

100 2398 167 2437 lon
186 2412 263 2453 pro
282 2406 468 2439 tomento
497 2401 735 2455 gossypium
754 2401 960 2455 usurpari.
982 2401 1036 2440 Et
1063 2401 1151 2440 haec
1174 2399 1343 2454 quidem

100 2459 331 2514 probabilia
348 2469 459 2511 sunt,
481 2475 733 2515 quamquam
752 2462 881 2516 ipsius
903 2461 1093 2502 vocabuli
1116 2463 1222 2502 ratio
1237 2477 1343 2503 non-

102 2519 205 2560 dum
223 2522 319 2561 satis
342 2530 525 2577 apparet.
548 2522 676 2576 Quod
696 2523 928 2564 Vincentus
946 2524 1144 2578 proponit
1160 2524 1239 2577 leg.
1258 2538 1344 2564 esse

103 2583 376 2638 σαγματογένη
398 2585 415 2637 (
427 2585 486 2625 sic
501 2586 534 2639 ),
566 2604 583 2620 n
603 2585 671 2625 the
689 2589 782 2626 Sort
804 2585 854 2626 of
868 2593 1011 2626 cotton
1028 2585 1131 2626 used
1154 2585 1219 2627 for
1240 2587 1343 2627 stuf-

101 2644 188 2698 fing
209 2664 248 2696 n,
270 2646 388 2686 nihili
413 2655 486 2687 est.
511 2646 627 2688 Idem
649 2662 793 2689 vocem
815 2647 969 2704 μοναχὴ
991 2649 1237 2690 vertendum
1257 2652 1346 2706 opi-

101 2715 226 2748 natur
249 2707 531 2763 particularly
541 2709 644 2764 fine.
666 2710 911 2762 Salmasius,
943 2711 971 2751 l.
996 2711 1024 2752 l.
1048 2726 1092 2766 p.
1125 2714 1207 2761 824
1236 2712 1344 2754 hanc

100 2769 224 2810 habet
242 2769 488 2824 farraginem
512 2784 521 2812 :
549 2789 565 2810 «
587 2774 667 2813 Per
687 2771 865 2828 μοναχὴν
891 2773 1031 2826 ὀθόνην
1050 2774 1234 2829 intelligo
1258 2777 1344 2816 sin-

101 2832 283 2886 gularem
316 2847 367 2873 ex
403 2833 489 2874 lino
512 2842 667 2875 vestem
701 2836 767 2876 vel
790 2837 988 2876 tunicam.
1021 2838 1046 2877 J
1047 2837 1345 2879 urisconsultus

99 2894 329 2947 singulares
348 2897 507 2937 tunicas
530 2906 649 2938 vocat
664 2929 674 2948 ,
700 2913 792 2953 quae
811 2900 854 2939 in
873 2899 1085 2954 synthesin
1109 2901 1346 2955 compositae

102 2971 186 2997 non
206 2965 391 2998 essent...
418 2960 485 2998 Au
508 2959 634 3012 igitur
652 2960 732 3001 hoc
754 2960 846 3002 loco
884 2959 1038 3016 μοναχὴ
1063 2960 1180 3013 ὀθόνη
1213 2976 1343 3017 oppo-

103 3019 216 3059 nitur
235 3022 284 3074 τῇ
319 3018 628 3077 σαγματογήνῃῖ)
663 3025 801 3075 Quam
837 3037 981 3064 vocem
1010 3032 1249 3079 corruptam
1280 3024 1345 3080 ajo

102 3094 179 3134 pro
210 3082 507 3136 σαγματοπήνη.
541 3085 648 3124 Nam
677 3087 796 3137 πῆνος
828 3094 889 3126 est
920 3086 1076 3141 ὕφασμα
1105 3101 1249 3140 graece.
1278 3090 1346 3129 An

104 3141 160 3181 ita
180 3150 298 3182 vocat
317 3143 456 3194 lintea,
479 3158 529 3185 ex
552 3145 703 3200 quibus
725 3155 906 3200 sagmata
925 3156 966 3188 et
986 3148 1165 3202 stragula
1181 3148 1341 3200 fierent,

106 3202 189 3242 sive
218 3203 403 3245 culcitae?
436 3207 503 3247 Sic
531 3221 580 3247 ex
611 3208 862 3250 Cadurcensi
884 3210 970 3251 lino
992 3211 1150 3252 culcitae
1173 3211 1341 3263 fiebant,

108 3269 207 3303 teste
238 3265 386 3308 Plinio.
416 3268 707 3324 Σαγματοπήνη
739 3272 808 3313 hic
839 3274 963 3314 etiam
994 3275 1083 3329 capi
1112 3282 1246 3329 potest
1266 3289 1345 3330 pro

107 3325 284 3377 stragula
302 3336 427 3379 veste,
452 3344 476 3370 a
498 3344 578 3384 qua
602 3331 779 3387 μοναχὴν
811 3334 1043 3389 distinguit,
1066 3350 1157 3390 quae
1179 3336 1232 3376 ad
1263 3338 1346 3378 sin-

107 3385 222 3438 gulos
243 3386 430 3430 homines
447 3392 641 3434 velandos
661 3394 765 3436 sacta
790 3405 909 3438 esset.
935 3400 1001 3439 An
1024 3413 1122 3438 vero
1146 3414 1346 3454 σαγματο·

108 3447 209 3500 πήνη
230 3451 317 3490 non
333 3453 377 3509 in
396 3463 526 3496 vestes
548 3457 773 3510 singulares
788 3473 836 3499 ac
854 3461 985 3501 varias
1004 3461 1255 3514 confectum,
1273 3464 1346 3505 scd

108 3510 152 3549 in
170 3511 327 3552 sarcina
342 3527 492 3568 corpus
507 3518 642 3571 ipsum
663 3518 798 3560 linteae
816 3522 874 3561 sic
892 3522 1099 3573 relictum,
1120 3524 1235 3578 quod
1252 3524 1344 3579 plu-

107 3571 224 3611 ribus
265 3574 445 3615 vestibus
483 3579 748 3621 conficiendis
789 3582 1024 3624 sufficeret?
1056 3584 1222 3628 Peciam
1258 3587 1346 3626 teloe

110 3633 245 3674 linteae
276 3635 398 3689 vulgo
420 3639 676 3693 appellant...
701 3642 782 3683 Sed
811 3647 1111 3700 σαγματογῆναι
1128 3655 1170 3687 et
1188 3663 1340 3703 σαγμα-

108 3695 257 3750 τογήνη
280 3696 434 3751 ubique
455 3699 615 3753 legitur.
639 3704 822 3744 Omnino
852 3706 1120 3747 seribendum
1147 3723 1345 3764 σαγματο-

108 3758 198 3812 γῑνη
220 3758 288 3814 (!).
306 3761 370 3800 Ita
391 3770 509 3802 vocat
530 3762 682 3804 ὀθόνιον
703 3764 740 3813 ἐξ
757 3762 803 3806 οῧ
821 3766 869 3807 τὰ
892 3769 1073 3823 σάγματα
1083 3770 1273 3825 γίνονται,
1295 3787 1347 3813 ex

106 3833 192 3874 qua
213 3829 436 3864 stramenta
459 3823 582 3866 fiunt.
612 3827 772 3868 Mentio
792 3823 1137 3887 στρωματοδέσμου
1151 3832 1261 3874 λίνου
1276 3849 1344 3890 ap.

38 3900 41 3902 ·
109 3883 447 3938 Xenophontem.
473 3889 631 3929 Auctor
654 3890 805 3946 Peripli
841 3892 886 3933 τὶ)
908 3894 1073 3947 χυθαῒον
1096 3895 1264 3946 ὀθόνιον,
1301 3906 1348 3939 ut

108 3944 205 3985 alibi
222 3947 276 3998 (5
296 3949 363 3995 48.
387 3951 440 4001 49
458 3947 490 4003 ),
514 3951 688 4000 vocavit,
713 3954 777 3992 cui
792 3956 965 4009 opponit
988 3955 1165 4011 μοναχὴν
1179 3957 1337 4011 ὀθόνην,

111 4008 316 4063 singulare
341 4017 382 4050 et
410 4012 607 4053 eximium
624 4013 799 4056 linteum
827 4031 876 4057 ex
893 4031 976 4072 quo
991 4020 1141 4060 tunicae
1159 4029 1199 4061 et
1226 4020 1342 4062 lineae

892 171 1193 220 PERIPLUS-
1220 171 1403 220 MARlS
1439 177 1788 223 ERYTHRAEI.

2557 196 2643 234 263

1416 285 1637 326 othonium
1665 284 1875 334 Indicum,
1906 292 1997 324 tum
2018 284 2138 325 latius
2161 286 2275 349 quod
2294 290 2492 328 monache
2515 295 2647 346 appo!-

1416 353 1538 404 latur,
1574 363 1666 395 tum
1701 362 2010 407 sagmatogene,
2043 368 2168 408 porro
2202 355 2374 408 cingulae
2390 387 2400 405 ‚
2436 372 2643 411 caumeae,

1417 421 1672 472 molochina,
1708 420 1903 461 sindones
1938 434 2080 475 paucae
2093 451 2103 470 ,
2128 421 2265 461 laccus
2308 423 2509 464 colorcus.
2569 429 2649 467 Ex-

1415 497 1605 543 portatur
1622 497 1761 530 autem
1769 503 1817 529 ex
1830 489 1895 528 his
1912 487 2012 528 locis
2031 488 2135 528 ebur
2149 497 2189 528 et
2205 489 2456 530 rhinozeros.
2516 494 2650 535 Plera-

1416 571 1499 611 que
1520 571 1570 596 ex
1590 557 1766 611 AEgypto
1787 556 1831 596 in
1861 556 2095 610 emporium
2119 555 2220 596 illud
2244 556 2489 598 deseruntur
2513 560 2608 601 inde
2627 577 2650 603 a

1414 625 1613 666 Januario
1635 638 1776 664 mense
1806 638 1938 678 usque
1957 623 2010 664 ad
2031 625 2330 679 Septembrem,
2353 625 2395 666 id
2419 635 2479 668 est
2500 642 2523 668 a
2543 630 2646 684 Tybi

1415 708 1547 749 usque
1565 693 1618 735 ad
1628 693 1790 743 Thoth;
1808 702 2045 748 opportuno
2057 703 2194 734 autem
2212 703 2397 750 tempore
2413 711 2463 737 ex
2477 697 2650 753 AEgypto

1412 762 1676 803 devehuntur
1697 761 1803 802 circa
1822 776 2005 802 mensem
2020 762 2313 817 Septembrem.

1470 847 1511 887 7.
1539 831 1643 873 Inde
1656 831 1744 886 jam
1767 845 1908 872 versus
1924 839 2065 871 ortum
2085 832 2198 872 sinus
2219 832 2421 874 Arabicus
2439 833 2586 885 tendit,
2610 844 2651 876 et

1412 900 1466 942 ad
1490 901 1696 942 Aualitem
1718 900 1897 941 maxime
1919 899 1962 939 in
1980 909 2201 954 angustum
2220 901 2492 943 contrahitur.
2553 903 2650 944 Post

1417 979 1563 1026 quater
1581 970 1690 1010 mille
1708 970 1872 1010 circiter
1893 968 2022 1009 stadia
2031 968 2151 1024 juxta
2173 970 2346 1011 eandem
2369 972 2649 1013 continentem

1416 1037 1704 1091 navigantibus
1719 1036 1797 1077 alia
1811 1045 2039 1078 occurrunt
2057 1038 2243 1092 emporia
2256 1038 2491 1089 Barbarica,
2513 1047 2647 1080 trans-

1417 1105 1575 1147 fretana
1609 1105 1732 1155 dicta,
1754 1119 1847 1159 quae
1865 1119 1915 1145 ex
1938 1104 2085 1145 ordine
2104 1120 2236 1145 unum
2262 1114 2357 1160 post
2377 1103 2552 1147 alterum
2574 1108 2650 1148 sita

1415 1176 1609 1216 stationes
1637 1175 1792 1215 habent
1812 1174 1869 1215 -ad
1895 1189 2064 1216 ancoras
2076 1174 2285 1229 jaciendas
2307 1175 2587 1231 sistendasque
2605 1178 2650 1217 in

1414 1245 1499 1286 salo
1535 1259 1658 1286 naves
1696 1245 1816 1285 certis
1851 1244 2108 1299 temporibus
2147 1245 2330 1286 idoneas.
2375 1246 2554 1286 *Primus
2590 1253 2651 1286 est

1415 1314 1597 1356 Aualites
1608 1321 1779 1364 tractus,
1797 1311 1871 1353 ubi
1884 1312 2152 1353 brevissimus
2169 1321 2229 1353 est
2243 1327 2294 1353 ex
2308 1313 2461 1354 Arabia
2475 1314 2519 1353 in
2534 1328 2649 1354 oram

1405 1468 1582 1509 fiebant.
1607 1487 1624 1503 ι»
1644 1468 1802 1507 Mirum
1820 1467 1942 1506 etiam
1961 1465 2075 1520 quod
2093 1466 2298 1507 Meursius
2310 1465 2433 1506 scrib.
2459 1464 2646 1516 conjecit:

1414 1530 1738 1585 σαγματογοόνη,
1782 1530 2056 1583 interpretans
2090 1541 2099 1568 ;
2132 1527 2308 1583 pellicea
2344 1526 2487 1568 vestis.
2540 1529 2554 1580 Η
2595 1552 2650 1558 —

1413 1605 1454 1632 2.
1479 1592 1770 1647 μολόχινα]
1811 1589 1967 1630 Eadem
1999 1596 2282 1629 memorantur
2307 1591 2330 1640 5
2353 1590 2422 1636 48.
2448 1591 2527 1641 49;
2556 1597 2650 1628 sunt

1412 1654 1491 1694 tela
1510 1669 1532 1694 e
1547 1654 1737 1708 gossypio
1762 1652 1880 1702 facta,
1903 1665 1994 1704 quae
2010 1666 2034 1692 a
2048 1651 2276 1691 malvarum
2291 1650 2428 1690 colore
2448 1651 2510 1690 vel
2527 1652 2649 1690 etiam

1413 1716 1585 1756 floribus
1602 1717 1660 1756 sic
1679 1715 2002 1770 appellabantur.
2030 1714 2046 1767 ll
2072 1738 2129 1744 -
2151 1713 2283 1753 σινδό
2296 1727 2314 1752 ν
2326 1713 2396 1767 ες]
2417 1713 2490 1753 Hae
2509 1714 2650 1768 primi-

1413 1778 1499 1818 tivo
1520 1777 1709 1819 vocabuli
1727 1791 1851 1817 sensu
1878 1785 1974 1817 sunt
1997 1775 2235 1824 Indiennes,
2268 1789 2369 1829 quas
2391 1789 2503 1815 nunc
2530 1789 2649 1816 voca-

1414 1855 1522 1882 mus.
1548 1842 1564 1895 Η
1587 1865 1644 1872 --
1666 1841 1707 1880 3.
1731 1840 1910 1886 λάκκος
1939 1854 2017 1894 χρ.
2037 1841 2051 1893 ]
2073 1840 2168 1878 Non
2189 1839 2320 1893 ipsam
2342 1838 2493 1878 laccam
2524 1839 2649 1890 (λακ-

1413 1902 1500 1944 κὰν.
1526 1918 1567 1944 ν.
1603 1905 1800 1957 Ducange
1829 1910 1869 1942 et
1905 1901 2046 1956 Steph.
2071 1901 2195 1941 Thes.
2235 1915 2268 1939 s.
2294 1914 2334 1940 V.
2355 1899 2387 1955 )‚
2425 1899 2496 1940 sed
2524 1910 2650 1942 vestes

1413 1966 1596 2007 coloreas
1631 1966 1744 2006 lacca
1778 1965 1926 2005 tinctas
1960 1963 2130 2016 intelligi
2164 1962 2251 2002 vult
2293 1961 2512 2002 Salmasius
2551 1963 2578 2003 l.
2621 1964 2647 2003 l.

1412 2042 1455 2084 p.
1482 2031 1578 2070 816.
1603 2032 1700 2071 810.
1725 2031 1787 2068 De
1817 2041 2006 2083 purpura
2027 2041 2118 2081 quae
2148 2025 2393 2080 exprimitur
2415 2039 2465 2065 ex
2498 2026 2650 2066 insecto

1412 2105 1528 2131 cocco
1548 2091 1661 2131 Iacca
1683 2090 1697 2145 (
1714 2090 1824 2145 apud
1843 2091 2007 2131 Sinesos
2036 2088 2261 2143 appellatur
2280 2090 2424 2139 Krang
2436 2089 2467 2141 )‚
2502 2101 2539 2127 v,
2562 2089 2648 2128 Rit-

1413 2161 1476 2193 ter
1496 2155 1573 2202 IV,
1596 2167 1640 2207 p.
1675 2154 1771 2193 328.
1809 2153 1905 2204 931.
1934 2165 2055 2192 1111.
2090 2152 2173 2200 VI,
2199 2164 2242 2205 p.
2268 2149 2363 2190 513.
2385 2150 2451 2198 X,
2474 2163 2515 2203 p.
2551 2149 2645 2197 458.
2687 2178 2693 2182 -

1414 2217 1565 2256 Lassen
1587 2214 1682 2255 [nd.
1700 2214 1883 2255 Altertlz.
1908 2215 1953 2263 I,
1973 2227 2017 2267 p.
2041 2213 2136 2252 316.
2161 2213 2256 2265 11—-
2281 2215 2322 2260 4.
2341 2211 2539 2265 χελώνη
2557 2213 2572 2266 ]
2588 2215 2650 2252 De

1412 2276 1689 2317 testudinibus
1712 2277 1826 2315 sinus
1846 2275 2012 2316 Arabici
2042 2289 2082 2314 v.
2104 2272 2282 2329 Rfippell
2294 2273 2410 2314 Reise
2433 2273 2473 2313 in
2496 2274 2645 2327 Abyss.

1411 2352 1455 2392 p.
1492 2341 1585 2392 187.
1625 2339 1772 2378 Ritter.
1798 2339 1903 2386 XII,
1943 2351 1985 2391 p.
2011 2339 2104 2390 174.
2144 2350 2238 2389 177.
2270 2339 2366 2388 669.
2407 2338 2527 2382 1024.
2555 2336 2569 2389 ΙΙ
2593 2359 2649 2366 —

1414 2403 1454 2440 6.
1484 2398 1579 2440 ἀπὸ
1616 2398 1956 2453 Ἰανουαρίου
1981 2398 2132 2451 κτλ.]
2168 2399 2246 2438 Per
2264 2395 2366 2436 illud
2391 2404 2553 2451 tempus
2575 2397 2648 2437 bo-

1411 2476 1500 2503 reas
1518 2463 1655 2503 sinum
1678 2461 1902 2503 Arabicum
1919 2461 2081 2516 perflat.

1469 2527 1492 2576 S
1526 2527 1567 2573 7,
1602 2524 1630 2564 l.
1677 2537 1741 2565 10.
1781 2522 2051 2576 Αὒαλίτην]
2099 2519 2297 2572 Ἀθαλίτην
2334 2519 2447 2570 cod.‚
2481 2529 2521 2561 et
2550 2535 2648 2561 mox

1411 2585 1636 2638 Αὖαλείτης.
1673 2587 1689 2639 Η
1719 2609 1777 2616 -
1807 2598 1873 2625 11.
1905 2583 2387 2639 τετρακισχιλίους]
2416 2584 2514 2626 Haec
2540 2586 2649 2632 4000

1413 2647 1544 2689 stadia
1565 2649 1775 2704 pertinent
1807 2647 1859 2688 ab
1894 2646 2020 2689 Aduli
2052 2660 2183 2700 usque
2217 2644 2271 2701 ad
2307 2659 2390 2685 orae
2420 2645 2648 2686 Barbaricas

1413 2711 1598 2765 emporia
1611 2741 1623 2761 ,
1649 2724 1829 2765 quorum
1847 2710 2032 2764 primum
2050 2716 2110 2749 est
2131 2707 2313 2750 Aualites
2329 2708 2372 2747 in
2390 2707 2484 2747 sinu
2499 2722 2649 2762 cogno·

1412 2776 1539 2816 mine.
1561 2778 1781 2830 Perperam
1794 2776 2003 2815 Mannert.
2028 2774 2084 2823 X,
2107 2786 2144 2821 1,
2161 2787 2204 2827 p.
2226 2775 2278 2820 64
2291 2780 2332 2812 et
2342 2772 2572 2812 Vincentus
2590 2774 2645 2822 ΙΙ,

1412 2851 1455 2892 p.
1482 2841 1560 2887 124
1577 2836 1880 2892 longitudinem
1914 2851 1996 2877 orae
2017 2835 2245 2877 Barbaricae
2277 2833 2452 2874 indicari
2482 2848 2648 2875 censue-

1413 2908 1528 2942 runt.
1559 2901 1575 2954 ss
1601 2924 1659 2931 —
1683 2900 1748 2940 13.
1770 2899 1824 2940 τὰ
1844 2899 2017 2954 πέραν]
2053 2898 2205 2952 τάπαρα
2226 2895 2321 2937 cod.
2344 2910 2484 2939 errore
2519 2897 2646 2936 mani-

1413 2962 1539 3011 fest0;
1581 2977 1662 3003 em.
1705 2961 1821 3002 editt.
1863 2961 1879 3015 ll
1906 2985 1963 2992 —-
1994 2961 2198 3015 κείμενα
2237 2958 2319 3014 μὲν
2344 2958 2478 3013 κτλ.]
2510 2961 2558 2998 In
2586 2959 2648 2998 his

1413 3025 1627 3065 turbatum
1641 3023 1797 3079 aliquid
1811 3025 2012 3078 suspicor.
2023 3024 2230 3077 Scriptum
2245 3021 2369 3061 fuerit
2384 3021 2426 3060 in
2442 3020 2548 3060 hanc
2562 3034 2650 3060 sen-

1413 3089 1606 3128 tentiam:
1625 3087 1782 3142 κείμενα
1795 3086 1946 3127 κατὰτὸ
1963 3085 2059 3137 ἑξῆς,
2076 3084 2240 3139 ἀλίμενα
2259 3082 2341 3138 μὲν,
2358 3082 2649 3137 ἀγκυροὸολὶοις

1413 3150 1454 3192 δὲ
1468 3151 1556 3192 κτλ.
1584 3151 1599 3205 ΙΙ
1619 3175 1675 3181 -
1696 3149 1760 3190 15.
1778 3154 2014 3204 πρῶτος...
2036 3148 2056 3188 ὁ
2075 3147 2175 3202 λεγ.
2200 3144 2471 3198 Αὖαλίτης]
2495 3144 2647 3185 αὖαλεί-

1413 3230 1480 3266 της
1498 3213 1592 3255 cod.
1618 3222 1658 3253 et
1676 3226 1774 3253 mox
1794 3213 1959 3252 iterum.
1982 3207 2266 3264 Supplendum
2287 3222 2338 3247 ex
2371 3220 2483 3260 seqq.
2505 3207 2619 3254 τόπος
2632 3238 2644 3257 ,

1414 3291 1546 3332 quum
1574 3276 1806 3330 emporium
1837 3273 2019 3315 Aualites
2041 3273 2084 3311 in
2106 3284 2219 3324 seqq.
2242 3268 2412 3309 demum
2443 3282 2646 3309 memore-

1413 3349 1498 3381 tur.
1533 3338 1724 3380 Eundem
1752 3345 1931 3377 tractum
1962 3334 2059 3375 inde
2077 3348 2101 3374 a
2132 3332 2318 3373 saucibus
2349 3332 2461 3371 sinus
2481 3331 2647 3372 Arabici

1413 3416 1545 3456 usque
1591 3400 1644 3440 ad
1682 3398 1952 3452 Elephantem
1991 3404 2176 3436 montem
2212 3402 2252 3434 et
2294 3407 2386 3448 qua:
2419 3402 2648 3447 sequuntur

1413 3463 1606 3518 deinceps
1625 3475 1754 3515 usque
1771 3459 1824 3500 ad
1841 3460 1938 3500 Noti
1957 3459 2078 3499 Ceras
2100 3471 2151 3497 ex
2170 3454 2437 3497 Artemidoro
2452 3454 2648 3496 describit

1414 3526 1623 3580 Strabo-p.
1650 3524 1746 3578 773,
1771 3523 1842 3577 qui
1866 3521 1975 3562 nulla
1997 3520 2054 3560 ibi
2078 3519 2195 3560 novit
2213 3517 2398 3574 emporia
2426 3525 2467 3557 et
2500 3532 2550 3557 ex
2573 3533 2647 3558 no-

1414 3588 1596 3628 minibus
1614 3586 1798 3626 locorum
1813 3615 1825 3634 ,
1860 3597 1950 3638 quae
1969 3597 2035 3637 ap.
2055 3582 2256 3622 Nostrum
2285 3579 2493 3633 leguntur,
2517 3593 2647 3620 unum

1414 3649 1538 3689 habet
1560 3648 1781 3701 Δαφνοῦντα
1810 3645 1963 3701 λιμένα.
1987 3645 2142 3685 Contra
2169 3656 2268 3683 vero
2286 3641 2364 3682 alia
2396 3640 2523 3681 multa
2545 3655 2646 3695 prm-

1415 3711 1499 3760 bet,
1526 3723 1615 3764 quae
1634 3722 1766 3762 quum
1787 3706 1840 3748 ad
1859 3715 2134 3748 mercaturam
2155 3704 2259 3746 nihil
2282 3703 2460 3744 facerent
2476 3733 2487 3751 ,
2514 3703 2555 3741 in
2575 3704 2648 3741 Pe-

1414 3773 1520 3828 riplo
1544 3779 1684 3811 nostro
1713 3785 1797 3810 non
1821 3777 2119 3819 memorantur,
2155 3782 2203 3809 ac
2223 3762 2647 3816 luculenterprobant

1415 3835 1624 3888 regionem
1647 3834 1765 3873 istam
1787 3833 1842 3873 ob
1860 3833 2173 3888 elephantorum
2192 3830 2370 3870 maxime
2387 3825 2646 3865 venationem

1414 3896 1641 3938 Ptolemaeis
1659 3895 1879 3950 expetitam
1904 3895 2034 3935 multo
2058 3892 2286 3934 accuratius
2303 3888 2508 3942 cognitam
2525 3885 2647 3925 fuisse

1412 3972 1535 4012 quam
1565 3956 1685 3996 nobis
1718 3964 1805 3997 erat
1837 3963 1931 3996 ante
1966 3969 2119 4010 paucos
2153 3952 2304 3993 abhinc
2335 3962 2480 3990 annOS.
2511 3946 2646 3988 Ptole-

1414 4034 1538 4060 maeus
1563 4020 1639 4068 IV,
1666 4033 1689 4072 7
1709 4033 1751 4073 p.
1780 4019 1860 4060 300
1882 4016 2056 4058 eandem
2077 4015 2159 4056 sere
2188 4027 2312 4069 quam
2341 4012 2490 4052 Noster
2515 4009 2646 4049 nemi-
