<?xml version="1.0" encoding="UTF-8"?>
<!DOCTYPE html PUBLIC "-//W3C//DTD XHTML 1.0 Transitional//EN"
    "http://www.w3.org/TR/xhtml1/DTD/xhtml1-transitional.dtd">
<html xmlns="http://www.w3.org/1999/xhtml" xml:lang="en" lang="en">
 <head>
  <title>
</title>
<meta http-equiv="Content-Type" content="text/html;charset=utf-8" />
  <meta name='ocr-system' content='tesseract 3.04.00' />
  <meta name='ocr-capabilities' content='ocr_page ocr_carea ocr_par ocr_line ocrx_word'/>
</head>
<body>
  <div class='ocr_page' id='page_1' title='image "./geographigraeci00mueluoft_0557.png"; bbox 0 0 2808 4342; ppageno 0'>
   <div class='ocr_carea' id='block_1_1' title="bbox 62 155 256 216">
    <p class='ocr_par' dir='ltr' id='par_1_1' title="bbox 62 155 256 216">
     <span class='ocr_line' id='line_1_1' title="bbox 62 155 256 216; baseline -0.01 -15"><span class='ocrx_word' id='word_1_1' title='bbox 62 155 256 216; x_wconf 61' lang='grc' dir='ltr'>(οε-21.)</span> 
     </span>
    </p>
   </div>
   <div class='ocr_carea' id='block_1_2' title="bbox 0 247 1305 2312">
    <p class='ocr_par' dir='ltr' id='par_1_2' title="bbox 0 247 1305 2312">
     <span class='ocr_line' id='line_1_2' title="bbox 59 247 1286 319; baseline -0.008 -15"><span class='ocrx_word' id='word_1_2' title='bbox 59 259 314 319; x_wconf 77' lang='grc' dir='ltr'>προσσχοῦσι</span> <span class='ocrx_word' id='word_1_3' title='bbox 346 256 396 314; x_wconf 84' lang='grc' dir='ltr'>τῇ</span> <span class='ocrx_word' id='word_1_4' title='bbox 420 250 555 313; x_wconf 80' lang='grc' dir='ltr'>νήσῳ,</span> <span class='ocrx_word' id='word_1_5' title='bbox 591 252 675 301; x_wconf 86' lang='grc' dir='ltr'>τοῖς</span> <span class='ocrx_word' id='word_1_6' title='bbox 699 247 740 294; x_wconf 85' lang='grc' dir='ltr'>δὲ</span> <span class='ocrx_word' id='word_1_7' title='bbox 771 248 842 294; x_wconf 79' lang='grc' dir='ltr'>καὶ</span> <span class='ocrx_word' id='word_1_8' title='bbox 878 247 1087 306; x_wconf 77' lang='grc' dir='ltr'>πλέουσιν,</span> <span class='ocrx_word' id='word_1_9' title='bbox 1122 248 1286 294; x_wconf 78' lang='grc' dir='ltr'>ἐπειδὰν</span> 
     </span>
     <span class='ocr_line' id='line_1_3' title="bbox 62 316 1288 387; baseline -0.006 -16"><span class='ocrx_word' id='word_1_10' title='bbox 62 328 106 371; x_wconf 82' lang='grc' dir='ltr'>οὔ</span> <span class='ocrx_word' id='word_1_11' title='bbox 137 325 276 387; x_wconf 87' lang='grc' dir='ltr'>πόρρω</span> <span class='ocrx_word' id='word_1_12' title='bbox 307 323 432 376; x_wconf 75' lang='grc' dir='ltr'>αὖτῆς</span> <span class='ocrx_word' id='word_1_13' title='bbox 454 318 691 381; x_wconf 81' lang='grc' dir='ltr'>ἂπόσχωσι,</span> <span class='ocrx_word' id='word_1_14' title='bbox 724 318 795 363; x_wconf 75' lang='grc' dir='ltr'>καὶ</span> <span class='ocrx_word' id='word_1_15' title='bbox 817 317 980 380; x_wconf 81' lang='grc' dir='ltr'>φράζειν</span> <span class='ocrx_word' id='word_1_16' title='bbox 1016 316 1116 364; x_wconf 80' lang='grc' dir='ltr'>ὅπου</span> <span class='ocrx_word' id='word_1_17' title='bbox 1146 337 1288 380; x_wconf 87' lang='grc' dir='ltr'>προσ-</span> 
     </span>
     <span class='ocr_line' id='line_1_4' title="bbox 62 385 1290 455; baseline -0.002 -20"><span class='ocrx_word' id='word_1_18' title='bbox 62 400 176 455; x_wconf 79' lang='grc' dir='ltr'>σχεῖν</span> <span class='ocrx_word' id='word_1_19' title='bbox 191 396 262 447; x_wconf 77' lang='grc' dir='ltr'>τῆς</span> <span class='ocrx_word' id='word_1_20' title='bbox 279 388 403 445; x_wconf 72' lang='grc' dir='ltr'>νήσου</span> <span class='ocrx_word' id='word_1_21' title='bbox 424 386 588 447; x_wconf 83' lang='grc' dir='ltr'>ἄμεινον</span> <span class='ocrx_word' id='word_1_22' title='bbox 600 420 614 443; x_wconf 85' lang='grc'>,</span> <span class='ocrx_word' id='word_1_23' title='bbox 638 386 708 431; x_wconf 77' lang='grc' dir='ltr'>καὶ</span> <span class='ocrx_word' id='word_1_24' title='bbox 727 386 828 432; x_wconf 82' lang='grc' dir='ltr'>ὅπου</span> <span class='ocrx_word' id='word_1_25' title='bbox 844 387 1107 449; x_wconf 84' lang='grc' dir='ltr'>ὁρμίσασθαι.</span> <span class='ocrx_word' id='word_1_26' title='bbox 1175 389 1228 434; x_wconf 77' lang='grc' dir='ltr'>Οἱ</span> <span class='ocrx_word' id='word_1_27' title='bbox 1246 385 1290 432; x_wconf 78' lang='grc' dir='ltr'>δὲ</span> 
     </span>
     <span class='ocr_line' id='line_1_5' title="bbox 62 453 1290 521; baseline -0.007 -14"><span class='ocrx_word' id='word_1_28' title='bbox 62 461 132 506; x_wconf 80' lang='grc' dir='ltr'>καὶ</span> <span class='ocrx_word' id='word_1_29' title='bbox 162 459 270 521; x_wconf 80' lang='grc' dir='ltr'>ὕπαρ</span> <span class='ocrx_word' id='word_1_30' title='bbox 304 456 466 516; x_wconf 86' lang='grc' dir='ltr'>λέγουσι</span> <span class='ocrx_word' id='word_1_31' title='bbox 487 454 664 518; x_wconf 76' lang='grc' dir='ltr'>φανῆναί</span> <span class='ocrx_word' id='word_1_32' title='bbox 695 473 829 517; x_wconf 71' lang='grc' dir='ltr'>σφισιν</span> <span class='ocrx_word' id='word_1_33' title='bbox 853 454 920 500; x_wconf 77' lang='grc' dir='ltr'>ἐπὶ</span> <span class='ocrx_word' id='word_1_34' title='bbox 939 459 1009 500; x_wconf 89' lang='grc' dir='ltr'>τοῦ</span> <span class='ocrx_word' id='word_1_35' title='bbox 1033 458 1146 501; x_wconf 77' lang='grc' dir='ltr'>ἱστοῦ</span> <span class='ocrx_word' id='word_1_36' title='bbox 1175 453 1202 510; x_wconf 84' lang='grc' dir='ltr'>ἢ</span> <span class='ocrx_word' id='word_1_37' title='bbox 1225 456 1290 500; x_wconf 81' lang='grc' dir='ltr'>ἐπ’</span> 
     </span>
     <span class='ocr_line' id='line_1_6' title="bbox 18 522 1290 591; baseline -0.008 -14"><span class='ocrx_word' id='word_1_38' title='bbox 18 549 40 577; x_wconf 70' lang='lat'><strong>5</strong></span> <span class='ocrx_word' id='word_1_39' title='bbox 63 529 188 591; x_wconf 80' lang='grc' dir='ltr'>ἄκρου</span> <span class='ocrx_word' id='word_1_40' title='bbox 211 530 281 572; x_wconf 89' lang='grc' dir='ltr'>τοῦ</span> <span class='ocrx_word' id='word_1_41' title='bbox 307 524 435 588; x_wconf 84' lang='grc' dir='ltr'>κέρως</span> <span class='ocrx_word' id='word_1_42' title='bbox 451 523 518 569; x_wconf 86' lang='grc' dir='ltr'>τὸν</span> <span class='ocrx_word' id='word_1_43' title='bbox 544 523 751 584; x_wconf 86' lang='grc' dir='ltr'>Ἀχιλλέα,</span> <span class='ocrx_word' id='word_1_44' title='bbox 774 522 961 584; x_wconf 82' lang='grc' dir='ltr'>καθάπερ</span> <span class='ocrx_word' id='word_1_45' title='bbox 979 522 1071 575; x_wconf 74' lang='grc' dir='ltr'>τοὺς</span> <span class='ocrx_word' id='word_1_46' title='bbox 1089 522 1290 569; x_wconf 86' lang='grc' dir='ltr'>Διοσκού-</span> 
     </span>
     <span class='ocr_line' id='line_1_7' title="bbox 0 591 1291 660; baseline -0.006 -16"><span class='ocrx_word' id='word_1_47' title='bbox 0 593 1 617; x_wconf 64' lang='lat'>³</span> <span class='ocrx_word' id='word_1_48' title='bbox 64 614 165 660; x_wconf 85' lang='grc' dir='ltr'>ρους·</span> <span class='ocrx_word' id='word_1_49' title='bbox 202 594 367 642; x_wconf 85' lang='grc' dir='ltr'>τοσόνδε</span> <span class='ocrx_word' id='word_1_50' title='bbox 404 593 525 652; x_wconf 87' lang='grc' dir='ltr'>μόνον</span> <span class='ocrx_word' id='word_1_51' title='bbox 552 595 631 637; x_wconf 82' lang='grc' dir='ltr'>τῶν</span> <span class='ocrx_word' id='word_1_52' title='bbox 660 591 919 654; x_wconf 85' lang='grc' dir='ltr'>Διοσκούρων</span> <span class='ocrx_word' id='word_1_53' title='bbox 953 592 1064 651; x_wconf 84' lang='grc' dir='ltr'>μεῖον</span> <span class='ocrx_word' id='word_1_54' title='bbox 1094 591 1201 653; x_wconf 86' lang='grc' dir='ltr'>ἔχειν</span> <span class='ocrx_word' id='word_1_55' title='bbox 1223 591 1291 636; x_wconf 83' lang='grc' dir='ltr'>τὸν</span> 
     </span>
     <span class='ocr_line' id='line_1_8' title="bbox 61 661 1292 730; baseline -0.003 -18"><span class='ocrx_word' id='word_1_56' title='bbox 61 666 251 730; x_wconf 83' lang='grc' dir='ltr'>Ἀχιλλέα</span> <span class='ocrx_word' id='word_1_57' title='bbox 265 701 280 726; x_wconf 85' lang='grc'>,</span> <span class='ocrx_word' id='word_1_58' title='bbox 302 664 394 712; x_wconf 77' lang='grc' dir='ltr'>ὅσον</span> <span class='ocrx_word' id='word_1_59' title='bbox 416 667 452 711; x_wconf 79' lang='grc' dir='ltr'>οἳ</span> <span class='ocrx_word' id='word_1_60' title='bbox 473 663 546 724; x_wconf 83' lang='grc' dir='ltr'>μὲν</span> <span class='ocrx_word' id='word_1_61' title='bbox 573 661 811 724; x_wconf 88' lang='grc' dir='ltr'>Διόσκουροι</span> <span class='ocrx_word' id='word_1_62' title='bbox 827 669 909 714; x_wconf 88' lang='grc' dir='ltr'>τοῖς</span> <span class='ocrx_word' id='word_1_63' title='bbox 928 667 1141 725; x_wconf 78' lang='grc' dir='ltr'>πανταχοῦ</span> <span class='ocrx_word' id='word_1_64' title='bbox 1161 665 1292 708; x_wconf 78' lang='grc' dir='ltr'>πλωΐ-</span> 
     </span>
     <span class='ocr_line' id='line_1_9' title="bbox 0 730 1294 796; baseline -0.005 -15"><span class='ocrx_word' id='word_1_65' title='bbox 0 787 1 790; x_wconf 65' lang='lat'>,</span> <span class='ocrx_word' id='word_1_66' title='bbox 62 735 243 796; x_wconf 87' lang='grc' dir='ltr'>ζομένοις</span> <span class='ocrx_word' id='word_1_67' title='bbox 267 735 446 796; x_wconf 82' lang='grc' dir='ltr'>ἐναργεῖς</span> <span class='ocrx_word' id='word_1_68' title='bbox 461 731 696 794; x_wconf 77' lang='grc' dir='ltr'>φαίνονται,</span> <span class='ocrx_word' id='word_1_69' title='bbox 715 730 785 775; x_wconf 78' lang='grc' dir='ltr'>καὶ</span> <span class='ocrx_word' id='word_1_70' title='bbox 810 730 1000 793; x_wconf 84' lang='grc' dir='ltr'>φανέντες</span> <span class='ocrx_word' id='word_1_71' title='bbox 1022 734 1202 791; x_wconf 75' lang='grc' dir='ltr'>σωτῆρες</span> <span class='ocrx_word' id='word_1_72' title='bbox 1225 731 1294 791; x_wconf 84' lang='grc' dir='ltr'>γί-</span> 
     </span>
     <span class='ocr_line' id='line_1_10' title="bbox 63 798 1293 862; baseline -0.007 -11"><span class='ocrx_word' id='word_1_73' title='bbox 63 822 214 851; x_wconf 87' lang='grc' dir='ltr'>νονται·</span> <span class='ocrx_word' id='word_1_74' title='bbox 240 806 260 848; x_wconf 84' lang='grc' dir='ltr'><strong>ὃ</strong></span> <span class='ocrx_word' id='word_1_75' title='bbox 284 802 326 849; x_wconf 83' lang='grc' dir='ltr'>δὲ</span> <span class='ocrx_word' id='word_1_76' title='bbox 346 803 426 853; x_wconf 83' lang='grc' dir='ltr'>τοῖς</span> <span class='ocrx_word' id='word_1_77' title='bbox 445 800 688 853; x_wconf 81' lang='grc' dir='ltr'>πελάζουσιν</span> <span class='ocrx_word' id='word_1_78' title='bbox 707 798 787 855; x_wconf 81' lang='grc' dir='ltr'>ἤδη</span> <span class='ocrx_word' id='word_1_79' title='bbox 817 803 868 861; x_wconf 80' lang='grc' dir='ltr'>τῇ</span> <span class='ocrx_word' id='word_1_80' title='bbox 888 799 1018 862; x_wconf 83' lang='grc' dir='ltr'>νήσῳ.</span> <span class='ocrx_word' id='word_1_81' title='bbox 1083 801 1139 845; x_wconf 79' lang='grc' dir='ltr'>Οἱ</span> <span class='ocrx_word' id='word_1_82' title='bbox 1160 799 1200 844; x_wconf 83' lang='grc' dir='ltr'>δὲ</span> <span class='ocrx_word' id='word_1_83' title='bbox 1221 800 1293 844; x_wconf 78' lang='grc' dir='ltr'>καὶ</span> 
     </span>
     <span class='ocr_line' id='line_1_11' title="bbox 0 867 1294 933; baseline -0.005 -14"><span class='ocrx_word' id='word_1_84' title='bbox 0 887 40 918; x_wconf 74' lang='lat'>10</span> <span class='ocrx_word' id='word_1_85' title='bbox 63 869 382 933; x_wconf 85' lang='grc' dir='ltr'>τὸνΠάτροκλόν</span> <span class='ocrx_word' id='word_1_86' title='bbox 402 888 536 932; x_wconf 83' lang='grc' dir='ltr'>σφισιν</span> <span class='ocrx_word' id='word_1_87' title='bbox 550 871 721 930; x_wconf 61' lang='grc' dir='ltr'>ὀφθῆναι</span> <span class='ocrx_word' id='word_1_88' title='bbox 741 867 921 914; x_wconf 81' lang='grc' dir='ltr'>ἐνύπνιον</span> <span class='ocrx_word' id='word_1_89' title='bbox 936 869 1114 928; x_wconf 86' lang='grc' dir='ltr'>λέγουσι.</span> <span class='ocrx_word' id='word_1_90' title='bbox 1181 868 1294 914; x_wconf 83' lang='grc' dir='ltr'>Τάδε</span> 
     </span>
     <span class='ocr_line' id='line_1_12' title="bbox 63 935 1294 1002; baseline -0.004 -16"><span class='ocrx_word' id='word_1_91' title='bbox 63 942 137 1002; x_wconf 81' lang='grc' dir='ltr'>μὲν</span> <span class='ocrx_word' id='word_1_92' title='bbox 160 939 262 1002; x_wconf 75' lang='grc' dir='ltr'>ὑπὲρ</span> <span class='ocrx_word' id='word_1_93' title='bbox 285 942 357 994; x_wconf 78' lang='grc' dir='ltr'>τῆς</span> <span class='ocrx_word' id='word_1_94' title='bbox 375 938 499 993; x_wconf 85' lang='grc' dir='ltr'>νήσου</span> <span class='ocrx_word' id='word_1_95' title='bbox 519 941 592 993; x_wconf 75' lang='grc' dir='ltr'>τῆς</span> <span class='ocrx_word' id='word_1_96' title='bbox 611 941 682 982; x_wconf 88' lang='grc' dir='ltr'>τοῦ</span> <span class='ocrx_word' id='word_1_97' title='bbox 701 936 917 998; x_wconf 86' lang='grc' dir='ltr'>Ἀχιλλέως</span> <span class='ocrx_word' id='word_1_98' title='bbox 938 935 1063 992; x_wconf 86' lang='grc' dir='ltr'>ἀκοὴν</span> <span class='ocrx_word' id='word_1_99' title='bbox 1081 935 1294 998; x_wconf 80' lang='grc' dir='ltr'>ἀνέγραψα</span> 
     </span>
     <span class='ocr_line' id='line_1_13' title="bbox 62 1005 1296 1073; baseline -0.006 -16"><span class='ocrx_word' id='word_1_100' title='bbox 62 1013 141 1058; x_wconf 82' lang='grc' dir='ltr'>τῶν</span> <span class='ocrx_word' id='word_1_101' title='bbox 167 1009 194 1067; x_wconf 80' lang='grc' dir='ltr'>ἢ</span> <span class='ocrx_word' id='word_1_102' title='bbox 212 1011 345 1056; x_wconf 79' lang='grc' dir='ltr'>αὐτῶν</span> <span class='ocrx_word' id='word_1_103' title='bbox 367 1007 682 1073; x_wconf 85' lang='grc' dir='ltr'>προσσχόντων,</span> <span class='ocrx_word' id='word_1_104' title='bbox 702 1005 729 1062; x_wconf 81' lang='grc' dir='ltr'>ἢ</span> <span class='ocrx_word' id='word_1_105' title='bbox 756 1005 892 1052; x_wconf 87' lang='grc' dir='ltr'>ἄλλων</span> <span class='ocrx_word' id='word_1_106' title='bbox 916 1006 1202 1067; x_wconf 82' lang='grc' dir='ltr'>πεπυσμένων·</span> <span class='ocrx_word' id='word_1_107' title='bbox 1224 1005 1296 1051; x_wconf 81' lang='grc' dir='ltr'>καί</span> 
     </span>
     <span class='ocr_line' id='line_1_14' title="bbox 65 1069 1293 1140; baseline -0.005 -14"><span class='ocrx_word' id='word_1_108' title='bbox 65 1099 132 1140; x_wconf 85' lang='grc' dir='ltr'>μοι</span> <span class='ocrx_word' id='word_1_109' title='bbox 156 1081 266 1126; x_wconf 85' lang='grc' dir='ltr'>δοκεῖ</span> <span class='ocrx_word' id='word_1_110' title='bbox 287 1081 359 1125; x_wconf 81' lang='grc' dir='ltr'>οὐκ</span> <span class='ocrx_word' id='word_1_111' title='bbox 383 1078 540 1124; x_wconf 84' lang='grc' dir='ltr'>ἄπιστα</span> <span class='ocrx_word' id='word_1_112' title='bbox 573 1069 692 1123; x_wconf 62' lang='grc' dir='ltr'>εἶναι.</span> <span class='ocrx_word' id='word_1_113' title='bbox 762 1074 953 1137; x_wconf 81' lang='grc' dir='ltr'>Ἀχιλλέα</span> <span class='ocrx_word' id='word_1_114' title='bbox 987 1074 1067 1138; x_wconf 79' lang='grc' dir='ltr'>γὰρ</span> <span class='ocrx_word' id='word_1_115' title='bbox 1091 1074 1171 1136; x_wconf 78' lang='grc' dir='ltr'>ἐγὼ</span> <span class='ocrx_word' id='word_1_116' title='bbox 1204 1076 1293 1120; x_wconf 85' lang='grc' dir='ltr'>πεί-</span> 
     </span>
     <span class='ocr_line' id='line_1_15' title="bbox 66 1138 1296 1211; baseline -0.004 -16"><span class='ocrx_word' id='word_1_117' title='bbox 66 1153 189 1210; x_wconf 85' lang='grc' dir='ltr'>θομαι</span> <span class='ocrx_word' id='word_1_118' title='bbox 213 1148 328 1211; x_wconf 86' lang='grc' dir='ltr'>εἴπερ</span> <span class='ocrx_word' id='word_1_119' title='bbox 348 1147 438 1194; x_wconf 82' lang='grc' dir='ltr'>τινὰ</span> <span class='ocrx_word' id='word_1_120' title='bbox 455 1147 526 1194; x_wconf 69' lang='grc' dir='ltr'>καὶ</span> <span class='ocrx_word' id='word_1_121' title='bbox 554 1147 676 1193; x_wconf 84' lang='grc' dir='ltr'>ἄλλον</span> <span class='ocrx_word' id='word_1_122' title='bbox 699 1144 816 1208; x_wconf 79' lang='grc' dir='ltr'>ἥρωα</span> <span class='ocrx_word' id='word_1_123' title='bbox 837 1138 939 1191; x_wconf 65' lang='grc' dir='ltr'>εἶναι</span> <span class='ocrx_word' id='word_1_124' title='bbox 953 1182 963 1201; x_wconf 93' lang='grc'>,</span> <span class='ocrx_word' id='word_1_125' title='bbox 983 1148 1033 1207; x_wconf 81' lang='grc' dir='ltr'>τῇ</span> <span class='ocrx_word' id='word_1_126' title='bbox 1053 1163 1096 1190; x_wconf 86' lang='grc' dir='ltr'>τε</span> <span class='ocrx_word' id='word_1_127' title='bbox 1106 1145 1296 1206; x_wconf 74' lang='grc' dir='ltr'>,εὐγενείᾳ</span> 
     </span>
     <span class='ocr_line' id='line_1_16' title="bbox 7 1213 1305 1282; baseline -0.005 -17"><span class='ocrx_word' id='word_1_128' title='bbox 7 1235 46 1265; x_wconf 83' lang='lat'>15</span> <span class='ocrx_word' id='word_1_129' title='bbox 65 1219 411 1282; x_wconf 74' lang='grc' dir='ltr'>τεκμαιρόμενος,</span> <span class='ocrx_word' id='word_1_130' title='bbox 432 1217 502 1262; x_wconf 81' lang='grc' dir='ltr'>καὶ</span> <span class='ocrx_word' id='word_1_131' title='bbox 521 1220 579 1280; x_wconf 82' lang='grc' dir='ltr'>τῷ</span> <span class='ocrx_word' id='word_1_132' title='bbox 598 1216 741 1262; x_wconf 85' lang='grc' dir='ltr'>κάλλει</span> <span class='ocrx_word' id='word_1_133' title='bbox 764 1215 834 1260; x_wconf 87' lang='grc' dir='ltr'>καὶ</span> <span class='ocrx_word' id='word_1_134' title='bbox 855 1220 904 1276; x_wconf 81' lang='grc' dir='ltr'>τῇ</span> <span class='ocrx_word' id='word_1_135' title='bbox 927 1213 1046 1279; x_wconf 82' lang='grc' dir='ltr'>ῥώμῃ</span> <span class='ocrx_word' id='word_1_136' title='bbox 1070 1217 1142 1270; x_wconf 76' lang='grc' dir='ltr'>τῆς</span> <span class='ocrx_word' id='word_1_137' title='bbox 1164 1216 1305 1276; x_wconf 73' lang='grc' dir='ltr'>ψυχῆς,</span> 
     </span>
     <span class='ocr_line' id='line_1_17' title="bbox 66 1282 1297 1351; baseline -0.004 -18"><span class='ocrx_word' id='word_1_138' title='bbox 66 1288 136 1334; x_wconf 74' lang='grc' dir='ltr'>καὶ</span> <span class='ocrx_word' id='word_1_139' title='bbox 162 1291 220 1351; x_wconf 84' lang='grc' dir='ltr'>τῷ</span> <span class='ocrx_word' id='word_1_140' title='bbox 245 1288 332 1333; x_wconf 85' lang='grc' dir='ltr'>νέον</span> <span class='ocrx_word' id='word_1_141' title='bbox 364 1285 618 1347; x_wconf 83' lang='grc' dir='ltr'>μεταλλάξαι</span> <span class='ocrx_word' id='word_1_142' title='bbox 639 1285 679 1338; x_wconf 83' lang='grc' dir='ltr'>ἐξ</span> <span class='ocrx_word' id='word_1_143' title='bbox 699 1283 922 1347; x_wconf 85' lang='grc' dir='ltr'>ἀνθρώπων</span> <span class='ocrx_word' id='word_1_144' title='bbox 945 1284 1015 1330; x_wconf 89' lang='grc' dir='ltr'>καὶ</span> <span class='ocrx_word' id='word_1_145' title='bbox 1034 1287 1084 1347; x_wconf 82' lang='grc' dir='ltr'>τῇ</span> <span class='ocrx_word' id='word_1_146' title='bbox 1104 1282 1297 1346; x_wconf 84' lang='grc' dir='ltr'>Ὁμήρου</span> 
     </span>
     <span class='ocr_line' id='line_1_18' title="bbox 67 1353 1298 1420; baseline -0.002 -17"><span class='ocrx_word' id='word_1_147' title='bbox 67 1358 129 1403; x_wconf 77' lang='grc' dir='ltr'>ἐπ’</span> <span class='ocrx_word' id='word_1_148' title='bbox 153 1359 265 1420; x_wconf 76' lang='grc' dir='ltr'>αὐτῷ</span> <span class='ocrx_word' id='word_1_149' title='bbox 285 1356 450 1411; x_wconf 78' lang='grc' dir='ltr'>ποιήσει</span> <span class='ocrx_word' id='word_1_150' title='bbox 469 1356 539 1400; x_wconf 87' lang='grc' dir='ltr'>καὶ</span> <span class='ocrx_word' id='word_1_151' title='bbox 572 1358 630 1417; x_wconf 85' lang='grc' dir='ltr'>τῷ</span> <span class='ocrx_word' id='word_1_152' title='bbox 651 1354 841 1417; x_wconf 79' lang='grc' dir='ltr'>ἐρωτικὸν</span> <span class='ocrx_word' id='word_1_153' title='bbox 864 1353 1052 1413; x_wconf 85' lang='grc' dir='ltr'>γενέσθαι</span> <span class='ocrx_word' id='word_1_154' title='bbox 1085 1353 1156 1400; x_wconf 78' lang='grc' dir='ltr'>καὶ</span> <span class='ocrx_word' id='word_1_155' title='bbox 1183 1354 1298 1418; x_wconf 81' lang='grc' dir='ltr'>φιλέ-</span> 
     </span>
     <span class='ocr_line' id='line_1_19' title="bbox 66 1423 1201 1490; baseline -0.003 -19"><span class='ocrx_word' id='word_1_156' title='bbox 66 1445 202 1490; x_wconf 82' lang='grc' dir='ltr'>ταιρον</span> <span class='ocrx_word' id='word_1_157' title='bbox 217 1462 230 1485; x_wconf 82' lang='grc'>,</span> <span class='ocrx_word' id='word_1_158' title='bbox 246 1429 300 1477; x_wconf 84' lang='grc' dir='ltr'>ὡς</span> <span class='ocrx_word' id='word_1_159' title='bbox 318 1425 387 1471; x_wconf 74' lang='grc' dir='ltr'>καὶ</span> <span class='ocrx_word' id='word_1_160' title='bbox 403 1427 677 1470; x_wconf 82' lang='grc' dir='ltr'>ἐπαποθανεῖν</span> <span class='ocrx_word' id='word_1_161' title='bbox 696 1423 857 1469; x_wconf 82' lang='grc' dir='ltr'>ἑλέσθαι</span> <span class='ocrx_word' id='word_1_162' title='bbox 879 1430 961 1475; x_wconf 85' lang='grc' dir='ltr'>τοῖς</span> <span class='ocrx_word' id='word_1_163' title='bbox 981 1424 1201 1475; x_wconf 78' lang='grc' dir='ltr'>παιδικοῖς.</span> 
     </span>
     <span class='ocr_line' id='line_1_20' title="bbox 128 1493 1299 1553; baseline -0.003 -12"><span class='ocrx_word' id='word_1_164' title='bbox 128 1511 181 1541; x_wconf 82' lang='grc'>35.</span> <span class='ocrx_word' id='word_1_165' title='bbox 217 1495 316 1541; x_wconf 87' lang='grc' dir='ltr'>Ἀπὸ</span> <span class='ocrx_word' id='word_1_166' title='bbox 350 1493 393 1539; x_wconf 82' lang='grc' dir='ltr'>δὲ</span> <span class='ocrx_word' id='word_1_167' title='bbox 419 1498 489 1539; x_wconf 87' lang='grc' dir='ltr'>τοῦ</span> <span class='ocrx_word' id='word_1_168' title='bbox 526 1496 668 1540; x_wconf 81' lang='grc' dir='ltr'>Ψιλοῦ</span> <span class='ocrx_word' id='word_1_169' title='bbox 703 1493 956 1553; x_wconf 86' lang='grc' dir='ltr'>καλουμένου</span> <span class='ocrx_word' id='word_1_170' title='bbox 994 1494 1196 1553; x_wconf 84' lang='grc' dir='ltr'>στόματος</span> <span class='ocrx_word' id='word_1_171' title='bbox 1229 1498 1299 1539; x_wconf 81' lang='grc' dir='ltr'>τοῦ</span> 
     </span>
     <span class='ocr_line' id='line_1_21' title="bbox 0 1555 1300 1628; baseline -0.005 -13"><span class='ocrx_word' id='word_1_172' title='bbox 0 1584 44 1614; x_wconf 84' lang='lat'>20</span> <span class='ocrx_word' id='word_1_173' title='bbox 63 1565 230 1628; x_wconf 82' lang='grc' dir='ltr'>Ἴστρου</span> <span class='ocrx_word' id='word_1_174' title='bbox 254 1565 292 1615; x_wconf 78' lang='grc' dir='ltr'>ἐς</span> <span class='ocrx_word' id='word_1_175' title='bbox 315 1563 360 1608; x_wconf 91' lang='grc' dir='ltr'>τὸ</span> <span class='ocrx_word' id='word_1_176' title='bbox 384 1562 569 1623; x_wconf 84' lang='grc' dir='ltr'>δεύτερον</span> <span class='ocrx_word' id='word_1_177' title='bbox 592 1561 726 1621; x_wconf 88' lang='grc' dir='ltr'>στόμα</span> <span class='ocrx_word' id='word_1_178' title='bbox 747 1562 905 1607; x_wconf 84' lang='grc' dir='ltr'>στάδιοι</span> <span class='ocrx_word' id='word_1_179' title='bbox 933 1562 1145 1617; x_wconf 81' lang='grc' dir='ltr'>ἑξήκοντα.</span> <span class='ocrx_word' id='word_1_180' title='bbox 1204 1555 1300 1609; x_wconf 83' lang='grc' dir='ltr'>Ἐν-</span> 
     </span>
     <span class='ocr_line' id='line_1_22' title="bbox 67 1630 1301 1690; baseline -0.004 -9"><span class='ocrx_word' id='word_1_181' title='bbox 67 1635 178 1681; x_wconf 85' lang='grc' dir='ltr'>θένδε</span> <span class='ocrx_word' id='word_1_182' title='bbox 209 1632 282 1679; x_wconf 76' lang='grc' dir='ltr'>ἐπὶ</span> <span class='ocrx_word' id='word_1_183' title='bbox 304 1632 350 1677; x_wconf 86' lang='grc' dir='ltr'>τὸ</span> <span class='ocrx_word' id='word_1_184' title='bbox 390 1630 531 1677; x_wconf 90' lang='grc' dir='ltr'>Καλὸν</span> <span class='ocrx_word' id='word_1_185' title='bbox 566 1630 816 1689; x_wconf 75' lang='grc' dir='ltr'>καλούμενον</span> <span class='ocrx_word' id='word_1_186' title='bbox 850 1630 985 1690; x_wconf 86' lang='grc' dir='ltr'>στόμα</span> <span class='ocrx_word' id='word_1_187' title='bbox 1023 1631 1182 1676; x_wconf 85' lang='grc' dir='ltr'>στάδιοι</span> <span class='ocrx_word' id='word_1_188' title='bbox 1211 1650 1301 1677; x_wconf 90' lang='grc' dir='ltr'>τεσ-</span> 
     </span>
     <span class='ocr_line' id='line_1_23' title="bbox 70 1694 1300 1765; baseline -0.005 -15"><span class='ocrx_word' id='word_1_189' title='bbox 70 1696 318 1765; x_wconf 77' lang='grc' dir='ltr'>σαράκοντα·</span> <span class='ocrx_word' id='word_1_190' title='bbox 341 1701 415 1747; x_wconf 77' lang='grc' dir='ltr'>καὶ</span> <span class='ocrx_word' id='word_1_191' title='bbox 453 1699 533 1745; x_wconf 84' lang='grc' dir='ltr'>ἀπὸ</span> <span class='ocrx_word' id='word_1_192' title='bbox 569 1704 638 1745; x_wconf 91' lang='grc' dir='ltr'>τοῦ</span> <span class='ocrx_word' id='word_1_193' title='bbox 676 1700 819 1745; x_wconf 80' lang='grc' dir='ltr'>Καλοῦ</span> <span class='ocrx_word' id='word_1_194' title='bbox 844 1698 910 1742; x_wconf 84' lang='grc' dir='ltr'>ἐπὶ</span> <span class='ocrx_word' id='word_1_195' title='bbox 936 1698 982 1743; x_wconf 88' lang='grc' dir='ltr'>τὸ</span> <span class='ocrx_word' id='word_1_196' title='bbox 1006 1699 1200 1761; x_wconf 85' lang='grc' dir='ltr'>Νάρακον</span> <span class='ocrx_word' id='word_1_197' title='bbox 1223 1694 1300 1744; x_wconf 64' lang='grc' dir='ltr'>ὧδε</span> 
     </span>
     <span class='ocr_line' id='line_1_24' title="bbox 69 1765 1301 1832; baseline -0.005 -14"><span class='ocrx_word' id='word_1_198' title='bbox 69 1771 393 1832; x_wconf 79' lang='grc' dir='ltr'>ὀνομαζόμενον,</span> <span class='ocrx_word' id='word_1_199' title='bbox 429 1768 563 1828; x_wconf 90' lang='grc' dir='ltr'>στόμα</span> <span class='ocrx_word' id='word_1_200' title='bbox 600 1768 792 1829; x_wconf 89' lang='grc' dir='ltr'>τέταρτον</span> <span class='ocrx_word' id='word_1_201' title='bbox 823 1771 893 1811; x_wconf 89' lang='grc' dir='ltr'>τοῦ</span> <span class='ocrx_word' id='word_1_202' title='bbox 917 1765 1108 1828; x_wconf 86' lang='grc' dir='ltr'>Ἴστρου,</span> <span class='ocrx_word' id='word_1_203' title='bbox 1144 1767 1301 1812; x_wconf 89' lang='grc' dir='ltr'>στάδιοι</span> 
     </span>
     <span class='ocr_line' id='line_1_25' title="bbox 70 1835 1301 1897; baseline -0.005 -10"><span class='ocrx_word' id='word_1_204' title='bbox 70 1840 283 1897; x_wconf 81' lang='grc' dir='ltr'>ἑξήκοντα.</span> <span class='ocrx_word' id='word_1_205' title='bbox 353 1837 540 1885; x_wconf 85' lang='grc' dir='ltr'>Ἐνθένδε</span> <span class='ocrx_word' id='word_1_206' title='bbox 562 1837 629 1882; x_wconf 82' lang='grc' dir='ltr'>ἐπὶ</span> <span class='ocrx_word' id='word_1_207' title='bbox 666 1836 711 1882; x_wconf 88' lang='grc' dir='ltr'>τὸ</span> <span class='ocrx_word' id='word_1_208' title='bbox 733 1835 920 1896; x_wconf 89' lang='grc' dir='ltr'>πέμπτον</span> <span class='ocrx_word' id='word_1_209' title='bbox 949 1835 1079 1882; x_wconf 86' lang='grc' dir='ltr'>εἴκοσι</span> <span class='ocrx_word' id='word_1_210' title='bbox 1113 1836 1301 1891; x_wconf 70' lang='grc' dir='ltr'>καὶὲκα-</span> 
     </span>
     <span class='ocr_line' id='line_1_26' title="bbox 7 1905 1302 1968; baseline -0.002 -14"><span class='ocrx_word' id='word_1_211' title='bbox 7 1924 48 1955; x_wconf 83' lang='grc'>25</span> <span class='ocrx_word' id='word_1_212' title='bbox 70 1907 160 1955; x_wconf 86' lang='grc' dir='ltr'>τόν·</span> <span class='ocrx_word' id='word_1_213' title='bbox 191 1907 262 1954; x_wconf 76' lang='grc' dir='ltr'>καὶ</span> <span class='ocrx_word' id='word_1_214' title='bbox 305 1906 413 1953; x_wconf 84' lang='grc' dir='ltr'>ἔνθεν</span> <span class='ocrx_word' id='word_1_215' title='bbox 448 1909 503 1958; x_wconf 86' lang='grc' dir='ltr'>εἷς</span> <span class='ocrx_word' id='word_1_216' title='bbox 541 1906 722 1968; x_wconf 87' lang='grc' dir='ltr'>Ἰστρίαν</span> <span class='ocrx_word' id='word_1_217' title='bbox 754 1905 872 1951; x_wconf 83' lang='grc' dir='ltr'>πόλιν</span> <span class='ocrx_word' id='word_1_218' title='bbox 910 1905 1067 1951; x_wconf 82' lang='grc' dir='ltr'>στάδιοι</span> <span class='ocrx_word' id='word_1_219' title='bbox 1099 1906 1302 1951; x_wconf 86' lang='grc' dir='ltr'>πεντακό-</span> 
     </span>
     <span class='ocr_line' id='line_1_27' title="bbox 70 1974 1299 2037; baseline -0.001 -14"><span class='ocrx_word' id='word_1_220' title='bbox 70 1996 163 2026; x_wconf 88' lang='grc' dir='ltr'>σιοι.</span> <span class='ocrx_word' id='word_1_221' title='bbox 230 1975 420 2024; x_wconf 85' lang='grc' dir='ltr'>Ἐνθένδε</span> <span class='ocrx_word' id='word_1_222' title='bbox 442 1977 497 2027; x_wconf 86' lang='grc' dir='ltr'>εἷς</span> <span class='ocrx_word' id='word_1_223' title='bbox 528 1975 692 2035; x_wconf 90' lang='grc' dir='ltr'>Τομέας</span> <span class='ocrx_word' id='word_1_224' title='bbox 725 1974 844 2021; x_wconf 90' lang='grc' dir='ltr'>πόλιν</span> <span class='ocrx_word' id='word_1_225' title='bbox 877 1976 1032 2021; x_wconf 89' lang='grc' dir='ltr'>στάδιοι</span> <span class='ocrx_word' id='word_1_226' title='bbox 1059 1976 1299 2037; x_wconf 86' lang='grc' dir='ltr'>τριακόσιοι.</span> 
     </span>
     <span class='ocr_line' id='line_1_28' title="bbox 70 2044 1301 2107; baseline -0.004 -13"><span class='ocrx_word' id='word_1_227' title='bbox 70 2046 168 2094; x_wconf 86' lang='grc' dir='ltr'>Ἀπὸ</span> <span class='ocrx_word' id='word_1_228' title='bbox 192 2047 232 2092; x_wconf 83' lang='grc' dir='ltr'>δὲ</span> <span class='ocrx_word' id='word_1_229' title='bbox 258 2044 434 2106; x_wconf 84' lang='grc' dir='ltr'>Τομέων</span> <span class='ocrx_word' id='word_1_230' title='bbox 459 2047 514 2097; x_wconf 89' lang='grc' dir='ltr'>εἰς</span> <span class='ocrx_word' id='word_1_231' title='bbox 540 2044 751 2091; x_wconf 87' lang='grc' dir='ltr'>Κάλλατιν</span> <span class='ocrx_word' id='word_1_232' title='bbox 781 2044 898 2090; x_wconf 85' lang='grc' dir='ltr'>πόλιν</span> <span class='ocrx_word' id='word_1_233' title='bbox 922 2044 1038 2090; x_wconf 91' lang='grc' dir='ltr'>ἄλλοι</span> <span class='ocrx_word' id='word_1_234' title='bbox 1061 2045 1301 2107; x_wconf 87' lang='grc' dir='ltr'>τριακόσιοι·</span> 
     </span>
     <span class='ocr_line' id='line_1_29' title="bbox 70 2114 1303 2178; baseline -0.002 -17"><span class='ocrx_word' id='word_1_235' title='bbox 70 2115 192 2178; x_wconf 75' lang='grc' dir='ltr'>ὅρμος</span> <span class='ocrx_word' id='word_1_236' title='bbox 214 2115 369 2161; x_wconf 86' lang='grc' dir='ltr'>ναυσίν.</span> <span class='ocrx_word' id='word_1_237' title='bbox 436 2114 622 2161; x_wconf 82' lang='grc' dir='ltr'>Ἐνθένδε</span> <span class='ocrx_word' id='word_1_238' title='bbox 647 2117 685 2166; x_wconf 77' lang='grc' dir='ltr'>ἐς</span> <span class='ocrx_word' id='word_1_239' title='bbox 707 2117 857 2176; x_wconf 81' lang='grc' dir='ltr'>Καρῶν</span> <span class='ocrx_word' id='word_1_240' title='bbox 886 2114 1031 2173; x_wconf 88' lang='grc' dir='ltr'>λιμένα</span> <span class='ocrx_word' id='word_1_241' title='bbox 1053 2114 1303 2178; x_wconf 83' lang='grc' dir='ltr'>ὀγδοήκοντα</span> 
     </span>
     <span class='ocr_line' id='line_1_30' title="bbox 71 2181 1305 2244; baseline -0.003 -14"><span class='ocrx_word' id='word_1_242' title='bbox 71 2184 141 2229; x_wconf 77' lang='grc' dir='ltr'>καὶ</span> <span class='ocrx_word' id='word_1_243' title='bbox 175 2184 331 2230; x_wconf 83' lang='grc' dir='ltr'>ἑκατόν·</span> <span class='ocrx_word' id='word_1_244' title='bbox 363 2186 433 2228; x_wconf 85' lang='grc' dir='ltr'>καὶ</span> <span class='ocrx_word' id='word_1_245' title='bbox 469 2186 496 2237; x_wconf 83' lang='grc' dir='ltr'>ἡ</span> <span class='ocrx_word' id='word_1_246' title='bbox 534 2185 586 2242; x_wconf 78' lang='grc' dir='ltr'>γῆ</span> <span class='ocrx_word' id='word_1_247' title='bbox 627 2184 666 2226; x_wconf 81' lang='grc' dir='ltr'>ἓν</span> <span class='ocrx_word' id='word_1_248' title='bbox 704 2181 841 2244; x_wconf 80' lang='grc' dir='ltr'>κύκλῳ</span> <span class='ocrx_word' id='word_1_249' title='bbox 875 2187 944 2227; x_wconf 87' lang='grc' dir='ltr'>τοῦ</span> <span class='ocrx_word' id='word_1_250' title='bbox 971 2181 1132 2241; x_wconf 85' lang='grc' dir='ltr'>λιμένος</span> <span class='ocrx_word' id='word_1_251' title='bbox 1169 2183 1305 2244; x_wconf 88' lang='grc' dir='ltr'>Καρία</span> 
     </span>
     <span class='ocr_line' id='line_1_31' title="bbox 10 2250 1303 2312; baseline -0.005 -12"><span class='ocrx_word' id='word_1_252' title='bbox 10 2271 51 2301; x_wconf 86' lang='grc'>30</span> <span class='ocrx_word' id='word_1_253' title='bbox 73 2251 299 2310; x_wconf 68' lang='grc' dir='ltr'>κληΐζεται.</span> <span class='ocrx_word' id='word_1_254' title='bbox 369 2251 467 2297; x_wconf 81' lang='grc' dir='ltr'>Ἀπὸ</span> <span class='ocrx_word' id='word_1_255' title='bbox 498 2250 541 2295; x_wconf 87' lang='grc' dir='ltr'>δὲ</span> <span class='ocrx_word' id='word_1_256' title='bbox 581 2253 733 2311; x_wconf 83' lang='grc' dir='ltr'>Καρῶν</span> <span class='ocrx_word' id='word_1_257' title='bbox 768 2250 930 2309; x_wconf 84' lang='grc' dir='ltr'>λιμένος</span> <span class='ocrx_word' id='word_1_258' title='bbox 958 2252 1013 2302; x_wconf 88' lang='grc' dir='ltr'>εἷς</span> <span class='ocrx_word' id='word_1_259' title='bbox 1050 2251 1303 2312; x_wconf 87' lang='grc' dir='ltr'>Τετρισιάδα</span> 
     </span>
    </p>
   </div>
   <div class='ocr_carea' id='block_1_3' title="bbox 74 2416 1315 2534">
    <p class='ocr_par' dir='ltr' id='par_1_3' title="bbox 74 2416 1315 2534">
     <span class='ocr_line' id='line_1_32' title="bbox 129 2416 1314 2472; baseline -0.001 -13"><span class='ocrx_word' id='word_1_260' title='bbox 129 2423 150 2472; x_wconf 78' lang='lat'>§</span> <span class='ocrx_word' id='word_1_261' title='bbox 165 2423 232 2469; x_wconf 87' lang='lat'>35,</span> <span class='ocrx_word' id='word_1_262' title='bbox 250 2419 278 2459; x_wconf 94' lang='lat' dir='ltr'>l.</span> <span class='ocrx_word' id='word_1_263' title='bbox 298 2431 367 2460; x_wconf 85' lang='lat'>20.</span> <span class='ocrx_word' id='word_1_264' title='bbox 382 2419 403 2457; x_wconf 81' lang='grc' dir='ltr'>δ</span> <span class='ocrx_word' id='word_1_265' title='bbox 414 2434 429 2458; x_wconf 87' lang='grc' dir='ltr'>ε</span> <span class='ocrx_word' id='word_1_266' title='bbox 441 2418 461 2457; x_wconf 77' lang='grc' dir='ltr'>ὗ</span> <span class='ocrx_word' id='word_1_267' title='bbox 475 2433 495 2457; x_wconf 88' lang='grc' dir='ltr'>τ</span> <span class='ocrx_word' id='word_1_268' title='bbox 505 2433 520 2457; x_wconf 88' lang='grc' dir='ltr'>ε</span> <span class='ocrx_word' id='word_1_269' title='bbox 531 2432 551 2471; x_wconf 90' lang='grc' dir='ltr'>ρ</span> <span class='ocrx_word' id='word_1_270' title='bbox 561 2432 581 2456; x_wconf 94' lang='lat'><em>0</em></span> <span class='ocrx_word' id='word_1_271' title='bbox 592 2419 626 2469; x_wconf 87' lang='grc' dir='ltr'>ν]</span> <span class='ocrx_word' id='word_1_272' title='bbox 638 2416 906 2471; x_wconf 82' lang='lat' dir='ltr'>probabiliter</span> <span class='ocrx_word' id='word_1_273' title='bbox 917 2416 1027 2460; x_wconf 88' lang='lat' dir='ltr'>idem</span> <span class='ocrx_word' id='word_1_274' title='bbox 1043 2417 1156 2471; x_wconf 89' lang='lat' dir='ltr'>quod</span> <span class='ocrx_word' id='word_1_275' title='bbox 1173 2419 1314 2458; x_wconf 88' lang='lat' dir='ltr'>Steno-</span> 
     </span>
     <span class='ocr_line' id='line_1_33' title="bbox 74 2478 1315 2534; baseline -0.002 -13"><span class='ocrx_word' id='word_1_276' title='bbox 74 2491 205 2522; x_wconf 85' lang='lat' dir='ltr'>stoma</span> <span class='ocrx_word' id='word_1_277' title='bbox 220 2488 280 2520; x_wconf 91' lang='lat' dir='ltr'>est</span> <span class='ocrx_word' id='word_1_278' title='bbox 291 2479 430 2521; x_wconf 92' lang='lat' dir='ltr'>Solino</span> <span class='ocrx_word' id='word_1_279' title='bbox 445 2487 485 2519; x_wconf 90' lang='lat' dir='ltr'>et</span> <span class='ocrx_word' id='word_1_280' title='bbox 498 2479 732 2519; x_wconf 83' lang='lat' dir='ltr'>Ammiano.</span> <span class='ocrx_word' id='word_1_281' title='bbox 754 2479 770 2532; x_wconf 76' lang='lat' dir='ltr'>ll</span> <span class='ocrx_word' id='word_1_282' title='bbox 789 2492 922 2519; x_wconf 85' lang='lat'>—22.</span> <span class='ocrx_word' id='word_1_283' title='bbox 938 2478 971 2518; x_wconf 89' lang='lat' dir='ltr'>N</span> <span class='ocrx_word' id='word_1_284' title='bbox 983 2479 1006 2517; x_wconf 86' lang='grc' dir='ltr'>ά</span> <span class='ocrx_word' id='word_1_285' title='bbox 1016 2494 1035 2533; x_wconf 93' lang='grc' dir='ltr'>ρ</span> <span class='ocrx_word' id='word_1_286' title='bbox 1049 2494 1071 2518; x_wconf 92' lang='grc' dir='ltr'>α</span> <span class='ocrx_word' id='word_1_287' title='bbox 1081 2495 1103 2519; x_wconf 79' lang='grc' dir='ltr'>κ</span> <span class='ocrx_word' id='word_1_288' title='bbox 1113 2495 1132 2519; x_wconf 91' lang='grc' dir='ltr'>ο</span> <span class='ocrx_word' id='word_1_289' title='bbox 1147 2481 1192 2533; x_wconf 87' lang='grc' dir='ltr'>ν]</span> <span class='ocrx_word' id='word_1_290' title='bbox 1210 2479 1315 2534; x_wconf 73' lang='lat' dir='ltr'>’&#39;Apoc-</span> 
     </span>
    </p>
   </div>
   <div class='ocr_carea' id='block_1_4' title="bbox 75 2541 1312 2598">
    <p class='ocr_par' dir='ltr' id='par_1_4' title="bbox 75 2541 1312 2598">
     <span class='ocr_line' id='line_1_34' title="bbox 75 2541 1312 2598; baseline -0.002 -14"><span class='ocrx_word' id='word_1_291' title='bbox 75 2558 142 2584; x_wconf 75' lang='grc' dir='ltr'>κον</span> <span class='ocrx_word' id='word_1_292' title='bbox 159 2556 374 2598; x_wconf 81' lang='lat' dir='ltr'>perperam</span> <span class='ocrx_word' id='word_1_293' title='bbox 398 2544 657 2595; x_wconf 87' lang='lat' dir='ltr'>Anonymus.</span> <span class='ocrx_word' id='word_1_294' title='bbox 684 2541 700 2595; x_wconf 67' lang='lat' dir='ltr'>l}</span> <span class='ocrx_word' id='word_1_295' title='bbox 719 2565 774 2571; x_wconf 92' lang='lat'><strong>—</strong></span> <span class='ocrx_word' id='word_1_296' title='bbox 790 2544 858 2590; x_wconf 93' lang='grc'>24.</span> <span class='ocrx_word' id='word_1_297' title='bbox 881 2542 1118 2596; x_wconf 85' lang='grc' dir='ltr'>πέμπτον]</span> <span class='ocrx_word' id='word_1_298' title='bbox 1140 2541 1188 2582; x_wconf 95' lang='lat' dir='ltr'>Id</span> <span class='ocrx_word' id='word_1_299' title='bbox 1212 2542 1312 2596; x_wconf 81' lang='grc' dir='ltr'>ἱερὸν</span> 
     </span>
    </p>
   </div>
   <div class='ocr_carea' id='block_1_5' title="bbox 74 2602 1317 2646">
    <p class='ocr_par' dir='ltr' id='par_1_5' title="bbox 74 2602 1317 2646">
     <span class='ocr_line' id='line_1_35' title="bbox 74 2602 1317 2646; baseline -0.002 0"><span class='ocrx_word' id='word_1_300' title='bbox 74 2606 155 2646; x_wconf 87' lang='lat' dir='ltr'>dici</span> <span class='ocrx_word' id='word_1_301' title='bbox 164 2604 278 2645; x_wconf 82' lang='lat' dir='ltr'>addit</span> <span class='ocrx_word' id='word_1_302' title='bbox 286 2606 408 2645; x_wconf 91' lang='lat' dir='ltr'>Anon</span> <span class='ocrx_word' id='word_1_303' title='bbox 415 2634 425 2644; x_wconf 93' lang='lat'><strong>.</strong></span> <span class='ocrx_word' id='word_1_304' title='bbox 440 2604 633 2644; x_wconf 88' lang='lat' dir='ltr'>Ceterum</span> <span class='ocrx_word' id='word_1_305' title='bbox 641 2602 693 2644; x_wconf 89' lang='lat' dir='ltr'>de</span> <span class='ocrx_word' id='word_1_306' title='bbox 700 2603 899 2645; x_wconf 86' lang='lat' dir='ltr'>ostiorum</span> <span class='ocrx_word' id='word_1_307' title='bbox 911 2618 1085 2646; x_wconf 85' lang='lat' dir='ltr'>numero</span> <span class='ocrx_word' id='word_1_308' title='bbox 1093 2613 1131 2645; x_wconf 87' lang='lat' dir='ltr'>et</span> <span class='ocrx_word' id='word_1_309' title='bbox 1141 2605 1317 2645; x_wconf 89' lang='lat' dir='ltr'>nomini-</span> 
     </span>
    </p>
   </div>
   <div class='ocr_carea' id='block_1_6' title="bbox 29 2665 1321 4023">
    <p class='ocr_par' dir='ltr' id='par_1_6' title="bbox 29 2665 1321 4023">
     <span class='ocr_line' id='line_1_36' title="bbox 78 2665 1311 2721; baseline -0.002 -12"><span class='ocrx_word' id='word_1_310' title='bbox 78 2670 153 2709; x_wconf 89' lang='lat' dir='ltr'>bus</span> <span class='ocrx_word' id='word_1_311' title='bbox 165 2668 294 2708; x_wconf 91' lang='lat' dir='ltr'>varias</span> <span class='ocrx_word' id='word_1_312' title='bbox 309 2674 528 2707; x_wconf 88' lang='lat' dir='ltr'>auctorum</span> <span class='ocrx_word' id='word_1_313' title='bbox 544 2667 763 2706; x_wconf 85' lang='lat' dir='ltr'>sententias</span> <span class='ocrx_word' id='word_1_314' title='bbox 777 2665 869 2706; x_wconf 88' lang='lat' dir='ltr'>vide</span> <span class='ocrx_word' id='word_1_315' title='bbox 881 2681 947 2721; x_wconf 90' lang='lat' dir='ltr'>ap.</span> <span class='ocrx_word' id='word_1_316' title='bbox 965 2666 1167 2707; x_wconf 90' lang='lat' dir='ltr'>Ukertum</span> <span class='ocrx_word' id='word_1_317' title='bbox 1182 2669 1258 2716; x_wconf 82' lang='lat'>111,</span> <span class='ocrx_word' id='word_1_318' title='bbox 1275 2681 1311 2715; x_wconf 89' lang='grc'>1,</span> 
     </span>
     <span class='ocr_line' id='line_1_37' title="bbox 78 2727 1315 2785; baseline -0.002 -14"><span class='ocrx_word' id='word_1_319' title='bbox 78 2745 118 2785; x_wconf 85' lang='lat' dir='ltr'><strong>p.</strong></span> <span class='ocrx_word' id='word_1_320' title='bbox 148 2730 242 2778; x_wconf 84' lang='lat'>360,</span> <span class='ocrx_word' id='word_1_321' title='bbox 265 2737 310 2769; x_wconf 91' lang='lat' dir='ltr'>ut</span> <span class='ocrx_word' id='word_1_322' title='bbox 329 2729 489 2768; x_wconf 90' lang='lat' dir='ltr'>mittam</span> <span class='ocrx_word' id='word_1_323' title='bbox 509 2727 624 2768; x_wconf 86' lang='lat' dir='ltr'>alios.</span> <span class='ocrx_word' id='word_1_324' title='bbox 646 2728 842 2782; x_wconf 87' lang='lat' dir='ltr'><strong>Quinque</strong></span> <span class='ocrx_word' id='word_1_325' title='bbox 857 2729 959 2769; x_wconf 87' lang='lat' dir='ltr'>ostia</span> <span class='ocrx_word' id='word_1_326' title='bbox 974 2729 1173 2769; x_wconf 91' lang='lat' dir='ltr'>Arrianus</span> <span class='ocrx_word' id='word_1_327' title='bbox 1191 2729 1315 2770; x_wconf 82' lang='lat' dir='ltr'>etiam</span> 
     </span>
     <span class='ocr_line' id='line_1_38' title="bbox 77 2788 1311 2846; baseline -0.001 -14"><span class='ocrx_word' id='word_1_328' title='bbox 77 2793 119 2832; x_wconf 88' lang='lat' dir='ltr'>in</span> <span class='ocrx_word' id='word_1_329' title='bbox 140 2790 317 2833; x_wconf 88' lang='lat' dir='ltr'>Anabasi</span> <span class='ocrx_word' id='word_1_330' title='bbox 342 2791 377 2840; x_wconf 92' lang='lat' dir='ltr'>I,</span> <span class='ocrx_word' id='word_1_331' title='bbox 397 2791 419 2830; x_wconf 91' lang='grc'>3</span> <span class='ocrx_word' id='word_1_332' title='bbox 439 2790 578 2840; x_wconf 88' lang='lat' dir='ltr'>habet,</span> <span class='ocrx_word' id='word_1_333' title='bbox 600 2789 706 2830; x_wconf 90' lang='lat' dir='ltr'>sicut</span> <span class='ocrx_word' id='word_1_334' title='bbox 719 2788 957 2830; x_wconf 87' lang='lat' dir='ltr'>Herodotus</span> <span class='ocrx_word' id='word_1_335' title='bbox 970 2792 1026 2841; x_wconf 91' lang='lat' dir='ltr'>II,</span> <span class='ocrx_word' id='word_1_336' title='bbox 1056 2805 1119 2832; x_wconf 90' lang='lat'>10.</span> <span class='ocrx_word' id='word_1_337' title='bbox 1138 2793 1213 2842; x_wconf 89' lang='lat' dir='ltr'>IV,</span> <span class='ocrx_word' id='word_1_338' title='bbox 1237 2794 1311 2846; x_wconf 89' lang='grc'>47;</span> 
     </span>
     <span class='ocr_line' id='line_1_39' title="bbox 70 2851 1314 2909; baseline 0 -14"><span class='ocrx_word' id='word_1_339' title='bbox 70 2854 270 2909; x_wconf 81' lang='lat' dir='ltr'>Ephorus</span> <span class='ocrx_word' id='word_1_340' title='bbox 292 2867 358 2907; x_wconf 87' lang='lat' dir='ltr'>ap.</span> <span class='ocrx_word' id='word_1_341' title='bbox 387 2852 560 2893; x_wconf 87' lang='lat' dir='ltr'>Strabon</span> <span class='ocrx_word' id='word_1_342' title='bbox 587 2866 631 2907; x_wconf 89' lang='lat' dir='ltr'>p.</span> <span class='ocrx_word' id='word_1_343' title='bbox 663 2851 740 2893; x_wconf 83' lang='lat'>305</span> <span class='ocrx_word' id='word_1_344' title='bbox 756 2868 766 2902; x_wconf 94' lang='lat'>;</span> <span class='ocrx_word' id='word_1_345' title='bbox 789 2853 988 2907; x_wconf 92' lang='lat' dir='ltr'>Scymnus</span> <span class='ocrx_word' id='word_1_346' title='bbox 1024 2853 1128 2907; x_wconf 81' lang='lat'><em>7753</em></span> <span class='ocrx_word' id='word_1_347' title='bbox 1157 2855 1314 2909; x_wconf 88' lang='lat' dir='ltr'>Diony-</span> 
     </span>
     <span class='ocr_line' id='line_1_40' title="bbox 77 2914 1315 2971; baseline 0.002 -15"><span class='ocrx_word' id='word_1_348' title='bbox 77 2917 161 2956; x_wconf 89' lang='lat' dir='ltr'>sius</span> <span class='ocrx_word' id='word_1_349' title='bbox 186 2916 260 2957; x_wconf 85' lang='lat'>301</span> <span class='ocrx_word' id='word_1_350' title='bbox 280 2931 290 2965; x_wconf 89' lang='lat'>;</span> <span class='ocrx_word' id='word_1_351' title='bbox 314 2914 420 2955; x_wconf 91' lang='lat' dir='ltr'>Mela</span> <span class='ocrx_word' id='word_1_352' title='bbox 438 2917 494 2965; x_wconf 93' lang='lat' dir='ltr'>II,</span> <span class='ocrx_word' id='word_1_353' title='bbox 517 2929 553 2965; x_wconf 80' lang='lat'>13</span> <span class='ocrx_word' id='word_1_354' title='bbox 585 2916 670 2955; x_wconf 88' lang='lat' dir='ltr'>Leo</span> <span class='ocrx_word' id='word_1_355' title='bbox 691 2915 899 2955; x_wconf 89' lang='lat' dir='ltr'>Diaconus</span> <span class='ocrx_word' id='word_1_356' title='bbox 917 2916 1035 2965; x_wconf 86' lang='lat' dir='ltr'>VIII,</span> <span class='ocrx_word' id='word_1_357' title='bbox 1070 2929 1105 2956; x_wconf 89' lang='lat'>1.</span> <span class='ocrx_word' id='word_1_358' title='bbox 1128 2918 1160 2957; x_wconf 93' lang='lat' dir='ltr'><strong>A</strong></span> <span class='ocrx_word' id='word_1_359' title='bbox 1179 2918 1315 2971; x_wconf 89' lang='lat' dir='ltr'>primo</span> 
     </span>
     <span class='ocr_line' id='line_1_41' title="bbox 79 2976 1313 3033; baseline 0.002 -15"><span class='ocrx_word' id='word_1_360' title='bbox 79 2977 131 3018; x_wconf 88' lang='lat' dir='ltr'>ad</span> <span class='ocrx_word' id='word_1_361' title='bbox 162 2978 352 3018; x_wconf 87' lang='lat' dir='ltr'>ultimum</span> <span class='ocrx_word' id='word_1_362' title='bbox 377 2977 528 3017; x_wconf 89' lang='lat' dir='ltr'>ostium</span> <span class='ocrx_word' id='word_1_363' title='bbox 543 2977 693 3017; x_wconf 82' lang='lat' dir='ltr'><strong>Noster</strong></span> <span class='ocrx_word' id='word_1_364' title='bbox 724 2976 854 3017; x_wconf 85' lang='lat' dir='ltr'>stadia</span> <span class='ocrx_word' id='word_1_365' title='bbox 880 2979 975 3027; x_wconf 84' lang='lat'>280,</span> <span class='ocrx_word' id='word_1_366' title='bbox 1002 2977 1147 3018; x_wconf 87' lang='lat' dir='ltr'>Strabo</span> <span class='ocrx_word' id='word_1_367' title='bbox 1169 2993 1210 3033; x_wconf 91' lang='lat' dir='ltr'>p.</span> <span class='ocrx_word' id='word_1_368' title='bbox 1236 2979 1313 3021; x_wconf 82' lang='lat'>305</span> 
     </span>
     <span class='ocr_line' id='line_1_42' title="bbox 81 3038 1313 3097; baseline 0.003 -18"><span class='ocrx_word' id='word_1_369' title='bbox 81 3041 186 3080; x_wconf 90' lang='lat' dir='ltr'>circa</span> <span class='ocrx_word' id='word_1_370' title='bbox 207 3041 286 3081; x_wconf 86' lang='grc'>300</span> <span class='ocrx_word' id='word_1_371' title='bbox 308 3038 438 3080; x_wconf 89' lang='lat' dir='ltr'>stadia</span> <span class='ocrx_word' id='word_1_372' title='bbox 461 3047 666 3079; x_wconf 87' lang='lat' dir='ltr'>numerat.</span> <span class='ocrx_word' id='word_1_373' title='bbox 687 3040 782 3092; x_wconf 73' lang='grc' dir='ltr'>ΙΙ-</span> <span class='ocrx_word' id='word_1_374' title='bbox 806 3039 873 3080; x_wconf 84' lang='grc'>25.</span> <span class='ocrx_word' id='word_1_375' title='bbox 902 3038 1108 3095; x_wconf 84' lang='grc' dir='ltr'>Ἰστρίαν</span> <span class='ocrx_word' id='word_1_376' title='bbox 1142 3041 1313 3097; x_wconf 89' lang='grc' dir='ltr'>πόλιν]</span> 
     </span>
     <span class='ocr_line' id='line_1_43' title="bbox 82 3101 1315 3157; baseline 0.003 -16"><span class='ocrx_word' id='word_1_377' title='bbox 82 3103 139 3141; x_wconf 90' lang='lat' dir='ltr'>sic</span> <span class='ocrx_word' id='word_1_378' title='bbox 173 3102 296 3142; x_wconf 90' lang='lat' dir='ltr'>etiam</span> <span class='ocrx_word' id='word_1_379' title='bbox 319 3101 554 3143; x_wconf 90' lang='lat' dir='ltr'>Herodotus</span> <span class='ocrx_word' id='word_1_380' title='bbox 585 3103 642 3151; x_wconf 93' lang='grc' dir='ltr'>ΙΙ,</span> <span class='ocrx_word' id='word_1_381' title='bbox 666 3102 716 3141; x_wconf 89' lang='grc'>33</span> <span class='ocrx_word' id='word_1_382' title='bbox 751 3110 792 3141; x_wconf 86' lang='lat' dir='ltr'>et</span> <span class='ocrx_word' id='word_1_383' title='bbox 821 3102 1033 3157; x_wconf 88' lang='lat' dir='ltr'><strong>Dexippus</strong></span> <span class='ocrx_word' id='word_1_384' title='bbox 1058 3117 1125 3157; x_wconf 89' lang='lat' dir='ltr'>ap.</span> <span class='ocrx_word' id='word_1_385' title='bbox 1159 3104 1315 3145; x_wconf 87' lang='lat' dir='ltr'>Julium</span> 
     </span>
     <span class='ocr_line' id='line_1_44' title="bbox 84 3161 1311 3220; baseline 0.003 -18"><span class='ocrx_word' id='word_1_386' title='bbox 84 3163 300 3217; x_wconf 80' lang='lat' dir='ltr'>Capitolin.</span> <span class='ocrx_word' id='word_1_387' title='bbox 317 3165 380 3204; x_wconf 89' lang='lat' dir='ltr'>De</span> <span class='ocrx_word' id='word_1_388' title='bbox 403 3164 586 3204; x_wconf 83' lang='lat' dir='ltr'>Maximo</span> <span class='ocrx_word' id='word_1_389' title='bbox 602 3170 642 3203; x_wconf 88' lang='lat' dir='ltr'>et</span> <span class='ocrx_word' id='word_1_390' title='bbox 655 3161 826 3203; x_wconf 80' lang='lat' dir='ltr'>Balbino</span> <span class='ocrx_word' id='word_1_391' title='bbox 846 3178 882 3204; x_wconf 90' lang='lat' dir='ltr'>c.</span> <span class='ocrx_word' id='word_1_392' title='bbox 903 3167 927 3204; x_wconf 89' lang='lat'>6</span> <span class='ocrx_word' id='word_1_393' title='bbox 944 3165 959 3217; x_wconf 90' lang='lat'>(</span> <span class='ocrx_word' id='word_1_394' title='bbox 976 3163 1038 3204; x_wconf 83' lang='lat' dir='ltr'>Cf.</span> <span class='ocrx_word' id='word_1_395' title='bbox 1059 3165 1311 3220; x_wconf 87' lang='lat' dir='ltr'>Wesseling.</span> 
     </span>
     <span class='ocr_line' id='line_1_45' title="bbox 86 3222 1316 3282; baseline 0.006 -19"><span class='ocrx_word' id='word_1_396' title='bbox 86 3222 137 3263; x_wconf 90' lang='lat' dir='ltr'>ad</span> <span class='ocrx_word' id='word_1_397' title='bbox 158 3225 335 3266; x_wconf 88' lang='lat' dir='ltr'>Hierocl.</span> <span class='ocrx_word' id='word_1_398' title='bbox 356 3240 398 3279; x_wconf 89' lang='lat' dir='ltr'><strong>p.</strong></span> <span class='ocrx_word' id='word_1_399' title='bbox 425 3229 505 3278; x_wconf 85' lang='grc'>409</span> <span class='ocrx_word' id='word_1_400' title='bbox 521 3225 587 3265; x_wconf 86' lang='lat' dir='ltr'>ed.</span> <span class='ocrx_word' id='word_1_401' title='bbox 609 3227 744 3266; x_wconf 88' lang='lat' dir='ltr'>Bonn.</span> <span class='ocrx_word' id='word_1_402' title='bbox 766 3227 798 3279; x_wconf 88' lang='lat'>).</span> <span class='ocrx_word' id='word_1_403' title='bbox 826 3228 905 3280; x_wconf 89' lang='lat' dir='ltr'>Ap.</span> <span class='ocrx_word' id='word_1_404' title='bbox 932 3229 1202 3282; x_wconf 92' lang='lat' dir='ltr'>Anonymum</span> <span class='ocrx_word' id='word_1_405' title='bbox 1218 3228 1316 3270; x_wconf 89' lang='lat' dir='ltr'>urbs</span> 
     </span>
     <span class='ocr_line' id='line_1_46' title="bbox 85 3285 1316 3343; baseline 0.006 -18"><span class='ocrx_word' id='word_1_406' title='bbox 85 3285 235 3326; x_wconf 81' lang='lat' dir='ltr'>dicitur</span> <span class='ocrx_word' id='word_1_407' title='bbox 245 3285 406 3340; x_wconf 78' lang='grc' dir='ltr'>Ἴστρος,</span> <span class='ocrx_word' id='word_1_408' title='bbox 421 3295 466 3326; x_wconf 89' lang='lat' dir='ltr'>ut</span> <span class='ocrx_word' id='word_1_409' title='bbox 474 3288 633 3336; x_wconf 89' lang='lat' dir='ltr'>ceteris,</span> <span class='ocrx_word' id='word_1_410' title='bbox 653 3289 722 3340; x_wconf 90' lang='lat' dir='ltr'>qui</span> <span class='ocrx_word' id='word_1_411' title='bbox 736 3287 861 3328; x_wconf 89' lang='lat' dir='ltr'>modo</span> <span class='ocrx_word' id='word_1_412' title='bbox 876 3288 1028 3343; x_wconf 86' lang='grc' dir='ltr'>Ἴστρον</span> <span class='ocrx_word' id='word_1_413' title='bbox 1041 3289 1170 3339; x_wconf 87' lang='grc' dir='ltr'>πόλιν,</span> <span class='ocrx_word' id='word_1_414' title='bbox 1191 3291 1316 3332; x_wconf 83' lang='grc' dir='ltr'>1110ἀο</span> 
     </span>
     <span class='ocr_line' id='line_1_47' title="bbox 91 3345 1313 3407; baseline 0.007 -21"><span class='ocrx_word' id='word_1_415' title='bbox 91 3345 327 3400; x_wconf 86' lang='grc' dir='ltr'>Ἶστρόπολιν</span> <span class='ocrx_word' id='word_1_416' title='bbox 358 3356 519 3388; x_wconf 83' lang='lat' dir='ltr'>vocant.</span> <span class='ocrx_word' id='word_1_417' title='bbox 550 3349 605 3387; x_wconf 88' lang='lat' dir='ltr'>V.</span> <span class='ocrx_word' id='word_1_418' title='bbox 629 3348 774 3388; x_wconf 90' lang='lat' dir='ltr'>Strabo</span> <span class='ocrx_word' id='word_1_419' title='bbox 795 3364 838 3403; x_wconf 88' lang='lat' dir='ltr'>p.</span> <span class='ocrx_word' id='word_1_420' title='bbox 871 3350 968 3400; x_wconf 92' lang='grc'>318,</span> <span class='ocrx_word' id='word_1_421' title='bbox 990 3352 1190 3406; x_wconf 83' lang='lat' dir='ltr'>Scymnus</span> <span class='ocrx_word' id='word_1_422' title='bbox 1218 3357 1313 3407; x_wconf 88' lang='grc'>667,</span> 
     </span>
     <span class='ocr_line' id='line_1_48' title="bbox 89 3409 1318 3464; baseline 0.007 -17"><span class='ocrx_word' id='word_1_423' title='bbox 89 3409 334 3463; x_wconf 82' lang='lat' dir='ltr'>Lycophron</span> <span class='ocrx_word' id='word_1_424' title='bbox 355 3412 422 3462; x_wconf 90' lang='grc'>74,</span> <span class='ocrx_word' id='word_1_425' title='bbox 443 3409 551 3452; x_wconf 89' lang='lat' dir='ltr'>Mela</span> <span class='ocrx_word' id='word_1_426' title='bbox 567 3411 623 3457; x_wconf 91' lang='lat' dir='ltr'>II,</span> <span class='ocrx_word' id='word_1_427' title='bbox 649 3422 690 3459; x_wconf 85' lang='lat'>2,</span> <span class='ocrx_word' id='word_1_428' title='bbox 715 3409 753 3460; x_wconf 83' lang='lat'>5,</span> <span class='ocrx_word' id='word_1_429' title='bbox 768 3410 923 3450; x_wconf 84' lang='lat' dir='ltr'>Plinius</span> <span class='ocrx_word' id='word_1_430' title='bbox 938 3413 1015 3462; x_wconf 91' lang='lat' dir='ltr'>IV,</span> <span class='ocrx_word' id='word_1_431' title='bbox 1039 3415 1103 3462; x_wconf 83' lang='lat'>18,</span> <span class='ocrx_word' id='word_1_432' title='bbox 1129 3417 1198 3464; x_wconf 88' lang='grc'>24,</span> <span class='ocrx_word' id='word_1_433' title='bbox 1224 3417 1318 3456; x_wconf 91' lang='lat' dir='ltr'>Pto-</span> 
     </span>
     <span class='ocr_line' id='line_1_49' title="bbox 89 3470 1315 3528; baseline 0.008 -20"><span class='ocrx_word' id='word_1_434' title='bbox 89 3470 252 3509; x_wconf 86' lang='lat' dir='ltr'>lemaeus</span> <span class='ocrx_word' id='word_1_435' title='bbox 270 3471 347 3517; x_wconf 94' lang='lat' dir='ltr'>III,</span> <span class='ocrx_word' id='word_1_436' title='bbox 386 3483 451 3519; x_wconf 91' lang='lat'>10,</span> <span class='ocrx_word' id='word_1_437' title='bbox 472 3471 670 3510; x_wconf 87' lang='lat' dir='ltr'>Memnon</span> <span class='ocrx_word' id='word_1_438' title='bbox 690 3486 728 3511; x_wconf 91' lang='lat' dir='ltr'>c.</span> <span class='ocrx_word' id='word_1_439' title='bbox 757 3483 832 3520; x_wconf 92' lang='grc'>22,</span> <span class='ocrx_word' id='word_1_440' title='bbox 855 3473 1064 3514; x_wconf 90' lang='lat' dir='ltr'>Ammian.</span> <span class='ocrx_word' id='word_1_441' title='bbox 1095 3475 1232 3526; x_wconf 91' lang='lat' dir='ltr'>XXII,</span> <span class='ocrx_word' id='word_1_442' title='bbox 1265 3480 1288 3519; x_wconf 93' lang='lat'><strong>8</strong></span> <span class='ocrx_word' id='word_1_443' title='bbox 1304 3508 1315 3528; x_wconf 95' lang='lat'>,</span> 
     </span>
     <span class='ocr_line' id='line_1_50' title="bbox 91 3530 1316 3590; baseline 0.007 -20"><span class='ocrx_word' id='word_1_444' title='bbox 91 3530 298 3571; x_wconf 84' lang='lat' dir='ltr'>Hierocles</span> <span class='ocrx_word' id='word_1_445' title='bbox 335 3545 378 3584; x_wconf 90' lang='lat' dir='ltr'>p.</span> <span class='ocrx_word' id='word_1_446' title='bbox 416 3532 511 3584; x_wconf 88' lang='lat'>637,</span> <span class='ocrx_word' id='word_1_447' title='bbox 545 3531 772 3586; x_wconf 84' lang='lat' dir='ltr'>Stephanus</span> <span class='ocrx_word' id='word_1_448' title='bbox 808 3534 923 3587; x_wconf 65' lang='lat' dir='ltr'>Byz„</span> <span class='ocrx_word' id='word_1_449' title='bbox 958 3535 1134 3590; x_wconf 88' lang='lat' dir='ltr'>Eutrop.</span> <span class='ocrx_word' id='word_1_450' title='bbox 1157 3538 1234 3588; x_wconf 85' lang='lat' dir='ltr'>VI,</span> <span class='ocrx_word' id='word_1_451' title='bbox 1270 3542 1316 3590; x_wconf 72' lang='lat'>85</span> 
     </span>
     <span class='ocr_line' id='line_1_51' title="bbox 94 3591 1316 3654; baseline 0.009 -23"><span class='ocrx_word' id='word_1_452' title='bbox 94 3595 140 3632; x_wconf 90' lang='lat' dir='ltr'>H</span> <span class='ocrx_word' id='word_1_453' title='bbox 142 3591 368 3647; x_wconf 75' lang='lat' dir='ltr'>istriopolis</span> <span class='ocrx_word' id='word_1_454' title='bbox 404 3600 444 3632; x_wconf 89' lang='lat' dir='ltr'>et</span> <span class='ocrx_word' id='word_1_455' title='bbox 470 3592 705 3646; x_wconf 76' lang='lat' dir='ltr'>Istriopolis</span> <span class='ocrx_word' id='word_1_456' title='bbox 742 3594 785 3633; x_wconf 90' lang='lat' dir='ltr'>in</span> <span class='ocrx_word' id='word_1_457' title='bbox 819 3594 922 3634; x_wconf 89' lang='lat' dir='ltr'>Tab.</span> <span class='ocrx_word' id='word_1_458' title='bbox 959 3597 1074 3636; x_wconf 88' lang='lat' dir='ltr'>Peut.</span> <span class='ocrx_word' id='word_1_459' title='bbox 1103 3605 1144 3638; x_wconf 90' lang='lat' dir='ltr'>et</span> <span class='ocrx_word' id='word_1_460' title='bbox 1165 3599 1316 3654; x_wconf 88' lang='lat' dir='ltr'>Geogr.</span> 
     </span>
     <span class='ocr_line' id='line_1_52' title="bbox 87 3652 1317 3711; baseline 0.009 -19"><span class='ocrx_word' id='word_1_461' title='bbox 87 3655 194 3693; x_wconf 82' lang='lat' dir='ltr'>Rav.</span> <span class='ocrx_word' id='word_1_462' title='bbox 224 3653 312 3703; x_wconf 67' lang='lat' dir='ltr'>IV,</span> <span class='ocrx_word' id='word_1_463' title='bbox 337 3656 387 3702; x_wconf 80' lang='lat'>63</span> <span class='ocrx_word' id='word_1_464' title='bbox 426 3652 616 3693; x_wconf 75' lang='lat' dir='ltr'>Historia</span> <span class='ocrx_word' id='word_1_465' title='bbox 647 3654 690 3693; x_wconf 89' lang='lat' dir='ltr'>in</span> <span class='ocrx_word' id='word_1_466' title='bbox 720 3655 817 3695; x_wconf 88' lang='lat' dir='ltr'>Itin.</span> <span class='ocrx_word' id='word_1_467' title='bbox 838 3669 882 3710; x_wconf 87' lang='lat' dir='ltr'>p.</span> <span class='ocrx_word' id='word_1_468' title='bbox 912 3670 1012 3711; x_wconf 83' lang='grc'>227.</span> <span class='ocrx_word' id='word_1_469' title='bbox 1034 3658 1156 3699; x_wconf 88' lang='lat' dir='ltr'>Nunc</span> <span class='ocrx_word' id='word_1_470' title='bbox 1174 3663 1317 3704; x_wconf 70' lang='lat' dir='ltr'>Ister-e.</span> 
     </span>
     <span class='ocr_line' id='line_1_53' title="bbox 91 3713 1320 3773; baseline 0.009 -19"><span class='ocrx_word' id='word_1_471' title='bbox 91 3716 283 3755; x_wconf 87' lang='lat' dir='ltr'>Mannert</span> <span class='ocrx_word' id='word_1_472' title='bbox 320 3713 464 3754; x_wconf 87' lang='lat' dir='ltr'>urbem</span> <span class='ocrx_word' id='word_1_473' title='bbox 513 3723 653 3768; x_wconf 86' lang='lat' dir='ltr'>postea</span> <span class='ocrx_word' id='word_1_474' title='bbox 698 3716 1032 3759; x_wconf 84' lang='lat' dir='ltr'>Constantianam</span> <span class='ocrx_word' id='word_1_475' title='bbox 1074 3722 1090 3773; x_wconf 93' lang='lat'>(</span> <span class='ocrx_word' id='word_1_476' title='bbox 1112 3722 1320 3766; x_wconf 77' lang='lat' dir='ltr'>Hierocles</span> 
     </span>
     <span class='ocr_line' id='line_1_54' title="bbox 92 3776 1318 3836; baseline 0.007 -20"><span class='ocrx_word' id='word_1_477' title='bbox 92 3790 133 3829; x_wconf 88' lang='lat' dir='ltr'><strong>p.</strong></span> <span class='ocrx_word' id='word_1_478' title='bbox 154 3777 248 3829; x_wconf 84' lang='lat'>637.</span> <span class='ocrx_word' id='word_1_479' title='bbox 267 3776 522 3817; x_wconf 89' lang='lat' dir='ltr'>Constantin.</span> <span class='ocrx_word' id='word_1_480' title='bbox 541 3777 695 3831; x_wconf 90' lang='lat' dir='ltr'>Porph.</span> <span class='ocrx_word' id='word_1_481' title='bbox 714 3779 776 3817; x_wconf 92' lang='lat' dir='ltr'>De</span> <span class='ocrx_word' id='word_1_482' title='bbox 792 3777 903 3820; x_wconf 92' lang='lat' dir='ltr'>adm.</span> <span class='ocrx_word' id='word_1_483' title='bbox 923 3781 1022 3836; x_wconf 88' lang='lat' dir='ltr'>imp.</span> <span class='ocrx_word' id='word_1_484' title='bbox 1035 3784 1090 3831; x_wconf 89' lang='lat' dir='ltr'>H,</span> <span class='ocrx_word' id='word_1_485' title='bbox 1106 3785 1150 3836; x_wconf 90' lang='lat'>9)</span> <span class='ocrx_word' id='word_1_486' title='bbox 1167 3784 1318 3828; x_wconf 81' lang='lat' dir='ltr'>dictam</span> 
     </span>
     <span class='ocr_line' id='line_1_55' title="bbox 29 3837 1321 3892; baseline 0.01 -16"><span class='ocrx_word' id='word_1_487' title='bbox 29 3845 34 3851; x_wconf 94' lang='grc'><em>“</em></span> <span class='ocrx_word' id='word_1_488' title='bbox 92 3838 110 3892; x_wconf 58' lang='lat'>1</span> <span class='ocrx_word' id='word_1_489' title='bbox 140 3838 239 3878; x_wconf 88' lang='lat' dir='ltr'>hod.</span> <span class='ocrx_word' id='word_1_490' title='bbox 263 3837 517 3878; x_wconf 78' lang='lat' dir='ltr'>Koslandclzi</span> <span class='ocrx_word' id='word_1_491' title='bbox 536 3840 568 3891; x_wconf 90' lang='lat'>),</span> <span class='ocrx_word' id='word_1_492' title='bbox 602 3839 776 3892; x_wconf 90' lang='lat' dir='ltr'>Lapicus</span> <span class='ocrx_word' id='word_1_493' title='bbox 802 3841 1010 3892; x_wconf 74' lang='lat' dir='ltr'>Kargolilc,</span> <span class='ocrx_word' id='word_1_494' title='bbox 1034 3843 1099 3883; x_wconf 90' lang='lat' dir='ltr'>alii</span> <span class='ocrx_word' id='word_1_495' title='bbox 1124 3837 1321 3888; x_wconf 69' lang='lat' dir='ltr'>Karakir-</span> 
     </span>
     <span class='ocr_line' id='line_1_56' title="bbox 94 3899 1320 3950; baseline 0.009 -11"><span class='ocrx_word' id='word_1_496' title='bbox 94 3915 182 3939; x_wconf 83' lang='lat' dir='ltr'>men</span> <span class='ocrx_word' id='word_1_497' title='bbox 204 3899 286 3940; x_wconf 84' lang='lat' dir='ltr'>huc</span> <span class='ocrx_word' id='word_1_498' title='bbox 321 3908 547 3940; x_wconf 88' lang='lat' dir='ltr'>traxerunt.</span> <span class='ocrx_word' id='word_1_499' title='bbox 578 3902 640 3940; x_wconf 91' lang='lat' dir='ltr'>De</span> <span class='ocrx_word' id='word_1_500' title='bbox 662 3900 854 3942; x_wconf 83' lang='lat' dir='ltr'>distantia</span> <span class='ocrx_word' id='word_1_501' title='bbox 878 3903 956 3945; x_wconf 87' lang='lat'>500</span> <span class='ocrx_word' id='word_1_502' title='bbox 982 3904 1207 3949; x_wconf 80' lang='lat' dir='ltr'>stadiorum</span> <span class='ocrx_word' id='word_1_503' title='bbox 1226 3925 1320 3950; x_wconf 90' lang='lat' dir='ltr'>cum</span> 
     </span>
     <span class='ocr_line' id='line_1_57' title="bbox 95 3963 1320 4023; baseline 0.007 -19"><span class='ocrx_word' id='word_1_504' title='bbox 95 3963 271 4004; x_wconf 87' lang='lat' dir='ltr'>Arriano</span> <span class='ocrx_word' id='word_1_505' title='bbox 290 3971 329 4003; x_wconf 90' lang='lat' dir='ltr'>et</span> <span class='ocrx_word' id='word_1_506' title='bbox 348 3966 568 4018; x_wconf 76' lang='lat' dir='ltr'>Anonymo</span> <span class='ocrx_word' id='word_1_507' title='bbox 585 3966 786 4004; x_wconf 84' lang='lat' dir='ltr'>consentit</span> <span class='ocrx_word' id='word_1_508' title='bbox 805 3966 950 4007; x_wconf 84' lang='lat' dir='ltr'>Strabo</span> <span class='ocrx_word' id='word_1_509' title='bbox 968 3981 1010 4022; x_wconf 87' lang='lat' dir='ltr'>p.</span> <span class='ocrx_word' id='word_1_510' title='bbox 1037 3970 1130 4023; x_wconf 83' lang='lat'>319.</span> <span class='ocrx_word' id='word_1_511' title='bbox 1150 3973 1197 4010; x_wconf 89' lang='lat' dir='ltr'>In</span> <span class='ocrx_word' id='word_1_512' title='bbox 1216 3973 1320 4014; x_wconf 84' lang='lat' dir='ltr'>Tab.</span> 
     </span>
    </p>
   </div>
   <div class='ocr_carea' id='block_1_7' title="bbox 940 147 1720 198">
    <p class='ocr_par' dir='ltr' id='par_1_7' title="bbox 940 147 1720 198">
     <span class='ocr_line' id='line_1_58' title="bbox 940 147 1720 198; baseline -0.001 -5"><span class='ocrx_word' id='word_1_513' title='bbox 940 147 1234 195; x_wconf 85' lang='lat' dir='ltr'>P-ERIPLUS</span> <span class='ocrx_word' id='word_1_514' title='bbox 1268 147 1455 198; x_wconf 86' lang='grc' dir='ltr'><strong>ΡΟΝΤΙ</strong></span> <span class='ocrx_word' id='word_1_515' title='bbox 1490 147 1720 194; x_wconf 85' lang='lat' dir='ltr'>EUXINI.</span> 
     </span>
    </p>
   </div>
   <div class='ocr_carea' id='block_1_8' title="bbox 2504 162 2590 199">
    <p class='ocr_par' dir='ltr' id='par_1_8' title="bbox 2504 162 2590 199">
     <span class='ocr_line' id='line_1_59' title="bbox 2504 162 2590 199; baseline 0.012 -1"><span class='ocrx_word' id='word_1_516' title='bbox 2504 162 2590 199; x_wconf 75' lang='lat'>399</span> 
     </span>
    </p>
   </div>
   <div class='ocr_carea' id='block_1_9' title="bbox 1361 254 2596 434">
    <p class='ocr_par' dir='ltr' id='par_1_9' title="bbox 1361 254 2596 434">
     <span class='ocr_line' id='line_1_60' title="bbox 1361 254 2593 312; baseline 0.003 -16"><span class='ocrx_word' id='word_1_517' title='bbox 1361 255 1412 296; x_wconf 89' lang='lat' dir='ltr'>ad</span> <span class='ocrx_word' id='word_1_518' title='bbox 1436 256 1612 297; x_wconf 83' lang='lat' dir='ltr'>insulam</span> <span class='ocrx_word' id='word_1_519' title='bbox 1632 255 1850 311; x_wconf 89' lang='lat' dir='ltr'>appellant,</span> <span class='ocrx_word' id='word_1_520' title='bbox 1884 254 1973 295; x_wconf 86' lang='lat' dir='ltr'>aliis</span> <span class='ocrx_word' id='word_1_521' title='bbox 2002 267 2099 295; x_wconf 87' lang='lat' dir='ltr'>vero</span> <span class='ocrx_word' id='word_1_522' title='bbox 2121 255 2244 295; x_wconf 89' lang='lat' dir='ltr'>etiam</span> <span class='ocrx_word' id='word_1_523' title='bbox 2264 254 2307 294; x_wconf 88' lang='lat' dir='ltr'>in</span> <span class='ocrx_word' id='word_1_524' title='bbox 2326 256 2412 310; x_wconf 87' lang='lat' dir='ltr'>ipsa</span> <span class='ocrx_word' id='word_1_525' title='bbox 2434 260 2593 312; x_wconf 81' lang='lat' dir='ltr'>naviga-</span> 
     </span>
     <span class='ocr_line' id='line_1_61' title="bbox 1363 315 2596 372; baseline 0.002 -15"><span class='ocrx_word' id='word_1_526' title='bbox 1363 317 1499 367; x_wconf 86' lang='lat' dir='ltr'>tione,</span> <span class='ocrx_word' id='word_1_527' title='bbox 1525 318 1559 358; x_wconf 86' lang='lat' dir='ltr'>si</span> <span class='ocrx_word' id='word_1_528' title='bbox 1581 317 1693 358; x_wconf 86' lang='lat' dir='ltr'>haud</span> <span class='ocrx_word' id='word_1_529' title='bbox 1714 316 1861 372; x_wconf 90' lang='lat' dir='ltr'>procul</span> <span class='ocrx_word' id='word_1_530' title='bbox 1880 315 1931 356; x_wconf 89' lang='lat' dir='ltr'>ab</span> <span class='ocrx_word' id='word_1_531' title='bbox 1954 315 2020 356; x_wconf 85' lang='lat' dir='ltr'>illa</span> <span class='ocrx_word' id='word_1_532' title='bbox 2042 315 2192 365; x_wconf 86' lang='lat' dir='ltr'>absint,</span> <span class='ocrx_word' id='word_1_533' title='bbox 2218 315 2348 369; x_wconf 88' lang='lat' dir='ltr'>iisque</span> <span class='ocrx_word' id='word_1_534' title='bbox 2370 318 2596 371; x_wconf 84' lang='lat' dir='ltr'>significare</span> 
     </span>
     <span class='ocr_line' id='line_1_62' title="bbox 1364 376 2596 434; baseline 0.003 -16"><span class='ocrx_word' id='word_1_535' title='bbox 1364 379 1652 434; x_wconf 68' lang='lat' dir='ltr'>inquamnam</span> <span class='ocrx_word' id='word_1_536' title='bbox 1669 379 1811 419; x_wconf 81' lang='lat' dir='ltr'>insulae</span> <span class='ocrx_word' id='word_1_537' title='bbox 1829 386 1990 433; x_wconf 89' lang='lat' dir='ltr'>partem</span> <span class='ocrx_word' id='word_1_538' title='bbox 2011 376 2213 432; x_wconf 87' lang='lat' dir='ltr'><strong>appellere</strong></span> <span class='ocrx_word' id='word_1_539' title='bbox 2233 391 2437 432; x_wconf 87' lang='lat' dir='ltr'>navesque</span> <span class='ocrx_word' id='word_1_540' title='bbox 2456 381 2596 422; x_wconf 86' lang='lat' dir='ltr'>sistere</span> 
     </span>
    </p>
   </div>
   <div class='ocr_carea' id='block_1_10' title="bbox 1346 439 2598 499">
    <p class='ocr_par' dir='ltr' id='par_1_10' title="bbox 1346 439 2598 499">
     <span class='ocr_line' id='line_1_63' title="bbox 1346 439 2598 499; baseline 0.003 -19"><span class='ocrx_word' id='word_1_541' title='bbox 1346 450 1542 495; x_wconf 86' lang='lat' dir='ltr'>praestet.</span> <span class='ocrx_word' id='word_1_542' title='bbox 1601 442 1797 482; x_wconf 91' lang='lat' dir='ltr'>Nonnulli</span> <span class='ocrx_word' id='word_1_543' title='bbox 1820 442 1943 481; x_wconf 89' lang='lat' dir='ltr'>etiam</span> <span class='ocrx_word' id='word_1_544' title='bbox 1977 439 2240 494; x_wconf 88' lang='lat' dir='ltr'>vigilantibus</span> <span class='ocrx_word' id='word_1_545' title='bbox 2258 440 2403 494; x_wconf 84' lang='lat' dir='ltr'>dicunt</span> <span class='ocrx_word' id='word_1_546' title='bbox 2422 443 2497 483; x_wconf 86' lang='lat' dir='ltr'>sibi</span> <span class='ocrx_word' id='word_1_547' title='bbox 2530 459 2598 499; x_wconf 88' lang='lat' dir='ltr'>ap·</span> 
     </span>
    </p>
   </div>
   <div class='ocr_carea' id='block_1_11' title="bbox 1365 500 2634 1181">
    <p class='ocr_par' dir='ltr' id='par_1_11' title="bbox 1365 500 2634 1181">
     <span class='ocr_line' id='line_1_64' title="bbox 1365 500 2598 556; baseline 0.002 -14"><span class='ocrx_word' id='word_1_548' title='bbox 1365 503 1550 556; x_wconf 89' lang='lat' dir='ltr'>paruisse</span> <span class='ocrx_word' id='word_1_549' title='bbox 1582 502 1782 545; x_wconf 89' lang='lat' dir='ltr'>Achillem</span> <span class='ocrx_word' id='word_1_550' title='bbox 1799 533 1810 552; x_wconf 90' lang='lat'>,</span> <span class='ocrx_word' id='word_1_551' title='bbox 1835 501 1981 542; x_wconf 90' lang='lat' dir='ltr'>eodem</span> <span class='ocrx_word' id='word_1_552' title='bbox 2004 500 2132 542; x_wconf 90' lang='lat' dir='ltr'>modo</span> <span class='ocrx_word' id='word_1_553' title='bbox 2164 516 2247 556; x_wconf 88' lang='lat' dir='ltr'>quo</span> <span class='ocrx_word' id='word_1_554' title='bbox 2281 503 2524 552; x_wconf 84' lang='lat' dir='ltr'>Dioscuros,</span> <span class='ocrx_word' id='word_1_555' title='bbox 2558 507 2598 546; x_wconf 90' lang='lat' dir='ltr'>in</span> 
     </span>
     <span class='ocr_line' id='line_1_65' title="bbox 1366 564 2599 607; baseline 0.001 -1"><span class='ocrx_word' id='word_1_556' title='bbox 1366 566 1477 607; x_wconf 90' lang='lat' dir='ltr'>malo</span> <span class='ocrx_word' id='word_1_557' title='bbox 1511 566 1575 607; x_wconf 87' lang='lat' dir='ltr'>vel</span> <span class='ocrx_word' id='word_1_558' title='bbox 1608 566 1650 606; x_wconf 92' lang='lat' dir='ltr'>in</span> <span class='ocrx_word' id='word_1_559' title='bbox 1673 579 1836 606; x_wconf 90' lang='lat' dir='ltr'>summa</span> <span class='ocrx_word' id='word_1_560' title='bbox 1861 573 2054 605; x_wconf 87' lang='lat' dir='ltr'>antenna.</span> <span class='ocrx_word' id='word_1_561' title='bbox 2114 565 2204 605; x_wconf 90' lang='lat' dir='ltr'>Hoc</span> <span class='ocrx_word' id='word_1_562' title='bbox 2227 564 2314 605; x_wconf 91' lang='lat' dir='ltr'>solo</span> <span class='ocrx_word' id='word_1_563' title='bbox 2338 565 2478 605; x_wconf 89' lang='lat' dir='ltr'>volunt</span> <span class='ocrx_word' id='word_1_564' title='bbox 2506 581 2599 607; x_wconf 89' lang='lat' dir='ltr'>eum</span> 
     </span>
     <span class='ocr_line' id='line_1_66' title="bbox 1367 626 2601 681; baseline 0.001 -13"><span class='ocrx_word' id='word_1_565' title='bbox 1367 628 1579 668; x_wconf 90' lang='lat' dir='ltr'>Dioscuris</span> <span class='ocrx_word' id='word_1_566' title='bbox 1599 626 1765 677; x_wconf 87' lang='lat' dir='ltr'>cedere,</span> <span class='ocrx_word' id='word_1_567' title='bbox 1789 626 1903 681; x_wconf 92' lang='lat' dir='ltr'>quod</span> <span class='ocrx_word' id='word_1_568' title='bbox 1927 627 2118 667; x_wconf 85' lang='lat' dir='ltr'>Dioscuri</span> <span class='ocrx_word' id='word_1_569' title='bbox 2138 627 2293 681; x_wconf 82' lang='lat' dir='ltr'>ubique</span> <span class='ocrx_word' id='word_1_570' title='bbox 2315 628 2601 681; x_wconf 86' lang='lat' dir='ltr'>navigantibus</span> 
     </span>
     <span class='ocr_line' id='line_1_67' title="bbox 1366 689 2603 746; baseline 0.001 -15"><span class='ocrx_word' id='word_1_571' title='bbox 1366 691 1573 746; x_wconf 88' lang='lat' dir='ltr'>perspicui</span> <span class='ocrx_word' id='word_1_572' title='bbox 1603 697 1839 745; x_wconf 87' lang='lat' dir='ltr'>appareant,</span> <span class='ocrx_word' id='word_1_573' title='bbox 1862 698 1903 730; x_wconf 88' lang='lat' dir='ltr'>et</span> <span class='ocrx_word' id='word_1_574' title='bbox 1922 690 1995 730; x_wconf 85' lang='lat' dir='ltr'>visi</span> <span class='ocrx_word' id='word_1_575' title='bbox 2018 689 2187 730; x_wconf 88' lang='lat' dir='ltr'>salutem</span> <span class='ocrx_word' id='word_1_576' title='bbox 2206 689 2378 730; x_wconf 85' lang='lat' dir='ltr'>afferant</span> <span class='ocrx_word' id='word_1_577' title='bbox 2395 705 2406 740; x_wconf 89' lang='lat'>;</span> <span class='ocrx_word' id='word_1_578' title='bbox 2427 691 2603 732; x_wconf 87' lang='lat' dir='ltr'>Achilles</span> 
     </span>
     <span class='ocr_line' id='line_1_68' title="bbox 1369 749 2602 806; baseline 0.001 -13"><span class='ocrx_word' id='word_1_579' title='bbox 1369 767 1466 793; x_wconf 89' lang='lat' dir='ltr'>vero</span> <span class='ocrx_word' id='word_1_580' title='bbox 1483 752 1533 792; x_wconf 88' lang='lat' dir='ltr'>iis</span> <span class='ocrx_word' id='word_1_581' title='bbox 1556 759 1718 792; x_wconf 90' lang='lat' dir='ltr'>tantum</span> <span class='ocrx_word' id='word_1_582' title='bbox 1732 782 1743 802; x_wconf 95' lang='lat'>,</span> <span class='ocrx_word' id='word_1_583' title='bbox 1763 751 1834 806; x_wconf 91' lang='lat' dir='ltr'>qui</span> <span class='ocrx_word' id='word_1_584' title='bbox 1856 750 1909 791; x_wconf 91' lang='lat' dir='ltr'>ad</span> <span class='ocrx_word' id='word_1_585' title='bbox 1928 751 2102 792; x_wconf 89' lang='lat' dir='ltr'>insulam</span> <span class='ocrx_word' id='word_1_586' title='bbox 2134 749 2221 805; x_wconf 89' lang='lat' dir='ltr'>ejus</span> <span class='ocrx_word' id='word_1_587' title='bbox 2242 752 2411 806; x_wconf 89' lang='lat' dir='ltr'>propius</span> <span class='ocrx_word' id='word_1_588' title='bbox 2428 751 2515 806; x_wconf 85' lang='lat' dir='ltr'>jam</span> <span class='ocrx_word' id='word_1_589' title='bbox 2537 767 2602 794; x_wconf 89' lang='lat' dir='ltr'>ac-</span> 
     </span>
     <span class='ocr_line' id='line_1_69' title="bbox 1369 813 2601 869; baseline 0 -14"><span class='ocrx_word' id='word_1_590' title='bbox 1369 814 1529 856; x_wconf 85' lang='lat' dir='ltr'>cedant.</span> <span class='ocrx_word' id='word_1_591' title='bbox 1589 813 1786 855; x_wconf 90' lang='lat' dir='ltr'>Nonnulli</span> <span class='ocrx_word' id='word_1_592' title='bbox 1824 815 1958 869; x_wconf 90' lang='lat' dir='ltr'>ipsum</span> <span class='ocrx_word' id='word_1_593' title='bbox 1993 828 2157 868; x_wconf 88' lang='lat' dir='ltr'>quoque</span> <span class='ocrx_word' id='word_1_594' title='bbox 2190 814 2423 855; x_wconf 89' lang='lat' dir='ltr'>Patroclum</span> <span class='ocrx_word' id='word_1_595' title='bbox 2455 815 2531 855; x_wconf 88' lang='lat' dir='ltr'>sibi</span> <span class='ocrx_word' id='word_1_596' title='bbox 2560 817 2601 856; x_wconf 89' lang='lat' dir='ltr'>in</span> 
     </span>
     <span class='ocr_line' id='line_1_70' title="bbox 1369 876 2629 931; baseline 0.002 -13"><span class='ocrx_word' id='word_1_597' title='bbox 1369 878 1523 918; x_wconf 82' lang='lat' dir='ltr'>somnis</span> <span class='ocrx_word' id='word_1_598' title='bbox 1539 878 1670 917; x_wconf 89' lang='lat' dir='ltr'>visum</span> <span class='ocrx_word' id='word_1_599' title='bbox 1686 891 1772 917; x_wconf 86' lang='lat' dir='ltr'>esse</span> <span class='ocrx_word' id='word_1_600' title='bbox 1784 877 1913 917; x_wconf 88' lang='lat' dir='ltr'>aiunt.</span> <span class='ocrx_word' id='word_1_601' title='bbox 1975 879 2109 931; x_wconf 88' lang='lat' dir='ltr'>Atque</span> <span class='ocrx_word' id='word_1_602' title='bbox 2123 877 2209 917; x_wconf 85' lang='lat' dir='ltr'>haec</span> <span class='ocrx_word' id='word_1_603' title='bbox 2218 876 2386 931; x_wconf 90' lang='lat' dir='ltr'>quidem</span> <span class='ocrx_word' id='word_1_604' title='bbox 2399 877 2450 918; x_wconf 93' lang='lat' dir='ltr'>de</span> <span class='ocrx_word' id='word_1_605' title='bbox 2467 878 2604 920; x_wconf 61' lang='lat' dir='ltr'>Achil-2</span> <span class='ocrx_word' id='word_1_606' title='bbox 2624 909 2629 913; x_wconf 88' lang='lat'>-</span> 
     </span>
     <span class='ocr_line' id='line_1_71' title="bbox 1369 938 2602 995; baseline 0.001 -15"><span class='ocrx_word' id='word_1_607' title='bbox 1369 940 1417 980; x_wconf 89' lang='lat' dir='ltr'>lis</span> <span class='ocrx_word' id='word_1_608' title='bbox 1433 940 1565 980; x_wconf 90' lang='lat' dir='ltr'>insula</span> <span class='ocrx_word' id='word_1_609' title='bbox 1592 938 1726 980; x_wconf 88' lang='lat' dir='ltr'>refero</span> <span class='ocrx_word' id='word_1_610' title='bbox 1749 938 1886 979; x_wconf 89' lang='lat' dir='ltr'>audita</span> <span class='ocrx_word' id='word_1_611' title='bbox 1902 938 2018 979; x_wconf 89' lang='lat' dir='ltr'>abiis</span> <span class='ocrx_word' id='word_1_612' title='bbox 2033 971 2042 989; x_wconf 95' lang='lat'>,</span> <span class='ocrx_word' id='word_1_613' title='bbox 2063 939 2135 993; x_wconf 92' lang='lat' dir='ltr'>qui</span> <span class='ocrx_word' id='word_1_614' title='bbox 2152 939 2213 979; x_wconf 91' lang='lat' dir='ltr'>vel</span> <span class='ocrx_word' id='word_1_615' title='bbox 2228 939 2304 994; x_wconf 89' lang='lat' dir='ltr'>ipsi</span> <span class='ocrx_word' id='word_1_616' title='bbox 2324 939 2418 980; x_wconf 92' lang='lat' dir='ltr'>illuc</span> <span class='ocrx_word' id='word_1_617' title='bbox 2435 941 2602 995; x_wconf 87' lang='lat' dir='ltr'>appule-</span> 
     </span>
     <span class='ocr_line' id='line_1_72' title="bbox 1370 1003 2634 1058; baseline 0.001 -14"><span class='ocrx_word' id='word_1_618' title='bbox 1370 1013 1483 1055; x_wconf 89' lang='lat' dir='ltr'>runt,</span> <span class='ocrx_word' id='word_1_619' title='bbox 1501 1003 1564 1044; x_wconf 90' lang='lat' dir='ltr'>vel</span> <span class='ocrx_word' id='word_1_620' title='bbox 1583 1003 1634 1044; x_wconf 92' lang='lat' dir='ltr'>ab</span> <span class='ocrx_word' id='word_1_621' title='bbox 1646 1003 1733 1043; x_wconf 88' lang='lat' dir='ltr'>aliis</span> <span class='ocrx_word' id='word_1_622' title='bbox 1755 1017 1842 1043; x_wconf 88' lang='lat' dir='ltr'>rem</span> <span class='ocrx_word' id='word_1_623' title='bbox 1862 1011 2152 1058; x_wconf 88' lang='lat' dir='ltr'>compererunt</span> <span class='ocrx_word' id='word_1_624' title='bbox 2174 1016 2183 1043; x_wconf 78' lang='lat' dir='ltr'>t</span> <span class='ocrx_word' id='word_1_625' title='bbox 2206 1017 2297 1057; x_wconf 82' lang='lat' dir='ltr'>quae</span> <span class='ocrx_word' id='word_1_626' title='bbox 2316 1003 2416 1043; x_wconf 89' lang='lat' dir='ltr'>mihi</span> <span class='ocrx_word' id='word_1_627' title='bbox 2433 1004 2601 1058; x_wconf 86' lang='lat' dir='ltr'>quidem</span> <span class='ocrx_word' id='word_1_628' title='bbox 2631 1034 2634 1039; x_wconf 83' lang='lat'>-</span> 
     </span>
     <span class='ocr_line' id='line_1_73' title="bbox 1370 1065 2601 1120; baseline 0 -13"><span class='ocrx_word' id='word_1_629' title='bbox 1370 1066 1451 1107; x_wconf 88' lang='lat' dir='ltr'>fide</span> <span class='ocrx_word' id='word_1_630' title='bbox 1471 1065 1584 1107; x_wconf 89' lang='lat' dir='ltr'>haud</span> <span class='ocrx_word' id='word_1_631' title='bbox 1606 1065 1775 1119; x_wconf 89' lang='lat' dir='ltr'>indigna</span> <span class='ocrx_word' id='word_1_632' title='bbox 1795 1065 2002 1112; x_wconf 85' lang='lat' dir='ltr'>videntur.</span> <span class='ocrx_word' id='word_1_633' title='bbox 2063 1065 2262 1106; x_wconf 90' lang='lat' dir='ltr'>Achillem</span> <span class='ocrx_word' id='word_1_634' title='bbox 2278 1066 2408 1116; x_wconf 90' lang='lat' dir='ltr'>enim,</span> <span class='ocrx_word' id='word_1_635' title='bbox 2431 1066 2463 1105; x_wconf 93' lang='lat' dir='ltr'>si</span> <span class='ocrx_word' id='word_1_636' title='bbox 2480 1081 2601 1120; x_wconf 87' lang='lat' dir='ltr'>quem</span> 
     </span>
     <span class='ocr_line' id='line_1_74' title="bbox 1370 1126 2603 1181; baseline 0 -13"><span class='ocrx_word' id='word_1_637' title='bbox 1370 1129 1496 1169; x_wconf 90' lang='lat' dir='ltr'>alium</span> <span class='ocrx_word' id='word_1_638' title='bbox 1511 1159 1522 1178; x_wconf 87' lang='lat'>,</span> <span class='ocrx_word' id='word_1_639' title='bbox 1548 1128 1716 1168; x_wconf 90' lang='lat' dir='ltr'>heroem</span> <span class='ocrx_word' id='word_1_640' title='bbox 1743 1141 1827 1167; x_wconf 86' lang='lat' dir='ltr'>esse</span> <span class='ocrx_word' id='word_1_641' title='bbox 1860 1126 1984 1167; x_wconf 92' lang='lat' dir='ltr'>credo</span> <span class='ocrx_word' id='word_1_642' title='bbox 2007 1126 2061 1166; x_wconf 88' lang='lat' dir='ltr'>ob</span> <span class='ocrx_word' id='word_1_643' title='bbox 2090 1126 2343 1167; x_wconf 89' lang='lat' dir='ltr'>nobilitatem</span> <span class='ocrx_word' id='word_1_644' title='bbox 2362 1135 2403 1168; x_wconf 90' lang='lat' dir='ltr'>et</span> <span class='ocrx_word' id='word_1_645' title='bbox 2422 1127 2603 1181; x_wconf 90' lang='lat' dir='ltr'>pulchri-</span> 
     </span>
    </p>
   </div>
   <div class='ocr_carea' id='block_1_12' title="bbox 1372 1186 2678 1242">
    <p class='ocr_par' dir='ltr' id='par_1_12' title="bbox 1372 1186 2678 1242">
     <span class='ocr_line' id='line_1_75' title="bbox 1372 1186 2678 1242; baseline 0.002 -14"><span class='ocrx_word' id='word_1_646' title='bbox 1372 1188 1559 1228; x_wconf 88' lang='lat' dir='ltr'>tudinem</span> <span class='ocrx_word' id='word_1_647' title='bbox 1582 1187 1793 1242; x_wconf 89' lang='lat' dir='ltr'>animique</span> <span class='ocrx_word' id='word_1_648' title='bbox 1811 1187 1940 1227; x_wconf 91' lang='lat' dir='ltr'>robur</span> <span class='ocrx_word' id='word_1_649' title='bbox 1961 1195 2000 1227; x_wconf 91' lang='lat' dir='ltr'>et</span> <span class='ocrx_word' id='word_1_650' title='bbox 2027 1194 2243 1241; x_wconf 87' lang='lat' dir='ltr'>propterea</span> <span class='ocrx_word' id='word_1_651' title='bbox 2265 1186 2377 1240; x_wconf 92' lang='lat' dir='ltr'>quod</span> <span class='ocrx_word' id='word_1_652' title='bbox 2393 1186 2557 1241; x_wconf 88' lang='lat' dir='ltr'>juvenis</span> <span class='ocrx_word' id='word_1_653' title='bbox 2582 1203 2604 1229; x_wconf 88' lang='lat' dir='ltr'>e</span> <span class='ocrx_word' id='word_1_654' title='bbox 2675 1228 2678 1232; x_wconf 91' lang='grc'>,</span> 
     </span>
    </p>
   </div>
   <div class='ocr_carea' id='block_1_13' title="bbox 1372 1248 2606 1477">
    <p class='ocr_par' dir='ltr' id='par_1_13' title="bbox 1372 1248 2606 1477">
     <span class='ocr_line' id='line_1_76' title="bbox 1372 1248 2605 1304; baseline 0.001 -14"><span class='ocrx_word' id='word_1_655' title='bbox 1372 1251 1453 1291; x_wconf 87' lang='lat' dir='ltr'>vita</span> <span class='ocrx_word' id='word_1_656' title='bbox 1482 1250 1715 1299; x_wconf 85' lang='lat' dir='ltr'>decesserit,</span> <span class='ocrx_word' id='word_1_657' title='bbox 1740 1257 1781 1290; x_wconf 92' lang='lat' dir='ltr'>et</span> <span class='ocrx_word' id='word_1_658' title='bbox 1802 1249 1853 1290; x_wconf 89' lang='lat' dir='ltr'>ab</span> <span class='ocrx_word' id='word_1_659' title='bbox 1878 1250 2059 1289; x_wconf 85' lang='lat' dir='ltr'>Homero</span> <span class='ocrx_word' id='word_1_660' title='bbox 2083 1248 2308 1288; x_wconf 89' lang='lat' dir='ltr'>celebratus</span> <span class='ocrx_word' id='word_1_661' title='bbox 2325 1250 2394 1298; x_wconf 79' lang='lat' dir='ltr'>sit,</span> <span class='ocrx_word' id='word_1_662' title='bbox 2427 1249 2605 1304; x_wconf 87' lang='lat' dir='ltr'>denique</span> 
     </span>
     <span class='ocr_line' id='line_1_77' title="bbox 1372 1310 2606 1372; baseline -0.001 -19"><span class='ocrx_word' id='word_1_663' title='bbox 1372 1311 1485 1367; x_wconf 91' lang='lat' dir='ltr'>quod</span> <span class='ocrx_word' id='word_1_664' title='bbox 1512 1313 1554 1352; x_wconf 87' lang='lat' dir='ltr'>in</span> <span class='ocrx_word' id='word_1_665' title='bbox 1590 1312 1801 1352; x_wconf 91' lang='lat' dir='ltr'>amoribus</span> <span class='ocrx_word' id='word_1_666' title='bbox 1826 1320 1948 1372; x_wconf 82' lang='lat' dir='ltr'>atque</span> <span class='ocrx_word' id='word_1_667' title='bbox 1969 1311 2158 1351; x_wconf 89' lang='lat' dir='ltr'>amicitiis</span> <span class='ocrx_word' id='word_1_668' title='bbox 2191 1310 2372 1351; x_wconf 90' lang='lat' dir='ltr'>colendis</span> <span class='ocrx_word' id='word_1_669' title='bbox 2405 1311 2461 1351; x_wconf 90' lang='lat' dir='ltr'>ita</span> <span class='ocrx_word' id='word_1_670' title='bbox 2484 1311 2606 1353; x_wconf 89' lang='lat' dir='ltr'>suerit</span> 
     </span>
     <span class='ocr_line' id='line_1_78' title="bbox 1373 1371 2606 1427; baseline -0.001 -13"><span class='ocrx_word' id='word_1_671' title='bbox 1373 1381 1583 1423; x_wconf 80' lang='lat' dir='ltr'>constans,</span> <span class='ocrx_word' id='word_1_672' title='bbox 1601 1380 1648 1414; x_wconf 90' lang='lat' dir='ltr'>ut</span> <span class='ocrx_word' id='word_1_673' title='bbox 1668 1380 1761 1427; x_wconf 86' lang='lat' dir='ltr'>post</span> <span class='ocrx_word' id='word_1_674' title='bbox 1775 1386 1935 1413; x_wconf 86' lang='lat' dir='ltr'>amores</span> <span class='ocrx_word' id='word_1_675' title='bbox 1954 1385 2049 1413; x_wconf 86' lang='lat' dir='ltr'>suos</span> <span class='ocrx_word' id='word_1_676' title='bbox 2068 1371 2208 1426; x_wconf 85' lang='lat' dir='ltr'>etipse</span> <span class='ocrx_word' id='word_1_677' title='bbox 2223 1379 2398 1412; x_wconf 88' lang='lat' dir='ltr'>mortem</span> <span class='ocrx_word' id='word_1_678' title='bbox 2415 1381 2606 1427; x_wconf 83' lang='lat' dir='ltr'>oppetere</span> 
     </span>
     <span class='ocr_line' id='line_1_79' title="bbox 1375 1437 1562 1477; baseline 0.005 -1"><span class='ocrx_word' id='word_1_679' title='bbox 1375 1437 1562 1477; x_wconf 90' lang='lat' dir='ltr'>voluerit.</span> 
     </span>
    </p>
   </div>
   <div class='ocr_carea' id='block_1_14' title="bbox 1375 1497 2607 1631">
    <p class='ocr_par' dir='ltr' id='par_1_14' title="bbox 1375 1497 2607 1631">
     <span class='ocr_line' id='line_1_80' title="bbox 1430 1497 2607 1554; baseline 0 -14"><span class='ocrx_word' id='word_1_680' title='bbox 1430 1499 1497 1540; x_wconf 85' lang='lat'>35.</span> <span class='ocrx_word' id='word_1_681' title='bbox 1531 1499 1595 1540; x_wconf 91' lang='lat' dir='ltr'>Ab</span> <span class='ocrx_word' id='word_1_682' title='bbox 1626 1499 1730 1539; x_wconf 81' lang='lat' dir='ltr'>ostio</span> <span class='ocrx_word' id='word_1_683' title='bbox 1751 1499 1844 1538; x_wconf 87' lang='lat' dir='ltr'>Istri</span> <span class='ocrx_word' id='word_1_684' title='bbox 1874 1499 1982 1538; x_wconf 93' lang='lat' dir='ltr'>Psilo</span> <span class='ocrx_word' id='word_1_685' title='bbox 2006 1507 2148 1538; x_wconf 91' lang='lat' dir='ltr'>vocato</span> <span class='ocrx_word' id='word_1_686' title='bbox 2170 1497 2222 1538; x_wconf 90' lang='lat' dir='ltr'>ad</span> <span class='ocrx_word' id='word_1_687' title='bbox 2242 1498 2470 1539; x_wconf 90' lang='lat' dir='ltr'>secundum</span> <span class='ocrx_word' id='word_1_688' title='bbox 2504 1499 2607 1554; x_wconf 88' lang='lat' dir='ltr'>ejus-</span> 
     </span>
     <span class='ocr_line' id='line_1_81' title="bbox 1375 1578 2037 1631; baseline -0.003 -12"><span class='ocrx_word' id='word_1_689' title='bbox 1375 1578 1470 1619; x_wconf 91' lang='lat' dir='ltr'>dem</span> <span class='ocrx_word' id='word_1_690' title='bbox 1490 1580 1642 1619; x_wconf 89' lang='lat' dir='ltr'>ostium</span> <span class='ocrx_word' id='word_1_691' title='bbox 1669 1578 1796 1619; x_wconf 87' lang='lat' dir='ltr'>stadia</span> <span class='ocrx_word' id='word_1_692' title='bbox 1816 1579 2037 1631; x_wconf 83' lang='lat' dir='ltr'>sexaginta.</span> 
     </span>
    </p>
   </div>
   <div class='ocr_carea' id='block_1_15' title="bbox 1374 1577 2608 1711">
    <p class='ocr_par' dir='ltr' id='par_1_15' title="bbox 1374 1577 2608 1711">
     <span class='ocr_line' id='line_1_82' title="bbox 2100 1577 2607 1635; baseline 0.006 -18"><span class='ocrx_word' id='word_1_693' title='bbox 2100 1579 2208 1618; x_wconf 89' lang='lat' dir='ltr'>Hinc</span> <span class='ocrx_word' id='word_1_694' title='bbox 2227 1577 2279 1618; x_wconf 92' lang='lat' dir='ltr'>ad</span> <span class='ocrx_word' id='word_1_695' title='bbox 2303 1579 2447 1619; x_wconf 90' lang='lat' dir='ltr'>Calum</span> <span class='ocrx_word' id='word_1_696' title='bbox 2473 1581 2607 1635; x_wconf 80' lang='lat' dir='ltr'>appel-</span> 
     </span>
     <span class='ocr_line' id='line_1_83' title="bbox 1374 1657 2608 1711; baseline 0.002 -13"><span class='ocrx_word' id='word_1_697' title='bbox 1374 1659 1501 1698; x_wconf 88' lang='lat' dir='ltr'>latum</span> <span class='ocrx_word' id='word_1_698' title='bbox 1524 1659 1675 1698; x_wconf 91' lang='lat' dir='ltr'>ostium</span> <span class='ocrx_word' id='word_1_699' title='bbox 1694 1657 1824 1698; x_wconf 90' lang='lat' dir='ltr'>stadia</span> <span class='ocrx_word' id='word_1_700' title='bbox 1846 1657 2141 1711; x_wconf 84' lang='lat' dir='ltr'>quadraginta3</span> <span class='ocrx_word' id='word_1_701' title='bbox 2166 1666 2205 1697; x_wconf 92' lang='lat' dir='ltr'>et</span> <span class='ocrx_word' id='word_1_702' title='bbox 2239 1673 2262 1698; x_wconf 88' lang='lat' dir='ltr'>a</span> <span class='ocrx_word' id='word_1_703' title='bbox 2282 1658 2379 1698; x_wconf 91' lang='lat' dir='ltr'>Calo</span> <span class='ocrx_word' id='word_1_704' title='bbox 2409 1658 2461 1698; x_wconf 90' lang='lat' dir='ltr'>ad</span> <span class='ocrx_word' id='word_1_705' title='bbox 2479 1661 2608 1700; x_wconf 85' lang='lat' dir='ltr'>Nara-</span> 
     </span>
    </p>
   </div>
   <div class='ocr_carea' id='block_1_16' title="bbox 1376 1744 2610 1882">
    <p class='ocr_par' dir='ltr' id='par_1_16' title="bbox 1376 1744 2610 1882">
     <span class='ocr_line' id='line_1_84' title="bbox 2506 1744 2608 1784; baseline 0.01 -1"><span class='ocrx_word' id='word_1_706' title='bbox 2506 1744 2608 1784; x_wconf 89' lang='lat' dir='ltr'>Inde</span> 
     </span>
     <span class='ocr_line' id='line_1_85' title="bbox 1376 1825 2610 1882; baseline 0.001 -15"><span class='ocrx_word' id='word_1_707' title='bbox 1376 1826 1428 1868; x_wconf 90' lang='lat' dir='ltr'>ad</span> <span class='ocrx_word' id='word_1_708' title='bbox 1454 1827 1648 1882; x_wconf 87' lang='lat' dir='ltr'>quintum</span> <span class='ocrx_word' id='word_1_709' title='bbox 1669 1833 1836 1865; x_wconf 88' lang='lat' dir='ltr'>centum</span> <span class='ocrx_word' id='word_1_710' title='bbox 1855 1834 1895 1865; x_wconf 92' lang='lat' dir='ltr'>et</span> <span class='ocrx_word' id='word_1_711' title='bbox 1923 1826 2089 1879; x_wconf 84' lang='lat' dir='ltr'>viginti,</span> <span class='ocrx_word' id='word_1_712' title='bbox 2111 1833 2151 1865; x_wconf 89' lang='lat' dir='ltr'>et</span> <span class='ocrx_word' id='word_1_713' title='bbox 2173 1825 2270 1865; x_wconf 92' lang='lat' dir='ltr'>inde</span> <span class='ocrx_word' id='word_1_714' title='bbox 2289 1825 2341 1865; x_wconf 92' lang='lat' dir='ltr'>ad</span> <span class='ocrx_word' id='word_1_715' title='bbox 2359 1828 2521 1866; x_wconf 89' lang='lat' dir='ltr'>Istriam</span> <span class='ocrx_word' id='word_1_716' title='bbox 2542 1843 2610 1868; x_wconf 85' lang='lat' dir='ltr'>ur-</span> 
     </span>
    </p>
   </div>
   <div class='ocr_carea' id='block_1_17' title="bbox 1375 1741 2444 1796">
    <p class='ocr_par' dir='ltr' id='par_1_17' title="bbox 1375 1741 2444 1796">
     <span class='ocr_line' id='line_1_86' title="bbox 1375 1741 2444 1796; baseline 0 -13"><span class='ocrx_word' id='word_1_717' title='bbox 1375 1757 1471 1783; x_wconf 91' lang='lat' dir='ltr'>cum</span> <span class='ocrx_word' id='word_1_718' title='bbox 1486 1774 1496 1792; x_wconf 92' lang='lat'>‚</span> <span class='ocrx_word' id='word_1_719' title='bbox 1531 1751 1723 1796; x_wconf 89' lang='lat' dir='ltr'>quartum</span> <span class='ocrx_word' id='word_1_720' title='bbox 1745 1743 1840 1782; x_wconf 84' lang='lat' dir='ltr'>Istri</span> <span class='ocrx_word' id='word_1_721' title='bbox 1863 1743 2012 1782; x_wconf 90' lang='lat' dir='ltr'>ostium</span> <span class='ocrx_word' id='word_1_722' title='bbox 2030 1773 2039 1791; x_wconf 92' lang='lat'><strong><em>‚</em></strong></span> <span class='ocrx_word' id='word_1_723' title='bbox 2063 1741 2191 1782; x_wconf 92' lang='lat' dir='ltr'>stadia</span> <span class='ocrx_word' id='word_1_724' title='bbox 2223 1743 2444 1796; x_wconf 85' lang='lat' dir='ltr'>sexaginta.</span> 
     </span>
    </p>
   </div>
   <div class='ocr_carea' id='block_1_18' title="bbox 1376 1910 2607 1968">
    <p class='ocr_par' dir='ltr' id='par_1_18' title="bbox 1376 1910 2607 1968">
     <span class='ocr_line' id='line_1_87' title="bbox 1376 1910 2607 1968; baseline 0.002 -17"><span class='ocrx_word' id='word_1_725' title='bbox 1376 1912 1472 1952; x_wconf 90' lang='lat' dir='ltr'>bem</span> <span class='ocrx_word' id='word_1_726' title='bbox 1494 1910 1624 1951; x_wconf 89' lang='lat' dir='ltr'>stadia</span> <span class='ocrx_word' id='word_1_727' title='bbox 1640 1911 1879 1966; x_wconf 83' lang='lat' dir='ltr'>quingenta.</span> <span class='ocrx_word' id='word_1_728' title='bbox 1940 1912 2049 1950; x_wconf 91' lang='lat' dir='ltr'>Hinc</span> <span class='ocrx_word' id='word_1_729' title='bbox 2068 1910 2121 1951; x_wconf 92' lang='lat' dir='ltr'>ad</span> <span class='ocrx_word' id='word_1_730' title='bbox 2140 1912 2291 1951; x_wconf 90' lang='lat' dir='ltr'>Tomes</span> <span class='ocrx_word' id='word_1_731' title='bbox 2311 1911 2455 1968; x_wconf 87' lang='lat' dir='ltr'>urbem</span> <span class='ocrx_word' id='word_1_732' title='bbox 2477 1913 2607 1954; x_wconf 90' lang='lat' dir='ltr'>stadia</span> 
     </span>
    </p>
   </div>
   <div class='ocr_carea' id='block_1_19' title="bbox 1378 1998 2611 2048">
    <p class='ocr_par' dir='ltr' id='par_1_19' title="bbox 1378 1998 2611 2048">
     <span class='ocr_line' id='line_1_88' title="bbox 1378 1998 2611 2048; baseline 0 -8"><span class='ocrx_word' id='word_1_733' title='bbox 1378 2007 1572 2040; x_wconf 91' lang='lat' dir='ltr'>trecenta.</span> <span class='ocrx_word' id='word_1_734' title='bbox 1634 2001 1669 2040; x_wconf 91' lang='lat' dir='ltr'>A</span> <span class='ocrx_word' id='word_1_735' title='bbox 1691 1998 1892 2040; x_wconf 89' lang='lat' dir='ltr'>Tomibus</span> <span class='ocrx_word' id='word_1_736' title='bbox 1923 1998 1972 2038; x_wconf 91' lang='lat' dir='ltr'>ad</span> <span class='ocrx_word' id='word_1_737' title='bbox 2007 1998 2191 2039; x_wconf 86' lang='lat' dir='ltr'>Callatim</span> <span class='ocrx_word' id='word_1_738' title='bbox 2230 1998 2403 2048; x_wconf 86' lang='lat' dir='ltr'>urbem„</span> <span class='ocrx_word' id='word_1_739' title='bbox 2435 1999 2506 2039; x_wconf 90' lang='lat' dir='ltr'>ubi</span> <span class='ocrx_word' id='word_1_740' title='bbox 2533 2010 2611 2042; x_wconf 85' lang='lat' dir='ltr'>sta-</span> 
     </span>
    </p>
   </div>
   <div class='ocr_carea' id='block_1_20' title="bbox 1377 2081 2611 2139">
    <p class='ocr_par' dir='ltr' id='par_1_20' title="bbox 1377 2081 2611 2139">
     <span class='ocr_line' id='line_1_89' title="bbox 1377 2081 2611 2139; baseline 0.002 -15"><span class='ocrx_word' id='word_1_741' title='bbox 1377 2085 1436 2124; x_wconf 90' lang='lat' dir='ltr'>tio</span> <span class='ocrx_word' id='word_1_742' title='bbox 1462 2082 1662 2132; x_wconf 88' lang='lat' dir='ltr'>navibus,</span> <span class='ocrx_word' id='word_1_743' title='bbox 1688 2082 1766 2122; x_wconf 88' lang='lat' dir='ltr'>alia</span> <span class='ocrx_word' id='word_1_744' title='bbox 1786 2090 1981 2122; x_wconf 90' lang='lat' dir='ltr'>trecenta.</span> <span class='ocrx_word' id='word_1_745' title='bbox 2043 2083 2150 2122; x_wconf 92' lang='lat' dir='ltr'>Hinc</span> <span class='ocrx_word' id='word_1_746' title='bbox 2187 2081 2239 2122; x_wconf 91' lang='lat' dir='ltr'>ad</span> <span class='ocrx_word' id='word_1_747' title='bbox 2262 2083 2412 2123; x_wconf 88' lang='lat' dir='ltr'>Carum</span> <span class='ocrx_word' id='word_1_748' title='bbox 2445 2093 2611 2139; x_wconf 89' lang='lat' dir='ltr'>portum</span> 
     </span>
    </p>
   </div>
   <div class='ocr_carea' id='block_1_21' title="bbox 1378 2165 2610 2222">
    <p class='ocr_par' dir='ltr' id='par_1_21' title="bbox 1378 2165 2610 2222">
     <span class='ocr_line' id='line_1_90' title="bbox 1378 2165 2610 2222; baseline 0.001 -14"><span class='ocrx_word' id='word_1_749' title='bbox 1378 2176 1544 2208; x_wconf 92' lang='lat' dir='ltr'>centum</span> <span class='ocrx_word' id='word_1_750' title='bbox 1580 2176 1620 2207; x_wconf 88' lang='lat' dir='ltr'>et</span> <span class='ocrx_word' id='word_1_751' title='bbox 1646 2165 1877 2220; x_wconf 85' lang='lat' dir='ltr'>octogin&#39;ta;</span> <span class='ocrx_word' id='word_1_752' title='bbox 1913 2176 1954 2207; x_wconf 90' lang='lat' dir='ltr'>et</span> <span class='ocrx_word' id='word_1_753' title='bbox 1990 2168 2075 2221; x_wconf 89' lang='lat' dir='ltr'>ipsa</span> <span class='ocrx_word' id='word_1_754' title='bbox 2104 2169 2215 2220; x_wconf 85' lang='lat' dir='ltr'>regio</span> <span class='ocrx_word' id='word_1_755' title='bbox 2245 2182 2335 2222; x_wconf 89' lang='lat' dir='ltr'>quae</span> <span class='ocrx_word' id='word_1_756' title='bbox 2365 2177 2423 2208; x_wconf 90' lang='lat' dir='ltr'>est</span> <span class='ocrx_word' id='word_1_757' title='bbox 2456 2170 2610 2209; x_wconf 84' lang='lat' dir='ltr'>circum</span> 
     </span>
    </p>
   </div>
   <div class='ocr_carea' id='block_1_22' title="bbox 1376 2252 2609 2308">
    <p class='ocr_par' dir='ltr' id='par_1_22' title="bbox 1376 2252 2609 2308">
     <span class='ocr_line' id='line_1_91' title="bbox 1376 2252 2609 2308; baseline 0.002 -16"><span class='ocrx_word' id='word_1_758' title='bbox 1376 2261 1544 2306; x_wconf 90' lang='lat' dir='ltr'>portum</span> <span class='ocrx_word' id='word_1_759' title='bbox 1570 2252 1683 2292; x_wconf 91' lang='lat' dir='ltr'>illum</span> <span class='ocrx_word' id='word_1_760' title='bbox 1702 2285 1711 2302; x_wconf 88' lang='lat'>,</span> <span class='ocrx_word' id='word_1_761' title='bbox 1734 2254 1853 2292; x_wconf 89' lang='lat' dir='ltr'>Caria</span> <span class='ocrx_word' id='word_1_762' title='bbox 1882 2252 2123 2307; x_wconf 88' lang='lat' dir='ltr'>appellatur.</span> <span class='ocrx_word' id='word_1_763' title='bbox 2185 2257 2221 2294; x_wconf 94' lang='lat' dir='ltr'>A</span> <span class='ocrx_word' id='word_1_764' title='bbox 2244 2254 2397 2294; x_wconf 87' lang='lat' dir='ltr'>Carum</span> <span class='ocrx_word' id='word_1_765' title='bbox 2416 2263 2538 2308; x_wconf 90' lang='lat' dir='ltr'>portu</span> <span class='ocrx_word' id='word_1_766' title='bbox 2561 2255 2609 2294; x_wconf 87' lang='lat' dir='ltr'>ad</span> 
     </span>
    </p>
   </div>
   <div class='ocr_carea' id='block_1_23' title="bbox 2085 2368 2203 2372">
    <p class='ocr_par' dir='ltr' id='par_1_23' title="bbox 2085 2368 2203 2372">
     <span class='ocr_line' id='line_1_92' title="bbox 2085 2368 2203 2372; baseline 0 0"><span class='ocrx_word' id='word_1_767' title='bbox 2085 2368 2203 2372; x_wconf 95' lang='lat' dir='ltr'> </span> 
     </span>
    </p>
   </div>
   <div class='ocr_carea' id='block_1_24' title="bbox 1384 2419 2631 4026">
    <p class='ocr_par' dir='ltr' id='par_1_24' title="bbox 1384 2419 2631 4026">
     <span class='ocr_line' id='line_1_93' title="bbox 1385 2419 2613 2473; baseline 0.003 -15"><span class='ocrx_word' id='word_1_768' title='bbox 1385 2419 1697 2472; x_wconf 87' lang='lat' dir='ltr'>Peutingeriana</span> <span class='ocrx_word' id='word_1_769' title='bbox 1711 2427 1807 2459; x_wconf 91' lang='lat' dir='ltr'>sunt</span> <span class='ocrx_word' id='word_1_770' title='bbox 1830 2419 1941 2458; x_wconf 85' lang='lat' dir='ltr'>milia</span> <span class='ocrx_word' id='word_1_771' title='bbox 1954 2421 2038 2471; x_wconf 86' lang='lat'>60(</span> <span class='ocrx_word' id='word_1_772' title='bbox 2062 2421 2142 2467; x_wconf 93' lang='grc'>480</span> <span class='ocrx_word' id='word_1_773' title='bbox 2157 2419 2285 2459; x_wconf 86' lang='lat' dir='ltr'>stadia</span> <span class='ocrx_word' id='word_1_774' title='bbox 2307 2422 2339 2473; x_wconf 87' lang='lat'>).</span> <span class='ocrx_word' id='word_1_775' title='bbox 2367 2421 2382 2473; x_wconf 80' lang='grc' dir='ltr'>ΙΙ</span> <span class='ocrx_word' id='word_1_776' title='bbox 2405 2445 2460 2451; x_wconf 86' lang='grc'><strong>-</strong></span> <span class='ocrx_word' id='word_1_777' title='bbox 2477 2426 2544 2462; x_wconf 89' lang='grc'>26.</span> <span class='ocrx_word' id='word_1_778' title='bbox 2571 2422 2613 2471; x_wconf 76' lang='grc' dir='ltr'>ἐς</span> 
     </span>
     <span class='ocr_line' id='line_1_94' title="bbox 1384 2480 2611 2536; baseline 0.003 -16"><span class='ocrx_word' id='word_1_779' title='bbox 1384 2480 1594 2535; x_wconf 82' lang='grc' dir='ltr'>Τομέας]</span> <span class='ocrx_word' id='word_1_780' title='bbox 1620 2480 1654 2528; x_wconf 79' lang='grc' dir='ltr'>ἐς</span> <span class='ocrx_word' id='word_1_781' title='bbox 1685 2481 1842 2535; x_wconf 81' lang='grc' dir='ltr'>Τομέων</span> <span class='ocrx_word' id='word_1_782' title='bbox 1868 2480 1980 2521; x_wconf 85' lang='grc' dir='ltr'>πόλιν</span> <span class='ocrx_word' id='word_1_783' title='bbox 2015 2484 2272 2536; x_wconf 87' lang='lat' dir='ltr'>Anonymus,</span> <span class='ocrx_word' id='word_1_784' title='bbox 2310 2482 2422 2536; x_wconf 90' lang='lat' dir='ltr'>quod</span> <span class='ocrx_word' id='word_1_785' title='bbox 2443 2484 2544 2530; x_wconf 85' lang='lat' dir='ltr'>male</span> <span class='ocrx_word' id='word_1_786' title='bbox 2571 2486 2611 2524; x_wconf 88' lang='lat' dir='ltr'>in</span> 
     </span>
     <span class='ocr_line' id='line_1_95' title="bbox 1384 2542 2615 2597; baseline 0.003 -16"><span class='ocrx_word' id='word_1_787' title='bbox 1384 2542 1532 2597; x_wconf 83' lang='grc' dir='ltr'>Τομέαν</span> <span class='ocrx_word' id='word_1_788' title='bbox 1550 2544 1721 2583; x_wconf 89' lang='lat' dir='ltr'>mutavit</span> <span class='ocrx_word' id='word_1_789' title='bbox 1743 2543 1913 2583; x_wconf 89' lang='lat' dir='ltr'>Gailius.</span> <span class='ocrx_word' id='word_1_790' title='bbox 1933 2542 2041 2583; x_wconf 87' lang='lat' dir='ltr'>Alibi</span> <span class='ocrx_word' id='word_1_791' title='bbox 2061 2543 2201 2597; x_wconf 80' lang='grc' dir='ltr'>Τομεῖς</span> <span class='ocrx_word' id='word_1_792' title='bbox 2223 2543 2355 2584; x_wconf 86' lang='lat' dir='ltr'>forma</span> <span class='ocrx_word' id='word_1_793' title='bbox 2372 2559 2457 2584; x_wconf 90' lang='lat' dir='ltr'>non</span> <span class='ocrx_word' id='word_1_794' title='bbox 2472 2559 2615 2585; x_wconf 90' lang='lat' dir='ltr'>occur-</span> 
     </span>
     <span class='ocr_line' id='line_1_96' title="bbox 1387 2604 2611 2659; baseline 0.002 -15"><span class='ocrx_word' id='word_1_795' title='bbox 1387 2605 1466 2654; x_wconf 89' lang='lat' dir='ltr'>rit;</span> <span class='ocrx_word' id='word_1_796' title='bbox 1485 2604 1631 2658; x_wconf 70' lang='grc' dir='ltr'>Τομεῦς</span> <span class='ocrx_word' id='word_1_797' title='bbox 1647 2619 1712 2659; x_wconf 90' lang='lat' dir='ltr'>ap.</span> <span class='ocrx_word' id='word_1_798' title='bbox 1737 2604 1989 2658; x_wconf 89' lang='lat' dir='ltr'>Stephanum</span> <span class='ocrx_word' id='word_1_799' title='bbox 2005 2619 2015 2653; x_wconf 92' lang='lat'>;</span> <span class='ocrx_word' id='word_1_800' title='bbox 2030 2604 2147 2658; x_wconf 86' lang='grc' dir='ltr'>Τόμις</span> <span class='ocrx_word' id='word_1_801' title='bbox 2162 2618 2228 2658; x_wconf 90' lang='lat' dir='ltr'>ap.</span> <span class='ocrx_word' id='word_1_802' title='bbox 2247 2604 2439 2645; x_wconf 90' lang='lat' dir='ltr'>Strabon.</span> <span class='ocrx_word' id='word_1_803' title='bbox 2456 2620 2500 2659; x_wconf 91' lang='lat' dir='ltr'><strong>p.</strong></span> <span class='ocrx_word' id='word_1_804' title='bbox 2516 2607 2611 2659; x_wconf 83' lang='grc'>319,</span> 
     </span>
     <span class='ocr_line' id='line_1_97' title="bbox 1385 2665 2631 2724; baseline 0.002 -18"><span class='ocrx_word' id='word_1_805' title='bbox 1385 2666 1615 2706; x_wconf 88' lang='lat' dir='ltr'>Hieroclem</span> <span class='ocrx_word' id='word_1_806' title='bbox 1649 2681 1692 2721; x_wconf 85' lang='lat' dir='ltr'><strong>p.</strong></span> <span class='ocrx_word' id='word_1_807' title='bbox 1737 2667 1831 2719; x_wconf 83' lang='lat'>337,</span> <span class='ocrx_word' id='word_1_808' title='bbox 1868 2665 1991 2706; x_wconf 86' lang='lat' dir='ltr'>Ovid.</span> <span class='ocrx_word' id='word_1_809' title='bbox 2029 2667 2155 2706; x_wconf 90' lang='lat' dir='ltr'>Trist.</span> <span class='ocrx_word' id='word_1_810' title='bbox 2188 2668 2339 2724; x_wconf 35' lang='lat'>111‚‚9,</span> <span class='ocrx_word' id='word_1_811' title='bbox 2369 2667 2443 2717; x_wconf 87' lang='grc'>33,</span> <span class='ocrx_word' id='word_1_812' title='bbox 2468 2669 2530 2708; x_wconf 88' lang='lat' dir='ltr'>Ex</span> <span class='ocrx_word' id='word_1_813' title='bbox 2565 2671 2631 2710; x_wconf 66' lang='lat' dir='ltr'>P.</span> 
     </span>
     <span class='ocr_line' id='line_1_98' title="bbox 1385 2729 2613 2783; baseline 0.002 -15"><span class='ocrx_word' id='word_1_814' title='bbox 1385 2731 1460 2779; x_wconf 90' lang='lat' dir='ltr'>IV,</span> <span class='ocrx_word' id='word_1_815' title='bbox 1490 2735 1554 2779; x_wconf 91' lang='grc'>14,</span> <span class='ocrx_word' id='word_1_816' title='bbox 1581 2729 1646 2783; x_wconf 84' lang='lat'>59.</span> <span class='ocrx_word' id='word_1_817' title='bbox 1670 2730 1793 2783; x_wconf 84' lang='grc' dir='ltr'>Τόμοι</span> <span class='ocrx_word' id='word_1_818' title='bbox 1819 2730 2017 2783; x_wconf 87' lang='lat' dir='ltr'>Scymnus</span> <span class='ocrx_word' id='word_1_819' title='bbox 2039 2729 2134 2782; x_wconf 87' lang='lat'>765,</span> <span class='ocrx_word' id='word_1_820' title='bbox 2167 2729 2423 2779; x_wconf 72' lang='lat' dir='ltr'>Ptolemaeus,</span> <span class='ocrx_word' id='word_1_821' title='bbox 2444 2729 2613 2780; x_wconf 87' lang='lat' dir='ltr'>Plinius,</span> 
     </span>
     <span class='ocr_line' id='line_1_99' title="bbox 1385 2790 2616 2843; baseline 0 -11"><span class='ocrx_word' id='word_1_822' title='bbox 1385 2793 1595 2843; x_wconf 86' lang='lat' dir='ltr'>Ammian,</span> <span class='ocrx_word' id='word_1_823' title='bbox 1613 2792 1695 2834; x_wconf 89' lang='lat' dir='ltr'>alii.</span> <span class='ocrx_word' id='word_1_824' title='bbox 1713 2790 1847 2833; x_wconf 88' lang='lat' dir='ltr'>Hodie</span> <span class='ocrx_word' id='word_1_825' title='bbox 1869 2794 1906 2832; x_wconf 90' lang='lat' dir='ltr'><em>T</em></span> <span class='ocrx_word' id='word_1_826' title='bbox 1903 2790 2086 2832; x_wconf 71' lang='lat' dir='ltr'>omisvar</span> <span class='ocrx_word' id='word_1_827' title='bbox 2099 2805 2171 2832; x_wconf 89' lang='lat' dir='ltr'>seu</span> <span class='ocrx_word' id='word_1_828' title='bbox 2185 2791 2303 2843; x_wconf 77' lang='lat' dir='ltr'>Jegni</span> <span class='ocrx_word' id='word_1_829' title='bbox 2325 2791 2523 2843; x_wconf 77' lang='lat' dir='ltr'>Pangola.</span> <span class='ocrx_word' id='word_1_830' title='bbox 2535 2794 2616 2832; x_wconf 88' lang='lat' dir='ltr'>Pro</span> 
     </span>
     <span class='ocr_line' id='line_1_100' title="bbox 1387 2853 2614 2911; baseline -0.001 -15"><span class='ocrx_word' id='word_1_831' title='bbox 1387 2856 1468 2896; x_wconf 86' lang='lat'>300</span> <span class='ocrx_word' id='word_1_832' title='bbox 1479 2856 1619 2896; x_wconf 87' lang='lat' dir='ltr'>stadiis</span> <span class='ocrx_word' id='word_1_833' title='bbox 1628 2855 1809 2896; x_wconf 89' lang='lat' dir='ltr'>Strabol.</span> <span class='ocrx_word' id='word_1_834' title='bbox 1825 2855 1852 2895; x_wconf 93' lang='lat' dir='ltr'>l.</span> <span class='ocrx_word' id='word_1_835' title='bbox 1867 2854 1962 2911; x_wconf 86' lang='grc'>250,</span> <span class='ocrx_word' id='word_1_836' title='bbox 1976 2855 2166 2894; x_wconf 86' lang='lat' dir='ltr'>Itinerar.</span> <span class='ocrx_word' id='word_1_837' title='bbox 2183 2854 2234 2895; x_wconf 88' lang='grc'>36</span> <span class='ocrx_word' id='word_1_838' title='bbox 2247 2853 2346 2895; x_wconf 88' lang='lat' dir='ltr'>mill.</span> <span class='ocrx_word' id='word_1_839' title='bbox 2362 2854 2446 2895; x_wconf 86' lang='lat' dir='ltr'>sive</span> <span class='ocrx_word' id='word_1_840' title='bbox 2455 2857 2533 2896; x_wconf 85' lang='lat'>288</span> <span class='ocrx_word' id='word_1_841' title='bbox 2546 2863 2614 2905; x_wconf 89' lang='lat' dir='ltr'>st.‚</span> 
     </span>
     <span class='ocr_line' id='line_1_101' title="bbox 1384 2915 2617 2971; baseline 0 -15"><span class='ocrx_word' id='word_1_842' title='bbox 1384 2917 1487 2957; x_wconf 89' lang='lat' dir='ltr'>Tab.</span> <span class='ocrx_word' id='word_1_843' title='bbox 1520 2918 1723 2970; x_wconf 79' lang='lat' dir='ltr'>Peuting..</span> <span class='ocrx_word' id='word_1_844' title='bbox 1744 2919 1796 2965; x_wconf 84' lang='grc'>40</span> <span class='ocrx_word' id='word_1_845' title='bbox 1814 2916 1914 2956; x_wconf 89' lang='lat' dir='ltr'>mill.</span> <span class='ocrx_word' id='word_1_846' title='bbox 1948 2930 1981 2956; x_wconf 90' lang='grc'>5.</span> <span class='ocrx_word' id='word_1_847' title='bbox 2012 2917 2092 2957; x_wconf 89' lang='grc'>320</span> <span class='ocrx_word' id='word_1_848' title='bbox 2108 2915 2252 2957; x_wconf 88' lang='lat' dir='ltr'>stadia.</span> <span class='ocrx_word' id='word_1_849' title='bbox 2286 2917 2302 2970; x_wconf 77' lang='grc' dir='ltr'>Η</span> <span class='ocrx_word' id='word_1_850' title='bbox 2328 2940 2385 2948; x_wconf 85' lang='grc'><strong>-</strong></span> <span class='ocrx_word' id='word_1_851' title='bbox 2402 2930 2469 2971; x_wconf 88' lang='grc'>27.</span> <span class='ocrx_word' id='word_1_852' title='bbox 2503 2918 2617 2957; x_wconf 79' lang='grc' dir='ltr'>Κάλ-</span> 
     </span>
     <span class='ocr_line' id='line_1_102' title="bbox 1385 2976 2615 3033; baseline 0.001 -16"><span class='ocrx_word' id='word_1_853' title='bbox 1385 2977 1410 3017; x_wconf 91' lang='grc' dir='ltr'>λ</span> <span class='ocrx_word' id='word_1_854' title='bbox 1423 2993 1478 3018; x_wconf 90' lang='grc' dir='ltr'>ατ</span> <span class='ocrx_word' id='word_1_855' title='bbox 1492 2993 1533 3018; x_wconf 93' lang='grc' dir='ltr'>ιν</span> <span class='ocrx_word' id='word_1_856' title='bbox 1556 2980 1571 3033; x_wconf 97' lang='grc'>]</span> <span class='ocrx_word' id='word_1_857' title='bbox 1601 2977 1831 3033; x_wconf 88' lang='grc' dir='ltr'>Κάλλατραν</span> <span class='ocrx_word' id='word_1_858' title='bbox 1851 2976 2007 3027; x_wconf 82' lang='lat' dir='ltr'>codex3</span> <span class='ocrx_word' id='word_1_859' title='bbox 2031 2977 2274 3018; x_wconf 85' lang='grc' dir='ltr'>Καλλαντίαν</span> <span class='ocrx_word' id='word_1_860' title='bbox 2290 2977 2410 3017; x_wconf 83' lang='lat' dir='ltr'>finxit</span> <span class='ocrx_word' id='word_1_861' title='bbox 2422 2978 2615 3027; x_wconf 88' lang='lat' dir='ltr'>Vossius;</span> 
     </span>
     <span class='ocr_line' id='line_1_103' title="bbox 1386 3036 2613 3092; baseline -0.002 -12"><span class='ocrx_word' id='word_1_862' title='bbox 1386 3040 1581 3080; x_wconf 83' lang='lat' dir='ltr'>omnibus</span> <span class='ocrx_word' id='word_1_863' title='bbox 1601 3039 1688 3080; x_wconf 90' lang='lat' dir='ltr'>aliis</span> <span class='ocrx_word' id='word_1_864' title='bbox 1703 3048 1764 3080; x_wconf 91' lang='lat' dir='ltr'>est</span> <span class='ocrx_word' id='word_1_865' title='bbox 1781 3038 1973 3086; x_wconf 87' lang='grc' dir='ltr'>Καλλάτις</span> <span class='ocrx_word' id='word_1_866' title='bbox 1990 3041 2005 3092; x_wconf 86' lang='grc'>(</span> <span class='ocrx_word' id='word_1_867' title='bbox 2026 3039 2103 3079; x_wconf 87' lang='lat' dir='ltr'>nisi</span> <span class='ocrx_word' id='word_1_868' title='bbox 2119 3038 2232 3092; x_wconf 91' lang='lat' dir='ltr'>quod</span> <span class='ocrx_word' id='word_1_869' title='bbox 2248 3037 2412 3084; x_wconf 87' lang='grc' dir='ltr'>Κάλατις</span> <span class='ocrx_word' id='word_1_870' title='bbox 2429 3039 2469 3076; x_wconf 91' lang='lat' dir='ltr'>in</span> <span class='ocrx_word' id='word_1_871' title='bbox 2491 3036 2613 3078; x_wconf 87' lang='lat' dir='ltr'>codd.</span> 
     </span>
     <span class='ocr_line' id='line_1_104' title="bbox 1385 3098 2613 3156; baseline -0.003 -13"><span class='ocrx_word' id='word_1_872' title='bbox 1385 3103 1537 3156; x_wconf 81' lang='lat' dir='ltr'>passim</span> <span class='ocrx_word' id='word_1_873' title='bbox 1561 3102 1730 3143; x_wconf 88' lang='lat' dir='ltr'>obvium</span> <span class='ocrx_word' id='word_1_874' title='bbox 1750 3133 1761 3151; x_wconf 89' lang='lat'>,</span> <span class='ocrx_word' id='word_1_875' title='bbox 1786 3109 1826 3141; x_wconf 89' lang='lat' dir='ltr'>et</span> <span class='ocrx_word' id='word_1_876' title='bbox 1860 3099 1974 3155; x_wconf 91' lang='lat' dir='ltr'>quod</span> <span class='ocrx_word' id='word_1_877' title='bbox 2012 3101 2054 3140; x_wconf 90' lang='lat' dir='ltr'>in</span> <span class='ocrx_word' id='word_1_878' title='bbox 2077 3100 2296 3140; x_wconf 87' lang='lat' dir='ltr'>Ptolemaeo</span> <span class='ocrx_word' id='word_1_879' title='bbox 2333 3101 2415 3147; x_wconf 91' lang='lat' dir='ltr'>III,</span> <span class='ocrx_word' id='word_1_880' title='bbox 2446 3112 2495 3139; x_wconf 90' lang='lat'>10</span> <span class='ocrx_word' id='word_1_881' title='bbox 2517 3098 2613 3139; x_wconf 87' lang='lat' dir='ltr'>olim</span> 
     </span>
     <span class='ocr_line' id='line_1_105' title="bbox 1387 3160 2615 3215; baseline -0.003 -10"><span class='ocrx_word' id='word_1_882' title='bbox 1387 3164 1588 3205; x_wconf 90' lang='lat' dir='ltr'>edebatur</span> <span class='ocrx_word' id='word_1_883' title='bbox 1611 3163 1852 3215; x_wconf 84' lang='grc' dir='ltr'>Καλλατία).</span> <span class='ocrx_word' id='word_1_884' title='bbox 1888 3162 2052 3202; x_wconf 87' lang='lat' dir='ltr'>Gentile</span> <span class='ocrx_word' id='word_1_885' title='bbox 2078 3160 2342 3201; x_wconf 80' lang='grc' dir='ltr'>Καλλατιανὸν</span> <span class='ocrx_word' id='word_1_886' title='bbox 2365 3167 2474 3200; x_wconf 89' lang='lat' dir='ltr'>recte</span> <span class='ocrx_word' id='word_1_887' title='bbox 2496 3160 2615 3201; x_wconf 84' lang='lat' dir='ltr'>habet</span> 
     </span>
     <span class='ocr_line' id='line_1_106' title="bbox 1387 3222 2614 3281; baseline -0.006 -13"><span class='ocrx_word' id='word_1_888' title='bbox 1387 3227 1474 3281; x_wconf 91' lang='lat' dir='ltr'>ipse</span> <span class='ocrx_word' id='word_1_889' title='bbox 1494 3228 1615 3267; x_wconf 85' lang='lat' dir='ltr'>etiam</span> <span class='ocrx_word' id='word_1_890' title='bbox 1638 3226 1839 3267; x_wconf 89' lang='lat' dir='ltr'>Arrianus</span> <span class='ocrx_word' id='word_1_891' title='bbox 1864 3225 1906 3263; x_wconf 90' lang='lat' dir='ltr'>in</span> <span class='ocrx_word' id='word_1_892' title='bbox 1923 3223 2056 3264; x_wconf 89' lang='lat' dir='ltr'>Anab.</span> <span class='ocrx_word' id='word_1_893' title='bbox 2073 3225 2148 3272; x_wconf 92' lang='lat' dir='ltr'>VI,</span> <span class='ocrx_word' id='word_1_894' title='bbox 2175 3224 2243 3271; x_wconf 87' lang='grc'>23,</span> <span class='ocrx_word' id='word_1_895' title='bbox 2268 3222 2306 3262; x_wconf 85' lang='grc'>5.</span> <span class='ocrx_word' id='word_1_896' title='bbox 2320 3223 2441 3262; x_wconf 86' lang='grc' dir='ltr'>Νο00</span> <span class='ocrx_word' id='word_1_897' title='bbox 2460 3222 2614 3270; x_wconf 77' lang='lat' dir='ltr'>Kollat,</span> 
     </span>
     <span class='ocr_line' id='line_1_107' title="bbox 1388 3282 2615 3333; baseline -0.007 -3"><span class='ocrx_word' id='word_1_898' title='bbox 1388 3288 1560 3329; x_wconf 79' lang='lat' dir='ltr'>Kollati.</span> <span class='ocrx_word' id='word_1_899' title='bbox 1577 3289 1659 3328; x_wconf 92' lang='lat' dir='ltr'>Pro</span> <span class='ocrx_word' id='word_1_900' title='bbox 1680 3287 1759 3327; x_wconf 85' lang='lat'>300</span> <span class='ocrx_word' id='word_1_901' title='bbox 1772 3285 1911 3325; x_wconf 90' lang='lat' dir='ltr'>stadiis</span> <span class='ocrx_word' id='word_1_902' title='bbox 1928 3284 2074 3325; x_wconf 89' lang='lat' dir='ltr'>Strabo</span> <span class='ocrx_word' id='word_1_903' title='bbox 2094 3286 2174 3324; x_wconf 90' lang='grc'>280</span> <span class='ocrx_word' id='word_1_904' title='bbox 2189 3300 2199 3333; x_wconf 85' lang='grc'>;</span> <span class='ocrx_word' id='word_1_905' title='bbox 2223 3284 2275 3324; x_wconf 90' lang='grc'>30</span> <span class='ocrx_word' id='word_1_906' title='bbox 2291 3282 2390 3323; x_wconf 83' lang='lat' dir='ltr'>mill.</span> <span class='ocrx_word' id='word_1_907' title='bbox 2408 3283 2615 3332; x_wconf 87' lang='lat' dir='ltr'>Itinerar.;</span> 
     </span>
     <span class='ocr_line' id='line_1_108' title="bbox 1390 3345 2614 3399; baseline -0.006 -8"><span class='ocrx_word' id='word_1_908' title='bbox 1390 3352 1442 3399; x_wconf 89' lang='grc'>34</span> <span class='ocrx_word' id='word_1_909' title='bbox 1467 3351 1565 3391; x_wconf 90' lang='lat' dir='ltr'>mill.</span> <span class='ocrx_word' id='word_1_910' title='bbox 1587 3349 1689 3390; x_wconf 89' lang='lat' dir='ltr'>Tab.</span> <span class='ocrx_word' id='word_1_911' title='bbox 1715 3351 1830 3389; x_wconf 89' lang='lat' dir='ltr'>Peut.</span> <span class='ocrx_word' id='word_1_912' title='bbox 1847 3347 2044 3387; x_wconf 89' lang='lat' dir='ltr'>Minimus</span> <span class='ocrx_word' id='word_1_913' title='bbox 2060 3360 2255 3386; x_wconf 87' lang='lat' dir='ltr'>numerus</span> <span class='ocrx_word' id='word_1_914' title='bbox 2272 3360 2368 3386; x_wconf 86' lang='lat' dir='ltr'>vero</span> <span class='ocrx_word' id='word_1_915' title='bbox 2386 3345 2614 3399; x_wconf 80' lang='lat' dir='ltr'>proximus.</span> 
     </span>
     <span class='ocr_line' id='line_1_109' title="bbox 1394 3407 2615 3466; baseline -0.004 -15"><span class='ocrx_word' id='word_1_916' title='bbox 1394 3413 1410 3466; x_wconf 80' lang='grc' dir='ltr'>Η</span> <span class='ocrx_word' id='word_1_917' title='bbox 1449 3437 1504 3443; x_wconf 92' lang='grc'>--</span> <span class='ocrx_word' id='word_1_918' title='bbox 1540 3425 1608 3464; x_wconf 84' lang='lat'>29.</span> <span class='ocrx_word' id='word_1_919' title='bbox 1655 3409 1809 3463; x_wconf 78' lang='grc' dir='ltr'>Καρία</span> <span class='ocrx_word' id='word_1_920' title='bbox 1849 3407 2141 3462; x_wconf 82' lang='grc' dir='ltr'>κληΐζεται]</span> <span class='ocrx_word' id='word_1_921' title='bbox 2175 3407 2304 3449; x_wconf 89' lang='lat' dir='ltr'>Addit</span> <span class='ocrx_word' id='word_1_922' title='bbox 2340 3411 2615 3462; x_wconf 76' lang='lat' dir='ltr'>Anonymus:</span> 
     </span>
     <span class='ocr_line' id='line_1_110' title="bbox 1389 3468 2620 3527; baseline -0.006 -12"><span class='ocrx_word' id='word_1_923' title='bbox 1389 3477 1455 3516; x_wconf 80' lang='grc' dir='ltr'>νῦν</span> <span class='ocrx_word' id='word_1_924' title='bbox 1482 3474 1522 3514; x_wconf 80' lang='grc' dir='ltr'>δὲ</span> <span class='ocrx_word' id='word_1_925' title='bbox 1541 3473 1579 3513; x_wconf 80' lang='grc' dir='ltr'>αἱ</span> <span class='ocrx_word' id='word_1_926' title='bbox 1598 3471 1734 3527; x_wconf 81' lang='grc' dir='ltr'>Καρίαι</span> <span class='ocrx_word' id='word_1_927' title='bbox 1747 3471 1942 3526; x_wconf 81' lang='grc' dir='ltr'>λέγονται.</span> <span class='ocrx_word' id='word_1_928' title='bbox 1960 3471 2106 3510; x_wconf 88' lang='lat' dir='ltr'>Nescio</span> <span class='ocrx_word' id='word_1_929' title='bbox 2120 3485 2171 3510; x_wconf 90' lang='lat' dir='ltr'>an</span> <span class='ocrx_word' id='word_1_930' title='bbox 2188 3470 2269 3510; x_wconf 90' lang='lat' dir='ltr'>huc</span> <span class='ocrx_word' id='word_1_931' title='bbox 2286 3470 2488 3524; x_wconf 84' lang='lat' dir='ltr'>pertineat</span> <span class='ocrx_word' id='word_1_932' title='bbox 2510 3468 2620 3523; x_wconf 85' lang='lat' dir='ltr'>apud</span> 
     </span>
     <span class='ocr_line' id='line_1_111' title="bbox 1390 3531 2617 3592; baseline -0.006 -13"><span class='ocrx_word' id='word_1_933' title='bbox 1390 3537 1644 3592; x_wconf 88' lang='lat' dir='ltr'>Stephanum</span> <span class='ocrx_word' id='word_1_934' title='bbox 1664 3533 1785 3589; x_wconf 89' lang='grc' dir='ltr'>Καρὸς</span> <span class='ocrx_word' id='word_1_935' title='bbox 1810 3535 1940 3584; x_wconf 82' lang='grc' dir='ltr'>κῆποι,</span> <span class='ocrx_word' id='word_1_936' title='bbox 1971 3533 2117 3587; x_wconf 80' lang='grc' dir='ltr'>χωρίον</span> <span class='ocrx_word' id='word_1_937' title='bbox 2137 3531 2302 3587; x_wconf 76' lang='grc' dir='ltr'>Θρᾴκης.</span> <span class='ocrx_word' id='word_1_938' title='bbox 2325 3531 2553 3586; x_wconf 81' lang='grc' dir='ltr'>Θεόπομπος</span> <span class='ocrx_word' id='word_1_939' title='bbox 2569 3531 2617 3572; x_wconf 93' lang='grc' dir='ltr'>ν’.</span> 
     </span>
     <span class='ocr_line' id='line_1_112' title="bbox 1390 3593 2619 3650; baseline -0.006 -10"><span class='ocrx_word' id='word_1_940' title='bbox 1390 3601 1581 3641; x_wconf 77' lang='lat' dir='ltr'>Ceterum</span> <span class='ocrx_word' id='word_1_941' title='bbox 1611 3598 1763 3637; x_wconf 86' lang='lat' dir='ltr'>hancce</span> <span class='ocrx_word' id='word_1_942' title='bbox 1802 3596 1962 3636; x_wconf 87' lang='lat' dir='ltr'>Cariam</span> <span class='ocrx_word' id='word_1_943' title='bbox 2001 3595 2178 3649; x_wconf 83' lang='lat' dir='ltr'>intellige</span> <span class='ocrx_word' id='word_1_944' title='bbox 2209 3593 2321 3650; x_wconf 91' lang='lat' dir='ltr'>apud</span> <span class='ocrx_word' id='word_1_945' title='bbox 2344 3594 2619 3648; x_wconf 85' lang='lat' dir='ltr'>Porphyrium</span> 
     </span>
     <span class='ocr_line' id='line_1_113' title="bbox 1390 3653 2620 3712; baseline -0.008 -10"><span class='ocrx_word' id='word_1_946' title='bbox 1390 3663 1431 3702; x_wconf 92' lang='lat' dir='ltr'>in</span> <span class='ocrx_word' id='word_1_947' title='bbox 1455 3662 1563 3702; x_wconf 87' lang='lat' dir='ltr'>Hist.</span> <span class='ocrx_word' id='word_1_948' title='bbox 1588 3653 1747 3712; x_wconf 53' lang='lat' dir='ltr'>fragm.</span> <span class='ocrx_word' id='word_1_949' title='bbox 1762 3658 1839 3708; x_wconf 86' lang='lat' dir='ltr'>IV,</span> <span class='ocrx_word' id='word_1_950' title='bbox 1874 3671 1917 3712; x_wconf 89' lang='lat' dir='ltr'><strong>p.</strong></span> <span class='ocrx_word' id='word_1_951' title='bbox 1944 3670 2039 3711; x_wconf 89' lang='lat'>710,</span> <span class='ocrx_word' id='word_1_952' title='bbox 2068 3657 2140 3697; x_wconf 89' lang='lat' dir='ltr'>ubi</span> <span class='ocrx_word' id='word_1_953' title='bbox 2163 3655 2215 3697; x_wconf 85' lang='lat' dir='ltr'>de</span> <span class='ocrx_word' id='word_1_954' title='bbox 2236 3656 2403 3698; x_wconf 89' lang='lat' dir='ltr'>Seleuco</span> <span class='ocrx_word' id='word_1_955' title='bbox 2426 3656 2620 3696; x_wconf 71' lang='lat' dir='ltr'>Callinico</span> 
     </span>
     <span class='ocr_line' id='line_1_114' title="bbox 1390 3718 2621 3775; baseline -0.008 -11"><span class='ocrx_word' id='word_1_956' title='bbox 1390 3722 1518 3764; x_wconf 87' lang='lat' dir='ltr'>dicit:</span> <span class='ocrx_word' id='word_1_957' title='bbox 1550 3720 1743 3762; x_wconf 80' lang='lat' dir='ltr'>Attalum</span> <span class='ocrx_word' id='word_1_958' title='bbox 1771 3719 1814 3760; x_wconf 83' lang='lat' dir='ltr'>in</span> <span class='ocrx_word' id='word_1_959' title='bbox 1837 3718 2055 3761; x_wconf 78' lang='lat' dir='ltr'>Thraciam</span> <span class='ocrx_word' id='word_1_960' title='bbox 2073 3733 2196 3775; x_wconf 80' lang='lat' dir='ltr'>usque</span> <span class='ocrx_word' id='word_1_961' title='bbox 2213 3718 2400 3772; x_wconf 79' lang='lat' dir='ltr'>fugiens,</span> <span class='ocrx_word' id='word_1_962' title='bbox 2426 3726 2525 3772; x_wconf 81' lang='lat' dir='ltr'>post</span> <span class='ocrx_word' id='word_1_963' title='bbox 2543 3731 2621 3770; x_wconf 81' lang='lat' dir='ltr'>pu-</span> 
     </span>
     <span class='ocr_line' id='line_1_115' title="bbox 1387 3778 2620 3838; baseline -0.006 -14"><span class='ocrx_word' id='word_1_964' title='bbox 1387 3799 1511 3837; x_wconf 79' lang='lat' dir='ltr'>gnam</span> <span class='ocrx_word' id='word_1_965' title='bbox 1535 3783 1576 3823; x_wconf 82' lang='lat' dir='ltr'>in</span> <span class='ocrx_word' id='word_1_966' title='bbox 1595 3779 1715 3823; x_wconf 80' lang='lat' dir='ltr'>Caria</span> <span class='ocrx_word' id='word_1_967' title='bbox 1734 3791 1954 3838; x_wconf 82' lang='lat' dir='ltr'>patratam</span> <span class='ocrx_word' id='word_1_968' title='bbox 1982 3781 2075 3822; x_wconf 78' lang='lat' dir='ltr'>vita</span> <span class='ocrx_word' id='word_1_969' title='bbox 2093 3780 2281 3822; x_wconf 77' lang='lat' dir='ltr'>excessit.</span> <span class='ocrx_word' id='word_1_970' title='bbox 2302 3782 2449 3820; x_wconf 87' lang='lat' dir='ltr'>Portus</span> <span class='ocrx_word' id='word_1_971' title='bbox 2464 3778 2516 3817; x_wconf 90' lang='lat' dir='ltr'>de</span> <span class='ocrx_word' id='word_1_972' title='bbox 2537 3791 2620 3831; x_wconf 92' lang='lat' dir='ltr'>quo</span> 
     </span>
     <span class='ocr_line' id='line_1_116' title="bbox 1391 3839 2623 3898; baseline -0.007 -12"><span class='ocrx_word' id='word_1_973' title='bbox 1391 3845 1556 3888; x_wconf 85' lang='lat' dir='ltr'>aliunde</span> <span class='ocrx_word' id='word_1_974' title='bbox 1578 3859 1661 3884; x_wconf 92' lang='lat' dir='ltr'>non</span> <span class='ocrx_word' id='word_1_975' title='bbox 1682 3852 1854 3894; x_wconf 83' lang='lat' dir='ltr'>constat,</span> <span class='ocrx_word' id='word_1_976' title='bbox 1880 3859 1964 3885; x_wconf 89' lang='lat' dir='ltr'>non</span> <span class='ocrx_word' id='word_1_977' title='bbox 1984 3844 2103 3898; x_wconf 87' lang='lat' dir='ltr'>longe</span> <span class='ocrx_word' id='word_1_978' title='bbox 2124 3843 2176 3884; x_wconf 87' lang='lat' dir='ltr'>ab</span> <span class='ocrx_word' id='word_1_979' title='bbox 2202 3841 2302 3883; x_wconf 88' lang='lat' dir='ltr'>hod.</span> <span class='ocrx_word' id='word_1_980' title='bbox 2326 3841 2414 3880; x_wconf 88' lang='lat' dir='ltr'>vico</span> <span class='ocrx_word' id='word_1_981' title='bbox 2437 3839 2623 3890; x_wconf 69' lang='lat' dir='ltr'>Gulgrad</span> 
     </span>
     <span class='ocr_line' id='line_1_117' title="bbox 1392 3898 2622 3960; baseline -0.008 -11"><span class='ocrx_word' id='word_1_982' title='bbox 1392 3906 1651 3953; x_wconf 78' lang='lat' dir='ltr'>nuaerenduS.</span> <span class='ocrx_word' id='word_1_983' title='bbox 1687 3907 1702 3960; x_wconf 83' lang='grc' dir='ltr'>ΙΙ</span> <span class='ocrx_word' id='word_1_984' title='bbox 1734 3931 1789 3937; x_wconf 88' lang='grc'>-</span> <span class='ocrx_word' id='word_1_985' title='bbox 1816 3907 1884 3948; x_wconf 89' lang='grc'>30.</span> <span class='ocrx_word' id='word_1_986' title='bbox 1909 3905 2238 3960; x_wconf 84' lang='grc' dir='ltr'>Τετρισιάδα]</span> <span class='ocrx_word' id='word_1_987' title='bbox 2264 3905 2506 3956; x_wconf 78' lang='lat' dir='ltr'>Anonymus</span> <span class='ocrx_word' id='word_1_988' title='bbox 2532 3912 2542 3940; x_wconf 89' lang='lat'>:</span> <span class='ocrx_word' id='word_1_989' title='bbox 2572 3898 2622 3947; x_wconf 78' lang='grc' dir='ltr'>εἰς</span> 
     </span>
     <span class='ocr_line' id='line_1_118' title="bbox 1393 3958 2623 4026; baseline -0.009 -14"><span class='ocrx_word' id='word_1_990' title='bbox 1393 3958 1617 4026; x_wconf 66' lang='grc' dir='ltr'>Τετρισιάδα</span> <span class='ocrx_word' id='word_1_991' title='bbox 1651 3968 1736 4020; x_wconf 78' lang='grc' dir='ltr'>ἤτοι</span> <span class='ocrx_word' id='word_1_992' title='bbox 1765 3969 1919 4023; x_wconf 82' lang='grc' dir='ltr'>Τίριζαν</span> <span class='ocrx_word' id='word_1_993' title='bbox 1951 3968 2067 4023; x_wconf 78' lang='grc' dir='ltr'>ἄκραν</span> <span class='ocrx_word' id='word_1_994' title='bbox 2098 3966 2329 4022; x_wconf 79' lang='grc' dir='ltr'>λεγομένην,</span> <span class='ocrx_word' id='word_1_995' title='bbox 2366 3963 2530 4018; x_wconf 76' lang='grc' dir='ltr'>ἔχουσαν</span> <span class='ocrx_word' id='word_1_996' title='bbox 2558 3962 2623 4002; x_wconf 78' lang='grc' dir='ltr'>καὶ</span> 
     </span>
    </p>
   </div>
  </div>
 </body>
</html>
