2782 4348
63 178 135 234 (4⁵,
149 179 223 237 4⁶·)

60 281 189 341 ἥμισυ
211 282 382 346 ἡμέρας.
419 334 424 341 ,
453 281 553 328 Ἀπὸ
571 280 614 325 δὲ
639 279 880 339 Ἀντιπύγου
910 279 1078 341 Πέτρας
1097 283 1118 324 ὃ
1137 282 1295 342 μικρὸς,

59 351 199 411 λιμήν·
221 353 346 404 πλοῦς
367 350 496 408 ἥμισυ
520 347 693 409 ἡμέρας.
763 347 863 393 Ἀπὸ
895 347 1127 409 Πέτραντος
1153 350 1291 410 [τοῦ]

65 424 213 482 μικροῦ
237 418 491 482 Χερρόνησοι
515 415 732 478 Ἀχιλίδες,
768 414 894 475 λιμήν
921 417 1084 476 (ταῦτα
1106 421 1179 473 τῆς
1214 420 1295 464 Κυ-

68 488 245 549 ρηναίων
282 487 421 548 χώρας
458 483 602 546 ἐστί)·
641 485 767 536 πλοῦς
803 483 977 545 ἡμέρας.
1047 485 1119 531 Ἐν
1155 485 1197 530 δὲ
1237 489 1296 548 τῷ

59 555 175 618 μέσῳ
200 555 432 616 Πέτραντος
453 551 524 598 καὶ
547 552 816 615 Χερρονήσου
841 552 918 598 εἶσὶ
949 556 1067 608 ν’ἥσοι
1096 553 1297 610 Ἀηδωνία

58 625 129 670 καὶ
153 622 369 671 Πλατείαι.
437 620 651 684 ”Υφορμοι
686 619 728 666 δὲ
754 621 821 666 ὑπ’
847 622 988 673 αὐταῖς
1012 621 1131 669 εἰσίν.
1199 623 1297 670 Ἐν-

58 697 196 739 τεῦθεν
228 692 403 754 ἄρχεται
423 691 469 736 τὸ
493 691 651 754 σίλφιον
673 689 845 754 φύεσθαι
865 691 965 752 γύης
976 692 1013 718 *·
1046 691 1226 755 παρήκει
1254 691 1296 739 δὲ

59 762 142 808 ἀπὸ
163 761 427 824 Χερρονήσου
451 761 518 806 διὰ
540 764 613 817 τῆς
637 761 854 822 μεσογείας
878 761 1001 824 μέχρι
1023 761 1296 825 Ἑσπερίδων,

56 830 169 894 παρὰ
203 835 278 891 γῆν
317 829 434 893 ἐγγὺς
471 830 619 876 στάδια
657 831 741 893 ἀφ’
778 830 977 890 μάλιστα.
1043 830 1298 893 Ἀφροδισιὰς

56 903 176 957 νῆσος
194 899 389 962 ὕφορμος·
410 898 686 956 Ναύσταθμος
708 898 852 958 λιμήν.
925 901 1061 951 Πλοῦς
1082 899 1164 944 ἀπὸ
1187 901 1294 962 Χερ-

61 968 231 1031 ρονήσου
255 967 414 1030 ἡμέρας
437 975 546 1028 μιᾶς,
571 967 652 1012 ἀπὸ
678 967 720 1013 δὲ
755 967 1036 1029 Ναυστάθμου
1073 971 1126 1020 εἷς
1148 969 1295 1029 λιμένα

59 1036 127 1082 τὸν
161 1036 353 1099 Κυρήνης
388 1036 537 1082 στάδια
561 1037 611 1098 ρ’.
683 1036 762 1083 Ἐκ
783 1036 824 1082 δὲ
848 1042 919 1083 τοῦ
945 1037 1106 1097 λιμένος
1129 1040 1183 1090 εἷς
1209 1041 1293 1085 Κυ-

55 1104 179 1170 ρήνην
206 1105 354 1152 στάδια
388 1105 656 1167 ὀγδοήκοντα.
727 1105 854 1153 Ἔστι
875 1107 917 1152 δὲ
943 1106 1115 1170 Κυρήνη
1137 1110 1177 1152 ἐν
1219 1126 1293 1166 με·

56 1177 213 1240 σογεία.
279 1175 377 1222 Εἰσὶ
403 1175 445 1220 δὲ
467 1171 574 1222 οὗτοι
592 1177 753 1237 λιμένες
775 1176 998 1239 πάνορμοι.
1065 1175 1151 1222 Καὶ
1171 1176 1296 1221 ἄλλαι

54 1246 95 1291 δὲ
132 1245 369 1308 καταφυγαὶ
397 1245 474 1291 ὑπὸ
511 1247 704 1302 νησιδίοις
743 1247 814 1292 καὶ
849 1246 1022 1309 ὕφορμοι
1059 1246 1129 1291 καὶ
1170 1246 1295 1292 ἀκταὶ

52 1315 203 1360 πολλαὶ
227 1317 268 1359 ἓν
293 1316 346 1377 τῇ
371 1313 522 1373 μεταξὺ
549 1315 685 1377 χώρᾳ.
754 1314 832 1361 Ἐκ
859 1314 900 1360 δὲ
925 1314 1086 1375 λιμένος
1104 1318 1176 1370 τ’ῆς
1207 1319 1293 1362 Κυ·

55 1383 178 1444 ρήνης
199 1381 322 1444 μέχρι
345 1382 510 1443 λιμένος
533 1387 603 1428 τοῦ
627 1382 733 1429 κατὰ
757 1383 924 1446 Βάρκην
949 1384 1096 1429 στάδια
1122 1383 1177 1446 φ’·
1197 1388 1223 1440 ἡ
1253 1383 1295 1429 δὲ

51 1451 169 1504 πόλις
191 1455 217 1507 ἡ
246 1451 468 1514 Βαρκαίων
501 1451 581 1496 ἀπὸ
623 1451 832 1516 θαλάσσης
870 1452 1017 1513 ἀπέχει
1052 1451 1199 1498 στάδια
1238 1452 1312 1514 ρ’..

52 1520 132 1566 'Ex
157 1520 198 1565 δὲ
216 1519 379 1581 λιμένος
403 1524 475 1565 τοῦ
496 1519 604 1564 κατὰ
639 1520 807 1582 Βάρκην
830 1521 890 1583 ἐφ’
923 1521 1170 1583 Ἑσπερίδας
1194 1521 1292 1566 στά-

13 1640 20 1645 ,
52 1589 118 1633 δια
146 1588 229 1650 χκ’.

52 1656 158 1702 ἐστὶν
175 1657 400 1718 ἐσχισμένα
429 1657 554 1719 μέχρι
575 1656 832 1719 Ἑσπερίδων
863 1657 972 1703 τάδε·
1003 1661 1170 1710 Φυκοῧς
1192 1660 1286 1704 κόλ-

51 1741 138 1776 πος·
183 1725 343 1785 ἄνωὶδὲ
386 1725 561 1770 ἐνταῦθά
596 1728 704 1770 ἐστιν
745 1729 765 1770 ὃ
801 1729 930 1781 κῆπος
970 1729 1051 1780 τῶν
1099 1726 1293 1789 (Εσπερί-

50 1795 151 1857 δων.
219 1792 344 1840 Ἔστι
381 1794 424 1840 δὲ
459 1794 580 1846 τόπος
613 1792 739 1856 βαθὺς
767 1797 940 1858 ὀργυιῶν
977 1795 1061 1856 ιη’,
1088 1795 1295 1856 ἀπότομος

50 1862 211 1926 κύκλῳ,
250 1865 429 1923 οὐδαμοῦ
465 1864 570 1926 ἔχων
606 1864 855 1910 κατάὸασιν·
889 1866 974 1911 ἔστι
1014 1865 1056 1910 δὲ
1081 1865 1150 1911 δύο
1188 1885 1289 1911 στα-

49 1933 144 1979 δίων
164 1938 379 1996 πανταχῆ,
401 1936 473 1979 οὐκ
496 1934 681 1995 ἔλαττον,
707 1930 820 1995 εὖρος
843 1935 912 1980 καὶ
940 1939 1084 1996 μῆκος.
1124 1986 1128 1989 ,
1154 1929 1288 1987 Οἷτός

49 2004 136 2048 ἐστι
156 2002 319 2055 σύσκιος
339 2004 539 2067 δένδρεσιν
564 2004 918 2065 ἐμπεπλεγμένοις
939 2007 978 2049 ἐν
1002 2004 1209 2061 ἀλλήλοις,
1234 2008 1288 2056 ὡς

49 2071 109 2116 ὅτι
148 2071 330 2133 μάλιστα
369 2073 652 2125 πυκνοτάτοις.
724 2073 794 2120 Τὰ
834 2074 976 2136 δένδρα
1017 2074 1104 2119 ἐστὶ
1135 2073 1285 2131 λωτὸς,

43 2226 186 2267 thanio
212 2226 367 2267 distans
384 2242 466 2267 sec.
491 2226 708 2267 Stadiasm.
740 2229 762 2279 5
793 2228 862 2268 38.
885 2227 1020 2267 Hodie
1053 2228 1282 2275 Toubmuk,

44 2290 116 2343 qui
131 2288 245 2329 locus
259 2302 340 2330 220
357 2288 462 2329 stad.
481 2288 605 2328 distat
616 2303 640 2328 a
652 2288 878 2329 Kabaisch.
893 2291 1051 2329 Vocem
1071 2287 1288 2344 Ἀντίπυγος

45 2351 97 2391 de
116 2350 270 2406 duplici
286 2360 412 2406 portu
431 2351 472 2391 in
490 2351 671 2392 Laconia
686 2350 779 2390 vide
802 2354 826 2403 g
845 2355 914 2400 46.
948 2353 963 2405 Η
983 2375 1040 2382 —
1053 2351 1241 2406 Πέτρας
1264 2351 1285 2391 ὁ

48 2414 265 2467 μικρός,]
292 2413 436 2467 Πέτρας
476 2413 606 2467 μικρά,
639 2411 757 2466 λιμήν
797 2412 922 2464 (52⁰,
963 2413 1061 2467 45')
1090 2413 1282 2464 Ptolem.,

43 2474 170 2514 hodie
190 2474 415 2527 Magharal
437 2474 476 2514 el
506 2474 683 2522 limbos,
707 2488 786 2514 see.
809 2475 1027 2530 Lapieum,
1055 2475 1168 2530 quod
1188 2490 1284 2516 cum

43 2536 265 2576 Ptolemaeo
287 2550 435 2591 parum
459 2535 649 2590 quadrat.
687 2536 703 2589 Η
736 2557 794 2567 —·
824 2536 856 2575 X
870 2552 884 2576 ε
898 2551 963 2591 ρσ.
1007 2535 1220 2591 Ἀχιλίὸε
1234 2539 1284 2592 ς]

43 2613 87 2651 χ.
117 2596 284 2652 ἀχιτίδες
314 2597 410 2638 cod.
448 2597 558 2637 Vide
580 2611 705 2652 supra
734 2606 824 2638 not.
860 2612 903 2653 p.
938 2601 1006 2647 42.
1049 2600 1286 2640 Gronovius

43 2661 87 2702 h.
114 2654 141 2701 l.
155 2660 280 2701 scribi
297 2661 424 2701 voluit
445 2673 454 2701 :
479 2659 552 2701 ἀπὸ
568 2661 782 2716 Πέτραντος
797 2663 864 2701 τοῦ
883 2664 1017 2716 μικροῦ
1032 2662 1283 2716 Χερρόνησος,

49 2721 229 2778 Ἀζιρίτης
258 2723 393 2779 λιμήν.
435 2723 564 2777 Quod
600 2724 655 2765 ob
676 2723 858 2779 reliquos
881 2722 1032 2780 Peripli
1055 2725 1166 2765 locos
1189 2725 1286 2766 ferri

44 2787 203 2841 nequit.
222 2785 347 2842 Apud
368 2786 636 2828 Ptolemaeum
663 2786 928 2841 ῑΧερρόνησος
954 2786 1105 2842 μεγάλη
1125 2788 1141 2840 (
1163 2787 1233 2829 500
1251 2790 1283 2842 );

44 2847 169 2888 hodie
189 2851 273 2890 Ras
295 2848 334 2889 el
359 2849 453 2891 Tin.
479 2850 673 2890 Ceterum
689 2863 788 2889 mox
817 2863 893 2904 pro
922 2849 1163 2905 Χερρονήσου
1189 2851 1286 2891 scri-

44 2909 229 2951 bendum
255 2919 342 2952 erat
374 2911 642 2967 Χερρονήσων,
667 2920 739 2952 aut
768 2912 857 2951 vice
890 2926 1021 2953 versa.
1053 2913 1145 2966 11—-
1182 2911 1287 2965 Ἀη-

46 2974 140 3014 δων
157 2973 202 3014 ία
227 2974 242 3029 ]
265 2973 430 3014 Διδωνία
449 2973 580 3015 codex
594 2991 605 3025 ;
632 2989 714 3015 em.
739 2975 913 3015 Vossius
933 2975 1191 3016 ePtolemaeo
1214 2977 1285 3017 ubi

51 3031 237 3086 Ἀηδωνίς.
253 3037 304 3076 In
319 3035 536 3077 Stadiasm.
562 3039 583 3089 ἓ
600 3039 653 3085 40
672 3036 805 3077 codex
819 3036 998 3086 Σιδωνία.
1021 3037 1160 3078 Insula
1174 3039 1281 3081 Scal-

5 3114 11 3120 ·
53 3096 70 3148 ss
95 3119 151 3127 —
170 3096 528 3152 Πλατείαι]“5ἱο
544 3097 909 3148 0οᾶοΧ;Πλατειαί
927 3097 1045 3139 editt.
1064 3100 1179 3140 Fort.
1205 3100 1282 3155 leg.
1307 3099 1311 3103 ’

47 3156 250 3199 Πλατεῖαι.
272 3160 501 3215 Stephanus
518 3163 616 3216 Byz.
634 3160 809 3202 eandem
831 3160 1008 3202 insulam
1026 3171 1231 3203 memorat
1242 3178 1282 3205 v.

48 3218 222 3260 Πλατεῗα
233 3229 272 3261 et
282 3222 489 3263 Πλαταιαί.
509 3222 634 3279 Apud
644 3223 847 3264 Herodot.
865 3225 942 3275 IV,
969 3223 1063 3265 153.
1086 3225 1179 3266 165.
1206 3230 1282 3280 169

49 3289 109 3321 est
126 3281 294 3323 Πλατέα.
315 3286 364 3325 In
381 3285 598 3327 Stadiasm.
619 3289 710 3338 §40
729 3300 738 3327 :
762 3285 836 3327 ἀπὸ
853 3286 1039 3334 Πλατέος.
1064 3289 1187 3328 Nunc
1205 3290 1282 3330 ins.

50 3343 219 3384 Bhurda
240 3346 304 3386 vel
324 3348 491 3389 Bomba.
514 3349 531 3402 ll
547 3348 633 3388 -ὒ
647 3349 694 3390 π’
724 3348 776 3388 αὖ
789 3351 924 3405 ταῖς]
959 3349 1022 3390 ὑπ’
1047 3349 1169 3390 αὐτῶν
1187 3351 1281 3392 cod.

53 3406 71 3459 ll
95 3429 151 3436 —
174 3404 399 3449 ἐντεῦθεν
428 3410 568 3466 κ’τλ.]
590 3410 793 3452 Herodot.
816 3413 893 3461 IV,
920 3416 996 3466 169
1025 3426 1034 3452 :
1066 3411 1133 3453 ’Ev
1161 3412 1200 3453 δὲ
1228 3418 1284 3469 τῷ

52 3467 190 3523 μεταξὺ
222 3469 357 3510 τούτου
382 3474 512 3527 χώρου
543 3474 567 3524 ἥ
594 3489 635 3514 τε
654 3475 810 3515 Πλατέα
843 3477 957 3526 νῆσος
981 3474 1181 3527 ἐπικέεται,
1214 3475 1283 3528 τὴν

51 3529 204 3571 ἔκτισαν
236 3531 463 3587 Κυρηναῖοι·
500 3535 566 3575 καὶ
589 3534 627 3576 ἒν
664 3540 712 3592 τῇ
733 3536 878 3593 ἠπείρῳ
911 3537 1129 3587 Μενελάϊος
1163 3539 1283 3594 λιμήν

52 3591 147 3642 ἔστι,
178 3592 243 3632 καὶ
262 3591 410 3648 Ἄζιρις,
429 3592 557 3648 τὴνζοὶ
576 3597 786 3652 Κυρηναῖοι
808 3598 952 3640 οἴκεον.
977 3599 1052 3639 Καὶ
1066 3600 1110 3641 τὸ
1130 3602 1282 3657 σίλφιον

51 3654 211 3709 ἄρχεται
235 3653 309 3695 ἀπὸ
335 3655 482 3696 τούτου·
501 3659 661 3713 παρήκει
675 3659 717 3700 δὲ
739 3659 814 3701 ἀπὸ
829 3661 1004 3714 Πλατέης
1030 3662 1145 3714 νήσου
1171 3666 1284 3720 μέχρι

50 3721 119 3757 τοῦ
146 3717 335 3772 στόματος
356 3720 423 3769 τῆς
443 3718 598 3774 Σύρτιος
622 3721 667 3761 τὶ)
688 3722 856 3777 σίλφιον.
877 3724 1151 3779 Theophrast.
1172 3726 1281 3767 Hist.

51 3779 184 3820 Plant.
207 3781 285 3830 VI,
309 3781 331 3820 3
357 3793 367 3820 ε
388 3780 515 3822 Τόπον
539 3781 579 3822 δὲ
593 3782 715 3824 πολὺν
737 3783 864 3840 ἐπέχει
882 3788 949 3837 τῆς
971 3786 1109 3839 Λιὸύης
1127 3803 1135 3811 ·
1162 3787 1285 3829 πλείω

51 3842 127 3896 γάρ
148 3855 259 3896 φασιν
291 3841 315 3893 ἢ
339 3843 627 3898 τετρακισχίλια
659 3846 795 3886 στάδια
811 3846 885 3888 ἀπὸ
908 3852 983 3888 τῶν
1003 3847 1279 3904 Εὖεσπερίδων·

51 3902 96 3942 τὸ
115 3903 297 3944 πλεῖστον
319 3903 359 3944 δὲ
382 3905 556 3959 γίνεσθαι
574 3905 661 3961 περὶ
678 3901 754 3958 τὴν
776 3908 927 3964 Σύρτιν.
953 3911 1009 3951 V.
1034 3925 1124 3965 quae
1146 3910 1199 3952 de
1218 3913 1285 3953 sil·

51 3964 152 4019 phio
174 3966 376 4019 congessit
389 3967 524 4009 Baehr.
546 3967 598 4009 ad
615 3968 773 4011 Herod.
803 3971 820 4024 ll
850 3995 906 4002 —
926 3972 1049 4027 γύης]
1071 3974 1167 4014 Vox
1191 3989 1283 4014 eor-

53 4035 194 4082 rupta3
218 4028 326 4083 γύαις
351 4038 421 4070 aut
442 4029 580 4086 γυίαις,
603 4030 791 4082 inat-vis,
824 4032 933 4087 conj.
955 4035 1205 4090 Wesseling.
1231 4037 1284 4077 ad

297 1588 375 1636 Ἐκ
414 1588 457 1634 δὲ
501 1587 690 1650 Κυρήνης
723 1589 802 1633 εἰσὶ
835 1590 1015 1649 λιμένες,
1054 1589 1125 1634 καὶ
1159 1590 1292 1653 χωρία
1318 1598 1329 1607 ’

1181 178 1490 228 Pramus,
2538 212 2592 249 sa

1367 291 1495 332 abest.
1556 293 1622 334 Ab
1641 294 1850 349 Antipygo
1881 297 2020 336 Petras
2036 298 2174 338 minor
2194 310 2359 354 portus3
2378 304 2457 346 diei
2475 308 2593 350 dimi-

1365 359 1467 400 diati
1493 363 1713 415 navigatio.
1773 365 1872 404 Post
1893 365 2130 405 Petrantem
2147 368 2350 410 minorem
2374 386 2599 427 sequuntur

1367 427 1612 469 Chersonesi
1629 430 1838 471 Achilides
1862 430 1982 487 (quae
2003 432 2172 486 quidem
2187 434 2273 488 jam
2296 446 2390 477 sunt
2413 440 2453 479 in
2477 443 2599 484 Cyre-

1369 509 1554 535 naeorum
1577 497 1773 553 regione)
1788 514 1799 548 ;
1823 499 2028 552 navigatio
2061 499 2157 540 diei.
2218 503 2267 541 In
2303 504 2439 545 medio
2466 486 2599 551 autem

1368 563 1571 602 Petrantis
1587 571 1627 603 et
1642 564 1887 606 Chersonesi
1903 566 2044 607 insulae
2059 576 2156 607 sunt
2171 568 2358 611 Aedonia
2376 580 2415 612 et
2431 574 2572 616 Plateae
2588 594 2598 627 ;

1368 627 1447 668 loci
1475 628 1552 668 sub
1578 630 1626 668 iis
1655 638 1753 670 sunt
1786 632 1954 672 navium
1977 633 2142 672 stationi
2180 637 2279 689 apti.
2339 637 2441 679 Inde
2461 640 2603 696 incipit

1359 696 1571 751 'Silphium
1597 697 1708 737 nasci
1741 697 1782 737 in
1802 698 1945 747 arvis,-
1965 699 2153 754 procedit
2175 710 2311 744 autem
2331 718 2355 746 a
2376 707 2603 758 Chersone-

1369 779 1414 805 so
1436 779 1510 820 per
1528 763 1872 806 mediterraneam
1888 768 2099 820 regionem
2118 784 2247 825 usque
2267 772 2319 813 ad
2342 775 2600 831 Hesperides,

1368 832 1599 874 secundum
1645 833 1741 874 litus
1787 834 1820 874 si
1860 843 2073 889 computes
2114 838 2254 879 stadiis
2295 843 2456 884 circiter
2497 846 2601 889 1500

1371 901 1549 960 (1.700).·
1593 902 1787 956 Sequitur
1805 902 2074 958 Aphrodisias
2107 906 2252 957 insula,
2275 912 2393 951 statio
2414 915 2598 966 navium,

1368 980 1409 1012 et
1429 972 1725 1013 Naustathmus
1740 980 1899 1027 portus.
1959 974 2174 1028 Navigatio
2190 976 2240 1016 ad
2257 978 2367 1020 hunc
2390 996 2412 1022 a
2428 983 2601 1025 Cherso-

1367 1056 1467 1082 neso
1479 1043 1602 1082 unius
1617 1051 1678 1083 est
1690 1042 1786 1083 diei.
1847 1044 2166 1085 ANaustathmo
2178 1046 2230 1086 ad
2246 1058 2411 1102 portum
2424 1053 2599 1107 Cyrenes

1368 1110 1500 1151 stadia
1519 1125 1611 1152 100.
1673 1113 1709 1152 A
1725 1118 1852 1166 portu
1867 1126 1964 1152 vero
1976 1111 2029 1152 ad
2045 1114 2233 1168 Cyrenen
2253 1126 2348 1158 sunt
2363 1119 2492 1162 stadia
2514 1125 2566 1164 80
2589 1137 2598 1163 z

1367 1179 1410 1219 in
1427 1179 1728 1220 mediterraneo
1744 1194 1924 1235 namque
1934 1189 2067 1222 tractu
2079 1183 2154 1223 sita
2166 1185 2337 1239 Cyrene.
2369 1190 2516 1231 Portus
2532 1207 2599 1232 au-

1368 1255 1451 1287 tem
1467 1248 1532 1287 isti
1549 1247 1818 1288 commodum
1832 1249 1946 1289 omni
1963 1257 2148 1305 tempore
2163 1253 2378 1307 appulsum
2402 1258 2598 1311 praebent.

1367 1316 1472 1356 Sunt
1494 1316 1617 1355 etiam
1636 1315 1712 1356 alia
1744 1316 1787 1355 in
1810 1317 1947 1371 parvis
1974 1318 2116 1358 insulis
2135 1319 2291 1374 refugia
2324 1330 2364 1362 et
2392 1325 2599 1377 stationes,

1369 1383 1590 1438 multaeque
1612 1398 1694 1424 orae
1713 1385 1996 1438 prominentes
2022 1386 2065 1426 in
2091 1386 2169 1428 hac
2187 1387 2399 1443 interjecta
2419 1394 2598 1446 regione.

1367 1455 1404 1495 A
1423 1461 1548 1508 portu
1566 1454 1746 1508 Cyrenes
1776 1453 1829 1494 ad
1861 1456 2007 1495 Barces
2030 1464 2200 1511 portum
2223 1457 2353 1499 stadia
2389 1459 2483 1502 500.
2507 1463 2604 1502 Bar-

1366 1536 1547 1562 caeorum
1582 1530 1720 1562 autem
1757 1522 1897 1563 civitas
1919 1522 2034 1564 abest
2062 1538 2086 1564 a
2114 1526 2217 1566 mari
2244 1525 2384 1567 stadiis
2425 1541 2515 1570 100.
2567 1534 2602 1571 A

1364 1601 1490 1647 portu
1528 1594 1693 1634 Bareaeo
1727 1591 1780 1632 ad
1812 1593 2058 1648 Hesperides
2087 1594 2217 1636 stadia
2254 1600 2348 1638 620.
2410 1599 2601 1640 Ceterum

1365 1661 1463 1702 inde
1486 1676 1508 1701 a
1528 1662 1687 1716 Cyrene
1709 1675 1840 1716 usque
1859 1660 1912 1702 ad
1931 1663 2177 1717 Hesperides
2196 1674 2420 1706 occurrunt
2436 1676 2595 1721 portus,

1365 1739 1404 1770 et
1426 1730 1515 1770 loca
1537 1737 1634 1769 sunt
1652 1729 1724 1769 ubi
1743 1729 1838 1769 litus
1857 1744 2038 1771 recessus
2057 1730 2193 1783 habet,
2215 1731 2302 1774 haec
2321 1746 2330 1774 :
2354 1734 2515 1789 Phycus
2546 1737 2598 1775 si-

1353 1812 1457 1847 nus3
1483 1798 1526 1837 in
1546 1798 1647 1838 locis
1665 1801 1948 1854 superioribus
1970 1802 2026 1842 ibi
2045 1803 2190 1844 hortus
2212 1805 2512 1860 Hesperidum3
2537 1807 2596 1847 lo-

1353 1882 1428 1907 cus
1444 1866 1680 1922 profundus
1701 1878 1762 1910 est
1777 1885 1922 1926 orgyas
1939 1872 2220 1927 duodeviginti
2235 1906 2244 1923 ‚
2268 1884 2498 1931 praeruptus
2517 1878 2595 1916 cir-

1352 1951 1617 1991 cumquaque
1629 1970 1641 1990 ,
1656 1953 1863 1993 nusquam
1877 1939 2118 1982 descensum
2136 1943 2288 1984 habens
2306 1958 2314 1984 2
2333 1945 2486 1999 ubique
2500 1960 2596 1986 vero

1361 2003 1525 2044 duobus
1539 2003 1679 2044 stadiis
1698 2018 1784 2043 non
1803 2004 1942 2044 minor
1960 2012 2019 2044 est
2032 2004 2248 2047 latitudine
2266 2014 2306 2046 et
2324 2006 2594 2060 longitudine.

1359 2075 1514 2113 Hortus
1547 2073 1615 2113 hic
1644 2087 1795 2127 opacus
1832 2080 1891 2113 est
1924 2073 2141 2114 arboribus
2178 2074 2221 2114 in
2250 2089 2292 2114 se
2313 2075 2487 2116 invicem
2522 2077 2597 2116 im·

1358 2226 1517 2267 Herod.
1543 2227 1723 2266 Dixisset
1752 2234 1861 2266 certe
1886 2226 1925 2267 ἐν
1950 2226 2072 2280 γύαις.
2098 2227 2338 2267 Gronovius
2361 2227 2470 2282 conj.
2499 2228 2594 2283 γνή-

1359 2303 1457 2328 σιον.
1475 2290 1524 2327 In
1546 2296 1727 2327 mentem
1744 2288 1855 2328 venit
1868 2288 2024 2342 φύεσθαι
2039 2286 2220 2342 ἰθαγενές.
2247 2289 2263 2342 ΙΙ
2286 2312 2342 2319 -
2355 2288 2588 2344 παρήκει]

1357 2351 1522 2405 παράγει
1543 2349 1637 2390 cod.
1662 2350 1678 2403 ll
1704 2373 1760 2380 —
1775 2349 1856 2405 ἀφ’
1880 2348 1990 2406 ]Ιβφ’
2014 2349 2155 2402 legisse
2178 2349 2341 2390 videtur
2369 2350 2501 2391 scriba
2523 2366 2591 2392 co-

1357 2412 1461 2452 dicis
1475 2412 1622 2462 Paris„
1648 2412 1719 2466 qui
1743 2419 1879 2452 tamen
1899 2413 1954 2451 ita
1982 2411 2182 2460 exaravit,
2204 2419 2251 2451 ut
2273 2426 2357 2451 esse
2373 2413 2510 2466 potius
2530 2414 2589 2453 vi-

1358 2473 1504 2515 deatur
1522 2472 1603 2529 μφ’,
1625 2472 1738 2528 quod
1757 2474 1882 2515 habet
1910 2473 2042 2515 codex
2059 2474 2267 2524 Vatican.,
2289 2482 2330 2514 et
2344 2474 2387 2514 in
2406 2474 2486 2530 ,βφ’
2499 2490 2590 2516 mu-

1357 2536 1655 2577 tavitVossius.
1670 2537 1768 2576 Esse
1781 2535 1903 2577 debet
1919 2534 2014 2592 Ιαφᾎ
2034 2535 2112 2575 nisi
2131 2534 2235 2576 forte
2248 2535 2370 2576 suerit
2383 2535 2476 2591 Ιαψξ
2497 2551 2590 2593 nam

1358 2612 1381 2638 a
1410 2598 1666 2639 Chersoneso
1695 2597 1748 2637 ad
1774 2596 2020 2651 Hesperides
2053 2596 2177 2636 unius
2208 2595 2290 2636 diei
2323 2598 2526 2651 navigatio
2553 2608 2592 2640 et

1361 2673 1468 2701 1220
1483 2659 1613 2700 stadia
1628 2660 1672 2699 in
1698 2659 1964 2713 sequentibus
1980 2666 2244 2713 exputantur.
2266 2659 2281 2712 ΙΙ
2294 2683 2350 2689 -
2360 2658 2395 2698 Ν
2405 2674 2428 2699 α
2439 2659 2458 2698 ύ
2472 2675 2495 2699 σ
2506 2675 2528 2700 τ
2541 2676 2564 2700 α
2575 2685 2592 2692 -

1359 2723 1514 2777 θμος]
1542 2721 1606 2763 Cf.
1636 2721 1810 2764 Ptolem.
1842 2735 1885 2776 p.
1913 2721 2019 2775 273;
2051 2719 2268 2761 Stadiasm.
2294 2723 2316 2773 S
2349 2720 2424 2771 51;
2448 2722 2592 2764 Strabo

1355 2798 1399 2839 p.
1419 2783 1691 2835 8383Me1a1‚
1707 2786 1747 2835 8,
1766 2797 1806 2824 2.
1828 2784 1843 2838 ῃ
1859 2783 2100 2839 -λιμένα
2123 2782 2346 2837 Κυρήνης
2363 2784 2377 2838 ]
2393 2784 2590 2837 Σῴζουσα,

1356 2847 1507 2888 deinde
1534 2845 1807 2896 Ἂπολλωνιάς,
1837 2854 1926 2886 tum
1947 2847 2098 2886 iterum
2119 2845 2318 2895 Σώζουσα,
2341 2846 2402 2886 uti
2418 2856 2591 2889 constat.

1355 2911 1478 2950 Nune
1489 2912 1635 2951 Marza
1642 2913 1760 2950 Susa.
1771 2911 1853 2950 Pro
1870 2922 1947 2949 100
1955 2908 2095 2949 stadiis
2106 2907 2355 2948 Stadiasmus
2363 2908 2486 2950 habet
2500 2924 2590 2952 120.

1355 2975 1493 3014 Barcae
1508 2981 1653 3028 portus
1674 2980 1815 3027 postea
1836 2971 2054 3013 Ptolemais
2073 2969 2222 3011 dictus.
2246 2971 2261 3024 11
2296 2995 2352 3002 —-—
2368 2973 2500 3012 σταδ.
2522 2972 2560 3026 φ’
2577 2974 2590 3027 J

1357 3037 1438 3084 456
1471 3050 1552 3076 sec.
1585 3034 1802 3076 Stadiasm.
1842 3035 1998 3087 Revera
2031 3040 2128 3072 sunt
2150 3031 2233 3072 fere
2262 3032 2356 3073 550.
2383 3033 2592 3074 Fabricius

1356 3097 1471 3139 dedit
1493 3097 1547 3153 ψ’,
1574 3096 1687 3138 haud
1712 3096 1838 3137 dubie
1872 3094 1986 3150 quod
2016 3095 2191 3150 Lapieus
2216 3096 2231 3146 (
2253 3094 2324 3148 qui
2352 3108 2431 3148 700
2463 3095 2591 3137 stadia

1356 3162 1398 3200 in
1418 3160 1592 3214 gradum
1617 3167 1827 3214 computat
1846 3160 1863 3213 )
1885 3157 2010 3199 habet
2031 3156 2160 3197 stadia
2191 3159 2285 3204 640.
2311 3156 2326 3209 [l
2351 3180 2405 3187 ——-
2423 3156 2445 3207 ἡ
2468 3158 2495 3195 Β
2510 3173 2560 3211 αρ
2575 3182 2589 3189 -

1357 3240 1379 3264 κ
1393 3238 1415 3263 α
1430 3224 1508 3264 ίων
1527 3224 1542 3278 ]
1573 3222 1596 3274 ἣ
1632 3222 1807 3277 Βαρκέων
1846 3220 1959 3269 cod.;
1995 3218 2146 3259 deinde
2182 3218 2300 3272 χωρὶς
2334 3231 2411 3272 pro
2441 3220 2586 3273 χωρία,

1356 3301 1438 3327 em.
1471 3286 1640 3327 Salmas,
1664 3286 1679 3338 Η
1705 3308 1762 3315 —
1795 3282 2074 3338 ἐσχισμένα
2097 3281 2111 3335 ]
2139 3279 2245 3328 fissa,
2279 3280 2307 3319 i.
2333 3294 2369 3319 e.
2404 3279 2591 3321 laciniata

1356 3363 1429 3389 ora
1465 3362 1647 3389 recessus
1686 3347 1882 3400 sinusque
1921 3343 2059 3385 efficit.
2092 3342 2327 3397 Gronovius
2362 3340 2499 3382 locum
2535 3343 2590 3385 ita

1356 3409 1736 3452 transformandum
1758 3407 1916 3463 putavit
1935 3420 1944 3447 ;
1968 3404 2048 3446 ἐστὶ
2066 3404 2106 3445 δὲ
2126 3403 2276 3459 Κυρήνη
2299 3402 2494 3459 ἀλίμενος,
2527 3404 2591 3445 καὶ

1355 3474 1482 3529 χωρία
1510 3473 1609 3513 ἐστὶν
1636 3471 1857 3526 ἐσχισμένα.
1881 3470 2008 3523 Μέχρι
2048 3466 2280 3522 Ἑσπερίδων
2301 3466 2405 3507 τάδε·
2439 3466 2590 3514 Φυκοῦς

1356 3537 1513 3586 κόλπος,
1528 3536 1619 3587 ἅνης
1635 3535 1689 3584 δέ,
1704 3533 1850 3574 collato
1864 3531 2018 3583 MelalI,
2038 3545 2061 3585 7
2079 3531 2149 3585 qui
2160 3530 2256 3570 litus
2271 3528 2445 3585 Syrtidis
2461 3543 2590 3584 usque

1355 3599 1407 3640 ad
1426 3600 1683 3654 Phycuntem
1700 3594 2034 3652 promontorium
2053 3593 2346 3650 importuosum
2363 3590 2481 3632 dixit.
2506 3592 2590 3645 11-

1355 3662 1499 3716 τάδε]
1522 3661 1637 3716 ὒψάδε
1664 3658 1776 3710 cod.;
1805 3673 1887 3699 em.
1916 3658 2103 3699 Gronov.
2131 3656 2147 3710 ΙΙ
2172 3679 2227 3686 -—-
2249 3654 2436 3702 Φυκοῦς
2473 3654 2524 3694 κό
2538 3654 2588 3693 λ-

1355 3726 1472 3780 πος]
1499 3726 1562 3764 De
1581 3721 1764 3777 ejusdem
1788 3721 1970 3762 nominis
2000 3718 2290 3775 promontorio
2321 3718 2337 3770 (
2362 3720 2444 3758 Ras
2467 3719 2550 3756 Sem
2569 3718 2584 3767 )

1356 3786 1591 3843 oppidoque
1604 3784 1657 3826 cf.
1672 3784 1818 3825 Strabo
1831 3798 1874 3838 p.
1894 3783 1989 3837 837,
2004 3781 2178 3823 Ptolem.
2192 3795 2236 3835 p.
2255 3780 2351 3834 273,
2370 3776 2581 3819 Stadiasm.

1356 3853 1378 3902 5
1400 3849 1449 3889 52
1467 3849 1482 3901 (
1498 3848 1570 3888 ubi
1592 3855 1784 3902 corrupte
1800 3846 2058 3886 Φοινικοῦντα
2076 3846 2109 3898 ),
2137 3843 2292 3885 Plinius
2312 3842 2366 3891 V,
2390 3839 2411 3879 5
2427 3870 2438 3889 ,
2460 3839 2583 3892 Syne-

1355 3913 1438 3953 sius
1460 3913 1538 3966 Ep.
1563 3924 1654 3952 1oo.
1684 3910 1700 3963 Η
1727 3933 1782 3940 ——
1801 3908 1894 3950 ἄνω
1913 3907 1995 3962 δὲ]
2023 3906 2114 3958 ἄνης
2138 3905 2178 3946 δὲ
2194 3903 2304 3952 cod.;
2330 3915 2409 3942 em.
2435 3899 2539 3940 Gail.
2563 3900 2578 3951 11

1354 3973 1604 4027 -κῆπος]
1625 3972 1768 4019 κόλπος
1784 3970 1895 4021 cod.;
1919 3985 2000 4010 em.
2018 3968 2140 4010 Salm.
2175 3968 2191 4021 ΙΙ
2210 3990 2265 3997 -·
2287 3963 2431 4019 βαθὺς
2454 3960 2580 4014 κτλ]

1355 4032 1515 4084 ξαθὸς...
1543 4034 1725 4090 ὀργυῶν..
1755 4032 1971 4089 μεμήκυλα,
1999 4031 2121 4085 σύμνα
2151 4027 2304 4077 codex3
2330 4039 2410 4065 em.
2432 4023 2582 4064 Salma-

2426 4104 2456 4133 G.
