2782 4348
108 132 208 193 (5³.)

111 238 301 294 ποταμοῦ
331 234 401 280 καὶ
429 232 571 293 λιμήν.
639 231 760 278 Μετὰ
790 232 832 276 δὲ
861 231 982 284 Λίξον
1023 233 1185 294 Κροίὸις
1212 252 1343 279 ποτα-

114 302 188 360 μὸς
210 303 280 348 καὶ
301 301 426 363 λιμὴν
444 301 515 347 καὶ
537 299 654 352 πόλις
670 298 878 346 Φοινίκων
902 300 1172 363 Θυμιατηρία
1196 301 1340 360 ὄνομα.

72 363 75 365 ’
113 371 212 416 Ἀπὸ
246 368 569 432 Θυμ.ιατηρίας”ι
602 369 655 419 εἷς
703 366 909 413 Σολόεντα
949 367 1099 430 ἄκραν,
1136 369 1163 424 ἢ
1206 370 1342 431 ἀνέχει

112 440 294 498 μάλιστα
313 441 368 489 εἷς
390 438 458 482 τὸν
490 436 651 482 πόντον.
716 439 803 492 Τῆς
831 436 874 481 δὲ
898 437 1058 493 Λιὸύης
1092 445 1206 483 πᾶσα
1237 438 1340 494 αὕτη

111 512 137 562 ἡ
175 507 292 570 χώρα
327 505 636 566 ὀνομαστοτάτη
672 504 744 551 καὶ
777 506 996 567 ἱερωτάτη.
1073 506 1173 553 Ἐπὶ
1210 506 1252 552 δὲ
1283 510 1341 570 τῷ

113 574 352 638 ἀκρωτηρίῳ
382 577 454 629 τῆς
474 574 601 636 ἄκρας
631 573 772 619 ἔπεστι
794 574 936 636 βωμὸς
958 574 1107 636 μέγας,
1138 575 1281 631 ποινής
1297 578 1341 633 ⁴⁸,

107 645 379 697 Ποσειδῶνος.
449 643 521 690 Ἐν
550 643 594 689 δὲ
613 646 671 707 τῷ
705 647 834 705 βωμῷ
857 643 935 689 εἶσὶ
967 643 1246 706 γεγραμμένοι
1271 646 1341 689 ἀν-

103 712 306 772 δριάντες,
330 712 505 773 λέοντες,
528 714 722 774 δελφῖνες·
742 712 948 759 Δαίδαλον
968 712 1011 758 δέ
1035 731 1137 774 φασι
1156 717 1340 769 ποιῆσαι.

108 780 209 827 Ἀπὸ
233 782 289 826 ’δὲ
325 782 544 834 Σολόεντος
582 782 711 845 ἄκρας
745 781 932 842 ποταμός
967 784 1097 840 ἐστιν,
1141 776 1175 845 ᾧ
1213 782 1341 843 ὄνομα

103 851 240 899 -Ξιῶν,
310 851 414 913 Περὶ
436 856 576 896 τοῦτον
600 851 667 896 τὸν
692 851 879 911 ποταμὸν
905 855 1177 914 περιοικοῦσιν
1201 852 1360 898 Λῖθίο»

106 938 179 971 πες
215 919 330 981 ἱεροί.
401 919 525 966 Κατὰ
567 920 608 965 δὲ
647 925 778 966 ταῦτα
821 921 942 976 νῆσός
961 924 971 959 ¹2
990 923 1113 977 ἐστιν,
1150 925 1176 982 ᾗ
1212 921 1340 980 ὄνομα

93 987 263 1050 ῥΚέρνη.
333 989 588 1051 Παράπλους
611 989 653 1034 δὲ
679 990 761 1035 ἀπὸ
791 989 1049 1051 Ἡρακλείων
1085 991 1246 1044 στηλῶν
1274 991 1340 1036 ἐπὶ

108 1055 318 1118 Ἑρμαῖαν
364 1058 494 1119 ἄκραν
545 1061 710 1120 ἡμερῶν
750 1057 834 1104 δύο.
916 1059 1013 1104 Ἀπὸ
1051 1059 1092 1104 δὲ
1135 1056 1341 1121 Ἑρμαίας

110 1125 238 1188 ἄκρας
260 1130 314 1179 εἷς
355 1127 559 1174 Σολόεντα
585 1127 715 1190 ἄκραν
740 1127 980 1189 παράπλους
1014 1132 1179 1192 ἡμερῶν
1198 1132 1337 1191 τριῶν.

111 1195 210 1240 Ἀπὸ
229 1194 270 1240 δὲ
291 1197 512 1248 Σολόεντος
529 1199 585 1248 εἷς
609 1197 765 1260 Κέρνην
780 1197 1020 1260 παράπλους
1036 1201 1201 1259 ἡμερῶν
1221 1198 1338 1243 ἑπτά.

109 1265 287 1323 Σύμπας
316 1265 357 1310 δὲ
382 1269 402 1310 ὁ
437 1266 678 1326 παράπλους
707 1260 820 1319 οῧτός
854 1269 939 1312 ἐστι
974 1266 1056 1311 ἀπὸ
1081 1266 1339 1327 “Ηρακλείων

109 1337 270 1390 στηλῶν
292 1337 347 1386 εἷς
369 1335 529 1396 Κέρνην
554 1339 674 1390 νῆσον
694 1340 856 1398 ἡμερῶν
882 1335 1057 1383 δώδεκα.
1125 1339 1212 1392 Τῆς
1233 1337 1338 1399 Κέρ-

106 1423 175 1459 νης
195 1403 237 1448 δὲ
258 1404 380 1458 νήσου
404 1403 454 1448 τὰ
485 1405 672 1449 ἐπέκεινα
695 1406 830 1451 οὐκέτι
849 1406 936 1451 ἐστὶ
965 1406 1110 1451 πλωτὰ
1131 1406 1198 1451 διὰ
1236 1411 1336 1469 βρα-

105 1472 267 1533 χύτητα
291 1473 496 1528 θαλάττης
519 1474 589 1517 καὶ
614 1474 745 1528 πηλὸν
773 1475 844 1520 καὶ
867 1480 1005 1537 φῦκος.
1073 1474 1199 1522 Ἔστι
1221 1475 1262 1520 δὲ
1293 1475 1338 1520 τὸ

101 1649 292 1704 Γαδείροις
318 1648 413 1704 μετὰ
431 1647 500 1699 τὴν
525 1648 724 1690 ’Ἄτλαντα-
752 1650 817 1690 καὶ
836 1652 950 1701 νῆσος
966 1649 1168 1698 Ἄτλαντος
1187 1650 1252 1691 καὶ
1270 1646 1340 1692 πό-

98 1713 160 1760 λις
178 1712 302 1768 Λὺγξ,
334 1713 384 1760 ὡς
408 1711 675 1767 Ἀρτεμίδωρος
709 1712 920 1769 (Pravum
947 1716 1107 1755 Artem.
1133 1715 1341 1769 exemplar

100 1776 330 1830 Stephanus
357 1774 593 1816 adhibuisse
615 1775 823 1830 videtur).
846 1776 964 1817 Idem
994 1776 1084 1824 Λίξα
1098 1808 1109 1827 ,
1141 1777 1251 1824 πόλις
1273 1778 1339 1818 Λι-

101 1840 191 1892 ὅὺης
206 1871 216 1890 ,
234 1840 284 1887 ὣς
309 1838 545 1895 Ἀλέξανδρος
575 1838 613 1880 ἐν
636 1838 676 1880 α’
698 1840 885 1891 Λι6υκῶν,
909 1840 983 1882 ἀπὸ
1002 1840 1114 1889 Λίξου
1143 1844 1334 1896 ποταμοῦ.

100 1901 291 1942 Fluvium
323 1902 438 1948 Λίζαν
487 1901 703 1957 appellavit
741 1903 954 1943 Hecataeus
995 1902 1047 1943 fr.
1088 1904 1194 1953 328;
1227 1917 1340 1944 nunc

101 1964 257 2004 Arabes
285 1972 435 2004 vocant
457 1967 554 2012 Kos,
582 1964 713 2004 Alkos
733 1972 773 2004 et
791 1964 942 2005 Lukos.
970 1965 1083 2005 Urbs
1108 1964 1161 2005 ad
1183 1973 1337 2005 utram-

101 2039 181 2079 que
217 2026 331 2066 ssuvii
364 2026 497 2080 ripam
527 2026 604 2066 sita
636 2035 745 2076 erat3
771 2026 946 2067 borealis
968 2041 1063 2081 pars
1095 2027 1138 2066 in
1168 2027 1339 2067 collibus

96 2086 211 2140 juxta
243 2088 417 2127 fluvium
445 2089 646 2142 porrectis
662 2088 883 2139 aedificata,
908 2089 1032 2128 etiam
1064 2103 1177 2128 nunc
1208 2089 1338 2128 ruinis

100 2150 327 2203 spectabilis
343 2180 353 2199 ,
378 2158 491 2190 vetus
511 2158 596 2190 erat
615 2151 860 2191 Phoenicum
881 2150 1006 2200 urbs;
1027 2150 1078 2190 ab
1110 2150 1235 2190 altera
1263 2151 1339 2190 flu-

102 2213 155 2252 vii
179 2213 268 2266 ripa
295 2212 475 2266 Libyum
501 2212 580 2251 vici
603 2220 746 2262 crant,
767 2221 815 2252 ut
843 2227 892 2252 ex
922 2212 1084 2266 Scylace
1117 2212 1336 2264 colligitur.

101 2275 293 2313 Ceterum
315 2274 415 2313 urbs
443 2287 529 2313 non
558 2272 610 2313 ad
639 2275 742 2314 ostia
766 2275 881 2313 fluvii
907 2282 1113 2314 exstructa
1134 2282 1240 2323 erat,
1266 2274 1339 2314 scd

100 2336 245 2389 procul
260 2335 388 2375 dubio
405 2335 545 2375 navale
563 2335 620 2375 ibi
641 2336 786 2376 Lixitae
801 2335 1023 2384 habebant,
1038 2335 1111 2374 ubi
1127 2349 1239 2374 nunc
1261 2342 1339 2375 stat

101 2397 283 2437 Laraclze
306 2411 401 2436 cum
423 2405 549 2451 portu
570 2395 693 2450 hujus
723 2411 805 2437 orae
833 2397 1006 2451 optimo.
1026 2396 1175 2436 Navale
1201 2396 1281 2436 hoc
1298 2404 1339 2436 et

99 2459 246 2498 urbem
265 2458 472 2512 duplicem
498 2458 541 2497 in
558 2472 691 2498 unum
721 2457 983 2516 conjunxisse
1005 2457 1168 2498 videtur
1185 2459 1340 2499 Corne-

100 2520 177 2561 lius
199 2522 298 2575 (ap.
323 2521 430 2561 Plin.
464 2522 519 2570 V,
559 2522 634 2573 1),
656 2521 727 2574 qui
753 2521 1033 2576 praevalidam
1068 2521 1173 2561 hanc
1202 2522 1338 2561 urbem

99 2584 368 2637 majoremque
400 2582 642 2633 Carthagine
673 2597 821 2634 magna
842 2582 963 2623 dixit.
987 2584 1041 2622 V.
1085 2583 1238 2624 Jakson
1268 2586 1339 2624 Aa

101 2647 287 2684 Account
312 2644 365 2696 os
376 2645 441 2684 llee
463 2658 566 2699 emp.
586 2643 640 2696 of
651 2644 851 2684 Mser-akko
879 2659 922 2699 p.
946 2644 996 2684 35
1014 2645 1177 2694 ;-Barth
1214 2647 1270 2685 W
1266 2661 1340 2686 (m-

100 2705 314 2757 derungen.
337 2708 372 2755 I,
394 2720 436 2760 p.
461 2718 508 2745 21
530 2719 638 2759 sqq.;
655 2707 819 2746 Movers
838 2708 894 2756 II,
915 2721 957 2761 p.
980 2706 1078 2765 539.
1103 2707 1118 2760 Η
1142 2730 1199 2737 -
1220 2707 1280 2762 Κρ
1295 2710 1338 2748 ά-

102 2768 195 2823 em]
221 2769 382 2809 Crathis
397 2770 574 2808 Mnaseae
593 2767 648 2821 (v.
669 2768 808 2824 supra)
824 2784 834 2818 ;
856 2769 1125 2823 probabiliter
1140 2769 1251 2810 idem
1267 2772 1338 2825 qui

100 2831 235 2870 Subur
254 2831 372 2880 ssuv.,
390 2830 441 2871 ad
458 2845 582 2884 quem
598 2831 878 2885 Thymiateria
901 2831 1136 2872 collocanda
1152 2840 1226 2872 est.
1252 2834 1267 2887 Ι]
1283 2858 1341 2866 —-

103 2891 166 2931 Θυ
181 2907 306 2947 ματη
322 2907 340 2947 ρ
357 2892 428 2947 ία]
456 2891 700 2947 Θυματηριὰς
733 2892 886 2943 codex;
926 2908 1008 2934 em.
1030 2894 1202 2933 Vossius
1218 2925 1229 2944 ,
1255 2895 1338 2935 col-

102 2952 182 2994 lato
203 2955 410 3009 Stephano
445 2969 484 2995 v.
511 2954 765 3009 Θυμιατηρία.
792 2955 917 3010 Apud
952 2957 1199 2996 Hannonem
1234 2958 1249 3008 (
1268 2957 1339 2998 ubi

102 3015 221 3072 vide)
240 3025 300 3056 est
315 3016 588 3072 (θυμιατήριον.
613 3017 628 3070 ΙΙ
647 3016 743 3055 -Σ
755 3031 776 3056 ο
788 3016 814 3055 λ
826 3018 846 3056 ό
860 3033 875 3056 ε
889 3033 907 3057 ν
921 3033 942 3058 τ
956 3019 1008 3073 α]
1032 3018 1226 3059 Σολόεσαν
1245 3019 1288 3060 h.
1305 3020 1333 3060 l.

104 3076 249 3128 codex,
275 3077 346 3118 sed
368 3087 509 3133 postea
527 3078 590 3118 bis
609 3078 835 3126 Σολόεντος.
858 3082 966 3120 Ante
986 3080 1110 3120 verba
1133 3080 1184 3128 εἷς
1205 3081 1250 3121 Σ.
1269 3096 1339 3121 ex-

104 3139 249 3180 cidisse
271 3140 435 3182 videtur
457 3156 497 3182 v.
532 3142 673 3192 πλοῦς,
695 3156 779 3182 non
805 3157 901 3183 vero
923 3145 1082 3184 notatio
1109 3143 1311 3185 distantiae
1325 3177 1336 3195 ‚

110 3214 235 3253 quum
268 3202 375 3243 infra
403 3203 615 3244 intervalla
640 3218 726 3244 uno
760 3206 899 3245 omnia
935 3205 1025 3246 loco
1060 3216 1337 3261 apponantur.

107 3263 223 3303 'Licet
241 3266 362 3306 etiam
378 3280 472 3306 cum
489 3268 703 3307 Gronovio
719 3268 918 3308 scribere:
939 3267 1013 3309 ἀπὸ
1030 3269 1075 3308 Θ.
1091 3268 1171 3309 ἐστὶ
1185 3270 1341 3318 Σολόεις

107 3324 218 3378 ἄκρα.
243 3326 258 3378 Η
281 3329 337 3356 '—
357 3328 550 3383 βωμὸς]
573 3328 672 3383 ἱερὸν
691 3328 843 3369 dicitur
863 3331 904 3369 in
924 3331 1140 3370 Hannonis
1159 3332 1337 3387 Periplo‚

106 3385 223 3438 quod
242 3385 293 3426 de
317 3388 402 3442 ipsa
424 3404 493 3429 ara
520 3390 814 3444 percommode
832 3393 961 3447 accipi
976 3401 1132 3447 potest,
1157 3394 1341 3449 nihilque

108 3447 229 3486 *video
255 3462 328 3488 cur
344 3449 483 3490 fanum
505 3452 557 3492 ab
579 3467 650 3493 ara
674 3452 965 3506 distinguatur.
997 3455 1012 3508 ΙΙ
1045 3479 1102 3486 -—
1129 3456 1275 3507 ποινή
1289 3458 1337 3512 ς]

108 3525 200 3564 -μεγ-
224 3511 367 3562 ποινής·
390 3513 607 3562 Ποσιδῶνος
623 3515 769 3556 codex.
788 3517 915 3557 Vocis
931 3526 1136 3572 corruptae
1150 3517 1343 3559 emenda-

110 3573 169 3611 tio
189 3580 298 3612 certa
325 3587 408 3613 non
440 3577 633 3629 suppetit.
655 3577 799 3630 πρηνής
829 3577 939 3632 conj.
961 3578 1202 3630 Salmasius,
1228 3580 1343 3634 quod

111 3634 299 3687 proxime
328 3634 456 3675 abest.
482 3637 719 3677 Gosselinus
752 3641 801 3689 Ι,
831 3653 872 3693 p.
902 3640 976 3680 103
1002 3641 1123 3681 vertit
1154 3644 1344 3697 Neptune

56 3750 58 3752 ι
112 3694 351 3743 ΡΙιείιὶσὶωι,
391 3709 474 3735 non
513 3697 771 3751 improbante
807 3701 1035 3749 Letronnio
1074 3703 1343 3755 (Rechm'clees

111 3770 186 3795 sm·
208 3755 355 3796 Dicm'l
373 3771 415 3811 p.
445 3761 537 3811 167,
575 3759 765 3800 laudante
797 3762 919 3802 etiam
947 3763 1094 3804 Casseli
1128 3764 1342 3819 cujusdam

108 3816 390 3870 conjecturam
421 3819 822 3875 Ποντοπόσειδῶνος),
851 3824 893 3863 in
909 3838 1079 3879 eamque
1099 3828 1342 3868 sententiam

116 3879 326 3919 Fabricius
362 3896 441 3922 scr.
486 3883 672 3936 φοινικίου
714 3883 810 3923 Ποσ.
854 3885 1092 3927 Clausenius
1128 3901 1138 3928 ε
1171 3888 1312 3940 Ποίνης
1328 3920 1339 3938 ,

112 3960 191 3985 (ινα
208 3961 355 3999 magna
377 3947 585 3989 Vindictae
601 3959 639 3989 et
661 3950 860 4006 Neptuni.
879 3953 1056 3993 Movers.
1075 3967 1115 4008 p.
1135 3954 1213 3994 552
1233 3968 1242 3994 :
1269 3955 1342 4006 Ζη-

1225 135 1552 183 PERIPLUS.
2586 163 2644 203 93

1415 247 1514 285 Post
1533 247 1685 287 Lixum
1706 248 1848 288 Crabis
1865 248 2013 288 fluvius
2028 262 2122 288 cum
2142 259 2286 303 portu,
2306 262 2347 293 et
2364 255 2462 298 urbs
2484 259 2646 300 Phoeni-

1414 328 1510 354 cum
1538 305 1818 369 Thymiatcria
1839 316 2051 370 appellata.
2112 319 2150 357 A
2180 319 2459 372 Thymiateria
2477 327 2646 377 naviga-

1415 380 1475 420 tio
1488 381 1542 422 ad
1563 383 1795 424 Soloentem
1817 385 2174 438 promontorium,
2208 386 2322 438 quod
2358 389 2584 441 plurimum
2603 396 2646 435 in

1415 460 1527 488 mare
1541 450 1763 502 prominet.
1825 451 1965 505 Libyae
1976 459 2115 491 autem
2133 451 2220 492 haec
2235 454 2347 505 regio
2365 462 2449 495 tota
2469 466 2528 498 est
2547 461 2647 501 celc-

1412 512 1593 556 berrima
1607 524 1648 555 et
1661 518 1894 558 sacerrima.
1956 520 2007 558 In
2028 520 2263 559 summitate
2286 535 2383 563 vcro
2406 535 2645 576 promonto-

1412 581 1466 623 rii
1493 590 1554 621 est
1582 596 1652 622 ara
1681 583 1856 636 magna*
1888 586 2086 640 Neptuno
2109 596 2359 629 consecrata.
2419 592 2468 630 In
2487 587 2647 634 ara‘ex-

1411 663 1560 704 pressa¹
1589 659 1686 691 sunt
1718 653 1905 693 virorum
1940 655 2137 708 imagines
2169 664 2208 695 et
2239 656 2374 698 leones
2408 659 2645 715 delphines;

1413 716 1568 760 Daedali
1592 734 1678 761 esse
1701 735 1806 775 opus
1840 723 1970 763 aiunt.
2031 725 2129 764 Post
2154 725 2383 768 Soloentem
2405 739 2647 783 promonto-

1412 788 1523 828 rium
1554 788 1704 829 fluvius
1725 797 1801 840 est,
1829 791 1900 843 qui
1922 791 2035 831 Xion
2059 791 2251 847 (Lixus)
2283 804 2464 838 vocatur.
2524 799 2648 841 Hunc

1413 858 1588 898 fluvium
1611 858 1960 899 circumhabitant
1992 860 2528 916 AEffliopeshmperii.Circa
2559 868 2647 910 haec

1411 935 1473 967 est
1511 927 1668 978 insula,
1695 929 1763 968 cui
1794 929 1926 969 Cerne
1963 943 2134 970 nomen.
2194 933 2477 975 Praetervectio
2518 951 2541 976 a
2564 938 2644 978 Co-

1414 994 1567 1035 lumnis
1601 997 1814 1036 Herculeis
1850 996 1903 1036 ad
1950 998 2188 1038 Hermaeum
2223 1005 2555 1053 promontorium
2585 1015 2647 1046 est

1413 1063 1577 1105 dierum
1592 1065 1789 1106 duorum.
1850 1066 1916 1107 Ab
1935 1067 2126 1107 Hermaeo
2139 1076 2275 1108 autem
2290 1075 2574 1124 promontorio
2592 1075 2645 1115 ad

1411 1132 1645 1173 Soloentem
1658 1134 1996 1188 promontorium
2015 1137 2297 1188 praetcrvectio
2320 1136 2480 1179 dierum
2500 1141 2640 1182 trium.

1411 1204 1449 1242 A
1471 1202 1663 1243 Soloente
1695 1203 1748 1244 ad
1782 1204 1943 1244 Cernen
1978 1205 2259 1258 praetervectio
2290 1204 2450 1248 dierum
2473 1219 2642 1264 septem.

1410 1273 1615 1313 Universa
1638 1281 1776 1313 autem
1810 1274 2094 1327 praetervectio
2126 1273 2177 1314 ab
2201 1275 2413 1316 Herculeis
2446 1278 2646 1321 columnis

1411 1339 1464 1380 ad
1504 1341 1665 1381 Cernen
1710 1341 1888 1381 insulam
1929 1349 1990 1382 est
2040 1340 2204 1382 dierum
2247 1342 2483 1384 duodecim.
2544 1349 2647 1398 Quae

1410 1407 1603 1462 deinceps
1640 1417 1738 1449 sunt
1765 1408 1872 1449 ultra
1909 1409 2071 1449 Cernen
2111 1409 2310 1460 insulam,
2346 1413 2526 1465 navigari
2563 1428 2647 1454 non

1410 1476 1584 1530 amplius
1612 1485 1787 1531 possunt
1809 1485 1980 1531 propter
2001 1476 2142 1517 brevia
2176 1479 2298 1518 maris
2330 1487 2370 1519 et
2399 1494 2563 1521 coenum
2589 1482 2645 1522 al-

1413 1650 1475 1697 νὸς
1486 1650 1738 1697 Ποσειδῶνος.
1756 1652 1811 1690 At
1823 1649 1954 1690 codex
1969 1651 2103 1704 arguit
2114 1649 2361 1704 adjectivum
2373 1652 2416 1690 in
2429 1651 2492 1702 ⁷533
2506 1667 2556 1693 an
2569 1654 2644 1707 βω-

1414 1712 1483 1767 μὸς
1504 1712 1827 1768 μεγαλοπρεπήςὶ)
1851 1713 1866 1767 Ι]
1886 1737 1943 1743 -
1962 1711 1985 1751 ἀ
1998 1727 2015 1753 ν
2030 1713 2050 1751 δ
2061 1728 2080 1767 ρ
2094 1728 2104 1752 ι
2116 1713 2138 1751 οἱ
2149 1728 2166 1753 ν
2180 1728 2227 1753 τε
2240 1714 2284 1768 ς]
2304 1714 2344 1754 Si
2368 1715 2543 1766 genuina
2565 1730 2646 1755 vox

1410 1775 1640 1828 significare
1654 1775 1778 1815 debet
1791 1768 2010 1815 hominum
2026 1775 2192 1829 figuras,
2212 1775 2408 1830 ἐλέφαντες
2420 1775 2528 1830 conj.
2551 1778 2644 1817 Μο-

1410 1850 1516 1878 vers.
1544 1836 1669 1893 Apud
1691 1837 1926 1878 Fabricium
1941 1836 2072 1891 legere
2087 1845 2147 1877 est
2163 1836 2308 1892 ἄνδρες,
2326 1839 2516 1893 γυναῖκες.
2548 1838 2563 1892 ll
2590 1862 2646 1869 —

1409 1898 1470 1938 Δα
1487 1900 1528 1938 ίδ
1541 1899 1599 1939 αλ
1609 1915 1630 1939 ο
1643 1901 1686 1955 ν]
1703 1902 1737 1940 Ε
1749 1899 1903 1940 Daedali
1917 1900 2126 1940 mentione
2140 1901 2368 1940 Moversius
2381 1900 2532 1953 colligit
2543 1900 2643 1955 ἱερὸν

1409 1961 1519 2001 istud
1546 1963 1838 2017 perantiquum
1857 1971 1898 2002 et
1919 1962 1971 2002 ab
1991 1963 2206 2002 Hannonis
2222 1977 2292 2003 ara
2309 1962 2644 2016 distinguendum

1409 2037 1510 2073 esse,
1528 2023 1723 2064 levidensi
1741 2024 1862 2063 nixus
1877 2033 2119 2078 argumento
2140 2025 2155 2078 Η
2175 2049 2231 2055 -
2246 2024 2278 2064 Ξ
2289 2040 2300 2063 ι
2310 2029 2342 2064 ὥ
2355 2026 2396 2079 ν]
2419 2026 2475 2065 sic
2490 2025 2640 2075 codex;

1409 2099 1494 2125 esse
1538 2087 1711 2126 fluvium
1743 2085 1853 2133 Λίξον
1888 2087 2103 2126 Hannonis
2134 2085 2315 2127 dubitari
2352 2088 2517 2140 nequit;
2542 2101 2643 2127 num

1409 2148 1545 2202 ipsum
1575 2148 1656 2187 hoc
1687 2162 1841 2187 nomen
1874 2147 2162 2202 reponendum
2191 2149 2243 2188 sit
2256 2179 2268 2198 ,
2300 2150 2512 2202 quaeritur.
2547 2150 2562 2203 ΙΙ
2588 2173 2644 2179 -

1410 2209 1451 2249 ‘ts
1466 2210 1571 2264 ροὶ]
1598 2209 1762 2264 ἑσπέριοι
1794 2208 1969 2263 conjecit
2001 2210 2307 2250 Slothouwerus
2343 2211 2545 2263 eleganter
2567 2226 2643 2253 nee

1411 2271 1750 2326 improbabiliter,
1774 2286 1903 2325 quum
1929 2273 2149 2326 Hesperios
2172 2272 2246 2311 hos
2271 2272 2481 2325 AEthiopes
2506 2275 2641 2314 vocari

1411 2341 1586 2373 constet.
1611 2334 1626 2386 Η
1645 2357 1702 2363 ——
1717 2333 1802 2386 Κέρ
1813 2348 1831 2372 ν
1842 2335 1882 2387 η]
1899 2333 2038 2387 Κέρνης
2053 2332 2197 2372 codex.
2215 2333 2335 2372 Nulla
2350 2333 2406 2372 ibi
2423 2333 2553 2374 insula
2564 2343 2638 2376 est.

1409 2397 1569 2435 Verum
1589 2409 1719 2449 usque
1751 2395 1804 2435 ad
1822 2395 2030 2435 desertum
2048 2396 2143 2435 satis
2165 2404 2265 2435 nota
2295 2404 2382 2435 erat
2413 2397 2638 2450 navigatio,

1408 2457 1603 2498 ulteriora
1630 2472 1716 2497 non
1747 2471 1866 2511 posse
1899 2458 2080 2510 navigari
2108 2466 2324 2498 nautarum
2347 2466 2642 2500 mercatorum-

1408 2534 1489 2574 que
1505 2520 1821 2560 narratiunculis
1836 2519 2056 2568 ferebatur,
2067 2519 2253 2559 ultimam
2271 2527 2406 2559 autem
2419 2521 2643 2574 navigatio·

1408 2597 1504 2622 nem
1526 2596 1656 2636 usque
1679 2581 1731 2622 ad
1753 2583 1914 2622 Cernen
1940 2582 2146 2636 pertinere
2171 2589 2259 2621 erat
2277 2580 2382 2621 sama
2402 2593 2412 2621 z
2441 2595 2538 2634 ergo
2560 2582 2643 2623 huc

1409 2645 1540 2685 Cerne
1555 2643 1748 2698 ponenda
1773 2652 1875 2684 erat.
1898 2644 1914 2697 1]
1943 2668 2001 2674 —
2020 2642 2044 2694 ἣ
2060 2658 2113 2698 με
2127 2647 2187 2698 ρίἶ)
2199 2657 2218 2683 ν
2246 2643 2267 2681 δ
2279 2643 2344 2693 ώδ
2359 2658 2375 2682 ε
2387 2643 2472 2697 κα]
2491 2642 2530 2694 ἣ.
2553 2645 2642 2685 δέκα

1409 2706 1475 2746 ’δύο
1492 2706 1640 2746 codex.
1658 2706 1959 2746 Distantiarum
1987 2705 2145 2745 notatio
2163 2704 2269 2745 bene
2292 2704 2431 2744 habet.
2456 2705 2471 2758 Η
2490 2728 2547 2735 —
2569 2721 2589 2744 0
2601 2705 2642 2744 ὖ-

1411 2770 1513 2809 κέτι
1546 2768 1649 2809 ἐστὶ
1680 2768 1879 2822 πλωτά]
1920 2788 1936 2803 κ
1962 2769 2041 2808 Hic
2072 2766 2159 2821 jam
2190 2781 2454 2807 communem
2480 2782 2643 2821 geogra-

1407 2831 1589 2885 phorum
1630 2844 1788 2870 morem
1817 2830 2002 2870 imitatur
2032 2829 2175 2884 Scylax
2191 2860 2202 2879 ,
2239 2830 2310 2883 qui
2347 2843 2478 2883 quum
2509 2829 2561 2869 ad
2597 2844 2643 2870 ea

1381 2923 1388 2929 .
1409 2892 1691 2943 devenissent,
1723 2906 1901 2946 quarum
1930 2891 2084 2931 nullam
2110 2890 2309 2931 haberent
2338 2891 2639 2944 cognitionem,

1409 2963 1457 2996 ut
1483 2956 1784 3009 ignorationem
1807 2968 1923 2994 suam
1950 2954 2028 2994 hac
2059 2954 2103 2993 in
2130 2962 2245 3008 parte
2274 2961 2535 3002 excusarent,
2572 2967 2642 2992 ne-

1409 3017 1494 3057 scio
1519 3032 1610 3071 quae
1643 3031 1727 3057 non
1750 3015 1928 3056 absurda
1952 3015 2159 3069 fingebant
2180 3015 2269 3055 loca
2300 3023 2400 3054 aestu
2421 3023 2460 3054 et
2494 3013 2642 3067 frigore

1410 3089 1576 3130 exusta,
1612 3079 1708 3119 seris
1735 3079 1875 3133 plena,
1913 3079 2033 3118 vastis
2064 3077 2196 3117 obsita
2217 3076 2451 3125 montibus,
2475 3076 2643 3130 insuper

1410 3143 1518 3196 alga,
1537 3157 1677 3192 coeno,
1707 3142 1908 3194 variisque
1928 3148 2210 3180 monstrorum
2226 3138 2441 3192 generibus
2473 3137 2638 3179 referta.

1410 3205 1476 3245 Sic
1498 3219 1564 3259 ap.
1583 3203 1784 3245 Herodot.
1801 3203 1877 3252 IV,
1897 3202 1947 3249 43
1977 3203 2159 3255 Sataspes
2178 3199 2288 3254 apud
2306 3213 2442 3252 regem
2461 3200 2641 3239 Xerxem

1411 3275 1576 3307 excusat
1594 3281 1657 3316 se,
1676 3264 1789 3320 quod
1819 3264 1987 3303 ulterius
2016 3277 2099 3302 non
2114 3261 2355 3316 processerit
2383 3260 2611 3314 navigando
2627 3291 2639 3311 ,

1411 3330 1608 3383 quoniam
1657 3327 1865 3380 navigium
1915 3325 2176 3374 retineretur,
2213 3323 2412 3363 nimirum
2445 3322 2533 3376 alga
2571 3330 2643 3363 aut

1411 3406 1544 3432 coeno.
1581 3390 1751 3443 Egregie
1766 3387 1817 3428 de
1842 3388 1918 3429 hac
1939 3401 1984 3427 re
2005 3386 2247 3427 Plutarchus
2263 3385 2387 3426 Thes.
2408 3385 2499 3425 init.
2531 3398 2541 3425 :
2574 3384 2641 3426 Ἐν

1411 3455 1494 3501 ταῖς
1511 3452 1818 3508 γεωγραφίαις...
1849 3450 1886 3490 οἱ
1901 3448 2087 3504 ἱστορικοὶ
2105 3448 2153 3489 τὰ
2174 3448 2428 3503 διαφεύγοντα
2450 3445 2519 3497 τὴν
2540 3451 2642 3501 γνῶ-

1412 3531 1469 3556 σιν
1494 3515 1615 3555 αὐτῶν
1640 3515 1721 3560 τοῖς
1755 3512 1931 3567 ἐσχάτοις
1954 3512 2079 3566 μέρεσι
2108 3514 2183 3551 τῶν
2206 3510 2376 3551 πινάκων
2400 3510 2639 3564 πιεζοῦντες,

1413 3578 1524 3625 ἐνίοις
1539 3577 1848 3632 παραγράφουσιν
1874 3576 1934 3615 ὅτι
1952 3573 2000 3615 τὰ
2020 3573 2191 3614 ἐπέκεινα
2207 3573 2308 3618 θῖνες
2322 3571 2475 3626 ἄνυδροι
2495 3570 2559 3610 καὶ
2575 3571 2642 3621 θη-

1412 3640 1595 3696 ριώδειςῆ
1626 3638 1747 3690 πηλὸς
1767 3636 1899 3688 ἀϊδνὴς
1917 3637 1940 3689 ἢ
1958 3635 2141 3677 Σκυθικὸν
2162 3634 2309 3690 κρύοςῆ
2336 3633 2501 3687 πέλαγος
2522 3646 2641 3681 πεπη-

1412 3704 1494 3757 γός.
1512 3702 1707 3742 Tatianus
1720 3699 1827 3741 Adv.
1845 3701 1921 3741 Gr.
1944 3714 1988 3754 p.
2017 3698 2093 3752 159
2113 3711 2123 3737 t
2145 3697 2193 3738 Οἱ
2211 3695 2277 3753 μὲν
2295 3691 2361 3736 οὖν
2386 3695 2450 3742 τὰς
2468 3707 2643 3748 γεωγρα-

1412 3766 1496 3820 φίας
1522 3763 1811 3815 ἐκπονήσαντες,
1836 3763 1966 3817 μέχρις
1983 3757 2030 3813 ἦν
2061 3759 2221 3801 δυνατὸν
2243 3758 2443 3812 ἀνθρώπῳ,
2466 3759 2540 3795 τῶν
2559 3768 2641 3807 χω-

1414 3829 1503 3882 ρίων
1524 3825 1592 3877 τὴν
1611 3823 1832 3881 ἀναγραφὴν
1855 3823 2099 3875 ἐποιήσαντο·
2118 3822 2165 3863 τὰ
2185 3822 2218 3861 δ’
2243 3821 2410 3861 ἐπέκεινα
2429 3817 2554 3870 λέγειν
2574 3813 2642 3854 οὒκ

1415 3889 1570 3943 ἔχοντες
1588 3887 1651 3927 διὰ
1669 3888 1713 3927 τὸ
1731 3886 1916 3927 ἀδύνατον
1940 3889 2006 3937 τῆς
2022 3885 2190 3939 θεωρίας,
2211 3882 2400 3937 ἀμπώτεις
2418 3878 2639 3934 ᾐτιάσαντο,

1413 3952 1478 3993 καὶ
1498 3951 1698 3992 Οαλασσῶν
1723 3948 1791 4000 τὴν
1817 3949 1882 4004 μὲν
1900 3949 2095 4003 πρασώδη,
2118 3945 2186 3996 τὴν
2202 3944 2242 3985 δὲ
2263 3943 2439 3995 πηλώδη,
2458 3940 2584 3981 τόπων
2601 3938 2644 3980 δὲ
