2808 4342
500 16 552 72 0
817 67 820 69 Α

715 104 766 151 0.

190 190 283 235 aes

534 247 582 290 ο

186 283 317 349 μικρὰ
335 283 548 333 Ἀπόκοπα
564 283 636 330 καὶ
656 282 819 344 μεγάλα
842 284 917 337 τῆς
938 278 1123 333 Ἀζανίας
1140 280 1164 304 ⁴⁵
1187 277 1256 325 διὰ
1286 282 1421 341 ἀγκυ-

187 353 385 418 ροόολίων
404 353 586 415 ποταμοὶ
599 354 622 376 ⁸
641 351 710 396 ἐπὶ
728 349 903 412 δρόμους
925 347 967 401 ἓξ
989 347 1089 410 παρ’
1107 346 1232 393 αὑτὸν
1249 347 1332 404 ἤδη
1349 348 1419 396 τὸν

188 422 288 470 λίόα
304 442 315 452 ·
334 415 421 468 εἶτα
448 419 645 480 Αἰγιαλὸς
671 418 743 464 καὶ
766 416 910 478 μικρὸς
933 414 1005 461 καὶ
1025 414 1155 476 μέγας
1178 417 1244 461 ἐπ’
1269 415 1421 469 ἄλλους

240 555 356 609 §15-
384 552 463 594 διὰ
488 547 871 606 ἅγκυροὸολίων
902 547 1165 605 ποταμοὶ]
1186 549 1254 591 Sic
1267 549 1427 603 codex;

183 617 228 658 in
253 616 370 658 editt.
393 612 565 667 ποταμὸς
594 625 671 666 pro
704 609 889 666 ποταμοί.
917 611 1055 652 Locus
1082 611 1254 653 mutilus
1277 626 1426 668 quam·

181 692 280 720 nam
303 677 386 718 sere
407 677 449 716 in
471 672 714 714 sententiam
750 670 985 728 explendus
1011 673 1080 724 sit,
1103 672 1282 715 aliorum
1315 674 1426 716 loco·

181 753 276 781 rum
300 735 552 792 comparatio
569 733 835 775 subindicare
851 733 1030 786 videtur,
1052 737 1138 789 utS
1156 738 1227 787 24,
1248 734 1320 777 ubi
1346 749 1357 778 :
1379 738 1424 778 τὸ

180 800 223 841 δὲ
249 799 431 854 ἐμπόριον
453 796 478 849 ὴ
498 796 637 844 movi-<a
657 795 844 852 ἀλίμενον
869 795 954 853 μὲν,
979 795 1144 839 εὕσαλον
1163 796 1204 839 δὲ
1228 796 1294 838 καὶ
1316 794 1423 852 εὔορ-

183 877 257 917 μον
279 861 343 901 διὰ
371 859 420 902 τὰ
450 859 537 916 περὶ
562 857 681 910 αὐτὴν
701 858 900 916 ἀμμόγεια
928 858 1207 915 ἀγκυροὸόλια.
1238 860 1428 901 Fortasse

179 924 304 979 igitur
319 922 529 977 legebatur
648 920 840 964 Ἀπόκοπα
855 924 923 974 τῆς
946 921 1114 971 Ἀζανίας
1126 953 1138 973 ,
1157 921 1324 977 άλίμενα
1339 920 1424 977 μὲν,

181 984 325 1027 εὕσαλα
346 985 387 1025 δὲ
413 985 477 1025 διὰ
499 984 545 1026 τὸ
569 983 675 1039 ἔχειν
704 983 997 1040 άγκυροὸολίων
1020 984 1174 1034 τόπους,
1199 983 1260 1025 vel
1284 982 1429 1025 εὕσαλα

179 1046 221 1088 δὲ
248 1046 311 1087 διὰ
331 1045 614 1102 ἀγκυροὸόλια,
635 1045 762 1097 ἠιόνες
779 1045 987 1102 ἀπότομοι,
1017 1045 1079 1087 vel
1101 1045 1179 1087 tale
1196 1044 1314 1102 quid.
1337 1045 1430 1088 Flu-

181 1108 272 1149 vius
295 1109 337 1149 in
357 1116 446 1150 toto
475 1108 555 1150 hoc
577 1116 711 1150 tractu
729 1107 866 1150 nullus
887 1115 964 1149 est.
988 1109 1191 1150 Praeterea
1218 1108 1342 1150 verba
1367 1104 1426 1150 ἐπ’

182 1170 297 1212 αὗτὸν
317 1169 392 1223 ἤδη
408 1170 477 1213 τον
495 1171 589 1211 λί6α
607 1179 701 1227 post.
717 1171 841 1212 verba
858 1173 926 1222 τῆς
945 1168 1061 1222 ἀκτῆς
1077 1168 1128 1218 εἰς
1143 1170 1256 1211 νότον
1276 1169 1430 1225 ὑποχω-

181 1232 319 1287 ροὺσης
351 1231 414 1274 ἐπὶ
435 1232 573 1275 πλεῖον
593 1233 870 1289 corruptelam
900 1232 1069 1289 alteram
1094 1246 1268 1286 arguere
1297 1232 1426 1274 videri

180 1295 356 1351 possint,
377 1294 482 1337 adeo
513 1303 559 1337 ut
584 1296 807 1351 suspiceris
833 1295 920 1336 haec
944 1293 998 1336 ad
1019 1302 1258 1350 sequentem
1289 1296 1427 1350 potius

182 1355 363 1413 αἰγιαλὸν
398 1356 647 1400 retrahenda
668 1371 755 1398 esse
776 1356 1078 1412 legendumque
1097 1370 1107 1398 ε
1140 1354 1227 1398 εἶτα
1250 1357 1336 1413 παρ’
1360 1356 1426 1398 αὖ·

180 1425 250 1468 τὸν
276 1426 351 1480 ἤδη
367 1427 443 1485 ιτὶιν
467 1427 560 1468 Mea
579 1426 758 1483 αἰγιαλὸς
779 1427 866 1469 κτλ.
891 1429 945 1469 At
965 1426 1071 1468 bene
1096 1426 1221 1468 habet
1249 1426 1424 1481 vulgata,

180 1489 311 1532 modo
342 1490 530 1532 locorum
553 1490 757 1532 rationem
791 1498 948 1546 spectes
977 1490 1224 1531 accuratius.
1257 1492 1350 1542 Qua
1384 1490 1426 1531 in

181 1550 509 1594 discriminanda
542 1553 699 1595 innitor
717 1554 764 1594 F.
782 1554 836 1593 N.
857 1551 1004 1593 Owcni
1023 1551 1144 1606 Angli
1166 1565 1324 1608 mappae
1343 1567 1427 1594 orae

180 1613 307 1669 hujus
334 1615 567 1665 maritimae,
587 1623 629 1656 et
655 1613 841 1670 ejusdem
870 1629 995 1671 opere
1015 1614 1131 1670 quod
1155 1615 1423 1657 inscribitur:

182 1677 414 1718 Narrative
434 1676 490 1730 of
505 1691 679 1732 vav-ages
701 1686 744 1718 to
761 1676 927 1735 explere
943 1677 1009 1718 the
1028 1677 1173 1719 shores
1190 1677 1245 1732 os
1253 1677 1422 1731 Africa,

183 1738 348 1779 Ambio
368 1737 455 1779 ancl
473 1737 767 1790 Madagascur,
786 1738 1025 1796 performed
1051 1738 1094 1779 in
1123 1741 1183 1780 H.
1219 1741 1283 1781 M.
1307 1739 1426 1796 ships

183 1802 315 1841 leven
342 1799 430 1840 and
449 1803 705 1841 Barracouea
738 1809 818 1842 etc.
849 1800 1080 1854 (London.
1116 1801 1276 1854 1833).
1309 1802 1427 1842 Owe-

99 1896 104 1902 .
181 1863 279 1904 nius
293 1863 420 1917 igitur
439 1862 467 1904 l.
488 1862 516 1904 l.
538 1871 639 1904 tom.
665 1865 701 1914 1,
719 1877 763 1919 p.
787 1864 868 1913 354
887 1865 940 1905 ita
963 1863 1087 1905 habet
1107 1876 1118 1905 ε
1149 1883 1166 1899 ι
1189 1862 1307 1906 After
1334 1877 1426 1919 pas·

183 1924 276 1979 sing
304 1924 470 1966 nasoun
507 1925 609 1981 [ubi
626 1927 773 1981 Opone
792 1925 972 1981 Peripli]
999 1940 1061 1966 we
1081 1926 1122 1967 in
1150 1940 1230 1966 one
1252 1924 1332 1981 day
1352 1940 1426 1967 ran

183 1984 309 2028 down
340 1986 469 2028 about
489 1987 627 2043 eighty
659 1987 773 2028 miles
795 1986 846 2027 os
865 1996 993 2038 coast,
1027 2002 1071 2029 as
1106 1986 1190 2028 sare
1218 2002 1262 2028 as
1287 1990 1369 2029 Ros
1392 1987 1431 2028 el

183 2046 326 2102 Khyle.
352 2049 444 2090 The
469 2048 603 2090 whole
631 2049 753 2090 shore
775 2064 858 2090 was
877 2049 1004 2105 rocky
1023 2049 1105 2091 and
1126 2050 1297 2105 varying
1321 2049 1428 2091 from

184 2122 267 2153 200
284 2118 328 2151 to
355 2114 438 2160 400
453 2110 552 2153 seets
572 2112 613 2152 in
637 2112 768 2166 hight.
795 2112 899 2153 This
918 2114 952 2153 is
967 2112 1119 2154 known
1138 2112 1191 2168 by
1212 2113 1281 2153 the
1296 2112 1429 2155 Arabs

182 2186 228 2214 as
240 2173 404 2214 Hazine
421 2187 470 2214 or
486 2173 611 2224 mugla
624 2172 801 2224 ground.
822 2174 1069 2215 Southward
1085 2174 1134 2215 os
1145 2176 1224 2215 nas
1240 2174 1276 2215 el
1294 2174 1430 2229 Khyle

183 2233 219 2274 is
239 2233 318 2287 Sef
343 2233 490 2285 Tweel,
513 2233 583 2274 the
604 2233 699 2274 bald
729 2248 779 2274 or
805 2233 1012 2289 declining
1049 2235 1189 2285 shore,
1212 2234 1294 2275 and
1325 2235 1430 2276 aster

182 2294 270 2337 that
283 2296 422 2338 Herab
436 2311 485 2338 or
503 2297 797 2338 mountainous
815 2305 1007 2353 country.
1030 2317 1046 2333 ι
1064 2299 1112 2338 In
1130 2311 1278 2353 mappa
1292 2306 1429 2339 autem

182 2370 255 2400 ora
272 2359 328 2399 ita
346 2367 407 2400 est
421 2357 639 2409 delineata,
663 2369 709 2400 ut
729 2358 826 2400 inde
843 2360 895 2401 ab
918 2363 1000 2402 Bas
1020 2359 1192 2414 Hasoun
1209 2369 1320 2401 recta
1334 2374 1430 2402 cur-

181 2428 245 2461 rat
261 2419 475 2461 meridiem
494 2434 635 2462 versus
654 2436 728 2477 per
744 2426 827 2463 600
859 2422 943 2463 sere
960 2421 1092 2463 stadia
1110 2436 1239 2477 usquc
1262 2422 1313 2463 ad
1327 2423 1333 2426 '
1346 2425 1430 2464 Bas

182 2482 331 2525 Mabcr
350 2496 424 2523 seu
454 2482 660 2532 Malaber,
691 2483 789 2524 hinc
818 2493 955 2525 autem
979 2482 1210 2541 paullulum
1241 2483 1432 2526 deflectat

182 2559 323 2586 versus
340 2558 534 2586 occasum
554 2553 594 2586 et
614 2554 823 2601 praerupta
837 2560 924 2587 esse
940 2547 1124 2602 incipiat.
1148 2548 1291 2601 Itaque
1308 2546 1431 2588 verba

182 2610 249 2659 τῆς
272 2606 388 2658 ἀκτῆς
411 2606 463 2655 εἰς
487 2607 555 2648 τὀν
581 2608 694 2648 νότον
717 2607 997 2664 ὓποχωρουσης
1021 2607 1083 2650 ἐπὶ
1115 2609 1252 2650 πλεῖον
1285 2608 1431 2649 intelli-

183 2669 315 2723 genda
342 2678 440 2710 sunt
469 2669 521 2710 de
537 2684 586 2711 eo
606 2678 758 2721 tractu,
775 2672 847 2726 qui
864 2671 916 2712 ab
938 2673 1087 2726 Opone
1101 2673 1280 2727 pertinet
1301 2685 1431 2726 usque

183 2730 236 2772 ad
250 2733 328 2771 nas
344 2732 490 2772 Maber
509 2740 547 2772 et
563 2731 613 2772 ad
634 2733 798 2774 initium
820 2738 895 2774 τῶν
918 2732 1140 2776 Ἀποκόπων
1156 2750 1166 2783 ;
1186 2735 1273 2791 ipsa
1290 2729 1428 2776 antem

189 2790 380 2834 Ἀπόκοπα
412 2792 610 2835 dicuntur
639 2796 715 2835 sita
738 2811 823 2836 csse
853 2797 942 2851 παρ’
970 2796 1085 2838 αὐτὸν
1113 2796 1186 2849 ἤδη
1220 2797 1287 2838 τὸν
1319 2797 1426 2838 λίὸα.

185 2854 423 2908 Longitudo
433 2856 595 2895 [luzinc
606 2858 690 2897 sive
700 2849 900 2913 pra-rupti
918 2858 1063 2909 litoris,
1078 2873 1208 2914 usque
1223 2858 1273 2900 ad
1291 2873 1409 2914 prom
1418 2891 1427 2900 .

182 2917 224 2958 e!
234 2916 360 2971 Kleylc
377 2918 572 2972 porrecti,
588 2918 817 2959 stadiorum
837 2929 899 2960 est
915 2920 998 2960 sere
1019 2924 1125 2969 ¹400
1141 2921 1236 2961 inde
1251 2936 1273 2961 a
1290 2935 1427 2976 prom.

184 2979 360 3028 Mabem
382 2979 436 3020 ab
462 2981 611 3035 Opone
633 2988 770 3021 autem
794 2980 845 3021 ad
869 2985 951 3022 Ros
980 2982 1018 3022 cI
1040 2983 1164 3037 ΚΙιγΙε
1185 2983 1314 3023 stadia
1333 2992 1430 3024 sunt

185 3040 351 3084 circiter
370 3055 481 3083 2000
502 3042 588 3083 sive
617 3051 815 3097 quattuor
840 3043 1005 3085 dicrum
1032 3046 1250 3098 navigatio.
1278 3048 1330 3086 At
1354 3047 1429 3086 Pe-

185 3103 316 3160 riplus
344 3113 486 3146 noster
508 3105 551 3145 in
581 3118 805 3161 parvorum
838 3121 1171 3163 magnorumque
1210 3105 1428 3148 Ἀποκόπων

185 3166 637 3222 praetemavigationem
657 3166 745 3208 dies
764 3176 979 3223 computat
997 3182 1084 3218 sex,
1110 3167 1286 3223 ideoque
1312 3168 1430 3210 litora

187 3237 396 3285 praerupta
427 3228 559 3279 multo
591 3228 1006 3286 longius·producit;
1042 3245 1136 3272 nam
1171 3230 1429 3286 incorruptas

186 3305 273 3332 oese
304 3290 594 3333 distantiarum
627 3300 745 3333 notas
775 3306 826 3333 ex
858 3292 1015 3348 reliqua
1038 3291 1192 3350 parapli
1211 3293 1340 3333 nostri
1363 3307 1428 3334 ra·

186 3354 298 3395 tione
325 3362 437 3410 patet
467 3353 712 3396 luculenter.
755 3356 887 3409 Igitur
925 3353 1145 3397 Ἀποκόπων
1180 3359 1323 3411 μικρῶν
1364 3356 1428 3397 καὶ

189 3416 372 3471 μεγάλων
410 3417 580 3458 nomine
609 3418 760 3459 Noster
787 3425 936 3473 praeter
968 3417 1132 3459 Hazine
1163 3416 1283 3468 litus,
1312 3419 1425 3472 quod

187 3478 319 3519 solum
340 3494 435 3521 vere
452 3488 707 3536 praeruptum
725 3489 802 3531 cst,
824 3488 1003 3523 tractum
1032 3494 1199 3536 quoque
1215 3479 1293 3535 Sos
1307 3481 1431 3522 Twell

187 3547 230 3581 et
252 3540 291 3597 e!
309 3542 447 3582 Herub
466 3542 796 3598 comprehendit.
823 3546 917 3597 Qua
947 3545 989 3585 in
1012 3558 1057 3585 re
1084 3544 1221 3585 minus
1241 3557 1284 3584 se
1305 3557 1427 3584 accu-

166 3608 323 3644 .ratum
336 3603 512 3658 prael›et;
534 3620 667 3660 neque
687 3606 728 3647 id
751 3606 1006 3659 mirandum,
1027 3620 1156 3663 quum
1179 3605 1293 3647 facile
1309 3605 1426 3647 intel-

165 3662 336 3719 ‚ligatur
358 3665 492 3720 ipsum
514 3668 662 3722 Peripli
681 3678 892 3710 auctorem
914 3684 1030 3711 oram
1050 3669 1213 3712 Azaniae
1228 3669 1312 3710 suis
1326 3682 1427 3710 ocu-

186 3722 238 3768 lis
258 3739 344 3768 non
370 3740 604 3783 usurpasse.
636 3733 695 3771 Ac
725 3746 822 3772 sane
850 3733 1019 3774 suerunt
1045 3732 1107 3774 vel
1139 3733 1246 3774 inter
1273 3741 1427 3774 veteres

170 3789 443 3846 {geographos
466 3791 537 3846 qui
569 3791 685 3832 istam
720 3799 863 3848 μικρῶν
897 3796 962 3835 καὶ
995 3795 1178 3851 μεγάλων
1206 3793 1426 3837 Ἀποκόπων

188 3850 496 3894 distinctionem
516 3853 811 3909 reprobarent;
830 3871 924 3897 nam
944 3858 1188 3899 Ptolemaeus
1206 3859 1241 3907 1,
1271 3870 1336 3912 17,
1355 3856 1424 3899 ubi

189 3922 334 3956 contra
361 3915 572 3957 Marinum
599 3915 700 3971 (qui
719 3916 808 3958 duo
834 3922 1030 3974 Apocopa
1066 3934 1161 3961 cum
1189 3920 1342 3960 Nostro
1362 3917 1427 3959 di·

190 3975 377 4017 stinxisse
398 3975 547 4033 debet)
572 3976 770 4034 disputat,
789 3980 953 4020 nonnisi
973 3995 1103 4022 unum
1133 3985 1426 4037 Apocoporum

191 4033 286 4077 litus
304 4039 503 4091 agnoscit.
525 4040 682 4080 Locum
699 4039 923 4092 Ptolcmaei,
947 4043 1016 4097 qui
1034 4042 1085 4083 ad
1106 4042 1230 4098 hujus
1249 4057 1332 4085 ora:
1358 4042 1428 4084 de-

947 178 1236 227 ΑΝοΝΥΜι
1271 178 1579 239 (Anauni,
1610 181 1697 231 m·
1728 181 1998 246 aaaron)

2699 0 2808 44 2233513‘

2660 189 2748 254 (a.)

1490 292 1690 349 Apoeopa
1717 293 1804 335 sive
1826 294 2038 350 Proerupta
2051 323 2064 344 ,
2085 308 2177 350 qua:
2192 303 2320 351 portet
2338 293 2502 350 quidem
2526 293 2756 359 destituefft
2803 353 2805 356 .

1488 363 1604 427 sane,
1616 353 1697 427 :sed
1707 355 1910 398 stationes
1928 355 2109 397 navibus
2118 356 2308 429 pra-ben(
2318 356 2374 397 ob
2390 356 2477 399 loca
2490 358 2655 429 ancoris
2666 357 2767 431 ,ᾔει-ξ

1490 415 1650 459 ciendis
1675 416 1968 471 accommoda;
1991 417 2276 460 extenduntur
2298 433 2340 460 ιιι
2366 433 2536 460 cursum
2566 417 2687 462 dieru
2739 437 2765 450 ·÷

1500 550 1766 606 scriptionem
1786 551 1980 606 pertinet,
2014 551 2245 593 exscribere
2267 560 2401 594 totum
2421 552 2559 602 liccat3
2585 555 2735 596 unicus
2754 532 2808 597 W21

1497 613 1610 654 enim
1636 620 1698 654 est
1716 626 1840 669 quem
1865 612 2054 655 conferre
2079 613 2195 655 liceat
2226 623 2374 671 pra-ter
2394 629 2524 672 pauca
2553 615 2618 657 illa
2641 631 2735 673 quae
2779 603 2808 638 Ὑί

1496 675 1731 716 Marcianus
1750 689 1793 731 p.
1815 687 1865 716 αι
1888 673 1956 716 ed.
1979 674 2131 717 Miller.
2152 676 2321 732 praebet.
2347 678 2407 718 Ita
2434 676 2557 718 babet
2590 680 2624 728 Ι,
2651 693 2699 734 ¹7
2721 692 2730 720 :

1495 735 1606 778 Μετὰ
1633 736 1674 779 δὲ
1695 740 1810 779 τοῦτο
1832 737 1878 779 τὸ
1907 737 2091 793 ἰμπόριον
2114 740 2131 792 (
2150 739 2325 794 Oponen
2344 739 2356 794 )
2385 739 2587 781 συνάπτειν
2610 740 2734 783 ἄλλον
2804 775 2808 779 .

1493 797 1657 848 κόλπον,
1682 797 1808 855 ἀρχὴν
1830 802 1898 851 τῆς
1934 797 2130 851 Ἆζανίας,
2161 796 2207 842 οὗ
2241 800 2339 842 κατὰ
2361 799 2431 852 τὴν
2455 800 2580 856 ἀρχὴν
2611 801 2735 845 ἐκκεῖ-

1493 860 1583 901 σθαι
1613 861 1748 918 Ζίγγιν
1783 861 1901 917 ἄκρον
1932 861 1998 902 καὶ
2014 862 2253 918 Φαλαγγίδα
2285 865 2371 919 ὄρος
2393 869 2506 919 τριῶν
2540 865 2731 919 κεφαλῶν·
2775 880 2778 887 ²

1493 922 1698 964 καλεῖσθαι
1715 922 1756 965 δὲ
1777 926 1931 965 τοῦτο
1945 938 1965 964 ν
1997 924 2091 979 μόν
2105 939 2156 965 ον
2174 924 2242 966 τὸν
2264 926 2412 969 κόλπον
2440 926 2646 978 Ἆπόκοπα,
2671 929 2740 971 καὶ
2794 926 2799 933 ’

1494 984 1680 1026 διάπλουν
1701 983 1807 1040 ἔχειν
1826 984 1895 1026 δύο
1914 985 2181 1041 νυχθημέρων·
2200 987 2383 1043 παρήκειν
2402 989 2437 1030 δ’
2454 988 2518 1031 ἀπ’
2534 989 2651 1030 αὐτοῦ
2668 990 2736 1031 τὸν
2787 1023 2790 1026 .

1496 1045 1629 1102 μικρὸν
1652 1044 1840 1102 Αἰγιαλὸν
1867 1045 1906 1088 ἐν
1934 1045 2088 1103 διάπλῳ
2109 1051 2223 1102 τριῶν
2245 1049 2534 1106 διαστημάτων,
2563 1050 2650 1093 εἶτα
2668 1052 2738 1095 τὸν

1495 1110 1616 1164 μέγαν
1639 1106 1826 1164 Αἰγιαλὸν
1861 1107 1900 1150 ἐν
1930 1108 2082 1164 διάπλῳ
2110 1109 2221 1151 πέντε
2249 1110 2548 1167 διαστημάτων,
2571 1113 2739 1170 ἀμφοτέ-

1493 1187 1580 1227 ρους
1598 1171 1639 1214 δὲ
1663 1170 1725 1214 ἐπὶ
1739 1171 1785 1213 τὸ
1808 1170 1902 1213 αὗτδ
1924 1172 2119 1227 τεσσάρων
2141 1170 2247 1227 ἔχειν
2264 1173 2451 1215 διάπλουν
2466 1176 2733 1234 νυχθημίρων·

1494 1235 1681 1290 συνῆφθαι
1703 1233 1744 1276 δὲ
1763 1234 1911 1283 τούτοις
1936 1234 2059 1276 ἄλλον
2079 1233 2228 1277 κόλπον
2243 1266 2254 1285 ,
2281 1234 2320 1276 ἔν
2342 1233 2377 1292 ᾧ
2402 1235 2585 1293 ἐμπόριον
2605 1239 2651 1281 τὸ
2667 1255 2737 1283 κα·

1492 1296 1684 1354 λούμενον
1711 1297 1872 1339 Ἐσσινόι
1894 1296 1991 1353 μετὰ
2021 1297 2089 1339 δύο
2109 1299 2362 1354 νυχθημέρων
2385 1299 2523 1351 πλοῦν,
2547 1298 2635 1343 εἶτα
2660 1301 2738 1344 Za·

1494 1360 1694 1414 paxlmvoc
1706 1361 1827 1416 ὅρμον
1850 1358 1946 1415 μετὰ
1971 1361 2058 1415 μιᾶς
2078 1358 2222 1416 ὴμέρας
2243 1360 2381 1403 πλοῦν·
2415 1360 2588 1404 ἐντεῦθεν
2621 1362 2739 1420 ἄρχε·
2803 1372 2808 1380 “

1493 1422 1582 1463 σθαι
1603 1422 1670 1465 τὀν
1691 1421 1753 1464 ἐπὶ
1770 1421 1818 1463 τὰ
1843 1421 1992 1464 ‘Fama
2010 1423 2173 1478 φέροντα
2194 1422 2341 1465 κόλπον
2357 1428 2471 1480 τριῶν
2486 1426 2739 1481 νυχθημέρων

1494 1482 1639 1539 ἔχοντα
1660 1484 1863 1527 διάπλουν·
1887 1480 1934 1526 οὗ
1957 1484 2055 1526 κατὰ
2077 1484 2144 1540 μὲν
2170 1485 2238 1533 τὰς
2267 1483 2388 1540 ἀρχὰς
2422 1484 2606 1542 ἐμπόριον
2637 1485 2739 1529 εἶναι

1492 1547 1538 1588 τὸ
1554 1547 1793 1603 καλούμενον
1810 1546 1958 1597 Τονίκι,
1984 1546 2087 1602 παρὰ
2101 1546 2142 1588 δὲ
2162 1546 2206 1587 τὸ
2232 1545 2398 1589 Ῥαπτον
2422 1548 2539 1603 ἄκρον
2562 1550 2738 1605 ποταμὸν

1492 1609 1559 1651 τὀν
1581 1609 1822 1665 καλούμενον
1848 1608 2015 1651 Ῥαπτδν
2033 1609 2100 1650 καὶ
2119 1609 2358 1665 μητρόπολιν
2392 1609 2601 1667 ὁμώνυμον
2633 1611 2738 1668 αὗτῷ
2794 1612 2808 1677 ἐξ

1494 1672 1629 1728 μικρὸν
1650 1671 1867 1728 ἀπέχουσαν
1891 1675 1959 1724 τῆς
1984 1670 2193 1724 Θαλάσσης·
2214 1672 2283 1712 τὸν
2305 1673 2339 1712 δ’
2363 1672 2439 1715 ἀπὸ
2459 1678 2535 1715 τῶν
2561 1671 2739 1717 Ῥαπτῶν
2795 1691 2808 1722 {a

1495 1734 1609 1790 μέχρι
1638 1737 1707 1775 τοῦ
1736 1733 1890 1789 Πράσου
1910 1732 2148 1789 ἀκρωτηρίου
2178 1734 2325 1776 κόλπον
2353 1735 2534 1790 μέγιστον
2557 1726 2660 1777 liv-:2
2673 1735 2742 1778 καὶ
2797 1728 2808 1769 l

1495 1793 1547 1851 μὴ
1565 1796 1684 1851 βαθὺν
1696 1797 1902 1852 περιοικεῖν
1917 1796 2127 1851 βαρὸάρους
2139 1795 2478 1852 ἀνθρωποφάγους.
2495 1796 2739 1840 Ptolemaeus

1494 1859 1621 1913 igitur
1641 1859 1694 1901 ab
1715 1861 1863 1916 Opone
1886 1873 2018 1915 usque
2041 1858 2093 1901 ad
2117 1859 2241 1900 finem
2271 1859 2522 1914 AEgialorum
2547 1873 2596 1901 ια
2624 1859 2735 1913 dies,
2801 1866 2808 1913 ἰζ

1495 1921 1615 1963 sicuti
1646 1921 1834 1978 Periplus
1864 1929 2019 1971 noster,
2044 1928 2279 1977 computat;
2305 1920 2377 1962 sed
2401 1922 2555 1963 rectius
2575 1935 2647 1963 eos
2682 1922 2739 1964 ita
2806 1921 2808 1926 ’

1495 1982 1707 2025 distribuit
1742 1992 1789 2025 ut
1814 1986 2111 2039 Apocoporum
2144 1984 2498 2039 praeternavigatio
2529 1997 2660 2040 usque
2685 1982 2738 2026 ad

1494 2046 1592 2087 Noti
1618 2060 1732 2088 ceras
1754 2045 1768 2103 (
1789 2049 1874 2088 Ras
1895 2046 1934 2087 el
1950 2046 2104 2101 Klayle)
2123 2047 2334 2102 pertinens
2354 2046 2520 2087 nonnisi
2538 2054 2740 2101 quattuor

1494 2107 1658 2150 dierum
1677 2110 1744 2151 sit.
1768 2110 1988 2151 Distinctio
2007 2113 2151 2164 μικρῶν
2181 2118 2221 2151 et
2248 2109 2431 2165 μεγάλων
2449 2108 2657 2151 ἀποκόπων
2684 2108 2741 2151 ad

1494 2179 1632 2226 partes
1647 2171 1810 2212 aaziae
1835 2171 1968 2213 litoris
1987 2172 2195 2227 pertinere
2210 2172 2373 2227 potuit;
2394 2185 2648 2227 quamquam
2669 2186 2739 2214 ne-

1496 2233 1583 2274 scio
1601 2247 1654 2274 an
1685 2246 1770 2274 non
1808 2231 2030 2274 Ἀποκόπων
2066 2238 2210 2288 μικρῶν
2231 2247 2383 2275 nomen
2409 2234 2737 2290 praeruptissimo

1495 2295 1622 2346 litori,
1651 2294 1766 2350 quod
1787 2302 1849 2336 est
1883 2295 1993 2336 cirea
2029 2296 2364 2351 promontorium
2395 2295 2453 2337 El
2472 2295 2559 2347 Fit,
2583 2304 2740 2339 veteres

1496 2357 1703 2409 dederint,
1725 2372 1749 2399 a
1761 2365 1903 2398 nostro
1921 2365 2060 2399 autem
2074 2366 2245 2399 auctore
2261 2366 2436 2414 utraque
2449 2357 2538 2400 baec
2552 2356 2741 2403 Ἀπόκοπα

1497 2422 1539 2462 in
1555 2420 1736 2462 eundem
1756 2428 1934 2461 tractum
1954 2421 2038 2461 sint
2066 2420 2273 2462 translata.
2301 2422 2317 2475 ΙΙ
2337 2444 2394 2453 —
2415 2434 2454 2463 1.
2474 2423 2564 2474 τῆς
2597 2418 2743 2471 Ἀζα-

1497 2482 1630 2538 νίας]
1654 2481 1719 2524 Ad
1745 2482 1910 2523 initium
1931 2482 2093 2523 Azaniae
2113 2482 2357 2524 Ptolemaeus
2377 2490 2579 2525 memorat
2591 2484 2741 2539 zingtn

1495 2545 1832 2601 promontorium
1861 2544 2078 2599 Phalangis
2100 2546 2253 2587 montis
2285 2546 2475 2602 tricipitis
2492 2576 2504 2596 ,
2539 2545 2655 2602 quod
2676 2561 2740 2590 se·

1496 2608 1683 2649 cundum
1710 2608 1867 2650 tabulas
1886 2607 1992 2658 Ptol.
2017 2622 2104 2649 esse
2124 2607 2294 2649 deberet
2313 2611 2397 2650 flas
2422 2608 2583 2658 Maber,
2608 2623 2740 2665 quum

1496 2672 1649 2712 montis
1667 2671 1856 2727 tricipitis
1885 2671 2040 2711 mentio
2063 2671 2264 2725 pertineat
2291 2666 2429 2725 potius
2456 2669 2510 2712 ad
2535 2673 2620 2714 Ros
2648 2675 2739 2714 Ιῖιι-

1485 2732 1611 2787 soem,
1631 2732 1736 2774 adeo
1754 2741 1817 2782 ut,
1836 2734 1868 2773 si
1886 2734 2062 2788 Oponen
2086 2741 2195 2773 recte
2210 2735 2273 2774 Pt.
2293 2732 2521 2784 collocavit,
2540 2732 2627 2775 duo
2642 2749 2741 2791 pro·

1497 2796 1702 2836 montoria
1725 2795 1991 2835 misceantur.
2016 2795 2197 2835 Pertinet
2222 2808 2294 2835 ora
2318 2795 2481 2836 Araniae
2510 2795 2553 2837 in
2577 2797 2740 2854 Periplo
2800 2840 2802 2842 .

1497 2871 1628 2912 usque
1641 2856 1693 2898 ad
1714 2857 1887 2912 Rhapta.
1910 2854 2067 2897 Eodem
2088 2854 2215 2896 modo
2231 2856 2474 2898 Ptolemaeus
2490 2858 2588 2909 vn,
2606 2862 2648 2910 4,
2667 2860 2739 2903 ubi
2796 2849 2808 2904 l

1499 2920 1521 2960 ό
1544 2919 1688 2967 κόλπος
1709 2922 1776 2970 τῆς
1814 2918 2000 2974 Βραχείας
2031 2917 2226 2970 θαλάσσης
2257 2918 2411 2959 dicitur
2438 2921 2640 2963 συνάπτειν
2667 2920 2740 2975 τὴν
2790 2951 2792 2954 >

1496 2985 1571 3037 γῆν
1595 2986 1649 3038 τῷ
1671 2996 1711 3023 τε
1749 2979 1903 3037 Ῥαπτῷ
1933 2979 2158 3036 ἀκρωτηρίῳ
2187 2981 2251 3021 καὶ
2277 2981 2419 3038 [τοῖς]
2446 2982 2587 3032 νοτίοις
2609 2985 2739 3041 μέρεσι
2790 2990 2796 3005 ”

1495 3048 1563 3098 τῆς
1587 3044 1769 3093 Ἆζανίας.
1798 3043 1863 3085 Cf.
1888 3044 2087 3085 Marcion.
2112 3058 2154 3099 p.
2181 3056 2250 3085 21.
2277 3044 2523 3100 Discrepant
2550 3060 2644 3102 quse
2665 3046 2737 3090 ha·
2785 3093 2787 3102 ⁵

1496 3108 1563 3149 bet
1583 3109 1658 3158 lv,
1680 3122 1705 3162 7
1726 3121 1736 3148 z
1767 3105 1967 3147 Ἐντεῦθεν
1995 3106 2078 3158 (ab
2098 3106 2323 3162 Elephante
2346 3115 2502 3158 monte,
2519 3121 2739 3165 quousque
2779 3118 2785 3138 ²

1495 3183 1589 3212 cum
1628 3167 1895 3213 Artemidoro
1941 3169 2272 3225 ichthyophagos
2313 3170 2519 3226 pertinere
2563 3170 2736 3229 statuit)
2789 3165 2792 3166 ⁷

1498 3235 1687 3290 μέχριτοῦ
1709 3230 1876 3275 Ῥαπτοῦ
1890 3231 2126 3287 ἀκρωτηρίου
2146 3231 2242 3284 {qm
2254 3248 2274 3288 ρ
2288 3231 2347 3273 άλ
2360 3246 2402 3273 ιο
2414 3248 2431 3280 ς
2464 3247 2490 3274 π
2503 3233 2592 3272 ἆσα
2607 3231 2638 3273 Β
2650 3246 2738 3288 αρ-
2782 3238 2784 3242 “

1496 3296 1674 3350 δαρία,
1707 3293 1904 3342 Ἀζανία
1934 3294 1983 3335 δὲ
2007 3294 2030 3346 ἢ
2066 3293 2327 3350 ἐνδοτέρω.
2358 3293 2532 3337 Meliora
2566 3293 2738 3349 legimufl
2772 3296 2781 3346 ζ’

1499 3360 1540 3400 ἱη
1551 3358 1779 3412 fragmento
1790 3358 1962 3399 Diodori
1976 3359 2099 3399 Samii
2116 3373 2182 3414 ap.
2202 3358 2373 3400 Ptolem.
2392 3359 2427 3408 1,
2452 3370 2517 3413 17,
2538 3356 2609 3399 ubi
2630 3370 2640 3399 :
2659 3353 2783 3411 ¹fflW}

1498 3420 1821 3476 διαιρουμένων.,·
1850 3420 2026 3476 ἐμπόριον
2051 3420 2113 3463 ἐπὶ
2141 3420 2188 3462 τὰ
2217 3419 2412 3476 Ἀρώματα
2440 3419 2505 3461 καὶ
2529 3417 2598 3470 τὴν
2628 3416 2778 3474 {tta-{j

1499 3483 1582 3524 νίαν
1602 3483 1666 3523 καὶ
1690 3482 1736 3524 τὰ
1763 3481 1924 3531 Ὶάπτὰ,
1951 3486 2070 3524 ταῦτα
2093 3482 2134 3524 δὲ
2151 3483 2277 3525 πάντα
2300 3481 2514 3537 Βαρὸαρίαν
2539 3479 2642 3530 ἰδίως
2665 3494 2736 3523 κα-
2756 3494 2774 3513 2⁴

1498 3545 1688 3596 λοὺντων,
1710 3545 1815 3587 adeo
1832 3554 1877 3587 ut
1901 3554 2124 3602 utrumque
2140 3559 2290 3587 nomen
2309 3542 2362 3586 ad
2378 3558 2494 3586 oram
2517 3544 2733 3600 pertineat,

1496 3608 1667 3650 alterum
1682 3601 1714 3649 a'
1734 3608 1888 3664 populo
1903 3608 2094 3659 ductum,
2118 3608 2293 3650 alterum
2309 3606 2361 3649 ab
2379 3620 2463 3648 oroe
2481 3607 2656 3658 ratione,
2682 3604 2748 3648 ιδ’

1497 3670 1659 3713 [luzinc
1674 3686 1731 3712 sc.
1752 3670 1952 3722 Arabum,
1976 3670 2028 3712 ab
2049 3685 2179 3727 eaque
2203 3670 2334 3712 litoris
2352 3677 2468 3726 parte
2485 3667 2538 3711 ad
2560 3681 2769 3724 sequen·

1497 3740 1578 3773 tem
1595 3734 1716 3774 etiam
1733 3748 1846 3774 oram
1872 3732 2129 3774 translatum.
2154 3731 2365 3774 Azanium
2394 3745 2505 3773 mare
2521 3730 2647 3773 habes
2663 3742 2767 3787 sps..
2795 3779 2802 3783 ,

1497 3795 1675 3836 Plinium
1702 3797 1777 3846 vl,
1802 3798 1855 3837 28
1878 3803 1916 3837 et
1935 3794 2047 3837 alibi.
2080 3793 2263 3849 Subjicio
2282 3793 2406 3835 verba
2421 3794 2579 3836 Owenii
2599 3792 2628 3835 l.
2647 3792 2676 3836 l.
2693 3792 2777 3845 If*

1497 3867 1539 3909 p.
1560 3857 1637 3905 354
1657 3870 1665 3897 :
1688 3877 1703 3891 ι·
1727 3859 1762 3898 Ιι
1781 3858 1814 3898 is
1829 3865 1991 3911 strange
2009 3856 2096 3898 that
2107 3856 2178 3897 the
2192 3853 2436 3911 descriptive
2451 3863 2555 3896 term
2572 3852 2688 3896 llaz’
2726 3856 2727 3860 ’
2766 3859 2793 3906 ““;

1496 3918 1644 3959 should
1667 3920 1768 3961 have
1786 3918 1997 3976 produced
2020 3919 2088 3960 the
2104 3932 2244 3960 names
2261 3916 2382 3973 Ajan,
2401 3921 2514 3960 Azon
2530 3915 2612 3958 and
2633 3915 2789 3958 An·-

1498 3994 1589 4029 nea,
1610 3982 1649 4022 in
1680 3997 1802 4027 manv
1826 3996 1942 4038 mnps
1963 3980 2043 4022 and
2067 3980 2219 4031 cbarts,
2250 3994 2294 4021 as
2325 3979 2394 4021 the
2415 3987 2592 4034 country
2609 3985 2733 4018 never

1498 4042 1577 4083 had
1597 4059 1675 4099 any
1695 4029 1816 4086 other
1837 4043 2081 4100 appellationi
2112 4042 2211 4083 than
2239 4044 2370 4083 narra
2396 4038 2577 4082 Somanlt'
2598 4034 2732 4079 orthe
2790 4032 2808 4072 *ἶ
