2808 4342
3 285 5 291 ι
62 257 174 302 θένδε
199 257 306 320 ἀμφὶ
330 256 459 316 μέσας
476 253 624 306 νύκτας
647 254 818 316 ἄραντες
841 257 880 308 ἐς
912 255 1124 320 Κώφαντα
1146 257 1295 318 λιμένα

23 350 29 355 ·
63 326 260 372 ἀπίκοντο
273 359 285 381 ,
307 321 592 385 τετρακοσίους
611 322 792 383 μάλιστα
816 324 1004 377 σταδίους
1020 325 1298 372 διεκπλώσαν·

61 412 138 446 τες·
168 393 216 455 (ε)
236 395 407 438 ἐνταῦθα
432 390 564 442 ἁλιέες
593 408 638 436 τε
671 389 823 454 ᾤκεον,
854 392 925 437 καὶ
954 394 1081 438 πλοῖα
1117 394 1295 439 αὐτοῖσιν

0 475 12 486 ·
62 457 111 519 ἦν
131 459 285 523 σμικρὰ
298 458 370 505 καὶ
390 459 564 521 πονηροί·
582 459 653 505 καὶ
669 464 766 522 τῇσι
784 462 974 524 κώπῃσιν
986 465 1028 507 οὗ
1045 462 1154 507 κατὰ
1170 465 1296 509 σκαλ·

19 545 38 575 5
60 525 136 592 μὸν
155 530 343 592 ἤρεσσον,
359 531 414 582 ὡς
435 532 456 575 ὃ
477 528 691 585 Ἑλλήνων
713 529 834 589 νόμος
847 565 859 587 ,
883 531 974 576 ἀλλ’
992 530 1133 593 ὥσπερ
1157 534 1198 577 ἐν
1221 550 1294 577 πο-

57 600 178 660 ταμῷ
201 597 247 643 τὸ
267 595 376 660 ὕδωρ
398 595 692 648 ἕπιὸἄλλοντες
725 596 834 643 ἔνθεν
854 597 926 644 καὶ
945 598 1054 644 ἔνθεν
1067 635 1080 656 ,
1107 599 1294 663 κατάπερ

58 668 95 712 οἳ
115 665 365 717 σκάπτοντες
387 663 461 721 τὴν
493 667 585 725 γῆν·
617 663 726 728 ὕδωρ
757 664 801 710 δὲ
831 666 985 712 πολλόν
1017 686 1062 713 τε
1086 663 1136 723 ἧν
1159 671 1200 714 ἐν
1232 672 1291 731 τῷ

55 733 192 796 λιμένι
230 733 300 780 καὶ
337 732 531 797 καθαρόν.
603 734 651 794 (6)
685 732 794 795 Περὶ
826 733 868 779 δὲ
903 735 1071 797 πρώτην
1106 737 1293 800 φυλακὴν

24 835 27 837 -
55 804 224 868 ἄραντες
239 803 501 866 καταίρουσιν
521 804 560 855 ἐς
575 802 710 857 Κύϊζα
726 838 738 860 ,
760 806 800 856 ἐς
822 805 1086 858 ὀκτακοσίους
1106 807 1295 860 σταδίους

0 885 34 916 ιο
57 872 396 924 διεκπλώσαντες·
431 870 498 917 ἵνα
520 871 705 934 αἰγιαλός
727 891 771 918 τε
793 871 945 936 ἔρημος
975 868 1027 930 ἦν
1047 875 1118 920 καὶ
1144 875 1289 938 ῥηχίη.

55 941 183 988 Αὐτοὶ
205 933 261 987 ὧν
286 943 352 986 ἐπ’
378 942 587 1004 ἀγκυρέων
611 941 795 1004 ὥρμεον,
820 942 928 988 κατὰ
949 944 1022 989 νέα
1045 963 1089 989 τε
1109 945 1292 990 ἐδειπνο-

54 1009 254 1070 ποιέοντο.
327 1011 378 1071 (7)
407 1009 597 1057 Ἐνθένδε
622 1010 950 1065 διεκπλώσαντες
974 1013 1164 1065 σταδίους
1196 1032 1292 1059 πεν-

53 1078 268 1132 τακοσίους
287 1079 483 1126 ἀπίκοντο
507 1079 547 1132 ἔς
567 1098 658 1126 τινα
677 1080 795 1126 πόλιν
816 1080 1001 1145 Υσμικρὴν
1017 1118 1028 1139 ,
1054 1082 1291 1143 οἰκεομένην

55 1146 124 1192 ἐπὶ
143 1147 323 1211 γηλόφου
348 1151 392 1194 οὗ
420 1148 566 1211 ιπόρρω
597 1153 669 1193 τοῦ
694 1150 896 1210 αἰγιαλοῦ.
959 1150 1014 1210 (8)
1040 1151 1125 1197 Καὶ
1154 1153 1292 1215 Νέαρ-

0 1229 34 1259 15
55 1231 130 1277 χος
152 1216 416 1278 ἐπιφρασθεὶς
438 1216 500 1261 ὅτι
524 1216 762 1280 σπείρεσθαι
784 1216 857 1273 τὴν
874 1217 1017 1281 χώρην
1038 1218 1166 1277 εἰκὸς,
1182 1219 1292 1281 λέγει

53 1284 155 1344 πρὸς
179 1284 346 1347 Ἀρχίην
372 1289 386 1347 (
409 1284 450 1338 ὃς
476 1279 526 1341 ἧν
552 1284 805 1339 Ἀναξιδότου
829 1286 904 1346 μὲν
928 1294 1050 1342 παῖς,
1070 1290 1290 1345 Πελλαῖος,

54 1352 266 1398 συνέπλωε
293 1354 334 1398 δὲ
369 1354 572 1416 Νεάρχῳ,
601 1356 679 1399 τῶν
704 1356 744 1399 ἐν
780 1353 874 1418 αἴνῃ
899 1355 974 1402 ἐὼν
1005 1357 1288 1421 Μακεδόνων)

51 1422 153 1483 πρὸς
172 1425 312 1467 τοῦτον
337 1422 468 1481 λέγει,
489 1420 550 1467 ὅτι
572 1423 861 1480 καταληπτέον
884 1425 1020 1489 σφίσιν
1043 1425 1105 1482 εἴη
1133 1426 1179 1472 τὸ
1203 1445 1290 1489 χω-

50 1489 152 1554 ρίον·
168 1489 221 1551 (9)
250 1489 415 1542 ἑκόντας
434 1509 477 1535 τε
494 1490 574 1552 γὰρ
599 1494 669 1537 οὐκ
691 1491 740 1537 ἂν
761 1492 918 1539 οἴεσθαι
938 1496 1078 1540 δοῦναι
1098 1499 1148 1557 τῇ
1167 1514 1292 1558 στρα-

0 1571 32 1602 to
49 1558 120 1619 “ciffi
141 1557 277 1619 σιτία,
307 1557 376 1620 βίῃ
401 1576 445 1603 τε
468 1559 541 1603 οὒκ
571 1551 653 1603 οἷόν
682 1578 727 1603 τε
751 1553 856 1605 εἶναι
875 1560 1070 1624 ἐξαιρέειν
1086 1597 1098 1618 ,
1118 1564 1291 1625 πολιορ·

52 1624 143 1682 κίης
174 1625 216 1671 δὲ
238 1627 308 1672 καὶ
331 1627 474 1688 τριὸἦς
497 1625 670 1682 δεήσειν·
698 1635 803 1691 σφᾶς
827 1628 870 1673 δὲ
900 1630 1205 1675 ἐπιλελοιπέναι
1239 1631 1290 1675 τὰ

52 1695 177 1741 σιτία·
200 1693 262 1741 δ’τι
291 1697 332 1742 δὲ
357 1701 381 1753 ἡ
407 1701 461 1756 γῆ
498 1696 734 1760 σιτοφόρος,
759 1701 811 1757 τῇ
845 1699 1018 1761 καλάμῃ
1043 1704 1290 1762 τεκμηριοῦ-

52 1767 177 1824 σθαι,
200 1763 343 1820 ἥντινα
368 1767 412 1810 οὗ
429 1764 570 1828 πόρρω
591 1770 661 1811 τοῦ
686 1767 877 1828 αἰγιαλοῦ
897 1766 1285 1830 ἀφεώρων-βαθέην.

52 1830 134 1896 (ῐο)
149 1835 293 1879 Ταῦτα
319 1833 409 1879 ἐπεὶ
429 1834 566 1897 σφίσιν
597 1834 757 1894 ἐδόκεε,
781 1835 853 1888 τὰς
869 1834 942 1895 μὲν
964 1837 1093 1888 ἄλλας
1109 1835 1201 1888 νέας
1222 1855 1289 1881 κε-

0 1913 29 1943 ι5
54 1900 163 1946 λεύει
184 1902 488 1966 παραρτέεσθαι
517 1906 571 1957 ὥς
606 1906 645 1956 ἐς
667 1904 808 1951 πλόον·
837 1906 908 1950 καὶ
932 1909 953 1951 ὁ
989 1905 1155 1968 Ἀρχίης
1178 1907 1291 1967 αὐτῷ

53 1968 217 2033 ἐξήρτυε
241 1971 293 2017 τὰ
326 1974 366 2025 ἐς
395 1973 461 2018 τὸν
492 1973 632 2020 πλόον·
659 1973 780 2027 αὐτὸς
811 1973 853 2020 δὲ
888 1974 1146 2038 ὑπολειφθεὶς
1188 1973 1292 2033 μετὰ

52 2043 148 2099 μιῆς
165 2040 251 2092 νεὸς
270 2042 336 2088 ἐπὶ
360 2043 454 2088 θέαν
479 2044 595 2099 δῆθεν
615 2046 686 2099 τῆς
701 2044 841 2096 πόλιος
857 2044 937 2105 ᾔει.

113 2112 332 2159 XXVIII.
372 2111 631 2173 Προσᾶγοντι
661 2111 704 2156 δὲ
728 2115 840 2175 αὐτῷ
860 2113 959 2174 πρὸς
988 2111 1040 2158 τὰ
1062 2112 1201 2175 τείχεα
1223 2130 1288 2175 φι-

53 2243 191 2299 βίλλα,
213 2245 358 2299 Δεράνη
381 2246 516 2299 κώμη,
549 2244 850 2299 Μοδερανίὸηλα
877 2259 963 2285 var.
985 2244 1079 2284 lect.
1099 2243 1132 2300 ),
1154 2245 1225 2299 qui
1249 2245 1292 2285 in

48 2308 248 2348 Marciani
276 2308 293 2360 (
314 2321 356 2362 p.
384 2307 435 2360 39
457 2306 471 2362 )
497 2305 639 2348 codice
655 2306 850 2348 scribitur
871 2305 1144 2360 Δερενόὸιλλα,
1170 2307 1292 2347 Hunc

49 2370 318 2425 probabiliter
339 2377 527 2409 statuunt
548 2368 599 2409 ab
626 2383 675 2409 eo
691 2382 816 2423 quem
841 2370 1043 2410 Arrianus
1065 2367 1188 2409 habet
1207 2383 1292 2409 non

50 2446 137 2472 esse
157 2430 381 2481 diversum,
406 2429 478 2471 sed
508 2444 592 2471 non
615 2444 690 2470 suo
712 2430 804 2472 loco
829 2430 929 2485 poni
943 2446 954 2480 ;
981 2430 1133 2472 scilicet
1160 2430 1294 2473 Ptole-

50 2507 178 2534 maeus
196 2493 332 2534 locum
351 2493 471 2548 ponit
490 2492 541 2533 ab
559 2506 708 2533 occasu
727 2492 968 2548 Cophantis,
990 2491 1151 2533 decima
1170 2493 1293 2533 unius

51 2555 202 2609 gradus
223 2564 338 2611 parte
365 2556 449 2595 sive
483 2569 560 2597 100
583 2554 724 2595 stadiis
760 2554 875 2610 (250
905 2554 1046 2595 stadiis
1081 2569 1161 2596 sec.
1184 2557 1294 2596 Mar-

52 2619 158 2659 cian.
179 2617 193 2673 )
220 2618 270 2658 ab
300 2632 350 2658 eo
367 2616 519 2657 distans
533 2648 544 2666 ‚
570 2615 673 2657 dum
692 2615 968 2657 Dendrobosa
982 2617 1183 2657 orientem
1205 2631 1295 2657 ver-

51 2694 119 2720 sus
142 2677 226 2720 200*
243 2677 383 2719 stadiis
406 2693 429 2718 a
450 2678 664 2733 Cophante
687 2686 847 2718 remota
864 2678 961 2718 sint.
988 2679 1119 2718 Vetus
1142 2692 1294 2718 nomen

51 2742 97 2782 in
140 2740 345 2782 hodierno
375 2742 529 2780 Daram
566 2754 776 2795 superesse
812 2738 992 2780 videtur.
1021 2756 1037 2779 «
1062 2742 1084 2780 I
1120 2741 1295 2794 imagine

53 2807 199 2854 Daren,
230 2803 300 2843 the
331 2803 581 2843 constituent
612 2810 704 2858 part
732 2802 781 2842 of
793 2802 863 2843 the
885 2816 1025 2852 name,
1047 2802 1081 2842 is
1101 2802 1180 2842 still
1201 2816 1294 2856 pre-

54 2865 196 2906 served
220 2866 262 2905 in
286 2865 355 2905 the
371 2868 530 2905 Daram
553 2878 601 2905 or
613 2860 777 2905 ¹Duram
802 2863 850 2904 of
862 2865 1110 2905 Lieutenant
1131 2866 1292 2915 Porter,

53 2928 147 2968 who
169 2928 301 2983 places
327 2927 408 2967 this
428 2941 470 2966 as
500 2941 524 2967 a
541 2926 641 2980 high
661 2925 760 2967 land
780 2941 834 2966 on
850 2940 901 2966 an
921 2935 1013 2981 part
1031 2925 1080 2967 of
1095 2926 1166 2966 the
1185 2934 1296 2966 coast

53 2989 236 3030 between
269 2990 378 3044 Cape
400 2990 598 3030 Passence
638 2988 720 3029 and
755 2987 938 3039 Guadel‚
969 2989 1012 3028 in
1049 3003 1072 3029 a
1100 2989 1294 3029 situation

54 3051 189 3091 which
209 3050 347 3091 would
363 3049 616 3106 correspond
628 3050 729 3091 with
743 3050 1031 3091 Deren-obosa
1045 3066 1056 3101 3
1074 3049 1156 3091 and
1170 3049 1295 3091 Mud-

56 3115 110 3169 dy
131 3114 235 3168 peak
250 3113 388 3155 would
403 3128 521 3168 agree
542 3114 644 3155 with
671 3115 739 3155 the
762 3114 879 3155 other
896 3128 1036 3154 names
1054 3114 1103 3154 of
1119 3115 1268 3156 Arrian
1281 3145 1292 3164 ,

57 3175 94 3214 if
122 3176 217 3230 they
237 3175 319 3216 had
344 3176 449 3216 been
470 3175 652 3217 inserted
678 3177 720 3216 in
743 3175 1023 3217 Commodore
1047 3175 1295 3217 Robinson’s

57 3234 187 3275 chart.
209 3256 224 3270 ι)
252 3238 451 3277 Vmcssnzr
478 3253 522 3293 p.
550 3237 648 3278 252.
677 3239 693 3292 ll
712 3263 769 3269 —
791 3251 828 3279 1.
852 3238 1125 3294 Κώφαντα]
1162 3238 1296 3293 Κώφας

57 3304 200 3350 portus
222 3306 392 3338 vocatur
427 3300 551 3339 etiam
587 3314 654 3354 ap.
690 3301 964 3341 Marcianum.
996 3303 1046 3341 In
1075 3300 1296 3342 Ptolemaeo

59 3358 135 3406 VI,
163 3360 185 3398 8
207 3373 249 3412 p.
274 3362 353 3407 414
376 3361 565 3401 omnium
585 3360 777 3402 codicum
808 3376 1026 3413 consensu,
1046 3371 1093 3403 ut
1114 3362 1292 3413 videtur,

59 3419 206 3472 legitur
246 3432 255 3460 ε
288 3421 476 3476 Κωφάντα
510 3422 648 3477 λιμήν.
675 3425 806 3464 Vetus
831 3439 985 3465 nomen
1008 3425 1133 3465 habes
1157 3426 1197 3465 in
1222 3425 1296 3465 ho-

61 3481 206 3521 dierno
230 3485 313 3522 Rus
328 3486 515 3539 Koppalz.
533 3485 646 3525 Num
662 3486 713 3525 sit
729 3485 784 3526 ibi
806 3495 965 3540 portus,
984 3488 1138 3527 nescio.
1155 3489 1297 3529 Exstat

68 3551 211 3596 portus
220 3544 462 3586 commodus
477 3547 520 3586 in
532 3547 625 3586 sinu
636 3546 796 3588 Gaadel
804 3547 946 3602 oppidi
959 3563 1087 3603 prope
1101 3563 1297 3602 magnum

69 3604 178 3644 istud
198 3608 544 3659 promontorium,
570 3607 682 3661 quod
715 3608 951 3649 Alambater
973 3609 1214 3651 Ptolemaeus
1233 3610 1297 3652 di-

68 3665 137 3716 cit,
162 3674 202 3706 et
226 3666 407 3707 medium
429 3667 511 3708 sere
538 3670 657 3723 ponit
680 3669 786 3710 inter
814 3670 1070 3724 Cophantem
1096 3679 1136 3712 et
1158 3672 1295 3727 Cyiza.

69 3727 87 3780 Ι)
113 3751 168 3757 —
197 3729 236 3768 3.
272 3727 461 3769 πλοῖα..
494 3729 643 3785 πονηρὰ
672 3730 757 3771 κτλ.
790 3732 806 3786 ]
848 3732 1176 3786 Kempthornius
1213 3733 1242 3774 l.
1266 3734 1295 3776 l.

63 3803 107 3844 p.
144 3791 221 3844 273
262 3798 482 3845 postquam
513 3792 726 3847 Neoptana
762 3793 939 3834 Nearchi
967 3794 1103 3835 locum
1130 3796 1174 3836 in
1204 3797 1298 3837 sinu

63 3853 228 3893 Persico
261 3862 528 3904 memorarat,
567 3853 682 3895 addit
709 3854 796 3895 haec
819 3868 829 3896 ε
857 3856 1069 3896 Nearchus
1091 3856 1294 3900 describes

66 3913 136 3954 the
150 3914 366 3956 fishermen
386 3930 428 3956 as
449 3914 616 3970 making
634 3930 705 3957 use
720 3916 769 3957 os
781 3917 895 3958 small
917 3917 1037 3972 slight
1052 3918 1167 3960 boats
1180 3950 1193 3971 ,
1212 3921 1295 3962 and

66 3978 245 4031 rowing,
272 3986 343 4019 not
366 3978 463 4020 with
487 3993 578 4020 oars
605 3993 703 4020 over
720 3978 904 4021 theUside
926 3981 1145 4036 according
1161 3991 1203 4023 to
1227 3984 1296 4024 the

1085 157 1370 204 ms'romA
1404 150 1639 208 πωπω.

2504 184 2588 225 347

1359 266 1616 320 Cophantem
1630 276 1797 323 portum
1812 277 2104 324 pervenerunt,
2122 272 2419 328 quadringenta
2433 280 2593 323 circiter

1359 339 1489 381 stadia
1497 339 1668 381 emensi.
1730 341 1792 394 (5)
1808 342 1888 382 Hic
1905 349 1948 381 et
1964 342 2187 395 piscatores
2205 343 2420 398 degebant,
2438 353 2592 404 parvis-

1359 425 1440 465 que
1455 420 1496 452 et
1511 411 1658 452 vilibus
1674 413 1844 466 navigiis
1855 412 2093 462 utebantur,
2111 422 2152 454 et
2169 416 2292 456 remis
2308 431 2390 458 non
2404 434 2477 474 per
2492 424 2591 464 scal-

1358 498 1449 525 mos
1459 484 1690 539 dispositis,
1705 493 1752 526 ut
1766 487 2008 527 Graecorum
2027 500 2117 527 mos
2139 496 2214 537 est,
2239 491 2504 544 remigabant,
2523 496 2593 536 scd

1357 557 1456 599 hinc
1473 567 1596 613 atque
1624 559 1744 609 hinc,
1771 559 1876 600 sicut
1903 561 1948 601 in
1967 560 2158 613 flumine,
2180 577 2328 619 aquam
2360 567 2480 607 undis
2505 569 2595 623 inji-

1359 632 1510 672 cientes
1525 663 1536 681 ,
1577 632 1683 673 sicut
1715 633 1787 687 qui
1833 641 1985 675 terram
2030 634 2208 678 fodiunt.
2268 640 2318 679 In
2353 639 2433 681 hoc
2449 668 2454 673 ι
2471 651 2594 697 portu

1359 717 1507 758 aquam
1538 711 1579 743 et
1597 703 1774 744 multam
1790 713 1831 745 et
1851 719 1999 760 puram
2021 707 2284 751 invenerunt.
2345 712 2407 766 (6)
2424 712 2527 754 Inde
2542 714 2594 755 ad

1356 775 1534 830 primam
1545 776 1678 816 noctis
1694 776 1873 830 vigiliam
1885 777 2085 819 solventes
2104 779 2155 820 ad
2171 781 2291 836 Cyiza
2299 794 2590 838 pervenerunt,

1357 847 1591 900 octingenta
1608 846 1737 887 stadia
1753 849 1908 889 emensi
1930 862 1940 889 :
1960 863 2171 905 quumque
2193 853 2304 894 littus
2323 853 2528 898 desertum
2546 872 2593 898 ac

1357 926 1576 959 aestuosum
1606 926 1726 969 esset,
1759 918 1881 973 jactis
1913 921 1955 960 in
1992 922 2076 962 salo
2110 925 2269 965 ancoris
2305 926 2589 979 substiterunt,

1355 999 1478 1046 atque
1500 992 1543 1031 in
1563 991 1737 1032 navibus
1753 1007 1926 1047 corpora
1942 1004 2154 1037 curarunt.
2215 998 2278 1052 (7)
2293 998 2395 1041 Inde
2409 1004 2591 1056 provecti

1356 1063 1408 1104 ad
1427 1064 1650 1118 quingenta
1663 1064 1794 1105 stadia
1805 1096 1816 1115 ,
1832 1066 1874 1105 in
1890 1080 2063 1120 parvum
2077 1067 2287 1122 quoddam
2304 1071 2505 1126 oppidum
2526 1087 2590 1114 ve-

1356 1143 1524 1185 nerunt,
1549 1136 1592 1175 in
1609 1135 1710 1176 colle
1730 1150 1813 1193 non
1834 1137 1979 1191 procul
1994 1152 2015 1178 a
2035 1138 2169 1180 littore
2189 1141 2327 1181 situm.
2389 1144 2452 1196 (8)
2467 1144 2592 1183 Near-

1355 1206 1457 1247 chus
1476 1206 1694 1247 verisimile
1722 1215 1833 1248 ratus
1857 1223 1947 1248 eam
1981 1210 2189 1263 regionem
2217 1211 2365 1252 cultam
2389 1227 2488 1263 esse,
2513 1216 2591 1254 Ar-

1356 1277 1457 1318 chiae
1492 1277 1716 1319 Anaxidoti
1748 1278 1833 1319 filio
1846 1310 1857 1329 ,
1892 1279 2061 1330 Pellaeo,
2098 1282 2168 1335 qui
2204 1283 2312 1323 inter
2345 1284 2591 1326 Macedones

1357 1349 1531 1401 celebris,
1544 1364 1641 1390 cum
1659 1351 1847 1391 Nearcho
1868 1352 2098 1406 navigabat,
2121 1353 2225 1394 dixit
2238 1353 2366 1395 videri
2385 1355 2460 1396 sibi
2478 1358 2593 1411 oppi-

1357 1420 1459 1461 dum
1492 1421 1780 1476 occupandum
1817 1437 1902 1463 esse
1980 1423 2041 1479 (9)
2081 1423 2322 1479 Oppidanos
2365 1427 2475 1467 enim
2523 1441 2594 1468 sua

1355 1500 1500 1548 sponte
1523 1491 1735 1534 frumenta
1765 1495 1963 1534 exercitui
1986 1494 2155 1535 daturos
2185 1511 2226 1536 se
2255 1503 2339 1538 n‘on
2363 1506 2522 1552 putare,
2555 1500 2594 1539 vi

1355 1572 1490 1604 autem
1524 1564 1613 1618 capi
1644 1578 1728 1605 non
1748 1578 1889 1619 posse,
1921 1565 1993 1604 sed
2019 1565 2216 1607 diuturna
2246 1567 2467 1610 obsidione
2491 1584 2594 1625 opus

1357 1634 1461 1685 fore,
1501 1650 1543 1676 se
1575 1650 1672 1676 vero
1705 1635 1792 1690 jam
1830 1636 2047 1677 frumentis
2096 1637 2278 1680 destitui.
2340 1641 2593 1695 Frugiferam

1360 1710 1498 1742 autem
1515 1704 1727 1756 regionem
1742 1718 1828 1744 esse
1845 1704 1943 1744 inde
1957 1704 2089 1759 colligi
2105 1737 2115 1755 ,
2139 1706 2251 1760 quod
2273 1706 2422 1748 densos
2437 1709 2592 1750 culmos

1356 1783 1442 1809 non
1474 1770 1619 1824 procul
1641 1785 1664 1811 a
1689 1771 1825 1811 littore
1853 1771 2054 1813 viderent.
2116 1774 2205 1826 (10)
2228 1777 2370 1826 Quum
2396 1777 2532 1829 itaque
2551 1777 2594 1816 id

1361 1838 1579 1879 consilium
1593 1839 1651 1879 eis
1669 1839 1931 1894 probaretur,
1953 1841 2129 1894 reliquas
2147 1841 2315 1895 quidem
2331 1857 2453 1883 naves
2474 1845 2594 1884 veluti

1362 1904 1414 1946 ad
1433 1906 1736 1960 navigationem
1765 1907 1913 1947 instrui
1937 1906 2071 1962 jubet,
2088 1916 2130 1948 et
2152 1908 2315 1949 Archiae
2333 1908 2419 1964 ejus
2442 1911 2500 1951 rei
2527 1926 2596 1952 ne·
2641 1926 2645 1930 ’

1363 1974 1475 2027 gotio
1489 1973 1587 2015 dato
1602 1975 1688 2030 ipse
1699 1988 1795 2016 cum
1809 1988 1892 2015 una
1904 1989 2006 2015 nave
2021 1974 2073 2015 ad
2088 1975 2381 2030 speculandum
2397 1978 2592 2033 oppidum

1361 2044 1576 2098 processit.

1415 2113 1616 2153 XXVIII.
1650 2115 1875 2166 Quumque
1897 2112 1949 2152 ad
1967 2127 2108 2153 muros
2126 2113 2359 2168 appelleret,
2382 2116 2510 2156 amice
2526 2130 2597 2171 op-

1365 2244 1541 2285 Grecian
1560 2256 1748 2292 manner,
1769 2242 1846 2282 but
1866 2242 1965 2282 with
1992 2242 2160 2296 paddles
2181 2243 2316 2284 which
2346 2245 2441 2300 they
2461 2247 2594 2290 thrust

1362 2306 1451 2346 into
1471 2306 1541 2345 the
1555 2312 1682 2345 water
1705 2318 1748 2343 as
1770 2303 1930 2356 diggers
1951 2303 2006 2344 do
2025 2304 2132 2344 their
2152 2304 2310 2359 spades.
2331 2307 2420 2346 The
2441 2309 2594 2350 natives

1362 2382 1434 2407 use
1459 2367 1526 2407 the
1548 2380 1658 2406 same
1679 2364 1782 2405 kind
1805 2364 1852 2405 of
1876 2365 1972 2405 boat
2005 2374 2047 2406 to
2080 2367 2160 2405 this
2193 2366 2292 2421 day;
2320 2368 2351 2407 it
2369 2369 2401 2407 is
2423 2383 2446 2408 a
2468 2384 2594 2412 canoe

1363 2429 1483 2470 made
1506 2428 1554 2469 of
1572 2427 1725 2468 several
1751 2426 1866 2466 small
1888 2426 2030 2481 planks
2054 2427 2188 2467 nailed
2208 2442 2256 2468 or
2277 2443 2387 2469 sewn
2410 2432 2594 2484 together

1363 2492 1405 2531 in
1435 2506 1459 2531 a
1476 2490 1579 2531 rude
1601 2503 1774 2530 manner
1794 2489 1895 2528 with
1918 2488 2018 2529 cord
2050 2488 2169 2529 made
2198 2488 2304 2529 from
2334 2490 2402 2531 the
2427 2491 2528 2534 bark
2550 2496 2592 2535 ol

1363 2553 1599 2603 date-trees,
1638 2550 1720 2592 and
1748 2550 1880 2591 kalled
1917 2550 2035 2599 Καὶν,
2071 2551 2141 2591 the
2176 2551 2308 2591 whole
2343 2552 2465 2607 being
2495 2555 2592 2596 then

1363 2614 1548 2656 smeared
1568 2628 1666 2654 over
1687 2613 1787 2654 with
1810 2612 1995 2652 dammer
2014 2627 2062 2652 or
2091 2612 2219 2667 pitch.
2251 2630 2266 2650 »
2299 2614 2315 2666 ΙΙ
2335 2638 2391 2644 -
2415 2618 2456 2663 4,
2496 2617 2592 2658 κατὰ

1364 2677 1431 2726 τὰς
1443 2677 1592 2733 καλμὸν
1608 2678 1662 2717 D.
1689 2676 1774 2730 1)-
1787 2674 1826 2715 5.
1852 2674 1873 2714 ὁ
1889 2688 1972 2715 om.
1988 2676 2041 2715 D.
2058 2675 2074 2728 ll
2086 2676 2278 2729 -ὥσπερ
2294 2681 2456 2732 ποταμῷ
2469 2679 2590 2720 BCD.

1365 2756 1406 2795 9.
1428 2740 1609 2794 Κύιζα]
1648 2737 1772 2793 Apud
1795 2737 2062 2779 Ptolemaeum
2080 2745 2120 2777 et
2137 2738 2395 2778 Marcianum
2411 2738 2458 2779 τὰ
2477 2739 2594 2788 Κύιζα

1364 2804 1410 2844 λι
1424 2803 1539 2859 μήν,
1565 2802 1616 2843 ab
1645 2800 1904 2842 Alambatere
1932 2814 2067 2854 prom.
2099 2798 2214 2854 (Rus
2230 2799 2390 2841 Guadel
2402 2803 2418 2855 )
2441 2801 2594 2844 distans

1365 2879 1555 2907 occasum
1586 2877 1727 2904 versus
1759 2861 1898 2902 stadiis
1934 2865 2037 2912 400,
2069 2861 2141 2901 ubi
2175 2875 2288 2902 nunc
2317 2871 2484 2904 notatur
2511 2869 2595 2906 Ras

1366 2928 1543 2978 Glzunse,
1579 2927 1622 2966 in
1657 2939 1740 2979 quo
1773 2924 1891 2971 Κύιζα
1927 2937 2080 2963 nomen
2109 2924 2308 2977 agnoscis.
2334 2925 2349 2978 Ι)
2383 2949 2440 2957 --
2464 2940 2528 2968 11.
2554 2943 2594 2969 τε

1365 2991 1520 3031 δεῖπνον
1540 2988 1733 3029 ἐποιέοντο
1750 2988 1797 3027 L.
1823 2986 1915 3040 1)-
1934 2986 1997 3026 13.
2015 2985 2161 3027 πόλιν
2192 2985 2428 3041 σμικρὴν]
2450 2989 2594 3030 urbem

1364 3052 1473 3092 hanc
1488 3063 1735 3104 anonymam
1756 3062 1838 3088 non
1862 3055 2093 3088 memorant
2110 3047 2350 3088 Ptolemaeus
2365 3056 2404 3087 et
2423 3050 2592 3090 Marcia-

1366 3130 1458 3156 nus.
1475 3115 1570 3155 Non
1593 3113 1712 3164 longe
1731 3110 1781 3151 ab
1811 3125 1858 3150 ea
1878 3110 2000 3150 fuisse
2018 3109 2140 3149 debet
2162 3110 2493 3164 promontorium
2517 3112 2591 3151 Βά-

1365 3193 1467 3232 γεια,
1500 3175 1552 3216 ad
1575 3172 1708 3228 quod,
1736 3180 1852 3226 capta
1880 3171 1997 3220 urbe,
2020 3170 2154 3210 classis
2179 3170 2353 3210 Nearchi
2371 3172 2412 3210 in
2431 3169 2591 3213 ancoris

1365 3238 1560 3279 substitit.
1576 3235 1692 3276 Idem
1717 3246 1852 3288 prom.
1871 3231 2022 3271 habent
2036 3230 2277 3271 Ptolemaeus
2291 3240 2331 3292 et
2341 3233 2589 3284 Marcianus,

1365 3314 1544 3355 quorum
1564 3298 1631 3338 hic
1650 3295 1730 3336 250
1747 3293 1876 3334 stadia
1898 3292 1940 3332 id
1962 3292 2099 3333 abesse
2127 3291 2227 3332 dicit
2244 3307 2269 3332 a·
2285 3293 2430 3347 Cyizis.
2448 3296 2591 3335 Proxi-

1366 3378 1432 3403 me
1445 3361 1556 3417 apud
1579 3360 1665 3400 illos
1684 3357 1868 3411 sequitur
1884 3354 2137 3410 Caudryaces
2155 3354 2285 3410 (Ptol.
2302 3354 2315 3410 )
2334 3369 2406 3395 seu
2416 3356 2592 3411 Hydria-

1366 3440 1431 3465 ces
1456 3424 1612 3479 (Marc.
1638 3429 1679 3461 et
1700 3418 1908 3460 Ammian.
1931 3418 2089 3467 XXIII,
2113 3419 2165 3471 6)
2185 3417 2348 3467 fluvius,
2373 3419 2444 3472 qui
2463 3433 2592 3472 quum

1366 3486 1531 3528 nonnisi
1555 3483 1606 3524 ad
1625 3495 1755 3523 unum
1778 3495 1826 3520 ex
1846 3478 2009 3519 duobus
2031 3479 2165 3518 ssuviis
2198 3479 2311 3519 sinus
2334 3482 2491 3519 Guttur
2510 3481 2593 3520 sive

1368 3553 1559 3591 Gwattm·
1595 3543 1716 3599 (baie
1738 3541 1785 3582 de
1819 3543 2039 3594 quttur)
2074 3539 2217 3581 referri
2239 3541 2386 3596 possit,
2412 3543 2595 3596 sequitur

1366 3611 1487 3664 Bagia
1506 3622 1640 3664 prom.
1677 3605 1728 3645 ab
1756 3604 1913 3645 oriente
1938 3603 2052 3643 fluvii
2081 3603 2206 3643 situm
2241 3602 2385 3653 fuisse,
2420 3603 2594 3658 ideoque

1367 3673 1570 3729 pertinere
1599 3667 1651 3708 ad
1693 3665 1931 3707 orientalem
1971 3666 2087 3706 istius
2126 3665 2239 3705 sinus
2279 3667 2590 3715 extremitatem,

1367 3734 1569 3776 montium
1609 3730 1709 3785 jugo
1747 3728 1996 3769 distinctam.
2025 3728 2253 3768 Vincentus
2278 3725 2329 3767 ad
2360 3727 2591 3780 oppositum

1369 3799 1479 3839 sinus
1498 3796 1602 3836 latus
1620 3792 1767 3833 urbem
1800 3792 2063 3846 transposuit.
2099 3791 2114 3843 Η
2152 3814 2207 3821 --
2229 3793 2294 3830 16.
2323 3790 2411 3835 παῖς
2437 3802 2520 3828 om.
2541 3789 2588 3828 Β.

1371 3860 1386 3913 Η
1420 3882 1473 3890 —
1494 3871 1562 3911 27.
1585 3855 1690 3912 ᾔει]
1724 3855 1782 3895 sic
1805 3852 1929 3895 codd.
1953 3854 2104 3903 nostri;
2135 3850 2174 3907 ἴῃ
2195 3865 2271 3904 vgo
2302 3858 2395 3890 ante
2412 3849 2592 3890 Schmie-

1366 3920 1539 3962 derum(

1423 3983 1620 4031 XXVIII,
1651 3982 1720 4022 28.
1742 3979 1844 4036 αὐτῷ
1861 3979 1994 4034 φιλίως
2020 3976 2110 4032 πρὸς
2128 3975 2174 4017 τὰ
2200 3975 2330 4028 τείχεα
2346 3972 2444 4021 ξένια
2467 3973 2548 4016 BC.
2573 3973 2589 4026 Ι)
