2782 4348
76 228 144 286 (20,
158 227 226 285 27.)

79 329 270 385 Σκιώνη,
301 325 583 385 Κανάστραιον
608 325 680 376 τῆς
705 319 929 375 Παλλήνης
968 319 1077 380 ἱερὸν
1111 319 1304 386 ἀκρωτή-

78 417 179 459 ριον.
248 396 360 449 Ἔξω
383 393 426 439 δὲ
445 397 515 438 τοῦ
535 393 682 450 ἰσθμοῦ
701 389 840 440 πόλεις
861 388 964 434 αἵδε·
986 387 1188 439 Ὄλυνθος
1203 387 1308 434 Ἑλ-

78 468 216 523 ληνὶς,
247 461 501 523 Μηκύὸερνα
525 457 741 514 Ἑλληνὶς,
774 456 988 520 Σερμυλία
1022 456 1214 512 Ἑλληνὶς
1236 456 1307 501 καὶ

75 536 226 586 κόλπος
245 529 521 593 Σερμυλικὸς,
536 526 711 589 Τορώνη
730 527 846 578 πόλις
859 525 1053 582 Ἑλληνὶς
1072 526 1144 571 καὶ
1162 525 1305 585 λιμὴν,

75 608 171 650 Δῖον
202 598 417 659 Ἑλληνὶς,
461 595 627 647 Θυσσὸς
663 595 880 653 Ἑλληνὶς,
916 594 1107 642 Κλεωναὶ
1145 593 1311 649 (Ελλη-

74 673 156 727 νὶς,
174 669 301 720 Ἄθως
323 668 436 730 ὅρος,
459 666 677 728 Ἀκρόθωοι
701 665 894 721 Ἑλληνὶς
908 700 921 722 ,
946 665 1190 726 Χαραδροῦς
1213 662 1312 709 Ἓλ-

76 739 213 796 ληνὶς,
237 736 459 800 Ὀλόφυξος
477 735 695 791 Ἑλληνὶς,
717 733 914 786 Ἄκανθος
938 733 1152 789 Ἑλληνὶς,
1186 729 1312 782 Ἄλα·

74 829 159 855 πτα
197 807 411 866 Ἑλληνὶς,
449 806 671 869 Ἀρέθουσα
708 802 926 860 Ἑλληνὶς,
978 801 1119 856 Βολὸὴ
1164 801 1316 861 λίμνη,

73 877 330 927 Ἀπολλωνία
350 876 561 932 Ἑλληνίς.
629 874 725 922 Ἐἰσὶ
750 874 792 919 δὲ
815 873 886 918 καὶ
910 872 1033 918 ἄλλαι
1056 871 1319 922 Μακεδονίας

73 951 115 994 ἐν
136 946 328 1008 μεσογείᾳ
350 945 519 992 πολλαί.
586 942 713 990 Ἔστι
744 944 786 988 δὲ
808 942 1046 997 κολπώδης·
1078 941 1320 1002 παράπλους

75 1018 115 1063 δὲ
140 1016 233 1079 περὶ
256 1016 346 1068 τοὺς
365 1016 540 1067 κόλπους
573 1014 644 1059 δύο
663 1016 841 1075 ἡμερῶν.
908 1013 1028 1059 Μετὰ
1055 1010 1096 1056 δὲ
1119 1011 1320 1057 Μακεδο-

77 1192 288 1240 σειδώνιον,
333 1189 474 1230 Livius
507 1189 661 1238 XLIV,
706 1201 723 1227 1
735 1201 752 1227 1
791 1185 1009 1227 Posidium
1023 1216 1034 1235 ,
1074 1186 1321 1225 recentiores

77 1252 251 1293 Posidlzi
289 1252 352 1292 vel
387 1250 619 1292 Cassandra
637 1257 801 1290 vocant.
824 1250 840 1301 11
864 1273 921 1279 --
942 1248 973 1287 Κ
987 1263 1010 1287 α
1026 1262 1044 1287 ν
1058 1248 1171 1302 άστρ
1185 1262 1286 1286 αιον
1303 1248 1318 1301 ]

75 1317 141 1356 Sic
160 1314 311 1364 codex;
335 1312 449 1368 quod
465 1327 550 1353 non
571 1312 726 1351 mutavi
748 1312 791 1350 in
812 1310 1094 1364 Καναστραῖόν.
1117 1309 1218 1349 Vid.
1237 1310 1332 1349 Steoe

75 1378 201 1432 phan.
229 1391 261 1416 s.
295 1390 336 1415 v.
362 1375 584 1429 Κάναστρον
604 1374 705 1427 ibiq.
726 1372 938 1422 Meineke3
960 1371 1100 1426 Steph.
1117 1371 1318 1411 Thesaur.

40 1471 43 1474 .
78 1455 110 1479 s.
138 1453 178 1478 v.
202 1440 413 1491 Frequens
445 1436 569 1491 hujus
591 1450 728 1490 prom.
763 1436 920 1475 mentio
954 1433 1088 1487 (hod.
1111 1433 1268 1473 Palimi
1286 1435 1318 1486 ).

93 1503 184 1552 11-
203 1500 325 1539 ’Όλυ
339 1514 357 1538 ν
374 1500 480 1552 θος]
516 1497 655 1538 diruta
682 1497 748 1538 Ol.
790 1499 866 1538 108
880 1528 890 1546 ‚
921 1510 958 1536 1.
993 1497 1088 1545 348.
1118 1497 1201 1536 Sita
1222 1495 1321 1536 olim

80 1562 152 1602 ubi
177 1576 290 1601 nunc
318 1569 396 1601 stat
422 1560 506 1600 Aio
531 1562 712 1607 Mamas,
753 1573 834 1599 sec.
873 1558 1010 1599 Leake
1041 1559 1093 1597 N.
1130 1559 1205 1598 Gr.
1241 1560 1318 1608 III,

78 1637 121 1678 p.
149 1625 241 1672 154.
268 1623 332 1664 Cf.
356 1622 518 1663 Voemcl
540 1624 603 1662 De
625 1621 796 1676 Olynthi
817 1621 913 1670 situ,
936 1621 1114 1668 civitate,
1137 1621 1322 1674 potentia

79 1695 119 1727 et
136 1687 361 1727 eversione.
391 1684 582 1726 Francos.
606 1686 728 1737 1829,
752 1685 792 1724 8.
810 1681 1061 1724 Winiewski
1084 1683 1316 1723 Comment.

83 1749 134 1789 de
165 1749 380 1789 Demosth.
405 1762 467 1788 or.
488 1749 550 1787 De
569 1761 714 1787 coron.
736 1760 779 1800 p.
802 1749 853 1786 66
874 1758 966 1799 sqq.
984 1744 1135 1785 Navale
1150 1745 1320 1799 Olynthi

85 1813 183 1852 olim
206 1812 284 1852 fuit
306 1811 546 1864 ,Mecyberna
569 1808 711 1865 (nunc
733 1807 894 1849 Molivo
911 1809 943 1864 ).
972 1809 1026 1847 V.
1054 1807 1199 1848 Strabo
1221 1810 1318 1858 VII,

84 1875 136 1915 fr.
163 1887 232 1927 29,
255 1873 318 1914 Cf.
345 1874 557 1914 Hecataeus
583 1886 650 1926 ap.
676 1872 735 1911 St.
761 1873 808 1910 B.
843 1885 878 1911 s.
904 1885 963 1921 v.;
989 1870 1191 1911 Herodot.
1221 1872 1318 1921 VII,

85 1949 186 1986 1223
209 1937 410 1990 Scymnus
432 1937 534 1983 640;
558 1933 735 1974 Diodor.
750 1934 868 1982 XVI,
890 1933 967 1982 54;
990 1933 1146 1973 Plinius
1159 1935 1235 1982 IV,
1255 1947 1319 1987 17;

78 1998 184 2039 Mela
202 2001 258 2046 II,
283 1999 323 2048 3,
364 2000 514 2049 1.11-
533 1996 805 2052 Σερμυλία]
849 1995 1023 2050 Ἰσμυρία
1053 1995 1209 2044 codex3
1238 2010 1319 2036 em.

78 2062 250 2101 Vossius
286 2075 337 2100 ex
370 2060 510 2114 Steph.
549 2061 645 2113 Byz.
687 2072 695 2098 :
734 2058 944 2112 Σερμυλία,
984 2058 1094 2104 πόλις
1126 2057 1227 2111 παρὰ
1255 2059 1321 2098 τὸν

87 2123 200 2173 Ἄθω,
237 2124 287 2170 ὡς
330 2121 546 2169 Ἑκαταῖος.
587 2121 746 2162 Eodem
783 2120 912 2161 modo
952 2122 994 2161 in
1023 2122 1215 2174 Inscript.
1254 2135 1319 2175 ap.

79 2186 234 2226 Boeckh
258 2188 305 2226 C.
336 2187 370 2225 Ι.
397 2187 432 2234 Ι,
456 2200 499 2239 p.
528 2186 623 2232 304.
658 2183 874 2224 Herodoto
896 2183 925 2223 l.
952 2183 979 2222 l.
1017 2191 1057 2222 et
1087 2183 1321 2236 Thucydidi

78 2249 134 2298 V,
157 2246 577 2303 18Σερμύλη111οἰῐιιικ
595 2246 718 2287 Nunc
740 2244 926 2298 Ornylicc,
950 2244 1002 2284 ad
1024 2244 1174 2284 collum
1195 2244 1324 2284 Cher-

80 2311 215 2350 sonesi
250 2309 459 2350 Sithoniae.
485 2310 540 2348 V.
567 2307 702 2348 Leake
729 2308 805 2355 ΙΙΙ,
828 2320 871 2360 p.
902 2306 995 2354 154.
1019 2311 1033 2356 {1
1051 2330 1108 2335 —
1125 2306 1322 2360 Σερμυ-

80 2372 249 2426 λικὸς]
276 2371 510 2426 Συρμονικός
532 2369 678 2419 codex,
704 2384 784 2409 em.
818 2369 1000 2409 Vossius.
1034 2368 1137 2409 Alibi
1158 2368 1238 2408 hoc
1270 2369 1323 2408 si-

80 2448 158 2474 nus
180 2448 335 2473 nomen
355 2447 441 2472 non
466 2432 671 2481 occurrit3
696 2431 817 2484 vulgo
839 2439 902 2470 est
919 2431 949 2469 T
953 2430 1133 2485 ορωνικὸς
1164 2431 1227 2471 vel
1249 2432 1322 2470 Το-

82 2498 247 2550 ρωναΐος
267 2495 430 2545 κόλπος,
454 2495 588 2535 Plinio
610 2502 651 2534 et
664 2493 782 2534 Melae
804 2493 1102 2547 M'ecybernoeus
1119 2493 1251 2534 sinus.
1268 2518 1325 2525 —-

86 2561 237 2598 Torone
256 2558 473 2610 antiquum
489 2557 716 2596 etiamnum
731 2569 886 2595 nomen
899 2564 1046 2595 servat.
1068 2558 1085 2606 Η
1102 2579 1159 2585 -
1172 2555 1202 2594 Δ
1212 2557 1259 2595 To
1273 2558 1320 2611 ν]

84 2621 211 2660 Dium
235 2627 468 2659 memorant
491 2617 694 2658 Herodot.
718 2619 818 2667 VII,
851 2631 944 2668 122,
961 2617 1227 2672 Thucydides
1243 2621 1320 2669 IV,

82 2684 150 2735 78,
165 2682 310 2722 Strabo
322 2683 418 2730 VII,
438 2681 490 2720 fr.
507 2681 575 2731 33,
593 2680 788 2735 Stephan.
803 2682 921 2734 Byz.;
938 2695 989 2720 ex
1002 2681 1051 2720 iis
1063 2680 1189 2735 liquet
1204 2682 1322 2722 sitam

82 2743 205 2784 fuisse
227 2744 374 2784 urbem
397 2742 450 2783 ad
484 2741 616 2794 Ἀκτὴν
648 2757 774 2797 quam
808 2750 980 2792 vocant3
1013 2757 1035 2782 e
1059 2751 1202 2783 nostro
1233 2743 1323 2783 loco

81 2805 233 2860 colligis
267 2804 547 2846 collocandam
580 2807 624 2846 in
648 2820 722 2846 ora
753 2803 1025 2855 occidentali,
1061 2804 1243 2845 fortassis
1270 2806 1322 2846 ad

83 2867 183 2907 hod.
209 2868 544 2923 promontorium
564 2868 691 2922 Platy
711 2875 751 2908 et
766 2868 902 2907 sinum
923 2867 1084 2907 Erisso.
1109 2869 1164 2907 V.
1188 2868 1323 2909 Leake

83 2931 159 2980 III,
185 2945 226 2985 p.
269 2931 372 2981 1513
412 2931 611 2984 Forbiger
644 2932 722 2980 III,
763 2944 807 2984 p.
848 2932 967 2971 1068.
990 2932 1081 2982 ΙΙ-
1106 2929 1318 2986 Θυσσὸς]

83 2992 171 3031 θῦον
192 2992 348 3044 codex;
373 3008 454 3033 cm.
476 2994 663 3033 Vossius.
679 2992 743 3033 Cf.
765 2991 969 3033 Herodot.
989 2993 1086 3042 VII,
1105 3005 1157 3032 22
1174 3008 1185 3042 ;
1206 2993 1320 3033 Thu-

84 3054 177 3108 cyd.
201 3057 276 3106 IV,
307 3070 399 3109 109.
419 3056 475 3106 V,
499 3056 548 3096 35
568 3072 579 3106 ;
597 3056 744 3096 Strabo
766 3056 863 3105 VII,
883 3054 935 3095 fr.
963 3055 1041 3104 333
1066 3055 1223 3096 Plinius
1241 3058 1318 3105 IV,

90 3128 154 3168 17.
194 3118 300 3157 Situs
337 3119 539 3168 incertus;
581 3118 720 3158 forsan
744 3117 818 3158 ubi
841 3132 953 3157 nunc
990 3117 1223 3158 Dleoklziari
1260 3120 1322 3160 vel

85 3181 220 3228 Zogra
244 3194 284 3220 ιι.
306 3182 323 3231 Η
360 3204 417 3211 -—
435 3180 688 3235 Κλεωναί]
715 3180 890 3220 Κλεῶναι
914 3178 1068 3230 0οἀοΧ;
1093 3195 1206 3221 1111110
1222 3181 1318 3223 fort.

86 3241 380 3294 Xeropotamie,
401 3258 482 3284 sec.
502 3243 650 3284 Leake.
677 3245 700 3297 ΙΙ
715 3242 877 3298 -Ἇκρ
890 3243 939 3283 όθ
955 3258 1017 3282 ωο
1034 3244 1072 3297 ι]
1094 3242 1322 3298 Ἀκροθῶται

90 3300 234 3342 codex.
274 3302 500 3359 Ἂκροθῶται
522 3306 715 3359 εΈλληνες
737 3305 850 3360 conj.
886 3306 1071 3346 Vossius.
1118 3305 1322 3362 Ἀκρόθωοι

88 3372 148 3403 est
178 3378 243 3418 ap.
267 3367 457 3422 Thucyd.
481 3371 558 3419 IV,
589 3383 664 3423 109
683 3401 694 3421 ‚
720 3369 895 3410 Strabon
917 3369 946 3409 l.
967 3369 1014 3419 1.,
1038 3370 1178 3424 Steph.
1201 3372 1317 3425 Byz.:

92 3424 310 3479 Ἀκρόθωοι,
346 3429 455 3477 πόλις
490 3431 551 3471 ἐπὶ
583 3435 649 3483 τῆς
682 3432 797 3486 ἄκρας
824 3434 892 3472 τοῦ
930 3430 1043 3471 Ἄθω.
1078 3431 1132 3471 Τὸ
1171 3432 1319 3473 ἐθνικὸν

91 3487 298 3542 Ἀκρόθωος
330 3491 395 3530 καὶ
421 3490 682 3547 Ἀκροθωίτης.
714 3494 869 3534 Plinius
904 3495 981 3543 IV,
1012 3507 1060 3547 17
1085 3507 1094 3534 :
1121 3495 1320 3550 oppidum

74 3549 171 3602 fait
207 3550 248 3590 in
270 3552 476 3593 cacumine
506 3556 730 3596 Acrothon.
755 3556 862 3596 Mela
890 3558 947 3605 II,
973 3569 1013 3606 2,
1043 3570 1093 3597 10
1118 3570 1128 3597 ;
1161 3559 1319 3598 Acron-

87 3613 196 3652 tlzon.
215 3614 298 3653 Sita
313 3614 412 3654 urbs
423 3615 514 3669 πρὸς
528 3619 577 3672 τῇ
594 3620 738 3672 κορυφῇ
754 3620 822 3657 τοῦ
836 3617 1015 3666 Ἄθωνος,
1029 3633 1109 3658 sec.
1125 3620 1316 3661 Strabon.

85 3675 112 3714 l.
137 3675 163 3714 l.
193 3695 209 3710 «
232 3675 391 3716 Urbem
423 3678 466 3716 in
489 3678 628 3719 medio
659 3688 801 3719 monte
823 3680 886 3719 vel
915 3681 958 3719 in
989 3680 1106 3720 litore
1140 3683 1313 3735 positam

86 3745 203 3792 puto,
230 3752 331 3787 non,
360 3746 408 3778 ut
430 3740 683 3793 Pomponius
703 3740 812 3780 Mela
833 3749 874 3780 et
892 3741 1062 3791 Plinius,
1086 3743 1127 3781 in
1149 3745 1313 3794 vertice,

85 3814 209 3854 quem
232 3800 393 3840 minimi
409 3801 528 3855 spatii
547 3816 632 3841 esse
654 3810 828 3851 constat,
844 3803 968 3842 unius
991 3802 1204 3846 alteriusve
1221 3807 1316 3847 aedi-

84 3862 165 3902 ficii
190 3877 394 3918 capacem.
422 3884 438 3898 »
465 3865 604 3903 TAFEL
632 3863 684 3903 ad
707 3864 896 3904 Strabon.
921 3865 950 3905 l.
980 3865 1028 3915 1.,
1050 3866 1228 3909 conferri
1249 3869 1317 3922 ju-

75 3924 187 3965 ·bens
217 3926 422 3966 Zachariae
445 3925 560 3966 Reise
589 3925 630 3965 in
649 3924 725 3964 den
754 3925 895 3965 Orient
923 3925 978 3965 im
999 3929 1041 3967 J.
1072 3929 1191 3982 1837.
1218 3916 1313 3970 Hei-

86 3987 264 4041 delberg.
293 3990 414 4037 1840.
433 3990 487 4029 V.
508 3989 629 4028 etiam
646 3987 795 4038 Lcake,
809 3990 886 4038 ΙΙΙ,
912 3991 1004 4041 149.
1023 3991 1214 4031 Ceterum
1231 4007 1312 4032 non

86 4047 164 4088 1100
196 4050 286 4090 1000
320 4058 458 4105 postea
497 4050 773 4091 Alexarchum
805 4051 1061 4105 Uranopolin
1097 4053 1316 4095 :edificasse

1195 186 1507 266 PEmPLUS.

2550 244 2605 283 53

1373 334 1572 374 isthmum
1586 341 1683 374 sunt
1702 333 1824 376 urbes
1838 333 1902 374 hae
1924 347 1934 374 ε
1954 334 2159 388 Olynthus
2178 337 2275 376 urbs
2292 340 2449 390 Graeca,
2472 343 2607 399 Mecy-

1374 409 1504 449 berna
1529 409 1629 449 urbs
1653 411 1811 460 Graeca,
1838 410 2037 465 Sermylia
2053 410 2153 451 urbs
2173 412 2316 452 Graeca
2333 422 2372 453 et
2395 416 2506 456 sinus
2523 419 2611 459 Scr-

1376 483 1570 537 mylicus,
1600 485 1767 525 Torone
1792 484 1893 525 urbs
1919 486 2064 526 Graeca
2090 499 2185 525 cum
2206 495 2346 540 portu,
2368 489 2494 529 Dium
2514 492 2612 531 urbs

1378 558 1729 613 Graeca,Thyssus
1744 559 1844 600 urbs
1852 560 2011 609 Graeca,
2024 559 2186 600 Cleonae
2202 560 2301 599 urbs
2317 562 2473 612 Graeca,
2487 564 2614 604 Athos

1379 647 1515 683 mons,
1548 633 1747 674 Acrothoi
1766 633 1866 673 urbs
1889 618 2048 684 Graeca,
2079 634 2314 675 Charadrus
2333 636 2431 676 urbs
2455 637 2612 690 Graeca,

1382 708 1624 763 Olophyxus
1644 707 1744 748 urbs
1762 708 1921 758 Graeca,
1950 708 2162 749 Acanthus
2181 708 2279 748 urbs
2298 711 2454 761 Graeca,
2473 711 2617 767 Alapta

1382 783 1482 823 urbs
1493 784 1652 833 Graeca,
1672 782 1875 824 Arethusa
1885 782 1986 823 urbs
1997 783 2155 834 Graeca,
2169 784 2295 825 Bolbe
2307 785 2433 837 lacus,
2453 787 2617 842 Apollo-

1384 859 1453 898 nia
1467 858 1566 898 urbs
1584 859 1742 899 Graeca.
1788 858 1892 898 Sunt
1914 865 1955 897 et
1971 858 2057 898 aliae
2073 858 2211 899 multae
2231 859 2481 902 Macedoniae
2495 862 2617 903 urbes

1386 933 1708 986 mediterraneas.
1768 934 1842 973 Est
1870 947 1968 973 vero
1990 933 2058 973 hic
2079 933 2208 974 litoris
2236 943 2387 976 tractus
2412 937 2614 977 sinuosus.

1387 1008 1672 1049 Praetervectio
1686 1006 1805 1062 Juxta
1829 1008 1995 1047 sinuum
2020 1007 2140 1048 litora
2158 1017 2218 1048 est
2244 1009 2402 1050 dicrum
2421 1011 2615 1051 duorum.

1388 1191 1499 1237 patet
1528 1197 1578 1222 ex
1602 1183 1814 1222 Demetrio
1848 1183 2013 1237 Scepsio
2032 1197 2098 1237 ap.
2121 1184 2311 1225 Strabon.
2342 1186 2485 1241 fragm.
2522 1192 2616 1231 Vat.

1387 1245 1415 1284 l.
1438 1245 1465 1284 1.
1488 1248 1504 1296 Η
1521 1269 1578 1275 -
1599 1245 1918 1300 Χαραδροῦς]
1953 1247 2010 1285 510
2037 1246 2190 1296 0οἀοΧ;
2218 1262 2301 1288 non
2331 1250 2550 1305 Χαραδρίαι,
2577 1263 2622 1293 ut

1387 1307 1559 1346 Vossius
1596 1306 1752 1346 scribit.
1778 1306 1888 1346 Urbs
1922 1308 2076 1360 ignota.
2103 1311 2289 1350 Fortasse
2325 1312 2400 1352 sita
2435 1323 2521 1354 erat
2551 1316 2622 1355 ubi

1388 1383 1501 1408 nunc
1522 1377 1619 1408 sunt
1638 1370 1768 1408 ruinae
1790 1367 1843 1408 ad
1869 1371 2119 1425 Vatopecllzi,
2156 1387 2237 1413 sec.
2261 1373 2410 1414 Leake.
2436 1375 2462 1414 l.
2487 1376 2513 1415 l.
2535 1379 2552 1428 Η
2569 1401 2624 1408 —

1394 1429 1502 1470 Ὀλό
1514 1429 1679 1484 φυξος]
1703 1428 1899 1485 Ὁλύφυξις
1913 1431 2059 1472 codex.
2082 1436 2098 1485 ΙΙ
2116 1433 2223 1474 -Ἄ
2235 1434 2424 1491 λαπτα]
2442 1438 2624 1478 Fortasse

1387 1492 1608 1545 legendum
1633 1491 1741 1544 Ἀκτὴ
1777 1492 1953 1547 conjecit
1982 1494 2223 1546 Palmerius,
2255 1498 2341 1552 ipse
2369 1507 2503 1540 tamen
2531 1499 2625 1554 jure

1387 1554 1597 1605 dubitans,
1620 1569 1750 1609 quum
1779 1554 1888 1606 Ἂκτὴ
1914 1571 1996 1596 non
2024 1558 2075 1597 sit
2105 1558 2235 1608 urbis,
2259 1559 2329 1599 sed
2353 1563 2530 1614 regionis
2550 1578 2623 1603 no-

1387 1630 1595 1671 men,quae
1624 1616 1721 1657 inde
1740 1618 1792 1658 ab
1823 1619 1975 1659 isthmo
1997 1633 2128 1675 prope
2148 1622 2280 1661 Sancn
2302 1623 2516 1664 meridiem
2537 1641 2625 1666 ver-

1387 1693 1455 1718 sus
1478 1680 1675 1720 excurrit.
1709 1679 1826 1721 Idem
1857 1681 2082 1722 Palmerius
2106 1696 2115 1723 :
2146 1702 2161 1718 ιι
2184 1683 2425 1725 Plutarchus
2447 1689 2530 1738 Qu.
2561 1702 2620 1741 gr.

1387 1755 1423 1781 0.
1448 1742 1501 1782 30
1523 1756 1566 1796 p.
1600 1745 1697 1795 298,
1721 1745 1773 1793 A,
1795 1742 1840 1783 id
1855 1744 1951 1783 litus
1972 1754 2089 1785 vocat
2114 1744 2258 1800 Ἄραίου
2284 1745 2417 1798 ἀκτήν.
2441 1750 2505 1789 An
2528 1750 2623 1805 Scy-

1386 1803 1451 1843 lax
1474 1805 1683 1858 scripserit
1705 1804 1852 1860 Ἂραίου
1874 1805 2000 1857 Ἂκτὴ,
2014 1806 2174 1861 judicet
2193 1808 2334 1849 lector.
2358 1830 2374 1845 »
2395 1811 2537 1851 Sermo
2556 1827 2621 1867 ap.

1387 1866 1654 1908 Plutarchum
1685 1876 1744 1908 est
1768 1868 1821 1909 de
1843 1869 1934 1910 loco
1954 1871 2062 1910 circa
2092 1868 2327 1911 Acanthum
2360 1873 2523 1924 urbem,
2554 1877 2623 1929 qui

1388 1943 1518 1982 quum
1531 1929 1630 1970 olim
1639 1930 1854 1986 Δράκοντος
1863 1930 1959 1983 ἀκτή
1974 1941 2204 1983 vocaretur,
2218 1942 2358 1988 postea
2373 1932 2519 1988 Ἄραίου
2530 1934 2625 1987 ἀκτή

1388 1992 1678 2035 denominatus
1707 1996 1759 2036 sit
1792 1995 1867 2037 ἀπὸ
1900 2001 1976 2036 τῶν
2006 1995 2124 2051 ἀρῶν,
2157 1996 2308 2051 quibus
2341 1997 2625 2041 Chalcidenses

1388 2058 1528 2096 Parios
1562 2057 1827 2098 devoverant.
1864 2058 1944 2099 Sed
1976 2058 2064 2098 haec
2099 2059 2168 2098 vix
2204 2058 2257 2099 ad
2296 2074 2372 2099 nos
2403 2062 2622 2114 pertinent.

1389 2119 1545 2159 Gailius
1566 2121 1721 2173 Stagira
1743 2120 1824 2160 hoc
1850 2120 1941 2161 loco
1966 2120 2236 2162 memoranda
2261 2121 2383 2162 fuisse
2402 2122 2516 2164 dicit.
2547 2127 2623 2166 Ac-

1389 2181 1686 2234 quicscendum
1711 2190 1772 2221 est
1800 2183 1841 2221 in
1867 2183 2037 2222 nomine
2056 2183 2172 2223 urbis
2194 2183 2360 2224 aliunde
2379 2199 2463 2224 non
2490 2195 2622 2232 notae;

1388 2251 1498 2282 recte
1516 2251 1668 2292 autem,
1686 2251 1733 2282 ut
1744 2242 1938 2296 equidem
1953 2258 2114 2294 censeo,
2134 2245 2309 2299 Lapieus
2322 2246 2365 2285 in
2381 2248 2543 2287 Recueil
2556 2248 2625 2287 des

1389 2305 1631 2345 Itine‘raires
1646 2319 1688 2359 p.
1707 2301 1792 2352 ’346
1809 2305 1956 2345 urbem
1975 2307 2186 2360 componit
2203 2321 2298 2347 cum
2316 2308 2519 2349 hodierno
2535 2310 2624 2351 loco

1390 2365 1682 2421 Lybiadlza’vel
1694 2366 1949 2420 Lybtzadlza‚
1969 2381 2091 2421 quem
2109 2368 2283 2409 Leakius
2300 2371 2376 2419 ΠΙ,
2393 2384 2435 2424 p.
2452 2375 2528 2411 166
2546 2386 2623 2426 pu-

1390 2438 1450 2469 tat
1469 2431 1686 2484 antiquum
1715 2444 1801 2470 esse
1824 2430 1993 2484 Κάπρον,
2018 2439 2187 2484 portum
2209 2433 2478 2485 Stagirorum,
2511 2449 2534 2474 e
2562 2450 2624 2476 re-

1389 2493 1509 2545 gione
1542 2492 1684 2532 insulae
1728 2492 2000 2545 cognominis.
2036 2494 2091 2533 V.
2141 2493 2287 2533 Strabo
2328 2495 2425 2545 VII,
2464 2495 2516 2536 fr.
2553 2497 2620 2537 33.

1388 2556 1529 2608 Ipsum
1563 2555 1726 2610 Alapta
1747 2569 1899 2594 nomen
1922 2554 2199 2608 phoenicicum
2222 2555 2420 2610 quiddam
2445 2557 2525 2610 (cf.
2551 2573 2625 2599 no-

1388 2617 1501 2656 mina
1519 2620 1656 2671 Lepte,
1685 2616 1856 2671 Telepte‚
1882 2616 2077 2671 Talapta.
2098 2618 2153 2656 V.
2174 2618 2338 2657 Movers
2359 2620 2416 2668 Π,
2433 2632 2476 2673 p.
2499 2619 2578 2667 485
2601 2619 2615 2675 )

1388 2680 1533 2731 sonat(
1550 2677 1666 2718 Idem
1683 2678 1788 2718 valet
1803 2677 1855 2718 de
1870 2679 2062 2732 proxima
2075 2679 2194 2729 urhe,
2215 2679 2419 2734 Στάγειρα,
2444 2682 2626 2722 sta-chit·

1386 2741 1528 2795 phoen.
1552 2740 1584 2796 ),
1615 2755 1749 2795 neque
1784 2740 1835 2780 ab
1865 2734 1928 2781 his
1960 2741 2196 2794 regionibus
2233 2742 2446 2783 Phoenices
2475 2744 2626 2784 alienos

1388 2803 1510 2844 fuisse
1546 2812 1719 2844 constat.
1741 2805 1758 2855 Η
1776 2828 1832 2834 —-
1866 2802 1910 2843 ’A
1924 2819 1942 2858 ρ
1956 2805 1972 2844 ε’
1986 2805 2004 2843 θ
2017 2819 2037 2843 0
2054 2819 2073 2842 υ
2087 2819 2109 2843 σ
2122 2819 2144 2843 α
2164 2805 2177 2858 ]
2221 2805 2449 2859 Stephanus
2475 2819 2484 2845 :
2522 2805 2626 2861 Ἀρέ-

1389 2867 1527 2917 θουσα,
1559 2866 1670 2913 πόλις
1691 2866 1853 2921 Θρᾴκης.
1887 2865 2191 2921 Amphaxitidis
2218 2867 2317 2907 urbs
2346 2883 2426 2909 sec.
2451 2869 2622 2911 Ptolem.

1387 2931 1464 2980 III,
1488 2943 1552 2980 12,
1570 2944 1613 2984 p.
1637 2943 1734 2982 219,
1757 2942 1826 2983 27,
1845 2929 1954 2969 inter
1973 2930 2203 2984 Strymonis
2221 2931 2323 2970 ostia
2338 2939 2378 2971 et
2396 2932 2552 2985 Stagira
2568 2948 2628 2973 re-

1387 3001 1589 3033 censetur.
1623 2993 2078 3043 Ammianus'XXVII,
2111 2995 2152 3042 4,
2182 2992 2203 3032 5
2239 3006 2247 3033 :
2274 2991 2531 3043 Acontisma,
2558 2996 2626 3036 cici

1380 3056 1579 3111 proxima
1606 3055 1814 3095 Arethusa
1837 3053 2038 3094 convallis
2058 3063 2097 3093 et
2114 3053 2264 3102 statio,
2300 3054 2342 3094 in
2365 3070 2447 3110 qua
2470 3056 2627 3097 visitur

1387 3118 1610 3175 Euripidis
1621 3117 1864 3173 sepulcrum,
1881 3125 1919 3157 et
1930 3118 2110 3168 Stagira.
2127 3116 2355 3170 Stephanus
2372 3129 2380 3156 ;
2396 3117 2620 3171 Βορμίσκος,

1388 3180 1426 3221 ἐν
1461 3178 1494 3236 ᾧ
1538 3181 1846 3234 κυνοσπάρακτος
1879 3179 2039 3233 γέγονεν
2071 3177 2285 3232 Εὐριπίδης.
2323 3179 2419 3218 Itin.
2459 3180 2618 3220 Hieros.

1385 3259 1427 3299 p.
1455 3247 1535 3293 604
1572 3242 1794 3285 :Mutatio
1828 3240 2080 3296 Euripidis;
2115 3240 2174 3281 ibi
2199 3240 2366 3295 positus
2400 3241 2623 3297 Euripides

1391 3306 1403 3361 (
1419 3320 1472 3347 20
1485 3306 1584 3346 mill.
1607 3306 1658 3345 ab
1675 3303 1929 3358 Amphipoli,
1956 3316 2000 3342 11
2018 3302 2117 3342 mill.
2135 3302 2185 3342 ab
2199 3302 2458 3356 Apollonia);
2477 3304 2622 3344 Strabo

1385 3371 1483 3419 VII,
1518 3368 1568 3408 fr.
1596 3368 1646 3408 35
1672 3381 1681 3408 ζ
1707 3367 1799 3420 πρὸς
1817 3365 1857 3405 δὲ
1878 3367 1927 3420 τῇ
1949 3364 2068 3420 λίμνῃ
2092 3367 2140 3420 τῇ
2164 3364 2292 3420 Βόλὸῃ
2315 3363 2534 3419 Ἀρέθουσα.
2559 3369 2621 3406 Ex

1386 3431 1497 3471 hisce
1516 3432 1639 3470 situm
1664 3429 1779 3469 urbis
1798 3428 1893 3468 satis
1912 3435 2100 3467 accurate
2119 3428 2211 3467 licet
2233 3428 2496 3469 constituere.
2522 3431 2622 3470 Bor-

1387 3494 1537 3532 miscus
1564 3491 1779 3533 Arethusae
1800 3490 2015 3544 proximus
2042 3489 2155 3529 locus
2177 3489 2316 3539 suerit,
2344 3491 2420 3530 nisi
2444 3491 2622 3532 eundem

1385 3555 1504 3609 plane
1525 3554 1647 3594 fuisse
1665 3554 1778 3593 malis
1798 3566 1893 3592 cum
1911 3551 2082 3601 Taseli0‚
2101 3553 2167 3592 cui
2183 3560 2291 3592 certe
2305 3561 2375 3592 aut
2388 3555 2621 3594 Bormiscus

1384 3626 1454 3657 aut
1477 3618 1680 3658 Arethusa
1713 3630 1797 3655 esse
1821 3613 1984 3655 videtur
2006 3614 2183 3655 Reatina
2200 3616 2438 3670 posterioris
2462 3617 2534 3656 aevi
2557 3631 2619 3656 ca·

1388 3680 1562 3719 stellum.
1589 3681 1643 3719 V.
1668 3678 1782 3718 Tafel
1809 3677 1862 3718 ad
1890 3677 2080 3718 Strabon.
2105 3677 2133 3718 l.
2158 3677 2186 3718 l.
2212 3686 2252 3718 et
2274 3678 2316 3717 in
2335 3678 2621 3718 Thessalonica

1387 3757 1429 3796 p.
1458 3743 1524 3782 63.
1567 3742 1631 3782 Cs.
1667 3741 1802 3782 Leake
1832 3743 1889 3782 N.
1916 3743 1988 3781 Gr.
2011 3742 2088 3790 III,
2108 3754 2151 3795 p.
2181 3754 2273 3794 170.
2310 3743 2405 3788 460.
2427 3742 2516 3791 ΙΙ-
2534 3739 2618 3778 δύο

1387 3804 1409 3855 ἣ
1427 3820 1452 3858 μ
1467 3820 1481 3843 ε
1495 3819 1513 3858 ρ
1526 3808 1558 3843 ‹T›
1571 3820 1589 3843 ν
1610 3805 1624 3858 ]
1650 3803 1753 3843 Inde
1773 3818 1796 3843 a
1814 3805 1951 3844 Peneo
1977 3817 2107 3857 usque
2129 3801 2181 3842 ad
2210 3804 2467 3856 Strymonem
2493 3800 2616 3841 stadia

1388 3875 1483 3907 sunt
1501 3865 1552 3906 ad
1576 3867 1700 3907 3300.
1725 3866 1938 3917 Navigatio
1958 3879 2032 3919 per
2047 3866 2212 3904 sinuum
2232 3863 2360 3902 flexus
2377 3860 2617 3901 multifarios

1386 3931 1427 3969 in
1449 3929 1525 3968 hac
1551 3929 1720 3980 regione
1748 3926 2028 3981 perdifficilis3
2050 3926 2153 3966 adeo
2178 3933 2221 3964 ut
2249 3938 2326 3978 pro
2358 3923 2423 3962 δύο
2446 3922 2613 3977 ἡμερῶν,

1385 3990 1495 4045 quod
1521 3989 1630 4031 haud
1651 3989 1776 4029 dubie
1796 3997 2035 4042 corruptum
2059 3995 2133 4036 cst,
2160 3985 2452 4039 exspectaveris
2470 3983 2506 4023 δ’
2520 3984 2614 4039 ἣμε-

1387 4059 1461 4109 ρῶν
1486 4053 1580 4107 [καὶ
1608 4057 1767 4093 νυκτῶν.
1788 4052 1803 4105 ]
1824 4051 2018 4092 Similiter
2040 4063 2160 4104 supra
2183 4050 2205 4100 5
2226 4050 2248 4095 4
2270 4054 2355 4086 erat
2385 4045 2419 4086 δ’
2444 4046 2611 4104 ἡμερῶν,
