2756 4354
102 227 287 261 uxxw
482 199 529 243 .

102 333 217 379 quas
257 317 335 363 via
372 315 582 373 duceret,
620 324 824 360 naturam
850 321 894 357 et
929 318 1185 371 proventus
1202 317 1338 369 atque

104 392 380 454 populorum
417 406 567 439 mores
600 401 644 437 et
676 389 882 435 instituta
909 395 956 431 et
984 399 1086 445 quai
1121 394 1270 430 cetera
1286 384 1336 430 in

105 468 362 530 periegesin
385 466 735 528 geograpliicam
759 462 950 517 cadunt,
973 459 1121 506 fusius
1134 474 1335 520 expone-

101 542 239 597 bant,
262 542 376 588 adeo
396 552 445 587 ut
466 539 649 598 Σταομοὶ
680 537 836 583 titulus
855 534 1042 580 nonnisi
1066 533 1123 580 ad
1142 535 1338 582 stamina

105 618 261 680 operis
281 619 328 663 in
354 615 646 678 expeditione
669 610 860 657 militari
884 609 1049 673 scripti
1068 611 1333 673 pertineret.

102 692 279 739 Similis
299 708 410 737 vero
428 691 547 737 ratio
560 690 695 735 etiam
712 689 858 733 nostri
875 686 1031 750 operis
1049 686 1184 734 ruerit
1195 705 1209 745 3
1231 703 1335 734 nam

102 769 319 827 scriptum
344 775 411 810 est
440 773 623 810 auctore
644 763 863 822 Augusto,
893 778 1038 824 quum
1057 762 1198 824 Cajus
1214 763 1337 809 iilius

103 840 440 902 expeditionem
460 848 657 899 pararet.
685 839 803 883 Ante
825 837 983 884 omnia
1004 837 1149 897 igitur
1170 837 1336 883 Roma-

104 931 266 962 norum
292 915 452 959 usibus
486 911 827 959 inserviendum
861 922 984 970 erat,
1013 913 1246 973 cardoque
1270 913 1336 958 rei

99 991 367 1038 versabatur
388 991 436 1036 in
459 989 774 1036 describendis
787 989 879 1036 viis
898 989 1120 1036 exercitui
1137 989 1333 1036 idoneis.

99 1067 257 1127 ltaque
284 1066 472 1125 Σταθμοὶ
502 1064 704 1127 Παρθικοὶ
725 1065 886 1111 titulus
905 1081 997 1111 non
1018 1065 1171 1112 minus
1198 1080 1335 1126 quam

99 1145 212 1190 alter
239 1145 317 1190 ille
334 1143 392 1189 ab
417 1143 634 1189 Athenaeo
658 1143 823 1188 allatus
842 1143 898 1188 ad
918 1153 1063 1189 totum
1091 1158 1209 1204 opus
1227 1142 1338 1188 rese·

98 1219 267 1265 rendus
291 1234 409 1275 esse,
442 1229 486 1264 et
509 1235 603 1279 quo
635 1217 912 1278 exquisitior
945 1228 1012 1263 est
1036 1217 1163 1263 tanto'
1192 1218 1337 1277 magis

98 1296 343 1355 genuinam
387 1295 739 1356 inscriptionem
774 1309 1023 1354 coarguere
1061 1293 1257 1342 videtur.
1283 1293 1336 1339 ln

8 1391 10 1394 ’
97 1371 326 1433 excerptis
356 1370 544 1431 quidem
585 1369 772 1416 nonnisi
801 1384 894 1415 una
931 1370 1006 1415 via
1026 1384 1109 1431 per
1130 1368 1337 1415 boreales

98 1446 297 1492 maxime
320 1446 583 1507 provincias
605 1445 794 1491 tendens
814 1444 1087 1501 delineatur,
1116 1459 1218 1506 quae
1240 1459 1338 1490 me-

99 1520 375 1568 ridionalem
410 1522 595 1583 imperii
637 1531 827 1567 tractum
856 1521 938 1566 vix
968 1520 1167 1579 attingit,
1192 1535 1334 1581 quum

101 1607 252 1644 tamen
283 1598 419 1644 etiam
452 1598 517 1643 ’de
547 1596 815 1657 regionibus
838 1595 893 1641 ad
916 1596 1069 1642 sinum
1098 1594 1334 1642 Persicum

102 1672 206 1718 sitis
243 1683 473 1718 auctorem
505 1673 652 1731 egisse
687 1688 744 1718 ex
777 1671 995 1717 Athenaeo
1034 1680 1222 1719 constet.
1247 1670 1336 1717 Sed

99 1746 216 1792 nihil
234 1746 322 1793 hoc
342 1746 540 1808 probare
559 1747 742 1793 videtur
762 1747 852 1793 nisi
876 1757 1195 1808 excerptorem
1224 1747 1334 1793 reli·

99 1837 190 1883 qua
207 1822 444 1868 itineraria
457 1857 470 1879 ,
489 1838 592 1884 quae
608 1838 717 1869 sane
733 1822 928 1868 minoris
949 1822 1167 1868 momenti
1186 1833 1333 1879 erant,

99 1897 329 1945 omisisse.
344 1897 606 1944 Ubertatem
627 1898 922 1950 narrationis,
947 1912 1082 1958 quam
1104 1897 1336 1957 fragmen-

100 1982 146 2018 ta
165 1971 224 2030 ab
253 1972 470 2019 Athenaeo
492 1983 537 2019 et
561 1972 764 2019 Luciano
788 1981 967 2018 servata
991 1971 1264 2029 ostendunt,
1287 1973 1336 2018 in

100 2046 339 2093 nonnullis
361 2047 434 2093 vel
475 2048 746 2094 tenuissima
777 2058 937 2093 nostra
968 2057 1182 2109 excerpta
1215 2048 1334 2093 indi·

99 2133 230 2181 cant3
270 2140 374 2169 nam
418 2135 584 2186 praeter
619 2124 934 2181 mansionum,
968 2123 1068 2169 sive
1102 2124 1335 2170 minorum

99 2200 196 2246 sive
230 2201 486 2260 regiarum,
513 2202 701 2247 nomina
737 2211 783 2246 et
819 2201 1083 2258 distantias,
1111 2201 1335 2246 montium

101 2274 283 2336 fauces,
347 2275 542 2335 fluvios,
600 2276 838 2335 regionum
909 2275 1334 2333 denominationes,

98 2350 268 2410 passim
294 2361 481 2396 notatur
503 2351 542 2397 si
562 2351 668 2412 quis
684 2351 813 2396 locus
830 2350 902 2396 vel
933 2361 1107 2397 naturae
1126 2351 1249 2397 dono
1262 2353 1335 2398 vel
1418 2337 1422 2366 Ι

100 2426 210 2471 artis
226 2442 365 2488 opere
383 2427 455 2472 vel
476 2427 700 2486 religione
718 2427 792 2472 vel
819 2426 1018 2473 historia
1036 2428 1233 2488 insignis
1249 2439 1334 2475 est.

170 2502 271 2549 138.
309 2502 438 2562 Opus
470 2501 638 2547 isidori
674 2518 699 2547 e
732 2502 990 2548 serioribus
1031 2504 1337 2564 scriptoribus

100 2578 318 2639 perpauci
350 2577 616 2624 adhibuisse
652 2577 886 2623 videntur.
916 2578 1109 2633 Strabo,
1148 2581 1337 2639 aequalis
1416 2559 1422 2623 l

102 2653 195 2698 sere
221 2663 399 2706 auctor,
422 2654 478 2699 de
506 2653 704 2698 Parthia.-
730 2653 999 2713 regionibus
1023 2654 1183 2699 ducem
1203 2654 1338 2700 habet

102 2726 436 2789 Apollodorum
479 2729 809 2773 Artemitenum
825 2763 837 2784 ,
867 2728 947 2789 qui
992 2744 1100 2774 num
1140 2745 1337 2788 geogra-

101 2800 288 2863 phicum
308 2817 425 2863 opus
445 2818 501 2847 an
522 2802 791 2848 historicum
810 2805 1062 2865 scripserit,
1090 2806 1335 2851 nescimus.

100 2874 283 2922 Plinius
305 2876 362 2922 de
393 2876 465 2921 his
491 2876 794 2923 brevissimus
815 2894 941 2923 arma
967 2879 1169 2925 Romana
1187 2891 1230 2926 et
1253 2881 1339 2927 Ju-

100 2948 208 2995 bam
227 2951 455 3011 sequitur.
474 2951 563 3006 Qui
583 2962 741 3012 postea
756 2951 1062 2999 Romanorum
1086 2971 1158 3000 res
1178 2967 1338 3003 contra

101 3023 298 3073 Parthos
331 3036 479 3087 gestas
505 3027 820 3089 peculiaribus
854 3028 988 3076 libris
1023 3031 1334 3093 tradiderunt,

102 3100 191 3148 sub
204 3101 436 3149 Hadriano
454 3104 696 3161 Arrianus,
712 3104 842 3151 Lucii
859 3104 963 3152 Veri
987 3117 1192 3169 tempore
1212 3110 1338 3156 sutile

102 3175 430 3224 historicorum
451 3178 619 3239 vulgus
641 3195 668 3225 a
692 3178 897 3226 Luciano
915 3182 1155 3244 explosum
1170 3217 1183 3239 ,
1208 3184 1337 3231 deni·

21 3259 42 3302 ’,
103 3266 192 3311 que
224 3251 313 3298 sub
337 3253 623 3299 Diocletiano
652 3255 841 3302 Asinius
868 3256 1127 3312 Quadratus
1166 3261 1241 3319 (v.
1268 3259 1336 3308 Fr.

107 3325 161 3373 ll.
198 3336 304 3373 tom.
324 3327 410 3384 ln,
447 3346 494 3391 p.
532 3330 624 3375 586
662 3321 784 3392 sq⁰q.,
816 3334 907 3387 646
927 3349 1027 3395 sqq.
1051 3334 1081 3395 ),
1103 3334 1332 3381 isidorum

103 3421 196 3453 non
234 3409 380 3468 magis
402 3412 729 3474 usurpaverint
761 3428 896 3474 quam
923 3414 1192 3463 Ammianus
1220 3417 1338 3464 Mat·-

73 3533 80 3536 ,
103 3480 299 3528 cellinus
317 3484 552 3543 (xanG
569 3486 692 3547 )‚qui
709 3487 757 3532 in
776 3486 950 3535 Juliani
970 3489 1161 3538 historia
1178 3508 1339 3539 excur-

94 3569 207 3605 sum
235 3560 589 3620 geographicum
620 3562 676 3607 de
703 3562 907 3609 Parthici
934 3566 1119 3628 imperii
1148 3571 1339 3629 provin·

105 3629 196 3678 ciis
227 3630 475 3679 intertexit.
510 3634 780 3682 Ptolemaeus
817 3653 1003 3699 quoque
1035 3656 1140 3687 suas
1179 3643 1338 3690 harum

102 3704 344 3767 regionum
382 3707 561 3754 tabulas
602 3725 628 3755 e
663 3710 839 3771 pejoris
877 3723 995 3758 notae
1028 3716 1336 3777 scriptoribus

103 3778 359 3829 delineasse
377 3781 527 3831 debet.
555 3783 596 3828 T
597 3783 744 3831 abulae
764 3786 1131 3848 Peutingerianae
1152 3793 1338 3839 itinera·

102 3854 174 3903 ria
187 3856 238 3903 in
260 3854 439 3904 ultimis
458 3856 532 3904 his
548 3860 684 3905 terris
703 3861 870 3906 mirum
888 3874 1106 3923 quantum
1122 3878 1338 3931 corrupta

101 3939 228 3978 sunt.
251 3929 452 3978 Omnino
474 3942 623 3980 autem
641 3950 744 3996 quae
766 3936 952 3983 aliunde
969 3940 1184 3987 novimus
1205 3942 1339 4002 longe

103 4005 303 4064 plurima
319 4007 373 4053 ad
392 4009 656 4071 provincias
675 4011 979 4060 occidentales
995 4016 1116 4062 circa
1132 4015 1338 4079 Euphra·

1151 203 1621 253 PROLEGOMRNA.

1399 318 1489 354 tem
1502 317 1549 355 et
1562 307 1804 368 Tigridem
1818 308 1984 355 fluvios
1997 309 2105 354 sitas
2124 308 2356 371 pertinent
2368 326 2381 365 ;
2400 308 2459 354 de
2478 322 2639 363 remo-q

1399 381 1512 429 tiori
1536 391 1684 429 tractu
1713 397 1943 445 perpauca
1971 382 2212 430 traduntur
2238 383 2507 430 accuratius.
2525 382 2639 439 Qun
2667 432 2675 446 ς

1399 472 1541 518 quum
1570 457 1633 504 ita
1651 457 1760 514 sint,
1786 468 2002 520 excerpta
2029 468 2203 514 nostra,
2226 458 2521 520 quantumvis
2543 458 2638 506 exi·
2655 475 2676 520 *ἂ

1399 534 1486 594 lia,
1510 534 1672 581 eximii
1696 534 1836 597 pretii
1856 549 1957 581 esse
1966 533 2076 596 jure
2098 534 2262 581 merito
2284 544 2545 581 censentur.
2660 522 2686 594 ξ

1467 610 1571 671 139.
1597 610 1731 657 Ratio
1769 621 1919 657 autem
1959 611 2189 657 itinerarii
2236 611 2383 657 nostri
2419 613 2517 656 haec
2549 620 2633 656 est.

1398 684 1586 732 initium
1604 686 1745 733 sumit
1772 697 1932 733 auctor
1950 685 2009 731 ab
2024 695 2080 732 eo
2095 686 2197 731 loco
2217 686 2298 746 qui
2334 685 2551 733 Romanis
2574 686 2636 732 ab
2694 730 2701 746 ,

1399 760 1644 806 Antiochia
1669 760 1943 823 Euphratem
1972 760 2235 823 petentibus
2257 770 2354 807 erat
2375 763 2635 821 proximus.
2676 818 2678 820 Υ
2706 799 2709 803 .

1398 832 1846 895 ltaqueaZeugmate
1861 834 2094 896 profectus
2103 835 2325 881 orientem
2336 846 2380 882 et
2397 835 2638 882 meridiem
2691 894 2695 903 .

1398 922 1560 954 versus
1579 923 1662 970 per
1673 909 2077 955 Anthemusiadem
2103 910 2203 956 §ive
2223 910 2437 956 Batauam
2452 944 2465 967 ,
2487 910 2640 970 regio·
2677 906 2694 959 ,’

1404 998 1508 1030 nem
1537 983 1758 1043 fertilem,
1777 996 1822 1031 et
1846 984 1982 1046 juxta
2002 985 2232 1032 Balicham
2254 986 2447 1033 fluvium
2467 987 2525 1032 ad
2556 987 2639 1035 Ni-

1399 1058 1669 1120 cephorium
1693 1059 1861 1116 tendit3
1882 1060 1992 1107 inde
2018 1059 2152 1121 juxta
2178 1059 2452 1123 Euphratem
2485 1062 2640 1124 pergit

1399 1148 1546 1193 usque
1564 1133 1621 1179 ad
1641 1133 1892 1194 Neapolim
1916 1134 2026 1181 hinc
2053 1135 2217 1182 transit
2233 1134 2290 1182 ad
2308 1136 2472 1195 Tigrin
2494 1145 2540 1181 et
2559 1135 2638 1182 Se-

1399 1209 1609 1256 leuciam.
1638 1210 1885 1271 Hucusque
1909 1211 1968 1256 28
1995 1210 2256 1257 mansiones
2279 1221 2573 1258 recensentur
2594 1228 2604 1257 :

1549 1369 1743 1422 Zeugma.
1764 1370 1960 1423 Apamea.

1481 1450 1518 1479 1.
1553 1439 1698 1480 Daeara
1701 1466 2183 1480 ...........
2214 1438 2371 1480 schoeni
2432 1439 2455 1480 3

1477 1518 1519 1550 2.
1548 1506 2143 1558 CharaxSida-,Anthemusias
2159 1508 2351 1562 (Samug)
2432 1508 2454 1549 5
2564 1510 2589 1550 8

1480 1575 1520 1617 3.
1553 1575 1698 1619 Coraea
1723 1577 1766 1618 in
1796 1578 1950 1619 Batane
1956 1606 2339 1628 .........
2430 1578 2454 1618 3
2541 1590 2586 1618 11

1478 1645 1521 1694 4.
1550 1643 1839 1686 Mannuorrha
1860 1644 2044 1700 Auyreth
2051 1674 2341 1686 .......
2433 1645 2455 1686 5
2542 1649 2591 1687 16

1479 1710 1519 1752 5.
1552 1711 1886 1753 Commisimbela
1910 1710 1963 1753 ad
1983 1711 2187 1754 Balicham
2208 1712 2252 1754 ss.
2285 1741 2297 1754 .
2332 1743 2343 1754 .
2432 1715 2455 1763 4
2538 1725 2593 1756 20
2629 1719 2632 1743 Ι

1479 1781 1520 1820 6.
1553 1778 1724 1835 Alagma
1728 1809 2342 1825 ..............
2433 1783 2457 1824 3
2538 1781 2591 1824 23
2629 1749 2686 1822 Ι’“·’

1480 1847 1704 1901 7.1chnae.
1748 1880 1759 1891 .
1804 1878 2342 1894 ............
2432 1853 2456 1895 3
2537 1853 2593 1894 26
2630 1857 2632 1898 ε
2676 1846 2721 1870 ”

1480 1918 1521 1959 8.
1553 1916 1850 1973 Nicephorium
1879 1917 2102 1975 (nal-kale).
2143 1953 2153 1963 .
2189 1951 2213 1978 .,
2237 1951 2247 1962 .
2283 1950 2294 1962 .
2328 1950 2342 1963 .
2433 1922 2456 1963 5
2540 1918 2591 1961 31
2630 1904 2633 1956 f
2674 1923 2711 1971 «j

1479 1999 1521 2039 9.
1554 1984 1781 2028 Galabatha
1803 1988 1916 2028 vicus
1950 1986 2151 2031 desertus.
2186 1996 2292 2035 ,Q
2330 2021 2339 2030 .
2429 1993 2453 2041 4
2537 1986 2591 2029 36
2630 1974 2632 2038 J
2703 2014 2715 2018 -

1455 2067 1519 2096 10.
1547 2054 1790 2097 Chombane
1795 2086 2339 2101 ............
2433 2073 2449 2101 1
2538 2056 2591 2100 36
2630 2045 2632 2080 Ι
2691 2070 2722 2111 53

1457 2136 1520 2166 11.
1552 2123 1740 2166 Thillada
1756 2123 1983 2167 Mirrhada.
2013 2157 2023 2167 .
2055 2155 2067 2167 .
2097 2157 2107 2167 .
2141 2155 2153 2168 .
2189 2157 2198 2168 .
2237 2158 2244 2166 .
2282 2155 2294 2169 .
2330 2160 2339 2170 .
2429 2131 2453 2178 4
2536 2128 2592 2176 4ο
2630 2145 2632 2156 ⁴
2666 2118 2714 2187 ἢ]

1455 2205 1519 2235 12.
1553 2196 1591 2244 *,
1610 2194 1735 2248 regia,
1754 2195 1898 2237 Dianae
1912 2194 2055 2237 sanum
2079 2194 2249 2247 (Subian
2266 2199 2342 2237 Ze·
2631 2185 2633 2202 Ι
2699 2196 2711 2213 ⁴

1613 2262 1711 2318 leot)
1718 2295 2334 2310 ..............
2412 2265 2472 2322 [7]

1458 2330 1520 2371 13.
1557 2330 1675 2372 Allan
1697 2332 1810 2374 vicus
1815 2365 2198 2377 .........
2216 2364 2247 2378 -.
2283 2367 2294 2377 .
2330 2367 2340 2379 .
2430 2337 2454 2384 4
2539 2334 2589 2376 51
2630 2331 2633 2369 Ι

1458 2402 1521 2448 14.
1556 2399 1744 2452 Beonan,
1783 2402 1927 2443 Dianae
1950 2401 2091 2443 sanum
2098 2433 2345 2448 ......
2434 2406 2459 2454 4
2539 2401 2591 2444 55
2631 2370 2634 2437 Ι

1415 2506 1421 2520 ‚
1457 2469 1519 2507 15.
1553 2467 1719 2522 Phaliga
1740 2478 1781 2510 et
1800 2469 1995 2524 Nabagad
2013 2470 2300 2527 (Circesium).
2330 2504 2341 2515 .
2432 2474 2458 2514 6
2539 2474 2589 2514 61
2618 2463 2620 2465 ,
2666 2462 2731 2518 ⁴²„-

1553 2538 1777 2592 Hucusque
1785 2537 1837 2579 ab
1847 2538 2236 2581 Antiochiaschoeni
2251 2552 2342 2583 120.
2672 2539 2675 2542 ’

1554 2604 1662 2645 ilinc
1695 2604 1747 2645 ad
1777 2605 2002 2647 Seleuciam
2020 2635 2219 2651 .....
2251 2620 2343 2651 100.

1457 2674 1520 2711 16.
1554 2672 1702 2713 Asicha
1732 2673 1861 2715 vicus.
1906 2706 2341 2720 ..........
2431 2680 2455 2728 4
2538 2675 2590 2719 65
2670 2710 2673 2713 -

1460 2753 1523 2793 ¹7·
1555 2742 1669 2782 Dura
1687 2742 1773 2782 sive
1796 2743 1990 2798 Europus
2013 2757 2097 2799 opp
2103 2775 2372 2793 .......
2433 2759 2458 2801 7
2538 2758 2588 2800 71
2630 2737 2632 2763 Ι
2700 2735 2703 2737 ‚

1459 2809 1524 2850 18.
1555 2808 1752 2849 Merrhan
1775 2818 1875 2850 cast.
1897 2818 1937 2851 ct
1961 2810 2074 2852 vicus
2078 2841 2341 2857 .......
2433 2813 2456 2855 5
2538 2818 2592 2870 76
2630 2781 2632 2853 Ι
2695 2812 2702 2821 ’

1458 2888 1523 2928 19.
1556 2874 1724 2917 otddan
1746 2875 1952 2932 (Em-21)
1958 2909 2340 2925 .........
2431 2882 2455 2923 5
2538 2885 2588 2927 ει
2630 2854 2632 2933 Ι

1419 2912 1423 2994 J
1453 2957 1521 2985 20.
1554 2943 1682 2985 Belesi
1699 2945 1867 2987 Biblada
1874 2978 2342 2995 ...........
2432 2955 2458 2994 6
2538 2953 2591 2995 ss
2630 2951 2632 2985 ³

1453 3025 1521 3055 21.
1554 3013 1573 3033 ”
1598 3012 1744 3065 insula,
1764 3015 2101 3072 gazophylacium
2117 3018 2290 3076 (Kolta).
2327 3052 2338 3064 .
2430 3024 2455 3064 6
2537 3023 2589 3077 94
2629 3082 2631 3098 1
2690 3043 2693 3053 2

1452 3094 1522 3122 22.
1557 3082 1723 3124 Anatho
1741 3083 1872 3125 insula
1886 3092 1927 3125 et
1950 3099 2049 3141 opp.
2071 3086 2249 3142 (Anah).
2286 3121 2296 3131 .
2328 3119 2341 3134 .
2431 3092 2455 3140 4
2537 3091 2591 3143 98
2629 3102 2631 3142 J

1417 3138 1421 3234 J
1451 3151 1520 3192 23.
1551 3150 1751 3193 Thilabus
1770 3153 2211 3211 ins.,gazophylacium
2231 3157 2347 3211 (Te!·
2626 3144 2631 3192 J

1606 3219 1717 3276 bes).
1765 3254 2152 3266 .........
2179 3230 2199 3267 ’.
2236 3257 2246 3268 .
2283 3257 2294 3268 .
2330 3257 2341 3269 .
2429 3237 2455 3267 2
2512 3237 2590 3267 100

1453 3289 1522 3337 24.
1552 3289 1647 3329 han
1673 3289 1804 3330 insula
1824 3297 1864 3330 et
1883 3304 1981 3345 opp.
2010 3290 2100 3343 (EI
2120 3291 2240 3348 Uzz).
2279 3324 2289 3335 .
2327 3324 2338 3336 .
2408 3306 2456 3334 12
2513 3305 2590 3334 112
2625 3306 2629 3374 Ι

1454 3355 1523 3397 25.
1556 3354 1815 3411 Isoppidum
1842 3356 2004 3413 (Hieta).
2031 3389 2043 3401 .
2069 3390 2079 3400 .
2109 3390 2120 3401 .
2156 3390 2167 3402 .
2197 3391 2207 3402 .
2243 3391 2253 3403 .
2287 3392 2297 3404 .
2332 3393 2342 3404 .
2410 3366 2457 3403 16
2514 3363 2590 3405 128
2626 3382 2629 3451 Ι

1452 3426 1519 3465 26.
1555 3423 1781 3466 Besechana
1789 3457 2342 3475 .............
2409 3445 2457 3473 12
2513 3434 2598 3482 ¹40

1452 3506 1520 3548 27.
1553 3493 1743 3549 Neapolis
1762 3493 2044 3550 (Mae-dmm).
2080 3529 2090 3540 .
2120 3497 2235 3552 (cod.
2255 3500 2344 3557 22).
2407 3513 2455 3543 12
2513 3499 2589 3541 152

1452 3562 1522 3603 28.
1553 3560 1735 3603 Seleucia
1752 3560 1804 3603 ad
1833 3562 2008 3617 Tigrim.
2043 3595 2055 3608 .
2092 3598 2121 3618 .,
2138 3599 2336 3612 .....
2425 3583 2451 3624 9
2513 3571 2584 3611 161

1550 3638 1858 3692 Mesopotamiae
1875 3646 1916 3679 et
1928 3638 2342 3695 Babyloniaeschoeni.
2377 3658 2452 3700 171
2511 3649 2584 3688 161
2657 3673 2661 3679 ·

1472 3803 1573 3850 140.
1595 3798 1719 3845 Situs
1740 3798 1903 3845 horum
1921 3801 2125 3849 locorum
2142 3837 2155 3861 ,
2177 3814 2419 3867 postquam
2437 3803 2640 3866 Euphra·
2684 3790 2707 3825 ”

1403 3873 1464 3917 tis
1490 3871 1620 3917 fluvii
1664 3889 1847 3919 cursum
1890 3875 2156 3939 Chesneyus
2187 3878 2539 3939 diligentissime
2560 3894 2638 3926 ex·
2709 3881 2714 3883 ’

1404 3945 1623 4007 ploravit,
1646 3960 1877 4005 accurate,
1902 3952 2243 4012 utplurimum,
2265 3954 2633 4016 possuntconsti·
2704 3955 2719 3974 ²

1406 4021 1490 4066 tui.
1524 4022 1772 4069 Distantias
1813 4025 1942 4071 facile
1971 4038 2161 4089 apparet
2196 4028 2261 4074 ita
2299 4028 2554 4090 computari
2588 4037 2640 4075 ut
2707 4026 2711 4038 ³
