2808 4342
75 166 255 227 (at-⁴2.
262 169 274 222 )

72 285 134 315 725
161 269 210 330 ἐφ
213 263 467 313 ’ἑπτακόσια
491 260 638 315 στάδια
664 251 944 320 τεναγώδης”
917 277 1022 319 αγαν

156 354 227 382 και
250 331 554 395 δυσπρόσορμος
573 327 762 388 ἀλίμενός
782 346 826 373 τε
846 329 1058 379 παντελῶς

159 401 463 475 παρατέταται,
486 403 574 448 ταῖς
596 396 738 442 ναυσὶν
759 395 1003 458 ἐχθρότατος
1027 395 1163 448 τόπος.

158 465 250 517 Εἶτ’
269 464 519 526 εὐλίμενος”
493 483 600 526 ακρα
622 463 818 509 συνάπτει
841 464 1026 519 Θυνιάς,

155 543 226 594 τ’ἥς
249 537 436 590 Ἀστικῆς
456 532 626 597 Θράκης
648 533 876 595 ὑπάρχουσ’
903 534 1058 594 ἐσχάτη
1075 568 1087 590 ,

84 624 139 655 130
162 608 249 667 μεθ’
277 604 326 661 ἣν
345 603 463 654 πόλις
479 601 567 647 ἐστὶ
589 600 754 663 σύνορος
773 601 1044 649 Ἀπολλωνία.

154 673 306 729 ταύτην
326 672 368 717 δὲ
388 670 583 734 πρότερον
603 669 711 716 ἔτεσι
734 669 989 725 πεντήκοντά
1007 688 1084 715 που

152 743 332 796 κτίζουσι
351 744 422 796 τῆς
447 740 587 802 Κύρου
614 738 824 801 βασιλείας
844 737 918 794 τὴν
937 739 1056 784 πόλιν

153 814 208 863 εἰς
227 810 317 862 τοὺς
338 809 486 861 τόπους
506 809 686 860 ἐλθόντες
708 811 743 853 οἱ
762 808 989 863 Μιλήσιοι·

154 879 349 930 πλείστας
372 878 565 930 ἀποικίας
590 876 669 939 γὰρ
691 876 731 929 ἐξ
751 876 912 929 Ἰωνίας

69 965 131 997 735
154 948 338 995 ἔστειλαν
360 949 413 1000 εἷς
436 947 504 993 τὸν
526 947 705 1002 Πόντον,
731 944 774 990 ὃν
796 945 890 1007 πρὶν
915 946 1051 999 ἄξενον

157 1018 223 1064 διὰ
244 1016 316 1068 τὰς
336 1015 533 1067 ἐπιθέσεις
547 1015 766 1077 λεγόμενον
790 1019 870 1060 τῶν
893 1016 1112 1078 βαρὸάρων
1181 1034 1189 1040 ·

155 1084 430 1150 προσηγορίας
449 1085 647 1141 ἐποίησαν
670 1083 844 1136 εὖξείνου
863 1085 1018 1146 τυχεῖν.

158 1156 264 1218 Περὶ
287 1155 360 1211 τὴν
386 1154 590 1216 ὑπώρειαν
612 1152 654 1199 δὲ
671 1157 742 1199 τοῦ
766 1155 1019 1213 καλουμένου

156 1224 292 1285 Αἵμου
311 1224 426 1275 πόλις
444 1223 530 1269 ἐστὶ
547 1221 748 1285 λεγομένη
771 1221 1027 1284 Μεσημ6ρία
1041 1257 1052 1278 ,

67 1311 130 1340 740
156 1298 206 1356 τῇ
227 1293 395 1357 Θρᾳκίᾳ
420 1295 572 1354 Γετικῇ
597 1311 640 1338 τε
660 1293 923 1353 συνορίζουσα
944 1295 1011 1352 γῇ·

156 1364 434 1425 Καλχηδόνιοι
453 1362 607 1418 ταύτην
632 1360 674 1407 δὲ
701 1365 908 1423 Μεγαρεῖς
930 1361 965 1405 τ’
988 1360 1167 1423 ᾤκισαν,

149 1433 208 1478 ὅτ’
232 1433 300 1477 ἐπὶ
322 1430 483 1482 Σκύθας
506 1432 677 1492 Δαρεῖος
701 1429 980 1493 ἐστρατεύετο.

147 1495 281 1561 Αἷμος
298 1501 489 1562 μέγιστον
520 1499 554 1544 δ’
575 1499 684 1544 ἔστιν
704 1498 806 1559 ὑπὲρ
824 1498 949 1554 αὐτὴν
971 1498 1059 1561 ὅρος
1072 1533 1084 1554 ,

148 1573 207 1633 τῷ
228 1570 369 1616 Κίλικι
390 1569 545 1631 Ταύρῳ
569 1567 614 1613 τὸ
635 1567 802 1628 μέγεθος
824 1569 1113 1632 προσεμφερής
1131 1604 1134 1607 -

63 1657 127 1688 715
153 1643 204 1701 τῇ
224 1657 267 1684 τε
285 1637 393 1684 κατὰ
419 1642 549 1698 μῆκος
575 1640 654 1682 τῶν
679 1637 816 1683 τόπων
835 1638 1103 1699 παρεκτάσει·

149 1708 230 1754 ἀπὸ
248 1708 328 1770 γὰρ
355 1707 577 1770 Κροὸύζων
599 1709 678 1751 τῶν
698 1725 742 1751 τε
765 1709 977 1752 Ποντικῶν
1002 1706 1107 1767 ὅρων

60 1901 100 1926 ν·ε
87 1889 157 1926 ῶν
181 1885 198 1939 (
220 1885 292 1939 qui
319 1892 455 1924 tamen
488 1884 700 1937 regionem
725 1883 835 1924 hane
857 1882 910 1924 ad
944 1882 1301 1924 Thermodontem

21 1958 27 1968 ¹
59 1946 309 2000 transfert);
335 1946 557 2001 Sophocles
577 1946 774 1999 Antigon.
793 1949 873 1999 969
898 1936 1038 2000 ibique
1053 1945 1200 1995 schol;
1224 1946 1303 1985 He-

61 2008 199 2050 rodot.
218 2010 296 2059 IV,
329 2009 408 2062 933
432 1976 701 2063 Lycophron⁰
709 2010 787 2049 186
819 2016 861 2047 et
896 2010 1028 2057 1286,
1055 2007 1128 2047 ubi
1154 2021 1300 2062 perpe-

58 2085 150 2112 ram
161 2072 350 2112 Tzetzes:
376 2069 668 2125 Σαλμυδησσὸς,
687 2069 732 2110 τὸ
752 2069 890 2125 μεταξὺ
916 2069 1126 2117 Βυζαντίου
1144 2068 1208 2109 καὶ
1225 2069 1301 2108 Δα-

63 2133 214 2187 μάλεως
227 2133 395 2188 πέλαγος
413 2132 488 2173 ἀπὸ
509 2132 791 2187 Σαλμυδησσοῦ
814 2132 1091 2186 παραρρέοντος
1105 2133 1295 2185 ποταμοῦ.

57 2196 254 2251 stephan.
268 2198 366 2250 Byz.
384 2208 394 2236 :
409 2194 700 2249 Σαλμυδησσὸς,
719 2193 863 2241 κόλπος
878 2196 946 2233 τοῦ
962 2193 1117 2234 πόντου.
1131 2193 1298 2233 Arrian.

59 2258 207 2313 Peripl.
242 2261 264 2310 5
283 2257 352 2298 25.
375 2259 437 2297 De
453 2257 556 2296 urbe
575 2255 832 2309 Salmydesso
851 2269 891 2295 v·
909 2263 1058 2309 praeter
1076 2255 1299 2295 Arrianum

60 2320 302 2375 Apollodor.
333 2321 369 2369 I,
404 2334 445 2372 9,
468 2332 536 2358 21.
560 2318 669 2359 Mela
688 2319 752 2366 H,
778 2331 818 2358 2.
851 2317 958 2357 Plin.
997 2318 1074 2365 IV,
1114 2318 1177 2357 18.
1210 2317 1224 2369 Η
1244 2340 1300 2347 -

57 2395 157 2436 727.
181 2382 459 2436 παρατέταυται
477 2379 573 2420 cod.
599 2380 615 2433 11
643 2403 699 2410 -
721 2381 818 2432 728.
841 2377 973 2433 ἐλίμος
992 2386 1032 2418 01
1049 2377 1188 2425 ,Θυνίας
1202 2377 1296 2418 cod.

66 2445 82 2498 ΙΙ
111 2469 168 2475 —-
187 2457 284 2498 729.
306 2442 431 2495 Quod
452 2441 563 2496 apud
579 2441 814 2482 Fabricium
843 2442 915 2493 (et
946 2441 1044 2479 hinc
1060 2454 1126 2494 ap.
1147 2441 1301 2479 Meine-

58 2505 211 2561 kium)
244 2505 392 2559 legitur
433 2502 623 2554 Ἆστυκῆς,
662 2502 971 2557 typothetarum
993 2502 1124 2542 errori
1158 2500 1298 2542 deberi

60 2566 238 2607 videtur.
264 2569 327 2607 De
357 2567 481 2615 Astis,
506 2565 692 2606 Thraciae
715 2573 859 2618 gente,
885 2579 925 2605 v.
958 2564 1098 2618 steph.
1126 2565 1224 2618 Byz.
1256 2578 1295 2603 v.

65 2627 209 2677 Ἀσταί,
236 2627 307 2667 ubi
324 2642 419 2667 cum
438 2626 646 2667 Meinekio
665 2625 885 2678 legendum
909 2634 969 2666 est
995 2638 1004 2664 :
1030 2624 1168 2675 Ἀσταὶ,
1193 2624 1300 2673 ἔθνος

58 2689 221 2745 Θρᾴκης·
245 2688 511 2744 Ἀρτεμίδωρος
523 2688 561 2729 ἐν
575 2687 739 2743 ἐπιτομῇ
755 2692 829 2728 τῶν
846 2687 909 2726 ια’·
928 2687 972 2727 ‘cb
986 2687 1163 2738 κτητικὸν
1186 2685 1301 2727 Ἀστι-

61 2753 144 2800 κός·
170 2753 235 2793 καὶ
254 2750 402 2802 Ἆστικὴ
421 2752 557 2806 [χώρα
568 2750 802 2800 Βυζαντίων,
821 2750 872 2798 ὡς
891 2749 1118 2804 Θεόπομπος
1131 2748 1168 2789 ἒν
1189 2749 1295 2804 μζ’.]

59 2815 187 2855 Uncis‘
209 2813 365 2854 inclusa
394 2812 517 2854 codd.
553 2812 750 2852 exhibent
782 2827 814 2851 s.
855 2826 896 2852 v.
939 2810 1130 2857 Ἂστακός.
1152 2811 1298 2851 Strabo

59 2891 101 2931 p.
125 2878 221 2930 319.
244 2878 340 2917 320.
362 2876 518 2917 Plinius
536 2877 612 2925 IV,
646 2877 693 2916 18
714 2888 723 2915 ε
742 2874 887 2915 Astice
904 2873 1027 2926 regio.
1052 2874 1068 2927 Η
1084 2897 1140 2903 -
1156 2873 1252 2927 730.
1273 2873 1296 2924 ἥ

66 2937 305 2979 Ἀπολλωνία
320 2936 433 2988 cod.;
451 2952 534 2978 em.
553 2938 683 2977 Mein.
699 2939 761 2977 De
772 2936 930 2976 Milesia
946 2936 1103 2989 origine
1115 2934 1169 2975 cf.
1188 2937 1298 2976 Stra-

60 2999 116 3041 bo
129 3002 226 3050 VH,
241 3014 284 3055 p.
304 3001 383 3054 319
400 3016 410 3050 ;
431 3000 662 3054 Stephanus
681 3012 690 3039 :
717 2997 992 3039 Ἀπολλωνία..
1013 2997 1051 3038 ἐν
1069 2997 1174 3052 νήσῳ
1188 2998 1242 3051 (i.
1258 3013 1295 3039 e.

0 3110 4 3119 ᾗ
63 3062 104 3102 in
126 3063 370 3104 chersoneso
390 3065 406 3116 )
425 3061 517 3117 πρὸς
539 3063 588 3117 τῇ
606 3060 925 3116 Σαλμυδησσῷ,
919 3058 1074 3101 ἀποικία
1093 3058 1297 3111 Μιλησίων

62 3139 127 3163 και
148 3125 328 3166 Ροδίων.
348 3125 497 3166 AElian.
515 3126 571 3164 V.
597 3124 703 3163 Hist
729 3125 814 3173 III,
844 3136 922 3176 17:
949 3121 1278 3177 Ἀναξίμανδρος
1259 3121 1300 3162 οὲ

63 3184 239 3240 ἡγήσατο
258 3190 324 3238 τῆς
342 3203 391 3234 εις
418 3186 681 3228 Ἀπολλωνίαν
716 3184 757 3225 ἐκ
786 3184 964 3236 Μιλητου
997 3184 1184 3231 ἀποικίας.
1202 3186 1299 3224 Haec

64 3261 158 3287 cum
181 3250 331 3288 nostris
347 3263 448 3289 num
477 3239 733 3288 concilianda
756 3247 859 3296 sint,
891 3262 1005 3302 qtl'el
1009 3248 1105 3288 1101
1127 3249 1190 3287 Ex
1214 3246 1300 3286 vul-

67 3309 152 3360 gaii
181 3310 289 3348 enim
314 3318 512 3364 computu
538 3324 668 3363 quum
693 3309 1000 3350 Anaximander
1022 3324 1103 3350 500.
1130 3308 1298 3363 Apollo-

60 3369 216 3410 Ι(1010111
235 3379 353 3410 110105
369 3373 420 3411 sit
442 3387 509 3412 an.
536 3376 631 3420 610,
658 3371 875 3425 Apollonia
893 3380 1030 3412 autem
1053 3387 1134 3412 sec.
1157 3373 1298 3427 Scym-

66 3446 167 3471 num
183 3431 358 3473 deducta
376 3433 427 3473 sit
445 3435 553 3474 circa
568 3448 633 3473 an.
650 3437 746 3486 609,
765 3434 936 3474 minime
951 3435 1038 3474 haec
1054 3435 1295 3475 concinunt.

64 3494 173 3534 Fieri
210 3501 346 3533 tamen
375 3503 523 3548 potest,
567 3503 614 3534 ut
635 3494 911 3549 Apollodorus
941 3495 1299 3536 Anaximandrum

67 3570 248 3610 quoque,
283 3556 399 3595 sicuti
435 3557 718 3596 Democritum
752 3566 792 3596 et
826 3560 1112 3612 Anaxagoram
1149 3560 1166 3612 (
1182 3573 1221 3599 v.
1248 3560 1296 3600 C.

66 3617 293 3659 Hermanni
318 3617 435 3671 Disp.
460 3616 511 3657 de
531 3617 680 3672 philos.
697 3619 935 3659 Ionicorum
971 3620 1171 3661 aetatibus.
1197 3622 1298 3662 Got-

63 3679 171 3732 ting.
191 3680 295 3731 1849
314 3676 675 3731 >justojuniorem
692 3678 847 3719 fecerit.
875 3681 891 3733 Η
913 3705 970 3711 —
990 3684 1086 3734 740,
1114 3683 1210 3722 Vox
1233 3683 1298 3723 Γε-

61 3742 154 3796 ’τικῇ
185 3740 293 3798 lectu
331 3738 508 3779 difficilis
533 3739 576 3778 in
609 3739 703 3780 cod.
742 3741 949 3791 Parisino;
987 3742 1086 3783 hinc
1120 3745 1297 3798 spatium

62 3802 179 3843 vocis
201 3814 375 3841 vacuum
398 3801 442 3840 in
464 3814 605 3855 apogr.
629 3801 755 3841 Palat.
780 3802 972 3857 Suppleta
994 3804 1092 3844 olim
1114 3819 1163 3845 ex
1186 3809 1299 3847 Ano-

66 3865 182 3919 mymi
195 3863 446 3918 Peripl.‚qui
463 3861 605 3902 eadem
621 3862 780 3903 habete
794 3865 961 3906 Nostro.
984 3866 1000 3919 Η
1013 3890 1069 3897 -
1090 3870 1184 3921 741.
1204 3868 1299 3923 Καρ-

62 3926 246 3980 χηδόνιοι
261 3924 356 3966 cod.
373 3926 428 3965 V.
441 3923 643 3965 Herodot.
658 3927 734 3975 VI,
755 3926 805 3966 33
824 3939 834 3966 :
854 3927 1053 3974 Βυζάντιοι
1071 3930 1136 3983 μέν
1154 3945 1218 3971 νυν
1234 3932 1300 3971 καὶ·

67 3987 104 4026 oi
126 3988 285 4044 πέρηθεγ
311 3985 574 4040 Καλχηδόνιοι
599 3985 677 4026 οὔδ’
703 3986 906 4043 ὑπέμειναν
938 3987 1184 4039 ἐπιπλέοντας
1212 3993 1300 4038 τοὺς

303 4069 435 4097 0130011.
460 4067 490 4099 1.

1051 157 1234 206 omns·
1258 161 1634 211 DESCRIPTIO.

2510 193 2602 233 225

1316 279 1319 282 ’
1378 269 1431 310 ad
1449 273 1705 327 septingenta
1721 273 1851 316 stadia
1864 305 1875 324 ,
1899 275 2144 330 paludosum
2164 280 2278 320 valde

1379 346 1419 378 et
1440 338 1606 382 difficile
1629 342 1818 396 appulsu,
1836 351 2043 398 portuque
2062 359 2230 399 prorsus
2258 362 2396 389 carens
2412 383 2422 401 ,

1377 408 1618 461 porrigitur,
1641 411 1839 452 navibus
1827 412 2134 454 lnimicissimus
2149 415 2278 455 locus.

1379 476 1572 530 Sequitur
1586 493 1681 519 cum
1695 489 1821 535 portu
1835 482 2056 523 commodo
2067 493 2311 538 promontor
2315 487 2399 527 ium
2415 490 2608 545 Thynias,

1378 543 1493 597 quod
1508 546 1655 587 Asticae
1667 547 1858 589 Thraciae
1873 557 2104 590 extremum
2119 559 2193 591 est.

1378 612 1476 651 Post
1497 611 1540 652 id
1561 613 1660 653 urbs
1679 622 1740 654 est
1762 616 2019 657 contermina
2037 618 2278 672 Apollonia;

1378 679 1484 720 hanc
1510 680 1628 720 annis
1647 679 1731 721 fere
1753 682 2050 736 quinquaginta

1377 757 1471 788 ante
1491 749 1587 804 Cyri
1602 764 1776 803 regnum
1798 750 1943 791 urbem
1965 752 2150 794 condunt

1378 819 1419 857 in
1443 832 1490 859 ea
1512 818 1600 860 loca
1620 819 1828 860 venientes
1848 820 2017 872 Milesii;

1377 886 1574 940 plurimas
1588 887 1699 928 enim
1719 887 1898 928 colonias
1920 904 1971 929 ex
1985 890 2102 930 Ionia

1333 985 1340 993 ,.
1379 955 1577 995 miserunt
1593 955 1635 995 in
1653 957 1848 1006 Pontum,
1874 971 1997 1010 quem
2015 958 2129 1012 prius
2152 959 2441 1015 Inhospitalem

1377 1022 1431 1062 ob
1448 1021 1615 1063 insidias
1639 1021 1799 1063 dictum
1818 1023 2105 1074 barbarorum,

1375 1090 1596 1145 Hospitalis
1613 1105 1765 1131 nomen
1779 1091 1951 1148 effecere
1971 1094 2164 1134 nancisci.

1377 1158 1496 1198 Circa
1517 1157 1697 1199 radicem
1722 1160 1874 1199 montis
1894 1161 1960 1199 cui
1981 1175 2132 1201 nomen

1375 1226 1505 1265 Haemi
1523 1256 1535 1275 ,
1556 1226 1655 1266 urbs
1676 1235 1737 1266 cst
1755 1226 1865 1267 dicta
1886 1229 2134 1269 Mesembria
2148 1261 2159 1278 ,

1373 1294 1559 1335 Thraciae
1583 1296 1819 1350 Geticaeque
1837 1296 2013 1338 finitima
2028 1306 2162 1339 terrae.

1374 1363 1640 1404 Chalcedonii
1657 1373 1698 1405 ct
1714 1367 1973 1419 Megarenses
1989 1382 2080 1408 eam
2097 1368 2387 1420 condiderunt,

1373 1446 1502 1486 quum
1519 1442 1663 1474 contra
1684 1435 1852 1489 Scythas
1871 1436 2021 1480 Darius
2043 1452 2157 1478 arma
2178 1439 2321 1479 movit.

1372 1501 1540 1540 Haemus
1558 1501 1596 1540 ei
1618 1501 1862 1543 celsissimus
1882 1503 2071 1544 imminet
2087 1519 2204 1545 mons
2220 1536 2231 1555 ,

1373 1567 1524 1608 Ciliciae
1543 1570 1682 1609 Tauro
1700 1569 1843 1609 similis
1867 1571 2152 1624 magnitudine

1373 1647 1414 1679 et
1437 1639 1664 1680 secundum
1681 1640 1981 1694 longitudinem
1999 1642 2183 1683 locorum
2206 1646 2466 1696 extensione,

1373 1721 1397 1747 a
1414 1707 1609 1762 Crobyzis
1627 1709 1738 1748 enim
1766 1716 1805 1748 ct
1828 1709 1978 1749 finibus
1996 1711 2177 1750 Ponticis

1373 1883 1571 1932 Φοίνικας,
1589 1882 1849 1937 ἀλλὀἴχοντο
1864 1883 2191 1936 ἀπολιπόντεςτὴν
2209 1888 2388 1942 σφετέρην
2410 1888 2484 1928 ἔσω
2498 1889 2532 1936 ἐς
2543 1890 2608 1930 τὸν

1373 1944 1465 1992 Εύξε
1471 1959 1548 1985 ινον
1570 1946 1728 1994 πόντον,
1751 1946 1816 1986 καὶ
1839 1945 2001 1990 ἐνταυθα
2024 1948 2136 1988 πόλιν
2157 1948 2216 1988 Με
2201 1950 2408 2004 εσαμ6ρίην
2430 1949 2605 2003 οι’κησαν.

1373 2005 1438 2046 Cf.
1463 2006 1609 2048 Strabo
1638 2008 1802 2062 V11‚p.
1829 2009 1946 2062 319:
1975 2009 2463 2076 Μεσημ6ρία,Μεγαρέων
2498 2013 2607 2053 ἄποι-

1373 2083 1458 2119 κος,
1484 2070 1598 2123 πρότε
1584 2084 1666 2124 ερον
1687 2069 1728 2110 δὲ
1753 2070 1856 2110 Μενε
1841 2071 1960 2125 6ρία.
1989 2071 2074 2111 κτλ.
2101 2072 2116 2125 ΙΙ
2142 2096 2199 2103 —
2217 2076 2312 2126 742.
2336 2061 2608 2128 ἐστρατεύσατο

1373 2140 1466 2172 ante
1504 2133 1778 2183 Meinekium3
1820 2132 2062 2188 ἐστρατεύετο
2094 2144 2134 2175 01
2163 2135 2294 2176 codex
2330 2137 2538 2178 Parisinus
2569 2147 2609 2179 et

1373 2206 1515 2247 apogr.
1539 2194 1731 2234 Vatican.
1760 2202 1801 2233 01
1835 2194 1966 2234 codex
1992 2197 2201 2250 Anonymi
2223 2197 2374 2251 Peripl.
2394 2198 2603 2240 exhibent.

1378 2255 1394 2308 ΙΙ
1416 2279 1474 2286 ·—
1498 2257 1594 2309 743.
1615 2254 1795 2311 Αἷμος]
1825 2258 1922 2297 Haec
1944 2272 2024 2297 vox
2046 2258 2188 2298 ultima
2207 2266 2267 2299 est
2294 2259 2338 2298 in
2358 2259 2510 2300 codicIS
2529 2263 2605 2302 Pa-

1372 2317 1487 2356 risini
1506 2318 1653 2371 pagina
1678 2319 1770 2365 143.
1793 2319 1973 2371 Sequens
2001 2320 2177 2372 pagina,
2199 2333 2290 2373 quae
2313 2320 2479 2370 codicis,
2506 2335 2605 2375 qua·
2646 2319 2652 2325 ⁹

1372 2377 1451 2418 lem
1474 2394 1586 2419 nunc
1607 2379 1806 2419 habemus
1819 2410 1829 2429 ,
1845 2388 2051 2433 postrema
2069 2388 2143 2430 est,
2168 2382 2460 2436 proximosque
2474 2392 2604 2437 poetae

1373 2453 1511 2480 versus
1531 2441 1693 2481 circiter
1731 2440 1999 2494 quadraginta
2037 2442 2293 2492 continebat,
2325 2451 2457 2483 tantas
2479 2444 2606 2485 subiit

1372 2509 1605 2557 temporum
1646 2503 1944 2556 hominumque
1973 2502 2164 2557 injurias,
2199 2513 2246 2544 ut
2278 2504 2354 2558 legi
2395 2506 2496 2546 nihil
2526 2507 2603 2547 nisi

1372 2564 1532 2618 syllabae
1554 2565 1729 2605 literaeve
1748 2564 1935 2619 quaedam
1954 2565 2021 2605 hic
2046 2566 2126 2605 illic
2154 2566 2326 2620 possint.
2353 2568 2457 2618 Quae
2479 2568 2521 2607 in
2544 2583 2604 2609 se-

1373 2626 1594 2679 quentibus
1612 2627 1859 2666 exhibentur
1876 2634 2006 2679 poetae
2022 2625 2263 2679 fragmenta,
2278 2625 2495 2681 depromta
2509 2639 2604 2670 sunt

1372 2701 1422 2727 ex
1443 2688 1593 2742 Peripli
1614 2689 1734 2729 Ponti
1764 2688 1916 2728 Euxini
1938 2697 2104 2728 auctore
2133 2702 2363 2742 anonymo,
2398 2702 2522 2742 quem
2554 2705 2603 2731 ex

1371 2749 1522 2789 Nostro
1540 2749 1669 2790 multa
1690 2750 1734 2789 in
1752 2763 1825 2789 sua
1849 2749 2099 2789 transtulisse
2116 2748 2213 2789 inde
2232 2763 2256 2789 a
2278 2763 2398 2788 versu
2417 2752 2496 2803 724
2519 2760 2606 2792 erat

1372 2811 1609 2866 intelligere.
1635 2815 1696 2853 Ac
1711 2826 1808 2852 casu
1824 2811 1977 2851 factum
1992 2820 2052 2851 est
2067 2819 2113 2851 ut
2134 2810 2279 2851 ultima
2295 2825 2388 2865 pag.
2411 2813 2486 2860 143
2507 2827 2601 2863 vox,

1359 2871 1513 2928 Αἷμός,
1545 2874 1655 2929 apud
1680 2876 1819 2915 Anon.
1843 2874 2008 2915 initium
2034 2874 2086 2913 sit
2117 2872 2334 2926 fragmenti
2356 2874 2521 2928 poetici.
2541 2877 2604 2917 Ex

1373 2937 1421 2976 iis
1444 2951 1542 2976 vero
1568 2950 1660 2991 quae
1683 2935 1876 2990 deinceps
1905 2949 1971 2990 ap.
2000 2938 2139 2977 Anon.
2165 2944 2408 2989 sequuntur,
2430 2937 2604 2977 vocabu-

1371 2997 1458 3038 lum
1476 3000 1672 3053 μέγιστον,
1688 2998 1897 3052 literaeque
1912 3013 1932 3037 u
1951 3006 1992 3038 et
2010 3012 2030 3052 ρ
2049 3006 2089 3037 01
2106 3013 2144 3037 κι
2162 2998 2205 3036 in
2227 2997 2317 3051 ὑπὲρ
2335 3005 2376 3037 01
2398 2997 2524 3037 Κίλικι
2543 2999 2602 3038 in-

1372 3062 1494 3100 tentis
1531 3061 1659 3101 oculis
1689 3061 1812 3101 etiam
1859 3074 1971 3100 nunc
2009 3060 2052 3099 in
2096 3057 2248 3099 codicis
2280 3059 2427 3112 pagina
2459 3058 2601 3100 ultima

1372 3131 1584 3178 apparent.
1626 3124 1817 3164 Ceterum
1854 3121 1978 3175 primi
2018 3121 2178 3175 poetica
2199 3120 2285 3160 haec
2313 3134 2363 3159 ex
2392 3122 2600 3174 Anonymi

1372 3186 1531 3240 periplo
1543 3185 1758 3240 expiscari,
1773 3192 1812 3225 et
1823 3183 1895 3223 ubi
1910 3183 2031 3223 soluti
2047 3183 2089 3222 in
2102 3196 2263 3236 prosam
2278 3182 2439 3221 numeri
2450 3191 2597 3232 essent,

1374 3262 1512 3288 versus
1531 3246 1726 3288 recudere
1751 3246 2016 3285 instituerunt
2031 3245 2162 3284 Lucas
2181 3243 2413 3283 Holstenius
2430 3251 2470 3283 et
2490 3246 2598 3284 Isaa-

1374 3324 1446 3350 cus
1465 3310 1652 3350 Vossius.
1674 3307 1939 3349 Helsteniana
1957 3304 2087 3346 edidit
2113 3303 2356 3345 Theodorus
2375 3304 2530 3359 Rykius
2548 3306 2600 3346 ad

1374 3372 1524 3412 calcem
1553 3380 1743 3412 notarum
1775 3368 1961 3409 Holsten.
1987 3368 2028 3407 in
2071 3368 2263 3422 Stephan.
2302 3369 2398 3421 Byz.
2427 3366 2597 3422 (Lugd.

1373 3436 1463 3474 Bat.
1486 3438 1590 3487 1692
1607 3434 1619 3488 )
1638 3449 1647 3482 ;
1665 3431 1836 3471 Vossius
1858 3444 1930 3469 sua
1947 3428 2118 3483 protulit
2134 3432 2176 3468 iu
2194 3429 2301 3468 notis
2316 3427 2365 3468 ad
2387 3430 2596 3483 Anonym.

1374 3497 1533 3538 Deinde
1546 3510 1639 3536 cum
1652 3496 1807 3547 integra
1818 3493 1955 3533 Nostri
1968 3499 2082 3546 parte
2095 3492 2183 3532 haec
2192 3490 2422 3545 junxerunt
2436 3490 2602 3531 Hudso-

1374 3573 1473 3609 1105,
1499 3558 1668 3605 Gauius,
1692 3554 1955 3602 Letronnius,
1982 3553 2206 3603 Fabricius,
2227 3552 2472 3593 Meinekius.
2504 3553 2519 3606 ΙΙ
2543 3577 2599 3583 ——

1375 3623 1470 3675 743.
1494 3619 1613 3674 Αἷμος
1631 3618 1670 3658 δὲ
1691 3618 1868 3671 μέγιστον
1891 3614 2006 3655 dedit
2021 3615 2284 3665 Letronnius,
2302 3614 2544 3670 particulam
2561 3614 2600 3654 δὲ

1373 3685 1415 3723 in
1429 3681 1569 3723 codice
1585 3680 1720 3720 adhuc
1733 3692 1944 3733 superesse
1957 3691 2144 3726 1110110115,
2163 3690 2287 3731 quam
2301 3690 2375 3730 ego
2392 3684 2439 3716 ut
2460 3676 2599 3716 metris

1374 3743 1624 3791 consulatur,
1656 3741 1887 3795 transposui
1919 3754 1941 3780 e
1977 3738 2213 3793 conjectura
2246 3737 2455 3779 Meinckii.
2494 3738 2510 3789 ΙΙ
2543 3760 2600 3766 -

1375 3810 1470 3861 7.46
1489 3805 1586 3860 ὀρῶν
1608 3806 1777 3854 An0m.;
1795 3817 1877 3844 em.
1915 3804 1948 3843 Ι
1950 3802 2183 3844 etronnius.
2195 3803 2294 3843 Post
2314 3813 2454 3840 vocem
2470 3799 2597 3838 τόπων

1375 3882 1512 3908 v·e1sus
1531 3875 1568 3906 et
1593 3864 1790 3905 dimidius
1819 3864 1992 3915 excidit;
2015 3879 2112 3905 nam
2133 3863 2355 3903 verborum
2383 3858 2599 3900 διεκ6άλλει

1374 3932 1499 3971 τόπων
1522 3930 1561 3968 in
1581 3927 1722 3968 codice
1738 3928 1904 3981 vestigia
1920 3934 2139 3982 supersunt
2157 3926 2261 3965 linea
2280 3937 2381 3976 quai
2386 3930 2443 3970 ta;
2465 3919 2600 3960 media

1374 4000 1508 4032 autem
1524 3991 1629 4030 linea
1643 3998 1755 4031 sexta
1773 3988 2023 4043 distinguere
2038 3987 2173 4028 adhuc
2189 3984 2358 4025 licebat.
2368 3985 2467 4030 ,ζους
2477 3981 2596 4036 Θρακ,

2378 4063 2412 4091 ¹5
