2756 4354
0 98 29 125 Ἢ

16 122 30 130 ,7

894 146 973 207 DE
1006 146 1477 194 AGATHARCHIDE
1511 149 1736 197 CNlnlo.

49 258 203 303 ‘aetatis
225 257 304 313 (v.
329 254 401 301 Fr.
423 251 568 306 H.lv,
586 266 634 310 p.
660 251 798 304 377),
825 247 874 298 in
898 247 1049 292 medio
1076 247 1294 306 relinqui-

54 349 175 379 mus.
218 332 372 391 Neque
403 327 546 385 magis
579 334 755 370 constat
782 325 839 368 de
874 323 1169 382 AEthiopicis,
1194 339 1294 382 quae

23 435 26 438 ·
57 409 228 454 Suidas
267 404 429 451 tribuit
461 401 662 446 Charoni
692 400 1031 460 Lampsaceno,
1063 413 1147 443 nos
1185 413 1294 442 vero

52 481 262 527 Charoni
298 476 570 523 Naucratitae
607 474 830 519 historico
878 472 1158 529 vindicanda
1194 487 1293 518 esse

53 558 360 618 suspicamur.

123 649 198 691 92.
221 630 330 674 Post
349 637 415 673 tot
442 628 648 672 virorum
677 625 938 671 Graecorum
961 625 1139 684 itinera,
1157 638 1293 684 expe·

50 706 256 750 ditiones
280 703 583 762 conditosque
615 701 672 747 de
701 701 761 755 iis
785 702 1140 746 commentarios
1169 716 1293 759 quae-

51 795 131 826 ¹ras
145 778 363 840 quidnam
376 777 735 837 Agatharchides
743 777 839 822 suis
849 780 915 821 De
929 776 1045 821 mari
1059 775 1292 836 Erythraeo

15 848 23 878 ἶ
55 855 191 900 tibris
212 853 420 914 quinque
436 853 718 914 praestiterit.
741 857 912 898 Vereor
928 868 986 898 ne
1002 853 1180 897 minora
1201 852 1294 897 fue-

19 959 22 963 ·
54 930 152 975 rint
171 945 307 990 quam
327 929 678 990 exspectaveris.
703 928 878 983 Quodsi
895 944 953 973 ex
974 939 1104 989 parte
1131 943 1295 987 super-

54 1007 165 1052 stite
185 1006 433 1065 deintegro
454 1020 594 1066 opere
605 1005 835 1065 judicium
859 1004 976 1050 ferre
993 1005 1115 1060 licet,
1138 1019 1293 1049 narra-

15 1091 206 1126 *torem
240 1096 348 1126 sane
394 1079 618 1125 habemus
666 1094 881 1136 suavem,
929 1080 1291 1140 perelegantem,

59 1170 310 1216 omnesque
342 1155 446 1200 illas
476 1155 703 1200 orationis
740 1154 934 1200 virtutes
963 1154 1292 1210 ostendentem,

51 1246 174 1290 quas
208 1231 259 1274 in
301 1229 539 1275 historicis
571 1228 727 1274 Nostri
780 1229 962 1287 scriptis
1007 1244 1296 1288 summopere

15 1325 18 1327 >
59 1305 252 1351 Photius
273 1305 502 1364 laudavit,
537 1313 755 1364 tantoque
776 1303 1004 1363 promtius
1027 1318 1112 1347 nos
1133 1303 1295 1364 praedi-

51 1395 231 1439 ·camus,
257 1396 349 1440 quo
373 1380 526 1424 minus
546 1378 956 1439 geographicorum
976 1379 1224 1439 scriptores
1240 1380 1296 1424 de

50 1456 118 1506 iis
149 1456 335 1501 solliciti
359 1471 456 1501 esse
481 1456 643 1501 solent.
666 1456 725 1500 At
746 1455 898 1515 ipsum
921 1455 1039 1500 illud
1065 1456 1296 1515 elegantiae

52 1521 263 1576 studium
309 1531 358 1575 in
391 1546 546 1576 causa-
567 1531 708 1577 fuisse
740 1531 924 1576 videtur
960 1542 1011 1576 ut
1047 1533 1297 1591 negligeret

52 1618 216 1658 auctor
236 1606 447 1668 ἀκρίὸειαν
468 1607 617 1663 istam,
637 1623 738 1667 quae
762 1608 811 1652 in
836 1607 999 1652 ordine
1018 1610 1295 1655 narrationis

51 1683 303 1743 perspicua
320 1692 363 1727 et
375 1683 424 1726 in
441 1683 648 1728 locorum
666 1684 998 1744 regionumque
1010 1685 1293 1742 nominibus,

51 1759 169 1814 situ,
190 1758 380 1814 ambitu,
402 1759 632 1804 distantiis
655 1770 865 1805 accurate
888 1761 1162 1806 definiendis
1178 1762 1297 1822 posi-

61 1843 106 1877 ta
132 1833 408 1894 praecipuam
433 1834 682 1895 geographi
705 1835 886 1880 laudem
912 1836 1166 1882 constituit.
1196 1836 1297 1890 Qua

35 1919 211 1970 ·-spreta
228 1909 486 1968 diligentia,
517 1911 772 1971 pinguntur
788 1911 929 1956 nullis
952 1912 1298 1972 circumscripta

58 1983 210 2040 lineis,
236 1994 280 2029 et
294 2001 380 2046 pro
397 1985 612 2031 distincta
637 1978 837 2045 imagine
856 1986 1087 2047 praebetur
1110 1988 1297 2032 confusa

52 2060 442 2106 nitidissimorum
466 2062 573 2107 licet
606 2063 811 2107 colorum
849 2063 1047 2121 farrago.
1084 2062 1148 2107 Ea
1173 2064 1295 2108 enim

58 2126 206 2179 nostri
228 2136 383 2196 operis
397 2137 571 2196 species
591 2147 675 2192 est,
700 2147 751 2182 ut
771 2153 863 2182 non
878 2148 968 2182 tarn
991 2153 1017 2182 a
1035 2138 1296 2198 geographo

51 2210 340 2256 elaboratum
364 2222 496 2272 putes
520 2228 657 2271 quam
687 2228 713 2256 a
736 2212 918 2257 rhetore
943 2213 1265 2258 concinnatum
1280 2246 1293 2268 ,

47 2285 139 2344 »qui
160 2284 248 2330 hoc
270 2286 362 2330 sibi
384 2296 663 2346 proponeret
679 2297 728 2330 ut
750 2302 774 2330 e
793 2287 940 2331 variis
959 2287 1155 2331 aliorum
1184 2288 1293 2331 scri·

60 2359 157 2418 ptis
179 2359 349 2403 librum
363 2360 551 2403 eliceret
573 2375 803 2404 amoenum
829 2375 880 2404 ac
898 2360 1133 2419 juventuti
1159 2361 1295 2405 lecto-

54 2448 255 2490 ·rumque
283 2432 569 2477 multitudini
604 2443 730 2477 tanto
749 2434 1008 2491 gratiorem
1044 2450 1135 2494 quo
1153 2436 1296 2494 magis

54 2509 220 2568 procul
263 2507 453 2553 haberet
489 2519 657 2553 exactae
700 2509 920 2554 doctrinae
969 2511 1292 2556 austeritatem.

59 2583 199 2627 Missa
221 2582 363 2641 igitur
387 2584 492 2636 fecit
521 2595 599 2628 aut
624 2585 717 2630 levi
741 2585 958 2630 bracchio
986 2588 1132 2645 tetigit
1150 2604 1297 2647 popu-

55 2659 211 2702 ‘lorum
249 2657 555 2704 barbarorum
586 2661 775 2704 nomina
807 2660 1005 2706 horrida
1038 2672 1082 2706 et
1109 2662 1297 2722 jejunos

55 2749 276 2780 'numeros
292 2734 613 2780 distantiarum
636 2746 680 2780 et
692 2752 794 2795 quae
812 2747 960 2782 cetera
977 2753 1070 2781 non
1088 2748 1300 2798 poterant

14 2832 18 2834 v
54 2820 221 2855 ornate
254 2825 338 2855 nec
379 2826 459 2856 ore
502 2811 704 2872 proferri
744 2812 969 2867 rotundo;
1003 2823 1162 2857 contra
1186 2829 1298 2858 vero

56 2884 246 2948 operam
270 2886 396 2932 dedit
418 2898 468 2932 ut
500 2898 769 2946 argumenta
792 2889 1069 2933 narrationis
1100 2891 1208 2933 scite
1232 2904 1299 2933 sc-

61 2961 222 3021 ligeret
257 2973 302 3008 et
333 2964 580 3008 artificiose
612 2964 812 3008 variaret
848 2974 892 3008 et
925 2980 1021 3024 prae
1053 2966 1217 3009 ceteris
1246 2964 1298 3009 τὰ

56 3036 275 3094 θαυμάσια
294 3036 364 3082 καὶ
381 3037 595 3100 παράδοξα
613 3040 889 3100 amplectens
908 3039 1060 3099 iisque
1073 3039 1299 3086 inhaerens

64 3109 164 3168 ipse
186 3112 422 3158 videretur
445 3114 644 3174 scriptor
667 3114 971 3159 admirabilis.

45 3176 58 3194 ⁷⁵
121 3186 201 3244 93.
238 3187 475 3234 D1sros1'ro
510 3204 680 3236 opums.
712 3188 989 3248 Ter-rarum,
1034 3205 1144 3249 quas
1172 3206 1296 3235 mare

58 3257 223 3316 alluit,
250 3261 579 3323 descriptiones
610 3266 675 3309 ita
703 3274 883 3309 veteres
909 3274 1119 3310 auctores
1141 3265 1296 3326 dispo·

62 3347 175 3377 ‘nere
212 3335 357 3381 solent
388 3336 493 3383 ὥστε
529 3337 761 3395 σύμὸουλον
799 3341 1004 3383 ποιεῖσθαι
1037 3337 1111 3395 τὴν
1143 3338 1298 3384 θάλασ-

62 3425 159 3464 «σαν,
181 3410 231 3469 τῇ
246 3412 430 3473 παραλίᾳ
450 3413 684 3475 χρώμενοι,
709 3414 953 3475 ἡγεμονικόν
980 3433 1021 3459 τι
1039 3413 1112 3470 τὴν
1136 3416 1301 3460 θάλασ-

63 3499 147 3526 σαν
170 3481 370 3545 κρίνοντες
393 3488 469 3550 (v.
495 3489 665 3550 Ephor.
684 3506 757 3552 ap.
782 3490 978 3536 Strabon
998 3508 1045 3552 p.
1070 3493 1156 3544 334
1177 3492 1207 3550 ).
1246 3492 1302 3536 Et

0 3555 1 3597 J
67 3556 166 3601 haec
184 3557 367 3616 quidem
402 3564 534 3620 rati0‚
557 3580 648 3624 qua
676 3565 838 3611 ducem
862 3567 1064 3627 scriptor
1090 3567 1300 3627 sequitur

65 3646 196 3675 oram
227 3633 518 3694 maritimam,
537 3638 594 3683 ab
609 3655 753 3700 eaque
771 3641 828 3686 ad
844 3642 1193 3697 mediterranea,
1219 3641 1301 3687 ubi

65 3708 360 3754 commodum
391 3710 552 3770 fuerit,
573 3715 853 3774 digreditur,
878 3728 929 3764 ut
959 3719 1302 3777 simplicissima

72 3781 139 3825 sic
187 3784 254 3828 rei
299 3795 368 3830 est
420 3790 901 3841 accommodatissima.
945 3794 1303 3853 Agatharchides

68 3870 179 3901 vero
204 3859 354 3904 tritam
381 3861 506 3907 viam
538 3873 583 3907 et
618 3863 675 3908 ab
708 3866 905 3912 artificio
933 3869 1127 3913 alienam
1153 3869 1302 3927 legere

73 3931 235 3987 noluit,
267 3935 347 3979 sed
370 3936 435 3980 ita
454 3935 600 3982 libros
623 3939 867 3985 adornasse
893 3942 1094 3998 videtur,
1123 3954 1173 3988 ut
1195 3959 1300 4003 pars

66 4014 228 4049 eorum
248 4020 363 4053 esset
382 4010 603 4057 historica
626 4014 780 4073 potius
805 4029 937 4074 quam
968 4017 1296 4077 geographica3

2493 191 2569 224 txt

1353 248 1402 292 in
1427 251 1744 311 geographicis
1758 263 1905 297 autem
1921 255 2305 315 distinguerentur
2330 282 2475 313 rerum
2492 290 2574 328 ge-

1355 338 1482 381 nera,
1496 328 1833 387 separatimque
1843 341 2051 387 ageretur
2063 332 2118 376 de
2130 338 2326 394 populis,
2339 341 2394 385 de
2406 345 2577 403 bestiis,

1354 397 1409 441 de
1449 399 1617 458 plantis
1653 411 1761 461 etc.5
1797 403 1959 462 populi
2006 420 2163 451 rursus
2207 424 2579 470 componerentur

1355 473 1603 517 secundum
1627 475 1732 519 vitae
1766 475 1983 532 rationes,
2007 478 2201 538 ideoque
2228 481 2578 548 ichthyophago-

1356 562 1458 591 rum
1488 548 1622 592 titulo
1641 550 2134 610 comprehenderentur
2155 571 2311 600 omnes
2332 558 2406 603 isti
2424 567 2581 622 populi

1355 623 1436 681 qui
1470 637 1552 681 per
1587 633 1832 684 utrumque
1864 628 1991 671 sinus
2030 628 2214 674 Arabici
2245 632 2360 677 latus
2385 645 2429 678 et
2453 641 2585 683 meri-

1355 698 1585 744 dionalem
1615 699 1799 744 Arabiae
1832 716 1959 745 oram
1990 704 2170 750 etsinus
2203 705 2376 751 Persici
2413 709 2584 758 insulas

1357 774 1553 833 dispersi
1577 775 1775 835 piscium
1797 786 1985 836 captura
2000 778 2143 823 vitam
2161 790 2423 829 sustentant.
2448 786 2584 832 Deni-

1356 865 1446 909 que
1468 865 1610 910 quum
1652 860 1858 911 persaepe
1895 853 2079 911 quidem
2111 855 2161 899 in
2206 857 2277 902 his
2309 863 2585 910 narrationis

1358 925 1568 984 partibus
1591 925 1647 971 de
1670 942 1752 971 ora
1774 928 2005 973 maritima
2027 946 2177 982 sermo
2209 933 2382 995 fuisset,
2418 953 2498 982 nec
2521 950 2587 983 ta-

1358 1016 1461 1045 men
1478 1000 1604 1060 justa
1634 1003 1734 1061 ejus
1750 1002 2000 1064 descriptio
2020 1006 2323 1064 exhiberetur,
2346 1015 2586 1071 separatim

1357 1091 1516 1121 rursus
1536 1076 1591 1121 de
1615 1092 1668 1121 ea
1685 1092 1941 1122 sermonem
1961 1079 2175 1137 instituit,
2203 1085 2264 1127 ita
2281 1100 2390 1130 vero
2418 1097 2467 1130 ut
2489 1104 2588 1147 quae

1357 1151 1405 1194 in
1428 1151 1801 1199 antecedentibus
1830 1152 1926 1213 jam
1951 1157 2248 1215 exposuisset,
2269 1161 2510 1222 omitteret,
2528 1152 2590 1209 'ex

1357 1227 1547 1285 reliquis
1567 1238 1716 1273 autem
1750 1230 1938 1275 nonnisi
1966 1230 2023 1275 ad
2056 1232 2289 1278 mirabilia
2318 1246 2361 1280 et
2379 1236 2429 1280 τὰ
2449 1237 2588 1299 πόρρω

1356 1300 1525 1360 κείμενα
1552 1302 1632 1347 ἀπὸ
1653 1305 1727 1358 τῆς
1748 1303 1961 1359 συνηθείας
1994 1307 2257 1354 attenderet.
2278 1309 2353 1353 Sic
2376 1312 2586 1369 mixtum,

1357 1377 1560 1434 varium,
1588 1378 1806 1424 diffusum
1827 1395 1943 1441 opus
1977 1382 2218 1439 conflavit,
2245 1384 2373 1444 cujus
2398 1402 2587 1446 geogra-

1357 1453 1493 1513 phica
1511 1454 1550 1499 si
1574 1455 1678 1514 quis
1706 1456 1753 1500 in
1775 1455 1932 1502 tabula
1950 1457 2179 1504 delineare
2203 1462 2358 1505 omnia
2380 1472 2586 1519 tentaret,

1358 1530 1498 1574 nullis
1523 1531 1709 1576 aliunde
1725 1533 1937 1578 assumtis
1957 1535 2162 1595 auxiliis,
2185 1539 2452 1597 perplexum
2484 1555 2590 1586 sane

1358 1606 1589 1664 negotium
1613 1610 1876 1668 susciperet.

1422 1688 1497 1739 94.
1519 1682 1606 1727 Sed
1626 1684 1781 1744 paullo
1799 1686 2054 1730 accuratius
2073 1699 2338 1745 argumenta
2354 1700 2588 1748 excerpto-

1359 1772 1462 1801 rum
1485 1758 1833 1817 perlustremus.
1862 1759 2001 1805 Initio
2021 1761 2131 1806 libri
2157 1763 2296 1823 primi
2318 1778 2465 1809 sermo
2495 1776 2590 1810 erat

1357 1832 1413 1876 de
1429 1833 1675 1879 Ptolemaeo
1686 1834 1742 1889 ΙΙ,
1763 1836 1915 1895 primo
1933 1847 2150 1882 venatore
2166 1839 2452 1899 elephantum
2470 1841 2510 1899 (§
2528 1841 2585 1900 1).

1358 1909 1534 1955 Deinde
1573 1910 1687 1972 (2-8)
1721 1922 1879 1957 auctor
1907 1912 2071 1959 docere
2097 1915 2246 1960 studet
2267 1916 2388 1960 unde
2424 1932 2589 1961 nomen

1358 1982 1521 2029 habeat
1541 2000 1665 2030 mare
1693 1985 2002 2046 Erythraeum3
2027 2004 2118 2048 qua
2139 1990 2188 2034 in
2208 2006 2257 2034 re
2279 1990 2506 2034 Persicam
2527 1992 2587 2035 fa-

1355 2059 1509 2104 bulam
1540 2061 1639 2121 ipse
1674 2073 1857 2107 secutus
1893 2064 2060 2108 refellit
2087 2065 2280 2109 aliorum
2319 2067 2585 2121 sententias,

1356 2144 1400 2178 et
1415 2134 1612 2180 verbosa
1624 2136 1819 2181 diatribe
1838 2137 1957 2182 ridet
1970 2138 2097 2197 vulgi
2114 2139 2443 2195 credulitatem,
2466 2141 2588 2200 quod

1357 2208 1531 2254 Graecis
1556 2211 1722 2256 fabulis
1745 2212 1880 2256 fidem
1904 2229 1998 2257 non
2028 2214 2232 2272 deneget.
2270 2216 2352 2260 His
2367 2215 2587 2260 absolutis

1358 2286 1415 2355 ad
1434 2286 1700 2345 elephantos
1734 2288 1852 2331 redit
1875 2288 1916 2346 (3
1938 2290 2001 2347 9).
2034 2290 2145 2342 Quae
2168 2290 2333 2334 deinde
2355 2291 2585 2349 leguntur,

1356 2373 1414 2402 ex
1436 2361 1642 2403 oratione
1661 2361 1803 2419 petita
1821 2370 1927 2404 sunt
1946 2363 2003 2405 de
2020 2361 2144 2406 bello
2176 2373 2333 2406 contra
2354 2363 2586 2423 AEthiopes

1357 2433 1647 2492 suscipiendo
1683 2434 1726 2492 (S
1747 2450 1763 2476 1
1780 2434 1903 2493 1-18)
1921 2451 1933 2489 ;
1959 2433 2271 2493 subjiciuntur
2293 2438 2512 2482 nonnulla
2531 2439 2587 2483 de

1358 2508 1496 2552 armis
1513 2508 1774 2569 AEthiopum
1791 2542 1804 2563 ,
1827 2518 1875 2553 et
1890 2509 2121 2567 quomodo
2139 2509 2409 2556 Ptolemaeus
2432 2514 2586 2557 nescio

1357 2584 1461 2642 quis
1477 2585 1654 2643 equites
1672 2583 1796 2628 bello
1819 2583 2075 2642 AEthiopico
2098 2584 2344 2630 destinatos
2359 2586 2587 2632 instruxe-

1358 2658 1419 2702 rit
1442 2656 1483 2718 (§
1513 2674 1586 2715 19,
1610 2658 1705 2717 20).
1744 2657 1969 2703 Hactenus
2002 2659 2233 2718 pertinent
2251 2670 2463 2720 excerpta
2479 2661 2588 2706 libri

1357 2734 1514 2793 primi.
1544 2734 1596 2777 ln
1638 2750 1729 2792 quo
1763 2750 1903 2794 quum
1943 2734 1999 2779 de
2036 2735 2291 2795 elephantis
2322 2739 2515 2781 maxime
2547 2749 2591 2782 et

1358 2800 1647 2869 AE‘thiopibus
1666 2825 1814 2854 sermo
1843 2810 1980 2854 fuisse
2005 2810 2233 2868 videatur,
2262 2820 2307 2855 et
2327 2811 2589 2871 elephantos

1357 2883 1554 2928 venandi
1581 2883 1780 2928 studium
1793 2894 2009 2942 regnante
2033 2883 2278 2929 Ptolemaeo
2290 2884 2589 2946 Philadelpho

1358 2958 1638 3020 AEthiopica's
1651 2959 1860 3018 regiones
1870 2960 2070 3020 primum
2083 2961 2325 3020 aperuerit,
2339 2961 2591 3021 iisdemque

1360 3034 1522 3080 bestiis
1546 3035 1766 3080 debeatur
1787 3046 1839 3080 ut
1861 3035 1946 3081 sub
1970 3037 2132 3081 ceteris
2154 3035 2408 3080 Ptolemaeis
2428 3037 2590 3094 cogni-

1361 3111 1425 3154 tio
1462 3110 1624 3155 harum
1659 3121 1893 3155 terrarum
1935 3110 2130 3156 subinde
2159 3120 2289 3155 aucta
2309 3109 2368 3154 sit
2389 3126 2398 3153 :
2433 3121 2591 3169 sponte

1360 3189 1561 3232 nascitur
1574 3187 1773 3247 suspicio
1783 3186 1925 3247 primi
1941 3185 2048 3229 libri
2064 3194 2376 3243 argumentum
2392 3185 2587 3244 positum

1363 3262 1503 3307 fuisse
1539 3262 1590 3306 in
1629 3262 1826 3307 historia
1853 3277 2030 3317 rerum,
2070 3260 2236 3320 quibus
2271 3259 2591 3305 meridionales

1360 3339 1438 3382 isti
1463 3348 1631 3383 tractus
1667 3339 1715 3382 in
1749 3337 1955 3382 notitiam
1980 3336 2242 3381 Graecorum
2277 3336 2588 3396 pervenerint.

1359 3413 1622 3458 Nax-raverit
1637 3413 1778 3471 igitur
1792 3413 1992 3473 primum
2011 3411 2066 3456 de
2082 3411 2326 3456 Ptolemaeo
2341 3410 2386 3454 ll
2408 3421 2592 3455 venato-

1362 3505 1434 3534 res
1450 3490 1698 3544 emittente,
1720 3488 1867 3547 deque
1891 3486 2182 3531 Ptolemaidis
2199 3485 2257 3530 ab
2278 3484 2476 3530 Eumede
2493 3501 2594 3529 con-

1362 3565 1468 3609 ditae
1488 3563 1767 3623 originibus,
1790 3563 1954 3608 deinde
1977 3561 2207 3622 quomodo
2228 3561 2306 3606 alii
2326 3562 2463 3605 duces
2483 3561 2592 3604 alias

1361 3641 1627 3686 venationes
1659 3640 1956 3694 instituerint,
1981 3639 2030 3684 in
2060 3649 2232 3683 certum
2251 3636 2475 3697 quendam
2502 3651 2592 3679 orae

1362 3716 1511 3760 locum
1531 3716 1810 3776 appellentes
1832 3730 1889 3759 ex
1911 3728 2057 3773 eoque
2079 3713 2129 3757 in
2159 3711 2487 3756 mediterranea
2507 3724 2591 3767 pe—

1364 3802 1605 3836 netrantes.
1627 3792 1728 3845 Qua
1750 3793 1799 3835 in
1833 3806 1882 3835 re
1902 3805 1994 3834 non
2030 3788 2165 3833 modo
2191 3788 2278 3831 hoc
2301 3784 2590 3846 spectandum

1362 3876 1473 3922 erat,
1495 3877 1543 3911 ut
1563 3869 1793 3924 regionem
1818 3864 2067 3925 elephantis
2087 3862 2409 3922 frequentatam
2432 3857 2592 3914 selige-

1371 3951 1496 3998 rent,
1538 3941 1616 3985 sed
1642 3951 1693 3984 ut
1727 3950 1885 4000 portus
1915 3938 2050 3982 etiam
2084 3934 2277 3980 navibus
2309 3932 2593 3992 ἐλεφαντηγοῒς

1371 4014 1739 4060 accommodatus
1772 4014 1819 4058 in
1855 4013 2117 4072 propinquo
2139 4017 2276 4062 esset,
2302 4015 2345 4050 et
2367 4004 2503 4050 simul
2526 4004 2594 4048 lo-
