2756 4354
910 236 987 280 DE
1021 235 1502 286 AGATHARCHlDE
1539 243 1761 290 CNIDIO.
2489 283 2601 317 Lxxx

140 341 171 374 1.
197 339 237 374 ln
255 330 512 393 constituenda
528 330 625 387 serie
641 330 826 392 locorum,
844 341 928 392 qum
940 335 1029 368 sunt
1045 336 1163 379 usque
1177 332 1225 368 ad
1240 333 1453 380 Berenicen,
1470 335 1732 376 difficultatem
1749 343 1901 377 movent
1918 341 2029 379 urbes
2048 345 2200 384 Arsinoe
2236 350 2417 392 Philotera
2433 359 2469 394 et
2486 362 2518 396 'll
2538 372 2542 376 ·

83 392 253 429 hermus.
282 390 381 427 Bene
399 396 574 424 novimus
597 389 777 422 Arsinoen
804 384 909 422 Plinii
927 388 966 422 et
989 386 1206 431 Ptolemaei,
1227 388 1291 425 sed
1317 389 1406 427 nihil
1426 395 1571 430 constat
1589 393 1636 431 de
1655 395 1881 432 Artemidori
1909 398 2058 434 Arsinoe
2083 405 2165 445 post
2183 376 2400 446 P’hiloteram
2486 378 2494 395 Χ
2522 372 2605 452 Ἔδ-

88 447 314 485 Philoteram
337 452 426 479 vero
446 450 566 488 quum
582 440 842 478 Artemidorus
858 442 896 478 et
911 440 1055 478 Plinius
1073 443 1170 479 ante
1191 443 1475 489 Myoshormum
1488 447 1687 494 collocent,
1709 450 1933 488 Ptolemaeus
1952 452 2148 501 Φιλοτέρας
2163 456 2290 503 λιμένα
2312 466 2398 505 post
2421 424 2540 504 {Pione-¹1¹
2569 430 2602 457 δ’

78 512 189 540 mum
206 498 369 559 exhibet.
384 498 486 539 ¹Haec
502 495 694 544 quomodo
709 495 784 533 sint
799 496 1060 543 componenda
1075 497 1269 543 quaeritur.
1288 499 1412 536 Primo
1428 501 1605 548 adspectu
1620 504 1758 542 dixeris
1770 505 1865 543 duas
1882 506 1995 544 fuisse
2010 509 2193 554 Arsinoas,
2208 521 2365 557 quarum
2378 477 2605 561 311ρὲἒέιῖΓί

82 565 200 594 uuum
218 551 495 591 Artemidorum
520 552 764 596 memoretur,
782 561 825 588 ac
840 550 1325 599 similiter-distinguendam
1345 565 1424 592 esse
1445 556 1670 594 Philoteram
1693 570 1714 596 a
1734 562 1842 606 portu
1865 561 2075 599 Phlloterae.
2100 566 2222 610 Atque
2240 566 2291 602 sic
2310 570 2438 606 statuit
2454 534 2561 611 Letrto
2583 538 2593 560 ί

80 611 166 648 nius
187 609 200 655 (
222 609 346 644 mser.
366 605 414 643 de
440 600 543 653 l’a‘q.
565 607 597 652 1,
623 615 657 653 p.
687 608 752 643 187
773 606 802 652 ),
819 605 929 643 simul
948 605 995 643 de
1026 606 1116 643 locis
1138 607 1338 646 Philoteroe
1361 611 1399 645 et
1429 610 1596 647 Arsinoae
1621 613 1844 650 Artemidori
1869 616 2117 654 attribuendis
2137 628 2310 664 promens
2344 587 2606 670 conjecturam-

78 667 187 705 lllam
210 674 232 701 a
254 665 338 710 Cap
366 661 611 709 Zassarana
643 661 771 709 paullo
794 662 987 699 meridiem
1011 673 1139 700 versus
1160 663 1269 710 juxta
1291 666 1376 712 Gap
1401 664 1545 716 Grady¹
1567 667 1732 703 Rouemz·
1749 668 1921 715 collocat,
1946 670 2010 707 ubi
2027 670 2207 718 oppidum
2237 674 2345 712 fuisse
2363 679 2530 724 sepulcra
2553 660 2609 720 in:

74 721 204 760 dicant
228 718 475 766 (Wilkinson
494 720 638 759 Journ.
660 717 715 764 af
728 717 794 755 tlte
821 721 866 756 R.
901 720 945 756 G.
968 720 1007 756 S.
1021 717 1069 765 of
1081 718 1244 756 London
1269 720 1298 755 t.
1322 721 1377 766 ll,
1399 729 1434 766 p.
1459 725 1504 757 32
1525 729 1581 766 sq.
1599 720 1612 767 )
1629 732 1640 765 ;
1659 721 1839 759 Arsinoen
1856 733 1945 760 vero
1967 724 2005 761 in
2031 725 2145 763 maris
2164 737 2306 764 recessu
2330 740 2440 778 prope
2468 736 2610 783 Drepa-

77 787 168 815 num
190 785 308 823 prom.
328 774 439 812 fuisse
460 774 685 822 suspicatur.
712 777 791 822 Ego
811 785 886 811 non
902 785 996 822 nego
1016 775 1199 813 exstitisse
1218 775 1307 813 olim
1328 775 1524 822 complura
1544 785 1661 822 quam
1682 786 1750 814 nos
1769 776 1848 824 jam
1871 778 2045 817 novimus
2063 780 2101 817 in
2125 781 2195 818 hac
2209 792 2273 819 ora
2289 786 2422 832 oppida
2458 791 2496 826 at
2516 790 2609 828 duas

77 831 285 870 Philoteras
300 831 547 876 Arsinoasque
563 839 639 867 non
657 830 775 877 magis
790 829 1007 868 admiserim
1028 841 1139 878 quam
1159 833 1237 868 tres
1254 831 1530 879 Myoshormus,
1549 841 1662 868 unam
1679 832 1890 878 Ptolemaei,
1915 835 2070 872 alteram
2091 838 2328 885 Artemidori,
2346 817 2492 881 tertiam
2508 848 2610 883 Ano·

77 886 180 936 nymi
198 885 401 933 scriptoris,
419 885 478 923 vel
495 887 572 923 tres
587 885 669 922 illas
683 885 833 931 Adulas,
854 896 948 933 quas
961 897 1008 924 ex
1027 886 1252 933 scriptorum
1266 887 1434 924 dissensu
1449 886 1547 924 eruit
1559 887 1789 925 Gosselinus.
1805 888 1954 926 Scilicet
1967 891 2220 929 Artemidorus
2235 904 2350 940 quum
2367 899 2611 939 crassissimos

77 940 357 990 Agatharchidis
374 950 519 978 errores
538 939 765 978 verbotenus
781 941 858 978 fere
877 943 1034 988 repetat,
1063 942 1276 979 accuratius
1295 941 1341 979 de
1357 942 1431 979 situ
1451 942 1621 979 locorum
1644 942 1801 980 edoctus
1824 953 1904 981 esse
1926 944 1992 980 vix.
2012 946 2156 992 potuit;
2178 947 2277 984 haud
2291 949 2399 996 igitur
2411 953 2608 993 verisimile

74 999 132 1036 est
149 998 316 1035 omisisse
334 1006 421 1034 eum
438 995 619 1032 Arsinoen
642 995 939 1042 Agatharchidis‚
960 997 1145 1044 aliamque
1164 997 1426 1044 cognominem
1448 996 1583 1034 urbem
1603 997 1650 1034 de
1668 1008 1737 1035 suo
1761 998 2034 1046 introduxisse3
2052 1003 2183 1038 contra
2202 1013 2289 1040 vero
2307 1015 2425 1052 quum
2447 1010 2610 1047 Heroon·

77 1052 178 1100 polin
199 1056 236 1090 et
258 1052 482 1090 Philoteram
516 1061 565 1088 ex
597 1050 670 1087 alio
699 1051 982 1098 Agatharchidis
998 1052 1092 1089 libro
1112 1052 1186 1096 vel..
1207 1052 1236 1090 si
1257 1052 1389 1097 mavis,
1415 1052 1489 1090 alio
1511 1063 1560 1090 ex
1581 1056 1735 1091 auctore
1754 1053 1995 1101 adiungeret,
2025 1056 2133 1094 facile
2157 1058 2294 1096 accidit
2317 1063 2358 1097 ut
2384 1061 2609 1101 Philoteram

76 1119 150 1145 una
173 1119 259 1146 cum
285 1106 508 1155 Heroonpoli
527 1109 615 1144 ante
629 1106 813 1145 Arsinoen
835 1110 1074 1145 memoraret.
1097 1108 1207 1152 Quod
1239 1108 1467 1146 Philoteram
1485 1108 1634 1153 attinet,
1650 1108 1750 1156 apud
1766 1110 2028 1157 Ptolemaeum,
2055 1113 2098 1148 ut
2124 1113 2272 1160 passim,
2290 1114 2343 1151 sic
2369 1115 2441 1154 hoc
2463 1128 2612 1166 quoque

74 1163 171 1210 loco,
193 1164 362 1201 ordinem
384 1162 546 1199 duorum
566 1162 762 1199 nominum
779 1162 1043 1200 invertendum
1062 1165 1168 1210 puto,
1187 1163 1238 1200 ita
1256 1166 1299 1201 ut
1331 1164 1533 1202 Philoterae
1550 1166 1680 1210 portus
1710 1166 1874 1211 ponatur
1888 1167 1974 1202 ante
1996 1167 2292 1214 Myoshormum.
2315 1172 2398 1214 Qua
2418 1172 2454 1209 in
2476 1184 2514 1210 re
2531 1170 2611 1212 hon

73 1221 153 1256 tam
166 1219 237 1256 hoc
257 1229 316 1256 me
338 1219 465 1255 movet
480 1219 521 1254 ut
544 1216 590 1254 de
610 1217 810 1255 Philoterae
834 1217 915 1254 loco
934 1218 1160 1255 Ptolemaeus
1183 1218 1373 1255 conciliari
1393 1218 1507 1266 possit
1526 1229 1613 1255 cum
1634 1219 1870 1257 Artemidoro
1892 1220 2099 1269 Plinioque‚
2119 1233 2233 1269 quam
2257 1227 2298 1261 ut
2314 1236 2397 1272 quoe
2416 1226 2462 1264 de
2486 1230 2610 1276 Myos-

75 1274 208 1313 hormo
229 1273 431 1313 traduntur
460 1273 677 1318 incongrua,
702 1271 950 1319 explicentur.
976 1272 1193 1310 Secundum
1222 1272 1471 1308 Ptolemaeum
1497 1272 1761 1319 Myoshormus
1791 1274 1986 1321 ponendus
2003 1277 2097 1314 foret
2120 1277 2166 1313 ad
2186 1280 2267 1315 Ras
2296 1280 2521 1326 Abouclzdr,
2542 1269 2611 1322 vubi

75 1332 202 1369 ruinas
221 1332 346 1368 habes.
373 1327 664 1377 Agatharchides
678 1329 805 1364 autem
825 1327 980 1374 ejusque
997 1330 1200 1365 sectatores
1214 1337 1334 1374 quum
1350 1327 1398 1364 ad
1420 1328 1703 1375 Myoshormum
1719 1329 1830 1367 fuisse
1849 1330 2002 1368 tradant
2021 1334 2186 1370 montem
2203 1333 2360 1371 rubrum
2377 1336 2465 1383 (qui
2486 1339 2610 1376 nullus

72 1388 130 1424 est
154 1387 200 1424 ad
224 1389 301 1423 Bas
316 1382 552 1428 Abouckdr)
566 1384 604 1419 et
627 1380 766 1419 insulas
789 1384 880 1428 treS,
897 1382 1075 1420 Bozierus
1094 1381 1380 1429 Myoshormum
1399 1382 1503 1429 ponit
1524 1382 1570 1418 ad
1593 1385 1671 1420 Ras
1694 1383 1934 1421 Abousomer
1959 1385 1972 1432 (
1992 1395 2067 1422 sec.
2090 1387 2248 1425 Ptolem.
2277 1389 2474 1427 Philotera».
2489 1394 2610 1439 portui

73 1441 380 1490 assignandum),
405 1438 471 1476 ubi
493 1448 623 1475 revera
646 1448 755 1475 mons
776 1436 891 1475 suber
912 1440 951 1476 et
972 1438 1104 1476 insulae
1124 1441 1200 1477 tres
1216 1439 1378 1486 exstant.
1401 1440 1448 1475 At
1471 1437 1583 1474 simul
1612 1438 1905 1485 Agatharchides
1924 1441 2183 1478 Artemidorus
2202 1444 2239 1479 et
2265 1445 2399 1482 Strabo
2421 1447 2612 1494 Myoshor-

73 1506 178 1533 mum
197 1496 325 1532 dicunt
344 1493 592 1542 propinquam
616 1493 727 1530 fuisse
739 1493 941 1539 Berenicae,
956 1493 1003 1531 de
1022 1494 1131 1541 cujus
1152 1494 1225 1532 situ
1243 1494 1403 1530 constat.
1424 1491 1480 1530 Ad
1499 1492 1570 1529 hoc
1588 1493 1785 1545 attepdens
1803 1495 2034 1532 Reichardus
2051 1497 2334 1544 Myoshormum
2355 1501 2472 1538 multo
2495 1504 2612 1550 magis

69 1550 265 1588 meridiem
287 1560 415 1586 versus
437 1548 600 1586 removit
617 1547 654 1584 in
666 1558 749 1586 eam
772 1549 976 1596 regionem,
1001 1549 1066 1586 ubi
1090 1549 1185 1586 alter
1205 1560 1313 1587 mons
1332 1550 1445 1586 ruber
1463 1550 1628 1586 occurrit
1653 1560 1766 1597 prope
1792 1554 1941 1598 portum
1967 1552 2178 1591 schahara
2202 1554 2344 1601 (Shem
2364 1558 2532 1596 ‚S'cheilfh
2550 1570 2610 1607 ap.

71 1605 320 1653 Moresbyum‚
338 1603 403 1652 qui
427 1606 484 1641 est
507 1609 636 1651 portus
652 1603 776 1641 bonus
796 1604 993 1642 introitum
1012 1608 1214 1651 angustum
1230 1605 1385 1650 habens,
1407 1606 1508 1642 intus
1527 1605 1565 1641 in
1582 1605 1684 1642 lacus
1711 1606 1865 1643 modum
1892 1606 2071 1645 dilatatus
2089 1609 2103 1655 )
2126 1611 2164 1646 et
2184 1610 2390 1650 Schauna.
2414 1615 2551 1651 Verum
2573 1615 2610 1651 in

70 1661 166 1698 hanc
183 1661 405 1699 sententiam
421 1669 476 1706 ea,
500 1670 585 1707 quae
607 1660 654 1697 de
678 1659 800 1698 trihus
819 1660 950 1698 insulis
971 1661 1212 1708 Myoshormo
1239 1660 1396 1708 objectis
1419 1660 1712 1707 Agatharchides
1733 1661 1858 1707 habet,
1886 1662 2093 1700 secundum
2115 1665 2403 1703 recentissimam
2423 1669 2607 1716 Moreshyi

70 1727 243 1764 mappam
267 1715 421 1753 minime
435 1714 647 1761 quadrant.
669 1717 746 1762 Ego
770 1714 816 1752 de
849 1716 905 1752 his
928 1716 980 1752 ita
1013 1718 1147 1753 sentio.
1176 1716 1286 1759 Quod
1315 1716 1600 1763 Myoshormum
1617 1716 1911 1763 Agatharchides
1930 1728 2005 1755 non
2025 1718 2075 1756 ita
2092 1721 2200 1766 longe
2222 1731 2243 1756 a
2266 1722 2445 1760 Berenice
2465 1726 2502 1761 et
2524 1725 2607 1761 sinu

69 1771 270 1809 Immundo
288 1771 449 1808 abfuisse
468 1771 625 1818 putavit,
642 1771 714 1808 hoc
732 1772 776 1808 ut
802 1771 901 1822 haud
917 1772 1040 1819 magni
1065 1772 1297 1818 faciendum,
1323 1772 1376 1809 sic
1402 1782 1476 1808 non
1499 1771 1761 1819 negligendum
1778 1775 1845 1810 est.
1865 1774 1971 1810 Patet
1991 1773 2047 1809 his
2068 1774 2218 1812 subesse
2241 1776 2401 1814 eundem
2421 1788 2600 1823 errorem,
2658 1790 2664 1796 ·

65 1836 116 1864 ex
131 1838 205 1875 quo
226 1828 401 1864 Berenice
424 1826 573 1873 ponitur
589 1826 636 1863 ad
656 1826 783 1863 isthmi
805 1826 992 1873 regionem
1015 1827 1095 1864 sive
1119 1827 1164 1864 ad
1182 1837 1270 1864 eum
1290 1838 1367 1864 orae
1386 1829 1564 1874 tractum,
1581 1827 1645 1874 qui
1661 1829 1781 1874 Copto
1805 1830 1843 1865 et
1856 1824 2113 1876 vApollinopoli
2141 1828 2298 1876 objacet.
2325 1833 2463 1869 caussa
2480 1837 2605 1870 autem

67 1882 203 1919 erroris
222 1881 500 1928 Agatharchidi,
526 1881 710 1919 mirabilia
726 1882 844 1928 magis
858 1892 972 1928 quam
999 1884 1122 1919 cetera
1137 1884 1297 1928 curanti,
1319 1882 1503 1919 exstiterit
1522 1892 1629 1919 mons
1652 1882 1895 1920 rubicundus.
1928 1885 2028 1921 Talis
2046 1884 2146 1921 enim
2173 1896 2291 1932 quum
2310 1887 2456 1924 exstare
2477 1888 2603 1924 trade-

66 1938 170 1975 retur
192 1941 276 1976 tum
302 1939 349 1976 ad
370 1938 458 1976 hod.
486 1938 727 1975 Abousomer
753 1939 836 1974 tum
853 1937 902 1974 ad
923 1937 1010 1974 hod.
1027 1937 1252 1984 schahara,
1268 1942 1473 1985 utrumque
1488 1941 1656 1975 montem
1687 1938 1843 1985 locaque
1871 1939 1916 1976 iis
1936 1939 2146 1986 propinqua
2169 1939 2338 1977 confudit
2367 1943 2404 1978 et
2436 1941 2600 1978 miscuit.

65 1994 131 2033 Rei
148 1994 327 2031 indicium
338 1994 479 2042 praebet
494 1994 567 2030 loci
577 2003 714 2030 nomen
727 1992 866 2040 duplex
879 2007 888 2040 ;
899 2004 989 2030 nam
1004 1994 1105 2035 Μυὸς
1118 1992 1229 2041 ὅρμον
1246 1995 1372 2040 postea
1390 1991 1594 2041 Ἀφροδίτης
1614 1994 1723 2041 ὅρμον
1736 1993 1880 2030 dictum
1897 2003 1976 2031 esse
1987 1995 2120 2031 Noster
2129 1994 2310 2041 perhibet,
2323 2005 2439 2042 quum
2448 1996 2604 2033 seriores

66 2051 239 2087 auctores
259 2049 404 2086 nonnisi
424 2049 653 2096 Myoshormi
674 2060 812 2086 nomen
830 2049 1018 2086 noverint.
1049 2048 1233 2086 Nimirum
1253 2048 1329 2085 duo
1360 2048 1418 2085 his
1440 2049 1663 2096 produntur,
1681 2059 1844 2095 quorum
1860 2049 1969 2094 alter,
1992 2051 2146 2088 Veneris
2162 2053 2304 2097 portus,
2324 2052 2604 2099 componendus

64 2106 123 2143 cst
145 2115 232 2141 cum
255 2104 345 2142 hod.
373 2104 599 2150 Schalrara,
624 2107 685 2143 eui
719 2105 866 2151 adjacet
895 2105 1018 2142 insula
1040 2114 1175 2150 magna
1198 2103 1320 2140 [anbo
1352 2105 1418 2150 (in
1439 2113 1573 2150 mappa
1598 2103 1835 2150 Berghausii)
1863 2114 1892 2140 s.
1927 2106 2093 2142 Somaul
2111 2105 2315 2152 (Moresby
2334 2108 2398 2142 24ο
2415 2106 2470 2144 4ο’
2488 2107 2585 2153 lat.)

66 2169 180 2205 quam
205 2159 408 2197 vernaculo
433 2160 583 2196 nomine
606 2160 777 2198 Jamben
801 2160 959 2205 Plinius,
991 2158 1218 2196 Ptolemaeus
1240 2167 1330 2194 vero
1359 2168 1477 2204 graece
1510 2159 1716 2206 Ἀφροδίτης
1741 2162 1853 2202 νῆσον
1883 2159 1962 2205 (25⁰
1989 2159 2084 2206 lat.)
2117 2162 2226 2197 vocat
2247 2175 2256 2197 :
2278 2161 2370 2198 adeo
2393 2163 2435 2198 ut
2466 2164 2598 2207 sponte

53 2214 244 2261 *conjicias
263 2217 415 2262 portum
434 2215 648 2261 proximum
667 2216 755 2252 item
775 2215 932 2252 Veneris
947 2215 1091 2251 dietum
1116 2223 1208 2258 esse,
1231 2222 1424 2259 unumque
1448 2213 1559 2250 fuisse
1579 2223 1600 2250 e
1626 2214 1771 2250 multis
1792 2213 1879 2258 illis,
1902 2223 1996 2259 quos
2011 2213 2122 2259 juxta
2144 2215 2304 2251 Jamben
2326 2216 2395 2252 ins.
2414 2218 2597 2252 memorat

67 2269 218 2307 Plinius.
241 2271 344 2308 Alter
360 2272 490 2317 portus
510 2272 565 2306 est
583 2270 844 2316 Myoshormus
860 2270 906 2306 ad
929 2273 1010 2307 Bas
1031 2269 1272 2306 Aboasomer
1283 2278 1298 2309 ;
1318 2267 1363 2302 ad
1384 2267 1485 2304 huuc
1505 2267 1690 2314 pertinent
1703 2267 1833 2303 insulae
1851 2271 1939 2313 tres,
1960 2267 2051 2304 dum
2072 2279 2180 2305 mons
2196 2269 2308 2306 ruber
2320 2269 2429 2315 juxta
2450 2273 2597 2307 utrum·

63 2331 141 2371 que
157 2327 248 2362 erat.
272 2328 358 2362 Jam
378 2325 595 2371 intelligitur
618 2325 808 2371 quomodo
826 2326 959 2362 Noster
987 2321 1335 2372 Myos-Aphrodites
1350 2323 1503 2368 portum
1528 2324 1565 2358 et
1585 2321 1632 2357 ad
1649 2321 1828 2357 isthmum
1847 2321 2043 2366 collocare,
2068 2325 2106 2359 et
2129 2323 2316 2359 Berenicae
2346 2325 2597 2370 propinquum

66 2379 190 2415 dicere
208 2379 394 2426 potuerit,
418 2389 536 2425 quum
554 2378 647 2415 illud
675 2379 721 2415 ad
741 2379 1037 2426 Myoshormum,
1059 2379 1129 2416 hoc
1148 2376 1195 2413 ad
1214 2376 1370 2412 Veneris
1391 2380 1541 2422 portum
1565 2376 1761 2421 pertineat.
1783 2374 1902 2411 Simul
1932 2376 2156 2411 concesseris
2176 2376 2372 2412 nominum
2391 2379 2592 2423 transposi-

65 2436 222 2481 tionem,
243 2445 357 2482 quam
383 2434 421 2471 in
450 2435 656 2471 Ptolemaeo
682 2436 963 2482 proposuimus,
990 2434 1197 2482 praesertim
1219 2441 1337 2478 quum
1374 2441 1452 2467 rem
1478 2430 1658 2479 suadeant
1678 2438 1753 2465 non
1779 2428 1901 2464 solum
1922 2429 2062 2465 Plinius
2082 2430 2120 2465 et
2140 2429 2429 2474 Agatharchides
2444 2431 2598 2477 ejusque

65 2491 286 2535 sectatores,
305 2489 375 2526 sedv
393 2490 638 2536 gravissimus
671 2491 783 2527 etiam
819 2491 924 2527 testis
940 2517 950 2535 ‚
988 2491 1122 2525 auctor
1143 2496 1354 2532 anonymus
1375 2485 1505 2534 peripli
1527 2494 1622 2520 mar.
1655 2483 1849 2529 Erythraei,
1875 2493 1988 2529 quem
2012 2483 2102 2519 item
2136 2484 2421 2530 Myoshormum
2440 2484 2486 2521 ad
2523 2488 2598 2522 Ras

63 2546 306 2584 Abousomer
329 2545 495 2592 posuisse
514 2545 639 2582 nullus
658 2545 734 2591 jam
755 2545 899 2582 dubito.
917 2544 1065 2582 Etenim
1080 2554 1101 2580 a
1118 2541 1295 2580 Berenice
1321 2541 1366 2577 ad
1391 2539 1674 2587 Myoshormum
1695 2537 1814 2574 stadia
1831 2539 2026 2584 computat
2043 2542 2135 2575 1800
2147 2551 2157 2584 ;
2177 2548 2262 2585 quae
2280 2539 2445 2585 quidem,
2467 2539 2497 2575 si
2517 2542 2598 2576 Ras

63 2603 102 2640 el
122 2600 214 2646 Ans,
236 2599 535 2647 promontorium
555 2600 767 2646 longissime
787 2600 822 2636 in
841 2610 942 2636 mare
962 2602 1191 2646 porrectum,
1220 2593 1611 2640 circumnavigaveris,
1631 2592 1776 2629 nonnisi
1802 2593 1848 2628 ad
1872 2593 1961 2629 hod.
1988 2594 2140 2630 Cosseir
2159 2593 2368 2639 pertinent;
2395 2593 2461 2630 sed
2478 2603 2596 2639 quum

70 2657 226 2694 cosseir
252 2665 341 2691 cum
375 2654 614 2701 Myoshormo
634 2654 809 2701 componi
831 2654 1015 2701 nequeat,
1060 2649 1350 2698 Agatharchides
1371 2650 1498 2684 autem
1533 2647 1581 2695 (ξ
1607 2652 1650 2684 82
1672 2658 1707 2693 p.
1730 2647 1830 2693 170)
1863 2646 1910 2683 de
1929 2646 2185 2693 promontorio
2206 2647 2277 2683 isto
2297 2647 2398 2683 dicat
2416 2662 2423 2682 :
2443 2646 2484 2692 ἧς
2499 2648 2594 2684 κατὰ

63 2712 126 2748 τὸν
148 2710 288 2758 αὐχένα
304 2710 429 2746 στενὸν
453 2709 540 2746 ὄντα
552 2711 804 2757 διακομίζουσι
823 2709 869 2745 τὰ
888 2708 1009 2756 σκάφη
1026 2708 1113 2755 πρὸς
1129 2708 1193 2750 τήν
1209 2706 1403 2752 ἀντιπέραν
1427 2704 1632 2748 θάλασσαν,
1657 2702 1831 2739 distantia
1848 2702 1910 2738 illa
1935 2702 2186 2749 computanda
2209 2704 2264 2739 est
2279 2712 2301 2738 a
2314 2702 2457 2740 cervice
2479 2703 2556 2750 illa,
2576 2714 2598 2740 a

63 2776 139 2813 qua
158 2765 204 2802 ad
227 2767 305 2802 Ras
327 2765 566 2802 Abousomer
591 2766 718 2812 reapse
743 2767 830 2802 sunt
849 2764 969 2800 stadia
995 2765 1210 2800 1800-1850.
1230 2760 1339 2804 Quod
1360 2760 1517 2796 Veneris
1541 2761 1689 2803 portum
1710 2757 1856 2801 attinet,
1871 2757 2060 2803 probabile
2083 2759 2137 2794 est
2153 2768 2174 2795 e
2193 2757 2251 2794 via
2267 2768 2288 2794 a
2307 2759 2426 2805 Copto
2447 2758 2596 2795 Bereni-

60 2832 131 2858 cen
157 2821 316 2857 ducente
351 2820 543 2856 deflexisse
572 2820 682 2856 aliam
722 2821 820 2856 viam
843 2819 890 2855 ad
919 2819 1068 2865 portum
1093 2817 1200 2854 illum
1226 2815 1467 2861 tendentem;
1491 2814 1683 2851 deflexisse
1710 2815 1836 2849 autem
1878 2813 2086 2860 putaverim
2105 2813 2144 2849 in
2177 2813 2356 2859 statione,
2395 2824 2481 2861 quae
2524 2814 2600 2861 ipsa

59 2884 215 2922 quoque
238 2875 397 2921 Veneris
419 2873 555 2910 dicitur
576 2875 614 2910 in
633 2873 723 2911 Tab.
754 2873 1057 2919 peutingeriana.
1086 2871 1203 2918 Igitur
1230 2869 1322 2906 ordo
1338 2868 1510 2906 locorum
1542 2869 1580 2906 in
1606 2879 1672 2905 ora
1691 2868 1752 2904 hic
1771 2871 1853 2904 est:
1883 2867 2050 2913 Arsinoe,
2075 2868 2239 2914 Clysma,
2266 2871 2429 2913 Ennum,
2454 2871 2596 2915 Drepa-

65 2940 172 2976 num,
199 2930 384 2968 Philotera
401 2929 414 2977 (
430 2929 682 2977 Abozcclzar),
705 2928 881 2975 adquam
903 2927 1047 2964 Abasaei
1073 2925 1212 2963 Arabes
1236 2926 1274 2961 et
1298 2923 1430 2960 insulae
1456 2925 1634 2972 Sapirene
1651 2927 1689 2961 et
1709 2923 1881 2971 Scytala3
1908 2925 1989 2960 tum
2011 2923 2268 2971 Myoshormos
2291 2923 2552 2969 (Abousomer
2568 2924 2597 2969 ),

36 2995 153 3022 „cum
177 2987 302 3023 monte
326 2985 464 3033 rubro,
483 2986 638 3023 sortasse
660 2987 748 3022 AEas
774 2983 986 3028 Ptolemaei3
1011 2985 1094 3020 tum
1117 2982 1231 3019 Albus
1247 2981 1392 3026 portus,
1429 2979 1552 3016 Acabe
1586 2990 1655 3025 m.,
1681 2978 1872 3023 Nechesia,
1902 2978 2056 3015 Veneris
2081 2980 2208 3025 portus
2229 2979 2241 3023 (
2259 2977 2402 3014 Shcrm
2430 2976 2599 3014 Slzeiclsh

65 3050 90 3076 a
115 3040 268 3078 meridie
285 3041 529 3087 promontorii
556 3040 682 3078 Uriah
701 3040 714 3087 )
736 3049 824 3076 eum
844 3038 999 3076 Veneris
1017 3038 1160 3081 insula;
1189 3035 1323 3072 deinde
1338 3035 1525 3072 Berenice.

116 3101 150 3133 2.
179 3098 233 3133 De
268 3097 385 3135 Wadi
412 3096 560 3135 Enned
575 3097 709 3143 palmis
723 3100 760 3133 et
800 3094 1009 3132 tamariscis
1030 3093 1191 3137 consito,
1221 3092 1377 3138 rivoque
1410 3097 1519 3138 aquae
1548 3089 1815 3137 limpidissimae
1854 3088 2022 3136 quidem,
2053 3088 2185 3126 sedita
2207 3088 2367 3133 infectae,
2390 3089 2431 3124 ut
2450 3087 2595 3124 nonnisi

67 3150 216 3188 camelis
239 3154 349 3198 potus
370 3153 431 3199 sit,
449 3152 532 3189 vide
560 3141 772 3191 Wilkinson
792 3150 817 3188 l.
843 3150 867 3187 l.
888 3152 939 3196 ΙΙ,
965 3160 999 3197 p.
1019 3152 1079 3186 41.
1098 3147 1283 3192 Eundem,
1312 3149 1354 3183 ut
1374 3147 1556 3192 suspicor,
1576 3145 1699 3181 rivum
1718 3144 1813 3181 inter
1833 3142 1978 3180 Enned
2002 3145 2146 3179 montes
2167 3143 2259 3179 vidit
2281 3142 2432 3189 Lepsius
2460 3142 2592 3187 Briefe

69 3215 142 3243 aus
158 3208 355 3254 AEqypten
376 3217 416 3245 u.
449 3207 681 3255 AEtlziopien
702 3217 739 3254 p.
763 3209 832 3244 322
845 3233 855 3251 ,
876 3207 1013 3253 putans
1033 3204 1095 3241 ille
1115 3205 1216 3240 hunc
1236 3202 1391 3239 fortasse
1407 3212 1487 3238 esse
1509 3203 1682 3238 Tatnum
1704 3200 1842 3236 sontem
1861 3198 1980 3234 Plinii.
2000 3200 2173 3235 Ceterum
2197 3197 2297 3245 quod
2316 3198 2454 3234 Plinius
2469 3198 2558 3235 dicit
2581 3213 2590 3235 ε

65 3271 142 3307 pro
170 3261 239 3299 hoc
255 3262 333 3299 alii
355 3262 608 3300 Philoteram.
629 3262 812 3305 scribunt,
839 3260 875 3298 id
892 3271 967 3298 non
987 3262 1039 3297 ita
1057 3261 1220 3307 intellige
1237 3261 1280 3297 ut
1305 3258 1473 3305 ejusdem
1489 3257 1560 3294 loci
1577 3256 1654 3293 duo
1675 3256 1810 3292 suerint
1828 3258 1992 3298 nomina,
2010 3254 2074 3291 sed
2091 3254 2142 3292 ita
2159 3258 2201 3291 ut
2222 3254 2259 3290 in
2282 3254 2362 3290 aliis
2379 3254 2595 3291 auctoribus

69 3315 165 3352 inter
183 3316 363 3354 Arsinoen
381 3322 419 3354 et
438 3318 719 3365 Myoshormum
742 3317 941 3355 memorari
956 3315 1100 3353 videret
1119 3318 1267 3353 Ennum
1279 3345 1289 3362 ,
1314 3316 1354 3352 in
1372 3315 1454 3351 aliis
1473 3314 1716 3351 Philoteram.

120 3377 156 3408 3.
185 3372 341 3409 Ubinam
355 3374 516 3411 thermae
535 3376 573 3412 et
593 3374 662 3412 Nili
680 3374 784 3411 rivus
804 3373 973 3421 ponenda
995 3373 1083 3418 sint,
1112 3372 1235 3409 dicere
1261 3381 1336 3408 non
1360 3370 1493 3414 habeo,
1519 3379 1636 3416 quum
1657 3366 1792 3404 indicia
1818 3367 1868 3404 rei
1892 3366 2051 3403 certiora
2070 3365 2162 3402 mihi
2182 3375 2257 3402 non
2277 3365 2488 3412 suppetant.

119 3430 155 3463 4.
180 3429 221 3464 ln
237 3437 368 3476 mappa
385 3430 658 3476 Berghausiana
674 3433 784 3471 AEas‚
804 3431 997 3476 tamquam
1012 3428 1233 3465 hodiernum
1254 3426 1393 3464 montis
1412 3434 1562 3470 nomen,
1583 3422 1807 3460 adscribitur
1824 3422 1861 3457 in
1876 3431 1953 3466 ora,
1968 3430 2054 3468 quoe
2075 3422 2155 3468 post
2173 3422 2329 3457 Cossez'r
2346 3419 2512 3466 sequitur
2526 3429 2600 3456 me·

70 3481 203 3518 ridiem
221 3491 361 3520 versus.
376 3485 457 3521 Hoc
471 3486 500 3521 si
523 3487 624 3522 recte
639 3484 694 3531 fit,
712 3485 849 3522 iterum
874 3483 966 3521 ordo
983 3484 1180 3520 nominum
1198 3483 1235 3519 in
1249 3481 1452 3518 Ptolemaeo
1467 3481 1566 3516 esset
1588 3478 1791 3525 neglectus.

122 3542 154 3574 5.
173 3538 218 3574 In
247 3547 380 3585 mappa
399 3540 672 3587 Berghausiana
687 3541 892 3577 notantur:
915 3539 978 3577 die
1002 3539 1090 3576 (ἰν-ει·
1110 3541 1239 3585 Berqe
1253 3537 1386 3575 Alcabe
1416 3536 1497 3583 (25⁰
1517 3534 1573 3572 26¹
1597 3534 1678 3579 lat.)
1711 3533 1948 3581 Significatur
1971 3532 2070 3569 haud
2093 3531 2206 3569 dubie
2230 3540 2335 3567 mons
2356 3529 2504 3577 triceps,
2533 3530 2597 3576 qui

67 3591 171 3640 apud
193 3592 429 3639 Moresbyum
442 3596 584 3642 anglice
608 3598 766 3633 vocatur
789 3597 866 3634 Cat
896 3605 987 3635 cars
1010 3593 1188 3642 (25021');
1209 3594 1269 3630 cui
1294 3592 1440 3638 adjacet
1463 3592 1627 3638 peraltus
1645 3600 1754 3627 mons
1778 3589 1910 3627 Aaou·
1921 3591 2055 3626 Tiour.

120 3653 156 3684 6.
183 3647 291 3691 Quod
310 3648 446 3687 insulas
464 3652 609 3697 attinet,
626 3653 774 3689 constat
794 3651 841 3689 de
868 3654 1017 3699 Topazo
1035 3651 1073 3688 in
1094 3651 1170 3687 alto
1201 3650 1271 3686 sita
1295 3649 1372 3695 (23ο
1390 3647 1477 3694 26’).
1503 3650 1634 3694 ltaque
1655 3657 1739 3693 quae
1775 3645 1943 3693 proxime
1961 3642 2147 3681 antecedit
2169 3641 2416 3680 Cardamine
2434 3642 2488 3677 est
2509 3640 2594 3677 hod.

72 3707 241 3742 nacour
268 3714 332 3741 seu
369 3705 582 3749 comata,-
617 3707 807 3754 reliquaea
834 3711 914 3746 Bas
935 3707 972 3745 el
1003 3706 1089 3753 Ans
1110 3707 1261 3744 boream
1281 3714 1412 3741 versus
1434 3714 1514 3741 esse
1535 3702 1686 3740 debent.
1707 3704 1749 3739 ln
1779 3700 1965 3747 Moresbyi
1999 3708 2133 3746 mappa
2154 3698 2299 3734 nonnisi
2322 3697 2500 3744 quattuor
2525 3705 2595 3730 non

73 3764 178 3806 longe
198 3760 294 3795 inter
317 3769 356 3795 se
375 3758 515 3796 dissita:
542 3762 719 3798 notantur
741 3761 970 3808 (Skowarz't
985 3762 1011 3809 )‚
1032 3771 1118 3808 quac
1137 3771 1215 3798 esse
1230 3760 1405 3797 videntur
1430 3759 1655 3797 Halonnesi
1676 3756 1807 3801 Plinii;
1829 3755 1874 3792 ab
1898 3755 1954 3792 his
1976 3754 2127 3791 boream
2152 3763 2281 3790 versus
2304 3751 2446 3788 nonnisi
2464 3760 2595 3796 scopu-

73 3813 128 3852 los
146 3814 289 3862 Anglus
311 3817 426 3851 nauta
441 3815 604 3860 exhibet,
626 3816 716 3853 dum
729 3818 977 3864 Berghausius
1009 3818 1058 3855 ibi
1079 3818 1237 3854 collocat
1257 3819 1373 3854 Siren
1394 3816 1484 3853 inss.

122 3872 156 3906 7.
178 3871 289 3906 Mons
309 3869 438 3906 insulae
462 3873 645 3908 800·1000
662 3871 906 3918 pedesaltus;
929 3873 1171 3921 ἀγκυροὸὁλια
1187 3873 1306 3910 insula
1326 3883 1401 3910 non
1423 3870 1578 3919 praebet.
1603 3869 1781 3906 monente
1798 3866 2006 3913 Mmesbyo.

122 3928 156 3960 8.
180 3926 312 3961 Mirsa
332 3924 462 3971 Slzab(
481 3925 660 3963 Habesclz
674 3936 734 3974 ap.
752 3927 936 3974 Berghaus
955 3930 967 3975 )
988 3931 1119 3976 portus
1138 3931 1193 3966 est
1207 3929 1328 3976 parvis
1350 3927 1510 3965 navibus
1525 3926 1692 3962 idoneus.
1718 3924 1773 3961 Ad
1788 3923 1887 3959 hunc
1906 3921 2054 3958 Bazium
2071 3915 2367 3966 promontorium
2384 3910 2594 3960 ponendum

67 3987 117 4014 ex
141 3982 314 4025 computo
342 3979 545 4018 Ptolemaei.
579 3979 650 4017 Sed
682 3980 760 4019 lieri
779 3983 920 4029 potuit,
943 3986 986 4021 ut
1011 3985 1135 4022 minus
1153 3986 1327 4022 accurate
1346 3983 1583 4022 latitudinem
1605 3982 1736 4018 auctor
1760 3979 1957 4023 notaverit,
1971 3978 2009 4015 et
2023 3975 2259 4023 cogitandum
2282 3972 2328 4010 sit
2354 3970 2399 4007 de
2417 3971 2598 4015 sequente

75 4034 330 4078 promontorio
354 4034 621 4072 Abou-Darah
647 4034 724 4082 (22ο
743 4035 827 4082 4Ο’),
853 4036 994 4084 longius
1009 4039 1045 4074 in
1072 4050 1174 4077 mare
1187 4050 1423 4087 procurrens,
1445 4038 1601 4083 humile,
1620 4039 1761 4074 tectum
1782 4034 1952 4072 arbustis.
