2782 4348
188 230 247 269 72
533 211 581 258 0

187 323 372 388 Κλαρίου
387 322 514 386 ἱερὸν,
533 323 749 384 Κάϋστρος
766 320 952 380 ποταμὸς
963 354 977 377 ,
990 319 1170 381 Ἔφεσος
1186 318 1258 365 καὶ
1273 318 1415 380 λιμὴν,

186 392 464 457 Μαραθήσιον
482 392 553 439 καὶ
573 394 615 438 ἐν
635 395 687 453 τῇ
709 388 868 451 ἠπείρῳ
884 386 1108 448 Μαγνησία
1130 387 1248 441 πόλις
1265 387 1418 446 Ἑλλη-

184 462 269 521 νὶς,
290 461 458 520 Ἀναια,
484 460 728 513 Πανιώνιον,
762 455 1118 519 Ἐρασιστράτιος,
1143 457 1412 520 Χαραδροῦς,

188 530 397 587 Φώκαια,
421 527 667 586 Ἄκαδαμὶς,
698 524 905 580 Μυκάλη·
940 526 983 571 ἐν
1006 528 1059 587 τῇ
1084 524 1259 587 Σαμίων
1295 526 1417 591 χώρᾳ

183 602 315 647 ταῦτά
344 602 447 645 ἐστι.
516 595 607 657 Πρὸ
629 594 672 639 δὲ
695 597 770 649 τῆς
798 594 1003 651 Μυκάλης
1025 595 1170 656 Σάμος
1187 595 1274 642 ἐστὶ
1294 599 1416 653 νῆσος

186 670 305 715 πόλιν
339 668 492 727 ἔχουσα
534 663 605 709 καὶ
642 662 790 723 λιμένα
826 663 1038 711 κλειστόν..
1095 662 1213 721 Αὕτη
1235 668 1263 721 ἡ
1295 668 1416 721 νῆσος

183 740 256 783 οὐκ
272 735 458 781 ἐλάσσων
482 732 568 778 ἐστὶ
593 731 714 781 Χίου.
783 731 1009 794 'Eis-hup:
1034 732 1078 780 δὲ
1104 733 1229 780 πάλιν
1249 733 1317 779 ἐπὶ
1339 733 1415 790 τὴν

183 806 367 867 ἤπειρον,
394 801 483 847 ὅθεν
506 800 807 863 ἐξετραπόμην.
877 801 979 850 Ἐπὶ
1009 806 1083 859 τῆς
1104 802 1309 860 Μυκάλης
1328 802 1416 849 ἐστὶ

184 874 301 926 πόλις
321 871 484 934 Πριήνη
498 871 667 930 λιμένας
686 870 842 933 ἔχουσα
863 865 1024 928 &mdiv
1037 871 1107 918 τὸν
1122 870 1192 917 ἕνα
1211 871 1414 918 κλειστόν·

183 935 274 988 εἶτα
294 939 478 1000 ποταμὸς
501 939 754 1003 Μαίανδρος.
826 940 1081 1004 Παράπλους
1096 941 1138 986 δὲ
1160 940 1323 993 Μυσίας
1343 940 1415 987 καὶ

181 1011 356 1068 Λυδίας,
374 1009 458 1056 ἀπὸ
477 1008 682 1074 Ἀστύρων
702 1011 831 1074 μέχρι
852 1010 1095 1073 Μαιάνδρου
1118 1013 1324 1071 ποταμοῦ,
1345 1008 1417 1056 δύο

178 1083 345 1144 ἡμερῶν
367 1078 439 1126 καὶ
460 1079 603 1132 νυκτὸς
633 1088 747 1141 μιᾶς.

242 1169 299 1199 νο.
326 1153 498 1198 ΚΑΡῙΑ.
521 1149 643 1197 Μετὰ
664 1150 706 1197 δὲ
726 1151 882 1199 Λυδίαν
910 1149 1047 1214 Καρία
1067 1150 1176 1197 ἐστὶν
1195 1150 1323 1207 ἔθνος,
1346 1149 1417 1196 καὶ

176 1222 315 1273 πόλεις
335 1221 376 1266 ἐν
412 1221 517 1282 αὐτῇ
538 1219 779 1277 Ἑλληνίδες
802 1218 913 1267 αἵδε·
938 1219 1164 1282 Ἡράκλεια
1179 1257 1191 1278 ,
1213 1212 1304 1266 εἶτα
1330 1221 1418 1266 Μί-

176 1295 320 1349 λητος,
346 1283 435 1336 εἶτα
460 1289 624 1344 Μύνδος
645 1292 716 1337 καὶ
740 1293 888 1350 λιμὴν,
917 1289 1238 1354 Ἁλικαρνασσὸς
1260 1290 1331 1336 καὶ
1350 1291 1417 1334 λι-

176 1362 259 1423 μὴν
291 1361 476 1415 κλειστὸς
517 1361 588 1408 καὶ
620 1361 744 1413 ἄλλος
781 1358 909 1421 λιμὴν
947 1359 1041 1422 περὶ
1074 1358 1149 1416 τὴν
1186 1362 1307 1416 νῆσον
1346 1358 1417 1404 καὶ

175 1432 382 1494 ποταμὸς,
405 1433 608 1492 Κάλυμνα
634 1434 777 1487 ν’ἧσος,
803 1429 1029 1491 Καρύανδα
1052 1432 1171 1485 νῆσος
1193 1429 1264 1475 καὶ
1299 1429 1414 1481 πόλις

174 1568 303 1618 xm,
349 1581 429 1622 7¹³
462 1568 556 1610 Liv.
594 1567 827 1616 XXXVII,
865 1570 918 1607 26
935 1565 968 1622 ).
1008 1567 1071 1606 De
1107 1565 1239 1606 ruinis
1274 1563 1415 1620 templi

174 1645 215 1673 v.
233 1629 419 1673 Arundel
435 1629 553 1671 Visit
568 1639 611 1671 to
630 1630 695 1670 elec
717 1644 740 1684 7
765 1628 977 1677 (harches,
1001 1642 1043 1683 p.
1064 1628 1159 1669 306.
1180 1630 1199 1679 ΙΙ
1215 1651 1272 1659 -
1292 1626 1341 1668 ἐν
1362 1629 1418 1683 τῇ

174 1692 387 1749 ἠπείρῳ]
414 1693 442 1734 i.
466 1706 504 1734 c.
529 1692 568 1735 ἔν
588 1692 855 1749 τῇρεσογείᾳ.
882 1691 1011 1733 Paulo
1033 1705 1158 1747 supra
1180 1690 1351 1744 legimus
1378 1689 1416 1731 ἓν

173 1759 222 1813 τῇ
242 1755 388 1812 ἠπείρῳ
409 1756 512 1807 &van
536 1755 593 1797 ibi
613 1764 750 1797 tamen
774 1753 1075 1797 mediterranea
1097 1752 1334 1794 indicantur
1348 1767 1416 1794 ac-

173 1820 356 1860 curatius
377 1817 518 1860 addita
540 1832 640 1859 voce
659 1818 755 1858 ἅνω.
777 1818 932 1860 Ceteris
950 1816 1050 1859 locis
1072 1814 1226 1871 ἤπειρος
1242 1817 1418 1871 opponi·

172 1889 243 1923 tur
253 1882 337 1929 ταῖς
348 1881 490 1933 νήσοις.
501 1883 642 1934 Quare
654 1881 792 1923 nescio
810 1895 862 1922 an
879 1879 924 1921 h.
936 1879 965 1921 l.
987 1880 1029 1921 in
1043 1887 1200 1921 antece.
1219 1877 1417 1920 exciderit

172 1945 403 1986 Arconnoei
417 1943 560 1985 insulae
575 1945 746 1985 mentio.
766 1945 787 1995 ΙΙ
802 1942 974 1998 -Μαρ
987 1941 1212 1997 αθήσιον]
1234 1942 1290 1981 V.
1308 1942 1416 1982 Stra-

172 2006 229 2048 bo
252 2008 371 2056 XIV,
390 2021 435 2063 p.
468 2007 573 2061 639;
598 2006 708 2048 Ptin.
732 2007 789 2057 V,
815 2007 891 2056 3ι;
927 2020 1038 2046 nunc
1061 2005 1116 2046 ibi
1139 2004 1259 2046 Scala
1280 2019 1416 2045 nuova

171 2084 254 2111 sec.
280 2068 417 2111 Leuke
444 2072 556 2111 Tom-
576 2068 619 2110 in
641 2068 751 2110 Asia
771 2068 906 2109 minor
921 2082 964 2124 p.
986 2069 1198 2123 261.11-
1213 2065 1412 2122 Ἀναια]

172 2131 289 2173 Ἅννα
320 2130 443 2184 cod.;
478 2146 562 2174 em.
602 2132 836 2173 Salmasius.
873 2134 935 2173 De
977 2134 1103 2173 Anaea
1138 2145 1178 2172 v.
1219 2130 1411 2186 Thucyd.

170 2195 248 2244 111,
268 2195 337 2236 32.
364 2194 442 2244 IV,
468 2193 537 2248 75,
558 2195 678 2244 VIII,
708 2197 864 2247 19.·61.
891 2193 1049 2249 Ephor.
1066 2192 1116 2233 fr.
1136 2195 1204 2234 86.
1228 2194 1309 2248 ΑΡ.
1327 2194 1415 2234 Ste-

169 2255 357 2312 phanum
397 2256 528 2297 Cariae
568 2254 667 2296 urbs
705 2254 916 2296 tribuitur.
944 2258 963 2307 ΙΙ
986 2278 1044 2286 -
1084 2254 1411 2311 Πανιώνιον]

170 2319 226 2360 V.
262 2317 466 2361 Herodot.
498 2320 545 2367 1,
575 2318 676 2368 143;
705 2317 852 2359 Strabo
881 2318 1000 2368 XIV,
1024 2332 1068 2372 p.
1095 2317 1199 2371 6395
1234 2319 1411 2360 Pausan.

166 2382 266 2432 vn,
287 2382 309 2422 5
325 2396 336 2431 ;
355 2380 463 2425 Mela
477 2382 513 2431 1,
539 2393 604 2435 17,
626 2393 678 2430 2;
698 2380 804 2422 Ptin.
830 2381 887 2431 V,
910 2380 979 2421 31.
999 2380 1123 2420 Nunc
1142 2378 1200 2420 ibi
1228 2381 1411 2423 Tschan·

167 2445 228 2497 gli
246 2460 327 2487 sec.
350 2443 486 2486 Leake
506 2457 550 2499 p.
578 2447 673 2486 260.
696 2446 714 2497 Η
731 2468 788 2475 -
811 2442 1247 2499 Ἐρασιστράτιος
1269 2444 1411 2502 κτλ.]

172 2510 233 2549 De
259 2509 369 2549 hisce
398 2507 632 2548 Samiorum
656 2505 864 2561 oppidulis
886 2506 971 2546 sive
1004 2506 1103 2546 vicis
1134 2520 1281 2562 parum
1312 2522 1413 2549 con-

169 2578 261 2611 stat.
288 2572 369 2611 Pro
395 2568 560 2609 Φωκαία
578 2570 816 2610 Gronovius
841 2568 916 2622 legi
942 2567 1069 2608 voluit
1088 2568 1266 2624 ψύγελα,
1289 2568 1413 2625 idque

168 2640 411 2687 receperunt
426 2631 667 2672 Clauscnius
683 2639 723 2672 et
739 2631 967 2680 Fabricius,
987 2645 1121 2685 neque
1136 2630 1188 2671 ad
1207 2633 1333 2673 situm
1353 2633 1412 2674 lo·

167 2708 312 2735 corum
327 2692 583 2734 attendentes
601 2692 614 2748 (
633 2708 726 2734 nam
743 2693 907 2749 ψῦγελα
922 2694 1029 2734 inter
1044 2693 1254 2748 Ephesum
1266 2702 1307 2735 et
1322 2696 1411 2736 Ma-

167 2754 559 2810 rathesiumjacent;
580 2769 618 2795 v.
635 2755 782 2797 Strabo
793 2769 836 2811 p.
853 2756 950 2809 6393
968 2755 1074 2797 Plin.
1091 2756 1145 2806 V,
1166 2757 1213 2796 31
1229 2772 1240 2806 ;
1255 2756 1362 2798 Mela
1373 2761 1407 2808 1,

171 2832 238 2874 17,
263 2831 289 2860 a
305 2819 338 2875 ),
362 2833 495 2873 neque
513 2818 709 2873 Stephani
731 2830 949 2868 memores,
971 2818 1042 2873 qui
1063 2818 1245 2859 Phocaeae
1261 2828 1411 2861 nostrae

165 2880 220 2923 ad
234 2880 420 2938 Mycalen
437 2888 620 2922 montem
637 2881 722 2921 sitoe
739 2881 926 2922 meminit
941 2894 979 2921 v.
998 2880 1178 2931 Φώκαια,
1196 2880 1307 2930 πόλις
1326 2881 1411 2924 ‘lm-

166 2943 300 3002 νίας...
315 2942 435 2985 Ἔστι
443 2942 508 2984 καὶ
522 2942 625 2996 ἄλλη
644 2942 782 2998 Καρίας
796 2942 834 2984 ἐν
850 2946 898 2998 τῇ
915 2942 1093 2998 Μυκάλῃ.
1107 2967 1159 2974 -
1176 2943 1301 2996 Quod
1318 2948 1411 2986 atti-

165 3014 238 3049 net
253 3005 567 3062 Ἐρασιστράτιον
580 3004 733 3055 locum,
752 3006 950 3046 memoria
966 3003 1053 3059 ejus
1068 3014 1227 3046 exstare
1250 3005 1413 3049 videtur

165 3082 234 3125 ap.
258 3067 452 3118 Suidam,
484 3068 556 3123 qui
595 3065 648 3108 de
676 3065 825 3108 celebri
854 3067 1101 3108 Erasistrato
1137 3068 1221 3108 Ceo
1248 3068 1411 3110 medico

168 3132 233 3187 (s.
256 3145 296 3173 v.
323 3128 620 3187 Ἐρασίστρατος
642 3143 685 3185 p.
712 3129 791 3171 505
820 3127 889 3171 ed.
910 3129 1064 3171 Bernh.
1085 3128 1098 3185 )
1122 3142 1131 3170 :
1156 3129 1347 3172 Τὲθαπται
1371 3132 1411 3173 δὲ

164 3194 257 3251 πρὸς
278 3197 335 3250 τῷ
365 3193 419 3250 ὄρ
433 3208 450 3235 ι
466 3208 477 3235 ι
495 3195 555 3250 τῇ
590 3192 629 3234 Μ
643 3207 696 3233 ur.
709 3190 793 3249 άλῃ
813 3191 1044 3248 καταντικρὺ
1062 3191 1195 3247 Σάμου
1211 3205 1221 3234 ;
1243 3192 1347 3235 adeo
1365 3203 1410 3237 ut

164 3256 279 3298 locus
292 3255 359 3298 ille
369 3262 474 3298 oeset
491 3254 514 3296 ὁ
526 3254 641 3311 τάφος
657 3253 717 3295 vel
736 3255 879 3311 τύμὸος
894 3253 1219 3311 Ἐρασιστράτιος.
1233 3257 1411 3299 Verum·

164 3320 376 3361 enimvero
395 3318 664 3360 Erasistratus
695 3317 782 3369 illc,
821 3317 1053 3360 Aristotelis
1081 3333 1104 3359 c
1138 3317 1220 3360 lilia
1253 3333 1406 3375 nepos,

164 3396 288 3436 quem
303 3396 372 3423 an.
390 3383 471 3424 300
485 3396 529 3423 a.
546 3382 594 3423 C.
609 3379 696 3436 jam
711 3380 867 3423 clarum
883 3380 1008 3424 fuisse
1024 3382 1192 3432 scimus,
1207 3382 1409 3425 Eusebius

163 3452 302 3485 autem
330 3445 443 3485 ssoris
467 3445 695 3499 mortisque
717 3451 918 3499 tempora,
944 3451 1127 3500 utputo,
1149 3443 1408 3488 confundens

163 3520 233 3547 an.
260 3507 341 3548 258
367 3507 554 3547 floruisse
575 3505 693 3557 dicit,
718 3506 751 3547 is
770 3507 1038 3548 Erasistratus
1059 3505 1230 3563 ejusque
1261 3522 1408 3550 monu-

158 3577 354 3610 mentum
373 3583 396 3609 a
418 3568 569 3623 Peripli
592 3570 719 3609 nostri
742 3577 910 3611 auctore
932 3570 1154 3612 memorari
1187 3584 1271 3612 non
1290 3579 1407 3628 pote-

150 3629 256 3682 'rat;
285 3644 380 3672 nam
410 3630 567 3685 reliqua
589 3632 729 3672 omnia
765 3631 941 3673 clamant
963 3633 1162 3688 scriptum
1193 3647 1279 3675 esse
1313 3642 1407 3676 ante

165 3698 352 3749 tempora
386 3691 607 3734 Alexandri
648 3694 802 3746 Magni.
844 3695 936 3734 Non
975 3708 1079 3747 nego
1114 3696 1405 3738 Erasistratum

163 3754 296 3798 Ceam
314 3754 371 3797 ibi
388 3753 594 3810 sepultum
609 3768 719 3803 esse;
738 3768 879 3796 verum
900 3755 1015 3796 locus
1031 3756 1110 3807 ille,
1131 3758 1208 3798 nisi
1227 3758 1407 3814 interpo-

162 3815 295 3860 latum
313 3815 468 3872 fingere
489 3815 643 3871 absque
663 3817 746 3856 veri
777 3818 911 3872 specie
931 3818 1028 3858 velis
1043 3850 1053 3868 ,
1088 3821 1299 3875 antiquior
1319 3835 1406 3862 esse

152 3877 304 3931 debet,
328 3891 566 3934 nomenque
585 3893 611 3920 a
634 3876 857 3933 majoribus
878 3882 1079 3935 acceperit
1098 3883 1298 3924 notissimi
1319 3897 1404 3925 me-

164 3940 264 3992 dici,
284 3954 408 3997 quem
427 3940 614 3983 nonnulli
635 3954 712 3997 pro
727 3942 811 3982 Ceo
828 3942 1011 3983 Samium
1033 3953 1194 3985 vocant.
1219 3947 1280 3987 De
1300 3945 1406 3987 Cha-

165 4002 289 4045 radro
317 4011 359 4045 et
382 4002 435 4045 de
465 4001 662 4046 Academi
685 4002 784 4044 locis
811 4003 976 4046 aliunde
1002 4019 1085 4046 non
1117 4015 1290 4048 constat.
1311 4010 1330 4061 n
1346 4031 1402 4039 —

167 4065 239 4106 Mu
252 4066 403 4122 κάλη]
422 4069 565 4119 Quum
588 4079 721 4122 neque
741 4066 828 4122 ὄρος
848 4081 980 4123 neque
1002 4068 1098 4123 ἄκρα
1119 4070 1203 4111 sive
1226 4069 1399 4126 ἀκρωτή-

1034 190 1351 264 'sensas
1384 215 1841 267 emmunamsls

1467 3193 1618 3234 cillum
1641 3207 1737 3234 sane
1758 3201 2063 3247 argumentum.
2090 3213 2105 3228 ι
2127 3194 2260 3247 Regia:
2284 3193 2455 3245 mentio,
2479 3193 2721 3239 Clauscnius
2762 3253 2764 3255 .

2559 220 2720 286 (⁸⁷›⁸⁸·l

1486 327 1602 385 phou
1623 329 1667 371 in
1690 329 2015 382 mediterraneis,
2034 332 2204 373 Notium
2226 343 2320 371 cum
2350 337 2494 385 portu,
2517 331 2719 388 Apollini·¹

1487 390 1613 433 Clarii
1633 390 1791 442 sanum,
1815 394 2010 448 Caystrus
2041 394 2207 442 fluvius,
2233 391 2419 447 Ephesus
2445 406 2539 434 cum
2565 395 2782 453 portu,}'3;.

1485 453 1779 496 Marathesium
1787 463 1828 496 et
1843 456 1886 497 in
1902 454 2211 498 mediterraneis
2221 455 2428 507 Magnesia
2444 456 2542 497 urbs
2557 458 2718 512 Graeca,
2739 452 2741 454 ’

1487 518 1628 578 Ana-a,
1651 518 1925 580 Panionium3
1943 519 2241 567 Erasistratius,
2261 515 2514 570 Charadrus,
2532 521 2718 575 Pboou,

1488 580 1731 634 Acadamis,
1767 584 1923 640 Mycale
1954 598 1966 627 2
1994 585 2081 628 haec
2109 587 2152 628 in
2181 589 2414 632 Samiorum
2446 590 2613 642 regione
2644 589 2722 632 sita
2746 616 2782 648 ‚17

1486 654 1600 687 sunt.
1657 646 1827 703 Mycaloe
1847 646 2007 702 objacet
2023 650 2170 691 Samus
2201 652 2348 702 insula,
2374 667 2466 708 quae
2488 651 2632 693 urbem
2649 651 2722 694 ha·
2752 646 2782 716 Ξ

1487 706 1557 750 bet
1585 715 1627 750 et
1643 717 1811 765 portum
1833 709 2016 752 clausum
2039 712 2227 769 Chioque
2246 729 2331 757 non
2351 716 2489 757 minor
2505 723 2580 755 est.
2641 713 2721 757 Sed
2760 717 2782 759 ’ςέ

1486 769 1540 812 ad
1575 772 1856 814 continentem
1892 771 2032 816 denuo
2067 789 2135 817 me
2178 777 2376 828 consero,
2413 776 2525 818 unde
2562 776 2721 832 digres-
2773 769 2782 813 ἶ

1487 847 1557 874 sus
1587 848 1717 876 eram.
1775 837 1873 877 Post
1905 836 2091 892 Mycalen
2119 838 2220 880 urbs
2248 848 2309 882 est
2341 841 2487 883 Priene
2509 854 2603 881 cum
2626 854 2723 896 por·

1489 894 1613 936 tubus
1645 895 1836 947 duobus,
1877 911 2057 953 quorum
2094 913 2203 943 unus
2227 911 2289 944 est
2327 903 2502 944 clausus.
2563 902 2724 946 Deinde

1487 956 1698 999 Maeander
1730 958 1895 1000 fluvius.
1956 962 2314 1019 Praeternavigatio
2343 966 2484 1021 Mysiae
2512 974 2551 1006 et
2583 964 2724 1021 Lydiae

1488 1019 1542 1061 ab
1564 1021 1740 1077 Assyriis
1759 1035 1889 1077 usque
1906 1021 1958 1063 ad
1980 1023 2238 1067 Maeandrum
2259 1026 2429 1069 fluvium
2454 1027 2634 1070 duorum
2663 1036 2724 1070 est

1489 1081 1653 1124 dierum
1672 1091 1713 1124 et
1738 1084 1870 1125 noctis
1896 1085 2035 1127 unius.

1544 1167 1615 1206 99.
1641 1152 1790 1194 Csau.
1818 1151 1992 1208 Lydiam
2026 1154 2178 1210 excipit
2208 1157 2350 1206 Caria,
2385 1165 2426 1199 et
2454 1158 2576 1201 urbes
2609 1161 2652 1202 in
2678 1175 2724 1202 ea

1490 1222 1644 1262 Graecae
1674 1229 1772 1262 sunt
1799 1220 1862 1263 hae
1885 1235 1895 1262 ;
1917 1222 2138 1275 Heraclea,
2174 1223 2326 1266 deinde
2355 1224 2543 1278 Miletus,
2573 1226 2725 1271 deinde

1489 1290 1671 1347 Myndus
1693 1306 1788 1332 cum
1811 1300 1951 1347 portu,
1973 1293 2282 1335 Halicarnassus
2304 1308 2399 1336 cum
2421 1303 2544 1351 portu
2570 1295 2723 1351 clauso,

1489 1360 1674 1416 aliusque
1692 1359 1744 1401 ad
1769 1360 1942 1402 insulam
1959 1369 2018 1403 est
2032 1371 2177 1418 portus
2196 1371 2237 1404 et
2255 1363 2427 1415 fluvius,
2446 1363 2644 1420 Calymna
2661 1367 2726 1408 in·
2760 1397 2763 1403 -

1489 1428 1576 1470 sula
1591 1460 1602 1479 ,
1627 1428 1842 1485 Caryanda
1862 1429 1992 1471 insula
2025 1439 2066 1471 et
2090 1430 2189 1472 urbs
2207 1439 2248 1473 et
2268 1440 2414 1488 portus
2435 1431 2449 1489 (
2471 1433 2613 1475 incolae
2639 1433 2727 1490 ejus

1490 1579 1571 1619 ριον
1594 1563 1783 1605 additum
1804 1565 1869 1614 sit,
1888 1564 2045 1620 Mycale
2066 1579 2144 1620 pro
2159 1564 2314 1621 oppido
2328 1565 2516 1608 habenda
2533 1568 2612 1609 erit
2630 1583 2725 1611 cum

1487 1627 1696 1683 Stephano
1715 1642 1749 1668 s.
1775 1641 1834 1676 v„
1860 1641 2109 1682 quamquam
2132 1627 2243 1684 apud
2262 1627 2523 1671 Herodotum
2545 1631 2587 1680 1,
2621 1633 2697 1680 148
2712 1662 2724 1681 ,

1487 1690 1559 1745 qui
1587 1690 1629 1731 in
1658 1690 1848 1745 Epitomc
1873 1689 2067 1745 Stephani
2099 1705 2207 1732 unus
2244 1689 2436 1732 laudatur
2467 1692 2596 1743 testis,
2621 1706 2727 1735 non-

1487 1752 1566 1793 nisi
1587 1751 1640 1794 de
1663 1760 1804 1794 monte
1826 1766 1962 1793 sermo
1980 1761 2054 1793 est.
2078 1755 2096 1805 ΙΙ
2113 1777 2170 1785 -
2186 1753 2337 1810 Χίου]
2355 1755 2405 1795 Iu
2423 1767 2597 1796 recensu
2616 1754 2728 1798 insu·

1486 1813 1618 1857 larum
1641 1814 1691 1871 (S
1710 1815 1785 1856 113
1804 1813 1818 1871 )
1840 1816 2077 1870 proximum
2101 1830 2124 1857 a
2142 1816 2248 1858 Chio
2279 1816 2418 1858 locum
2448 1817 2594 1859 Samus
2619 1817 2727 1861 obti-

1486 1886 1572 1920 net.
1592 1881 1685 1933 11-
1713 1876 1940 1934 Πριήνη]
1981 1876 2113 1934 πρινὴς
2145 1878 2259 1929 cod.;
2298 1894 2381 1921 cm.
2427 1880 2614 1923 Vossius.
2635 1883 2727 1934 ΙΙ-

1491 1937 1536 1982 Ἀ
1549 1940 1630 1982 στῦ
1642 1942 1763 1997 ρων]
1791 1939 1993 1997 Ἀσσυρίων
2014 1941 2128 1991 cod.;
2150 1956 2232 1983 em.
2256 1943 2442 1983 Vossius.

1541 2005 1565 2057 S
1591 2018 1661 2058 99.
1687 2001 1829 2059 Lydiae
1855 2004 2067 2059 Cariaeque
2103 2004 2328 2044 terminum
2360 2017 2447 2045 esse
2467 2003 2726 2049 Maeandrum

1485 2062 1799 2120 adjacentesque
1813 2079 1838 2106 a
1852 2063 2024 2106 meridie
2044 2073 2205 2106 monta
2219 2064 2367 2106 Strabo
2386 2078 2554 2122 quoque
2567 2069 2724 2120 statuit,

1484 2126 1593 2179 XII,
1629 2141 1672 2183 p.
1713 2127 1808 2182 577.
1843 2128 1962 2178 XIV,
1982 2141 2024 2183 p.
2051 2127 2147 2168 651.
2174 2127 2270 2168 663.
2296 2126 2400 2179 Alii,
2428 2128 2489 2169 uti
2516 2127 2724 2185 Ephorus,

1484 2190 1614 2244 magis
1633 2189 1800 2231 boream
1817 2203 1957 2231 versus
1977 2203 2107 2245 usque
2125 2188 2178 2230 ad
2201 2191 2372 2232 Anaeam
2394 2197 2435 2232 et
2464 2190 2603 2247 paullo
2621 2192 2728 2236 ultra

1484 2251 1587 2294 finoe
1624 2251 1982 2308 extendunt.{fl—
2014 2250 2313 2308 Ἠράκλεια]
2347 2253 2378 2294 i.
2401 2266 2441 2295 e.
2467 2250 2726 2310 fflpdxxuoefi

1483 2313 1556 2357 ὑπὸ
1569 2317 1730 2372 Δατμῷ.
1741 2317 1795 2356 V.
1810 2314 1958 2357 Strabo
1969 2315 2087 2366 XIV,
2097 2327 2139 2370 p.
2156 2314 2251 2356 635.
2269 2314 2366 2357 658.
2378 2314 2483 2358 Ptol.
2497 2316 2554 2368 V,
2564 2329 2605 2359 a.
2617 2317 2725 2361 Plin.

1482 2378 1540 2429 V,
1565 2378 1634 2420 31.
1663 2377 1873 2419 Hierocles
1901 2391 1944 2433 p.
1969 2379 2066 2432 687,
2091 2376 2336 2433 Stephanus.
2373 2391 2408 2419 s.
2447 2391 2507 2429 v.,
2538 2379 2611 2435 qui
2628 2379 2728 2423 alte·

1483 2454 1572 2482 ram
1583 2441 1714 2483 Cariae
1726 2439 2033 2482 mediterraneae
2047 2438 2302 2491 Heracleam,
2319 2437 2390 2492 τὴν
2403 2438 2623 2498 λεγομένην
2638 2440 2730 2485 Ἀλ-

1483 2504 1617 2545 δάκιον
1637 2511 1854 2546 memorat.
1875 2504 2087 2545 Hecataeus
2106 2503 2235 2558 ipsam
2250 2502 2396 2545 urbem
2416 2511 2535 2546 vocat.
2553 2504 2725 2561 Λατμδν,

1483 2577 1667 2610 montem
1685 2582 1780 2609 vero
1800 2567 1975 2623 Φθειρῶν
1999 2567 2085 2622 ὄρος
2104 2567 2116 2622 (
2133 2582 2183 2607 ex
2200 2568 2371 2608 Homer.
2395 2567 2442 2608 Il.
2467 2581 2515 2618 2,
2541 2568 2669 2624 868).
2691 2572 2710 2622 Η

1480 2630 1666 2686 -περὶ
1696 2628 1787 2681 τὴν
1825 2629 2011 2685 νῆσον]
2031 2643 2087 2669 sc.
2114 2626 2184 2679 τὴν
2218 2627 2483 2684 Ἅρκόννησον.
2503 2629 2557 2669 V.
2577 2629 2726 2672 Strabo

1482 2693 1599 2744 XIV,
1623 2707 1665 2749 p.
1693 2694 1788 2742 456.
1813 2693 1978 2734 Ari-ian.
2010 2694 2086 2733 An.
2113 2693 2148 2741 1,
2176 2692 2358 2742 23.11-
2378 2691 2456 2732 καὶ
2478 2693 2722 2750 ποταμὸς]

1481 2755 1658 2795 Notatur
1676 2755 1718 2795 in
1738 2754 1897 2809 mappis
1914 2752 1966 2795 ad
1987 2752 2315 2795 Halicarnassum
2334 2751 2560 2809 (Budrun)
2580 2754 2726 2798 lluvio·

1481 2815 1564 2868 lus,
1589 2817 1659 2872 qui
1678 2830 1815 2857 nume
1835 2814 2006 2857 Salmaci
2021 2815 2164 2869 fonte(
2182 2830 2220 2856 v.
2244 2815 2391 2858 Strabo
2409 2815 2436 2858 l.
2454 2816 2481 2859 l.
2502 2819 2520 2872 )
2543 2819 2725 2875 profluat

1481 2893 1626 2928 necne,
1645 2877 1914 2934 etquodnam
1945 2877 2032 2935 ejus
2055 2892 2207 2921 nomen
2238 2877 2374 2930 suerit,
2396 2880 2548 2922 nescio.
2566 2882 2725 2926 Sainte-

1482 2943 1607 2983 Cruix
1631 2956 1708 2998 pro
1747 2939 1920 2997 ποταμὸς
1945 2940 2022 2996 legi
2060 2941 2190 2984 voluit
2218 2941 2354 2997 κρήνη.
2381 2942 2541 2985 Gailius
2562 2958 2612 2987 ex
2643 2960 2721 2999 eo,
2774 2940 2776 2942 V

1481 3004 1594 3061 quod
1629 3004 1898 3047 Halicarnassi
1929 3005 2087 3046 nomini
2112 3019 2195 3046 non
2219 3006 2270 3046 sit
2292 3004 2548 3062 adscriptum
2573 3005 2622 3050 τὰ
2652 3009 2723 3065 βα-

1483 3067 1607 3109 σίλεια
1629 3072 1706 3109 τῶν
1730 3069 1799 3119 τῆς
1826 3066 1964 3123 Καρίας
1987 3068 2200 3118 δυναστῶν,
2235 3067 2388 3122 colligit
2411 3077 2623 3112 auctorem
2646 3085 2721 3114 no·

1481 3138 1612 3172 strum
1647 3129 1822 3172 Mausoli
1851 3130 2106 3186 temporibus
2143 3131 2420 3186 antiquiorem
2456 3146 2557 3174 esse.
2587 3132 2724 3177 Imbe-
2761 3133 2764 3134 ⁷

1482 3264 1636 3304 monet,
1658 3256 1807 3297 omissa
1826 3256 1948 3298 etiam
1969 3259 1991 3309 S
2009 3260 2060 3310 69
2084 3257 2125 3296 in
2151 3256 2325 3297 Dorisco
2342 3255 2530 3299 Thraciae
2550 3255 2617 3313 (v.
2638 3258 2720 3302 He-

1479 3318 1729 3369 rodot.V11,
1750 3318 1818 3374 5ο)
1835 3336 1870 3359 ι.
1893 3322 1911 3371 ΙΙ
1929 3343 1984 3350 -
2005 3319 2032 3359 Κ
2047 3319 2211 3375 ἀλυμν
2226 3320 2265 3375 α]
2287 3319 2354 3361 Sic
2369 3318 2544 3362 insulam
2562 3318 2720 3377 (etiam-
2759 3322 2761 3326 ⁴

1479 3395 1579 3423 num
1603 3381 1814 3436 Calytmw)
1836 3390 1982 3422 vocant
2003 3381 2149 3423 Strabo
2168 3383 2233 3433 X,
2255 3395 2296 3438 p.
2325 3384 2428 3436 489,
2458 3381 2632 3424 Diodor.
2659 3384 2716 3435 V,

1479 3446 1549 3495 81,
1570 3443 1726 3485 Plinius
1748 3445 1824 3494 lV,
1844 3445 1913 3494 23,
1932 3444 2162 3500 Stephanus
2180 3459 2213 3485 s.
2235 3458 2293 3494 v.,
2311 3458 2335 3485 a
2349 3458 2434 3499 quo
2457 3443 2579 3486 simul
2593 3443 2718 3488 alten

1477 3504 1669 3548 laudatur
1698 3507 1877 3547 nominis
1910 3506 2042 3549 forma
2070 3505 2296 3562 Καλυμνία,
2329 3520 2454 3562 quam
2489 3505 2616 3548 habes
2647 3520 2714 3564 ap.
2751 3518 2758 3534 ’ν

1475 3567 1624 3611 Melam
1644 3570 1709 3618 11,
1732 3584 1772 3624 7.
1796 3571 2029 3611 Demetrius
2047 3570 2235 3626 Scepsius
2264 3583 2330 3625 ap.
2355 3568 2598 3611 Strabonem
2627 3567 2719 3625 plu·
2750 3575 2759 3613 ’.

1476 3629 1613 3673 raliter
1630 3630 1731 3672 (licit
1750 3631 1788 3672 αἱ
1821 3631 2033 3688 Κάλυμναι.
2053 3634 2101 3674 In
2127 3633 2309 3673 nummis
2338 3632 2543 3688 reperitur
2571 3627 2717 3672 ΚΑΔΥ·

1476 3692 1644 3735 ΜΝΙΩΝ
1680 3694 1810 3748 (Sest.
1845 3694 1970 3736 Class.
2010 3709 2102 3749 gen.
2140 3693 2206 3736 ed.
2249 3708 2288 3735 2.
2320 3708 2361 3750 p.
2401 3692 2504 3750 91);
2540 3706 2666 3749 porro
2693 3689 2716 3733 6
2759 3686 2772 3708 '²

1475 3756 1596 3812 δᾶμος
1635 3756 1864 3812 Καλυμνίων
1891 3758 1931 3798 in
1967 3758 2159 3813 Inscript.
2195 3770 2261 3813 ap.
2301 3755 2469 3798 Boeckh.
2502 3755 2550 3797 C.
2576 3756 2610 3797 1.
2649 3754 2711 3804 11.
2766 3769 2780 3783 ·

1476 3833 1518 3861 n.
1555 3824 1690 3874 2671;
1719 3820 1940 3872 Καλλικλῆς
1969 3819 1991 3860 ὁ
2015 3819 2231 3875 Καλὺμνιος
2257 3833 2324 3874 ap.
2355 3818 2597 3861 Athenaeum
2628 3814 2718 3867 xl,

1474 3895 1516 3938 p.
1543 3885 1622 3937 474
1643 3913 1653 3932 ,
1682 3885 1728 3923 C.
1755 3883 1853 3924 Aliis
1874 3881 2018 3924 eadem
2051 3881 2182 3923 insula
2207 3881 2384 3922 Κάλυὸνα
2409 3879 2642 3926 vocabatur,
2665 3883 2713 3917 ut
2734 3875 2736 3877 ’

1474 3944 1687 3986 Herodoto
1703 3947 1800 3995 vn,
1822 3959 1870 4000 19
1886 3958 1895 3987 :
1917 3945 2035 3986 Κώων
2052 3945 2117 3986 καὶ
2132 3944 2323 3999 Νισυρίων
2340 3958 2380 3985 τε
2387 3944 2456 3998 ὶιαὶ
2473 3937 2708 3983 Καλυδνίων.

1474 4006 1589 4049 Idem
1621 4022 1771 4049 nomen
1796 4009 1838 4049 in
1862 4009 2045 4049 Homero
2079 4008 2260 4049 occurrit
2282 4007 2329 4048 Il.
2357 4019 2404 4056 2,
2427 4009 2524 4059 677,
2544 4000 2615 4044 ubl
2645 3998 2711 4048 τὰς

1473 4070 1667 4119 Καλύδνας
1689 4071 1753 4111 alii
1771 4103 1781 4121 ,
1807 4080 1849 4112 ut
1870 4071 2127 4122 Demetrius,
2153 4069 2205 4111 de
2228 4083 2307 4110 una
2329 4066 2523 4123 Calymna
2548 4061 2678 4104 insula
2695 4091 2707 4113 ,
