2756 4354
854 195 933 240 DE
972 194 1266 240 HANNONE
1301 194 1849 244 CARTHAGINIENSE.

151 314 224 360 33.
253 311 410 357 Redux
443 307 604 351 Hanno
631 302 937 348 narrationem
965 301 1144 347 itineris
1163 301 1212 345 in
1235 301 1314 345 Sa-

86 388 213 434 turni
221 383 389 444 templo
399 381 641 436 dedicavit,
655 387 845 422 testante
861 376 995 435 graeci
1012 375 1157 420 nostri
1168 374 1316 419 libelli

87 447 318 509 indiculo:
342 455 539 508 Ἄννωνος
556 452 854 516 Καρχηδονίων
872 452 1075 514 βασιλέως
1097 450 1319 512 περίπλους

85 538 166 582 τῶν
192 526 293 594 ὑπὲρ
324 531 397 583 τὰς
435 528 685 592 Ἡρακλέους
721 527 872 583 στήλας
910 525 1101 573 Λιὸυκῶν
1138 528 1210 580 τῆς
1246 527 1320 585 γ’ῆς

90 610 239 670 μερῶν,
259 606 301 652 ὃν
322 605 391 652 καὶ
413 604 584 660 ἀνέθηκε
610 605 650 648 ἐν
674 605 733 665 τῷ
750 607 818 648 τοῦ
846 601 1003 662 Κρόνου
1027 599 1202 659 τεμένει.
1227 599 1317 643 D'e·

86 685 360 731 dicationem
392 682 546 728 innuit
568 681 703 726 etiam
730 679 952 725 Aristides
978 678 1028 724 in
1055 677 1320 738 AEgyptiaco

75 772 113 806 t.
137 759 196 817 II,
221 776 269 820 p.
293 765 380 816 474
406 759 562 804 verbis
584 757 710 801 hisce
733 774 742 800 :
763 755 845 801 Καὶ
866 754 946 812 μὴν
971 752 1062 798 οὐδὲ
1089 753 1321 814 Καρχηδο-

83 833 179 880 νίων
203 835 238 878 οἱ
263 831 559 882 ἐκπλεύσαντες
600 829 676 883 ἔξω
704 828 915 891 ,Γαδείρων
956 827 1027 872 καὶ
1057 825 1130 879 τὰς
1167 828 1207 872 ἐν
1241 827 1323 878 τοῖς

83 907 249 971 ἐρήμοις
272 910 344 962 τ’ῆς
376 905 534 962 Λιὸύης
565 905 703 956 πόλεις
726 904 954 954 οἰκίσαντες
978 906 1119 947 τοῦτον
1144 902 1320 962 ἤνεγκαν

83 983 221 1031 οἴκαδε
247 984 314 1029 τὸν
338 983 476 1044 λόγον,
504 983 587 1027 οὔδ’
614 981 848 1043 ἀνέγραψαν
874 979 954 1025 οὐδ’
984 978 1184 1033 ἀνέθηκαν
1207 979 1247 1022 ἓν
1263 979 1322 1040 τῷ
1350 1038 1355 1044 Π

79 1062 204 1123 ῗερῷ,
239 1058 359 1119 ἕτερα
383 1056 523 1103 πολλὰ
542 1056 613 1102 καὶ
634 1056 767 1102 ἄτοπα
792 1054 1035 1118 γράψαντες.
1069 1054 1218 1099 Idem:
1245 1054 1324 1099 Εἷ-

83 1135 152 1188 κὸς
179 1128 228 1190 ἧν
254 1132 435 1194 δημοσίᾳ
461 1131 615 1194 φράσαι
639 1130 709 1175 καὶ
730 1132 972 1190 ἀναγγεῖλαι
996 1128 1192 1173 ἀναθέντα
1213 1126 1323 1187 λέγω

86 1210 157 1256 καὶ
178 1213 337 1265 τοῦτον,
356 1206 495 1268 ὥσπερ
512 1208 547 1250 οἱ
568 1209 646 1250 τῶν
668 1203 964 1265 Καρχηδονίων
978 1202 1175 1262 ’ἡγεμόνες
1187 1202 1322 1263 γράμ-

87 1303 198 1342 ματα
228 1282 329 1344 ὑπὲρ
358 1281 511 1326 τούτων
532 1278 587 1330 εἷς
610 1298 647 1323 τι
677 1282 756 1323 τῶν
777 1280 921 1323 κοινῶν
946 1279 1063 1338 ἱερῶν
1089 1277 1161 1337 (*).
1188 1277 1324 1322 Simi-

84 1361 190 1405 liter
213 1357 394 1402 Plinius
438 1354 513 1410 Vl,
554 1355 609 1398 36
644 1363 799 1397 narrat
832 1353 1103 1396 Hannonem
1128 1352 1322 1397 duarum

85 1433 347 1492 Gorgadum
386 1440 510 1476 cutes
554 1430 810 1487 argumenti
848 1438 892 1473 et
927 1428 1140 1472 miraculi
1179 1430 1324 1487 gratia

85 1511 136 1555 in
158 1507 356 1553 Junonis
389 1508 558 1565 templo
596 1504 830 1564 posuisse,
857 1514 1078 1564 spectatas
1104 1519 1248 1563 usque
1265 1505 1322 1548 ad

84 1582 403 1642 Carthaginem
439 1591 633 1642 captam.
662 1581 754 1625 His
783 1597 865 1625 cur
909 1579 1022 1624 fides
1045 1580 1319 1638 denegetur,

83 1675 267 1706 causam
291 1658 501 1703 idoneam
527 1673 620 1701 non
642 1656 797 1702 video.
828 1657 1095 1700 Hannonem
1123 1658 1322 1717 suscepti

87 1735 261 1794 negotii
281 1735 480 1778 rationes
494 1733 543 1777 in
561 1742 719 1778 senatu
742 1732 1018 1787 reddidisse,
1041 1747 1202 1791 easque
1222 1732 1324 1777 lite-

87 1812 152 1857 ris
174 1810 460 1869 consignatas
477 1819 520 1853 et
540 1810 579 1854 ἐν
599 1807 754 1872 ἀρχείῳ
771 1819 1025 1853 asservatas
1045 1823 1143 1852 csse
1160 1819 1322 1868 sponte

83 1887 376 1946 intelligitur.
399 1886 454 1930 In
473 1886 545 1930 his
563 1901 670 1930 vero
687 1901 829 1946 quum
850 1885 1031 1944 singula
1049 1900 1150 1944 quae
1169 1885 1224 1930 ad
1246 1901 1322 1929 co·-

85 1962 316 2008 loniarum
329 1952 662 2008 institutionem
677 1972 723 2007 et
736 1963 1012 2007 commercia
1024 1963 1322 2023 pertinerent,

86 2048 293 2083 accurate
307 2037 536 2098 descripta
555 2053 651 2082 esse
669 2037 896 2083 censenda
913 2038 1021 2093 sint,
1039 2037 1162 2081 haud
1179 2036 1321 2082 obvio

84 2114 251 2173 suique
271 2113 442 2158 aditum
462 2114 518 2158 ad
540 2128 593 2157 ea
606 2115 809 2174 patuisse
826 2123 951 2157 tanto
968 2113 1188 2157 libentius
1211 2129 1322 2159 con-

67 2189 232 2249 cedes,
257 2199 429 2249 quanto
453 2189 618 2234 anxius
653 2204 815 2234 cavere
839 2190 1040 2233 solerent
1072 2188 1321 2246 Carthagi-

87 2266 267 2310 nienses
298 2281 355 2309 ne
378 2266 435 2310 ad
475 2250 657 2309 exxteros
682 2266 791 2308 talia
824 2274 1167 2323 promanarent.
1193 2263 1322 2306 Nihil

83 2356 196 2384 vero
221 2340 523 2399 impediebat,
557 2340 667 2398 quin
699 2355 875 2383 summa
899 2340 1078 2382 itineris
1103 2339 1250 2397 capita
1274 2339 1323 2381 in

83 2416 306 2459 honorem
334 2414 570 2458 Hannonis
585 2414 719 2457 titulo
738 2413 925 2472 publico
947 2413 1322 2456 commendaren-

81 2502 158 2535 tur
180 2490 285 2546 tali,
309 2490 489 2549 qualem
511 2504 656 2546 graeca
675 2498 833 2532 nostra
845 2487 1064 2542 reddunt,
1090 2487 1137 2530 in
1153 2486 1322 2545 quibus

80 2567 139 2613 de
163 2566 450 2612 commerciis
482 2580 539 2610 ne
573 2564 766 2610 verbum
798 2564 982 2624 quidem
1017 2573 1161 2609 exstat
1181 2574 1226 2608 et
1249 2579 1323 2607 co-

82 2643 311 2686 loniarum
329 2643 411 2686 vix
424 2641 615 2687 nomina
627 2651 939 2700 apponuntur,
957 2640 1161 2699 plurima
1174 2649 1323 2683 autem

84 2727 191 2762 sunt
224 2717 345 2761 circa
371 2715 606 2760 mirabilia
639 2715 914 2773 itinerisque
954 2714 1189 2774 pericula,
1223 2729 1324 2772 quae

82 2792 364 2836 deterrerent
381 2792 537 2851 potius
558 2790 709 2835 simile
727 2789 840 2849 quid
863 2804 1057 2834 ausuros
1082 2803 1218 2848 quam
1246 2804 1322 2832 ex-

83 2869 307 2923 citarent,
345 2868 458 2912 adeo
479 2878 531 2912 ut
564 2883 621 2911 ex
643 2882 696 2911 eo
724 2867 827 2926 ipso
862 2866 1054 2910 consilio
1080 2858 1324 2910 videantur

82 2959 215 2988 suum
233 2943 426 2988 traxisse
441 2943 640 2988 colorem
651 2976 660 2985 .
677 2941 835 2986 Oratio
854 2950 1004 2985 autem
1021 2940 1091 2984 vel
1104 2940 1151 2984 in
1167 2940 1323 2998 graecis

83 3034 177 3078 prae
205 3033 252 3063 se
285 3020 372 3063 fert
400 3018 583 3063 dicendi
607 3032 749 3076 genus
774 3015 1005 3060 abscisum
1034 3015 1151 3059 illud
1179 3030 1230 3059 ac
1247 3015 1325 3059 du-

85 3109 203 3147 rum,
231 3108 363 3152 quem
394 3094 565 3152 stylum
596 3091 873 3152 lapidarium
901 3100 1084 3135 vocant.
1116 3089 1322 3142 Quanam

83 3168 420 3228 probabilitatis
443 3169 596 3230 specie
626 3168 759 3212 multi
784 3167 1046 3212 censuerint
1068 3182 1321 3225 graecorum

85 3255 311 3289 auctorem
349 3245 493 3290 fusam
540 3247 846 3289 narrationem
888 3243 1104 3304 punicam
1144 3243 1194 3286 in
1223 3257 1321 3286 ma-

86 3319 297 3363 cilentum
321 3321 551 3379 redegisse
581 3319 929 3379 compendium,
966 3334 1060 3362 non
1085 3333 1320 3376 assequor.

2480 227 2610 262 xxnt

1454 306 1509 357 34
1519 338 1528 347 .
1544 303 1676 349 Fama
1684 306 1889 365 quaedam
1899 307 2007 350 novi
2019 312 2277 355 commercii
2290 328 2612 371 pei-nautarum

1390 389 1782 439 mercatorumque
1794 380 1960 438 vulgus
1972 396 2081 424 mox
2097 382 2152 425 ad
2165 382 2200 425 G
2209 400 2347 430 raecos
2360 403 2614 446 penetrasse

1390 451 1590 499 videtur.
1615 453 1727 506 Quae
1751 453 1807 497 de
1839 469 1952 498 auro
1976 454 2199 500 Ceraunis
2220 459 2380 504 insulae
2404 463 2616 511 Herodo-

1395 537 1466 571 tus
1478 527 1553 582 IV,
1577 528 1661 585 195
1687 537 1859 589 narrat,
1877 531 2109 574 confusam
2124 531 2289 577 Cernes
2308 536 2466 581 insulae
2484 550 2527 582 et
2543 558 2618 586 rc-

1392 604 1540 662 gionis
1567 604 1777 648 auriferae
1794 606 2059 650 memoriam
2081 607 2276 666 prodere
2300 622 2480 656 censent
2502 629 2585 672 pro
2600 643 2619 651 -

1390 678 1620 723 habiliter.
1650 679 1805 738 lpsum
1829 680 1996 725 Cernes
2020 697 2184 726 nomen
2214 683 2414 742 primum
2432 686 2619 733 obvium

1393 754 1445 798 fit
1462 754 1511 798 in
1530 755 1793 812 fragmentis
1815 754 2002 814 Ephori.
2026 755 2150 799 Idem
2164 757 2375 816 Ephorus
2389 760 2437 804 in
2455 761 2621 807 Oceani

1394 829 1575 875 occidui
1610 845 1694 874 ora
1727 829 1857 874 novit
1897 828 2077 890 Καρικὸν
2121 834 2274 891 τεῖχος,
2308 836 2432 892 quod
2475 846 2623 881 tamen

1394 905 1617 966 oppidum
1635 920 1775 966 quum
1796 902 1853 948 ab
1867 904 2088 948 Hannone
2104 907 2291 950 nonnisi·
2302 909 2433 953 novis
2450 911 2623 955 colonis

1395 991 1576 1026 auctum
1593 982 1667 1035 sit,
1679 979 1774 1040 jam
1792 980 1971 1040 pridem
1987 980 2160 1024 Graecis
2176 989 2334 1024 notum
2353 997 2450 1027 esse
2464 987 2624 1043 potuit,

1395 1058 1528 1116 sicuti
1547 1056 1764 1102 Melittam
1779 1089 1792 1111 ,
1818 1055 2019 1112 ejusdem
2035 1064 2205 1099 tractus
2225 1055 2372 1100 locum
2388 1091 2399 1112 ‚
2424 1057 2518 1117 J'am
2545 1075 2624 1104 no-

1395 1133 1463 1176 vit
1482 1147 1506 1176 e
1526 1131 1726 1186 Caricis,
1762 1130 1948 1188 opinor,
1978 1129 2129 1173 nautis
2153 1130 2383 1176 Hecataeus
2401 1132 2620 1183 Milesius.

1394 1206 1642 1251 Conditum
1659 1221 1770 1250 vero
1790 1204 1846 1249 ab
1866 1205 2088 1249 Hannone
2103 1204 2141 1247 T
2145 1204 2463 1262 hymiaterium
2477 1219 2520 1253 et
2537 1210 2627 1255 alia

1395 1281 1602 1340 quaedam
1628 1296 1729 1340 quae
1749 1296 1851 1324 cum
1867 1280 2117 1324 Hannonea
2135 1281 2398 1325 narratione
2414 1285 2626 1343 componi

1394 1368 1600 1418 possunt,
1618 1358 1831 1415 leguntur
1848 1357 1897 1401 in
1910 1356 2114 1415 Scylacei
2132 1357 2299 1416 peripli
2313 1367 2438 1416 parte
2452 1370 2626 1418 postre-

1395 1449 1492 1490 ma,
1517 1449 1617 1493 quae
1634 1448 1659 1477 a
1682 1432 1852 1492 reliqui
1873 1431 2043 1492 peripli
2061 1431 2216 1477 indole
2236 1433 2350 1478 mire
2368 1433 2627 1495 discrepans

1396 1525 1420 1553 a
1446 1510 1621 1554 seriore
1659 1509 1814 1568 aliquo
1851 1507 2038 1551 homine
2069 1517 2220 1552 assuta
2252 1518 2334 1554 est.
2376 1509 2627 1556 Chremetis

1395 1587 1524 1631 fluvii
1566 1586 1738 1631 mentio
1785 1586 1836 1629 fit
1872 1586 1921 1629 in
1956 1584 2213 1629 Aristotelis
2264 1585 2627 1646 Meteorologicis

1394 1664 1432 1719 I,
1476 1665 1546 1710 13.
1584 1663 1672 1707 Sed
1699 1663 1862 1707 horum
1899 1661 2014 1706 nihil
2050 1663 2112 1705 ita
2142 1673 2451 1722 comparatum
2475 1675 2559 1723 est,
2581 1675 2628 1710 ut

1393 1755 1449 1783 ex
1477 1740 1578 1800 ipsa
1610 1748 1767 1783 nostra
1803 1738 1975 1799 peripli
2003 1739 2216 1782 versione
2238 1737 2423 1783 finxisse
2450 1739 2628 1786 debeat.

1393 1814 1576 1859 Primus
1603 1815 1683 1874 qui
1727 1817 1907 1857 laudato
1940 1817 2168 1857 Hannonis
2193 1817 2364 1872 periplo
2406 1814 2463 1858 de
2507 1815 2640 1872 ignis·

1395 1890 1678 1934 torrentibus
1691 1904 1744 1933 ea
1764 1905 1864 1948 quae
1881 1905 1980 1949 pag.
2004 1906 2022 1932 1
2037 1906 2053 1932 1
2071 1890 2300 1948 leguntur,
2327 1888 2473 1944 affert,
2501 1889 2627 1933 ideo-

1396 1980 1484 2025 que
1520 1980 1667 2023 graeca
1708 1964 1878 2024 peripli
1901 1963 2113 2008 versione
2149 1979 2259 2007 usus
2292 1978 2390 2007 esse
2422 1963 2624 2022 videtur,

1395 2040 1863 2103 Pseudo-Aristoteles
1881 2050 1947 2084 est
1971 2040 2021 2083 in
2036 2040 2142 2085 Mir.
2160 2056 2198 2085 e.
2219 2040 2274 2095 37
2292 2039 2365 2085 ed.
2388 2039 2622 2084 Westerm.

1395 2104 1637 2161 Auctorem
1666 2114 1805 2174 hujus
1843 2115 2127 2160 collectionis
2166 2114 2311 2173 liquet
2346 2114 2627 2174 temporibus

1396 2193 1656 2250 Agathoclis
1681 2192 1863 2249 tyranni
1890 2191 1903 2250 (
1926 2190 2057 2249 cujus
2077 2207 2118 2236 c.
2143 2206 2228 2252 11o
2246 2190 2416 2233 mentio
2433 2187 2509 2251 fit)
2534 2206 2627 2234 non

1397 2268 1536 2311 fuisse
1575 2266 1901 2324 antiquiorem.
1939 2265 2150 2322 Denique
2190 2264 2509 2308 memorandus
2543 2265 2627 2308 hoc

1395 2343 1493 2385 loeo
1531 2350 1598 2384 est
1630 2340 1855 2383 Arrianus
1890 2339 1969 2396 qui
1995 2340 2044 2381 in
2071 2339 2171 2382 Ind.
2199 2356 2236 2384 c.
2277 2340 2333 2390 43
2359 2342 2442 2396 (v,
2465 2339 2626 2383 Hanno

1394 2430 1439 2473 p.
1470 2420 1523 2465 14
1543 2414 1556 2472 )
1593 2413 1647 2456 de
1685 2412 1920 2455 Hannonis
1960 2411 2252 2468 navigatione
2293 2412 2454 2456 ceteris
2491 2411 2628 2456 habet

1395 2487 1715 2533 luculentiora.
1737 2486 1840 2546 Ipse
1860 2485 2046 2544 quidem
2068 2485 2300 2545 sequioris
2319 2485 2461 2530 aetatis
2489 2486 2626 2531 homo

1395 2572 1486 2617 est,
1514 2562 1593 2606 sed
1633 2561 1837 2605 Historia
1865 2560 2023 2604 Indica
2058 2560 2164 2604 satis
2197 2559 2361 2619 probat
2395 2560 2627 2618 ignorasse

1395 2646 1625 2680 auctorem
1641 2636 1843 2695 plurima
1859 2651 1978 2693 quae,
2002 2634 2040 2678 si
2059 2635 2130 2678 sui
2153 2634 2240 2678 aevi
2263 2635 2467 2694 periplos
2490 2636 2624 2693 legis-

1396 2722 1480 2766 set,
1503 2711 1620 2756 scire
1657 2710 1866 2765 debebat,
1903 2719 2140 2768 totumque
2175 2708 2374 2768 pendere
2393 2724 2449 2753 ex
2471 2712 2627 2770 paucis

1395 2785 1529 2830 bonae
1564 2785 1846 2844 antiquitatis
1870 2784 2189 2843 scriptoribus,
2225 2782 2447 2838 Nearcho,
2476 2784 2623 2843 Mega-

1396 2862 1578 2917 sthene,
1614 2861 1881 2916 Daimacho,
1926 2860 2235 2905 Eratosthene.
2258 2859 2346 2903 Vix
2374 2860 2517 2918 igitur
2540 2862 2628 2906 ‹lu-

1394 2938 1525 2983 bium
1546 2948 1628 2994 est,
1656 2937 1769 2998 quin
1793 2953 1892 2998 quae
1917 2936 1972 2981 de
1998 2935 2168 2982 Arabia
2191 2935 2395 2980 nondum
2425 2937 2622 2982 circum·

1396 3017 1611 3075 navigata
1629 3026 1673 3060 et
1698 3016 1878 3059 Oceano
1899 3014 2090 3058 occiduo
2118 3024 2161 3058 et
2181 3008 2416 3057 Hannonis
2439 3015 2628 3072 naviga-

1396 3092 1522 3136 tione
1540 3090 1712 3135 lhdicis
1738 3089 2002 3149 subjungit,
2022 3104 2079 3134 ex
2106 3087 2399 3133 Eratosthene
2418 3088 2628 3147 deprom-

1398 3167 1524 3211 serit.
1549 3166 1680 3210 Hunc
1700 3166 1755 3210 de
1778 3165 2049 3209 Phoenicum
2085 3164 2141 3207 ad
2164 3164 2392 3207 Oceanum
2427 3163 2625 3208 coloniis

1397 3241 1586 3301 Libycis
1602 3241 1722 3286 haud
1742 3256 1886 3301 pauca
1902 3241 2087 3284 novisse
2107 3239 2304 3282 vidimus
2317 3272 2328 3293 ,
2349 3253 2449 3296 quae
2465 3237 2628 3282 Strabo

1398 3327 1627 3376 tamquam
1650 3316 1857 3360 fabulosa
1874 3315 2008 3369 ridet,
2033 3314 2142 3358 istas
2163 3312 2338 3356 fabulas
2357 3327 2468 3357 vero
2487 3312 2631 3371 Ophe-

77 3433 160 3461 non
186 3428 311 3463 tamen
334 3425 470 3464 detali
499 3437 625 3464 rerum
654 3428 754 3464 statu
778 3428 949 3463 constare
982 3425 1061 3463 sine
1085 3424 1271 3462 historicis
1294 3424 1444 3461 coaevis.
1475 3424 1621 3461 Horum
1647 3433 1736 3461 vero
1767 3421 2034 3471 antiquissimis
2063 3431 2085 3457 a
2114 3419 2295 3468 Dionysio
2323 3419 2407 3456 Hal.
2441 3420 2629 3457 accenseri

84 3478 312 3517 Antiochum
337 3485 663 3530 Syracusanum...
690 3497 708 3516 «
729 3482 850 3520 Medio
874 3493 960 3530 ergo
979 3483 1077 3519 inter
1092 3483 1233 3529 Cyrum
1261 3481 1298 3517 et
1314 3481 1471 3519 Darium
1498 3479 1666 3517 Nothum
1685 3477 1883 3515 intervallo
1903 3476 2012 3524 primi
2032 3475 2214 3523 coeperint
2229 3473 2409 3512 historici.
2431 3475 2506 3511 Nec
2529 3477 2630 3521 pote-

84 3534 170 3571 rant
193 3533 285 3572 adeo
303 3539 424 3575 multo
441 3549 520 3576 esse
533 3539 768 3587 antiquiores
783 3548 841 3575 res
860 3536 1223 3584 Carthaginiensium
1242 3535 1525 3574 florentissimae.
1549 3535 1623 3580 Qui
1644 3535 1743 3572 enim
1768 3543 1825 3571 res
1845 3531 2209 3580 Carthaginiensium
2226 3530 2350 3578 lingua
2370 3530 2488 3577 patria
2513 3529 2627 3566 Puni-

82 3597 129 3626 ca
147 3588 362 3638 prodiderit,
382 3593 571 3631 neminem
590 3593 688 3641 apud
701 3594 846 3631 veteres
858 3592 1076 3640 reperimus.
1101 3606 1120 3625 >2
1138 3591 1203 3629 His
1218 3591 1402 3637 terminis,
1423 3600 1518 3637 quos
1535 3588 1665 3628 excedi
1686 3599 1762 3627 non
1777 3589 1903 3635 liceat,
1924 3586 2150 3632 constitutis,
2174 3584 2392 3624 Dodwellus
2410 3586 2628 3621 Hannonem

84 3644 127 3680 et
142 3643 392 3682 Himilconem
411 3647 643 3695 navigatores
666 3648 816 3686 eosdem
837 3658 918 3686 esse
939 3649 1068 3685 censet
1098 3657 1188 3685 cum
1215 3649 1397 3684 Hannone
1419 3648 1457 3684 et
1477 3646 1687 3684 Himilcone
1706 3644 1879 3691 ducibuS,
1904 3643 1969 3691 qui
1988 3642 2138 3690 olymp.
2170 3643 2252 3687 118,
2276 3645 2295 3678 2
2319 3642 2450 3677 contra
2466 3639 2626 3686 Agatho-

82 3699 185 3736 ·clem
205 3702 481 3747 Syracusanum
500 3713 559 3740 res
578 3704 768 3751 gerebant.
792 3704 972 3743 ceterum
986 3703 1171 3751 periplum
1192 3702 1276 3750 po'st
1296 3704 1457 3740 mortem
1472 3701 1664 3740 Hannonis
1681 3700 1750 3738 sub
1771 3700 1868 3737 illius
1887 3699 2039 3736 nomine
2062 3697 2171 3735 finxit
2191 3699 2347 3734 Graecus
2367 3695 2517 3743 quidam
2535 3696 2625 3731 Car·

86 3753 379 3802 ¹thaginiensium
401 3756 601 3795 studiosus.
632 3760 766 3807 Scylax
800 3762 1022 3797 Hannonem
1045 3769 1122 3796 non
1141 3758 1327 3805 adhibuit,
1363 3758 1431 3796 sed
1450 3757 1579 3795 omnia
1608 3766 1675 3794 sua
1696 3767 1741 3794 ex
1765 3755 2042 3803 antiquioribus
2072 3753 2294 3792 Phoenicum
2321 3750 2471 3799 periplis
2492 3748 2624 3785 hausit.

86 3811 180 3847 Haec
197 3809 435 3858 Dodwellus,
463 3811 570 3858 quus
591 3814 671 3850 tota
690 3814 892 3862 disputatio
912 3814 1152 3863 ineptissimis
1170 3812 1482 3852 liariolationibus
1502 3814 1636 3850 scatet.

135 3865 184 3913 (*)
209 3865 266 3902 Cl'.
295 3865 430 3903 titulus
456 3875 581 3903 rerum
604 3867 651 3903 ab
677 3869 883 3907 Hannibale
904 3872 1093 3917 gestarum
1114 3870 1153 3907 in
1171 3870 1300 3908 Italico
1326 3869 1468 3916 templo
1485 3868 1643 3906 sunonis
1664 3867 1827 3905 Laciniae
1848 3866 1985 3914 punica
2001 3864 2127 3911 lingna
2146 3865 2182 3901 et
2199 3871 2319 3910 graeca
2336 3859 2511 3897 exaratus
2531 3856 2623 3903 (Po-

87 3919 164 3966 tyb.
185 3922 254 3967 ΙΙΙ,
278 3923 337 3958 33.
358 3925 425 3967 36;
449 3920 532 3959 Liv.
555 3923 728 3970 xxvut,
749 3926 795 3961 46
816 3924 844 3972 ).
871 3925 993 3964 Minus
1014 3926 1087 3962 huc
1110 3926 1299 3974 pertinent
1318 3926 1458 3964 tabulae
1486 3925 1669 3963 soederum
1688 3924 1726 3962 in
1745 3923 1826 3962 aede
1851 3923 1956 3960 Jovis
1982 3919 2180 3968 Capitolini
2203 3916 2362 3964 (Polyb.
2397 3915 2469 3958 111,
2491 3911 2570 3974 22)
2589 3912 2627 3950 θῑ

84 3984 172 4022 -quae
194 3975 231 4012 in
251 3975 398 4014 dnobus
421 3977 570 4014 sacellis
586 3979 810 4016 consecratae
827 3981 933 4017 erant
957 3980 1107 4018 soederis
1128 3992 1215 4018 cum
1237 3982 1379 4020 Gelone
1401 3980 1482 4018 initi
1500 3981 1512 4028 (
1530 3979 1686 4018 Diodor.
1708 3981 1774 4023 XI,
1809 3983 1895 4023 26,2
1913 3978 1940 4023 ).
1966 3975 2082 4022 Magis
2105 3974 2216 4011 etiam
2254 3982 2275 4008 a
2298 3980 2337 4007 re
2358 3968 2486 4006 nostra
2505 3966 2628 4005 ahena

91 4029 184 4066 sunt
203 4034 446 4071 monumenta
472 4032 689 4080 Hamilcari,
715 4034 757 4071 ut
780 4033 898 4080 heroi,
915 4036 1059 4073 structa
1078 4037 1161 4074 tum
1184 4037 1410 4084 Carthagine
1435 4038 1518 4074 tum
1538 4035 1576 4073 in
1602 4033 1787 4081 coloniis(
1807 4031 1986 4073 Ilerodot.
2016 4032 2099 4076 Vll,
2124 4030 2188 4065 167
2207 4026 2235 4074 ).

386 4116 414 4143 0
