2756 4354
156 171 293 232 (nst-2⁸³

219 296 275 325 31.
318 281 584 325 ΚΑΣ-ΣΩΠΟῙ.
622 272 742 320 Μετὰ
777 265 1123 336 δὲυΘεσπρωτ-ίαν
1149 270 1385 315 Κασσωπία

155 343 265 388 ἐστὶν
289 341 411 392 ἔθνος.
450 340 624 386 Οἷκοῧσι
644 334 687 380 δὲ
710 333 782 379 καὶ
800 337 908 378 οὗτοι
930 331 1038 377 κατὰ
1056 330 1234 391 κώμας.-
1264 334 1382 394 Παρ-

158 415 312 457 οικοῧσι
341 409 383 454 δὲ
403 401 512 452 etiem
534 402 607 455 ἕως
630 405 686 455 εἷς
707 402 775 447 τὸν
795 400 1080 462 Ἀνακτορικὸν
1099 400 1265 445 κόλπον.
1295 403 1388 446 Πα-

161 475 337 535 ράπλους
358 471 392 514 δ’
415 467 501 513 ἐστὶ
524 470 596 520 τῆς
622 467 871 512 Κασσωπῶν
896 462 1035 525 χώρας
1053 462 1182 522 ἥμισυ
1209 462 1385 524 ἡμέρας.

158 543 311 602 Μικρῷ
341 537 383 582 δὲ
408 535 587 582 ἐλάττων
626 537 647 579 ὃ
667 533 951 594 Ἀνακτορικὸς
985 531 1136 583 κόλπος
1168 531 1277 576 ἐστὶν
1307 531 1388 576 ’ἀπὸ

157 615 225 655 τοῦ
247 606 449 665 στόματος
470 603 544 656 ἕως
569 605 623 655 εἷς
647 603 716 648 τὸν
749 602 880 665 μυχὸν
912 601 1088 646 σταδίων
1117 599 1193 663 ρκ’.
1259 603 1298 646 T
1300 600 1321 645 ὸ
1346 599 1388 645 δὲ

157 678 290 737 στόμα
315 669 426 736 εῧρος
449 673 625 720 σταδίων
653 671 706 717 δ’.

219 763 276 792 32.
312 748 594 792 MOAOTTIA.
642 740 763 788 Μετὰ
803 739 844 785 δὲ
884 739 1141 787 Κασσωπίαν
1183 739 1390 785 Μολοττοί

156 818 254 861 εἰσιν
276 814 398 865 ἔθνος.
467 815 642 861 Οἰκοῦσι
660 804 832 857 δὲόῧτοι
852 811 960 856 κατὰ
977 809 1140 869 κώμας·
1164 808 1389 863 καθήκουσι

157 885 199 930 δὲ
223 883 330 930 κατὰ
359 883 502 945 μικρὸν
529 885 703 927 ἐνταῦθα
727 880 794 926 ἐπὶ
828 880 902 935 τὴν
930 880 1153 937 θάλατταν,
1183 881 1236 931 εἷς
1261 897 1388 939 μεσο-

156 954 269 1014 γείαν
308 953 350 997 δὲ
373 953 521 1014 πολλῇ.
590 951 844 1014 Παράπλους
879 949 913 994 δ’
938 948 1022 995 ἐστὶ
1055 953 1127 1005 τῆς
1156 949 1389 1000 Μολοττίας

155 1022 293 1086 χώρας
314 1022 487 1067 σταδίων
515 1021 573 1081 μ’·

221 1109 273 1138 33.
302 1097 570 1138 ΑΜΒΡΑΚΙΑ.
594 1091 714 1137 Μετὰ
735 1089 778 1134 δὲ
801 1087 1037 1135 Μολοττίαν
1058 1087 1293 1150 Ἀμὸρακία
1317 1087 1390 1134 πό-

156 1165 215 1214 λις
234 1162 439 1218 Ἑλληνίς·
462 1161 610 1223 ἀπέχει
632 1159 672 1205 δὲ
695 1159 799 1215 αὕτη
822 1158 903 1204 ἀπὸ
925 1158 1129 1213 θαλάττης
1153 1158 1302 1202 στάδια
1322 1158 1386 1205 π’.

154 1229 281 1278 ’Ἐστι
305 1231 347 1276 δὲ
375 1230 445 1276 καὶ
465 1230 533 1275 ἐπὶ
559 1229 762 1284 θαλάττης
781 1231 914 1289 τεῖχος
935 1227 1006 1272 καὶ
1024 1226 1153 1286 λιμὴν
1182 1226 1388 1278 κλειστός.

157 1302 373 1348 Ἐντεῦθεν
399 1301 570 1362 ἄρχεται
592 1303 616 1354 ἡ
644 1297 797 1349 Ἑλλὰς
820 1296 992 1357 συνεχὴς
1012 1289 1116 1342 εἶναι
1141 1296 1266 1360 μέχρι
1290 1299 1386 1352 nn«

1234 182 1236 185 ’
1257 168 1571 216 PERIPLUS.
2603 176 2682 221 '35

1515 278 1582 318 31.
1616 277 1808 317 stsom.
1833 278 1931 317 Post
1946 275 2235 330 Thesprotiam
2257 287 2482 330 sequuntur
2504 281 2683 336 Cassopi.

1459 346 1657 386 Habitant
1673 346 1717 386 hi
1733 359 1898 399 quoque
1921 344 2100 384 vicatim.
2162 345 2277 383 Litus
2296 346 2482 385 accolunt
2500 362 2627 402 usquc
2646 352 2687 390 in

1459 413 1597 451 sinum
1620 413 1905 453 Anactorium.
1965 411 2321 463 Praeternavigatio
2338 412 2609 467 Cassoporum
2627 431 2689 456 re-

1459 480 1591 532 gionis
1607 487 1668 519 est
1693 479 1774 519 diei
1790 477 2010 519 dimidiati.
2070 478 2191 518 Sinus
2217 485 2353 517 autem
2384 481 2624 521 Anac-torius
2641 483 2691 523 ab

1458 560 1530 586 ore
1555 560 1686 599 usque
1706 546 1758 586 ad
1785 548 1979 586 intimum
2006 559 2211 585 recessum
2229 545 2365 599 paullo
2384 547 2520 586 minor
2538 557 2596 587 est
2618 558 2693 590 sta-

1459 613 1539 653 diis
1562 621 1731 653 centum
1753 614 1912 667 viginti.
1973 615 2031 654 Os
2053 627 2151 653 vero
2173 621 2234 652 est
2256 613 2482 654 stadiorum
2504 625 2693 669 quattuor

1458 681 1692 723 latitudine.

1517 751 1585 790 32.
1607 751 1812 790 MoLoss1.
1835 749 2072 803 Cassopiam
2104 748 2255 802 excipit
2288 748 2563 790 Molossorum
2583 765 2694 804 gens.

1460 818 1660 859 Habitant
1696 817 1889 871 pagatim.
1930 816 2174 869 Pertingunt
2213 815 2270 855 ibi
2306 816 2358 856 ad
2403 831 2513 858 mare
2551 820 2698 872 exiguo

1464 895 1627 927 tantum
1651 885 1803 940 spatio,
1845 882 1991 937 majori
2018 891 2155 923 autem
2189 897 2240 923 ex
2275 892 2388 937 parte
2413 885 2698 926 mediterranei

1461 963 1572 994 sunt.
1633 952 1992 1005 Praeternavigatio
2023 951 2226 991 Molossiae
2258 960 2317 991 est
2345 952 2569 993 stadiorum
2602 969 2700 1008 qua-

1461 1024 1663 1077 draginta.
1980 1010 1982 1015 ,
2009 1014 2014 1017 ¹

1519 1094 1586 1133 33.
1614 1095 1861 1133 AMBRACIA.
1887 1093 1987 1131 Post
2004 1089 2242 1129 Molossiam
2259 1089 2476 1130 Ambracia
2493 1100 2566 1142 cst,
2590 1093 2702 1132 Grae-

1462 1177 1510 1202 ca
1547 1162 1703 1202 civitas.
1766 1163 1803 1201 A
1837 1160 1941 1200 mari
1967 1158 2093 1198 distat
2125 1157 2255 1198 stadia
2291 1161 2508 1212 octoginta.
2569 1162 2702 1202 Habet

1465 1231 1587 1270 etiam
1604 1229 1656 1269 ad
1674 1243 1787 1268 mare
1802 1228 2108 1267 munimentum
2123 1235 2164 1266 et
2178 1235 2346 1281 portum
2362 1227 2556 1269 clausum.
2596 1231 2703 1270 Hinc

1463 1299 1619 1340 Graecia
1633 1299 1829 1338 continua
1842 1311 1927 1337 esse
1939 1297 2084 1351 incipit
2101 1310 2231 1350 usque
2242 1295 2295 1336 ad
2307 1296 2459 1336 flumen
2466 1299 2646 1338 Peneum
2664 1307 2704 1338 et

224 1452 329 1504 §31·
360 1450 485 1505 Apud
509 1449 752 1490 Strabonem
765 1450 863 1498 VII,
887 1462 930 1503 p.
959 1449 1039 1497 324
1073 1449 1258 1503 Cassopi,
1291 1463 1396 1503 quos

157 1513 427 1559 Κασσωπαίους
449 1511 564 1562 dicit,
588 1525 682 1566 pars
698 1519 815 1551 erant
832 1511 1176 1565 Thesprotorum‚
1199 1512 1270 1565 qui
1301 1511 1396 1551 ideo

156 1590 286 1630 usque
313 1574 367 1616 ad
391 1574 654 1616 Ambraciam
684 1572 969 1628 pertinebantj‚
1000 1581 1048 1613 ut
1066 1572 1177 1628 apud
1210 1573 1398 1613 Herodo-

157 1648 247 1679 tum
262 1639 359 1688 VII,
386 1640 454 1692 47.
479 1636 494 1689 Η
512 1660 569 1667 -
588 1635 758 1676 ἐλάττων
778 1638 791 1687 ]
812 1634 960 1675 ἐλάττω
981 1634 1125 1676 codex.
1160 1637 1175 1690 ΙΙ
1198 1660 1254 1666 -
1274 1635 1319 1676 ‘A
1329 1651 1395 1676 να-

158 1718 180 1741 κ
193 1716 243 1742 το
255 1716 274 1756 ρ
288 1700 358 1741 ικὸ
373 1703 404 1752 ς]
428 1720 444 1735 «
462 1699 580 1741 Solus
596 1707 655 1739 est
676 1698 820 1753 Scylax
839 1699 1017 1752 quicum
1031 1699 1170 1738 sinum
1190 1699 1248 1739 sic
1262 1699 1399 1754 appel-

159 1765 328 1814 laverit3
348 1760 584 1817 Thucydidi
606 1763 642 1811 I,
679 1760 728 1800 55
750 1768 791 1800 et
817 1760 1010 1800 omnibus
1033 1760 1120 1800 aliis
1150 1759 1396 1815 Ἀμδρακικὸς

160 1827 329 1867 dicitur.
367 1845 384 1860 »ι
412 1827 677 1866 PALMEmUs.
718 1822 991 1864 Probabiliter
1020 1837 1118 1863 vero
1158 1832 1304 1864 auctor
1339 1839 1390 1864 ex

158 1903 242 1943 quo
258 1889 345 1928 haec
359 1888 485 1942 petita
500 1895 611 1936 sunt,
626 1885 669 1926 id
681 1900 835 1926 nomen
850 1900 936 1926 non
952 1886 1031 1926 nisi
1046 1885 1098 1926 de
1109 1900 1159 1926 eo
1171 1887 1266 1926 sinu
1285 1886 1401 1927 adhi-

158 1951 248 1991 buit
264 1952 306 1990 in
322 1965 406 2004 quo
424 1950 549 1990 situm
569 1949 855 1998 Anactorium,
878 1949 1033 2002 quique
1056 1949 1264 1988 interioris
1285 1950 1397 1989 sinus

159 2014 393 2054 Ambracici
416 2013 531 2066 quasi
561 2011 747 2066 πρόθυρον
772 2019 846 2051 est.
874 2013 888 2066 ΙΙ
916 2035 973 2041 -
992 2009 1089 2065 ρκ’]
1113 2011 1179 2052 Ab
1201 2013 1322 2052 Actio
1348 2012 1401 2052 ad

110 2079 118 2083 ’
158 2076 352 2115 intimum
372 2075 484 2114 sinus
506 2088 712 2114 recessum
723 2073 830 2113 linea
841 2081 953 2113 recta
974 2081 1070 2112 sunt
1088 2072 1141 2113 ad
1157 2087 1238 2115 200
1254 2074 1397 2115 stadia.

159 2137 352 2192 Polybius
370 2145 552 2177 trecenta
585 2135 725 2176 dicens
745 2135 922 2174 nimium
952 2133 1067 2174 dicit.
1089 2136 1241 2175 Nostro
1264 2144 1401 2177 autem

157 2199 250 2239 ,loco
273 2200 450 2239 auctoris
480 2207 550 2238 aut
579 2198 722 2238 scribae
747 2197 995 2250 negligentia
1016 2205 1198 2236 erratum
1230 2211 1316 2237 esse
1339 2198 1402 2238 vel

162 2262 258 2302 inde
299 2262 428 2316 liquet
442 2292 453 2311 ‚
499 2260 612 2315 quod
652 2259 790 2314 paullo
825 2267 919 2313 post
946 2259 1176 2300 Ambraciae
1212 2261 1401 2314 paraplus

166 2338 243 2366 120
265 2324 491 2364 stadiorum
509 2338 594 2363 0550
617 2322 784 2373 dicitur,
811 2323 1091 2362 consentiente
1123 2323 1324 2376 Dionysio
1358 2324 1400 2363 in

163 2386 398 2440 Anagraph.
428 2385 586 2425 Hellad.
604 2388 672 2433 44.
694 2385 768 2424 His
788 2385 912 2437 igitur
931 2385 973 2423 in
991 2383 1270 2437 computanda
1289 2385 1402 2425 sinus

163 2448 418 2502 longitudine
441 2446 631 2487 addenda
666 2454 783 2487 erant
815 2446 867 2486 ab
893 2446 1020 2486 altera
1052 2454 1167 2500 parte
1197 2446 1326 2487 stadia
1349 2452 1402 2496 40

163 2525 244 2551 01⁸ae
265 2510 506 2559 Molossicae,
532 2509 583 2549 ab
613 2509 738 2550 altera
764 2517 880 2563 parte
899 2508 943 2548 id
962 2508 1077 2562 quod
1099 2508 1150 2548 ab
1174 2509 1402 2551 Ambraciae

159 2573 314 2614 ‚finibus
335 2573 516 2613 excurrit
530 2586 660 2626 usque
682 2571 735 2613 ad
757 2574 889 2625 Argos
906 2572 1285 2626 Amphilochicum.
1314 2576 1328 2626 Η
1347 2599 1403 2605 -

166 2634 255 2675 ἀπὸ
290 2638 374 2676 τοῦ
413 2635 691 2689 στόματος]
722 2653 739 2668 α
765 2634 915 2688 Liquet
936 2643 1173 2689 aperturam
1202 2633 1325 2689 hujus
1351 2637 1403 2675 si-

164 2712 240 2737 nus
274 2712 297 2737 a
329 2697 492 2751 Scylace
521 2696 737 2745 collocari,
771 2710 856 2735 non
881 2697 924 2735 in
951 2710 1023 2736 ore
1058 2696 1127 2736 illo
1158 2696 1272 2750 quod
1298 2698 1401 2737 mari

159 2761 332 2814 propius
358 2767 418 2799 est
447 2768 488 2799 et
509 2758 656 2798 urbem
679 2757 924 2798 hodiernam
958 2761 1136 2798 Prevesa
1157 2758 1297 2809 alluit,
1330 2760 1402 2800 sed

165 2823 208 2861 in
247 2822 437 2862 ulteriore
469 2835 540 2861 ore
572 2821 640 2860 illo
673 2819 787 2874 quod
816 2821 1106 2875 promontorio
1138 2821 1336 2876 Scapleidi
1364 2831 1404 2862 et

166 2884 271 2924 della
290 2884 502 2925 Alffadonna
524 2892 769 2924 coarctatur.
791 2885 950 2938 Nempe
977 2898 1116 2924 versus
1136 2885 1274 2924 sinum
1294 2886 1404 2925 Ana-
1439 2899 1448 2909 ·

161 2948 342 2987 -etorium
380 2946 665 3000 navigantibus
701 2946 1002 2987 transeundum
1038 2954 1098 2986 est
1131 2960 1205 3000 per
1231 2946 1404 2987 alterum

163 3010 318 3060 sinum,
336 3024 448 3050 nunc
464 3009 623 3050 dictum
653 3009 796 3049 bassin
817 3008 866 3048 de
892 3012 1084 3049 Prevesa.
1113 3010 1180 3050 Sic
1213 3010 1404 3064 intelligi·

168 3080 235 3112 tur
257 3087 331 3112 cur
343 3081 459 3113 extra
473 3073 610 3112 sinum
627 3073 897 3112 Anactorium
916 3071 1060 3126 Scylax
1083 3071 1095 3127 (
1112 3074 1134 3124 5
1156 3073 1204 3120 34
1223 3071 1235 3127 )
1257 3073 1404 3114 urbem

170 3136 436 3175 Anactorium
470 3143 580 3175 recte
611 3135 744 3189 ponit.
781 3154 798 3169 »ι
843 3135 1038 3174 ΟΑῐιιυε.
1069 3135 1166 3173 Haec
1200 3133 1297 3174 serri
1334 3150 1405 3175 ne-

171 3206 341 3249 queunt,
364 3212 441 3238 nec
462 3196 690 3252 quidquam
710 3211 757 3237 ea
778 3198 937 3237 ratione
960 3195 1194 3251 expeditur.
1214 3198 1271 3238 Os
1291 3198 1405 3238 sinus

172 3258 313 3311 Scylax
333 3259 432 3299 illud
461 3258 682 3307 intellexit,
710 3257 829 3315 ,quod
854 3258 1049 3312 Polybius
1070 3259 1147 3308 IV,
1182 3259 1258 3309 63,
1287 3260 1309 3299 3
1344 3260 1406 3299 in-

173 3319 325 3360 tellexit
351 3329 392 3361 et
430 3320 531 3360 alius
563 3321 737 3375 quisque
772 3320 976 3373 designari
1003 3320 1324 3371 existimaverit,
1363 3321 1406 3361 id

178 3381 346 3434 inquam
360 3413 369 3430 ‚
405 3396 479 3436 per
500 3381 614 3436 quod
635 3396 766 3437 prope
793 3383 961 3423 Actium
997 3397 1110 3422 mare
1132 3383 1316 3423 Siculum
1340 3383 1403 3423 vel

174 3443 338 3482 Ionium
368 3444 572 3498 irrumpit.
598 3445 690 3484 Hoc
712 3445 823 3485 enim
846 3453 1043 3498 quattuor
1065 3453 1127 3484 est
1147 3444 1376 3485 stadiorum
1391 3477 1402 3496 ,

172 3512 220 3543 vut
253 3504 395 3558 Scylax
426 3505 519 3545 satis
538 3514 647 3546 recte
675 3507 751 3556 ait,
783 3507 902 3546 sicuti
929 3506 1121 3561 Polybius
1148 3506 1199 3547 de
1221 3506 1406 3561 ejusdem

176 3565 388 3606 latitudine
407 3566 535 3607 dicit:
559 3567 682 3608 λείπει
704 3573 779 3609 τῶν
800 3570 910 3609 πέντε
944 3570 1123 3610 σταδίων.
1148 3570 1334 3610 Alterum
1361 3585 1406 3610 os

177 3628 303 3683 duplo
325 3628 443 3668 latius
465 3637 539 3669 est.
565 3630 691 3682 Quod
719 3639 855 3671 autem
879 3635 900 3684 ς
925 3633 978 3681 34
1002 3633 1045 3672 in
1078 3632 1220 3674 codice
1240 3634 1403 3687 legitur,

179 3692 449 3732 Anactorium
479 3692 624 3732 urbem
646 3701 761 3734 extra
791 3695 930 3735 sinum
959 3697 1255 3736 Anactoricum
1287 3698 1407 3737 sitam

179 3769 278 3803 esse,
297 3753 399 3794 adeo
415 3761 461 3793 ut
477 3755 745 3794 Anactoricus
759 3756 872 3795 sinus
887 3756 1071 3797 diversus
1090 3757 1195 3798 soret
1210 3759 1262 3799 ab
1279 3760 1346 3799 illo
1362 3761 1404 3799 in

167 3831 260 3870 *quc
279 3816 375 3856 urbs
395 3816 652 3869 cognominis
671 3825 771 3865 erat,
798 3817 839 3857 id
858 3819 1020 3859 nonnisi
1035 3818 1300 3862 librariorum
1320 3830 1405 3862 stu-

179 3881 267 3933 pori
294 3878 354 3917 vel
375 3877 626 3931 negligentiae
644 3878 837 3932 imputari
857 3887 1004 3933 potest.
1024 3881 1080 3920 V.
1099 3880 1220 3922 infra.

236 3944 256 3993 §
289 3941 354 3980 32.
378 3940 652 3992 Μολοττία]
675 3941 733 3980 5ἰο
760 3940 914 3990 codcx;
949 3940 1148 3982 Μολοττοί
1164 3943 1281 3985 editt.
1309 3946 1324 3999 ΙΙ
1352 3968 1409 3977 —-·

174 4001 267 4045 -οῧτ
280 4019 298 4044 0
314 4019 323 4043 ι
342 4006 354 4056 ]
376 4005 488 4044 Fort.
516 4002 591 4043 suit
610 4002 675 4043 καὶ
696 4000 815 4044 οὗτοι.
853 4022 869 4039 α
895 4002 1022 4057 Quod
1044 4003 1096 4045 ad
1119 4019 1232 4047 mare
1252 4006 1406 4048 Molos-

1469 1463 1534 1489 sos
1570 1449 1775 1503 pertinere
1803 1447 1905 1487 dicit
1938 1447 2081 1501 Scylax
2096 1478 2106 1495 ‚
2147 1447 2392 1501 antiquioris
2429 1449 2554 1488 aetatis
2598 1447 2705 1489 testi-

1470 1513 1659 1552 monium
1677 1525 1763 1553 esse
1781 1509 1996 1550 contendit
2013 1509 2170 1550 Gailius
2188 1524 2231 1564 p.
2255 1523 2350 1551 210.
2370 1512 2424 1551 At
2446 1511 2705 1552 Dicaearchus

1466 1575 1524 1627 [i.
1558 1589 1594 1614 e.
1631 1574 1854 1628 Dionysius
1887 1572 2155 1627 Calliphontis
2183 1571 2241 1624 f.]
2277 1574 2429 1626 Anagr.
2465 1573 2622 1613 Hellad.
2654 1575 2704 1623 45

1467 1639 1631 1677 Orestas
1653 1651 1783 1692 prope
1812 1635 2071 1677 Arachthum
2099 1650 2265 1675 amnem
2291 1635 2343 1675 ad
2365 1637 2502 1676 sinum
2528 1637 2702 1677 Ambra·

1464 1693 1579 1739 'cium
1601 1699 1787 1739 habitare
1808 1698 1934 1738 refert
1948 1729 1959 1748 ,
1985 1698 2198 1737 Hecataeus
2221 1696 2233 1753 (
2251 1696 2302 1737 fr.
2330 1712 2397 1751 77.
2418 1697 2430 1753 )
2454 1700 2616 1738 Orestas
2635 1714 2707 1754 po-

1470 1762 1616 1816 pulum
1647 1762 1926 1802 Molossorum
1958 1759 2091 1800 dicit:
2124 1761 2262 1814 itaque
2291 1768 2382 1799 tum
2416 1761 2591 1800 Hecataei
2616 1769 2706 1801 tum

1469 1825 1696 1865 Dicaearchi
1719 1832 1834 1864 aetate
1866 1823 2144 1864 Molossorum
2175 1824 2414 1863 Orestarum
2447 1822 2551 1862 ditio
2569 1832 2705 1863 exten-

1469 1886 1644 1927 debatur
1661 1901 1792 1942 usque
1811 1885 1864 1926 ad
1883 1886 1996 1926 hunc
2015 1887 2169 1935 sinum,
2192 1883 2263 1925 sed
2281 1883 2395 1925 haud
2413 1883 2538 1924 dubie
2560 1885 2707 1938 exiguo

1469 1958 1632 1990 tantum
1655 1958 1811 1999 tractu,
1837 1963 1968 2003 quum
1999 1949 2042 1988 in
2072 1947 2211 1988 media
2249 1955 2356 1987 terra
2385 1946 2528 1987 latiore
2552 1947 2708 1994 habita-

1470 2021 1562 2053 rent
1586 2013 1759 2053 ambitu.
1793 2032 1808 2046 u
1841 2012 2052 2052 CLAUSEN.
2079 2012 2134 2050 At
2164 2010 2250 2050 haec
2271 2009 2567 2049 demonstratio
2600 2009 2708 2050 nulla

1470 2083 1544 2115 est.
1580 2077 1686 2116 Nam
1719 2074 1942 2129 Dionysius
1974 2073 2039 2113 ille
2065 2074 2230 2113 Orestas
2262 2087 2348 2112 non
2381 2071 2433 2111 ad
2455 2071 2707 2112 Arachthum

1470 2137 1660 2187 fluvium,
1684 2136 1756 2177 sed
1778 2135 1831 2176 ad
1862 2137 2056 2175 intimum
2086 2136 2223 2174 sinum
2244 2135 2351 2174 inter
2373 2134 2625 2175 Ambracicae
2648 2134 2709 2173 di-

1471 2201 1595 2240 tionis
1627 2200 1728 2240 fines
1759 2207 1798 2238 et
1830 2201 1962 2251 Argos
1993 2197 2332 2251 Amphilochium
2362 2197 2563 2237 habitasse
2590 2196 2704 2236 dicit.

1470 2262 1568 2303 Tale
1594 2271 1732 2302 autem
1762 2260 1918 2314 aliquid
1941 2259 1993 2299 de
2014 2259 2202 2299 Molossis
2225 2260 2436 2298 Hecataeus
2465 2258 2600 2298 dicere
2623 2273 2707 2298 non
2748 2307 2752 2310 Α

1470 2325 1619 2378 potuit.
1658 2325 1743 2363 Hos
1777 2323 1840 2362 vel
1879 2322 1972 2362 belli
2018 2321 2351 2375 Peloponnesiaci
2384 2328 2568 2375 tempore
2606 2335 2708 2361 non-

1471 2385 1573 2426 dum
1607 2385 1658 2425 ad
1679 2400 1793 2425 oram
1824 2399 1953 2438 usque
1984 2384 2229 2437 pertinuisse
2263 2383 2465 2435 colligitur
2497 2398 2547 2422 ex
2579 2384 2708 2424 Hero-

1472 2448 1572 2488 doto
1597 2450 1723 2497 VIII,
1760 2450 1828 2500 47,
1872 2447 1943 2500 qui
1965 2445 2216 2499 Thesprotos
2243 2444 2472 2485 Ambraeiae
2508 2444 2708 2485 finitimos

1472 2510 1572 2551 dicit
1594 2509 1688 2566 (Cf.
1713 2511 1764 2550 O.
1788 2509 1939 2549 Muller
1958 2510 2048 2547 Zur
2076 2510 2203 2548 Κόιντε
2236 2506 2305 2546 cles
2329 2505 2561 2546 adt-cllichen
2591 2507 2706 2547 Gric-

1472 2571 1690 2613 chenlancls
1716 2586 1758 2626 p.
1785 2564 2066 2626 25).C0nt1‘a
2097 2583 2194 2608 vero
2227 2568 2404 2622 Philippi
2431 2569 2706 2622 temporibus,

1472 2635 1623 2690 quibus
1645 2633 1855 2688 Periplum
1878 2640 2067 2672 nostrum
2089 2632 2289 2686 scriptum
2309 2644 2394 2670 esse
2417 2630 2581 2670 aliunde
2610 2634 2708 2672 satis

1473 2705 1655 2746 constat,
1680 2696 1864 2751 potentia
1898 2693 2175 2734 Molossorum
2198 2693 2347 2732 eximie
2368 2700 2488 2732 aucta
2507 2701 2592 2742 est3
2619 2702 2708 2733 tum

1473 2761 1600 2814 igitur
1619 2759 1671 2799 ad
1687 2773 1802 2799 oram
1815 2758 1952 2797 marit.
1975 2756 2077 2796 ditio
2095 2755 2328 2810 pertingere
2347 2756 2538 2809 coeperit3
2555 2764 2711 2810 postea-

1474 2838 1555 2878 que
1580 2824 1710 2877 ipsam
1731 2820 1994 2862 Ambraciam
2013 2818 2198 2874 Pyrrhus
2219 2818 2374 2871 regiam
2394 2818 2622 2858 constituit.

1532 2889 1554 2939 ς
1599 2885 1667 2925 33.
1713 2884 1887 2924 στάδια
1923 2881 1994 2934 π’]
2022 2883 2086 2921 Ex
2118 2879 2265 2920 iisdem
2299 2879 2484 2921 fontibus
2519 2881 2711 2922 hauriens

1474 2949 1696 3003 Dionysius
1713 2961 1764 3001 27
1787 2960 1796 2986 2
1817 2946 2000 2992 Σταδίους
2020 2944 2054 2983 δ’
2077 2943 2159 2998 ἔχει
2180 2942 2254 2984 ἀπὸ
2273 2946 2340 2994 τῆς
2358 2942 2550 2995 θαλάσσης
2569 2944 2710 2998 ὀγδοή-

1474 3011 1594 3051 κοντ’.
1622 3009 1794 3064 ἐπιφανὲς
1825 3009 1859 3047 δ’
1879 3007 1980 3063 ἱερὸν
2011 3005 2167 3058 Ἀθηνᾶς
2198 3005 2273 3046 ἐστ’
2306 3005 2344 3045 ἐν
2380 3004 2476 3060 αὐτῇ
2506 3005 2571 3045 καὶ
2593 3005 2710 3060 λιμὴν

1474 3073 1661 3121 κλειστός.
1688 3075 1841 3114 Parum
1864 3070 2055 3111 distincte
2083 3068 2228 3109 Strabo
2243 3069 2340 3117 VII,
2360 3081 2404 3121 p.
2434 3067 2513 3107 325
2538 3067 2591 3107 ad
2614 3071 2712 3108 Am-

1476 3136 1657 3177 braciam
1679 3134 1873 3175 ἀνάπλουν
1891 3147 1976 3173 0550
1994 3131 2096 3171 dicit
2108 3130 2254 3184 ὀλίγων
2275 3130 2456 3169 σταδίων.
2475 3129 2586 3169 Urbs
2600 3145 2711 3171 nunc

1475 3201 1587 3239 Arta
1609 3205 1793 3238 vocatur.
1820 3199 1835 3250 l}
1851 3220 1909 3226 -—
1927 3210 1973 3235 τε
1987 3196 2070 3248 ῖχο
2082 3210 2097 3240 ς
2111 3195 2126 3245 ]
2140 3192 2322 3245 Intellige
2340 3191 2552 3246 ’Άμὸρακον
2574 3193 2712 3232 castel-

1474 3261 1577 3312 lum,
1611 3261 1663 3300 dc
1685 3274 1769 3314 quo
1802 3257 1996 3312 Polybius
2021 3257 2098 3305 IV,
2126 3259 2194 3304 61,
2220 3269 2243 3307 7
2268 3267 2278 3294 ε
2326 3251 2370 3293 Ὁ
2391 3252 2465 3307 γὰρ
2501 3253 2713 3308 ’Άμὸρακός

1477 3323 1556 3364 ἐστι
1594 3323 1659 3378 μὲν
1692 3322 1838 3377 χωρίον
1869 3315 1910 3360 εὖ
1942 3317 2291 3371 κατεσκευασμένον
2326 3315 2390 3355 καὶ
2418 3316 2713 3370 προτειχίσματι

1475 3387 1540 3427 καὶ
1560 3387 1640 3440 τείγ
1650 3401 1694 3426 ει·
1718 3386 1842 3425 κεῖται
1861 3383 1894 3422 δ’
1915 3383 1952 3423 ἐν
1980 3382 2148 3435 λίμναις,
2173 3379 2261 3434 μίαν
2283 3377 2357 3418 ἀπὸ
2387 3380 2454 3429 τῆς
2476 3379 2605 3433 χώρας
2627 3394 2712 3419 στε-

1476 3448 1545 3500 νὴν
1569 3434 1815 3502 καὶ-χωστὴν
1841 3445 1944 3499 ἔχων
1971 3443 2176 3498 πρόσοδον.
2204 3441 2387 3482 ἐπίκειται
2407 3440 2440 3479 δ’
2462 3439 2642 3495 εὐκαίρως
2664 3445 2712 3496 τῇ

1475 3528 1516 3553 τε
1535 3513 1647 3566 χώρᾳ
1665 3514 1740 3550 τῶν
1774 3507 2064 3562 Ἀμὸρακιωτῶν
2092 3504 2157 3545 καὶ
2182 3506 2230 3559 τῇ
2255 3503 2383 3544 πόλει.
2407 3502 2470 3543 Cf.
2495 3502 2552 3543 ib.
2577 3518 2613 3543 0.
2642 3504 2708 3543 63.

1476 3575 1608 3614 Situm
1638 3571 1690 3612 ad
1712 3572 1845 3626 ripam
1878 3569 1994 3609 ssuvii
2016 3567 2223 3607 sinistram
2259 3579 2389 3620 prope
2422 3563 2528 3604 Fido
2559 3574 2707 3604 castro.

1475 3637 1530 3675 V.
1554 3633 1688 3675 Leake
1711 3636 1752 3683 I,
1784 3647 1827 3688 p.
1850 3634 1948 3680 214.
1979 3633 1993 3684 ΙΙ
2013 3654 2070 3660 -
2091 3629 2343 3682 κλλειστός]
2374 3627 2441 3668 Sic
2463 3627 2708 3680 Dionysius;

1477 3696 1682 3742 κάλλιστος
1708 3694 1855 3735 codex.
1888 3692 1951 3734 Cf.
1983 3694 2141 3733 Lucan.
2165 3692 2222 3741 V,
2256 3690 2366 3731 651:
2403 3703 2557 3742 arteque
2591 3687 2709 3726 mali-

1473 3773 1574 3811 gnos
1604 3757 1840 3799 Ambraciae
1854 3765 2020 3812 portas.
2048 3757 2063 3808 ΙΙ
2099 3779 2157 3785 -
2187 3753 2358 3795 ἐντεῦθεν
2394 3751 2551 3804 ἄρχεται
2586 3749 2669 3788 κτλ.
2694 3752 2709 3801 ]

1477 3822 1575 3861 Haec
1597 3833 1762 3874 quoque
1781 3817 1925 3859 eadem
1949 3816 2072 3856 habet
2094 3815 2316 3869 Dionysius
2340 3814 2388 3852 31
2414 3825 2522 3864 sqq„
2555 3809 2710 3850 fontem

1476 3882 1647 3923 laudans
1678 3881 1864 3921 Plaeileam
1883 3878 2168 3920 Atheniensem
2184 3909 2194 3925 ,
2225 3875 2371 3929 Peripli
2392 3881 2615 3913 auctorem.
2641 3871 2706 3913 Cf.

1479 3943 1584 3984 insra
1606 3943 1713 3996 565.
1740 3943 1755 3994 l!
1774 3967 1830 3972 —
1849 3957 1903 3981 συ
1917 3957 1935 3981 ν
1951 3956 1966 3981 ε
1979 3940 2103 3995 χὴςῙῚ,
2125 3939 2335 3985 continua,
2356 3949 2437 3975 non
2457 3933 2630 3988 amplius
2650 3934 2710 3974 in-

1479 4013 1677 4061 terrupta,
1703 4012 1749 4045 ut
1772 4005 1815 4044 in
1834 4001 2169 4043 antecedentibus
2185 4033 2195 4049 ,
2219 3999 2286 4039 ubi
2311 4010 2466 4052 sparsas
2500 3996 2540 4035 in
2565 3995 2712 4037 barba-

2529 4067 2562 4099 3·
