2782 4348
179 140 341 205 (προ.)

56 245 167 286 Phot.
186 243 227 287 ἐν
249 247 301 307 τῇ
323 247 506 308 παραλίᾳ
530 248 710 311 μένουσι,
737 256 862 312 νομῆς
890 255 1026 319 χάριν.
1042 262 1303 322 πλανώμενοι
1319 272 1414 330 περὶ

181 311 254 364 τὰς
272 315 503 366 ὑποδύσεις·
523 316 625 362 ἐπὰν
642 317 683 363 δὲ
704 311 815 372 αὐθις
838 323 993 387 ἀναδύῃ
1013 327 1059 373 τὸ
1072 334 1144 384 τῆς
1163 335 1412 397 ἀμπώτεως,

179 380 228 426 τὸ
241 381 316 442 μὲν
341 382 459 444 ὑγρὸν
478 383 544 429 διὰ
561 387 641 430 τῶν
663 386 785 433 λίθων
805 391 875 436 καὶ
894 396 974 438 τῶν
994 398 1216 460 φαράγγων
1241 405 1413 470 ἀπορρεῖ

179 450 234 501 εἰς
247 450 316 495 τὸν
338 453 510 513 ἐπιφερῆ
532 452 603 497 καὶ
621 455 915 519 κατεπείγοντα
938 462 1077 523 τόπον,
1101 470 1137 514 οἱ
1163 467 1199 513 δ’
1217 472 1351 533 ἰχθύες
1367 480 1408 522 ἐν

132 531 151 560 5
177 523 260 573 τοῖς
296 518 551 579 κοιλώμασιν
586 525 902 586 ὑπολειπόμενοι
938 531 1100 594 ἕτοιμον
1140 538 1306 601 θήραμα
1337 546 1408 590 καὶ

172 585 299 648 τροφὴ
321 586 501 646 γίνονται
522 591 605 642 τοῖς
629 594 901 657 ἰχθυοφάγοις.

234 670 291 700 33.
317 655 424 703 Ἀλλ’
454 660 491 703 οἱ
511 660 585 718 μὲν
611 662 726 709 ἄλλοι
747 666 880 726 ἰχθύες
902 669 914 732 (
934 673 988 723 ὡς
1004 671 1158 735 ἔφημεν
1185 677 1198 738 )
1226 681 1406 735 εὐπετῶς

168 725 536 783 καταγωνίζονται·
558 729 660 775 ἐπὰν
687 733 722 777 δ’
748 736 960 795 ἐμπέσωσι
979 741 1095 795 κύνες
1122 764 1165 790 τε
1183 748 1253 794 καὶ
1269 752 1404 813 φῶκαι

169 791 329 850 μείζους
350 795 420 840 καὶ
441 799 628 858 σκορπίοι
648 801 874 864 σμύραιναί
891 827 935 853 τε
962 811 1031 855 καὶ
1048 820 1130 858 πᾶν
1151 815 1198 861 τὸ
1220 824 1401 867 τοιοῦτον

224 946 281 978 34.
304 931 439 978 ”Οταν
474 935 516 980 δὲ
545 938 795 1000 θηρεύσωσιν
823 949 1171 1014 ὁσουσδηποτοῧν,
1211 960 1399 1020 μετενέγ·

103 1032 108 1035 -
151 1015 302 1052 ,καντες
322 1002 389 1046 ἐπὶ
412 1003 484 1056 τὰς
506 1006 657 1069 πέτρας
680 1009 750 1063 τὰς
769 1015 959 1072 κειμένας
981 1020 1079 1082 πρὸς
1117 1027 1395 1090 μεσημὸρίαν,

163 1066 286 1122 οὔσας
309 1072 545 1135 διαπύρους,
577 1077 746 1133 ταύταις
771 1081 812 1128 δὲ
833 1086 1078 1150 ἐπέρριψαν·
1113 1094 1258 1155 χρόνον
1290 1097 1331 1142 δὲ
1352 1102 1396 1144 οὖ

157 1135 286 1182 πολὺν
324 1139 518 1195 ἐάσαντες
557 1147 800 1211 στρέφουσιν
837 1154 905 1199 ἐπὶ
928 1157 1161 1218 τοῦμπαλιν
1189 1163 1390 1221 ἅπαντας.

97 1216 132 1245 15
159 1197 251 1251 Εἶθ’
275 1208 373 1254 ὅταν
391 1211 604 1260 λάὸωνται
631 1221 702 1273 τῆς
721 1221 842 1283 οὐρᾶς
868 1224 939 1270 καὶ
957 1226 1026 1272 τὸν
1051 1228 1144 1276 ὅλον
1169 1231 1289 1294 ὄγκον
1310 1236 1393 1282 σεί·

159 1292 285 1322 σωσιν
305 1280 351 1324 ἐκ
369 1281 521 1338 ταύτης
534 1320 545 1340 ,
567 1287 587 1329 ὃ
609 1286 682 1345 μὲν
700 1292 917 1352 σαρκώδης
937 1296 1060 1350 τόπος
1079 1299 1188 1354 ἅπας
1203 1305 1389 1351 ἐκπίπτει

154 1347 427 1406 θρυπτόμενος
449 1351 516 1397 διὰ
529 1353 601 1409 τὴν
616 1357 834 1418 εἰρημένην
852 1366 1092 1426 θερμασίαν·
1112 1370 1186 1426 τὴν
1211 1374 1247 1418 δ’
1263 1374 1388 1420 ἄκαν·

153 1417 226 1458 θαν
251 1418 496 1477 σωρεύουσιν
525 1425 653 1482 αὐτοὶ,
679 1430 750 1490 ἀφ’
769 1423 818 1485 ἧς
839 1434 883 1477 ἐκ
903 1435 1086 1491 πλείονος
1110 1440 1236 1488 τόπου
1259 1447 1390 1490 κολω-

149 1481 209 1525 νοὶ
231 1489 509 1548 παμμεγέθεις
544 1495 737 1555 ὁρῶνται.
767 1499 856 1554 Τὴν
885 1502 927 1546 δὲ
955 1505 1089 1567 σάρκα
1118 1512 1197 1555 τῶν
1229 1513 1381 1573 ἰχθύων

2 1571 21 1581 -
88 1561 129 1593 21)
151 1552 207 1603 εἰς
219 1553 470 1618 λεωπετρίαν
485 1565 780 1625 συναγαγόντες
800 1577 1000 1619 πατοῦσιν
1018 1578 1187 1631 ἐκτενῶς
1206 1582 1271 1626 ἐπὶ
1285 1601 1314 1644 χ
1319 1585 1385 1647 ρό-

147 1638 212 1665 νον
234 1624 307 1668 οὐκ
326 1625 475 1687 ὀλίγον,
496 1630 567 1676 καὶ
588 1634 776 1692 μίξαντες
796 1638 864 1683 τὸν
882 1643 1039 1704 καρπὸν
1057 1651 1128 1692 τοῦ
1141 1651 1381 1714 παλιούρου.

147 1691 307 1738 Τούτου
345 1695 425 1759 γὰρ
459 1702 735 1764 συμμιγέντος
768 1710 971 1764 κολλῶδες
991 1714 1065 1772 μὲν
1089 1717 1135 1763 τὸ
1162 1727 1244 1765 πᾶν
1277 1724 1381 1769 πολὺ

22 1826 303 1884 Βῑ()ᾱ.πρῶτον
333 1828 373 1872 ἐν
397 1833 448 1892 τῇ
475 1836 667 1900 παραλίῳ
702 1839 892 1900 μένουσι,
914 1852 1042 1905 νομῆς
1060 1851 1182 1913 χάριν
1211 1858 1375 1902 πλανώ·

143 1911 257 1951 μενοι
280 1897 374 1959 περὶ
396 1898 469 1952 τὰς
490 1904 704 1960 ὑποδύσεις
723 1909 795 1955 καὶ
810 1911 862 1957 τὰ
882 1916 1123 1976 κοιλώματα
1138 1939 1148 1949 ·
1173 1923 1273 1969 ἐπὰν
1298 1926 1332 1970 δ’
1355 1932 1376 1972 ὃ

80 1978 119 2007 25
139 1966 211 2018 τῆς
235 1966 466 2025 ἀμπώτεως
489 1971 586 2035 ἔλθῃ
609 1978 768 2038 χρόνος,
786 1981 831 2026 τὸ
867 1984 942 2041 μὲν
981 1989 1101 2049 ὑγρὸν
1125 1994 1169 2037 ἐκ
1189 1999 1261 2038 τοῦ
1285 1997 1375 2041 κατ’

136 2032 271 2095 ὀλίγον
292 2036 358 2081 διὰ
373 2041 452 2084 τῶν
471 2047 746 2105 κεχωσμένων
767 2051 889 2098 λίθων
909 2055 979 2100 καὶ
996 2059 1217 2122 φαράγγων
1239 2065 1372 2127 ἀπορ-

135 2103 218 2164 ρεῖ,
234 2106 270 2150 οἱ
292 2107 327 2151 δ’
354 2110 467 2169 ἰχθῧς
495 2113 535 2156 ἐν
551 2118 634 2167 τοῖς
651 2117 884 2180 κοιλώμασι
904 2128 1237 2176 καταλείπονται.

197 2189 255 2221 33.
285 2177 409 2222 Κατὰ
430 2179 470 2224 δὲ
495 2187 634 2230 τοῦτον
647 2186 716 2232 τὸν
740 2190 882 2250 καιρὸν
902 2193 947 2237 τὸ
967 2197 1119 2250 πλῆθος
1135 2203 1214 2244 τῶν
1237 2203 1371 2263 ἐγχω-

133 2240 229 2302 ρίων
252 2245 358 2304 μετὰ
380 2247 533 2294 τέκνων
554 2253 625 2298 καὶ
655 2262 858 2314 γυναικῶν
887 2263 943 2314 εἰς
964 2264 1036 2315 τὰς
1061 2269 1207 2328 ῥαχίας
1230 2272 1370 2332 ἀθροί-

67 2323 108 2353 3υ
131 2312 241 2363 ζεται
274 2314 458 2379 καθάπερ
494 2321 563 2382 ἀφ’
594 2323 678 2375 ἑνὸς
713 2328 1012 2389 κελεύσματος·
1051 2338 1302 2396 σχιζομένων
1326 2342 1366 2385 δὲ

129 2382 210 2424 τῶν
236 2382 457 2445 βαρὸάρων
496 2390 551 2439 εἷς
577 2390 628 2434 τὰ
653 2393 761 2438 κατὰ
800 2397 920 2458 μέρος
961 2404 1233 2463 συστήματα,
1268 2409 1367 2470 πρὸς

126 2447 221 2501 τοὺς
242 2450 365 2503 ἰδίους
389 2453 555 2502 ἕκαστοι
589 2459 736 2514 τόπους
762 2466 870 2523 μετὰ
900 2472 995 2529 βοῆς
1017 2471 1196 2524 ἐξαισίου
1225 2477 1364 2539 φέρον-

126 2535 218 2574 ται,
242 2521 429 2584 καθάπερ
447 2527 647 2587 αἰφνιδίου
673 2532 780 2583 τινὸς
797 2538 993 2597 κυνηγίας
1025 2543 1358 2600 ἐμπεπτωκυίας.

125 2578 216 2632 Εἶθ’
239 2591 281 2634 αἱ
302 2589 375 2648 μὲν
391 2598 579 2652 γυναῖκες
608 2599 712 2657 μετὰ
731 2606 811 2647 τῶν
842 2607 1001 2652 παίδων
1028 2610 1119 2663 τοὺς
1142 2613 1360 2669 ἐλάττονας

66 2663 107 2692 :35
123 2651 206 2694 τῶν
240 2652 392 2712 ἰχθύων
410 2655 482 2700 καὶ
510 2660 683 2714 πλησίον
708 2663 825 2717 ὄντας
857 2672 930 2723 τῆς
947 2671 1097 2733 χέρσου
1119 2678 1362 2736 συλλαμὸά-

120 2735 264 2764 νουσαι
284 2721 495 2783 ῥίπτουσιν
517 2728 582 2773 ἐπὶ
601 2730 676 2785 τὴν
688 2736 782 2793 γῆν,
806 2738 842 2780 οἱ
863 2735 903 2782 δὲ
923 2743 1004 2792 τοῖς
1018 2740 1202 2801 σώμασιν
1222 2748 1360 2807 ἀκμά-

123 2789 254 2840 ζοντες
287 2794 562 2855 προσφέρουσι
598 2798 670 2852 τὰς
707 2806 849 2865 χεῖρας
890 2815 971 2860 τοῖς
1007 2811 1072 2855 διὰ
1106 2814 1151 2858 τὸ
1194 2815 1360 2876 μέγεθος

122 2856 536 2920 δυσκαταγωνίστοις.
585 2868 855 2919 Ἐκπίπτουσι
885 2877 963 2940 γὰρ
987 2883 1032 2925 ἐκ
1051 2887 1121 2926 τοῦ
1156 2886 1357 2947 πελάγους

122 2927 413 2988 ὑπερμεγέθεις
436 2936 480 2978 οὐ
499 2935 620 2993 μόνον
636 2942 824 3002 σκορπίοι
840 2947 908 2990 καὶ
923 2948 1118 3010 μύραιναι
1138 2954 1208 2998 καὶ
1225 2956 1354 3013 κύνες,

61 3011 101 3039 40
115 2994 226 3040 ’ἀλλὰ
249 2998 320 3043 καὶ
343 3004 478 3062 φῶκαι
494 3005 564 3050 καὶ
581 3009 715 3054 πολλὰ
735 3019 904 3059 τοιαῦτα
928 3017 1018 3069 ξένα
1042 3021 1113 3066 καὶ
1135 3027 1224 3075 ταῖς
1237 3026 1354 3088 ὄψεσι

118 3064 187 3108 καὶ
207 3071 296 3120 ταῖς
320 3075 622 3136 προσηγορίαις.
676 3082 821 3128 Ταῦτα
850 3085 892 3131 δὲ
920 3089 971 3132 τὰ
1005 3092 1124 3153 θηρία
1149 3097 1353 3156 καταμά-

115 3150 260 3192 χονται
279 3146 468 3201 τεχνικῆς
492 3145 567 3204 μὲν
589 3148 727 3195 ὅπλων
754 3162 1012 3214 κατασκευῆς
1034 3162 1147 3208 οὐδὲν
1173 3164 1347 3226 ἔχοντες,

115 3202 259 3263 κέρασι
283 3208 323 3252 δὲ
352 3213 478 3269 αἰγῶν
513 3215 621 3268 ὀξέσι
651 3231 991 3280 κατακεντοῦντες
1010 3230 1079 3275 καὶ
1108 3240 1196 3285 ταῖς
1219 3240 1350 3298 ἀπορ-

119 3270 215 3330 ρῶξι
236 3275 402 3339 πέτραις
424 3283 720 3343 ἐπιτέμνοντες.
746 3293 892 3340 Πάντα
917 3297 994 3359 γὰρ
1030 3303 1054 3355 ἡ
1083 3302 1204 3363 χρεία
1233 3306 1348 3350 διδά-

55 3354 99 3383 45
118 3357 205 3384 σκει
223 3342 296 3398 τὴν
314 3346 447 3407 φύσιν,
463 3355 619 3408 οἰκείως
637 3363 720 3411 τοῖς
741 3365 1024 3425 ὑποκειμένοις
1041 3373 1196 3434 καιροῖς
1221 3375 1348 3437 ἁρμο-

115 3409 285 3467 ζομένην
308 3417 405 3477 πρὸς
428 3420 502 3476 τὴν
530 3425 576 3468 ἐκ
597 3430 669 3482 τῆς
687 3431 848 3485 ἐλπίδος
867 3438 1132 3498 εὐχρηστίαν.

176 3493 230 3525 34.
255 3480 451 3532 Ἐπειδὰν
470 3491 504 3534 δ’
517 3493 757 3556 ἀθροίσωσιν
775 3503 926 3563 ἰχθύων
942 3511 1216 3557 παντοδαπῶν
1235 3517 1342 3570 πλῆ·

113 3548 198 3602 θος,
228 3554 502 3615 μεταφέρουσι
521 3561 613 3615 τοὺς
640 3567 864 3628 ληφθέντας
886 3575 955 3619 καὶ
981 3578 1138 3632 πάντας
1161 3584 1339 3628 ὀπτῶσιν

113 3614 181 3659 ἐπὶ
205 3619 284 3662 τῶν
308 3627 467 3684 πετρῶν
488 3631 568 3673 τῶν
599 3633 897 3696 ἐγκεκλιμένων
931 3645 1031 3707 πρὸς
1055 3651 1334 3713 μεσημὸρίαν.

48 3692 93 3719 5⁹
109 3684 331 3747 Διαπύρων
363 3692 398 3734 δ’
423 3696 552 3740 οὐσῶν
579 3700 647 3745 διὰ
665 3704 739 3759 τὴν
760 3712 829 3752 τοῦ
857 3712 1067 3772 καύματος
1089 3721 1335 3782 ὑπερὸολῆν,

110 3754 264 3815 βραχὺν
286 3757 478 3815 ἐοὶὒὊῑῊἚς
497 3767 642 3827 χρόνον
663 3775 893 3838 στρέφουσι,
917 3783 1095 3831 κᾶπειτα
1118 3793 1190 3846 τῆς
1213 3793 1334 3850 οὐρᾶς

164 3900 188 3939 γ
205 3887 590 3951 ίνονται]γι’νεται
609 3904 689 3944 BC.
713 3907 728 3959 ΙΙ
753 3913 846 3963 —§
864 3917 931 3964 33,
953 3915 981 3956 l.
1000 3919 1040 3959 8.
1059 3920 1328 3980 δ’ἐμπέσωσι]

162 3949 303 3991 πέσωσι
328 3956 414 3997 ΑΒ.
442 3959 456 4011 Η
481 3984 537 3992 —
553 3978 594 4016 9.
616 3966 792 4021 μύραιναι
812 3975 858 4014 Β.
877 3999 933 4007 —
956 3979 1021 4019 καὶ
1055 3996 1137 4024 οιη.
1168 3988 1220 4027 Α.

156 4012 178 4065 §
201 4015 269 4062 34,
290 4014 317 4056 Ι.
343 4030 407 4059 11.
436 4021 546 4071 ὅσους
562 4026 609 4078 δή
627 4029 712 4070 ποτ’
733 4032 777 4072 ἂν
801 4035 848 4075 C.
875 4037 891 4090 ΙΙ
911 4062 967 4071 —
986 4054 1049 4083 12.
1071 4043 1138 4093 τὰς
1158 4050 1330 4104 κειμένας

1118 165 1198 210 DE
1233 169 1391 218 MARI
1425 176 1786 235 ERYTHRAEO.

2617 239 2632 274 1
2649 240 2671 277 3
2687 243 2700 279 1

1483 282 1555 333 qui
1592 283 1636 324 in
1677 289 1885 332 maritima
1915 292 2081 337 interim
2105 313 2176 341 ora
2205 317 2392 361 manent,
2424 325 2561 368 pastus
2585 330 2710 375 gratia

1482 346 1591 388 circa
1611 364 1793 395 recessus
1807 356 1895 398 illos
1914 368 1955 400 et
1972 375 2165 406 cavernas
2182 367 2438 433 divagante53
2463 396 2590 435 quum
2613 404 2708 433 vero

1481 424 1600 458 aestus
1621 423 1745 463 maris
1767 426 1999 482 retrosugit,
2030 432 2183 476 humor
2204 440 2371 492 quidem
2393 460 2466 500 per
2492 452 2642 507 lapides
2671 471 2711 502 et

1479 483 1614 527 hiatus
1633 489 1685 530 ad
1701 491 1922 538 humiliora
1950 507 1990 539 et
2005 506 2212 556 vergentia
2227 507 2316 551 loca
2342 516 2492 567 refluit,
2515 530 2556 562 at
2582 527 2711 579 pisces

1479 553 1523 593 in
1535 557 1774 602 cavitatibus
1788 565 1917 607 relicti
1929 578 2113 622 paratam
2124 575 2194 615 Ich
2201 577 2440 636 thyophagis
2457 593 2711 638 venationem

1477 629 1518 662 et
1533 623 1768 671 alimoniam
1785 635 2010 680 sufficiunt.

1533 693 1602 734 33.
1621 698 1682 737 Ac
1700 700 1846 758 reliqui
1866 707 2033 759 quidem
2050 713 2194 765 pisces,
2213 726 2260 758 ut
2277 719 2377 773 dixi,
2397 724 2501 768 sacili
2521 738 2708 776 certami-

1474 773 1527 800 ne
1558 763 1820 819 subiguntur.
1856 775 1911 814 At
1929 789 2059 829 quum
2092 794 2179 822 sors
2204 785 2324 828 offert
2342 805 2460 834 canes
2486 805 2527 837 et
2556 800 2708 854 phocas

1473 827 1649 883 majores
1664 842 1705 874 et
1723 840 1907 894 scorpios
1921 857 2205 904 muraenasque
2220 861 2260 893 et
2276 856 2385 898 aliud
2402 863 2604 919 quidquid
2619 869 2706 924 ejus

1474 900 1651 952 generis,
1675 905 1890 949 conflictus
1909 909 1955 951 fit
1971 926 2057 954 non
2072 916 2159 957 sine
2182 923 2378 975 periculo.

1486 1000 1489 1002 -
1528 973 1596 1023 34.
1623 979 1841 1035 Quotquot
1859 997 1957 1025 vero
1980 999 2192 1043 ceperunt,
2212 995 2255 1035 in
2270 1011 2403 1041 versas
2418 1004 2470 1044 ad
2486 1008 2702 1052 meridiem

1468 1049 1604 1095 petras
1626 1048 1830 1099 quae'solis
1859 1060 1961 1094 aestu
1988 1054 2162 1110 fervent,
2191 1066 2454 1122 transferunt,
2480 1073 2522 1113 in
2552 1090 2702 1133 easque

1468 1109 1709 1165 conjiciunt,
1727 1125 1768 1156 et
1781 1128 1874 1172 post
1893 1123 2087 1176 exiguum
2108 1134 2304 1185 temporis
2323 1136 2579 1185 intervallum
2596 1159 2695 1188 cun·

1466 1185 1553 1217 ctos
1570 1179 1612 1219 in
1633 1186 1870 1238 oppositum
1887 1188 1991 1231 latus
2011 1202 2190 1238 vertunt.
2212 1201 2371 1244 Deinde
2386 1210 2552 1260 quando
2567 1215 2698 1259 cauda

1464 1250 1718 1302 apprehensa
1736 1262 1865 1297 totam
1887 1272 2080 1313 quassant
2101 1267 2266 1320 molem,
2292 1286 2460 1318 carnosa
2473 1292 2566 1333 pars
2588 1286 2696 1325 exci-

1463 1314 1540 1366 dit,
1572 1317 1732 1363 fcrvore
1746 1338 1870 1378 quem
1893 1327 2074 1372 diximus
2105 1337 2304 1391 emollita;
2326 1344 2485 1397 spinam
2511 1364 2607 1392 vero
2638 1354 2695 1395 illi

1461 1398 1720 1442 coacervant,
1746 1393 1858 1435 unde
1873 1404 1915 1437 et
1936 1413 1987 1440 ex
2011 1399 2238 1459 longinquo
2259 1418 2380 1450 vastae
2402 1418 2694 1468 magnitudinis

1460 1455 1609 1496 tumuli
1630 1461 1957 1515 conspiciuntur.
1999 1469 2110 1510 Tum
2125 1486 2266 1515 carnes
2279 1477 2321 1517 in
2339 1479 2507 1533 planum
2527 1485 2692 1541 aliquod

1458 1535 1603 1564 saxum
1635 1527 1821 1570 collectas
1857 1532 1911 1573 ad
1943 1542 2105 1592 tempus
2137 1555 2222 1582 non
2266 1545 2474 1591 mediocre
2509 1553 2692 1609 impense

1457 1590 1612 1633 calcant
1626 1624 1637 1643 ,
1662 1596 1785 1637 etiam
1806 1600 1954 1653 paliuri
1984 1604 2169 1649 admixto
2191 1613 2359 1655 semine.
2381 1619 2476 1669 Quo
2505 1621 2688 1667 admixto

1456 1666 1590 1717 totum
1613 1664 1743 1706 multo
1768 1670 1894 1722 magis
1917 1686 2049 1715 massa
2067 1675 2113 1716 fit
2130 1677 2352 1734 glutinosa,
2373 1699 2420 1725 ac
2439 1688 2601 1732 videtur
2619 1708 2690 1748 pa-

1462 1727 1558 1769 liuri
1595 1731 1752 1775 fructus
1785 1739 2040 1783 condimenti
2064 1755 2135 1787 aut
2153 1748 2290 1792 infarti
2326 1755 2456 1796 vicem
2479 1770 2684 1812 praestare.

658 1800 2174 1850 XXX-

1445 1871 1644 1923 pastionis
1660 1878 1789 1928 gratia
1815 1881 1922 1922 circa
1946 1895 2133 1941 receptus
2167 1890 2255 1931 illos
2286 1907 2405 1936 cavos
2431 1896 2678 1954 divagantes,

1443 1963 1484 1995 at
1503 1971 1632 2011 quum
1662 1962 1738 2003 sub
1768 1966 1950 2009 refluxus
1977 1972 2107 2013 vicem
2134 1990 2240 2030 aqua
2270 1981 2467 2034 paulatim
2489 1999 2564 2040 per
2580 1987 2680 2045 lapi-

1442 2041 1544 2083 dum
1574 2054 1730 2090 struem
1753 2059 1794 2092 et
1807 2052 1942 2096 hiatus
1971 2056 2138 2112 defluit,
2160 2064 2290 2117 pisces
2319 2068 2362 2108 in
2380 2068 2534 2113 lacunis
2552 2072 2676 2116 desti-

1440 2137 1629 2176 tuuntul'.

1494 2220 1562 2261 33.
1600 2225 1679 2263 Per
1712 2226 1818 2268 hanc
1840 2234 2096 2276 occasionem
2129 2239 2413 2294 indigenarum
2451 2248 2672 2291 multitudo

1435 2309 1530 2336 cum
1545 2298 1683 2341 liberis
1704 2312 1744 2344 et
1761 2309 1975 2360 uxoribus,
2008 2313 2118 2354 velut
2142 2330 2224 2357 uno
2248 2320 2488 2372 celeusmate
2510 2328 2640 2368 excita
2653 2360 2666 2378 ,

1434 2386 1483 2412 eo
1507 2377 1694 2419 confluit.
1729 2383 1778 2421 In
1801 2384 1989 2426 cohortes
2014 2397 2151 2430 autem
2185 2391 2304 2434 divisi
2329 2396 2382 2436 ad
2414 2413 2485 2439 sua
2513 2404 2667 2457 quique

1431 2448 1517 2491 loca
1545 2453 1715 2495 immani
1732 2472 1827 2499 cum
1850 2462 2089 2516 vociferatu,
2108 2481 2155 2507 ac
2170 2469 2202 2508 si
2219 2474 2431 2525 repentina
2450 2477 2507 2516 eis
2529 2478 2572 2518 in
2595 2495 2663 2520 ve-

1429 2528 1595 2569 natione
1626 2533 1765 2584 praeda
1787 2535 1920 2578 oblata
1952 2540 2024 2590 sit,
2061 2541 2299 2588 decurrunt.
2353 2550 2461 2591 Tum
2501 2552 2661 2596 feminae

1429 2616 1524 2644 cum
1542 2608 1680 2659 pueris
1701 2611 1881 2653 minores
1905 2623 1946 2655 et
1975 2617 2130 2659 vicinos
2150 2624 2378 2665 continenti
2397 2628 2526 2681 pisces
2547 2631 2658 2671 colli-

1427 2688 1530 2732 gunt
1548 2690 1589 2722 et
1622 2684 1665 2724 in
1701 2693 1855 2728 terram
1878 2690 2102 2745 abjiciunt,
2137 2695 2268 2738 adulti
2297 2714 2395 2748 vero
2414 2711 2454 2742 et
2487 2719 2659 2760 corpore

1427 2756 1641 2800 validiores
1669 2747 1892 2814 grandibus
1924 2776 1965 2808 et
1999 2769 2218 2813 difficulter
2244 2775 2478 2831 subigendis
2512 2795 2656 2825 manus

1424 2831 1617 2876 afferunt.
1635 2838 1898 2892 Praegrandes
1913 2845 2024 2885 enim
2039 2860 2125 2888 non
2139 2849 2266 2891 modo
2288 2856 2484 2909 scorpiOS,
2507 2872 2654 2900 murae-

1422 2923 1496 2950 nas
1523 2920 1565 2951 et
1583 2927 1717 2964 caneS,
1745 2930 1890 2958 verum
1911 2921 2034 2962 etiam
2064 2923 2217 2977 phocas
2243 2935 2284 2967 et
2311 2930 2439 2971 multa
2453 2935 2653 2986 ejusmodi

1421 2993 1511 3026 tum
1539 2998 1706 3043 aspectu
1737 3000 1827 3034 tum
1863 2997 2031 3038 nomine
2065 3003 2280 3055 peregrina
2300 3005 2464 3060 pelagus
2489 3008 2647 3062 ejectat.

1419 3063 1503 3103 Has
1532 3073 1670 3107 autem
1698 3068 1851 3111 belluas
1873 3084 2109 3128 expugnant
2126 3092 2211 3118 non
2232 3082 2355 3121 armis
2374 3092 2459 3123 arte
2479 3084 2648 3127 fabrica-

1417 3140 1470 3180 tis
1486 3172 1497 3192 ,
1535 3143 1606 3183 sed
1645 3150 1858 3199 praeacutis
1893 3165 2108 3206 caprarum
2146 3157 2339 3198 cornibus
2376 3162 2642 3215 transfigunt,

1416 3225 1457 3256 et
1495 3233 1689 3261 saxorum
1726 3222 1961 3278 fragmentis
2003 3229 2207 3272 incidunt.
2250 3233 2315 3274 Ad
2355 3237 2493 3277 onmia
2532 3240 2643 3280 enim

1414 3294 1631 3334 necessitas
1661 3305 1849 3339 naturam
1872 3301 2059 3353 instruit,
2092 3318 2182 3358 quae
2204 3315 2250 3346 ut
2270 3321 2446 3362 praesens
2479 3319 2641 3367 tempus

1413 3367 1551 3420 exigit,
1573 3369 1625 3408 ad
1640 3369 1697 3420 id,
1715 3371 1826 3425 quod
1842 3387 1891 3413 ex
1911 3389 1988 3415 usu
2005 3376 2091 3417 sore
2106 3387 2255 3432 sperat,
2281 3395 2323 3422 se
2345 3382 2458 3424 facile
2479 3399 2639 3427 accom-

1411 3442 1567 3484 modat.

1465 3519 1516 3567 34
1558 3522 1574 3573 (
1596 3525 1692 3578 Cap.
1721 3528 1768 3563 16
1786 3526 1818 3578 ).
1849 3528 2119 3583 Posteaquam
2139 3534 2347 3576 variorum
2366 3537 2540 3591 piscium
2566 3555 2637 3580 coz

1406 3587 1472 3639 pia
1507 3588 1602 3642 ipsis
1638 3593 1890 3634 accumulata
1939 3605 2023 3647 est,
2071 3600 2251 3653 praedam
2285 3604 2559 3657 transferunt,
2596 3617 2636 3648 et

1405 3655 1608 3710 quidquid
1638 3670 1850 3714 ceperunt,
1883 3665 1921 3703 in
1953 3667 2079 3719 petris
2106 3668 2159 3708 ad
2188 3671 2404 3712 meridiem
2428 3675 2551 3714 versis
2571 3690 2632 3715 as-

1404 3733 1509 3764 sant.
1536 3727 1639 3777 Quae
1658 3741 1787 3781 quum
1815 3731 1968 3783 ingenti
1990 3734 2085 3775 solis
2105 3745 2204 3777 aestu
2219 3769 2231 3788 ‚
2254 3739 2363 3780 velut
2385 3741 2489 3794 igne,
2516 3757 2628 3782 exar-

1402 3792 1589 3844 descunt,
1604 3805 1696 3849 post
1711 3798 1905 3851 exiguum
1924 3801 2180 3845 intervallum
2196 3821 2265 3847 eos
2280 3817 2440 3849 vertunt
2454 3827 2464 3859 ;
2480 3810 2628 3852 dehinc

443 3857 2623 3912 :a

1404 3941 1487 3966 om.
1511 3930 1563 3968 A.
1592 3929 1606 3982 Η
1627 3953 1683 3960 -
1711 3931 1857 3987 πρὸς]
1887 3935 1970 3989 περὶ
1996 3938 2042 3976 Β.
2072 3938 2087 3991 Η
2107 3963 2163 3970 -
2188 3941 2251 3980 13.
2280 3940 2319 3980 δὲ
2347 3950 2439 3995 post
2473 3943 2625 3992 ταύταις

1401 4007 1484 4033 om.
1496 3996 1528 4033 B
1542 3994 1695 4049 absque
1712 3997 1889 4050 damn03
1908 4001 2045 4042 malim
2062 4003 2124 4053 δή.
2142 4028 2198 4035 -
2213 4008 2261 4053 14
2283 4006 2447 4054 ἅπαντας
2462 4007 2476 4062 ]
2501 4009 2621 4050 ἅπαν-

1398 4070 1458 4103 τες
1478 4055 1601 4099 codd.
1628 4066 1667 4098 et
1682 4059 1797 4101 editt.
1827 4062 1841 4114 Η
1862 4086 1917 4093 -
1935 4076 2001 4104 21.
2021 4080 2042 4104 κ
2056 4066 2232 4122 αρπὸν]
2262 4068 2401 4122 σπόρον
2417 4071 2449 4109 Β
2466 4079 2506 4111 et
2527 4087 2618 4112 cor-

2421 4151 2451 4179 9.
