2808 4342
465 33 515 87 0
759 55 762 59 .

680 112 726 158 O

223 206 315 247 882

223 297 300 356 τὴν
314 260 616 350 θάλασσαεῑὴν
633 293 819 354 μεγάλην
834 289 927 336 ἔστε
942 290 1011 336 ἐπὶ
1019 288 1088 335 τὸν
1102 288 1256 335 κόλπον
1270 287 1339 335 τὸ,
1357 292 1465 355 ΠΨ

224 368 362 424 σικὸν,
377 367 431 424 ἣν
451 366 503 421 δὴ
522 362 722 426 Ἐρυθρὴν
738 359 952 406 θάλασσαν
973 355 1227 420 μετεξέτεροι
1247 357 1462 409 καλέουσι.

288 438 389 484 XX.
424 434 609 495 Νεάρχῳ
628 430 670 476 δὲ
688 429 880 475 λέλεκται
902 425 1008 490 ὑπὲρ
1026 426 1181 473 τούτων
1203 426 1270 474 ὅδε
1290 430 1313 474 ὁ
1331 428 1464 491 λόγος·

224 505 349 551 πόθον
372 504 447 562 μὲν
467 495 571 548 εἶναι
599 496 854 559 Ἀλεξάνδρῳ
877 496 1190 559 ἐκπεριπλῶσαι
1210 494 1286 553 τὴν
1307 497 1464 544 onum.

180 584 203 614 ε
226 592 303 621 σαν
326 571 400 628 τὴν
420 569 502 616 ἀπὸ
524 567 663 615 Ἰνδῶν
686 564 781 612 ἔστε
798 563 869 611 ἐπὶ
882 563 957 622 τὴν
977 564 1215 626 Περσικήν,
1239 564 1292 629 (α)
1309 566 1463 614 ὀκνέειν

158 931 199 961 to

161 1273 199 1305 15

223 642 267 688 δὲ
289 640 411 686 αὐτὸν
432 641 501 683 τοῦ
518 653 563 681 τε
586 634 714 681 πλόου
732 633 779 680 τὸ
798 636 930 695 μῆκος
962 632 1035 680 καὶ
1060 633 1119 695 μή
1138 652 1218 680 τινι
1239 634 1322 698 ἄρα
1344 635 1464 698 χώρῃ

225 709 370 771 ἐρήμῳ
404 703 676 768 ἐγκύρσαντες
695 701 724 759 ἢ
757 700 898 766 ὅρμων
921 702 1064 767 ἀπόρῳ
1087 702 1116 760 ἢ
1149 704 1196 751 οὗ
1221 702 1465 767 ξυμμέτρως

222 776 375 838 ἐχούσῃ
391 777 472 819 τῶν
492 772 658 835 ὡραίων
671 806 685 829 ,
704 770 812 818 οὕτω
835 770 887 828 δὴ
906 772 1113 836 διαφθαρῇ
1136 773 1250 836 αὐτῷ
1269 775 1292 819 δ
1308 773 1464 830 στόλος,

221 843 292 889 καὶ
324 845 370 889 οὗ
403 840 540 906 φαύλη
564 840 682 898 κηλὶς
699 840 808 896 αὕτη
835 847 965 887 τοῖσιν
993 840 1172 905 ἔργοισιν
1201 842 1325 888 αὐτοῦ
1359 842 1465 888 τοῖσι

223 911 459 974 μεγάλοισιν
474 909 738 971 έπιγινομένη
760 908 837 966 τὴν
856 917 996 956 πᾶσαν
1013 910 1207 972 εὐτυχίην
1227 911 1341 974 αὐτῷ
1361 912 1465 974 ἀφα·

222 986 339 1029 νίσοι·
361 981 469 1028 ἀλλὰ
489 982 705 1036 ἐκνικῆσαι
723 977 805 1043 γὰρ
822 981 935 1044 αὐτῷ
954 979 1028 1036 τὴν
1048 978 1268 1040 ἐπιθυμίην
1287 980 1360 1026 τοῦ
1379 998 1466 1026 και·

222 1050 289 1097 νόν
309 1069 349 1096 τι
372 1050 453 1109 αἰεὶ
490 1048 563 1094 καὶ
595 1048 750 1094 ἄτοπον
785 1048 1047 1110 ἐργάζεσθαι.
1118 1050 1170 1110 (³)
1199 1048 1384 1111 Ἀπόρως
1422 1048 1465 1095 δὲ

223 1120 351 1183 ἔχειν,
376 1118 512 1166 ὅντινα
536 1119 611 1164 οὐκ
634 1116 836 1164 ἀδύνατόν
858 1136 903 1163 τε
929 1118 971 1170 ἐς
991 1117 1045 1164 τὰ
1076 1116 1347 1178 ἐπινοεύμενα
1370 1119 1466 1165 ἐπι-

220 1189 403 1246 λέξαιτο,
426 1188 498 1236 καὶ
514 1187 603 1250 ἅμα
619 1190 701 1236 τῶν
722 1189 764 1233 ἐν
783 1186 853 1243 νηῒ
872 1188 1029 1251 ἀνδρῶν
1042 1224 1055 1248 ,
1071 1190 1126 1240 ὣς
1143 1186 1214 1234 καὶ
1234 1190 1315 1233 τῶν
1333 1192 1465 1235 τοιοῦ-

221 1279 291 1308 τον
311 1260 454 1307 στόλον
478 1256 764 1319 στελλομένων
788 1258 953 1320 ἀφελεῖν
976 1257 1022 1303 τὸ
1042 1258 1164 1318 δεῖμα
1181 1262 1253 1304 τοῦ
1276 1255 1327 1314 δὴ
1347 1260 1466 1318 ἠμε-

222 1330 411 1391 λημένως
444 1329 589 1381 αὐτοὺς
623 1330 662 1381 ἐς
700 1319 912 1394 προῦπτον
943 1326 1126 1375 κίνδυνον
1159 1327 1463 1390 ἐκπέμπεσθαι.

224 1402 274 1459 (ι)
304 1398 426 1460 Λέγει
450 1398 499 1454 δὴ
534 1401 556 1443 ὁ
582 1398 801 1460 Νέαρχος,
838 1400 984 1461 ἑωυτῷ
1010 1398 1224 1452 ξυνοῦσθαι
1253 1397 1322 1444 τὸν
1348 1396 1466 1444 Ἀλέ-

224 1467 415 1531 ξανδρον,
435 1467 570 1513 ὅντινα
601 1466 919 1528 προχειρίσηται
941 1466 1181 1528 ἐξηγέεσθαι
1199 1470 1269 1512 τοῦ
1304 1466 1465 1513 στόλου·

226 1540 283 1590 ὡς
301 1538 345 1584 δὲ
374 1538 501 1583 ἄλλου
525 1537 595 1582 καὶ
618 1536 748 1581 ἄλλου
768 1538 823 1588 εἰς
858 1535 1030 1596 μνήμην
1050 1535 1163 1582 ἰόντα
1185 1535 1278 1588 τοὺς
1301 1537 1377 1596 μὲν
1407 1539 1462 1588 ὡς

161 1619 190 1648 2·
225 1608 300 1653 οὐκ
322 1606 534 1657 ἐθέλοντας
566 1603 815 1651 κινδυνεύειν
839 1603 942 1667 ὑπὲρ
966 1598 1012 1650 οὗ
1036 1604 1278 1667 ἀπολέγειν,
1309 1605 1402 1658 τοὺς
1424 1605 1467 1651 δὲ

224 1678 280 1728 ὡς
299 1673 514 1736 μαλακοὺς
534 1673 601 1720 τὸν
628 1672 783 1734 θυμὸν,
808 1674 900 1727 τοὺς
920 1673 963 1720 δὲ
985 1677 1040 1726 ὡς
1067 1673 1182 1737 πόθῳ
1201 1677 1273 1730 τῆς
1306 1672 1468 1730 οἰκηίης

223 1743 553 1807 κατεχομένους,
590 1745 697 1790 τοῖσι
723 1743 767 1789 δὲ
796 1744 902 1790 ἄλλο
936 1744 1007 1790 καὶ
1039 1743 1143 1790 ἄλλο
1178 1742 1465 1790 ἐπικαλέοντα·

227 1813 276 1874 (5)
298 1814 390 1859 τότε
418 1812 467 1868 δὴ
487 1812 609 1858 αὐτὸν
637 1813 876 1858 ὑποστάντα
901 1813 1055 1870 εἰπεῖν,
1081 1811 1145 1859 ὅτι
1171 1805 1235 1860 ΨΩ
1273 1814 1464 1874 βασιλεῦ,

225 1882 308 1943 ἰγώ
333 1899 396 1927 τοι
420 1882 672 1941 ὑποδέκομαι
693 1881 976 1941 ἐξηγήσασθαι
991 1885 1062 1927 τοῦ
1078 1882 1248 1939 στόλου,
1266 1882 1337 1927 καὶ
1356 1883 1391 1927 εἰ
1414 1879 1467 1927 τὰ

159 1960 204 1992 2⁶
227 1950 311 1997 ἀπὸ
331 1955 401 1996 τοῦ
437 1954 527 1997 θεοῦ
564 1950 937 2012 ξυνεπιλαμὸάνοι,
961 1951 1144 2013 περιάξω
1166 1969 1228 1997 τοι
1252 1949 1361 2003 σώας
1393 1951 1468 2004 τὰς

226 2019 318 2074 νέας
339 2018 412 2066 καὶ
449 2019 541 2072 τοὺς
572 2019 809 2082 ἀνθρώπους
832 2019 926 2066 ἔστε
949 2019 1018 2067 ἐπὶ
1041 2020 1117 2077 τὴν
1149 2020 1333 2083 Περσίδα
1356 2024 1435 2082 γῆν
1451 2056 1464 2078 ,

226 2091 262 2136 εἰ
284 2088 334 2146 δὴ
356 2088 519 2141 πλωτός
542 2107 587 2135 τε
608 2090 720 2136 ἐστὶν
740 2093 761 2135 ὁ
780 2088 911 2152 ταύτῃ
933 2089 1078 2142 πόντος
1098 2089 1170 2135 καὶ
1192 2089 1239 2135 τὸ
1258 2089 1375 2151 ἔργον
1394 2091 1468 2136 οὐκ

226 2158 379 2221 ἄπορον
389 2157 535 2220 γνώμῃ
548 2158 801 2221 ἀνθρωπίνῃ.
873 2160 923 2219 (ο)
938 2158 1200 2221 Ἀλέξανδρον
1213 2157 1256 2204 δὲ
1263 2158 1375 2221 λόγῳ
1391 2158 1466 2219 μὲν

226 2228 272 2272 οιί
283 2228 410 2290 φάναι
425 2226 577 2273 ἐθέλειν
591 2228 632 2279 ές
640 2227 811 2283 τοσήνδε
825 2228 1112 2290 ταλαιπωρίην
1122 2226 1194 2273 καὶ
1202 2227 1368 2273 τοσόνδε
1381 2227 1467 2274 κίν-

161 2303 205 2334 ³⁰
228 2296 344 2343 δυνον
356 2298 439 2343 τῶν
456 2315 547 2342 τινα
566 2298 718 2342 ἑωυτοῦ
738 2295 866 2358 φίλων
884 2296 1123 2355 ἐμὸάλλειν,
1138 2295 1259 2342 αὐτὸν
1277 2295 1320 2341 δὲ
1334 2295 1465 2359 ταύτῃ

227 2365 276 2422 δὴ
296 2365 367 2412 καὶ
390 2366 549 2426 μᾶλλον
567 2367 644 2412 οὐκ
663 2365 834 2422 ἀνιέναι,
852 2365 960 2411 ἀλλὰ
979 2366 1206 2429 λιπαρέειν.
1273 2365 1324 2426 (7)
1345 2364 1470 2412 Οὕτω

226 2435 277 2491 δὴ
307 2434 528 2496 ἀγαπῆσαί
549 2453 593 2480 τε
618 2433 881 2498 Ἀλέξανδρον
905 2439 976 2481 τοῦ
1002 2436 1197 2497 Νεάρχου
1225 2434 1299 2490 τὴν
1318 2438 1469 2497 προθυ-

229 2506 328 2565 μίην
343 2539 355 2560 ,
384 2503 455 2549 καὶ
476 2505 702 2559 ἐπιστῆσαι
726 2504 848 2549 αὐτὸν
873 2503 1015 2566 ἄρχειν
1036 2508 1107 2549 τοῦ
1128 2502 1275 2549 στόλου
1302 2504 1467 2556 παντός’

225 2669 232 2677 ·
283 2662 380 2709 XX,
401 2662 440 2700 3.
473 2660 653 2701 λέλεκται
671 2661 736 2701 ὅδε
758 2661 878 2717 λόγος
905 2662 988 2703 BC.
1015 2665 1031 2716 ΙΙ
1054 2686 1110 2692 -
1129 2676 1170 2716 7.
1199 2662 1309 2718 ὅρμῳ
1328 2660 1472 2712 codd.;

227 2736 311 2762 cin.
336 2722 524 2763 Dsibner.
556 2724 572 2776 Η
599 2746 656 2754 —
682 2737 745 2765 10.
774 2721 914 2779 ἐπιγιν.
940 2724 1013 2765 sic.
1035 2725 1084 2764 Β.
1109 2721 1361 2779 ἐπιγενομένη
1380 2737 1471 2778 vgo.

234 2786 251 2837 ss
278 2807 333 2814 —
354 2797 416 2824 ιο.
442 2783 605 2841 ἀφανίσῃ
624 2786 707 2826 BC.
739 2787 754 2839 ΙΙ
780 2787 1029 2826 -καινόν
1053 2801 1099 2827 τι
1121 2786 1233 2841 etc.]
1262 2803 1279 2823 a
1300 2785 1476 2828 Alexan-

229 2844 296 2885 dri
329 2844 581 2886 desiderium
615 2848 887 2901 navigationis
906 2848 975 2888 ‘ab
1007 2848 1115 2889 Indo
1144 2848 1196 2889 ad
1222 2847 1475 2904 Euphratem

232 2919 387 2960 usquc,
411 2920 511 2956 non,
535 2915 581 2946 ut
599 2908 826 2957 Nearchus,
864 2908 1004 2949 studio
1034 2909 1260 2950 ridiculoso
1296 2923 1403 2951 nova
1435 2918 1477 2951 et

228 2965 399 3021 reliquis
428 2966 668 3008 hominibus
694 2969 887 3009 inusitata
909 2969 1076 3022 gerendi
1098 2969 1236 3010 tribuo
1250 2986 1261 3019 ;
1282 2970 1352 3010 scd
1383 2970 1476 3012 dua:

230 3029 414 3070 rationes
456 3036 574 3070 erant
611 3030 748 3085 magni
783 3032 1000 3081 momenti,
1038 3045 1131 3085 qua:
1173 3032 1474 3085 navigationem

228 3089 488 3143 suadebant,
523 3092 674 3147 prima,
713 3101 761 3134 ut
791 3101 1058 3148 cognosceret
1092 3093 1193 3133 fines
1223 3094 1383 3149 imperii
1413 3097 1475 3136 sui

228 3161 418 3195 austrum
443 3167 605 3205 versus3
627 3154 731 3196 fines
759 3154 871 3197 enim
900 3154 1238 3212 septentrionales
1262 3169 1475 3211 percurre-

227 3222 296 3257 rat
325 3216 412 3271 ipse
431 3229 528 3257 cum
550 3217 759 3270 exercitu;
794 3217 898 3259 fines
927 3218 1131 3259 orientem
1160 3230 1300 3259 versus
1321 3218 1477 3260 viderat

232 3278 334 3333 ipsc,
376 3277 480 3319 dum
514 3292 591 3334 per
622 3279 796 3321 flumina
818 3280 1052 3335 navigarem
1088 3278 1226 3321 media
1250 3280 1356 3321 inter
1375 3282 1477 3322 lines

231 3341 571 3397 septentrionales
603 3350 644 3384 et
665 3341 955 3384 meridionales
977 3351 1024 3385 ut
1045 3350 1326 3398 cognosceret,
1367 3345 1478 3385 misit

228 3403 450 3444 Craterum
469 3402 522 3444 ab
543 3402 651 3445 Indo
666 3434 678 3455 ,
709 3412 756 3446 ut
785 3418 860 3460 per
879 3405 1020 3447 Asiam
1047 3405 1302 3461 superiorem
1322 3406 1477 3447 exerci-

233 3472 324 3505 tum
361 3466 403 3506 in
444 3467 707 3508 Carmaniam
744 3465 937 3519 duceret;
970 3468 1072 3510 lines
1102 3465 1413 3518 meridionales,
1437 3476 1478 3510 et

233 3524 353 3567 litora
390 3529 544 3569 Oceani
572 3528 698 3570 indici
734 3528 1021 3584 cognoscenda
1050 3529 1272 3571 restabant.
1305 3529 1478 3571 Redibat

234 3588 359 3642 igitur
381 3589 432 3629 ab
469 3590 575 3631 Indo
610 3593 755 3633 itincre
786 3594 982 3645 terrestri,
1016 3607 1101 3635 non
1121 3592 1240 3647 longe
1268 3606 1292 3634 a
1318 3592 1475 3644 littorc;

235 3646 309 3690 sed
336 3664 383 3690 ea
417 3651 481 3691 via
503 3652 557 3691 ob
594 3652 754 3695 deserta
791 3669 963 3696 arenosa
999 3654 1341 3711 periculosissima
1374 3663 1475 3705 erat,

236 3724 362 3767 qnam
381 3711 436 3753 ob
458 3727 620 3755 causam
644 3724 685 3756 et
714 3725 883 3772 propter
913 3726 1054 3772 gentes
1086 3731 1228 3760 earum
1262 3718 1476 3772 regionum

237 3769 460 3814 indomitas
491 3775 734 3829 praeviderat
753 3779 830 3818 sibi
859 3793 880 3819 a
905 3788 1013 3821 teri-a
1041 3779 1177 3821 littora
1200 3778 1471 3834 cognoscendi

234 3835 494 3877 occasionem
515 3850 600 3878 non
616 3837 813 3891 suturam,
838 3841 952 3895 quod
972 3851 1109 3884 tamen
1131 3842 1368 3885 commercii
1381 3855 1476 3884 cau-

234 3910 281 3938 sa
299 3901 435 3952 magni
459 3906 547 3940 erat
566 3902 781 3943 momenti.
806 3904 919 3945 Misit
934 3918 1032 3958 ergo
1047 3905 1231 3955 classem,
1262 3911 1309 3945 ut
1327 3902 1476 3945 littoris

233 3957 520 4001 conditionem
571 3960 880 4017 diligentissime
922 3975 1262 4020 perscrutaretur.
1339 3965 1476 4009 Altera

239 4033 336 4062 vero
353 4023 458 4064 ratio
472 4023 747 4080 expeditionis
762 4026 886 4083 liujus
914 4029 1066 4070 navalis
1087 4038 1190 4082 erat,
1214 4039 1259 4072 ιιι
1277 4042 1479 4072 commer-

1359 188 1625 254 Anauni

1532 311 1737 342 oceanum
1754 311 1951 353 magnum
1965 299 2010 341 in
2025 299 2166 342 sinum
2181 299 2391 341 Persicum
2407 297 2623 352 navigarit,
2645 311 2675 354 q
2686 346 2694 353 „
2734 309 2750 349 g

1533 365 1704 423 quidem
1727 364 1918 408 nonnulli
1940 379 2054 408 mare
2069 366 2261 409 Rubrum
2280 365 2499 422 appellant.
2686 363 2705 425 χ

1589 434 1689 476 XX.
1716 433 1931 476 Nearchus
1946 432 2001 476 de
2017 433 2097 476 bac
2112 448 2159 477 re
2177 435 2232 478 ita
2249 434 2392 476 scribit
2413 446 2423 474 :
2447 430 2697 475 Alexandro

1534 503 1735 546 siderium
1749 502 1874 547 fuisse
1888 518 2002 547 mare
2014 535 2028 556 ,
2045 504 2160 562 quod
2180 505 2234 547 ab
2255 504 2372 547 Indis
2389 506 2431 546 in
2447 505 2627 547 Pei-siam
2677 535 2684 539 .
2702 526 2737 559 ¹.

1534 583 1661 632 patet,
1682 576 1897 632 enavigare
1921 589 1931 619 :
1956 578 2022 632 (α)
2047 586 2231 620 ceterum
2256 577 2371 620 illum
2394 576 2665 631 navigationis
2682 576 2714 619 l·
2729 583 2741 589 ⁴

1535 649 1763 705 ginquitate
1776 648 2023 692 deterritum
2046 649 2171 692 fuisse
2184 681 2196 701 ,
2213 649 2418 704 simulque
2436 650 2610 691 veritum
2626 680 2638 701 ,
2659 662 2712 691 ne
2754 659 2761 683 ῑ

1534 719 1715 776 aliquam
1736 719 1940 763 desertam
1965 721 2179 776 regionem
2202 730 2274 763 aut
2295 728 2420 777 portu
2442 718 2685 762 destitutam
2702 734 2726 763 a
2741 723 2760 767 s,

1536 791 1942 848 srugibuscarentem
1954 792 2132 837 delatam
2141 793 2309 837 classem
2319 792 2585 844 amittei·et,i
2604 813 2614 842 ·.
2632 813 2634 815 ·
2656 813 2710 827 ·›-·
2734 784 2749 826 ι’

1534 863 1624 907 haec
1638 864 1797 907 macula
1810 864 1935 907 rebus
1952 866 2146 922 praeclare
2165 866 2238 908 alis
2256 881 2299 908 se
2317 867 2438 921 gestis
2456 864 2588 906 offusa
2608 878 2697 907 om·

1536 934 1738 978 felicitatis
1766 935 1939 991 gloriam
1957 935 2195 979 obliteraret
2215 949 2226 978 :
2251 938 2394 979 vicisse
2415 944 2553 979 tamen
2574 936 2681 978 inusi
2736 954 2742 971 ι

1535 1006 1709 1062 alicujus
1728 1022 1778 1050 ac
1795 1022 1954 1063 magnae
1974 1008 2037 1051 rei
2054 1007 2243 1063 gerenda
2263 1008 2549 1066 cupiditatem.
2610 1010 2674 1063 (3)
2693 1010 2733 1051 1>

1537 1078 1688 1122 bitasse
1715 1088 1854 1122 autem
1886 1094 2012 1136 quem
2034 1079 2297 1137 perficiendis
2325 1081 2507 1123 masiliis
2528 1082 2613 1123 suis
2635 1094 2734 1138 pare
2754 1136 2755 1139 Ἴ
2775 1126 2777 1130 ,

1538 1151 1748 1207 deligeret,
1787 1151 1995 1208 simulque
2025 1151 2327 1193 classiariorum
2361 1165 2498 1203 causa,
2533 1161 2581 1194 ut
2603 1154 2653 1194 iis
2693 1160 2750 1195 ta

1538 1223 1807 1280 longinquam
1839 1222 2149 1280 expeditionem
2181 1222 2348 1264 facturis
2376 1230 2535 1265 metum
2561 1222 2742 1266 adimere
2756 1211 2765 1250 's

1539 1310 1626 1338 sese
1638 1296 1842 1351 neglectos
1851 1297 1893 1337 in
1906 1294 2170 1337 manifestum
2184 1294 2414 1351 periculum
2423 1294 2548 1336 mitti.
2579 1297 2645 1350 (4)
2656 1295 2741 1338 Nea

1537 1369 1640 1411 chus
1667 1370 1794 1424 igitur
1837 1367 2123 1411 Alexandrum
2154 1369 2212 1410 ait
2249 1382 2345 1410 cum
2383 1369 2472 1426 ipso
2506 1367 2756 1411 deliberem*

1537 1455 1662 1497 quem
1677 1441 1939 1497 potissimum
1957 1440 2094 1482 classis
2109 1439 2258 1481 ducem
2273 1454 2321 1482 ac
2334 1439 2574 1496 praesectum
2595 1438 2750 1495 doeign
2771 1452 2778 1459 ⁴

1537 1521 1602 1554 ret
1619 1525 1630 1554 :
1655 1526 1870 1570 quumque
1887 1511 2151 1555 diversorum
2172 1511 2439 1562 meminisset,
2459 1510 2559 1554 alios
2582 1518 2669 1554 tan
2718 1532 2723 1547 ι

1537 1599 1616 1642 pro
1638 1601 1681 1627 se
1712 1586 1934 1642 periclitari
1965 1585 2165 1635 nolentoe,
2195 1585 2298 1626 alios
2318 1598 2404 1640 prae
2423 1584 2593 1626 mollitie
2620 1586 2747 1627 animi

1536 1656 1638 1698 alios
1658 1665 1853 1711 tanquam
1887 1656 2028 1711 patriae
2059 1654 2267 1696 desiderio
2299 1663 2522 1710 occupatos
2544 1668 2752 1698 recusasse

1537 1730 1581 1770 in
1594 1728 1683 1771 aliis
1700 1742 1798 1770 vero
1813 1727 1925 1770 aliud
1940 1727 2268 1785 reprehendisse.
2329 1728 2392 1784 (5)
2414 1728 2524 1770 Tum
2543 1742 2587 1769 se
2610 1742 2656 1769 o·
2676 1749 2691 1763 a
2749 1751 2765 1764 ἰ

1536 1815 1654 1843 suam
1675 1801 1904 1858 pollicitum
1931 1799 2085 1842 dixisse
2117 1813 2127 1842 z
2154 1802 2267 1855 Ego,
2293 1815 2319 1841 o
2342 1814 2441 1849 rex,
2473 1799 2610 1841 classis
2641 1820 2650 1850 ·,
2700 1822 2707 1835 ·

1536 1874 1746 1915 nationem
1763 1874 1999 1930 suscipiam,
2017 1881 2058 1915 et
2071 1874 2105 1915 si
2121 1872 2223 1914 deus
2237 1881 2370 1928 coepta
2380 1871 2594 1924 secundet,
2610 1872 2778 1917 classen

1537 1946 1662 1988 simul
1675 1954 1717 1989 et
1730 1946 1902 1989 militem
1916 1947 2089 2002 sospites
2101 1947 2144 1988 in
2155 1946 2365 1988 Persidem
2376 1945 2543 1997 ducam,
2558 1947 2591 1988 si
2607 1947 2781 1990 omnino

1536 2034 1584 2062 ea
1602 2020 1771 2075 regione
1788 2025 1902 2062 mare
1917 2020 2146 2075 navigabile
2162 2019 2300 2070 suerit,
2323 2029 2394 2061 aut
2412 2020 2445 2061 si
2462 2018 2505 2061 id
2523 2018 2605 2061 ulla
2620 2020 2782 2064 ratione

1537 2092 1590 2134 ab
1605 2093 1790 2135 humano
1811 2094 1977 2148 ingenio
1992 2094 2175 2149 praestari
2190 2094 2333 2149 possit.
2395 2094 2459 2146 (6)
2475 2092 2587 2133 Tum
2604 2090 2780 2135 Alexan·

1537 2160 1662 2203 drum
1682 2162 1809 2204 verbo
1827 2176 1994 2217 negasse
2013 2161 2113 2204 velle
2130 2176 2174 2204 se
2192 2163 2235 2203 in
2254 2169 2389 2203 tantos
2404 2160 2564 2203 laborm
2586 2169 2782 2217 tantaque

1539 2229 1721 2285 pericula
1737 2229 1917 2285 aliquem
1934 2230 2166 2272 amicorum
2179 2243 2354 2271 suorum
2370 2228 2576 2284 conjicere
2597 2242 2607 2271 z
2625 2243 2669 2271 se
2685 2243 2784 2273 vero

1540 2311 1591 2339 eo
1622 2300 1746 2339 etiam
1782 2298 1911 2352 magis
1942 2312 2029 2339 non
2064 2297 2292 2348 remisisse,
2327 2296 2401 2338 sed
2431 2295 2586 2339 obnixe
2620 2300 2795 2352 orasse&¹

1543 2369 1607 2422 (7)
1643 2381 1692 2408 ac
1726 2375 1817 2408 tum
1851 2366 2022 2408 demum
2058 2365 2344 2409 Alexandrum
2377 2364 2556 2421 Nearchi
2594 2366 2725 2408 anim·
2752 2344 2794 2398 vl

1541 2434 1646 2476 adeo
1660 2442 1904 2491 promptum
1918 2443 2043 2491 atque
2056 2434 2230 2476 alacrem
2242 2433 2418 2475 libenter
2427 2432 2665 2490 amplexum
2689 2455 2720 2468 -<
2771 2448 2773 2450 ·
2791 2445 2794 2446 ’

1541 2517 1722 2559 eumque
1744 2503 1947 2543 universae
1977 2502 2092 2543 classi
2115 2502 2343 2558 praefecisse
2369 2515 2379 2543 :
2415 2503 2480 2555 (8)
2501 2514 2549 2543 iic
2570 2509 2672 2544 tunc
2702 2523 2708 2537 ·
2750 2500 2764 2513 ⁸

2798 2613 2804 2630 i

1543 2663 1608 2702 cio
1629 2662 1737 2702 inter
1758 2661 1961 2701 orientem
1980 2667 2021 2701 et
2041 2657 2299 2700 occidentem
2320 2658 2429 2699 viam
2462 2658 2680 2700 inveniret.
2707 2658 2762 2699 V'
2776 2630 2805 2717 ,ζ

1541 2722 1660 2764 derat
1690 2721 1939 2771 Alexander,
1974 2719 2075 2761 dum
2114 2721 2276 2776 Tyrum
2305 2727 2579 2775 oppugnaret,
2610 2733 2721 2775 quan
2783 2718 2802 2764 ‚si

1542 2799 1641 2840 opes
1667 2783 1948 2840 suppeditaret
1966 2794 2263 2824 commercium
2293 2779 2496 2823 indicum.
2531 2780 2724 2823 Condid
2780 2778 2803 2879 ᾗ)

1542 2846 1693 2889 deinde
1730 2843 2023 2889 Alexandriam
2062 2845 2104 2886 in
2157 2845 2350 2900 Aigypto,
2390 2843 2575 2900 primum
2614 2842 2802 2907 quid=

1542 2908 1721 2965 praesidii
1755 2922 1935 2963 regionis
1963 2921 2109 2958 causa;
2151 2905 2304 2948 deinde
2338 2920 2437 2949 vero
2464 2919 2595 2962 quum
2620 2905 2714 2948 Ind’
2782 2904 2804 2956 ἒξ

1544 2973 1717 3013 intraret
1739 2969 1909 3026 ejusque
1938 2969 2102 3011 divitias
2122 2969 2358 3019 miraretur,
2383 2981 2519 3024 operae
2540 2969 2720 3025 pretium
2788 2986 2808 3024 ὲ

1545 3034 1678 3074 visum
1702 3031 1883 3083 videtur,
1911 3040 1957 3074 ut
1976 3031 2052 3073 sibi
2073 3031 2370 3073 commercium
2393 3028 2578 3071 indicum
2600 3031 2797 3086 acquire-T

1543 3103 1621 3135 ret.
1636 3093 1818 3136 Videbat
1835 3109 1948 3143 vero,
1965 3108 2089 3149 quam
2107 3093 2294 3134 difficiles
2311 3099 2447 3133 essent
2464 3105 2620 3133 merces
2638 3090 2808 3145 iudice}

1545 3156 1690 3196 itinere
1727 3158 1907 3197 terrestri
1941 3157 1983 3196 in
2016 3154 2273 3197 occidentem
2298 3160 2598 3209 transportatu;
2620 3152 2689 3195 vid
2726 3175 2754 3192 ·>
2788 3159 2808 3187 ί

1543 3231 1619 3259 sua
1658 3219 1927 3273 experientia,
1959 3232 2044 3258 non
2080 3216 2302 3257 difficulter
2323 3230 2390 3257 eas
2427 3229 2503 3272 per
2538 3214 2692 3259 Indum

1545 3294 1657 3321 mare
1676 3279 1827 3321 deferri
1857 3294 1992 3336 posse.
2010 3281 2212 3320 Intererat
2224 3292 2337 3320 nunc
2354 3278 2475 3329 scire,
2497 3285 2640 3320 utrum
2659 3292 2684 3321 e
2703 3278 2714 3291 ‘

1543 3355 1619 3397 per
1652 3356 1764 3383 mare
1794 3343 1835 3382 in
1867 3342 2046 3384 Persiam
2070 3349 2111 3382 et
2138 3340 2392 3397 Euphratem
2415 3340 2572 3396 portari
2614 3359 2687 3376 u.-
2756 3339 2758 3341 “

1545 3403 1670 3458 Quod
1709 3404 1833 3459 igitur
1865 3412 1910 3445 ut
1945 3402 2136 3454 disceret,
2169 3402 2280 3444 misit
2307 3401 2559 3444 Nearchum.
2580 3402 2667 3456 Qui
2701 3422 2736 3436 ·-
2806 3420 2808 3422 ·

1545 3481 1674 3522 quum
1698 3465 1920 3517 docuisset,
1954 3466 2112 3507 invium
2136 3479 2220 3507 non
2240 3478 2327 3506 oese
2348 3478 2463 3507 mare
2491 3462 2693 3517 indicum,
2728 3508 2730 3510 ,

1545 3528 1621 3570 Ιιιίι
1641 3527 1874 3571 Alexander
1902 3529 1987 3584 ipse
2015 3529 2173 3569 circum
2193 3526 2388 3569 Arabiam
2414 3526 2457 3567 in
2490 3525 2627 3567 sinum
2663 3545 2664 3548 ¹

1545 3606 1642 3633 cum
1674 3593 1880 3646 navigare,
1915 3590 2065 3646 partim
2094 3598 2139 3632 ut
2164 3589 2359 3632 Arabiam
2387 3587 2611 3643 subigeret,
2646 3606 2653 3622 ·
2720 3604 2727 3620 ι

1545 3664 1591 3697 ιιι
1611 3653 1783 3705 videret,
1814 3662 1956 3695 utrum
1979 3667 2104 3695 naves
2125 3653 2261 3694 statim
2280 3666 2331 3693 ex
2354 3651 2531 3707 AEgypto
2551 3650 2594 3691 in
2656 3669 2661 3684 ·
2682 3672 2688 3681 ·
2738 3666 2741 3682 ι
2806 3656 2808 3663 “

1546 3718 1762 3774 pervenire
1781 3725 1964 3773 possent.
1988 3715 2067 3758 Sed
2094 3730 2207 3757 mors
2226 3715 2347 3756 citior
2366 3712 2534 3755 consilia
2554 3709 2641 3767 ejus
2660 3711 2704 3753 in

1544 3782 1670 3836 rupit.
1688 3781 1728 3822 Si
1749 3778 1906 3821 diutius
1922 3779 2102 3830 vixisset,
2125 3779 2210 3834 ipse
2226 3776 2332 3819 sorte
2347 3773 2581 3819 Alexander
2610 3771 2660 3816 Al

1544 3842 1677 3884 «iriam
1690 3856 1806 3884 suam
1822 3842 2073 3884 commercio
2089 3839 2230 3882 indico
2242 3838 2486 3881 ditissimam
2502 3835 2649 3877 factam
2703 3880 2707 3881 ⁷
2794 3856 2798 3857 ν

1546 3914 1620 3946 sci.
1641 3924 1656 3943 n
1673 3905 1966 3959 &animumn
1977 3927 2035 3936 —
2050 3917 2115 3959 ¹7·
2129 3902 2170 3944 δὲ
2182 3916 2260 3958 pro
2272 3899 2320 3952 δὴ
2332 3903 2381 3943 A.
2404 3907 2446 3940 et
2464 3875 2808 3940 κοινοῑὶιιθαιῖιὲἶ

1549 3983 1644 4021 ingo
1664 3969 1711 4009 C.
1739 3968 1906 4022 11—23.
1930 3966 2036 4008 τότε
2057 3963 2111 4017 δὴ
2141 3961 2459 4020 αὗτδν]αὒτδν
2475 3959 2516 4002 δὲ
2534 3957 2582 4012 δὴ
2604 3954 2683 4019 *rati
2709 3949 2784 4059 :ff

2744 4045 2782 4070 w

1552 4032 1602 4071 1..
1636 4031 1652 4084 u
1678 4053 1736 4062 —
1765 4032 1834 4080 24.
1860 4029 1924 4071 mi
1953 4027 2000 4071 τὰ
2023 4031 2075 4071 A.
2102 4029 2119 4083 u
2152 4051 2209 4060 —
2235 4038 2304 4082 27.
2336 4024 2359 4067 ὃ
2388 4023 2527 4077 ταύτης
2555 4035 2598 4064 π.
