2808 4342
920 137 1305 211 STADIASMUS
1345 138 1534 186 MARIS
1569 139 1790 187 MAGNI.

153 261 229 292 ³:37.
264 244 363 292 Ἀπὸ
376 243 525 299 Μύλης
547 244 616 290 ἐπὶ
632 245 699 291 τὸν
723 245 884 308 Τρητὸν
903 246 1060 292 στάδιοι
1079 247 1126 291 ν’·
1141 245 1326 309 ἀκρωτή-

89 313 174 375 ριόν
197 316 284 359 ἐστι
305 312 567 374 τετρημένον,
608 314 899 376 κατάκρημνον
918 318 989 370 τῆς
1029 314 1213 376 Κρήτης.

152 397 229 428 333.
266 379 366 426 Ἀπὸ
387 384 460 425 τοῦ
495 383 659 443 Τρητοῦ
682 384 736 436 εἷς
756 383 930 444 Ἀγνεῖον
950 382 1106 428 στάδιοι
1125 383 1174 428 ν’·
1195 383 1322 443 λιμήν

90 450 198 494 ἐστιν
217 448 323 510 ἔχων
347 448 454 511 ἱερὸν
475 448 740 503 Ἀπόλλωνος·
761 449 848 496 ἔστι
873 450 915 496 δὲ
937 449 1132 513 ἐσώτερος
1153 451 1321 510 κόλπος,

2 554 6 559 .
47 539 66 569 ⁶
88 517 159 563 καὶ
179 520 367 563 καλεῖται
394 520 617 581 Μυρτῒλος·
639 520 710 565 καὶ
732 519 840 581 ὕδωρ
864 519 969 581 ἔχει.

150 602 228 634 339.
267 587 366 634 Ἀπὸ
401 588 578 650 Ἀγνείου
613 591 666 640 εἷς
693 591 883 648 Κίσαμον
918 588 1076 634 στάδιοι
1110 589 1179 633 π’·
1205 589 1322 642 πόλις

88 655 197 702 ἐστὶν
215 657 255 700 ἐν
266 656 409 720 κόλπῳ
425 657 609 717 κειμένη.
636 656 722 703 ἐστὶ
745 655 787 701 δὲ
810 656 935 716 λιμήν
949 675 958 686 ·
981 657 1066 718 ἔχει
1084 657 1155 712 καὶ
1176 656 1302 721 ὕδωρ.

151 741 230 774 840.
269 726 368 773 Ἀπὸ
392 726 587 786 Κισάμου
615 726 683 771 ἐπὶ
711 725 885 789 Τίτυρον
906 725 1062 772 στάδιοι
1078 728 1158 772 κε’·
1185 730 1322 790 ἀκρω-

89 794 229 858 τήριόν
245 798 354 841 ἐστιν
378 795 549 858 ὑψηλὸν,
565 792 853 859 κατάδενδρον·
874 796 1015 858 βλέπει
1039 798 1138 860 πρὸς
1152 797 1318 861 ἄρκτον.

149 879 228 912 341.
266 863 364 924 Ἀπὸ
393 864 571 930 Τιτύρου
602 866 673 923 ἐπὶ
696 865 742 911 τὸ
774 870 1038 912 Δικτυνναῖον
1074 867 1232 913 στάδιοι
1257 868 1317 912 π’·

87 931 212 994 ὅρμος
232 932 340 978 ἐστὶν
362 934 402 978 ἐν
428 935 620 997 αἰγιαλῷ.

150 1016 227 1049 342.
265 1000 364 1047 Ἀπὸ
388 1007 460 1047 τοῦ
487 1004 754 1050 Δικτυνναίου
775 1005 842 1050 ἐπὶ
872 1004 945 1060 τὴν
979 1004 1134 1060 Κοίτην
1164 1005 1320 1051 στάδιοι

87 1181 349 1238 ἀγκυροδόλια
365 1181 432 1222 οὒκ
452 1182 536 1237 ἔχει
555 1196 563 1223 :
589 1183 748 1239 ἀγωγὴν
769 1184 878 1238 conj.
897 1185 1123 1226 Hoffmann
1139 1201 1150 1236 ;
1169 1185 1298 1225 voluit
1316 1198 1326 1224 z

86 1244 108 1284 ὁ
127 1245 194 1286 πλ.
224 1245 342 1299 βαθὺν
360 1243 519 1299 ἀγωγὴν
548 1244 647 1300 ἔχει.

145 1309 167 1359 5
195 1311 293 1350 387.
333 1307 563 1365 Τρητὸν]
611 1310 774 1349 Nomen
795 1309 876 1349 hoe
908 1308 1185 1363 promontorii
1221 1309 1237 1361 (
1253 1322 1332 1363 cap

22 1407 25 1410 ⁴
57 1399 61 1402 >
88 1368 315 1425 Grabasa)
337 1384 361 1410 a
381 1369 587 1420 locorum,
612 1379 659 1411 ut
683 1369 860 1422 videtur,
884 1370 1210 1424 configuratione
1227 1371 1331 1425 peti-

86 1439 176 1472 tum
212 1430 297 1488 (cf.
336 1430 487 1473 Afrieae
522 1433 671 1488 Τρητὸν
696 1433 811 1488 ἄκρον
845 1447 911 1488 ap.
948 1433 1140 1475 Strabon.
1163 1447 1205 1487 p.
1233 1435 1328 1486 829.

57 1515 59 1517 ·
86 1494 193 1536 Ptol.
237 1495 315 1546 IV,
341 1494 390 1546 35
431 1495 594 1538 Arabiae
627 1495 773 1550 Τρητὸς
806 1495 942 1550 λιμήν,
972 1493 1100 1550 Τρητὴ
1129 1497 1243 1546 νῆσος
1264 1509 1330 1549 ap.

24 1578 26 1580 v
85 1556 192 1598 Ptol.
218 1558 295 1607 VI,
325 1570 363 1610 7.
386 1559 419 1611 ),
445 1556 611 1598 aliunde
634 1572 720 1598 non
743 1565 907 1597 notum.
935 1556 1063 1612 Apud
1088 1556 1333 1598 Strabonem

85 1632 129 1673 p.
157 1622 257 1672 474.
275 1619 362 1673 475
383 1619 520 1660 lateris
536 1619 801 1660 occidentalis
821 1618 985 1660 boreale
998 1618 1334 1673 promontorium

14 1698 29 1704 ‘¹
87 1681 315 1736 appellatur
344 1682 564 1737 Κίμαρος
585 1680 681 1735 (Cf.
720 1683 916 1721 Zonaras.
946 1694 990 1734 p.
1018 1692 1119 1720 1211
1147 1692 1156 1719 :
1182 1678 1334 1733 Κίμαρα

11 1782 15 1783 ς
87 1742 202 1783 locus
223 1746 262 1796 );
281 1743 392 1798 apud
406 1744 676 1785 Ptolemaeum
697 1743 874 1797 Κώρυκος
896 1755 994 1782 cum
1004 1741 1108 1781 urbe
1124 1741 1334 1794 cognomi-

88 1805 280 1854 ne,·coll.
298 1805 522 1860 Stephano.
549 1820 588 1846 v,
617 1805 796 1858 Κώρυκος
809 1834 820 1854 ,
840 1803 914 1843 ubi
931 1810 1022 1858 post
1037 1803 1217 1856 Corycos
1240 1802 1335 1842 Cili-

88 1868 160 1908 ciae
193 1875 233 1907 et
251 1868 379 1907 Ioniae
409 1875 667 1907 memoratur
688 1867 813 1907 etiam
832 1865 983 1920 Κρήτης
1010 1864 1186 1919 Κωρυκία
1208 1863 1334 1920 (ἄκρα

9 1956 18 1970 ι
88 1942 145 1968 sc.
170 1927 201 1984 ).
222 1928 379 1969 Plinius
399 1941 568 1983 quoque
582 1928 610 1969 l.
637 1927 666 1968 Ι.
688 1935 892 1968 memorat
923 1927 1130 1981 Corycum
1149 1932 1334 1965 montem

88 1999 129 2030 et
148 1991 326 2045 Coryeas
341 1990 493 2031 insulas
518 1991 535 2044 Η
557 2015 614 2020 -
629 2005 651 2031 κ
664 2005 688 2030 α
699 1991 785 2031 τάκ
795 2006 815 2045 ρ
827 2005 850 2042 η
863 2005 891 2045 μ
903 2004 921 2030 ν
933 2005 953 2029 ο
966 2003 985 2029 ν
1004 1990 1020 2043 ]
1047 1987 1144 2029 κατὰ
1163 1988 1333 2043 κρημνόν

18 2079 20 2082 v
89 2051 202 2102 cod.;
231 2067 313 2094 em.
345 2052 450 2095 Gail.
475 2076 532 2083 -—
557 2052 782 2107 Pashleyus
806 2053 863 2102 II,
897 2050 1019 2106 p..75
1053 2065 1104 2091 ex
1124 2049 1333 2090 Buondel--

89 2114 250 2154 montio
277 2113 290 2170 (
316 2127 381 2169 ap,
405 2114 647 2156 Cornelium
662 2115 705 2154 in
732 2115 853 2155 Creta
882 2128 996 2155 sacra
1016 2115 1052 2163 I,
1077 2128 1134 2168 p„
1154 2114 1239 2167 87)
1263 2127 1334 2167 ap-

88 2178 208 2232 ponit
241 2177 359 2218 haec:
399 2197 416 2213 α
442 2180 555 2217 Dum
578 2178 637 2216 sic
666 2191 934 2231 peragramur
963 2190 1037 2230 per
1065 2175 1235 2228 longum
1258 2176 1336 2214 iter

89 2239 384 2294 aliquantisper
428 2239 505 2280 sub
552 2238 844 2292 radicibusque
871 2237 1148 2293 promontorii
1179 2237 1335 2277 Coricis

91 2300 185 2341 fessi
205 2300 661 2355 recreamur,‘denique
683 2300 736 2340 ad
757 2299 937 2340 eundem
962 2307 1146 2340 montem
1165 2312 1239 2353 per
1257 2299 1335 2338 im-

90 2363 309 2404 meabilem
331 2363 508 2405 ascendo
531 2364 719 2403 semitam
734 2394 744 2413 ,
767 2363 811 2402 in
845 2362 1080 2403 summitate
1099 2359 1217 2414 cujUs
1236 2361 1335 2401 civi-

91 2434 152 2467 tas
171 2425 185 2482 (
205 2429 375 2481 Cbrycus
391 2429 407 2480 )
431 2441 526 2467 cum
549 2426 672 2481 plano
689 2426 837 2479 exiguo
856 2424 1084 2474 eminebat,
1104 2424 1336 2478 moeniaque

22 2507 28 2509 >
70 2487 179 2542 .ejus
212 2503 297 2528 non
324 2503 473 2543 parum
505 2503 528 2528 a
558 2496 670 2529 terra
702 2487 856 2528 elevata
886 2500 1054 2528 cernere
1082 2493 1333 2540 poteramus.

91 2551 328 2591 Mansiones
344 2552 516 2607 insuper
534 2550 844 2605 diligentissime
860 2549 1076 2591 fabricatas
1094 2561 1190 2588 cum
1212 2547 1335 2588 cellu-

94 2611 141 2652 lis
177 2613 453 2654 subterraneis
487 2614 594 2654 clare
626 2612 830 2662 videmus,
855 2620 895 2652 et
925 2612 1120 2652 cisternas
1142 2610 1185 2649 in
1203 2608 1339 2664 lapide

94 2674 272 2729 sculptas
296 2676 410 2716 mirae
432 2675 647 2716 industriae
666 2674 961 2716 collaudamus.
992 2691 1007 2712 »

151 2739 172 2789 S
198 2742 295 2780 338.
329 2737 582 2793 Ἀγνεῖον]
620 2742 773 2779 nomen
796 2737 897 2778 alibi
919 2751 1005 2778 non
1028 2736 1213 2777 obvium.
1236 2736 1337 2774 For-

36 2798 42 2830 Ῐ
93 2808 196 2840 tasse
223 2799 346 2842 fuisse
370 2801 483 2857 ἅγιον
508 2810 644 2842 censet
672 2800 845 2842 Gailius.
869 2802 935 2840 An
970 2797 1172 2854 Ἃγνεῗονὶ)
1193 2799 1283 2838 Hoc
1304 2798 1337 2837 si

95 2880 180 2905 non
204 2867 419 2920 proprium
450 2881 619 2915 nomen,
642 2865 713 2906 sed
736 2863 1026 2919 appellativum
1047 2869 1147 2910 erat,
1171 2860 1338 2900 sortasse

69 2951 72 2954 Δ
93 2927 176 2967 huc
196 2928 374 2982 pertinet
396 2931 433 2968 E
438 2929 529 2978 loea,
565 2942 690 2982 quam
708 2926 881 2976 Plinius,
913 2939 995 2966 orae
1025 2922 1177 2979 oppida
1195 2937 1337 2963 recen-

94 3004 202 3040 sens,
219 2990 327 3030 inter
344 2990 634 3031 Pbalasarnam
652 2997 693 3030 et
707 2989 923 3029 ⁴Cisamum
946 2994 1163 3028 memorat.
1190 2984 1339 3038 Simili-

26 3062 39 3083 Ξ
95 3062 157 3094 ter
177 3054 219 3093 in
236 3053 378 3094 Cilicia
400 3053 453 3095 ad
484 3056 689 3109 Corycum
709 3067 866 3108 prom„
899 3052 965 3091 cui
1000 3049 1188 3091 Grabusa
1209 3047 1340 3088 insula

31 3123 38 3126 “
99 3115 270 3171 adjacet,
292 3124 381 3158 erat
397 3117 510 3157 locus
536 3115 715 3162 Ἐλαιοῧς
736 3114 798 3155 vel
825 3112 1074 3153 Ἐλαιοῦσσα.
1100 3113 1116 3166 Η
1143 3135 1199 3142 —
1213 3110 1255 3150 M
1263 3125 1339 3164 υρ-

30 3203 34 3206 «
96 3178 229 3226 τῖλος
250 3180 265 3234 ]
284 3179 343 3219 sic
366 3179 512 3230 codex,
534 3195 614 3220 sec.
636 3177 844 3219 Millerum
860 3192 871 3226 ;
890 3175 1092 3231 Μαρτῖλος
1107 3189 1188 3215 sec.
1218 3173 1340 3213 Iriar-

73 3259 76 3262 ·
98 3249 195 3283 tem.
221 3244 363 3294 Quum
388 3243 500 3281 sinus
518 3240 642 3295 hujus
674 3240 777 3281 latus
797 3238 969 3278 alterum
1003 3239 1054 3277 sit
1076 3238 1341 3291 Dictynnaeus

97 3318 238 3352 mons,
277 3304 319 3342 in
358 3317 440 3357 quo
469 3303 727 3343 Britomartis
745 3303 953 3356 Dictynna
980 3299 1204 3348 colebatur,
1229 3306 1268 3338 et
1291 3298 1342 3338 de

98 3379 182 3419 quo
204 3367 384 3406 inmare
403 3364 503 3405 olim
537 3366 654 3417 virgo
683 3364 878 3404 desiliisse
897 3370 1090 3403 narratur
1119 3363 1134 3413 (
1155 3361 1342 3402 Callima-

23 3457 25 3461 ι
99 3429 200 3469 chus
225 3429 371 3484 hymn.
394 3429 435 3467 in
461 3428 585 3469 Dian.
615 3430 691 3480 189
716 3442 805 3481 sqq.
826 3429 842 3481 )
863 3440 872 3467 :
894 3427 1032 3466 nescio
1051 3440 1103 3464 an
1126 3425 1177 3465 ab
1196 3425 1342 3465 eodem

102 3492 272 3532 nomine
294 3492 407 3531 sinus
432 3498 572 3531 noster
591 3489 726 3529 dictus
749 3491 801 3529 sit
816 3520 827 3539 ,
855 3488 958 3528 adeo
988 3495 1050 3537 ut,
1073 3488 1106 3526 si
1124 3487 1238 3527 litera
1258 3502 1281 3526 α
1302 3489 1342 3527 in

101 3552 304 3607 Μαρτῗλος
330 3562 441 3593 recte
474 3552 621 3601 habet,
652 3551 858 3591 lenissima
879 3564 1006 3590 manu
1027 3563 1104 3603 pro
1127 3549 1340 3603 Μαρτῖλος,

32 3631 35 3635 ·
103 3615 312 3669 scripseris
334 3615 547 3670 Μάρτιδος,
585 3614 613 3655 i.
640 3627 676 3655 e.
709 3612 904 3667 Παρθένου
933 3611 1096 3660 κόλπος,
1139 3610 1343 3664 siquidem

104 3677 355 3733 Βριτόμαρτις
387 3678 546 3718 Cretice
582 3684 754 3716 vocatur
783 3673 806 3725 ἣ
850 3673 1025 3728 γλυκεῖα
1057 3672 1253 3727 παρθένος.
1284 3674 1339 3716 V.

105 3739 246 3794 steph.
269 3741 394 3782 Thes.
418 3754 457 3781 V.
483 3739 644 3794 Βριτόμ.

90 3840 93 3843 .
166 3804 188 3853 §
219 3807 316 3845 339.
353 3802 383 3842 Κ
399 3803 472 3842 ίσα
485 3802 598 3859 μον]
623 3802 860 3841 Memorant
880 3798 1028 3839 urbem
1050 3797 1227 3846 Plinius,
1249 3799 1345 3838 Pto-

35 3877 43 3892 *
109 3860 287 3913 lemaeus,
311 3864 535 3913 Hierocles,
568 3864 620 3904 G.
647 3865 696 3904 R.
720 3862 777 3911 V,
803 3875 851 3902 21
867 3892 878 3911 ,
899 3860 1004 3903 Tab.
1030 3862 1167 3909 Peut.;
1199 3860 1345 3900 Strabo

109 3939 152 3980 p.
176 3927 256 3979 479
276 3926 484 3967 Cisamum
509 3928 672 3979 Apterae
699 3923 840 3964 navale
874 3922 1014 3962 dicens
1042 3921 1210 3962 alteram
1236 3923 1345 3962 Cisa-

111 4001 228 4028 mum
249 3987 300 4028 ad
331 3986 429 4030 hod.
455 3985 563 4040 galse
585 3985 633 4026 cle
672 3985 783 4027 Sada
809 3985 945 4025 ‘situm
984 3983 1193 4037 intelligit3
1224 3991 1346 4038 atque

2477 211 2482 215 ,
2531 152 2615 190 511

1443 257 1540 311 337.
1576 257 1733 312 AMyle
1751 257 1803 298 ad
1816 258 1989 298 Tretum
2007 257 2135 298 stadia
2156 257 2223 300 50.
2284 259 2621 299 Promontorium

1386 333 1447 365 est
1465 324 1722 380 perforatum
1744 334 1785 366 et
1805 339 1996 380 asperum
2015 325 2160 366 Cretae.

1442 393 1549 451 338.
1572 395 1609 434 Α
1637 394 1763 434 Treto
1798 392 1851 434 ad
1881 394 2064 447 Agnium
2090 392 2219 434 stadia
2252 393 2319 435 50.
2379 396 2529 435 Portus
2561 403 2621 435 est

1385 460 1540 502 habens
1560 460 1701 502 fanum
1721 461 1922 516 Apollinis
1938 462 2017 515 (est
2038 461 2096 502 ibi
2118 461 2290 503 interior
2308 463 2438 512 sinus,
2459 463 2530 517 qui
2549 477 2622 504 vo·

1386 536 1502 569 catur
1522 528 1712 583 Myrtilus
1728 530 1767 582 );
1792 543 1940 584 aquam
1962 542 2130 583 quoque
2147 529 2285 570 habet.

1444 597 1541 650 339.
1582 597 1648 638 Ab
1670 598 1806 651 Agnio
1825 597 1878 638 ad
1905 599 2116 639 Cisamum
2142 598 2272 639 stadia
2293 601 2360 640 80.

1386 667 1429 706 in
1448 666 1544 706 sinu
1560 666 1637 706 sita
1651 681 1672 716 ;-
1683 675 1851 721 portum
1873 667 1998 708 habet
2011 675 2052 707 et
2067 681 2231 722 aquam.

1416 771 1419 774 ῃ
1442 721 1536 769 340.
1571 722 1607 762 Α
1630 721 1794 762 Cisamo
1813 722 1864 762 ad
1882 723 2074 778 Tityrum
2090 722 2220 764 stadia
2243 722 2311 763 25.
2373 725 2620 765 Promonto-

1385 778 1493 816 rium
1529 784 1590 816 est
1629 777 1835 817 excelsum
1868 786 1908 818 et
1944 778 2163 818 arboribus
2198 779 2428 829 consitum;
2469 787 2624 834 spectat

1387 832 1506 872 statio
1523 832 1843 886 septentrionem
1869 847 2024 873 versus.

1431 888 1538 983 t341.
1572 888 1768 942 ATityro
1799 887 1851 928 ad
1865 889 2154 943 Dictynnaeum
2184 888 2313 929 stadia
2333 891 2401 931 80.
2439 889 2506 931 Ad
2528 890 2623 931 litus

1386 957 1427 983 es
1451 975 1458 982 .

1443 1011 1539 1059 342.
1572 1013 1609 1051 A
1623 1011 1867 1065 Dictynnaeo
1882 1010 1935 1051 ad
1948 1011 2091 1052 Coeten
2112 1010 2242 1052 stadia
2261 1026 2352 1066 170.

2421 599 2532 640 Urbs
2561 608 2621 640 est

2412 1013 2551 1054 Insula
2565 1023 2625 1054 est

1395 1185 1488 1226 duae
1548 1185 1699 1225 Cisami
1745 1184 1867 1224 urbes
1918 1185 2039 1225 etiam
2076 1185 2120 1224 in
2158 1185 2261 1227 Tab.
2314 1187 2626 1240 Peutingeriana

1395 1255 1504 1287 recte
1522 1246 1857 1299 distinguuntur3
1882 1245 1934 1286 ad
1951 1246 2118 1286 alteram
2137 1247 2346 1287 Cisamum
2361 1249 2537 1302 pertinet
2559 1250 2626 1290 Kc-

1397 1322 1520 1364 σαμον
1551 1307 1666 1362 ἄκρον
1688 1306 1896 1348 Ptolemaei
1923 1308 2013 1363 (sie
2037 1307 2150 1347 enim
2166 1306 2401 1360 legendum,
2427 1325 2512 1351 non
2531 1326 2627 1352 vero

1398 1371 1552 1427 Κῦαμον
1576 1371 1709 1426 ἄκρον,
1728 1369 1841 1426 quod
1855 1378 1986 1411 exstat
2002 1371 2047 1410 in
2065 1369 2182 1411 editt.
2206 1371 2461 1426 Ptolemaei).
2481 1375 2629 1417 Nostra

1398 1435 1581 1475 Cisamos
1596 1435 1832 1475 etiamnunc
1843 1441 1903 1473 est
1911 1436 1952 1473 K
1952 1432 2244 1473 isamo-casteli
2258 1447 2353 1473 cum
2362 1436 2508 1475 veteris
2514 1437 2628 1478 urbis

1397 1497 1550 1547 ruinis,
1573 1495 1625 1536 de
1646 1495 1796 1550 quibus
1816 1509 1854 1536 V.
1875 1494 2045 1549 Pashley
2077 1496 2133 1544 II,
2163 1508 2206 1548 p.
2234 1495 2301 1535 32.
2334 1495 2404 1546 43,
2429 1505 2470 1537 et
2492 1499 2629 1539 Buon-

1397 1558 1597 1599 delmonti
1615 1572 1682 1613 ap.
1700 1556 1938 1597 Cornelium
1960 1556 1988 1596 l.
2020 1556 2048 1596 l.
2066 1557 2100 1604 I,
2126 1569 2169 1609 p.
2185 1559 2208 1595 6
2230 1568 2238 1596 :
2266 1573 2282 1594 «
2311 1557 2494 1612 Antiqua
2511 1559 2628 1600 chis-

1398 1621 1635 1675 samospolis
1672 1619 1872 1675 oppidum
1894 1618 2034 1659 album
2063 1617 2241 1667 videtur,
2272 1619 2315 1658 in
2342 1618 2458 1673 cujus
2490 1621 2630 1662 medio

1398 1683 1489 1723 fons
1514 1683 1748 1723 uberrimus
1773 1680 1903 1720 dulcis
1935 1694 2066 1735 aquae,
2101 1688 2142 1720 et
2159 1680 2358 1734 palatium
2396 1696 2488 1722 cum
2526 1684 2630 1724 mul-

1392 1742 1536 1783 tudine
1567 1742 1857 1782 columnarum
1882 1740 1971 1795 jam
2001 1741 2086 1782 sere
2104 1749 2355 1796 prostratum
2384 1742 2580 1782 cernitur.
2607 1760 2623 1775 n

1391 1804 1606 1844 Planitiem
1621 1834 1632 1852 ‚
1670 1804 1715 1842 in
1760 1816 1841 1856 qua
1880 1803 1956 1843 sita
1987 1803 2088 1844 urbs
2103 1834 2114 1853 ,
2157 1804 2332 1843 Nonnus
2374 1804 2500 1851 XIII,
2549 1802 2629 1852 237

1399 1866 1502 1908 dicit
1538 1867 1704 1907 δάπεδον
1742 1865 1945 1920 Κισάμοιο.
1974 1865 1990 1918 ss
2014 1864 2186 1904 -κατὰ
2218 1865 2371 1919 δένδρον
2407 1866 2519 1916 cod.;
2547 1881 2629 1908 em.

1400 1930 1506 1971 Gail.
1605 1969 1610 1973 .

1456 1994 1478 2043 S
1516 1995 1612 2034 340.
1646 1990 1843 2044 Κισσάμου
1876 1988 1968 2029 cod.
2002 1989 2018 2040 ll
2050 2012 2105 2019 —-
2126 1988 2270 2042 Τίτυρ
2284 1990 2363 2043 ov]
2383 1988 2451 2039 τὴν
2465 1990 2576 2044 τύρον
2593 1999 2633 2031 et

1401 2069 1499 2095 mox
1518 2053 1592 2094 ἀπὸ
1606 2051 1676 2104 τὴν
1689 2052 1809 2107 Τύρον
1824 2052 1840 2104 (
1855 2052 1942 2104 sic)
1958 2049 2108 2100 codex;
2124 2064 2204 2091 em.
2220 2064 2242 2089 e
2258 2050 2457 2091 Strabone
2472 2066 2514 2106 p.
2535 2055 2630 2106 479.

1367 2149 1372 2153 .
1402 2116 1472 2157 ubi
1495 2130 1504 2156 :
1524 2118 1591 2167 τῆς
1611 2116 1741 2169 μέντοι
1760 2113 1954 2159 Κυδωνίας
1975 2112 2061 2166 ὄρος
2081 2111 2161 2152 ἐστὶ
2178 2111 2332 2165 Τίτυρος
2359 2111 2372 2167 (
2389 2113 2506 2167 Τύρος
2527 2129 2636 2154 unus

1400 2177 1529 2219 codex
1552 2191 1619 2231 ap.
1645 2177 1782 2216 Cram.
1806 2177 1838 2228 ),
1865 2173 1903 2214 ἐν
1919 2170 1952 2228 ᾧ
1973 2173 2074 2227 ἱερόν
2108 2171 2225 2221 ἐστιν,
2252 2172 2295 2211 οὐ
2316 2173 2512 2225 Δικταῖον,
2532 2175 2636 2215 ἀλλὰ

1400 2240 1663 2280 Δικτυνναῖον.
1687 2237 1819 2291 quue
1847 2236 1997 2276 rectius
2029 2248 2114 2274 esse
2146 2234 2387 2289 comprobat
2414 2237 2638 2279 Phrantzes

1401 2301 1598 2343 Chronol.
1619 2303 1665 2350 Ι,
1699 2300 1767 2349 34,
1798 2305 1966 2338 notante
1988 2297 2200 2339 Cramero.
2232 2295 2498 2350 Dictynnoeus
2522 2313 2636 2340 mons

1401 2380 1467 2420 ap.
1481 2361 1781 2415 Ρ1ἰοἰοω;ὄρος
1794 2360 2042 2400 Δικτυνναῖον
2056 2359 2228 2413 Dionys.
2247 2358 2346 2399 Call.
2358 2373 2397 2400 v.
2411 2372 2463 2413 29
2476 2374 2518 2414 p.
2536 2364 2635 2412 242;

1402 2427 1488 2482 ejus
1510 2424 1744 2467 extremitas
1766 2422 1941 2464 borealis
1956 2422 2096 2461 Ψάκον
2117 2420 2232 2475 ἄκρον
2252 2435 2318 2475 ap.
2344 2421 2633 2474 Ptolemaeum;

1401 2490 1499 2529 hinc
1518 2487 1609 2527 Itali
1631 2485 1817 2526 fecerunt
1841 2486 1948 2539 Capo
1982 2482 2136 2538 Spada.
2161 2482 2177 2536 ss
2214 2504 2269 2512 —-
2289 2483 2385 2537 κε’]
2421 2484 2519 2524 Haec
2551 2499 2637 2526 non

1402 2564 1532 2604 usque
1547 2548 1601 2590 ad
1619 2547 1918 2588 extremitatem
1934 2546 2086 2586 montis
2100 2558 2241 2585 versus
2255 2544 2424 2585 boream
2439 2547 2634 2600 porreeti,

1403 2612 1475 2652 sed
1492 2610 1546 2652 ad
1563 2611 1729 2651 initium
1744 2608 1832 2663 ejus
1842 2608 2050 2663 pertinent
2065 2622 2076 2658 ;
2091 2606 2217 2661 idque
2236 2606 2411 2647 voluisse
2425 2615 2637 2649 auctorem

1403 2677 1525 2716 etiam
1548 2681 1762 2728 sequentes
1780 2672 1943 2712 numeri
1965 2670 2158 2725 probant.

1459 2741 1481 2791 S
1506 2741 1603 2780 341.
1625 2735 1807 2776 Δίκτυνον
1835 2742 1876 2774 et
1900 2736 1922 2786 §
1946 2732 2024 2773 325
2049 2732 2244 2773 Δικτυνίου
2268 2731 2413 2782 codex,
2435 2731 2638 2787 frequenti

1403 2800 1666 2840 librariorum
1679 2811 1835 2838 errore.
1849 2798 1904 2836 V.
1917 2796 2039 2850 Steph
2049 2827 2057 2835 .
2067 2795 2190 2835 Thes.
2211 2809 2251 2834 ν.
2264 2793 2464 2835 Δίκτυννα.
2479 2794 2641 2836 Deinde

1404 2858 1601 2903 excidisse
1623 2860 1787 2901 videtur
1797 2859 1899 2913 ἱερόν
1917 2857 2010 2898 ἐστι.
2029 2857 2271 2897 Ptolemaeus
2288 2856 2411 2896 habet
2425 2856 2638 2909 Δίκταμνον

1404 2939 1477 2966 seu
1497 2924 1707 2979 Δίκταμον.
1734 2920 1846 2962 Urbs
1864 2920 2073 2974 Dictynna
2091 2918 2202 2974 apud
2222 2919 2373 2959 Melam
2391 2920 2447 2968 II,
2471 2934 2529 2972 7.;
2562 2920 2638 2960 Di·

1404 2986 1570 3029 ctunnis
1596 2983 1850 3039 (Δικτυννίς)
1886 2997 1952 3038 ap.
1988 2983 2139 3034 Geogr.
2176 2983 2276 3021 Rav.
2306 2982 2360 3029 V,
2383 2994 2449 3020 21.
2473 2981 2488 3033 Η
2518 3005 2573 3010 -
2593 2981 2637 3021 ἐν

1405 3048 1658 3104 αἰγιαλῷ]
1703 3047 1820 3101 ὅρμος
1857 3044 1958 3086 ἐστὶν
1998 3043 2172 3097 αἰγιαλός
2213 3040 2358 3081 codex.
2405 3041 2522 3094 ὅρμος
2559 3040 2640 3081 ἐστὶ

1405 3112 1471 3153 καὶ
1482 3110 1658 3166 αἰγιαλός
1671 3107 1780 3162 conj.
1796 3106 2038 3148 Hoffmann.
2054 3104 2187 3145 Possis
2201 3103 2323 3143 etiam
2336 3101 2522 3156 δύσορμος
2537 3101 2637 3143 ἐστὶν

1409 3174 1599 3230 αἰγιαλός.
1630 3171 1694 3212 Cs.
1719 3173 1929 3223 Anonym.
1946 3166 2091 3222 peripl.
2114 3180 2157 3220 p.
2176 3163 2272 3213 265,
2296 3177 2360 3203 11.

1463 3240 1597 3289 5342.
1623 3232 1675 3283 τὴ
1690 3248 1707 3273 ν
1727 3231 1899 3281 Κοίτην
1918 3231 1932 3283 ]
1953 3229 2051 3269 Mox
2084 3240 2093 3267 ε
2120 3225 2194 3267 ἀπὸ
2216 3228 2284 3266 τοῦ
2310 3223 2506 3265 Ἀκοιτίου.
2528 3226 2638 3266 Neu-

1407 3306 1518 3338 trum
1541 3294 1705 3336 aliunde
1721 3300 1880 3333 notum.
1908 3290 2019 3329 Dicit
2047 3287 2220 3328 insulam
2235 3300 2325 3341 quae
2342 3300 2455 3327 nunc
2473 3295 2641 3328 vocatur

1410 3361 1461 3401 ile
1472 3359 1519 3399 cle
1534 3362 1574 3398 S.
1602 3355 1815 3397 Tlae'odore.
1837 3351 2008 3406 Adjacet
2028 3351 2063 3390 ei
2080 3350 2206 3390 altera
2228 3349 2463 3404 perexigua.
2487 3348 2640 3390 Ambas

1410 3430 1550 3462 notare
1570 3419 1758 3459 videatur
1780 3416 1935 3457 Plinius
1954 3414 2065 3454 hisce
2084 3425 2093 3452 ε
2114 3420 2257 3452 contra
2278 3409 2496 3464 Cydoniam
2517 3414 2643 3452 Leuce

1410 3494 1447 3525 el
1462 3483 1551 3523 cluae
1573 3480 1728 3522 Budroe
1754 3479 1843 3532 (sic
1864 3491 1886 3517 e
1919 3475 2012 3516 cod.
2036 3473 2235 3514 Toletano
2267 3473 2335 3512 vix
2368 3480 2479 3513 recte
2497 3472 2639 3526 Sillig.;

1412 3545 1572 3591 Budrae,
1597 3542 1791 3589 Budroae‚
1811 3537 1997 3584 Budorae,
2021 3533 2216 3585 Buditcae,
2234 3548 2274 3575 v.
2291 3533 2320 3574 l.
2336 3535 2368 3587 ).
2388 3532 2514 3586 Quod
2537 3535 2644 3574 Leu-

1414 3622 1487 3648 cen
1518 3605 1691 3646 insulam
1714 3603 1879 3651 attinet,
1915 3591 2080 3639 notatur
2098 3610 2194 3637 sane
2225 3594 2357 3636 insula
2378 3595 2484 3635 inter
2510 3594 2644 3648 Cydo-

1416 3672 1525 3710 niam
1548 3668 1560 3723 (
1581 3665 1740 3717 Canio)
1778 3672 1818 3704 et
1848 3670 2006 3702 nostras
2032 3658 2184 3700 insulas
2215 3672 2345 3713 prope
2372 3657 2467 3697 litus
2506 3657 2582 3695 sita
2599 3657 2642 3695 in

1416 3745 1560 3786 mappa
1582 3727 1783 3770 Gauttieri
1811 3726 1827 3778 (
1848 3738 1933 3765 non
1955 3723 2053 3763 item
2083 3723 2124 3762 in
2143 3720 2390 3774 Pashleyana
2411 3726 2451 3758 et
2472 3718 2646 3771 Kieper·

1415 3795 1524 3835 tiana
1540 3794 1581 3844 );
1603 3789 1819 3843 sedquum
1846 3787 1995 3828 Noster
2021 3786 2064 3825 in
2083 3798 2196 3838 seqq.
2221 3780 2360 3827 Λευκὲις
2389 3778 2538 3819 insulas
2561 3786 2646 3818 tres

1418 3857 1459 3895 in
1492 3853 1695 3895 hodierno
1728 3849 1837 3903 golse
1867 3848 1916 3888 de
1952 3847 2063 3888 Sada
2101 3845 2285 3892 collocet,
2324 3855 2477 3882 errasse
2507 3840 2645 3895 potius

1416 3917 1571 3957 Plinius
1591 3914 1753 3955 videtur
1770 3926 1819 3953 eo
1841 3910 1953 3966 quod
1971 3917 2114 3949 contra
2132 3905 2359 3961 Cydoniam
2376 3910 2501 3958 ponat
2522 3903 2644 3942 etiam

1418 3983 1580 4029 Leuccn
1615 3976 1803 4017 insulam.
1839 3973 2112 4014 Hoffmannus
2153 3968 2260 4009 ultro
2293 3978 2524 4022 pregressus
2562 3971 2645 4004 tres
