2782 4348
46 166 268 226 (ni—23.)

0 263 11 298 f
51 269 247 316 Αἷόλουε
231 267 382 324 ἐκλήθη
403 285 445 311 τε
463 266 533 311 καὶ
552 264 733 319 ἐκτίσθη,
753 267 826 319 τῆς
845 266 925 308 τῶν
941 265 1166 310 Θετταλῶν
1183 257 1284 309 ουσα

47 331 218 392 χώρας,
251 329 454 390 ἀναμέσον
480 326 709 386 Φαρσάλου
742 344 786 369 τε
813 327 982 382 κειμένη
1011 325 1082 370 καὶ
1111 343 1184 379 της
1206 328 1287 370 τῶν

57 398 316 446 Μελιταιέων
335 397 507 446 πόλεως.
574 391 780 447 εΈλληνες
797 393 869 452 μὲν
889 393 969 455 γάρ
990 395 1067 438 εἶσι
1089 397 1147 439 τῶ
1165 393 1288 454 γένει,

25 489 28 492 ’
45 466 126 512 ,καὶ
144 474 232 519 ταῖς
250 466 398 528 φωναῖς
415 461 688 517 ἑλληνίζουσιν
702 463 775 507 οῖ’
757 463 826 522 αφ’
846 460 1066 517 “Ἐλληνος·
1084 462 1290 518 Ἀθηναῖοι

49 535 100 580 «δὲ
124 539 160 581 οἱ
191 535 262 590 τὴν
294 530 479 585 Ἀττικὴν
513 534 794 582 κατοικοῦντες
815 530 990 576 Ἀττικοὶ
1013 530 1086 590 μέν
1122 532 1199 576 εἷσι
1231 535 1289 594 τῷ

61 603 179 663 γένει,
210 604 298 652 ταῖς
321 599 363 645 δὲ
391 598 616 650 διαλέκτοις
651 598 935 655 ἀττικίζουσιν,
959 597 1099 660 ὥσπερ
1122 603 1290 661 Δωριεῖς

61 672 136 731 μὲν
158 672 195 715 οἱ
216 669 297 714 ἀπὸ
326 668 470 730 Δώρου
493 670 543 728 τῇ
579 671 693 729 φωνῇ
718 667 968 729 δωρίζουσιν·
994 667 1215 720 αἷολίζουσι
1246 668 1287 714 δὲ

47 741 93 784 οἵ
129 738 209 783 ἀπὸ
234 736 410 792 Αἰόλου,
439 737 594 790 ἷάζουσι
618 736 660 781 δὲ
695 738 731 781 οἱ
764 736 845 780 ἀπὸ
868 734 1007 788 Ἴωνος
1039 741 1110 783 τοῦ
1131 737 1289 784 Ξούθου

284 807 317 870 (2
318 809 330 866 )
354 806 410 853 ‘H
431 799 499 851 οὖν
525 805 681 857 Ἑλλὰς
707 808 747 851 ἐν
782 805 992 868 Θετταλίᾳ
1013 799 1081 863 ἦν,
1103 806 1168 852 ὅτε
1192 806 1290 854 ποτὲ

625 874 678 921 ‘O
698 879 794 934 γοῦν
817 875 991 932 ποιητής
1014 895 1134 938 φησι·

49 807 213 868 φύντες,

45 879 120 935 ἠν,
146 878 219 922 οὐκ
245 877 285 920 ἐν
308 878 358 936 τῇ
378 875 556 937 Ἀττικῇ.

154 984 383 1033 Μυρμιδόνες
407 985 444 1022 δὲ
464 985 638 1022 καλεῦντο
658 985 720 1021 καὶ
742 985 913 1029 Ἕλληνες
930 986 991 1022 καὶ
1016 985 1170 1034 Ἀχαιοί,

57 1071 327 1134 Μυρμιδόνας
355 1071 428 1131 μὲν
454 1072 583 1131 λέγων
609 1064 820 1123 εἶναιτοὺς
847 1072 940 1133 περὶ
963 1071 1034 1127 τὴν
1060 1073 1292 1126 Θετταλίας

48 1141 192 1185 Φθίαν
217 1145 512 1192 κατοικοῦντας
526 1175 538 1196 ,
561 1138 773 1196 (Έλληνας
800 1141 842 1186 δὲ
876 1139 967 1194 τοὺς
987 1144 1122 1205 μικρῷ
1141 1141 1292 1205 πρότε-

53 1227 123 1256 ρον
148 1210 340 1272 ῥηθέντας
355 1246 367 1269 ‚
392 1207 577 1272 Ἀχαιοὺς
603 1210 645 1255 δὲ
667 1209 762 1262 τοὺς
785 1209 856 1256 καὶ
879 1215 948 1256 νῦν
968 1211 1028 1256 ἔτι
1048 1216 1292 1257 κατοικοῦν-

52 1297 126 1329 τας
149 1279 377 1325 Μελίταιάν
409 1298 454 1324 τε
490 1278 561 1324 καὶ
593 1279 807 1341 Λάρισσαν
840 1278 914 1336 τὴν
941 1281 1191 1343 Κρεμαστὴν
1215 1300 1292 1326 κα-

48 1347 258 1406 λουμένην
283 1347 353 1393 καὶ
388 1347 536 1403 Θήὸας
559 1347 632 1399 τὰς
655 1345 851 1410 Ἀχαΐδας
872 1347 1066 1412 πρότερον
1088 1350 1292 1406 Φυλάκην

50 1415 343 1475 καλουμένην,
380 1416 469 1462 ὅθεν
503 1421 552 1472 ἠν
582 1417 652 1462 καὶ
685 1418 976 1479 Πρωτεσίλαος
997 1422 1017 1464 ὃ
1042 1418 1295 1480 στρατεύσας

46 1486 109 1536 εἷς
127 1482 269 1531 Ἴλιον.
292 1483 436 1530 Ἔστιν
453 1479 563 1540 ουνή
585 1485 774 1537 ‘Eme‘
758 1489 824 1548 uzp’
841 1485 1047 1543 ”Ελληνος
1069 1491 1291 1534 οἰκισθεῖσα

49 1552 168 1605 πόλις
185 1572 228 1598 τε
253 1552 322 1598 καὶ
337 1552 471 1615 χώρα.
499 1554 550 1615 (3)
571 1555 788 1616 Μαρτυρεῖ
806 1553 848 1600 δὲ
869 1555 939 1600 καὶ
960 1557 1197 1618 Εὐριπίδης·

149 1662 283 1707 Ἕλλην
308 1663 395 1711 γὰρ,
415 1665 464 1706 ὡς
486 1663 649 1710 λέγουσι,
669 1662 830 1711 γίγνεται
854 1665 955 1711 Διὸς,

146 1722 212 1755 τοῦ
235 1719 270 1755 δ’
289 1718 421 1761 Α’ίολος
445 1722 546 1762 παῖς·
563 1718 699 1756 Αἰόλου
715 1720 753 1757 δὲ
777 1720 947 1769 Σίσυφος,

147 1773 303 1822 Ἀθάμας
327 1787 366 1811 τε
388 1774 548 1823 Κρηθεύς
572 1775 620 1821 θ’,
634 1774 672 1818 ὅς
696 1775 726 1811 τ’
751 1776 808 1813 ἐπ’
832 1776 992 1824 Ἀλφειοῦ
1008 1778 1107 1826 ῥοαῖς

149 1830 231 1866 θεοῦ
252 1831 375 1878 μανεὶς
394 1829 517 1879 ἔρριψε
533 1830 750 1879 Σαλμωνεὺς
767 1831 897 1880 φλόγα.

54 1926 104 1987 (4)
127 1924 281 1978 Ἑλλὰς
306 1925 380 1985 μὲν
406 1918 472 1971 oliv
493 1926 604 1983 ἐστὶ,
628 1926 769 1989 ὥσπερ
793 1932 930 1992 μικρῷ
951 1930 1145 1993 πρότερον
1182 1931 1291 1993 εἰρή-

44 2013 205 2055 καμεν,
223 1995 273 2052 ἣν
297 1998 318 2040 ὃ
341 1995 434 2047 Διὸς
457 1994 664 2052 ‘'Eum’‘
642 2016 799 2043 εκτισεν
815 1999 922 2062 ,ἀφ’
945 2004 991 2044 οὗ
1013 2019 1083 2045 και
1102 2001 1149 2046 τὸ
1171 2003 1291 2057 ἑλλη-

11 2097 13 2099 .
49 2063 168 2118 νίζειν
187 2064 260 2120 τὴν
277 2064 555 2127 προσηγορίαν
572 2065 752 2129 ειληφεν·
772 2034 1027 2124 ςἘλληνεςδ’
1044 2072 1080 2115 οι
1098 2073 1169 2133 ἀρ’
1188 2070 1292 2116 (Έλ-

15 2199 17 2201 γ
47 2135 186 2190 ληνος.
256 2128 384 2181 Ουτοι
423 2133 464 2179 δὲ
503 2135 604 2180 εἰσιν
628 2135 777 2188 Αἴολος
809 2137 881 2182 καὶ
916 2138 1119 2200 Σίσυφος,
1154 2139 1212 2184 ἔτι
1249 2141 1291 2184 δὲ

50 2202 230 2262 Ἀθάμας
253 2203 324 2249 καὶ
345 2203 597 2263 Σαλμωνευς
616 2223 686 2249 και
713 2207 750 2250 οἳ
773 2206 925 2251 τούτων
950 2206 1093 2269 φύντες
1116 2206 1287 2268 ἔκγονοι.

5 2286 18 2298 ”·
51 2274 97 2331 (5)
125 2272 179 2319 H
196 2271 237 2317 δὲ
260 2272 492 2336 καλουμένη
515 2291 583 2317 νυν
605 2272 760 2325 ‘Enim
782 2274 945 2335 λέγεται
967 2274 1067 2334 μὲν,
1087 2277 1131 2321 οὗ
1152 2276 1291 2335 μέντοι

53 2340 152 2386 ἐστί·
176 2341 221 2386 τὸ
244 2341 322 2403 γὰρ
345 2342 611 2397 ἑλληνίζειν’
594 2341 675 2400 εγὼ
701 2336 803 2387 εἷναί
827 2362 932 2406 φημι
956 2346 1029 2388 οὐκ
1055 2346 1094 2388 ἐν
1116 2347 1174 2407 τῷ
1198 2347 1290 2389 δια-

48 2411 240 2495 λέγέσθαι
273 2412 424 2499 ὀρθως,
452 2412 545 2455 ἀλλ’
590 2413 629 2455 ἓν
661 2431 720 2473 τῳ
751 2412 858 2472 γένει
890 2432 962 2467 της
997 2432 1145 2475 φωνης·
1185 2415 1289 2470 αὕτη

44 2479 84 2522 δ’
107 2479 215 2524 ἐστὶν
238 2480 331 2551 o’ztp'm
322 2478 542 2535 ϋΕλληνος·
564 2483 589 2534 ἡ
611 2479 653 2524 δὲ
677 2460 864 2531 ‘limam’
847 2500 886 2526 εν
905 2482 1113 2528 Θετταλία
1138 2486 1286 2527 κεῖται.

46 2546 260 2599 Ἐκείνους
283 2552 352 2593 οὖν
376 2549 546 2608 ἐροῦμεν
571 2547 645 2603 τὴν
665 2548 853 2594 Ελλάδα
883 2556 1085 2595 κατοικεῖν
1110 2551 1179 2595 καὶ
1203 2552 1291 2601 ταῖς

45 2617 201 2677 φωναῖς
235 2616 472 2671 ἑλληνίζειν.
546 2617 593 2676 (6)
623 2619 675 2663 Εἰ
710 2618 751 2661 δὲ
787 2637 857 2662 και
895 2619 1002 2663 κατὰ
1026 2619 1070 2664 τὸ
1093 2618 1192 2664 ιδιον
1218 2638 1289 2664 του

44 2685 187 2744 γένους
208 2689 280 2741 τῆς
302 2685 536 2737 Θετταλίας
556 2689 582 2740 ἡ
604 2685 758 2738 εΕλλοίς
779 2689 887 2742 ἐστι,
912 2687 1068 2733 δίκαιον
1093 2689 1164 2733 καὶ
1183 2688 1290 2733 κατὰ

45 2755 96 2799 τὸ
121 2755 251 2800 κοινὸν
267 2792 277 2810 ,
294 2758 346 2806 ὡς
368 2760 436 2799 νῦν
458 2754 726 2813 ὀνομάζονται
744 2754 971 2816 ἺΕλληνες,
991 2761 1064 2812 τῆς
1088 2757 1291 2809 Ἑλλάδος

49 2823 178 2878 αὐτὴν
213 2818 332 2871 εἶναι.
406 2826 454 2884 (7)
494 2822 597 2870 ’Ότι
632 2823 674 2869 δὲ
708 2833 824 2870 πᾶσα
860 2826 910 2880 ἣν
945 2826 1289 2888 κατηριθμήμεθα

52 2891 204 2944 Ἑλλάς
225 2895 336 2950 ἐστι,
365 2897 567 2955 μαρτυρεῖ
588 2897 687 2952 ἡμῖν
713 2897 733 2938 ὁ
754 2898 833 2939 τῶν
858 2897 1086 2956 κωμῳδιῶν
1113 2895 1289 2951 ποιητὴς

53 2963 332 3014 Ποσείδιππος
349 2998 359 3018 ,
397 2959 657 3024 μεμφόμενος
689 2963 940 3023 Ἀθηναίοις,
968 2964 1030 3009 ὅτι
1052 2964 1126 3021 τὴν
1158 2968 1289 3010 αὑτῶν

54 3030 190 3092 φωνὴν
213 3031 284 3076 καὶ
316 3030 390 3086 τὴν
420 3032 538 3076 πόλιν
564 3031 664 3095 φασὶ
689 3036 760 3087 τῆς
787 3033 988 3086 Ἑλλάδος
1011 3027 1140 3094 εἶναι,
1157 3034 1288 3095 λέγων

48 3098 192 3151 οὕτως·

150 3201 275 3244 Ἑλλὰς
300 3203 363 3249 μέν
383 3202 461 3239 ἐστι
479 3203 559 3251 μία,
577 3204 700 3247 πόλεις
724 3205 762 3241 δὲ
781 3204 956 3248 πλείονες.

155 3256 203 3292 Σὺ
229 3258 291 3303 μὲν
315 3257 523 3302 ἀττικίζεις,
547 3259 642 3304 ἡνίκ’
659 3261 703 3297 ἂν
720 3261 841 3307 φωνὴν
864 3261 970 3309 λέγῃς

150 3312 264 3348 αὑτοῦ
288 3313 369 3348 τιν’·
390 3315 422 3349 οἱ
442 3314 474 3350 δ’
490 3314 661 3358 Ἕλληνες
677 3316 917 3364 ἑλληνίζομεν.

150 3365 196 3401 Τί
213 3367 498 3415 προσδιατρίὸων
518 3370 716 3411 συλλαὸαῖς
739 3373 801 3406 καὶ
826 3370 1036 3419 γράμμασιν

150 3419 216 3463 τήν
236 3420 468 3468 εὐτραπελίαν
491 3424 540 3465 εἰς
562 3423 691 3467 ἀηδίαν
713 3424 833 3471 ἄγεις,

55 3599 185 3638 voluit
206 3598 306 3647 Διος,
328 3599 387 3638 uti
406 3599 511 3640 infla
533 3601 587 3639 Δ·
566 3617 618 3648 ιςο
632 3601 802 3654 ἽΞλλην.
826 3604 842 3656 ll
862 3627 919 3635 —
940 3605 1049 3644 Μελ
1064 3607 1281 3661 ιταιέων]

51 3661 149 3701 cod.
181 3661 571 3710 Ὲυ11Γ.;Μελιταίων
604 3663 709 3716 vlgo.
730 3661 751 3717 Η
783 3689 840 3695 -—
861 3665 905 3705 οἱ
943 3666 1013 3721 ἀφ’
1042 3666 1171 3708 Έλλ.
1191 3671 1206 3724 ]
1251 3670 1287 3709 οἱ

50 3723 210 3763 addidi
240 3722 376 3775 Vulgo
409 3723 554 3776 legitui
581 3723 672 3764 εἰσιν
708 3725 746 3764 οἳ
778 3741 835 3780 τῳ
858 3728 974 3780 γένει,
1006 3737 1048 3769 at
1077 3744 1217 3770 vocem
1249 3732 1289 3771 οἳ

53 3800 139 3825 non
159 3785 281 3824 habet
293 3784 438 3825 codex.
460 3788 477 3837 Η
494 3810 550 3815 -
565 3798 605 3825 2
620 3785 671 3826 Θε
656 3786 829 3834 ετταλίας
844 3789 921 3829 ΦΟ.
938 3791 952 3844 ]
975 3789 1185 3832 Θετταλίαν
1207 3794 1284 3834 ΦΟ.

51 3847 150 3887 cod.
183 3847 197 3900 Η
217 3871 273 3877 —
299 3846 500 3887 Μελίτα
517 3849 620 3902 ιαν]
653 3848 840 3889 Μελιτίαν
869 3851 963 3892 cod.
995 3853 1088 3905 (1-
1109 3856 1287 3908 πρότε-

12 3943 20 3950 .
54 3924 137 3963 ρον
166 3909 303 3963 Φυλ.]
336 3909 480 3949 Strabo
499 3912 575 3959 IX,
592 3925 634 3964 p.
654 3910 733 3959 435
758 3912 958 3966 Phylacen
988 3923 1028 3954 et
1045 3916 1206 3957 Thebas
1226 3918 1286 3957 di·

56 3971 416 4026 stinguitffhuloizn
429 3971 542 4027 ἐγγυς
554 3972 690 4025 Θηῧῶν
702 3972 797 4015 ἔστι.
812 3974 875 4015 Cs.
893 3989 935 4030 p.
951 3977 1065 4031 433).
1084 3979 1284 4034 Phylacen

983 163 1340 210 DESCRIPTIO
1374 165 1410 210 G
1421 165 1651 211 RAECIAE.

2499 184 2583 224 109

1364 279 1455 319 quae
1473 266 1526 306 ab
1557 266 1725 307 Hellene
1756 266 1862 307 AEoli
1890 274 2005 321 patre
2034 267 2199 307 condita
2231 278 2269 309 et
2305 274 2511 315 nominata
2535 286 2596 318 est

1366 325 1410 364 in
1439 326 1729 366 Thessalorum
1765 327 1931 380 regione
1966 327 2073 367 inter
2105 328 2352 369 Pharsaliam
2378 340 2417 371 et
2453 336 2595 377 urbem

1365 385 1693 426 Melitaeensium.
1714 389 1738 427 J
1740 400 1806 426 am
1824 401 1923 427 vero
1941 387 2127 427 Hellenes
2147 388 2396 442 (primitivo
2410 395 2600 436 vocabuli

1366 446 1520 497 sensu)
1556 459 1703 498 genere
1733 455 1831 486 sunt
1865 455 1905 486 et
1934 446 2073 500 lingua
2103 446 2402 488 hellenissant
2392 451 2420 489 1i
2450 453 2519 504 qui
2549 455 2600 495 ab

1366 502 1535 543 Hellene
1566 504 1770 557 originem
1787 504 1974 554 ducunt;
2006 504 2185 545 eundem
2213 507 2256 545 in
2275 506 2446 548 modum
2478 512 2603 553 Athe-

1366 563 1528 603 nienses
1552 564 1624 617 qui
1661 564 1838 605 Atticam
1875 565 2088 614 incolunt,
2114 565 2240 605 Attici
2264 580 2410 618 genere
2447 579 2542 611 sunt
2563 581 2603 612 et

1365 625 1540 666 dialecto
1571 626 1821 676 atticissant,
1847 628 1967 667 sicuti
1997 628 2218 667 Dorienses
2240 643 2263 668 a
2296 631 2410 670 Doro
2436 633 2601 674 oriundi

1366 686 1509 728 dorica
1527 686 1717 738 dialecto,
1738 688 1789 728 ab
1811 689 1929 729 AEolo
1949 689 2118 729 oriundi
2138 689 2274 730 aeolica
2289 723 2298 740 ‚
2324 693 2374 732 ab
2391 695 2491 735 Ione
2510 696 2599 736 Xu-

1365 749 1428 790 thi
1455 749 1539 790 filio
1561 749 1730 790 oriundi
1758 750 1892 790 ionica
1923 750 2097 791 dialecto
2130 759 2319 794 utuntur.
2376 754 2436 810 (2)
2468 757 2601 797 Hellas

1365 811 1492 865 igitur
1508 826 1583 853 suo
1611 820 1797 867 tempore
1815 812 1858 853 in
1890 812 2112 863 Thessalia,
2143 828 2228 854 non
2260 817 2417 857 veroin
2447 819 2596 869 Attica,

1368 883 1470 916 erat.
1531 877 1668 930 Atque
1681 875 1759 916 hac
1777 883 1915 916 mente
1932 876 2138 916 Homerus
2162 877 2178 928 (
2190 877 2246 917 Il.
2268 891 2308 928 2,
2332 881 2408 928 684
2426 882 2441 933 )
2460 881 2515 921 ait
2534 894 2542 921 :

1454 983 1694 1025 Myrmidones
1705 985 1824 1017 autem
1838 983 2058 1016 vocabantur
2075 985 2111 1016 et
2126 983 2288 1017 Hellenes
2300 987 2335 1018 et
2348 985 2474 1019 Achaei.

1368 1081 1530 1121 Scilicet
1562 1079 1849 1135 Myrmidones
1876 1079 2050 1134 appellat
2079 1080 2151 1133 qui
2181 1080 2371 1122 Phthiam
2402 1082 2601 1124 Thessali-

1367 1163 1458 1189 cam
1476 1149 1686 1199 tenebant‚
1708 1147 1896 1189 Hellenes
1915 1162 2015 1188 vero
2037 1161 2106 1187 eos
2128 1162 2231 1202 quos
2253 1149 2378 1190 modo
2404 1150 2598 1203 diximus,

1367 1217 1540 1258 Achaeos
1564 1216 1744 1271 denique
1765 1231 1851 1267 eos,
1885 1217 1958 1271 qui
1988 1216 2111 1256 etiam
2143 1230 2256 1256 nunc
2284 1217 2470 1259 habitant
2487 1220 2603 1260 Meli-

1367 1293 1485 1326 taeam
1501 1293 1542 1326 et
1564 1285 1771 1326 Larissam
1793 1285 2032 1326 Cremasten
2050 1298 2176 1338 quam
2200 1294 2362 1335 vocant,
2384 1295 2425 1326 et
2440 1287 2602 1328 Thebas

1367 1352 1587 1403 Achaidas,
1610 1367 1702 1408 quae
1722 1352 1823 1393 urbs
1839 1352 1954 1408 prius
1971 1352 2146 1407 Phylace
2164 1353 2469 1404 nominabatur,
2493 1355 2604 1395 unde

1365 1421 1611 1462 Protesilaus
1634 1420 1686 1461 ad
1721 1420 1845 1462 Ilium
1877 1420 2015 1476 copias
2043 1419 2178 1461 duxit.
2239 1421 2301 1474 (3)
2321 1421 2455 1462 Hellas
2482 1422 2605 1475 igitur

1366 1498 1426 1530 est
1441 1489 1493 1530 ab
1511 1489 1681 1530 Hellene
1708 1488 1876 1530 condita
1893 1489 1994 1530 urbs
2016 1487 2185 1544 ejusque
2207 1491 2334 1544 regio.
2355 1489 2471 1531 Idem
2486 1493 2604 1532 Euri-

1364 1557 1482 1613 pides
1508 1571 1675 1612 quoque
1697 1565 1870 1598 testatur
1892 1570 1902 1598 :

1452 1675 1540 1706 Nam
1552 1673 1691 1714 Hellen,
1708 1673 1762 1706 uti
1778 1672 1889 1714 aiunt,
1906 1674 1996 1708 Jove
2014 1675 2109 1708 satus
2124 1675 2193 1712 est;

1450 1727 1560 1768 hujus
1577 1727 1668 1761 filius
1684 1727 1816 1768 AEolus,
1836 1727 1925 1761 AEoli
1940 1736 2027 1761 vero
2047 1727 2224 1770 sisyphuS‚

1450 1791 1492 1816 ac
1508 1781 1674 1816 Athamas
1688 1784 1725 1815 et
1738 1780 1909 1815 Cretheus
1923 1781 2031 1824 etqui
2046 1781 2091 1814 ad
2107 1780 2230 1824 Alphei
2249 1780 2379 1816 fluenta

1450 1835 1549 1870 Jovis
1570 1834 1690 1878 fulgur
1708 1835 1888 1869 insaniens
1899 1835 2075 1877 jaculatus
2086 1837 2149 1877 est,
2167 1836 2380 1870 Salmoneus

1366 1935 1428 1987 (4)
1451 1934 1586 1974 Hellas
1619 1934 1744 1987 igitur
1763 1941 1837 1983 est,
1862 1941 1910 1973 ut
1927 1932 2064 1988 paullo
2094 1941 2188 1973 ante
2216 1934 2445 1984 retulimus,
2478 1949 2599 1989 quam

1363 2003 1465 2041 Jove
1480 2009 1599 2041 natus
1613 2000 1757 2040 Hellen
1773 1999 1975 2050 condidit,
1991 2014 2014 2040 a
2029 2014 2111 2054 quo
2127 1999 2170 2039 τὸ
2188 1999 2402 2052 ἑλληνίζειν
2418 2000 2602 2042 denomi-

1363 2068 1575 2107 nationem
1594 2067 1765 2121 accepit.
1827 2065 2014 2106 Hellenes
2044 2074 2181 2105 autem
2204 2074 2300 2106 sunt
2322 2068 2393 2120 qui
2422 2067 2473 2107 ab
2505 2069 2600 2108 Hel-

1363 2131 1454 2172 lene
1490 2132 1682 2182 oriundi3
1726 2131 1781 2171 illi
1814 2146 1910 2171 vero
1946 2139 2043 2170 sunt
2079 2131 2219 2170 AEolus
2256 2140 2297 2171 et
2333 2133 2528 2187 Sisyphus
2561 2143 2601 2174 et

1362 2207 1511 2253 praeter
1541 2213 1611 2239 eos
1641 2198 1839 2239 Athamas
1864 2205 1905 2237 et
1933 2196 2173 2237 Salmoneus
2206 2211 2433 2252 eorumque
2455 2213 2599 2252 proge-

1362 2265 1464 2304 nies.
1525 2264 1590 2317 (5)
1629 2265 1734 2316 Quae
1774 2270 1910 2302 autem
1944 2277 2056 2301 nunc
2093 2262 2284 2316 appellari
2322 2263 2423 2303 solet
2464 2264 2598 2304 Hellas

1361 2331 1419 2370 sic
1447 2330 1599 2370 dicitur
1614 2330 1751 2384 potius
1770 2342 1894 2382 quam
1918 2336 1978 2368 est
1996 2340 2005 2367 :
2025 2341 2120 2367 nam
2139 2326 2183 2367 τὸ
2214 2326 2429 2378 ἑλληνίζειν
2450 2343 2534 2369 non
2554 2332 2595 2370 in

1361 2405 1471 2437 recte
1500 2395 1709 2451 loquendo
1739 2395 1922 2450 positum
1948 2408 2033 2434 esse
2068 2393 2259 2443 dixerim,
2291 2394 2363 2434 sed
2385 2395 2428 2435 in
2451 2409 2596 2448 genere

1360 2463 1530 2518 loquelae
1551 2476 1561 2504 t
1594 2463 1681 2507 haec
1713 2476 1810 2502 vero
1840 2461 1891 2501 ab
1916 2461 2084 2501 Hellene
2113 2475 2264 2501 nomen
2287 2460 2438 2512 habet3
2461 2463 2596 2504 Hellas

1360 2541 1497 2571 autem
1534 2531 1578 2571 in
1605 2529 1815 2571 Thessalia
1839 2530 1916 2569 sita
1947 2537 2023 2568 est.
2082 2530 2164 2568 Eos
2194 2529 2318 2581 igitur
2343 2529 2596 2581 (Thessaliae

1363 2595 1548 2649 incolas)
1586 2595 1755 2636 Hellada
1785 2594 1962 2635 incolere
1995 2594 2170 2634 dicimus
2203 2594 2486 2635 et‘Hellenico
2515 2611 2597 2637 ser-

1361 2677 1483 2703 mone
1498 2663 1574 2703 uti.
1636 2664 1699 2716 (6)
1721 2663 1762 2702 Si
1785 2676 1883 2715 ergo
1907 2661 1971 2701 vel
1987 2660 2216 2701 secundum
2231 2661 2390 2715 generis
2412 2663 2595 2716 proprie-

1361 2738 1485 2770 tatem
1503 2730 1720 2772 Thessaliae
1739 2729 1873 2769 Hellas
1889 2730 1955 2779 sil,
1974 2730 2094 2771 eliam
2102 2728 2220 2783 juxta
2241 2730 2594 2779 communitatem,

1360 2800 1407 2832 ut
1422 2792 1547 2833 hodie
1558 2807 1649 2832 mos
1666 2800 1726 2834 est
1744 2791 1930 2832 Hellenes
1946 2791 2153 2845 appellari,
2170 2790 2330 2831 Helladi
2343 2806 2431 2831 eam
2450 2792 2595 2832 ascribi

1361 2864 1683 2896 consentaneum
1699 2863 1773 2895 est.
1836 2856 1898 2908 (7)
1918 2853 2044 2906 Quod
2067 2862 2202 2894 autem
2218 2855 2331 2907 regio
2350 2862 2452 2905 tota,
2473 2869 2595 2909 quam

1359 2919 1640 2959 recensuimus
1658 2949 1670 2967 ,
1699 2917 1834 2958 Hellas
1867 2917 1939 2966 sit,
1961 2918 2074 2957 testis
2104 2916 2223 2956 nobis
2241 2925 2302 2956 est
2322 2916 2567 2972 Posidippus
2582 2949 2592 2968 ‚

1359 2989 1482 3035 poeta
1503 2981 1702 3030 comicus,
1728 2980 1997 3022 Athenienses
2022 2980 2252 3033 increpanS,
2283 2979 2396 3033 quod
2415 2979 2593 3033 linguam

1360 3057 1476 3083 suam
1493 3051 1534 3083 et
1558 3042 1705 3083 urbem
1719 3043 1924 3097 praecipue
1949 3040 2118 3081 Hellada
2139 3056 2223 3081 esse
2241 3041 2515 3091 contendant,
2537 3043 2594 3080 sic

1360 3104 1501 3146 dicens
1527 3118 1536 3146 :

1446 3214 1564 3247 Hellas
1580 3213 1724 3256 quidem
1739 3221 1810 3246 una
1834 3214 1900 3249 est,
1917 3211 2022 3245 urbes
2034 3220 2119 3245 vero
2135 3211 2260 3253 plures.

1445 3269 1498 3301 Tu
1514 3267 1657 3310 quidem
1676 3267 1855 3303 atticissas,
1871 3265 1956 3299 dum
1974 3267 2033 3298 tua
2049 3265 2168 3306 lingua
2183 3264 2291 3296 utaris
2309 3274 2317 3296 :

1443 3332 1509 3357 nos
1522 3332 1606 3357 vero
1622 3322 1870 3364 graecissamus,
1886 3321 1946 3363 qui
1966 3320 2079 3354 Graeci
2094 3328 2223 3353 sumus·

1443 3378 1536 3417 Quid
1559 3376 1751 3409 immorans
1765 3375 1903 3416 syllabis
1917 3377 1954 3408 et
1975 3374 2090 3408 verbis

1444 3431 1683 3464 urbanitatem
1699 3429 1804 3463 vertis
1819 3428 1855 3461 in
1878 3428 2143 3462 morositatem?

1357 3607 1563 3647 Homerus
1595 3610 1810 3651 memorat,
1836 3616 1919 3642 non
1941 3602 2036 3641 item
2051 3599 2238 3649 Thebas;
2265 3599 2308 3639 id
2328 3598 2440 3654 quod
2455 3599 2590 3638 Nostri

1358 3666 1569 3708 sententiae
1587 3665 1883 3719 patrocinatur.
1907 3664 1922 3717 ll
1945 3687 2002 3694 —
2022 3663 2062 3703 3.
2081 3661 2231 3716 Εὗρκπ
2247 3662 2286 3701 ίδ
2299 3677 2320 3713 η
2337 3678 2352 3709 ς
2369 3662 2384 3716 ]
2404 3662 2444 3701 in
2457 3661 2587 3708 AE010‚

1359 3738 1405 3769 ut
1434 3727 1611 3768 videtur.
1642 3728 1698 3766 V.
1728 3727 1934 3779 Wagner.
1960 3727 2122 3779 Fragm.
2150 3725 2295 3779 Eurip.
2322 3738 2363 3778 p.
2400 3723 2463 3762 15.
2498 3723 2512 3774 ΙΙ
2536 3745 2592 3751 —

1359 3790 1571 3844 Αιόλος]
1594 3788 1735 3829 Αἰόλου
1758 3788 1871 3838 cod„
1895 3796 1936 3828 ct
1967 3800 2093 3828 mox:
2122 3802 2163 3827 τε
2182 3787 2273 3826 ὥστ’
2295 3785 2351 3825 ἐπ’
2376 3783 2523 3837 Ἀλφίου
2552 3790 2591 3821 et

1359 3853 1588 3907 Σαλμώνου.
1618 3852 1773 3905 ss-—4.
1794 3850 1864 3906 ἀφ’
1896 3845 1952 3891 οῧ
1988 3849 2100 3903 και]
2134 3848 2245 3897 cod.;
2270 3847 2334 3887 καὶ
2363 3860 2447 3885 om.
2470 3843 2587 3884 editt.

1364 3915 1511 3970 11-5.
1535 3912 1670 3955 ειναί
1698 3915 1854 3969 φημι]
1895 3912 2007 3963 cod.;
2040 3910 2140 3952 ειναι
2163 3925 2246 3951 om.
2271 3910 2387 3950 editt.
2425 3909 2439 3961 Η
2472 3922 2586 3960 -7.

1359 3978 1510 4019 αὑτοῦ
1541 3977 1670 4032 τιν’]
1702 3977 1944 4026 Salmasius3
1983 3974 2098 4015 αὐτοῦ
2121 3989 2217 4020 τινες
2247 3972 2390 4012 codex.
2417 3988 2431 4008 «
2461 3970 2590 4010 Thes·
