2808 4342
108 98 177 156 (39,
191 101 266 158 ιο.)

106 197 224 251 τηίας
239 199 295 249 εἷς
315 195 567 259 Βαρὸήσολα
590 197 748 244 στάδιοι
769 199 818 261 ρ’.
890 201 988 248 Ἀπὸ
1004 202 1046 248 δὲ
1063 205 1341 265 Βαρδησόλων

0 279 1 301 1
48 310 50 315 ,
106 268 162 316 εἷς
194 267 487 328 Τρανσδοῦκτα
506 266 663 311 στάδιοι
682 271 726 313 οὗ
744 272 882 316 πλεῖον
907 270 942 316 σ’
958 306 970 328 ,
994 274 1071 334 οὐχ
1092 267 1214 329 ἧττον
1234 275 1342 320 κατὰ

35 376 37 378 ,
81 326 84 328 0
105 333 302 395 γραμμὴν
328 333 616 380 ὑποτείνουσαν
635 337 810 382 σταδίων
829 338 937 402 ρμε’.
1003 339 1105 386 Ἀπὸ
1125 340 1167 387 δὲ
1182 345 1342 405 Τρανσ-

4 409 5 414 ’
36 443 38 447 ,
105 401 284 446 δούκτων
307 404 361 452 εἷς
383 402 619 464 Μενραλίαν
641 405 796 451 στάδιοι
817 404 862 452 οὐ
897 408 1036 453 πλεῖον
1063 409 1149 471 ριε’,
1173 413 1248 471 οὐχ
1266 405 1342 467 ἧτ-

45 471 84 518 ”ε,
105 488 172 515 τον
196 469 371 516 σταδίων
393 472 499 532 ρκγ’.
520 472 621 518 Ἀπὸ
645 471 686 518 δὲ
704 475 942 536 Μενραλίας
958 479 1013 525 εἷς
1029 479 1197 523 Βελῶνα
1221 479 1338 524 πόλιν

45 527 55 578 A*
104 538 262 584 στάδιοι
285 542 328 585 οὖ
360 542 500 586 πλεῖον
525 541 593 603 ρμ’
609 579 622 600 ,
646 544 724 606 οὐχ
753 538 873 599 ἧττον
897 544 1073 590 σταδίων
1114 547 1165 608 ρ’.
1235 547 1340 594 Ἐν-

104 611 240 653 τεῦθεν
258 608 429 671 ἄρχεται
449 610 531 672 [τὸ]
547 614 626 656 τῶν
642 611 910 673 Τουρδούλων
929 614 1055 666 ἔθνος.
1082 614 1181 660 Ἀπὸ
1201 614 1242 661 δὲ
1261 620 1341 663 Βε-

102 677 228 729 λῶνος
252 679 409 730 πόλεως
429 681 482 731 εἷς
503 681 687 731 Βελῶνος
706 686 894 739 ποταμοῦ
919 682 1092 735 ἐκὸολὰς
1115 684 1272 730 στάδιοι
1294 689 1338 732 οὗ

42 755 44 758 ’
102 748 240 792 πλεῖον
272 745 366 806 σε’,
388 741 614 808 οὐχ-ἧττον
640 749 815 794 σταδίων
838 751 890 794 ν’.
960 751 1073 797 'A‘ffb’
1092 751 1134 798 δὲ
1157 756 1340 807 Βελῶνος

59 832 80 862 o
103 821 291 875 ποταμοῦ
321 816 502 861 ἐκὸολῶν
524 817 592 861 ἐπὶ
624 817 671 862 τὸ
705 820 980 881 ἀκρωτήριον,
1002 823 1041 866 ἐν
1065 814 1099 884 ᾧ
1123 824 1340 886 ὁπορθμὸς

44 879 47 897 ³
103 885 173 929 καὶ
197 888 218 930 6
237 885 331 936 ναὸς
349 888 421 938 τῆς
443 883 577 948 ’Ἥρας
594 922 606 941 ,
633 887 790 932 στάδιοι
810 887 861 944 σ’,
885 889 1038 934 στάδιοι
1064 889 1139 951 ρν’.
1209 891 1338 953 (Ἐν-

102 957 239 999 τεῦθεν
263 956 300 1000 οἱ
324 954 482 1000 στάδιοι
503 956 618 1015 μόνοι
639 957 959 1019 παρακείσονται
975 959 1080 1019 ,καὶ
1101 962 1121 1003 6
1146 961 1218 1018 μὲν
1239 960 1339 1020 πρό-

47 1019 49 1022 ⁴
101 1041 212 1085 τερος
240 1025 407 1083 ἀριθμὸς
434 1026 479 1070 τὸ
498 1028 690 1071 πλεῖστον
722 1026 920 1088 δηλώσει,
946 1031 967 1072 6
993 1027 1035 1072 δὲ
1068 1028 1261 1088 ἑπόμενος
1294 1029 1339 1074 τὸ

48 1103 50 1105 “
101 1083 223 1146 Σἧττον
237 1129 249 1149 ,
284 1092 392 1138 ὥστε
418 1094 475 1153 μὴ
510 1098 601 1139 καθ’
629 1095 800 1141 ἕκαστον
837 1096 1086 1160 προγράφειν
1124 1098 1169 1142 τὸ
1199 1100 1338 1143 πλὲῒον

42 1158 50 1199 ζ
63 1175 81 1203 ο
102 1161 171 1204 καὶ
184 1160 367 1209 ἔλαττον.
384 1163 396 1224 )
463 1162 564 1208 Ἀπὸ
579 1164 620 1208 δὲ
634 1170 702 1209 τοῦ
725 1166 981 1227 ἀκρωτηρίου
999 1169 1039 1211 ἓν
1059 1160 1092 1230 ᾧ
1115 1169 1136 1211 6
1159 1168 1339 1230 πορθμὸς

101 1229 172 1273 καὶ
191 1232 211 1273 6
234 1229 329 1283 ναὸς
347 1235 418 1286 τῆς
436 1230 594 1292 ἽΙρας,
615 1233 780 1280 πλέοντι
802 1235 870 1279 τὸν
890 1235 1069 1281 ὠκεανὸν
1087 1239 1140 1300 ὡς
1154 1237 1252 1299 πρὸς
1266 1237 1339 1289 τὰς

102 1296 290 1357 ἄρκτους,
311 1299 382 1344 καὶ
402 1300 550 1359 ὁμοίως
566 1301 697 1353 δεξιὰν
715 1302 788 1361 μὲν
804 1302 876 1357 τὴν
895 1303 1061 1365 ἤπειρον
1084 1303 1234 1366 ἔχοντι,
1252 1309 1337 1367 ἀρι-

102 1365 247 1428 στερὰν
261 1367 302 1411 δὲ
318 1367 386 1412 τὸν
399 1370 556 1415 δυτικὸν
571 1371 766 1426 ὠκεανὸν,
792 1372 1004 1433 ἐκδέχεται
1018 1374 1254 1426 Μενεσθέως
1271 1377 1332 1420 λι·

44 1491 46 1493 ‚
103 1434 199 1492 μήν.
244 1435 341 1481 Εἰσὶ
355 1437 388 1481 δ’
403 1438 466 1482 ἐπ’
487 1439 607 1484 αὐτὸν
633 1440 790 1485 στάδιοι
807 1444 906 1496 σκε’,
925 1441 1080 1486 στάδιοι
1096 1441 1168 1504 ρξ’.
1213 1443 1334 1489 Κατὰ

52 1504 60 1533 1
104 1501 267 1555 τούτους
285 1504 378 1557 τοὺς
400 1506 545 1559 τόπους
572 1514 707 1553 κεῖται
736 1513 857 1564 νῆσος
879 1513 919 1554 ἐν
942 1514 993 1571 τῇ
1014 1511 1126 1562 ἐκτὸς
1146 1513 1334 1573 θαλάσσῃ

100 1571 152 1616 τὰ
169 1573 344 1637 Γάδειρα
357 1610 369 1634 ,
392 1570 473 1638 ἕνῇ
490 1577 571 1622 καὶ·
580 1577 696 1644 πόλις
711 1579 927 1638 ὁμώνυμος
947 1581 1143 1642 Γάδειρα.
1210 1577 1335 1628 Ἔστι

43 1664 52 1697 ¹.
104 1639 146 1685 δὲ
171 1641 253 1687 ἀπὸ
276 1649 347 1688 τοῦ
383 1646 662 1708 ἀκρωτηρίου,
698 1646 790 1692 ἔνθα
812 1651 832 1692 6
852 1648 1055 1710 πορθμὸς,
1082 1648 1151 1693 ἐπὶ
1176 1649 1228 1693 τὰ
1251 1652 1286 1696 Γ
1289 1650 1335 1694 ά-

103 1710 216 1771 δειρα
256 1710 329 1767 τὴν
358 1718 480 1769 νῆσον
518 1714 674 1775 στάδιοι
712 1716 793 1772 σο’,
820 1716 978 1760 στάδιοι
1003 1717 1091 1775 σμ’.
1159 1716 1259 1762 Ἀπὸ
1296 1718 1338 1762 δὲ

102 1779 343 1833 Μενεσθέως
365 1781 527 1841 λιμένος
546 1787 600 1833 εἰς
622 1782 698 1838 τὴν
718 1784 827 1828 κατὰ
846 1782 998 1829 Ἄσταν
1021 1785 1218 1846 ἀνάχυσιν
1240 1787 1339 1831 στά-

6 1893 7 1905 Ὶ
42 1852 73 1906 -ᾗ
103 1848 177 1891 διοι
202 1848 272 1896 σι’.
341 1850 556 1895 Ἐντεῦθεν
582 1851 780 1913 ἄρχονται
802 1856 1014 1914 παροικεῖν
1041 1854 1336 1916 Τουρδητανοί.

6 1912 7 1935 ³
35 1923 44 1954 ἰ
102 1915 202 1962 Ἀπὸ
235 1917 277 1962 δὲ
306 1921 378 1973 τ’ἧς
401 1918 508 1964 κατὰ
533 1917 687 1965 Ἄσταν
714 1921 953 1982 ἀναχύσεως
976 1921 1044 1966 ἐπὶ
1067 1921 1112 1967 τὸ
1135 1927 1204 1968 τοῦ
1231 1924 1336 1969 Βαί-

49 1987 51 1990 ’
102 2002 183 2036 τιος
200 1990 387 2045 ποταμοῦ
414 1986 760 2050 ἀνατολικώτερον
781 1987 915 2049 στόμα
932 1989 1089 2035 στάδιοι
1112 1991 1215 2049 τπε’,
1238 1992 1339 2036 στά-

7 2151 8 2181 }
48 2139 49 2142 ¹
101 2140 155 2182 Τὸ
172 2140 425 2198 ἀκρωτήριον,
441 2142 504 2198 ἀφ’
521 2140 567 2185 οῧ

50 2255 53 2258 Δ
156 2204 177 2244 ὁ
196 2206 380 2260 πορθμὸς,
422 2205 460 2246 ἐν
484 2203 518 2261 ᾧ

115 2284 118 2287 ·
159 2267 256 2314 ναὸς
276 2267 400 2322 “Ήρας
620 2267 667 2308 5⁰
698 2267 767 2317 45'

101 2329 326 2376 Μενεσθέως
346 2329 466 2384 λιμήν
623 2333 668 2370 6⁰

824 2269 897 2309 36⁰
1052 2272 1236 2313 200-150

831 2331 904 2370 360
935 2330 1002 2372 20'
1059 2333 1241 2375 225-160

538 2432 907 2487 Τουρδητανῶν.

109 2535 157 2576 Ἥ
190 2535 288 2577 κατὰ
319 2534 453 2576 Ἄσταν
479 2534 571 2576 ἀνά-

157 2614 266 2653 χυσις
622 2603 665 2639 6⁰

43 2678 49 2703 s
100 2659 352 2716 Αἱπηγαὶτοῦ
366 2662 543 2715 ποταμοῦ
602 2662 672 2699 120

100 2720 252 2768 Βαίτιος
262 2736 351 2762 ποτ.
368 2721 413 2762 τὸ
434 2721 568 2762 ἀνατο-

826 2599 899 2638 360
928 2598 996 2647 45’

833 2660 1004 2702 380-30’

1055 2612 1135 2642 210

1062 2661 1339 2718 (3350-2400)

160 2782 270 2823 λικὸν
291 2784 417 2839 στόμα
637 2784 680 2824 50
713 2782 780 2824 20'
838 2785 911 2838 370
1074 2785 1256 2828 385-285

28 2894 32 2896 ,
105 2845 253 2886 Ὄνοὸα
276 2845 480 2906 ᾼίστουρία
642 2849 687 2895 40
715 2846 783 2895 40’
842 2848 915 2901 370
942 2847 1010 2889 20⁷
1077 2850 1258 2896 420-300

42 2907 43 2942 ἶ
104 2906 192 2947 Ἄνα
219 2911 394 2963 ποταμοῦ
432 2908 557 2963 στόμα

159 2967 488 3023 ἀνατολικώτερον
638 2971 684 3017 40
716 2969 783 3010 20’
841 2971 914 3024 370
944 2970 1011 3012 30’
1070 2970 1342 3027 (2145-1550)

103 3030 150 3070 Αἱ
171 3030 294 3086 πηγαὶ
322 3034 389 3071 τοῦ
408 3033 584 3086 ποταμοῦ
619 3034 689 3080 140
841 3034 914 3080 400
1074 3032 1261 3074 210-150

23 3178 26 3179 .
105 3140 174 3180 38.
200 3138 454 3194 Βλαστουρῶν
477 3138 630 3189 codex,
656 3140 888 3183 Βαστούλων
905 3148 946 3180 01
963 3139 1193 3181 Βαστουλῶν
1216 3140 1339 3182 codd.

22 3190 24 3192 Ι
46 3250 49 3251 ⁷
101 3200 326 3243 Ptolemaei.
344 3200 469 3257 Apud
486 3201 678 3243 Strabon.
693 3217 737 3258 p.
763 3205 841 3251 140
861 3215 870 3242 :
893 3206 968 3242 τῶν
985 3203 1258 3255 Βαστητανῶν,
1278 3204 1343 3252 οὓς

103 3263 168 3304 καὶ
184 3263 425 3312 Βαστούλους
445 3263 645 3305 καλοῦσιν.
674 3264 830 3305 Plinius
847 3266 925 3316 ΠΙ,
955 3265 977 3305 3
1008 3279 1173 3320 quoque
1191 3270 1340 3306 Bastu-

44 3318 45 3321 ¹
106 3319 179 3374 105,
216 3325 431 3381 Appianus
451 3327 569 3381 Hisp.
592 3341 630 3367 0.
657 3324 709 3367 56
743 3326 1063 3381 Βλαστοφοίνικες
1084 3335 1216 3367 vocat.
1241 3329 1341 3368 Eos-

30 3375 41 3412 ·3'
104 3386 200 3427 dem
215 3387 427 3428 Hecataeus
446 3402 512 3443 ap.
533 3387 674 3442 Steph.
688 3389 804 3442 Byz„
829 3386 1086 3438 Ἓλὸεστίους,
1098 3389 1339 3430 Herodorus

104 3463 171 3504 ap.
206 3449 263 3491 St.
303 3451 401 3505 Byz.
442 3448 706 3497 Ἐλὸυσινίους
727 3448 864 3490 dicere
888 3449 1064 3491 videtur.
1094 3452 1151 3492 V.
1174 3453 1339 3492 Movers

22 3495 45 3523 '⁴
104 3509 245 3550 Phoen.
278 3510 460 3553 Alter-th.
497 3513 554 3562 ΙΙ,
591 3524 616 3552 2
649 3525 691 3566 p.
732 3510 827 3551 630.
870 3510 933 3552 Cf.
964 3520 1053 3552 not.
1088 3512 1142 3553 ad
1170 3515 1336 3569 Scymn.

31 3577 40 3622 ἢ
103 3585 148 3626 p.
167 3572 263 3612 203.
293 3572 310 3626 ss
332 3571 466 3628 —v']
491 3572 532 3628 μ’
556 3587 623 3628 ap.
656 3572 846 3613 Strabon.
875 3586 918 3627 p.
945 3576 1038 3621 140.
1067 3574 1340 3615 Probabiliter

104 3634 339 3674 Marcianus
353 3643 394 3675 et
419 3635 500 3676 hoc
518 3636 609 3676 loco
625 3644 665 3676 et
687 3636 729 3675 in
758 3643 953 3689 sequente
973 3637 1184 3677 intervallo
1206 3636 1340 3692 dupli-

106 3709 195 3735 cem
207 3693 435 3736 stadiorum
450 3711 672 3738 numerum
687 3698 859 3739 notavit.
873 3699 927 3738 At
939 3712 1076 3738 merus
1094 3698 1206 3739 lusus
1218 3708 1336 3749 esset,

106 3755 140 3795 si
163 3756 256 3810 quis
275 3757 465 3813 supplere
485 3759 582 3800 talia
603 3759 644 3799 in
666 3759 746 3799 hoc
767 3758 925 3812 periplo
940 3758 1072 3808 vellet,
1095 3760 1138 3799 in
1161 3775 1244 3815 quo
1256 3762 1340 3801 sin-

107 3817 297 3870 gulorum
318 3820 624 3862 intervallorum
653 3820 813 3860 numeri
838 3835 889 3859 ne
909 3820 1032 3860 semel
1055 3821 1221 3875 quidem
1245 3837 1341 3864 cum

46 3877 50 3887 ⁶
107 3878 319 3921 subductis
339 3883 510 3923 summis
533 3883 760 3924 stadiorum
794 3881 1003 3922 conciliari
1029 3893 1213 3937 possunt.
1244 3885 1260 3939 {l
1286 3909 1342 3915 —

43 3969 49 3981 1.
112 3952 149 3982 1.
194 3940 448 3996 Βαρὸήσολ
464 3959 488 3983 α
516 3945 530 3999 ]
573 3946 639 3985 510
677 3943 919 3985 Ptolemaeus
959 3952 999 3984 et
1033 3946 1196 3986 Tzctzes
1233 3947 1339 3987 Chii.

318 4025 449 4054 emen.
474 4025 502 4053 1.

820 101 1115 150 PERIPLUS
1148 105 1339 152 MARIS
1373 107 1614 156 EXTERI.
1651 110 1829 158 LIBER
1863 112 1925 157 11.

2553 128 2640 178 545

1414 219 1449 257 A
1458 217 1685 259 Barbesolis
1697 228 1833 261 autem
1845 219 1897 262 ad
1907 221 2164 264 Transducta
2180 238 2263 265 non
2275 225 2368 280 plus
2385 227 2523 268 stadiis
2543 242 2638 276 200,

1414 306 1498 332 000
1528 294 1667 334 minus
1695 293 1816 348 juxta
1837 295 1987 338 lineam
2022 297 2335 342 subtendentem
2373 302 2513 350 stadiis
2546 306 2639 354 145.

1413 370 1448 408 Α
1470 368 1740 411 Transductis
1765 385 1863 412 vero
1890 371 1944 413 ad
1978 374 2218 417 Menraliam
2254 391 2338 418 non
2373 378 2465 434 plus
2500 380 2642 423 stadiis

1415 442 1490 484 115
1516 446 1533 497 (
1552 445 1706 499 155?),
1727 461 1810 488 non
1832 449 1968 490 minus
1992 451 2132 491 stadiis
2155 453 2247 493 123.
2307 456 2343 495 Α
2361 456 2558 499 Menralia
2573 472 2642 500 au-

1410 527 1492 559 tem
1514 519 1567 560 ad
1589 521 1782 564 Beloncm
1806 525 2010 566 civitatem
2038 541 2122 567 non
2152 528 2243 583 plus
2261 530 2401 570 stadiis
2438 535 2529 584 140,
2554 548 2639 576 non

1411 595 1547 635 minus
1578 596 1717 638 stadiis
1747 612 1837 641 100.
1898 602 2006 642 Η100
2034 603 2319 646 Turdulorum
2348 621 2446 660 gens
2478 609 2637 664 incipit.

1410 665 1446 702 A
1463 663 1614 704 Belone
1634 679 1729 706 vero
1751 667 1913 708 civitate
1927 669 1979 709 ad
1998 670 2160 711 Belonis
2184 672 2298 714 ssuvii
2318 676 2421 715 ostia
2442 690 2526 717 non
2547 677 2639 732 plus

1409 735 1549 777 stadiis
1581 738 1649 791 75,
1681 755 1764 780 non
1798 742 1935 782 minus
1959 744 2099 784 stadiis
2121 746 2186 786 50.
2248 750 2285 787 A
2311 748 2473 789 Belonis
2501 758 2639 792 autem

1409 812 1523 853 fluvii
1547 815 1660 855 ostiis
1689 816 1741 856 ad
1770 820 2100 871 promontorium
2118 852 2128 870 ,
2154 821 2204 861 ad
2228 823 2340 877 quod
2366 833 2425 864 est
2449 824 2539 866 freti
2563 827 2640 868 ini·
2712 843 2714 845 ·

1409 890 1513 928 tium
1545 897 1587 930 et
1614 891 1811 946 templum
1847 896 1871 934 J
1875 896 2023 935 unonis
2037 927 2048 946 ,
2085 897 2215 939 stadia
2241 912 2338 950 200,
2376 901 2505 943 stadia
2543 903 2636 946 150.

1410 963 1426 1014 (
1446 963 1607 1004 Dehinc
1625 966 1754 1007 stadia
1771 967 1856 1010 sola
1882 969 2142 1024 adjicientur,
2173 981 2213 1014 01
2234 976 2354 1030 prior
2375 978 2542 1032 quidem
2562 995 2639 1022 nu-

1407 1053 1545 1080 merus
1563 1041 1789 1084 maximam
1809 1044 2021 1097 indicabit,
2045 1050 2249 1102 posterior
2266 1066 2362 1093 vero
2384 1054 2597 1097 minimum
2622 1074 2637 1098 .·

1407 1114 1509 1155 adeo
1528 1125 1574 1157 ut
1596 1118 1764 1171 singulis
1777 1120 1877 1176 plus
1899 1130 1939 1162 et
1961 1123 2096 1164 minus
2120 1140 2203 1166 non
2228 1128 2402 1183 amplius
2427 1146 2639 1187 praepona-

1406 1195 1549 1246 mus.)
1607 1197 1643 1249 A
1675 1200 1962 1250 promontorio
1999 1209 2163 1252 autem,
2199 1204 2250 1244 ad
2275 1206 2388 1259 quod
2417 1207 2565 1251 fretum
2599 1221 2640 1253 et

1405 1268 1430 1306 J
1435 1267 1793 1323 unonis-templum
1808 1301 1820 1321 ,
1838 1286 2034 1314 oceanum
2054 1277 2258 1329 naviganti
2275 1279 2395 1326 veluti
2411 1281 2461 1321 ad
2481 1293 2639 1338 septen-

1408 1340 1607 1390 trionem,
1632 1350 1672 1382 et
1701 1344 1886 1385 similiter
1902 1360 1926 1386 a
1943 1346 2086 1388 dextra
2105 1349 2273 1390 habenti
2296 1355 2591 1406 continentem,
2616 1373 2640 1399 a

1405 1401 1572 1454 'sinistra
1594 1429 1692 1456 vero
1714 1417 1933 1459 occiduum
1961 1435 2181 1469 oceanum,
2213 1427 2392 1465 occurrit
2414 1429 2638 1470 Menesthei

1406 1492 1573 1537 portus;
1598 1487 1650 1527 ad
1672 1502 1767 1529 eum
1802 1504 1931 1545 usque
1963 1501 2059 1532 sunt
2091 1494 2220 1535 stadia
2244 1496 2340 1546 225,
2376 1498 2506 1540 stadia
2544 1505 2635 1542 160.

1407 1557 1480 1596 His
1515 1557 1614 1598 locis
1649 1559 1804 1615 adjacet
1834 1563 1964 1619 insula
1994 1565 2145 1606 Gadira
2169 1568 2252 1607 sive
2282 1569 2415 1610 Gades
2451 1572 2494 1611 in
2527 1581 2638 1614 exte-

1407 1629 1547 1669 teriori
1566 1632 1686 1682 mari,
1723 1634 1765 1672 in
1786 1648 1867 1688 qua
1885 1644 1924 1676 et
1942 1637 2082 1677 civitas
2101 1641 2356 1691 cognominis
2373 1642 2541 1684 Gadira.
2602 1649 2638 1686 A

1410 1707 1696 1756 promontorio
1728 1716 1880 1759 autem,
1907 1710 1977 1750 ubi
2005 1711 2172 1763 fretum,
2197 1713 2249 1754 ad
2276 1715 2430 1757 Gadira
2462 1717 2636 1760 insulam

1409 1776 1539 1816 stadia
1557 1787 1653 1818 sunt
1675 1792 1770 1833 270,
1791 1781 1919 1822 stadia
1938 1786 2033 1832 240.
2094 1788 2130 1826 A
2151 1788 2379 1828 Menesthei
2396 1803 2493 1830 vero
2513 1799 2639 1845 portu

1409 1845 1462 1886 ad
1484 1850 1718 1889 aestuarium
1734 1849 1851 1904 juxta
1869 1856 1996 1894 Astan
2019 1855 2149 1896 stadia
2169 1870 2265 1898 210.
2324 1860 2434 1900 Hinc
2457 1862 2638 1903 accolere

1409 1919 1613 1975 incipiunt
1633 1923 1867 1966 Turditani.
1927 1927 1992 1967 Ab
2012 1930 2198 1972 aestuario
2217 1939 2352 1972 autem
2371 1931 2488 1986 juxta
2509 1938 2636 1974 Astan

1410 2007 1540 2047 usque
1555 1994 1607 2035 ad
1623 1997 1743 2036 Baetis
1762 1997 1876 2037 fluvii
1896 2002 2026 2039 otium
2047 2002 2281 2042 orientalius
2297 2003 2426 2045 stadia
2445 2005 2540 2054 385,
2563 2014 2640 2046 sta-

122 2091 2615 2121 Ἣ

1410 2153 1528 2201 VIII,
1549 2167 1654 2205 7113
1683 2154 1935 2207 Βαρὸίσολα..
1967 2157 2215 2211 Βαρὸισόλων
2246 2161 2399 2210 codex;
2419 2164 2641 2204 Barbesula

1410 2212 1566 2252 Plinius
1584 2212 1610 2252 l.
1638 2213 1665 2254 l.
1697 2214 1804 2255 Mela
1821 2217 1877 2265 II,
1900 2220 1940 2265 6,
1963 2231 2003 2270 7.
2029 2219 2180 2271 Geogr.
2206 2223 2306 2261 Rav.
2338 2224 2412 2271 IV,
2440 2227 2507 2271 42.
2535 2226 2550 2277 Η
2585 2249 2640 2257 —

1409 2287 1447 2313 2.
1480 2274 1778 2328 Τραλιδοῦκτα..
1800 2277 2107 2331 Τραλιςδουκτῶν
2145 2281 2289 2330 codex,
2329 2284 2510 2324 confusis
2545 2286 2581 2325 N
2600 2295 2640 2328 et

1407 2336 1477 2383 ΛΙ;
1499 2350 1580 2377 em.
1612 2335 1729 2378 editt.
1763 2351 1785 2376 e
1809 2339 2050 2390 Ptolemae03
2075 2341 2190 2381 Iulia
2215 2343 2422 2384 Traducta
2454 2346 2496 2385 in
2517 2361 2638 2388 num·

1407 2397 1512 2446 mis3
1535 2395 1681 2437 Ἰουλία
1701 2396 1806 2444 Ἰόζα
1821 2413 1888 2454 ap.
1904 2401 2094 2442 Strabon.
2109 2417 2153 2457 p.
2176 2406 2267 2452 140.
2283 2406 2337 2446 V.
2353 2406 2499 2448 Ukert.
2520 2410 2575 2459 ΙΙ,
2598 2424 2635 2459 1,

1406 2471 1449 2511 p.
1469 2457 1564 2506 345.
1591 2460 1796 2500 Mannert.
1819 2462 1854 2510 Ι,
1871 2476 1914 2516 p.
1945 2463 2039 2504 302.
2067 2464 2082 2518 {l
2102 2488 2157 2495 —
2172 2468 2212 2513 4.
2241 2465 2291 2513 εἰς
2313 2466 2545 2522 Μενλάρια..
2564 2469 2638 2512 ἀπὸ

1408 2518 1448 2558 δὲ
1481 2519 1700 2574 Μενραλίας
1718 2522 1735 2574 (
1753 2521 1934 2576 primum
1964 2524 2094 2565 scriba
2114 2525 2194 2566 1100
2216 2541 2379 2581 quoque
2394 2528 2484 2569 loco
2512 2530 2638 2571 dede-

1407 2589 1469 2621 rat
1487 2581 1720 2637 Μενλαρίας,
1756 2584 1872 2638 011οἀ
1900 2584 1997 2626 dein
2031 2588 2238 2642 mutavit)
2263 2588 2407 2631 codex.
2435 2593 2514 2646 Ap.
2540 2595 2637 2634 Pto-

1407 2641 1592 2684 lemaeum
1617 2644 1837 2699 Μενραλία,
1866 2661 1932 2702 ap.
1951 2648 2142 2690 Strabon.
2174 2664 2215 2704 p.
2243 2653 2321 2699 140
2342 2651 2503 2692 codices
2531 2654 2635 2695 Μεν-

1407 2704 1547 2759 λαρία;
1573 2720 1640 2761 ap.
1675 2707 1868 2761 Stephan.
1911 2722 1951 2749 v,
1973 2709 2125 2760 Βῆλος;
2162 2711 2370 2766 Μηλαρία,
2395 2715 2544 2754 rectius
2569 2730 2636 2771 ap.

1407 2767 1613 2808 Plutarch.
1635 2769 1788 2810 Sertor.
1807 2784 1845 2810 0.
1867 2783 1931 2821 12,
1947 2771 2126 2812 Plinium
2145 2774 2222 2822 ΙΠ,
2249 2774 2288 2823 3,
2309 2775 2452 2817 Itiner.
2473 2789 2515 2830 p.
2538 2779 2635 2831 407,

1407 2831 1537 2870 Inscr.
1572 2845 1639 2885 ap.
1665 2832 1832 2872 Gruter.
1860 2846 1903 2886 p.
1934 2833 2029 2884 321,
2062 2848 2111 2874 10
2137 2847 2146 2874 :
2171 2834 2390 2890 Μελλαρία,
2425 2837 2635 2890 Mellaria.

1407 2893 1463 2932 V.
1492 2892 1708 2933 Salmasius
1725 2893 1778 2933 ad
1809 2894 1937 2940 Solin.
1963 2909 2007 2950 p.
2041 2895 2137 2937 205.
2162 2895 2309 2938 Ukert.
2336 2911 2380 2952 p.
2412 2899 2508 2947 344.
2531 2900 2546 2953 ΙΙ
2583 2923 2637 2931 -—

1411 2952 1519 3008 ριε’]
1545 2956 1631 2995 Aut
1658 2955 1726 2995 hic
1748 2964 1818 2996 aut
1846 2970 2020 3011 sequens
2052 2972 2251 2998 numerus
2285 2958 2371 3013 ρκγ’
2401 2969 2633 3014 corruptus.

1411 3017 1525 3057 Fort.
1543 3030 1586 3056 n.
1606 3015 1635 3058 l.
1657 3025 1743 3057 erat
1759 3016 1850 3072 ρνε’.
1880 3019 1895 3072 ΙΙ
1924 3042 1981 3049 —-
2004 3018 2043 3060 5.
2067 3019 2257 3060 Βελῶνα..
2282 3021 2485 3068 Βελῶνος..
2507 3022 2635 3062 Βέλω-

1410 3092 1473 3126 νος
1495 3077 1640 3119 codex.
1679 3079 1810 3119 Βελὼν
1840 3080 1988 3119 fluvius
2007 3088 2177 3120 vocatur
2208 3082 2250 3120 in
2274 3080 2398 3121 codd.
2422 3082 2633 3123 Strabonis

1408 3156 1452 3196 p.
1484 3144 1583 3190 140;
1609 3141 1650 3180 10
1679 3140 1849 3183 Ρ101010.
1874 3140 1994 3194 vulgo
2019 3141 2171 3182 Βαίλων
2186 3158 2197 3192 ;
2222 3141 2292 3182 sed
2312 3142 2441 3182 Βέλων
2470 3158 2636 3198 quoque

1410 3204 1453 3244 in
1490 3202 1612 3244 codd.
1652 3204 1854 3251 occurrit;
1887 3202 2031 3243 eodem
2065 3203 2191 3243 modo
2210 3218 2276 3258 ap.
2307 3204 2485 3250 Plinium
2508 3205 2631 3246 codd.

1411 3265 1545 3306 Bcelon
1560 3273 1599 3305 et
1616 3265 1753 3308 Belou.
1774 3264 1860 3318 11-
1879 3263 1941 3305 15.
1959 3264 2002 3305 ἐν
2035 3262 2068 3320 ᾧ
2087 3265 2184 3306 κτλ.
2206 3266 2220 3319 ]
2241 3266 2481 3307 Distinctius
2503 3264 2636 3309 Ptole·

1413 3340 1566 3369 maeus:
1591 3326 1640 3381 ἀφ
1663 3323 1708 3366 οὗ
1727 3326 1747 3366 6
1764 3326 1947 3382 πορθμὸς,
1973 3326 2011 3367 ἐν
2027 3324 2060 3383 ᾧ
2083 3326 2170 3375 ναὸς
2188 3327 2331 3382 ἽΙρας,
2359 3343 2451 3382 quae
2471 3330 2514 3369 in
2527 3331 2636 3371 Mar-

1411 3390 1573 3430 cianum
1599 3395 1639 3427 et
1674 3387 1718 3428 h.
1756 3387 1784 3428 l.
1815 3396 1855 3427 et
1878 3402 1975 3428 mox
2011 3388 2161 3428 iterum
2181 3387 2318 3429 intulit
2351 3389 2550 3431 Millerus.
2575 3394 2636 3432 Ac

1412 3465 1508 3492 sane
1525 3458 1665 3490 nostra
1679 3463 1763 3489 non
1785 3450 1999 3499 Marciani,
2017 3449 2088 3489 sed
2103 3451 2350 3505 excerptoris
2368 3465 2454 3492 esse
2475 3453 2542 3492 vix
2558 3452 2634 3493 du-

1410 3513 1528 3553 bites.
1557 3510 1749 3551 Similiter
1776 3510 1802 3550 l.
1823 3525 1847 3564 7
1867 3511 2042 3564 legitur:
2072 3510 2146 3552 ἀπὸ
2165 3515 2232 3552 τοῦ
2261 3510 2518 3568 ἀκρωτηρίου,
2546 3513 2636 3554 ἔνθα

1410 3575 1430 3615 ὁ
1469 3573 1651 3628 πορθμός.
1691 3573 1708 3626 ΙΙ
1745 3595 1799 3602 -
1834 3572 1899 3613 15.
1942 3572 2146 3614 ἐντεῦθεν..
2184 3572 2363 3615 ἔλαττον.
2408 3576 2505 3616 Haec
2534 3591 2635 3630 quo-

1410 3652 1489 3691 que
1504 3636 1695 3676 festinans
1713 3631 1926 3690 excerptor
1943 3635 2199 3691 interposuit.
2224 3637 2241 3690 11
2262 3661 2319 3668 -
2337 3639 2398 3680 18.
2421 3637 2487 3692 μὲν
2504 3637 2636 3685 εὐθέως

1410 3708 1448 3739 01
1464 3699 1535 3739 lin.
1557 3701 1608 3746 24
1627 3697 1834 3752 νεμεσθέως
1851 3697 1945 3738 cod.
1961 3698 1978 3752 H
1997 3722 2053 3729 —
2067 3701 2135 3748 24.
2155 3698 2459 3753 ἀστανανάχυσιν
2475 3698 2568 3740 cod.
2586 3702 2634 3739 In

1412 3761 1600 3802 Strabon.
1632 3774 1675 3814 p.
1716 3762 1792 3808 140
1829 3772 1839 3799 :
1871 3758 1894 3810 ἣ
1926 3755 2022 3801 κατὰ
2053 3760 2184 3801 Ἄσταν
2211 3761 2404 3814 ἀνάχυσις.
2437 3760 2635 3815 Idemque

1412 3837 1478 3877 ap.
1518 3822 1779 3863 Ptolemaeum
1815 3821 2127 3876 reponendum,
2163 3822 2234 3863 ubi
2267 3820 2390 3863 codd.
2426 3833 2437 3862 2
2472 3820 2497 3872 ἥ
2537 3822 2635 3862 κατὰ

1412 3883 1543 3923 'aaran
1566 3882 1747 3937 εἶ’σχυσις,
1768 3882 1792 3934 ἣ
1816 3882 1911 3924 κατὰ
1942 3882 2148 3924 Ἀστάνανα
2170 3882 2351 3937 εἷο-χυσις.
2383 3883 2540 3923 Vocem
2570 3898 2636 3924 ex-

1412 3945 1530 4000 plieat
1551 3945 1710 3985 Strabo.
1736 3959 1776 3999 p.
1804 3947 1894 3993 140.
1924 3946 2014 3993 143.
2044 3946 2060 3998 {1
2086 3969 2141 3976 -
2162 3948 2236 3994 26„
2253 3944 2290 3984 ”A
2304 3959 2414 3985 στα-1
2438 3946 2452 3999 ]
2472 3944 2635 3985 ”Aetam

2385 4024 2425 4053 35
