2808 4342
51 189 253 247 ·(⁵2-⁵⁵·)

144 366 306 428 Ἀμισὸς
326 368 367 411 ἓν
386 362 722 427 τῇΛευκοσύρων
743 365 796 423 γῇ
815 360 983 421 κειμένη

591 429 807 478 Φωκαέων
825 430 995 475 ἀποικία
1011 467 1023 490 ‚

143 502 331 563 τέτταρσι
353 499 548 562 πρότερον
567 499 696 544 ἔτεσιν
720 501 943 545 οἰκισθεῖσα
967 498 1047 560 γάρ

49 587 122 617 Δ920
147 574 220 626 τῆς
239 568 492 631 Ἡρακλείας
515 568 632 613 aa&
653 568 839 623 Ἰωνικὴν
857 566 1004 615 κτίσιν.

142 639 264 687 Κατὰ
280 638 354 695 τὴν
379 638 496 684 πόλιν
516 638 669 694 ταύτην
691 637 732 683 δὲ
749 641 822 693 τ’ἧς
840 637 976 690 Ἀσίας
997 638 1143 700 σχεδόν

138 708 373 761 στενότατος
395 708 528 771 αὐχήν
546 710 652 753 ἐστιν
676 709 731 759 εἷς
747 708 814 752 τὸν
835 707 1011 753 Ἰσσικόν

137 778 288 824 κόλπον
313 777 464 834 διήκων
485 776 560 833 τήν
583 775 619 822 τ’
639 775 1040 838 Ἀλεξανδρούπολιν,

137 849 195 909 τῷ
219 847 429 895 Μακεδόνι
451 848 705 892 κτισθεῖσαν·
729 849 896 909 ἡμερῶν
921 848 955 891 δ’
973 846 1063 891 ὁδόν

48 931 117 961 :925
143 918 197 967 εἷς
212 915 286 970 τὴν
309 914 498 961 Κιλικίαν
520 913 625 962 ἑπτὰ
645 917 726 959 τῶν
745 917 891 959 πασῶν
909 913 1009 976 ἔχει·

137 985 184 1030 τὸ
206 988 279 1040 τῆς
300 984 436 1036 Ἀσίας
454 983 618 1044 λέγεται
641 983 721 1046 γὰρ
741 984 1072 1045 ἷσθμωδέστατον

137 1056 191 1106 εἷς
211 1053 279 1099 τὸν
300 1053 395 1115 περὶ
420 1053 541 1099 αὐτὸν
561 1052 658 1098 ὄντα
683 1053 930 1113 συνάγεσθαι
954 1053 1102 1115 μυχόν.

137 1122 187 1169 Ὁ
212 1124 247 1168 δ’
272 1123 491 1185 “Ηρόδοτος
507 1122 634 1168 ἔοικεν
656 1125 833 1182 ἀγνοεῖν,
851 1122 982 1183 λέγων

136 1194 182 1237 ἐκ
204 1196 277 1248 τῆς
296 1192 486 1243 Κιλικίας
512 1193 529 1253 [
549 1192 664 1253 ἀνδρί
686 1194 725 1251 γ’
748 1191 908 1254 εὐζώνῳ
932 1192 1070 1251 μολεῖν

53 1278 116 1308 930
138 1261 252 1307 πένθ’
277 1265 442 1324 ἡμερῶν
464 1264 518 1312 εἰς
537 1262 694 1307 Πόντον
716 1254 822 1306 εἶναι
842 1262 916 1317 τὴν
938 1261 1043 1306 ὁδόν.

134 1329 263 1387 Ἔθνη
285 1331 318 1376 δ’
339 1330 426 1392 ἔχει
445 1330 496 1376 τὰ
518 1330 655 1376 πάντα
673 1332 690 1393 ]
712 1331 1004 1376 πεντεκαίδεκα

133 1404 159 1455 ἡ
179 1398 451 1462 χερρόνησος,
477 1393 534 1444 ὧν
558 1399 650 1461 τρία
672 1399 747 1459 μὲν
769 1398 1025 1458 Ἑλληνικά,

134 1467 325 1514 Αἰολικὸν
345 1462 417 1513 εἶτ’
439 1468 618 1514 Ἰωνικὸν
646 1468 717 1513 καὶ
737 1467 939 1531 Δωρικόν,

131 1535 185 1580 τὰ
203 1536 328 1581 λοιπὰ
350 1539 430 1582 τῶν
455 1537 642 1597 μιγάδων
668 1536 710 1581 δὲ
731 1538 858 1598 χωρὶς
880 1536 1087 1599 βάρὸαρα.

43 1620 111 1651 935
136 1604 302 1658 Κίλικες
326 1604 398 1664 μὲν
421 1598 488 1650 οὖν
514 1604 662 1651 Λύκιοί
684 1623 728 1650 τε
752 1605 854 1667 πρὸς
875 1605 1033 1656 τούτοις
1058 1605 1147 1665 ἅμα

137 1677 273 1736 Κᾶρες
292 1674 575 1737 Μαριανδυνοί
597 1693 641 1719 τε
660 1675 991 1736 παραθαλάττιοι

141 1745 296 1789 οἰκοῦσι
322 1743 592 1806 Παφλαγόνες
611 1763 656 1790 τε
680 1744 751 1789 καὶ
774 1746 1038 1807 Παμφύλιοι·

134 1813 330 1865 Χάλυὸες
353 1813 395 1858 δὲ
414 1813 488 1869 τὴν
510 1812 720 1875 μεσόγειον
743 1813 842 1859 οἵτε
863 1814 1038 1870 πλησίον

138 1882 420 1935 Καππάδοκες
441 1882 541 1928 οἵτε
565 1885 781 1943 νεμόμενοι
797 1883 870 1939 τὴν
898 1883 1116 1939 Πισιδικήν

43 1967 112 1998 ι940
135 1950 261 1998 Λυδοί
283 1970 326 1997 τε
350 1952 421 1997 καὶ
445 1952 544 2014 πρὸς
565 1955 700 1998 τοῖσδε
725 1953 866 1998 Μυσοὶ
884 1954 954 1999 καὶ
977 1953 1158 2015 Φρύγες.

47 2137 186 2177 Nostri
217 2138 434 2192 Ephorum
465 2137 480 2194 (
507 2137 558 2180 fr.
581 2141 670 2192 82.)
702 2154 770 2194 ap.
794 2140 935 2194 steph.
968 2155 1007 2180 v.
1044 2140 1285 2194 Τιόαρηνίαε

47 2198 256 2254 Τιὸαρηνοὶ
278 2200 343 2240 καὶ
366 2200 410 2240 τὸ
445 2200 591 2247 παίζειν
614 2201 679 2240 καὶ
711 2202 755 2241 τὸ
777 2201 898 2255 γελᾶν
935 2201 1028 2241 εἰσὶν
1051 2201 1288 2252 ἐζηλωκότες

49 2259 115 2300 καὶ
139 2261 324 2316 μεγίστην
354 2261 598 2317 εὐδαιμονίαν
624 2265 739 2302 τοῦτο
757 2263 970 2317 νομίζουσι.
994 2263 1103 2303 Mela
1131 2266 1173 2310 Ι,
1201 2278 1248 2316 19
1277 2276 1285 2302 :

54 2322 247 2364 Tibareni
286 2323 474 2375 Chalybes
499 2323 729 2375 attingunt,
753 2324 902 2378 quibus
932 2324 974 2363 in
1004 2323 1093 2364 risu
1122 2324 1290 2378 lusuque

47 2397 250 2423 summum
272 2383 418 2423 bonum
443 2387 519 2424 est.
539 2385 791 2424 Letronnius
828 2385 991 2439 scripsit
1010 2397 1019 2424 z
1043 2383 1288 2439 εὐδαιμονίαν

31 2443 154 2486 ἐἶναί
177 2460 217 2486 τε
236 2447 351 2486 τοῦτο
388 2446 620 2500 κεκρικότες.
654 2446 670 2500 ΙΙ
704 2470 761 2477 -
786 2447 989 2500 917-939.
1029 2448 1166 2486 Anon.
1188 2461 1238 2501 p.
1265 2463 1288 2500 9

50 2506 206 2557 Huds.,
224 2506 405 2565 Ρ.,15·4,
443 2520 461 2546 1
490 2506 603 2548 Gail.
628 2507 767 2548 Prima
788 2508 845 2548 ita
872 2510 954 2549 An.
983 2507 1113 2550 codex
1134 2508 1256 2548 habet
1278 2521 1287 2548 :

56 2567 220 2624 Ἀμισός,
246 2569 356 2616 πόλις
382 2567 589 2621 Ἑλληνὶς,
628 2567 835 2621 Ἀθηναίων
857 2569 1033 2621 ἄποικος,
1067 2569 1128 2611 ἐπὶ
1148 2570 1290 2610 θαλάσ-

50 2647 98 2689 σῃ
129 2631 314 2682 οἰκεῖται,
346 2631 384 2672 ἓν
415 2634 463 2687 τῇ
501 2633 748 2687 Λευκοσύρων
781 2635 835 2688 γῇ
875 2634 1054 2688 κειμένη,
1094 2633 1289 2674 Φωκαέων

52 2693 221 2736 ἀποικία.
247 2686 380 2734 Mixta
415 2693 502 2734 haec
535 2709 558 2734 e
589 2695 741 2734 Nostro
777 2704 818 2735 et
850 2709 901 2735 ex
933 2695 1098 2736 Arriani
1138 2696 1288 2750 Peripl.

50 2771 93 2812 p.
121 2761 170 2798 16
189 2755 342 2806 Huds.,
373 2756 477 2796 ubi:
507 2754 680 2811 Ἀμισός,
711 2757 821 2804 πόλις
845 2756 1049 2809 Ἑλληνὶς,
1087 2756 1290 2809 Ἀθηναίων

52 2819 209 2868 ἄποικος
230 2818 291 2861 ἐπὶ
315 2818 487 2875 θαλάττῃ
504 2818 682 2859 οἰκεῖται.
712 2838 728 2854 α
750 2821 845 2860 Non
868 2819 1141 2874 improbabile
1156 2828 1291 2861 tamen

51 2881 181 2922 videri
196 2889 345 2936 potest,
371 2880 472 2921 illud
493 2879 699 2933 Ἀθηναίων
716 2882 882 2936 utrique
897 2882 1087 2937 scriptori
1107 2897 1294 2923 commu-

51 2957 104 2983 ne
120 2942 258 2994 fuisse,
279 2945 505 2998 Scymnum
520 2951 658 2984 autem
673 2944 881 2999 scripsisse
902 2944 1051 2999 Ἀμισός
1073 2944 1111 2985 ἐν
1132 2948 1180 3001 τῇ
1198 2946 1290 2986 Λευ-

52 2997 222 3060 κοσύρων
252 3008 305 3061 γῇ
343 3006 497 3061 κειμένη
525 3004 532 3061 Ι
564 3004 772 3057 Ἀθηναίων
799 3006 865 3046 καὶ
901 3007 1097 3048 Φωκαέων
1119 3006 1287 3048 ἀποικία,

54 3068 116 3107 De
131 3068 453 3108 Atheniensibus
467 3068 599 3109 Amisi
615 3067 901 3109 conditoribus
914 3070 1036 3114 etiam
1049 3070 1292 3111 Plutarchus

53 3130 165 3169 testis
180 3138 240 3171 est
260 3130 350 3171 Vit.
371 3130 532 3171 Lucull.
552 3146 589 3171 c.
617 3145 682 3185 19.
701 3134 751 3171 In
771 3146 965 3173 mensura
978 3133 1157 3173 nominis
1183 3132 1291 3185 Ἀθη-

54 3190 171 3231 ναίων
208 3192 442 3232 Atticorum
467 3186 723 3233 comicorum
757 3194 992 3249 exemplum
1026 3203 1189 3235 secutus
1215 3203 1288 3236 est.

55 3251 154 3292 Vid.
175 3253 410 3295 Pherecrat.
429 3255 474 3295 in
490 3256 608 3296 Com.
636 3268 698 3309 gr.
725 3256 805 3296 vol.
828 3259 885 3307 II,
902 3271 945 3311 p.
971 3257 1050 3311 367
1067 3265 1108 3297 et
1126 3257 1291 3311 Polyze-

56 3312 118 3353 lus
139 3313 195 3354 ib.
217 3328 260 3368 p.
280 3317 377 3369 871.
402 3315 469 3357 Ad
487 3316 661 3358 eandem
678 3333 868 3359 normam
889 3319 1128 3375 Κερκυραίων
1143 3321 1293 3360 Noster

57 3374 162 3415 dixit
187 3376 411 3430 penultima
444 3378 557 3419 brevi
579 3394 618 3421 v.
644 3383 727 3428 440
752 3394 762 3421 2
789 3381 1028 3436 Κερκυραίων
1059 3398 1099 3423 τε
1128 3382 1193 3423 καὶ
1216 3383 1291 3422 Κο-

59 3438 212 3491 ρινθίων
235 3438 358 3486 πόλις.
386 3457 402 3477 »
426 3442 644 3482 Mmmzmz.
667 3444 917 3483 Letronnius
933 3445 1151 3500 scripserat
1174 3458 1183 3486 :
1210 3444 1291 3486 ἔστι

58 3497 99 3540 δὲ
127 3500 236 3547 πόλις
273 3499 428 3555 Ἀμισὸς
453 3502 490 3542 ἐν
521 3518 561 3543 τε
588 3507 635 3559 τῇ
651 3504 809 3545 Άευκῶν
845 3505 974 3560 Σύρων
1001 3506 1008 3562 Ι
1033 3510 1087 3563 γῇ
1108 3509 1289 3563 κειμένη,

57 3566 134 3602 τῶν
147 3559 342 3602 Φωκαέων
356 3563 390 3601 δ’
408 3562 578 3605 ἀποικία.
596 3566 791 3606 Ceterum
801 3567 1098 3623 Theopompus
1112 3569 1180 3625 (fr.
1193 3571 1292 3620 202)

58 3622 110 3663 de
126 3624 268 3664 Amiso
292 3624 347 3663 ita
365 3623 534 3664 tradidit
563 3640 629 3680 ap.
654 3627 845 3668 Strabon.
866 3630 964 3670 XII.
984 3644 1028 3684 p.
1056 3630 1134 3684 547
1159 3644 1169 3671 2
1188 3631 1295 3683 Φησὶ

58 3684 99 3725 δὲ
121 3683 237 3735 αὐτὴν
259 3684 485 3739 Θεόπομπος
502 3688 672 3740 πρώτους
691 3688 904 3741 Μιλησίους
925 3691 1067 3743 κτίσαι,
1094 3691 1180 3733 εἶτα
1195 3693 1296 3734 Καπ-

58 3748 235 3789 παδόκων
260 3747 451 3802 ἄρχοντα·
491 3748 617 3803 τρίτον
645 3750 679 3789 δ’
708 3750 770 3791 ὕπ’
797 3750 1064 3804 Ἀθηνοκλέους
1090 3755 1155 3795 καὶ
1183 3754 1292 3807 Ἀθη-

59 3810 175 3850 ναίων
186 3809 465 3851 ἐποικισθεῖσαν
475 3810 635 3866 Πειραιᾶ
645 3815 994 3869 μετονομασθῆναι.
1009 3817 1024 3868 ΙΙ
1038 3841 1093 3847 -
1103 3831 1154 3870 9¹
1163 3833 1204 3872 9.
1215 3819 1293 3859 τέτ-

58 3886 167 3925 ταρσι
191 3870 281 3926 γὰρ
300 3872 482 3926 πρότερον
516 3875 619 3923 An.;
648 3872 724 3928 γὰρ
746 3878 997 3931 transposuit
1014 3879 1074 3919 M.
1104 3879 1120 3932 ΙΙ
1150 3903 1207 3911 —
1231 3883 1293 3921 De

57 3932 253 3976 Heraclea
274 3948 314 3974 ν.
354 3933 462 3974 infra
498 3948 594 3989 972.
635 3936 650 3989 ΙΙ
677 3960 735 3967 -
771 3950 868 3991 920.
898 3938 1035 3980 ἔλαὸεν
1059 3940 1152 3982 cod.
1189 3943 1204 3995 Η
1237 3967 1294 3974 -—

61 4010 158 4050 921.
183 3996 280 4039 κατὰ
304 3996 344 4037 ’δὲ
359 3995 428 4047 τὴν
452 3998 564 4038 πόλιν
584 4000 683 4049 An.;
703 4008 811 4053 part.
839 4000 879 4041 δὲ
902 4005 1150 4058 transposuit
1178 4007 1223 4045 Μ
1232 4038 1237 4044 .
1271 4007 1287 4059 ll

1028 186 1202 232 ORBlS
1237 188 1621 236 DESCRIPTIO.

2503 216 2588 256 335

1364 372 1530 412 Amisus
1554 373 1596 413 in
1617 375 1947 429 Leucosyrorum
1962 384 2071 416 terra
2084 378 2158 418 sita
2169 409 2180 427 ‚

1697 443 2007 485 Phocaeensium
2022 446 2197 496 colonia,

1364 522 1456 563 quae
1478 517 1675 563 quattuor
1697 512 1815 552 annis
1836 520 1931 552 ante
1945 513 2182 553 Heracleam

1364 574 1520 615 colonis
1539 574 1796 630 frequentata
1806 579 1992 619 Ionicam
2013 579 2159 620 habuit
2184 583 2399 636 originem.

1364 640 1432 682 Ad
1446 641 1554 683 hanc
1567 642 1715 684 urbem
1740 653 1800 685 est
1821 646 1928 686 Asiae
1949 645 2034 686 fere

1363 710 1638 751 arctissimum
1654 711 1804 752 collum
1820 743 1830 762 ‚
1852 713 1905 754 ad
1929 714 2102 755 Issicum

1285 785 1293 791 '
1363 779 1501 819 sinum
1517 779 1754 834 pertingens
1774 789 1815 820 et
1838 780 2188 838 Alexandropolin

1363 859 1387 885 a
1403 845 1631 887 Macedone
1651 846 1877 889 conditam.
1893 849 2018 890 Viam
2033 850 2134 891 illud
2155 852 2276 894 habet

1363 915 1407 955 in
1429 916 1612 957 Ciliciam
1637 925 1793 973 septem
1808 917 1972 959 dierum
1992 920 2034 959 in
2051 935 2234 972 summa;

1363 997 1461 1024 nam
1482 983 1612 1025 fertur
1627 986 1724 1026 Asia
1743 987 1940 1039 angustiis
1958 985 2193 1029 arctissimis

1363 1051 1417 1092 ad
1434 1053 1548 1093 Issici
1564 1054 1677 1093 sinus
1697 1068 1903 1094 recessum
1919 1056 2155 1110 comprimi.

1355 1120 1601 1161 ‘Herodotus
1621 1130 1759 1162 autem
1778 1121 1944 1162 videtur
1965 1138 2101 1164 errare
2113 1156 2124 1174 ,
2146 1124 2284 1166 dicens

1363 1203 1386 1228 e
1401 1188 1542 1229 Cilicia
1560 1191 1574 1242 [
1589 1188 1680 1230 viro
1693 1189 1883 1246 expedito
1906 1189 2083 1247 quinque

1362 1255 1521 1297 dierum
1539 1271 1621 1298 esse
1635 1256 1694 1297 ud
1707 1260 1886 1298 Pontum
1902 1273 2026 1314 usque
2043 1259 2173 1301 vium.

1364 1328 1510 1366 Gentes
1532 1340 1626 1366 vero
1644 1324 1687 1367 in
1700 1340 1862 1367 summa
1880 1326 2032 1384 habet]
2059 1330 2294 1384 quindecim

1362 1393 1450 1434 haec
1463 1394 1692 1449 peninsula,
1717 1409 1895 1450 quarum
1916 1404 1997 1436 tres
2012 1406 2109 1438 sunt
2127 1399 2293 1450 Graecae,

1362 1463 1516 1505 AEolica
1534 1473 1575 1505 et
1592 1466 1734 1506 Ionica
1753 1474 1794 1505 et
1815 1466 1983 1516 Dorica,

1362 1532 1529 1586 reliquae
1544 1540 1680 1573 autem
1700 1541 1850 1587 praeter
1869 1534 2016 1588 mixtas
2027 1534 2228 1576 barbarae.

1364 1599 1507 1640 Cilices
1522 1599 1690 1655 quidem
1710 1615 1757 1641 ac
1773 1602 1888 1655 Lycii
1911 1610 2062 1642 etcum
2081 1602 2144 1642 his
2163 1604 2283 1644 simul

1363 1669 1486 1708 Cares
1508 1676 1548 1708 et
1569 1667 1832 1723 Mariandyni
1850 1677 1891 1709 et
1908 1670 2185 1724 Paphlagones

1363 1744 1404 1775 et
1426 1735 1655 1790 Pamphylii
1671 1735 1723 1775 ad
1741 1750 1854 1776 mare
1874 1736 2085 1787 habitant3

1363 1805 1405 1843 in
1433 1803 1742 1843 mediterraneis
1761 1813 1896 1844 autem
1920 1805 2119 1860 Chalybes
2138 1807 2267 1861 iisque

1363 1872 1486 1911 vicini
1503 1871 1765 1926 Cappadoces
1785 1880 1824 1911 et
1845 1871 2042 1913 Pisidiam
2069 1873 2246 1914 colentes

1364 1939 1552 1994 Lydique
1570 1948 1610 1979 et
1627 1948 1776 1994 praeter
1797 1940 1872 1980 hos
1894 1941 2001 1994 Mysi
2020 1949 2060 1981 et
2085 1941 2280 1997 Phryges.

1356 2144 1417 2169 ²—
1431 2140 1527 2192 923.
1551 2138 1894 2193 Alexandropolis
1909 2147 1970 2179 est
1989 2139 2239 2181 Alexandria
2256 2139 2279 2191 ἣ
2303 2141 2387 2181 κατ’
2413 2139 2552 2182 Ἰσσόν.
2576 2142 2592 2195 ΙΙ

1358 2225 1416 2230 ——
1428 2204 1524 2253 926.
1542 2200 1617 2254 γὰρ
1633 2200 1788 2254 λέγεται
1802 2203 1903 2250 An.;
1922 2209 2124 2255 transpos.
2141 2203 2202 2241 M.
2226 2202 2241 2254 ll
2257 2215 2422 2255 ——929.
2437 2203 2598 2244 Inclusa

1361 2261 1413 2301 ad
1436 2261 1683 2316 explendam
1714 2262 1957 2302 sententiam
1977 2260 2119 2301 addidi
2139 2262 2273 2302 verbis
2289 2263 2499 2314 Meinekii,
2524 2265 2597 2318 qui

1359 2325 1499 2378 priora
1529 2325 1654 2363 ctiam
1678 2324 1791 2363 hunc
1805 2324 1847 2364 in
1864 2323 2038 2363 modum
2057 2323 2294 2377 refingenda
2307 2326 2503 2380 proponit
2525 2338 2534 2365 ε
2555 2325 2596 2366 ἐκ

1360 2389 1428 2437 τῆς
1448 2385 1618 2432 Κιλικίας
1651 2386 1665 2438 [
1693 2384 1743 2432 εἰς
1772 2385 1839 2425 τὸν
1863 2384 2037 2432 Εὔξεινον
2057 2385 2175 2440 πόρον
2202 2385 2210 2441 Ι
2234 2387 2338 2426 πένθ’
2369 2385 2521 2441 ἣμερῶν
2551 2387 2596 2427 τὸ

1364 2450 1482 2502 μῆκος
1501 2445 1603 2487 εἶναι
1622 2449 1688 2498 τῆς
1710 2446 1815 2486 ὁδοῦ.
1836 2447 1959 2487 Mitto
1989 2446 2268 2489 Holsteniana.
2290 2447 2491 2488 Herodoti
2508 2462 2597 2489 ver-

1361 2509 1414 2549 ba
1428 2511 1464 2557 I,
1494 2522 1546 2563 72
1578 2509 1666 2550 haec
1688 2521 1697 2548 :
1724 2507 1834 2549 Οὕτω
1857 2507 1878 2547 ὃ
1896 2506 2006 2555 Ἅλυς
2031 2507 2201 2563 ποταμὸς
2220 2507 2433 2564 ἀποτάμνει
2455 2510 2594 2563 σχεδὸν

1361 2572 1486 2612 πάντα
1497 2573 1565 2622 τῆς
1584 2569 1706 2622 Ἀσίης
1718 2569 1766 2613 τὰ
1779 2571 1883 2610 κάτω
1897 2569 1938 2610 ἐκ
1955 2569 2148 2622 θαλάσσης
2163 2569 2377 2621 τῆςλάντίον
2395 2566 2544 2626 Κύπρου
2562 2572 2597 2620 ἐς

1361 2634 1427 2674 τὸν
1441 2633 1617 2682 Εὔξεινον
1630 2634 1787 2674 πόντον.
1804 2633 1917 2673 ’Έστι
1928 2632 1969 2673 δὲ
1981 2631 2104 2687 αὒχὴν
2118 2630 2306 2685 οῧτοςτῆς
2316 2635 2447 2688 χώρης
2460 2634 2598 2687 ταύτης

1362 2696 1528 2748 ἁπάσης·
1566 2699 1685 2751 μῆκος
1717 2696 1808 2736 ὁδοῦ
1833 2695 1986 2751 εὐζώνῳ
2022 2695 2131 2751 ἀνδρὶ
2162 2697 2272 2737 πέντε
2293 2695 2432 2751 ἡμέραι
2457 2695 2599 2737 ἀναισι-

1364 2763 1539 2815 μοῦνται.
1566 2758 1630 2800 Cf.
1649 2759 1804 2814 Scylac.
1823 2761 1846 2811 S
1866 2771 1959 2802 102.
1990 2759 2004 2811 Η
2025 2782 2082 2791 -—-
2104 2759 2182 2800 631
2206 2773 2297 2813 sqq.
2316 2758 2380 2800 Cf.
2405 2759 2597 2814 Ephorus

1365 2822 1379 2878 (
1405 2822 1456 2864 fr.
1480 2825 1534 2865 80
1556 2824 1572 2877 )
1594 2821 1707 2877 apud
1744 2821 1936 2863 Strabon.
1958 2822 2076 2872 XIV,
2110 2835 2153 2877 p.
2189 2825 2310 2876 677⁸:
2336 2821 2540 2873 Φήσαντος
2558 2823 2598 2864 δὲ

1362 2888 1429 2925 τοῦ
1458 2884 1621 2941 Ἐφόρου
1653 2885 1752 2925 διότι
1781 2882 1851 2935 τὴν
1881 2884 2118 2939 χερρόνησον
2147 2883 2288 2937 ταύτην
2322 2887 2499 2925 κατοικεῖ
2517 2885 2598 2926 ἕκ-

1362 2948 1566 2988 καίδεκα
1584 2948 1677 3002 γένη
1693 2978 1704 2997 ,
1745 2947 1830 3002 τρία
1869 2945 1935 3001 μὲν
1966 2944 2200 2998 Ἑλληνικὰ,
2222 2945 2272 2987 τὰ
2304 2945 2344 2987 δὲ
2365 2946 2483 2988 λοιπὰ
2510 2947 2599 3002 βάρ-

1363 3010 1481 3065 6αρα,
1520 3010 1640 3066 χωρὶς
1668 3014 1744 3050 τῶν
1782 3010 1973 3065 μιγάδων.
2011 3008 2167 3051 Plinius
2199 3010 2274 3059 VI,
2304 3022 2328 3049 2
2360 3022 2370 3050 ε
2402 3010 2598 3063 Ejusdem

1362 3072 1540 3114 nominis
1562 3072 1680 3113 sinus
1708 3073 1724 3125 (
1758 3072 1975 3125 Amiseni)
2001 3080 2142 3121 tantus
2164 3084 2340 3111 recessus
2377 3079 2424 3110 ut
2446 3070 2596 3111 Asiam

1354 3150 1473 3191 paene
1496 3135 1673 3176 insulam
1692 3134 1853 3187 factat,
1879 3148 1961 3174 200
1985 3148 2039 3173 m.
2058 3147 2261 3188 passuum
2286 3131 2401 3172 haud
2413 3127 2605 3187 amplius

1354 3213 1435 3253 per
1459 3197 1727 3238 continentem
1763 3195 1822 3236 ad
1851 3195 2029 3236 Issicum
2065 3193 2218 3235 ciliciae
2245 3193 2397 3234 sinum.
2434 3197 2521 3244 Quo
2553 3193 2596 3234 in

1361 3260 1473 3301 omni
1497 3269 1633 3301 tractu
1649 3257 1849 3315 proditur
1867 3266 1947 3297 tres
1967 3266 2128 3297 tantum
2144 3265 2280 3307 gentes
2311 3258 2475 3296 Graecas
2499 3256 2596 3309 jure

1361 3322 1462 3372 dici,
1485 3322 1680 3363 Doricum
1693 3352 1704 3371 ,
1727 3319 1928 3367 Ionicum,
1953 3318 2181 3367 AEolicum,
2210 3326 2361 3358 ceteras
2392 3318 2595 3358 Barbaro-

1362 3400 1452 3424 rum
1470 3399 1567 3425 esse.
1601 3384 1750 3423 Nostra
1772 3394 1939 3436 quoque
1964 3394 2013 3420 ex
2034 3379 2203 3434 Ephoro
2224 3393 2389 3419 manere
2415 3379 2484 3418 vix
2515 3377 2594 3419 du-

1362 3447 1478 3487 bium
1494 3454 1575 3495 est,
1598 3444 1784 3499 quamvis
1810 3440 2047 3496 quindecim
2066 3449 2225 3481 tantum
2244 3440 2419 3495 populos
2447 3439 2595 3481 habea-

1364 3523 1471 3560 mus,
1487 3522 1619 3562 neque
1634 3506 1887 3560 singulorum
1902 3503 2153 3559 populorum
2168 3517 2360 3543 recensus
2371 3517 2446 3558 per
2457 3503 2595 3543 omnia

1364 3570 1473 3611 idem
1495 3570 1561 3610 sit.
1579 3570 1667 3609 Sec.
1685 3566 1928 3608 Strabonem
1951 3565 2012 3606 vel
2033 3566 2171 3620 potius
2193 3580 2274 3606 sec.
2295 3564 2594 3620 Apollodorum

1363 3647 1414 3672 ex
1442 3646 1524 3686 quo
1558 3645 1631 3670 sua
1653 3628 1798 3670 Strabo
1828 3627 1967 3678 habet,
1998 3627 2190 3682 Ephorus
2209 3627 2317 3667 inter
2335 3627 2458 3666 maris
2478 3640 2593 3666 acco-

1364 3694 1442 3744 las,
1466 3701 1612 3749 praeter
1627 3706 1695 3732 eos
1715 3704 1818 3745 quos
1837 3691 1986 3730 Noster
1999 3689 2138 3740 habet,
2156 3690 2355 3745 Bithynos
2369 3702 2534 3743 quoque
2553 3695 2592 3726 et

1362 3758 1490 3797 Troes
1513 3762 1716 3805 numerat,
1735 3754 1779 3794 in
1801 3752 2109 3794 mediterraneis
2131 3761 2269 3793 autem
2286 3752 2429 3805 Milyas
2451 3763 2590 3790 recen-

1363 3827 1438 3868 set,
1465 3817 1595 3857 missis
1613 3815 1925 3871 Cappadocibus
1957 3823 1998 3855 et
2034 3813 2174 3869 Lydis.
2203 3814 2219 3868 Η
2257 3837 2314 3844 -
2338 3813 2433 3864 934.
2468 3809 2594 3864 χωρία

1367 3880 1535 3935 βάρὸαρα
1555 3882 1655 3928 An.;
1676 3894 1698 3919 e
1727 3879 1927 3920 Strabone
1949 3893 2030 3920 em.
2055 3877 2258 3919 Meineke.
2292 3876 2307 3928 ll
2327 3898 2383 3905 —
2398 3872 2494 3926 935.
2525 3872 2594 3911 Λύ-

1363 3943 1440 3983 κιοί
1460 3957 1501 3982 τε
1517 3941 1581 3981 καὶ
1599 3941 1690 3996 πρὸς
1700 3941 1847 3988 τούτοις
1865 3941 2043 3995 Μάκαρες
2059 3939 2172 3988 cod.;
2194 3952 2274 3978 em.
2291 3934 2499 3984 Meineke,
2521 3932 2593 3974 ad-

1364 4005 1466 4046 dens
1478 4004 1724 4059 posseetiam
1733 4004 1810 4057 legi
1819 4003 1909 4058 πρὸς
1920 4000 2161 4043 τούτοισικαὶ
2178 4000 2307 4054 Κᾶρες.
2326 3995 2594 4051 11—940.A(›·
