2808 4342
52 183 164 244 (⁶²⁷·)

54 286 187 330 αὐτῶν
222 284 294 340 τὴν
319 281 485 343 γνώμην
509 279 653 341 ἔσχον,
690 280 729 323 ἐν
762 279 842 330 τοῖς
870 277 1124 338 Ῥωμαϊκοῖς
1151 279 1281 341 γράμ-

51 372 154 413 μασι
176 353 422 413 γέγραπται.
494 347 548 395 Ὃ
572 347 607 392 δ’
635 346 813 409 Ἄψαρος
842 347 887 392 τὸ
910 347 1061 409 χωρίον
1093 346 1281 408 λέγουσιν

50 422 113 467 ὅτι
145 418 343 483 Ἄψυρτος
366 419 552 463 ἐκαλεῖτο
584 416 720 461 πάλαι
752 416 865 460 ποτέ·
891 417 1065 461 ἐνταῦθα
1102 414 1181 477 γὰρ
1214 415 1283 460 τὸν

48 487 245 552 Ἄψυρτον
271 485 351 531 ὕπὸ
374 488 446 541 τῆς
485 483 676 541 Μηδείας
701 486 935 530 ἀποθανεῖν·
960 484 1031 530 καὶ
1055 483 1180 547 τάφος
1215 484 1282 530 ’A-

9 572 28 602 5
49 555 200 620 ψῷτου
235 553 453 600 δείκνυται·
491 553 632 598 ἔπειτα
657 553 930 614 διαφθαρῆναι
963 553 1008 597 τὸ
1041 551 1170 612 ὄνομα
1203 552 1282 598 ὑπὸ

42 628 128 671 *τῶν
157 623 372 686 περιοίκων
401 621 652 685 βαρὸάρων,
682 620 868 683 καθάπερ
905 621 976 666 καὶ
1007 620 1112 666 ἄλλα
1148 620 1283 666 πολλὰ

31 695 300 758 διέφθαρται·
330 691 451 738 ὁπότε
482 690 553 736 καὶ
580 689 631 735 τὰ
651 689 795 736 Τύανα
830 689 882 734 τὰ
906 692 947 735 ἐν
967 695 1050 741 τοῖς
1084 692 1281 735 Καππα-

48 763 186 814 δόκαις
209 763 354 810 Θόανα
386 758 599 822 λέγουσιν,
636 757 698 805 ὅτι
725 758 960 818 ὠνομάζετο
994 758 1062 803 ἐπὶ
1097 757 1280 818 Θόαντι,

48 836 105 895 τῷ
138 834 299 894 βασιλεῖ
331 834 411 876 τῶν
438 828 638 892 Ταύρων,
662 828 703 881 ὃς
723 827 812 879 τοὺς
847 828 954 892 ἀμφὶ
987 827 1188 889 Ὀρέστην
1213 827 1283 874 καὶ

50 901 248 957 Πυλάδην
265 898 421 944 διώκων
446 899 544 961 ἄχρι
562 899 685 953 τῆσδε
712 901 782 953 τῆς
801 897 939 960 χώρας
963 898 1089 943 ἐλθεῖν
1110 896 1283 961 φημίζε-

47 987 113 1013 ται
133 967 204 1014 καὶ
228 970 400 1015 ἐνταῦθα
419 967 526 1029 νόσῳ
548 969 781 1012 ἀποθανεῖν.

101 1039 144 1083 ’8.
183 1036 405 1096 Ποταμοὺς
435 1035 476 1081 δὲ
497 1034 822 1097 παρημείψαμεν
847 1036 886 1079 ἐν
906 1036 964 1097 τῷ
992 1034 1201 1098 παράπλῳ
1225 1039 1282 1099 τῷ

49 1104 128 1151 ἀπὸ
150 1108 458 1168 Τραπεζοῦντος
481 1104 549 1149 τόν
565 1123 608 1148 τε
626 1102 784 1150 ι’Υσσον
799 1139 811 1159 ,
832 1102 923 1148 ὅτου
949 1104 1159 1164 ἐπώνυμος
1177 1104 1282 1162 *Ὑσ-

48 1193 120 1220 σου
152 1174 299 1235 λιμὴν,
331 1173 372 1225 ὃς
403 1173 552 1238 ἀπέχει
584 1175 892 1235 Τραπεζοῦντος
914 1172 1102 1225 σταδίους
1130 1174 1280 1234 ὀγδοή-

47 1263 170 1289 κοντα
201 1246 270 1290 καὶ
297 1242 459 1290 ἑκατόν·
497 1243 567 1288 καὶ
602 1243 668 1287 τὸν
692 1239 843 1306 Ὄφιν,
868 1241 909 1294 ὃς
939 1243 1086 1304 ἀπέχει
1117 1241 1279 1289 ε’Υσσου

47 1314 207 1374 λιμένος
231 1316 269 1366 ἐς
304 1312 545 1368 ἐνενήκοντα
582 1312 770 1363 σταδίους
806 1311 1017 1371 μάλιστα,
1053 1311 1124 1356 καὶ
1157 1312 1279 1374 ὁρίζει

46 1384 120 1439 τὴν
160 1384 332 1445 Κόλχων
365 1382 509 1444 χώραν
540 1383 621 1426 ἀπὸ
658 1385 731 1437 τῆς
762 1385 999 1436 Θιαννικῆς·
1032 1380 1171 1425 ἔπειτα
1211 1381 1279 1426 τὸν

47 1452 227 1514 Ψυχρὸν
248 1452 500 1509 καλούμενον
526 1450 713 1510 ποταμὸν
731 1449 925 1512 ,διέχοντα
946 1450 1038 1494 ὅσον
1064 1449 1281 1512 τριάκοντα

46 1520 233 1572 σταδίους
262 1519 343 1564 ἀπὸ
366 1523 436 1564 τοῦ
458 1517 639 1580 ”Οφεως·
667 1519 807 1563 ἔπειτα
829 1519 895 1563 τὸν
918 1518 1059 1564 Καλὸν
1080 1519 1281 1578 ποταμόν·

48 1685 202 1718 tantur.
231 1678 251 1732 Ι]
272 1700 328 1709 -
347 1691 388 1718 2.
411 1676 651 1732 Ἄψαρος]
684 1677 861 1729 Procop.
890 1675 987 1714 Bell.
1012 1676 1140 1716 Goth.
1165 1677 1242 1725 IV,
1262 1666 1286 1715 a

45 1752 89 1793 p.
116 1738 212 1789 465,
231 1754 257 1792 9
277 1752 287 1779 :
304 1737 414 1780 Μετὰ
434 1737 475 1778 δὲ
494 1736 651 1789 Ἀθήνας
666 1736 844 1791 ’Άρχαὸίς
861 1752 902 1777 τε
918 1735 1081 1776 οἰκεῖται
1099 1737 1164 1776 καὶ
1187 1735 1289 1791 Ἀψα-

46 1802 153 1853 ροῧς,
178 1800 290 1847 πόλις
323 1799 491 1854 ἀρχαία,
516 1800 541 1850 ἢ
575 1801 643 1839 τοῦ
672 1797 840 1846 Ῥιζαίου
860 1799 981 1853 διέχει
1011 1798 1100 1838 ὁδὸν
1134 1797 1286 1853 ἡμερῶν

43 1865 157 1915 τριῶν
172 1862 354 1916 μάλιστα.
370 1861 470 1912 Αὕτη
490 1860 669 1916 Ἄψυρτος
683 1860 727 1901 τὸ
743 1860 908 1901 παλαιὸν
921 1860 1164 1916 ὠνομάζετο,
1186 1861 1289 1916 ὁμώ-

47 1937 163 1978 νυμος
178 1928 234 1980 τῷ
251 1922 441 1980 ἀνθρώπῳ
460 1922 523 1963 διὰ
545 1923 590 1963 τὸ
613 1924 731 1970 πάθος
745 1924 1002 1979 γεγενημένη·
1031 1922 1195 1964 ἐνταῦθα
1213 1924 1287 1978 γάρ

46 1999 158 2040 φασιν
182 1985 220 2025 οἱ
243 1984 443 2039 ἐπιχώριοι
466 1983 504 2032 ἐξ
534 1984 738 2036 ἐπιῦουλῆς
770 1985 941 2037 Μηδείας
968 2001 1010 2026 τε
1029 1985 1094 2025 καὶ
1121 1984 1291 2032 Ἰάσονος

47 2047 114 2088 τὀν
140 2047 322 2103 Ἄψυρτον
352 2047 389 2094 ἐξ
411 2046 622 2102 ἀνθρώπων
648 2045 921 2102 ἀφανισθῆναι,
950 2046 1015 2087 καὶ
1043 2048 1091 2086 δι’
1110 2046 1202 2087 αὐτὸ
1219 2045 1288 2097 τὴν

49 2108 268 2165 ἐπωνυμίαν
292 2109 336 2149 τὶ)
356 2110 501 2168 χωρίον
530 2110 683 2150 λαὸεῖν.
705 2108 766 2149 -Ὃ
799 2109 864 2164 μὲν
888 2108 963 2164 γὰρ
987 2109 1026 2150 ἐν
1051 2109 1183 2165 ἐκείνῳ
1200 2108 1288 2150 ἀπέ-

49 2170 210 2222 θνησκε,
235 2170 280 2210 τὸ
301 2169 341 2224 δὲ
376 2169 439 2210 ἀπ’
473 2169 590 2210 αὐτοῦ
612 2171 853 2224 ὠνομάζετο.
894 2169 1010 2210 Ἀλλὰ
1044 2170 1162 2216 πολὺς
1189 2170 1288 2224 ἄγαν

49 2231 146 2287 μετὰ
166 2235 286 2273 ταῦτα
306 2232 524 2287 ἐπιρρεύσας
543 2232 563 2271 ὃ
581 2233 723 2286 χρόνος
740 2232 805 2272 καὶ
829 2231 1040 2286 ἀνθρώπων
1067 2230 1291 2286 ἀναρίθμοις

47 2294 250 2348 διαδοχαῖς
272 2294 487 2349 ἐνακμάσας
508 2293 619 2340 αὐτὸς
641 2294 854 2348 διαφθεῖραι
878 2292 944 2348 μὲν
975 2290 1044 2343 τὴν
1068 2298 1143 2333 τῶν
1168 2308 1290 2348 πραγ-

51 2356 182 2411 μάτων
207 2354 391 2406 ἐπιὸολὴν
413 2354 568 2409 ἴσχυσεν
591 2354 629 2402 ἐξ
648 2352 703 2395 ὧν
729 2355 772 2395 τὸ
792 2355 917 2409 ὄνομα
938 2354 1128 2409 ξύγκειται
1147 2356 1262 2395 τοῦτο
1277 2385 1288 2404 ,

50 2418 86 2466 ἐς
102 2418 142 2459 δὲ
157 2417 223 2458 τὸν
242 2420 307 2458 νῦν
320 2419 551 2472 φαινόμενον
571 2418 713 2472 τρόπον
740 2417 1039 2473 μεταρρυθμίσαι
1057 2415 1126 2467 τὴν
1146 2432 1291 2471 προση-

50 2480 184 2535 γορίαν
205 2484 261 2535 τῷ
282 2480 402 2535 τόπῳ.
429 2479 575 2519 Τούτου
599 2479 638 2519 δὲ
655 2482 722 2519 τοῦ
752 2479 927 2535 Ἀψύρτου
949 2479 1013 2519 καὶ
1031 2479 1144 2533 τάφος
1170 2479 1211 2519 ἐκ
1226 2481 1293 2530 τῆς

50 2543 198 2590 πόλεως
214 2542 263 2583 τὰ
289 2542 380 2596 πρὸς
411 2541 624 2595 ἀνίσχοντα
653 2542 764 2593 ἥλιόν
787 2541 903 2582 ἐστιν.
925 2540 1025 2593 Αὕτη
1049 2540 1159 2588 πόλις
1179 2536 1226 2592 ἦν
1246 2540 1291 2581 τὶ)

51 2604 215 2647 παλαιὸν
246 2603 567 2659 πολυάνθρωπος,
594 2604 661 2644 καὶ
679 2605 810 2659 τεῖχος
831 2603 896 2659 μὲν
928 2601 1043 2653 αὐτὴν
1074 2602 1288 2657 περιέὸαλε,

30 2672 33 2675 ’
52 2668 151 2722 μέγα
166 2682 202 2707 τι
226 2669 382 2721 χρῆμα,
405 2668 550 2722 θεάτρῳ
584 2666 626 2706 δὲ
657 2666 722 2706 καὶ
749 2666 975 2720 ἱπποδρόμῳ
1006 2664 1291 2712 ἐκαλλωπίζετο

51 2730 115 2770 καὶ
132 2731 213 2776 τοῖς
231 2729 366 2776 ἄλλοις
387 2729 541 2779 ἅπασιν,
565 2727 698 2783 οἷσπερ
729 2729 877 2775 πόλεως
898 2728 1056 2782 μέγεθος
1078 2727 1292 2768 δείκνυσθαι

52 2790 183 2832 εἴωθε·
210 2794 275 2831 νῦν
296 2790 336 2831 δὲ
363 2788 408 2841 δὴ
427 2790 549 2830 αὒτῶν
574 2790 675 2829 ἄλλο
703 2790 809 2830 οὐδὲν
832 2790 1129 2839 ἀπολέλειπται,
1157 2790 1216 2829 ὅτι
1237 2787 1286 2844 μὴ

0 2887 5 2891 .
51 2857 118 2906 τῆς
138 2855 372 2904 κατασκευῆς
401 2852 448 2893 τὰ
474 2852 610 2906 ἐδάφη.
634 2853 827 2907 Stephan.
851 2855 947 2906 Byz.
974 2866 1014 2892 v.
1046 2850 1252 2906 Ἀψυρτίδες
1276 2865 1285 2891 2

53 2916 166 2957 ’Έστι
180 2915 245 2956 καὶ
255 2917 369 2962 τόπος
384 2915 421 2956 ἐν
439 2920 492 2970 τῷ
507 2915 672 2970 Εὐξείνῳ
688 2916 816 2970 πόντῳ
834 2913 1195 2970 ’Άψαρος,”Ά·-]ιυρτος
1203 2915 1291 2968 πρό-

51 2993 159 3034 τερον
175 2978 402 3033 λεγόμενος.
423 2979 625 3017 Memorat
646 2980 853 3032 Apsarum
873 2978 972 3017 ssuv.
990 2976 1132 3030 Scylax
1155 2991 1197 3030 p.
1217 2981 1285 3025 26,

52 3041 229 3095 Appian.
248 3037 438 3079 Mithrid.
459 3053 495 3078 c.
526 3051 618 3086 101,
638 3038 795 3078 Plinius
810 3040 885 3087 VI,
906 3041 929 3086 4
957 3039 1131 3092 :flumen
1151 3038 1288 3078 Absa-

53 3116 140 3142 rum
160 3116 249 3142 cum
269 3100 436 3141 castello
457 3101 688 3152 cognomine
709 3100 749 3141 in
795 3100 968 3141 (lucibus
986 3115 1012 3141 a
1038 3104 1290 3157 Trapezunte

58 3167 135 3212 140
172 3163 275 3203 mill.
308 3178 511 3219 passuum
548 3164 564 3216 (
598 3184 648 3201 =
685 3177 791 3206 1120
839 3163 942 3204 stad.
951 3179 961 3213 ;
998 3178 1089 3204 sec.·
1119 3164 1284 3204 Arrian.

59 3238 164 3266 1000
189 3224 294 3264 stad.
324 3227 356 3277 ).
392 3226 497 3278 Ejus
522 3224 600 3265 loci
624 3240 651 3265 a
674 3235 782 3277 tergo
816 3225 1014 3266 montium
1048 3225 1187 3266 Iberia
1210 3236 1284 3266 est.

55 3285 170 3325 Idem
201 3301 237 3325 c.
260 3301 284 3337 9
306 3298 352 3325 :..
371 3286 600 3339 Paryadrz‘s
618 3288 839 3337 montibus,
861 3287 1132 3343 quifundunt
1150 3288 1287 3328 Absa-

56 3362 160 3389 rum.
197 3347 439 3389 Ptolemaeus
474 3362 517 3402 p.
551 3349 647 3398 335,
674 3353 722 3397 14
751 3363 761 3390 :
795 3350 972 3405 ’Άψορρος
1010 3352 1026 3403 (
1059 3351 1116 3391 sic
1134 3353 1149 3403 )
1179 3351 1289 3398 πόλις

57 3412 71 3464 (
89 3413 179 3459 44⁰,
202 3409 298 3463 30¹)
322 3418 362 3449 et
382 3408 557 3464 Ἀψόρρου
576 3414 751 3464 ποταμοῦ
783 3411 940 3451 ἐκὸολαί
956 3413 1058 3465 (44⁰
1073 3411 1141 3461 40'
1159 3414 1175 3465 )
1193 3415 1208 3465 (
1227 3416 1288 3453 De

35 3473 119 3518 ,his
137 3471 190 3512 cf.
213 3479 300 3510 not.
320 3470 371 3510 ad
392 3474 413 3523 5
434 3487 457 3524 9
480 3474 512 3525 )
540 3471 775 3511 Chronicon
801 3474 945 3514 Pasch.
974 3488 1017 3528 p.
1047 3478 1095 3514 61
1118 3477 1252 3515 Bonn.
1276 3489 1284 3515 ε

56 3534 93 3574 οἱ
116 3532 155 3573 δὲ
178 3532 411 3586 καλούμενοι
437 3531 626 3585 Σάλλοι(
642 3533 669 3572 l.
690 3533 833 3573 Σάνναι
853 3533 866 3589 )
893 3534 930 3574 οῖ
957 3535 1022 3575 καὶ
1046 3535 1206 3576 Σανῖται
1225 3552 1287 3577 κε-

55 3595 257 3650 κλημένοι,
283 3593 320 3633 οἱ
359 3594 428 3640 ἕως
459 3597 529 3634 τοῦ
547 3594 699 3634 Πόντου
731 3594 985 3646 ἐκτείνοντες,
1010 3597 1105 3637 ὅπου
1143 3596 1285 3649 ἐστὶνῆ

55 3654 279 3712 παρεμῧολὴ
300 3655 456 3710 Ἄψαρος
475 3655 540 3696 καὶ
567 3656 850 3704 Σεὸαστόπολις
870 3657 935 3698 καὶ
953 3658 974 3698 ὁ
999 3658 1128 3698 ’Ίσσου
1157 3658 1171 3713 (
1192 3659 1287 3699 Οἵσ-

56 3735 123 3760 σου
142 3734 228 3760 var.
253 3719 364 3767 lect.;
395 3718 472 3771 leg.
495 3718 518 3758 ὁ
539 3717 717 3772 Ἵ”σσου)
737 3718 856 3774 λιμὴν
874 3720 938 3760 καὶ
953 3720 1074 3768 Φᾶσις
1090 3723 1282 3776 ποταμός·

57 3783 127 3828 ἕως
144 3784 212 3822 τοῦ
228 3781 513 3835 Τραπεζοῦντος
536 3779 693 3820 ἐκτείνει
711 3780 759 3821 τὰ
792 3781 881 3833 ἔθνη
905 3785 1040 3823 ταῦτα.
1063 3783 1166 3824 Tab.
1184 3786 1288 3825 Peu-

56 3844 158 3897 ting.
183 3851 224 3883 et
242 3844 393 3895 Geogr.
410 3843 594 3882 Ravenn.
614 3854 623 3882 :
643 3841 850 3897 Aps-aron.
870 3843 1020 3884 Vibius
1043 3845 1135 3898 seq.
1160 3859 1202 3899 p.
1226 3850 1250 3885 6
1273 3859 1283 3887 :

56 3905 280 3958 Absyrtus,
306 3901 470 3956 fluvius
495 3902 742 3944 Colchorum.
781 3905 797 3957 ll
824 3929 880 3935 —
904 3908 944 3946 8.
969 3906 1028 3946 ὅτι
1050 3906 1168 3954 οὕτως
1185 3907 1284 3947 ὠνο-

59 3968 200 4022 μάζετο
215 3964 372 4006 Gailius
387 3973 534 4018 praeter
548 3964 671 4006 fidem
689 3965 862 4016 codicis3
879 3982 1011 4021 neque
1026 3971 1215 4023 Anonym
1222 3984 1282 4019 us,

57 4030 128 4084 qui
147 4029 234 4070 haec
255 4027 523 4082 transcripsit,
544 4042 686 4069 vocem
706 4027 824 4078 οὕτως
842 4029 979 4071 habet.
1002 4031 1157 4072 Locum
1175 4030 1287 4073 hunc

943 176 1237 224 PERIPLUS
1271 179 1454 227 PONTI
1489 183 1716 231 EUXlNl.
1744 231 1746 233 ,

2492 212 2578 249 373

1639 296 1846 349 Apsarum
1886 304 2023 337 autem
2062 299 2268 341 castellum
2310 302 2446 346 serunt
2485 308 2580 349 olim

1351 372 1575 426 Apsyrtum
1607 373 1877 428 appellatum3
1914 375 1970 416 ibi
1995 376 2106 417 enim
2136 379 2358 433 Apsyrtum
2383 399 2406 423 a
2438 386 2583 428 Medea

1349 298 1468 344 ptum
1505 301 1579 333 est.

1351 452 1555 503 occisum;
1591 461 1630 496 et
1663 455 1828 509 Apsyrti
1861 456 2094 511 sepulcrum
2116 468 2390 512 monstratum
2432 480 2580 508 nomen

1351 532 1451 573 illud
1483 542 1622 588 postea
1642 549 1665 575 a
1693 534 1877 576 barbaris
1909 537 2055 578 accolis
2093 539 2281 581 vitiatum
2315 557 2400 593 esse
2415 575 2425 593 ‚
2461 547 2577 588 sicuti

1350 614 1473 653 etiam
1488 614 1563 655 alia
1576 616 1781 670 permulta
1800 617 1939 659 vitiata
1957 628 2065 670 sunt,
2087 622 2424 678 quandoquidem
2439 628 2579 682 Tyana

1350 710 1518 750 quoque
1551 698 1594 737 in
1624 699 1882 754 Cappadocia
1914 701 2083 743 Thoana
2107 703 2250 745 dicunt
2283 706 2334 746 de
2366 708 2580 759 Thoante,

1352 785 1589 826 Taurorum
1611 800 1706 840 rege
1721 818 1732 837 ,
1769 788 1838 842 qui
1867 790 2054 831 Orestem
2078 799 2199 846 atque
2221 794 2413 848 Pyladem
2443 810 2580 852 perse-

1351 884 1480 924 quens
1499 871 1551 913 ad
1570 872 1683 913 illum
1703 871 1834 929 usque
1853 874 1990 917 locum
2012 879 2245 932 pervenisse
2269 880 2408 936 ibique
2432 883 2580 925 morbo

1351 956 1550 997 interiisse
1577 957 1721 999 fertur.

1412 1044 1453 1083 8.
1497 1042 1663 1084 Fluvios
1708 1046 1980 1099 praeteriimus
2016 1048 2057 1087 in
2109 1051 2514 1104 praeternavigatione
2562 1067 2585 1093 a

1353 1112 1611 1166 Trapezunte
1630 1111 1753 1152 hosce
1781 1125 1790 1153 :
1816 1114 2018 1168 Hyssum,
2050 1115 2162 1156 unde
2191 1119 2445 1170 cognominis
2464 1121 2584 1174 Hyssi

1354 1187 1518 1235 portuS,
1540 1180 1610 1238 qui
1630 1194 1654 1220 a
1668 1181 1926 1235 Trapezunte
1947 1181 2076 1222 stadia
2096 1182 2220 1225 distat
2237 1193 2402 1226 centum
2418 1194 2458 1226 et
2472 1195 2585 1227 octo-

1355 1250 1487 1301 ginta3
1509 1255 1550 1287 et
1568 1248 1722 1303 Ophim
1738 1280 1748 1298 ‚
1771 1250 1841 1303 qui
1864 1250 1915 1289 ab
1940 1251 2072 1304 Hysso
2091 1260 2214 1305 portu
2234 1253 2346 1293 abest
2365 1255 2584 1307 nonaginta

1354 1317 1518 1357 circiter
1543 1315 1696 1366 stadia,
1721 1316 2054 1371 Colchorumque
2082 1319 2289 1371 regionem
2310 1334 2333 1360 a
2357 1321 2584 1361 Thiannica

1355 1393 1540 1439 separat;
1575 1383 1725 1424 deinde
1755 1384 1981 1439 Psychrum
2021 1384 2299 1442 (Frigidum)
2333 1387 2505 1427 fluvium
2533 1388 2585 1428 ab

1355 1451 1465 1505 Ophi
1488 1451 1707 1491 distantem
1739 1452 1904 1503 triginta
1922 1452 2085 1492 circiter
2100 1452 2253 1501 stadia;
2278 1463 2418 1508 postea
2439 1455 2582 1495 Calum

1360 1518 1373 1572 (
1390 1514 1610 1558 Pide-hrum
1626 1520 1642 1570 )
1661 1518 1835 1558 fluvium
1851 1549 1862 1567 ,
1888 1519 1959 1573 qui
1982 1520 2148 1572 triginta
2177 1521 2274 1560 item
2297 1521 2436 1562 stadiis
2455 1537 2477 1563 a
2491 1524 2588 1577 Psy-

1358 1677 1455 1716 citat
1478 1677 1704 1730 Stephanus
1723 1678 1820 1730 Byz.
1857 1689 1866 1716 :
1900 1676 2028 1717 Τύανα
2043 1708 2052 1726 ,
2085 1677 2195 1724 πόλις
2217 1679 2309 1732 μέση
2337 1679 2506 1728 Κιλικίας
2524 1683 2588 1723 καὶ

1354 1737 1672 1786 Καππαδοκίας...
1708 1737 1912 1779 Ἐκαλεῖτο
1932 1738 1972 1779 δὲ
2006 1739 2136 1780 Θόανα
2158 1740 2222 1780 καὶ
2242 1741 2339 1781 κατὰ
2362 1758 2587 1798 παραγραμ-

1357 1799 1546 1854 ματισμον
1559 1800 1710 1849 -Τύανα,
1728 1800 1778 1846 ὡς
1814 1798 2016 1854 Ἄρριανός.
2034 1803 2095 1840 De
2107 1803 2250 1841 Oreste
2264 1816 2358 1841 cum
2374 1804 2584 1857 Iphigenia

1356 1877 1430 1917 per
1462 1861 1749 1916 Cappadocian
1783 1860 1966 1914 fugiente
1986 1862 2040 1902 cf.
2066 1863 2224 1917 Diyllus
2256 1877 2322 1918 ap.
2347 1866 2488 1919 Etym.
2525 1870 2584 1909 M.

1356 1939 1399 1979 p.
1427 1923 1522 1973 526,
1542 1925 1595 1965 30
1615 1925 1631 1976 (
1651 1926 1814 1976 Fragm.
1836 1924 1944 1965 Hist.
1962 1926 2018 1974 H,
2039 1939 2080 1979 p.
2101 1925 2197 1975 361,
2219 1925 2239 1965 5
2259 1924 2291 1980 ),
2316 1926 2388 1966 ubi
2407 1928 2588 1971 Comana

1357 1989 1373 2040 (
1390 2001 1480 2041 quae
1504 1987 1600 2027 urbs
1616 1986 1838 2041 non'longe
1856 2001 1878 2026 a
1892 1987 2076 2042 Thyanis
2091 1986 2212 2028 distat
2231 1989 2410 2041 >nomen
2430 2004 2453 2031 a
2471 2006 2587 2033 coma

1357 2050 1511 2090 Orestis
1536 2049 1687 2090 habere
1708 2048 1901 2090 traditur.

1413 2114 1435 2162 S
1455 2116 1496 2161 8,
1516 2111 1544 2151 l.
1576 2111 1641 2151 15.
1662 2110 1745 2165 ’Ὀφ
1761 2126 1800 2166 ιν
1822 2112 1838 2164 ]
1863 2110 2068 2164 Ὀφιοῦντα
2087 2114 2244 2162 Anon.;
2273 2113 2451 2168 Opiunte
2479 2118 2582 2158 Tab.

1357 2173 1493 2221 Peut.;
1523 2171 1713 2224 Offhunte
1742 2173 1873 2224 Geog.
1907 2174 2005 2210 Rav.
2031 2172 2280 2213 Etiamnunc
2305 2174 2419 2214 locus
2448 2177 2514 2230 Os
2534 2179 2586 2218 ad

1358 2233 1529 2272 fluvium
1553 2231 1810 2272 Salanlu-Sa.
1832 2231 1957 2286 Apud
1973 2232 2079 2272 Ptol.
2101 2232 2275 2274 dimidio
2290 2235 2418 2288 gradu
2444 2251 2466 2276 a
2487 2239 2587 2279 Tra-

1357 2301 1530 2348 pezunte
1560 2291 1713 2332 distans
1751 2301 2004 2333 memoratur
2031 2293 2144 2333 locus
2184 2293 2360 2345 Ὀπιοῦς;
2389 2297 2446 2336 sic
2477 2308 2586 2340 certe

1358 2370 1382 2395 v
1430 2370 1478 2396 t10
1514 2356 1682 2407 legitur;
1724 2354 1884 2394 codices
1921 2355 2142 2408 Wilberg'ri
2180 2356 2362 2409 praebent
2391 2363 2582 2410 πιτιοῦσα,

1357 2420 1556 2467 πιτυοῦσα,
1579 2419 1762 2466 πτιοῦσα;
1791 2417 1904 2456 unde
1927 2417 2086 2464 Πιτυοῦς
2104 2417 2249 2458 collato
2279 2419 2476 2461 Strabone
2505 2423 2582 2473 XI,

1357 2495 1399 2535 p.
1419 2483 1498 2533 496
1519 2479 1533 2535 (
1554 2479 1623 2519 ubi
1643 2478 1694 2519 de
1716 2480 1908 2534 Pityunte
1927 2494 2017 2533 quae
2034 2494 2157 2534 supra
2175 2481 2485 2524 Dioscuriadem
2506 2494 2580 2533 est,

1357 2540 1515 2595 agitur)
1540 2541 1700 2594 scripsit
1715 2554 1896 2595 nuperus
1918 2540 2066 2589 editor,
2082 2540 2194 2581 haud
2208 2550 2316 2582 recte
2331 2574 2341 2591 ‚
2359 2557 2487 2597 quum
2499 2559 2584 2587 non

1358 2603 1459 2643 alius
1487 2603 1563 2642 nisi
1590 2602 1745 2656 Ophias
1773 2602 1886 2642 locus
1916 2601 2088 2642 indicari
2106 2603 2246 2658 possit.
2270 2604 2472 2659 Distantia
2489 2621 2585 2648 sane

1357 2666 1528 2720 ponitur
1556 2665 1703 2714 nimia,
1725 2663 1796 2705 sed
1815 2665 1942 2719 magis
1967 2665 2089 2705 etiam
2111 2665 2224 2705 auxit
2239 2679 2329 2706 cam
2351 2666 2455 2707 Tab.
2480 2669 2585 2709 Peu-

1358 2729 1479 2781 ting.,
1506 2728 1547 2767 in
1566 2741 1646 2781 qua
1679 2726 1730 2767 ab
1760 2728 1878 2782 Hyssi
1908 2735 2031 2781 portu
2065 2729 2113 2768 18
2141 2727 2258 2777 mill.,
2278 2742 2301 2768 a
2328 2729 2586 2783 Trapezunte

1360 2793 1412 2838 42
1440 2790 1538 2830 mill.
1557 2797 1864 2844 computantur.
1891 2789 1908 2843 ῃ
1930 2813 1987 2820 -
2013 2802 2077 2842 17.
2100 2789 2394 2844 Θιαννικῆς]
2419 2790 2586 2833 Θιανιτι-

1358 2856 1425 2903 κῆς
1452 2855 1707 2907 Anonymus.
1737 2855 1879 2904 Quum
1906 2850 1957 2892 de
1991 2850 2191 2905 ejusmodi
2228 2852 2405 2893 nominis
2420 2855 2585 2908 regione

1357 2914 1460 2953 nihil
1495 2922 1642 2954 notum
1674 2914 1740 2963 sit,
1772 2913 2007 2954 Holstenius
2036 2913 2114 2967 leg.
2144 2915 2359 2968 proposuit
2384 2915 2580 2967 Σαννικῆς.

1358 2979 1550 3018 Attamen
1565 2975 1672 3016 infra
1687 2978 1708 3028 ὃ
1736 2975 1783 3015 15
1798 2976 1997 3017 Arrianus
2014 2975 2117 3016 dicit
2129 2977 2408 3031 Trapezuntiis
2424 2987 2583 3018 conter-

1357 3040 1492 3079 minos
1513 3053 1598 3078 esse
1621 3038 1819 3088 Colchos3
1841 3037 1990 3078 deinde
2012 3038 2187 3091 singulas
2206 3046 2343 3091 gentes
2371 3052 2582 3079 recensens

1356 3101 1512 3155 primos
1527 3102 1713 3141 nominat
1735 3102 1890 3140 Sannos
1916 3099 1930 3154 (
1953 3114 2056 3153 quos
2075 3101 2320 3141 recentiores
2341 3101 2461 3140 etiam
2480 3102 2582 3142 Tza-

1358 3177 1433 3202 nos
1456 3162 1648 3202 dixerunt
1666 3161 1697 3217 ),
1728 3170 1773 3201 ut
1793 3162 1868 3201 hos
1891 3161 1999 3215 ipsos
2023 3161 2222 3202 Colchicis
2238 3161 2424 3214 gentibus
2439 3177 2581 3203 accen-

1357 3225 1485 3265 suisse
1503 3225 1637 3279 putari
1665 3223 1829 3271 debeat,
1863 3221 2036 3276 ideoque
2055 3223 2205 3262 mirum
2237 3222 2356 3273 soret,
2378 3224 2410 3263 si
2441 3233 2581 3265 nostro

1356 3286 1447 3325 loco
1469 3287 1625 3326 Sannos
1657 3293 1696 3323 et
1719 3283 1891 3324 Colchos
1916 3283 2198 3336 distingueret.
2233 3285 2385 3324 Contra
2413 3299 2509 3325 vero
2539 3288 2579 3326 in

1357 3350 1541 3402 ipsorum
1555 3346 1921 3401 Trapezuntiorum
1935 3345 2090 3387 ditione
2101 3347 2258 3387 Sannos
2270 3345 2470 3388 habitasse
2485 3348 2582 3389 inde

1357 3411 1509 3463 colligis
1535 3408 1647 3463 quod
1683 3408 1828 3449 Strabo
1860 3409 1916 3448 ait
1937 3409 2093 3449 Sannos
2121 3422 2206 3448 non
2239 3407 2422 3449 diversos
2452 3424 2537 3450 esse
2558 3426 2582 3452 a

1355 3471 1674 3525 Macrocephalis
1706 3471 1788 3510 sive
1809 3470 2088 3520 Mam-onibus,
2114 3484 2218 3524 quos
2242 3471 2285 3511 in
2307 3472 2581 3526 Trapezuntio

1356 3543 1490 3574 tractu
1512 3534 1678 3574 collocat
1695 3532 1851 3586 Scylax.
1873 3533 2106 3586 Utrumque
2125 3533 2181 3573 ita
2199 3533 2416 3574 conciliare
2432 3534 2582 3576 licetut

1357 3597 1578 3638 Arrianum
1603 3595 1731 3647 gentis
1759 3602 1916 3648 partem
1939 3593 1982 3633 in
2000 3594 2273 3649 Trapezuntia
2285 3595 2452 3649 regione
2467 3596 2581 3637 habi-

1355 3667 1508 3699 tantem
1545 3657 1559 3712 (
1579 3655 1908 3709 Macrocephalos
1934 3656 2107 3711 Scylacis
2125 3658 2143 3710 )
2164 3656 2375 3698 Thiannos
2408 3660 2424 3708 (
2443 3667 2488 3698 ut
2516 3673 2579 3698 re-

1356 3722 1555 3761 centiores
1574 3719 1738 3765 Τζάνους
1754 3727 1793 3758 et
1808 3716 1996 3769 Τζανικὴν
2019 3720 2151 3774 χώραν
2182 3719 2327 3760 dicunt
2342 3720 2374 3774 )‚
2410 3720 2576 3759 alteram

1356 3784 1399 3822 in
1426 3781 1614 3822 Colchica
1641 3781 1797 3820 Sannos
1828 3795 1989 3821 vocasse
2009 3790 2217 3836 putemus.
2245 3782 2260 3833 ΙΙ
2292 3805 2349 3812 —-
2380 3784 2444 3822 18.
2476 3781 2576 3820 Ψυ-

1355 3860 1383 3899 χ
1397 3860 1415 3899 ρ
1427 3843 1447 3883 ὸ
1461 3844 1497 3898 ν]
1515 3842 1614 3882 hod.
1633 3842 1909 3891 Haletem-Su,
1932 3842 1984 3883 ad
2003 3858 2126 3896 quem
2139 3844 2181 3883 fl.
2202 3857 2313 3883 nunc
2327 3842 2574 3894 Egriliman.

1360 3910 1374 3960 Η
1400 3929 1454 3935 -
1482 3918 1546 3957 19.
1572 3904 1728 3943 Καλὸν
1759 3920 1864 3945 ποτ.
1888 3906 1902 3959 ]
1926 3904 2053 3945 Καλὸν
2079 3903 2253 3958 ποταμὸν
2275 3902 2341 3943 τὸν
2365 3906 2430 3943 νῦν
2464 3903 2578 3957 λεγό-

1357 3981 1469 4023 μενον
1509 3964 1638 4016 Καλὴν
1673 3966 1938 4021 παρεμῧολήν,
1977 3969 2220 4020 Anonymus
2233 3981 2244 4014 3
2279 3963 2390 4005 unde
2425 3965 2576 4019 colligis

1354 4028 1560 4072 castellum
1580 4027 1631 4069 ad
1651 4043 1744 4069 eum
1764 4029 1885 4069 situm
1910 4028 2046 4069 fuisse.
2075 4028 2322 4068 Etiamnunc
2354 4026 2576 4083 Kalopota·
