2782 4348
126 221 215 263 100
547 205 594 248 Ο

269 314 371 361 Αὕτη
386 314 491 358 πόλις
502 312 579 352 ἔσθ’
595 314 758 356 Ἑλληνὶς
778 312 803 355 ἡ
814 309 934 359 ῥόδοις
950 308 1036 353 ῐσην

219 370 374 408 εὐωδίαν
392 370 534 418 ἔχουσα
547 368 638 418 κᾶμ’
651 367 795 410 ἀηδίαν.

218 426 276 464 Τὰ
290 426 361 474 γὰρ
385 425 505 462 άλίεια
524 424 570 461 τα
594 421 721 470 μεγάλ’
738 421 788 462 εἷς
806 418 945 467 σχολὴν
969 416 1066 465 ἄγει,

217 482 260 519 τὸ
275 480 307 519 δ’
329 480 482 518 άλιακὸν
505 479 583 520 ἔτος
602 489 647 524 με
662 474 854 523 μαίνεσθαι
874 476 987 511 ποιεῖ.

217 535 338 573 Ὀταν
355 534 393 572 δὲ
411 534 476 577 τήν
496 531 626 574 λεύκην
644 542 697 572 τις
715 528 838 565 αὐτῶν
855 528 1000 576 πραέως

218 591 371 627 άλιακὸν
390 587 482 625 εἶναι
498 586 676 633 στέφανον
694 582 795 630 tin-u,
817 582 995 631 πνίγομαι

217 646 335 686 οὕτως
358 641 417 679 ἐπ’
432 640 571 684 αὐτοῖς,
590 639 690 676 ὥστε
714 638 850 686 μᾶλλον
868 638 915 676 ἂν
925 637 1039 676 θέλειν

217 699 491 745 ἀποκαρτερεῖν,
507 696 531 740 ἢ
550 693 654 732 ταῦτ’
676 692 824 731 ἀκούων
846 693 1051 743 καρτερεῖν.

215 755 369 790 Τοιοῦτο
381 754 455 787 τῶν
471 749 580 793 ξένων
599 761 633 786 τι
652 751 872 800 καταχεῖται
891 748 1038 792 σκότος.

179 852 214 880 s.
240 835 455 881 Ἐντεῦθεν
477 834 533 885 εἷς
552 832 749 894 Ὠρωπὸν
774 833 827 877 δι’
847 831 1044 894 Ἀφιδνῶν
1066 830 1139 876 καὶ
1158 834 1231 876 τοῦ
1254 829 1358 888 Ἀμ-

122 903 299 964 φιαράου
339 901 436 954 Διὸς
474 904 582 964 ἱεροῦ
614 901 705 946 ὁδὸν
746 900 945 963 ἐλευθέρῳ
983 899 1189 962 βαδίζοντι
1213 896 1358 961 σχεδὸν

117 973 274 1034 ἡμέρας
310 970 526 1034 προσάντη
552 970 570 1031 [
590 969 727 1015 πάντα
747 966 780 1033 ]·
803 969 894 1014 ἀλλ’
929 960 972 1024 ἡ.
991 971 1073 1014 τῶν
1093 968 1359 1014 καταλύσεων

117 1040 400 1096 πολυπλήθεια
440 1039 494 1086 τὰ
535 1038 637 1101 πρὸς
674 1039 742 1084 τὸν
783 1037 870 1099 βίον
911 1036 1066 1101 ἔχουσα
1107 1036 1263 1098 ἄφθονα
1290 1036 1360 1082 καὶ

117 1112 367 1162 ἀναπαύσεις
388 1109 537 1155 κωλύει
558 1108 684 1154 κόπον
704 1107 936 1168 ἐγγίνεσθαι
958 1114 1040 1159 τοῖς
1058 1107 1356 1169 ὁδοιποροῦσιν.

120 1183 168 1239 (7)
194 1180 246 1227 ‘tl
270 1178 313 1225 δὲ
335 1179 452 1230 πόλις
472 1182 553 1223 τῶν
577 1178 804 1240 Ὠρωπίων
832 1178 945 1239 [συν]
969 1177 1078 1223 οικία
1106 1179 1238 1230 θητῶν
1257 1176 1358 1233 ἐστὶ,

116 1314 358 1356 cedentibus
372 1327 543 1369 prorsus
564 1310 815 1367 separandos
844 1325 932 1352 esse
957 1319 1005 1352 ut
1021 1310 1073 1351 ab
1095 1319 1264 1352 auctore
1284 1310 1362 1351 alia

116 1379 333 1420 occasione
361 1376 563 1426 laudatos,
588 1384 660 1416 aut
674 1375 805 1416 aliena
832 1388 958 1416 manu
978 1374 1058 1416 hoc
1076 1373 1105 1415 l.
1125 1382 1359 1424 annotatOS,

117 1448 286 1482 censent
304 1440 563 1495 interpretes.
588 1439 782 1479 Ceterum
798 1452 942 1479 omnoe
971 1435 1194 1478 duodecim
1222 1452 1363 1478 versus

117 1516 205 1544 esse
233 1509 405 1558 possunt
429 1500 694 1543 Atheniensis
717 1499 914 1549 hominis,
939 1499 1012 1554 qui
1043 1498 1180 1540 Rhodi
1210 1498 1362 1553 degens

117 1566 291 1620 patriam
314 1578 409 1605 cum
425 1561 687 1605 Rhodiorum
705 1561 808 1603 urbe
830 1569 1058 1617 comparat,
1082 1561 1191 1602 illam
1214 1562 1255 1602 in
1280 1576 1360 1603 coe·

117 1627 204 1669 lum
232 1626 424 1676 efferens,
451 1625 560 1667 hanc
592 1623 733 1665 dicens
747 1622 946 1679 jucundis
984 1623 1194 1665 nonnullis
1234 1625 1363 1665 mixta

116 1680 269 1731 habere
289 1702 381 1744 quae
399 1687 695 1731 Atheniensem
716 1687 930 1728 hominem
950 1685 1003 1727 ad
1035 1686 1236 1727 insaniam
1274 1686 1363 1727 adi-

117 1758 229 1805 gant.
251 1748 378 1805 11—52
402 1748 512 1790 Ῥόδ
526 1750 565 1805 .]
587 1748 611 1800 ἢ
631 1748 713 1804 ῥοδ.
728 1747 823 1789 cod.
843 1749 860 1802 Η
879 1772 937 1779 -
952 1746 1087 1803 ἴσην]
1105 1748 1361 1803 Stephanu53

117 1814 252 1865 δίσσην
272 1812 426 1863 codex;
440 1811 563 1868 ῥόδων
579 1812 688 1863 δίκην
705 1809 885 1851 Naekius.
910 1811 989 1864 11-
1011 1811 1131 1866 χᾶμῖ
1159 1810 1246 1863 άηδ
1262 1812 1361 1867 ίαν]

119 1876 405 1925 Hermum„
447 1875 512 1915 καὶ
547 1873 767 1930 ἀμαληδίαν
798 1871 943 1913 codex.
975 1873 992 1927 ΙΙ
1035 1897 1091 1904 -
1123 1872 1288 1914 ἆλίεια
1310 1874 1363 1915 τὰ

120 1937 303 1995 μεγάλ’
327 1938 342 1993 ]
373 1936 568 1988 Naekius5
609 1935 758 1977 άλιειτα
786 1936 910 1988 (sine
939 1938 1148 1989 accentu)
1188 1936 1363 1991 μεγάλην

117 2000 265 2043 codex.
291 2002 355 2042 De
378 2000 482 2042 Solis
499 1999 611 2056 apud
644 1997 828 2040 Rhodios
847 1998 963 2039 cultu
991 1999 1087 2039 satis
1103 2007 1278 2040 constat.
1303 2002 1365 2041 De

119 2061 273 2103 Halieis
295 2061 408 2103 sestis
438 2076 477 2103 v.
503 2061 654 2103 Athen.
693 2062 795 2102 XIII
811 2093 820 2109 ‚
845 2075 887 2116 p.
917 2063 1012 2111 561,
1037 2062 1098 2110 E;
1127 2060 1297 2102 Aristid.
1323 2064 1358 2111 Ι,

118 2138 163 2180 p.
181 2125 262 2166 808
280 2123 348 2165 ed.
367 2123 753 2172 Dds.;13ustath.in
770 2122 853 2163 Od.
873 2124 949 2173 VI,
972 2126 1069 2173 266,
1084 2136 1126 2178 p.
1155 2123 1367 2177 1562ss—

120 2184 187 2234 εἶς
207 2183 398 2241 σχολὴν
420 2186 434 2240 ]
463 2185 623 2240 Steph.;
651 2182 837 2239 εἰσχολὴν
858 2183 1017 2235 codex3
1045 2183 1221 2240 μεγάλην
1247 2184 1287 2239 μ’
1315 2183 1366 2233 εἰς

118 2246 247 2303 χολὴν
269 2248 355 2303 ἄγει
376 2247 583 2298 Holsten.;
605 2247 653 2288 τὰ
672 2246 747 2303 γὰρ
773 2246 890 2287 ἁλιεῖ*
910 2244 996 2287 ἐκεῖ
1015 2246 1191 2302 μεγάλην
1212 2245 1364 2302 σχολὴν

120 2310 206 2366 ἄγει
233 2311 250 2363 (
265 2309 315 2351 de
331 2310 437 2351 Solis
455 2309 561 2350 enim
573 2309 688 2364 fiseo
710 2309 769 2350 ibi
790 2324 903 2350 nemo
924 2309 1081 2362 cogitat
1101 2311 1134 2364 ),
1160 2310 1365 2352 Herman-

121 2386 197 2413 nus
216 2371 328 2428 apud
347 2373 571 2423 Marxium,
592 2381 742 2428 putans
764 2370 976 2413 Rhodium
1010 2372 1224 2413 hominem
1251 2372 1363 2429 loqui

120 2435 171 2476 «le
190 2435 505 2477 Atheniensium
523 2434 641 2476 urbe.
666 2434 723 2476 Τὰ
739 2434 815 2490 γὰρ
835 2434 977 2475 Ἁλιεῖα
997 2434 1064 2490 μὲν
1083 2434 1260 2491 μεγάλην
1282 2435 1366 2491 ἔχει

122 2497 289 2552 σχολήν,
311 2500 422 2539 Nam
457 2497 609 2539 Haliea
638 2496 801 2553 quidem
824 2511 946 2538 sacra
965 2510 1157 2550 magnam
1178 2497 1366 2552 affimat!

122 2561 451 2609 oblectationem,
477 2560 708 2602 Meinekius
739 2562 808 2602 Fr.
838 2561 957 2602 Com.
995 2562 1051 2611 H,
1083 2575 1126 2616 p.
1157 2564 1250 2616 147.
1275 2563 1290 2615 Η
1310 2586 1367 2594 -

124 2622 199 2663 ἇλ.
231 2622 368 2678 ἔτος]
388 2623 546 2664 ἀλιακὸν
564 2625 581 2676 (
599 2632 643 2664 ut
664 2638 761 2664 mox
784 2625 935 2664 iterum
959 2622 972 2679 )
994 2622 1077 2671 ἔτος
1098 2622 1255 2674 codex;
1278 2623 1367 2673 ἔπος

121 2682 230 2738 conj.
261 2684 522 2735 IIolstenius;
547 2686 631 2733 ἕδος
653 2687 860 2735 Osannus,
890 2684 943 2725 de
973 2685 1132 2727 colosso
1150 2686 1362 2740 cogitans;

124 2745 209 2793 ἔθος
226 2745 471 2801 Stephanus.
497 2767 512 2781 ι
536 2747 651 2795 Ἔτος
667 2762 744 2803 pro
760 2746 930 2795 ἐνιαυτὸς
943 2745 1026 2788 dici
1043 2761 1127 2788 non
1146 2746 1273 2789 credo
1288 2750 1364 2789 nisi

121 2807 307 2863 exempla
335 2807 540 2849 asserenti.
574 2809 678 2850 Mihi
711 2824 795 2850 non
826 2808 1097 2864 improbabile
1130 2808 1363 2861 videbatur,

122 2867 308 2911 Rhodios
343 2870 467 2911 etiam
500 2870 674 2925 pultem,
709 2884 790 2925 qua
811 2869 923 2911 sestis
948 2869 1188 2911 Halicorum
1219 2869 1367 2912 diebus

123 2931 407 2982 vescebantur,
427 2931 599 2974 solarem
615 2932 790 2989 pultem,
814 2931 974 2973 ἇλιακὸν
1004 2931 1124 2982 ἔτνος,
1152 2931 1318 2973 dixisse.
1345 2954 1360 2969 ι.

120 2993 351 3037 Meinekius
363 2996 528 3050 Fragm.
547 2995 667 3037 Com.
685 3003 786 3037 tom.
802 2997 857 3045 11,
872 3008 915 3050 p.
940 2997 1032 3049 147.
1053 2995 1070 3048 ΙΙ
1091 3018 1147 3025 -
1160 2994 1185 3034 λ
1199 2995 1308 3047 siim,
1321 2998 1363 3051 ν]

122 3054 263 3109 λευκὴν
276 3055 372 3099 cod.
389 3057 528 3100 Schol.
542 3057 712 3100 Pindar.
730 3057 798 3099 Ol.
818 3058 916 3107 vn,
936 3060 1012 3112 147
1033 3070 1042 3098 :
1068 3055 1114 3097 'O
1130 3056 1170 3098 δὲ
1188 3058 1368 3113 στέφανος

126 3122 214 3174 (sc.
231 3118 335 3176 παρὰ
363 3117 560 3175 Ῥοδίοις)
579 3119 698 3174 λεύκη
721 3120 883 3161 δίδοται.
909 3121 925 3174 ΙΙ
947 3122 1219 3161 -τοιοῦτο
1235 3125 1327 3162 τῶν
1350 3124 1365 3178 ]

122 3180 460 3234 ριΙίῑῑ.;τοιούτων
477 3181 625 3224 codex.
648 3182 665 3237 ΙΙ
689 3206 746 3221 --
763 3183 1092 3239 καταχεῖται]
1118 3182 1366 3234 Hermann.;

124 3243 301 3287 καλεῖται
322 3243 469 3288 codex.

181 3309 204 3361 S
227 3310 268 3349 6.
292 3308 358 3349 δι’
398 3306 472 3364 ’Ap
486 3309 528 3349 ιδ
544 3309 666 3365 νῶν]
684 3308 931 3365 διαδαφνιδον
948 3307 1095 3351 codex.
1115 3308 1241 3364 Quod
1253 3309 1366 3362 dedi,

129 3370 422 3413 verisimillima
451 3380 513 3413 est
547 3370 786 3427 conjectura
809 3371 1125 3414 Wordsworthi
1148 3372 1162 3428 (
1190 3374 1370 3415 Tmnsa-

126 3431 258 3473 ctions
278 3432 333 3486 os
345 3433 410 3474 elec
429 3433 544 3489 royal
562 3433 715 3489 society
733 3434 788 3488 ⁰f
798 3434 954 3477 literae.
979 3443 1082 3477 tom.
1105 3435 1182 3486 111,
1203 3449 1247 3492 p.
1269 3437 1366 3491 1007.

130 3492 312 3535 Londin.
339 3495 492 3551 1839),
506 3510 630 3551 quam
646 3496 795 3552 probat
808 3498 930 3539 etiam
947 3498 1195 3540 Letronnius
1210 3499 1367 3551 (Pac-m.

124 3556 260 3608 μέσῃ.
283 3569 326 3612 p.
366 3561 436 3597 161
472 3561 504 3611 ).
530 3560 664 3600 Possis
695 3560 817 3601 etiam
851 3560 928 3614 leg.
953 3560 1002 3600 δι’
1034 3558 1234 3616 Ἀρίδνωνς
1274 3574 1369 3603 nam

87 3662 90 3664 ,
126 3614 265 3659 dicere
287 3617 379 3659 licet
405 3619 558 3673 Ἄφιδνα
578 3629 618 3662 et
645 3619 823 3676 Ἆρίδναι.
846 3623 901 3662 V.
926 3622 1122 3678 stephan.
1147 3624 1244 3679 Byz.
1269 3637 1304 3664 s.
1326 3637 1366 3665 v.

129 3679 221 3735 Ipse
242 3679 286 3721 in
306 3680 375 3721 Fr.
402 3681 508 3722 Hist.
531 3681 725 3724 dederam
742 3683 806 3723 διὰ
827 3684 1016 3739 ι1’”α’.;>ιδι“ἰίν
1035 3684 1049 3739 (
1071 3686 1124 3725 V.
1146 3687 1213 3727 Du
1232 3684 1366 3728 Theil.

129 3739 181 3782 ad
199 3754 305 3784 vers.
334 3734 429 3797 gall.
459 3743 653 3785 strabon.
674 3746 751 3795 IX,
773 3759 814 3800 p.
852 3747 933 3799 399
952 3749 966 3799 )
985 3746 1046 3787 vel
1071 3747 1271 3802 Ψαρίδος,
1296 3749 1368 3804 qui

127 3802 276 3846 demus
297 3818 382 3848 non
402 3804 522 3861 longe
540 3805 592 3847 ab
615 3807 892 3862 Amphiaraeo
908 3807 1075 3850 dissitus
1093 3818 1177 3851 erat
1200 3810 1270 3865 (n.
1295 3814 1369 3852 Ca·

130 3865 237 3908 lamo
251 3866 286 3925 ).
304 3867 593 3924 Coniecturam
606 3883 767 3920 eorum,
786 3871 855 3925 qui
874 3870 1074 3925 Δελφίνιον
1090 3872 1214 3914 scribi
1235 3871 1371 3915 volue-

131 3937 246 3981 runt,
286 3944 370 3973 non
396 3945 516 3988 posse
540 3931 702 3974 admitti
739 3934 880 3974 monui
910 3935 951 3975 in
988 3936 1056 3976 Fr.
1094 3936 1200 3977 nist.
1226 3936 1369 3979 Cetera

132 3991 314 4035 virorum
338 3994 558 4037 doctorum
582 4004 816 4038 commenta
850 3997 995 4039 lubens
1026 4007 1240 4053 praetereo.
1271 4000 1289 4054 ΙΙ
1314 4023 1372 4032 -

133 4053 276 4113 {tog}
304 4058 469 4100 Dictum
491 4067 535 4100 ut
562 4057 811 4116 Ἀγαμέμνων
834 4059 923 4109 Ζεὶις
957 4060 1366 4104 Lacedaemoniorum

843 208 1195 258 ntcAEARcflt
1229 205 1351 254 vm.
1393 187 1617 283 φοι-’1115
1655 206 1943 256 nummi

2502 212 2577 271 (ιο,
2594 204 2671 275 ῑῑ·)’

1553 314 1642 347 uec
1655 310 1742 348 urt-
1756 316 1770 356 t
1785 313 1965 357 amns)
1985 318 2039 351 ent
2057 318 2194 359 στω,
2209 326 2289 360 quae
2305 319 2392 352 rosis
2407 317 2527 352 sinatis

1510 366 1719 402 suavium:
1732 366 1852 410 habet,
1866 368 1971 404 timul
1990 368 2030 405 oi
2050 371 2247 407 octauam
2261 373 2414 407 exhibet.

1513 424 1601 457 Nam
1616 430 1785 463 magnum
1799 422 1889 458 sou·
1903 421 2033 459 testum
2047 428 2189 468 gutum
2203 428 2338 472 prabet
2351 430 2476 468 otium,

1511 485 1626 510 annus
1640 475 1688 518 (2)
1705 485 1790 511 vero
1811 476 1934 511 solans
1946 477 1991 512 ad
2012 477 2184 515 tannim
2197 489 2255 517 me
2274 483 2394 526 adigit.

1457 549 1468 556 ·
1511 533 1630 571 Quum
1642 532 1760 565 autem
1778 531 1970 574 populeum
1986 539 2126 567 ramum
2141 531 2292 570 deuote

1511 594 1682 620 coronam
1698 586 1849 621 notarem
1870 586 2094 630 appetutent.
2107 585 2276 624 offendor

1510 639 1599 675 adeo
1614 639 1720 682 hisce,
1735 642 1775 675 ut
1794 640 1934 675 mallem
1948 639 2113 684 equidem
2127 644 2281 676 mortem

1511 697 1681 738 oppetere
1694 703 1800 738 quain
1815 694 1891 730 baec
1906 694 2084 731 audiendo
2098 697 2251 740 perpeti.

1512 750 1621 783 ‘tanta
1635 748 1748 792 caligo
1765 749 1962 794 peregrinis
1974 747 2188 786 offunditur.

1488 834 1531 872 6.
1547 832 1658 873 Hinc
1679 830 1732 873 ad
1758 833 1948 889 Oropum
1964 847 2039 890 per
2054 834 2268 891 Aphidnas
2283 844 2320 875 et
2343 837 2580 892 Amphiarai
2602 842 2671 882 Jo-

1430 900 1501 964 vis
1513 899 1655 941 sanum
1683 902 1761 942 iter
1780 900 1961 954 facienti,
1986 904 2111 945 unius
2142 903 2226 945 sere
2254 905 2343 946 viro
2360 906 2554 961 expedito
2571 907 2668 958 diei,

1430 970 1572 1010 omnia
1591 977 1689 1011 sunt
1718 970 1887 1012 acclivia
1918 978 1959 1012 et
1977 970 2107 1013 ardua
2131 984 2142 1013 z
2173 986 2423 1029 quamquam
2452 975 2507 1017 ob
2529 977 2671 1020 crebra

1428 1037 1654 1080 diversoria
1675 1053 1768 1094 quae
1806 1038 1931 1080 rebus
1962 1038 2015 1081 ad
2039 1041 2176 1086 vitam
2201 1044 2436 1085 necessariis
2474 1045 2671 1088 instructa

1429 1107 1615 1162 requiem
1645 1106 1846 1162 praebent,
1883 1106 1994 1149 nulla
2031 1108 2255 1150 viatoribus
2275 1109 2437 1167 obrepit
2458 1111 2668 1155 lassitudo.

1432 1177 1494 1232 (7)
1516 1175 1628 1217 Urbs
1660 1191 1756 1218 vero
1786 1178 2040 1232 Oropiorum
2070 1177 2391 1220 contubernium
2425 1188 2488 1222 αι
2518 1195 2671 1223 merce-

1431 1325 1499 1366 ap.
1523 1311 1731 1366 Lycophr.
1758 1312 1855 1352 335.
1888 1312 2007 1352 Ratio
2036 1309 2159 1367 hujus
2186 1313 2470 1368 appellationis
2490 1323 2672 1371 pateret,

1434 1374 1476 1414 ni
1498 1374 1754 1414 accuratiora
1775 1372 1828 1414 de
1860 1373 1974 1415 cultu
2007 1374 2250 1430 Amphiarai
2290 1375 2535 1419 haberemus
2563 1393 2674 1420 eom·

1434 1443 1565 1491 perta.
1580 1434 1729 1477 Indicii
1742 1435 1834 1477 loco
1848 1444 1945 1477 sunt
1957 1435 2083 1478 verba
2097 1437 2312 1492 Sophoclis
2335 1439 2378 1479 in
2394 1438 2544 1482 Electr.
2565 1442 2643 1483 835
2661 1455 2670 1483 :

1433 1495 1535 1538 Οἶδα
1557 1497 1633 1554 γὰρ
1653 1498 1787 1540 ἄνακτ’
1824 1497 2109 1554 Ἀμφιάρεων...
2134 1499 2215 1541 Νῦν
2238 1499 2311 1542 {inb
2340 1501 2453 1557 γαίας
2472 1504 2675 1560 πάμψυχος

1434 1559 1606 1602 ἀνάσσει.
1648 1560 1771 1603 Plura
1806 1560 1859 1602 de
1887 1561 2139 1616 Amphiarao
2176 1576 2216 1604 v.
2255 1577 2323 1619 ap.
2365 1564 2556 1607 Strabon.
2595 1568 2670 1615 lx,

1432 1636 1475 1678 p.
1510 1623 1618 1677 3993
1657 1624 1834 1664 Pausan.
1859 1624 1894 1673 Ι,
1923 1623 1991 1672 34.
2016 1624 2094 1675 ῙΧ,
2137 1624 2455 1679 19‘5Welcker.
2493 1626 2546 1669 ad
2580 1628 2675 1670 Phi-

1433 1684 1547 1726 lostr.
1582 1699 1625 1741 p.
1651 1685 1731 1726 366
1758 1699 1868 1740 sqq.;
1898 1684 2063 1726 Matter.
2086 1685 2196 1727 Min.
2218 1699 2262 1742 p.
2294 1688 2376 1736 486
2414 1701 2477 1743 sq.
2511 1690 2574 1730 Dc
2594 1690 2676 1731 situ

1435 1746 1742 1803 Aphidnarum,
1757 1746 1989 1803 Psaphidis,
2008 1747 2290 1803 Amphiaraei,
2308 1749 2456 1805 Oropi,
2473 1759 2674 1806 praecete·

1434 1811 1491 1851 ris
1509 1825 1549 1852 v.
1576 1810 1718 1866 Finlay
1734 1810 1929 1852 Remarks
1945 1809 2071 1861 oftloe
2089 1811 2344 1868 topography
2359 1811 2414 1865 os
2421 1813 2577 1869 Oropia
2593 1815 2681 1855 aad

1435 1872 1638 1922 Diakria,
1665 1874 1708 1914 in
1749 1872 2044 1916 Transaceions
2065 1873 2120 1927 of
2129 1874 2195 1915 elec
2216 1889 2299 1929 roy.
2321 1878 2408 1916 Soc.
2435 1874 2674 1929 oflitcmt„

1439 1936 1561 1990 1839,
1592 1950 1635 1992 p.
1662 1936 1743 1990 396
1783 1949 1875 1991 sqq.
1909 1936 1925 1990 ΙΙ
1951 1960 2008 1968 --
2025 1935 2182 1992 ὁδόν]
2209 1937 2336 1978 Tueri
2359 1936 2454 1979 licet
2478 1941 2676 1981 accusati·

1435 2012 1559 2049 vum;
1595 2012 1874 2054 quamquam,
1903 1999 2153 2055 comparatis
2185 1998 2274 2041 aliis
2308 1999 2524 2055 fragmenti
2560 2001 2674 2053 locis,

1437 2060 1577 2102 malim
1603 2074 1613 2102 :
1641 2060 1778 2109 ὁδὸς...
1806 2062 2021 2117 προσάντης
2049 2063 2167 2103 πᾶσα.
2191 2062 2208 2116 ΙΙ
2230 2086 2287 2094 --
2308 2061 2527 2119 ἡμέρας]
2554 2065 2678 2107 Athe·

1436 2123 1500 2163 nis
1524 2124 1715 2179 Oropum
1747 2131 1846 2165 sunt
1870 2123 2002 2166 stadia
2021 2131 2202 2165 trecenta
2224 2132 2264 2165 et
2286 2123 2400 2180 quod
2427 2127 2625 2168 excurrit.
2657 2129 2673 2182 ΙΙ

1434 2209 1491 2217 -
1509 2186 1768 2241 προσάντη
1806 2186 2000 2242 πάντα]
2025 2187 2222 2242 πρόσαντα
2243 2186 2390 2228 codex.
2422 2186 2678 2231 Adverbium

1435 2248 1631 2303 πρόσαντα
1651 2262 1859 2304 nusquam
1890 2249 2087 2299 occurrit,
2112 2262 2363 2304 quamquam
2391 2249 2575 2306 analogia
2594 2266 2678 2294 non

1435 2319 1560 2352 caret.
1585 2312 1603 2367 ΙΙ
1622 2335 1679 2343 -
1696 2310 1897 2353 πολυπλ
1911 2310 1966 2363 ήθ
1981 2311 2085 2366 εια]
2109 2309 2357 2364 πολυπληθία
2374 2310 2522 2355 codex.

1492 2377 1515 2427 S
1555 2389 1595 2429 7.
1639 2372 1942 2429 Ὠρωπίων]
1970 2371 2159 2429 Ὦρωπῶν
2190 2372 2286 2415 cod.
2313 2375 2329 2429 ΙΙ
2358 2397 2417 2407 -
2437 2378 2681 2419 συνοικία

1437 2437 1635 2493 θητῶν]
1676 2436 1800 2479 οἰκεία
1825 2436 1838 2493 (
1862 2450 1947 2478 non
1991 2434 2130 2491 οἰκία)
2168 2436 2296 2489 θηὸῶν
2329 2435 2487 2488 eodex;
2526 2436 2681 2482 ἀποικία

1435 2499 1575 2551 θηὸῶν
1609 2498 1719 2554 conj.
1739 2501 1860 2541 Marx
1885 2507 1926 2541 et
1950 2498 2101 2541 Leake.
2128 2501 2184 2541 At
2206 2498 2411 2541 coloniam
2442 2499 2681 2543 Thebarum

1435 2564 1626 2618 Oropum
1658 2561 1781 2604 fuisse
1807 2576 1931 2604 nemo
1956 2562 2095 2603 tradit.
2118 2562 2338 2603 Pausanias
2365 2563 2400 2611 1,
2424 2565 2476 2611 44
2494 2562 2574 2604 hoc
2593 2570 2681 2605 tan·

1437 2632 1526 2664 tum
1547 2631 1704 2674 monet,
1737 2625 1927 2679 Oropum
1959 2622 2007 2665 τὰ
2028 2622 2066 2672 ἐξ
2095 2622 2218 2679 ἀρχῆς
2239 2624 2406 2665 Boeotiae
2438 2622 2455 2681 (
2474 2638 2559 2667 non
2584 2639 2681 2668 vero

1437 2687 1619 2740 Atticae)
1646 2685 1793 2728 urbem
1831 2685 1969 2728 fuisse.
2006 2687 2104 2728 Fata
2143 2685 2258 2727 urbis
2294 2684 2422 2728 modo
2452 2686 2678 2740 Thebanis,

1438 2747 1565 2790 modo
1584 2747 1907 2791 Atheniensibus
1926 2746 2134 2803 subjecta‘,
2153 2747 2280 2789 modo
2298 2747 2436 2789 libera:
2456 2749 2603 2805 suique
2609 2747 2679 2805 ju·

1437 2812 1509 2861 ris,
1534 2818 1750 2866 exponunt
1782 2809 2019 2851 Dodwellus
2053 2810 2096 2851 in
2132 2810 2241 2851 Diss.
2276 2811 2339 2851 De
2364 2810 2605 2853 Dicaeareho
2641 2820 2681 2855 et

1435 2874 1580 2915 Meier.
1603 2873 1645 2914 in
1668 2873 1889 2930 Encyclop.
1914 2872 2017 2915 Hal.
2038 2887 2072 2914 s.
2096 2886 2155 2923 v.,
2173 2873 2291 2915 ethis
2310 2867 2487 2915 ducibus
2502 2873 2681 2916 Fuhrius

1436 2934 1487 2976 ad
1521 2950 1563 2977 n.
1588 2935 1615 2976 1.
1641 2936 1700 2977 Ut
1720 2936 1880 2977 mittam
1911 2936 2162 2991 antiquiora,
2189 2945 2282 2992 post
2310 2950 2492 2992 pugnam
2514 2935 2678 2980 Chaero·

1439 3012 1609 3040 nensem
1650 2996 1664 3053 (
1691 2997 1758 3039 Ol.
1799 3011 1891 3049 no,
1917 2999 1939 3039 3
1970 2998 1983 3054 )
2009 2998 2224 3055 Philippus
2254 2999 2443 3054 Oropum
2471 2997 2681 3042 Thebanis

1437 3069 1619 3117 ereptam
1639 3058 1811 3102 tradidit
1827 3061 2162 3103 Atheniensibus.
2178 3063 2276 3103 Post
2291 3060 2443 3102 bellum
2466 3060 2682 3103 Lamiense

1439 3125 1455 3176 (
1475 3123 1542 3165 Ol.
1570 3125 1663 3172 114,
1689 3123 1712 3163 3
1748 3124 1764 3177 )
1788 3124 1932 3179 Oropii
1964 3123 2193 3165 libertatem
2235 3130 2555 3179 recuperarunt,
2580 3136 2681 3179 paee

1438 3199 1533 3227 cum
1553 3186 1772 3241 Antipatro
1792 3187 1907 3236 inita,
1932 3200 2056 3241 quam
2080 3195 2211 3228 ratam
2235 3199 2322 3227 esse
2346 3199 2487 3239 regum
2512 3187 2680 3228 nomine
2748 3230 2750 3238 ἶ

1433 3248 1551 3303 jubet
1573 3248 1875 3304 Polysperchon
1892 3250 1908 3301 (
1925 3247 1993 3290 Ol.
2024 3248 2117 3298 115,
2137 3248 2178 3289 3.
2196 3246 2372 3289 Diodor.
2392 3247 2551 3298 XVIII,
2576 3249 2676 3303 56).

1440 3310 1600 3352 Deinde
1622 3312 1720 3365 (Ol.
1748 3324 1840 3365 ¹¹7·
1873 3324 1907 3352 1.
1934 3310 2014 3352 312
2031 3313 2047 3365 )
2066 3309 2294 3353 Cassander
2315 3309 2460 3352 urbem
2479 3319 2677 3367 occupatae

1441 3386 1584 3415 verum
1599 3388 1693 3415 mox
1710 3372 1947 3430 pra-sidium
1964 3371 2278 3415 Macedonicum
2296 3371 2492 3415 Polemon
2510 3373 2681 3428 Antigo-
2722 3402 2740 3412 .-

1439 3436 1481 3477 ni
1506 3434 1590 3477 dux
1624 3435 1805 3492 expellit,
1839 3434 2068 3491 urbemque
2096 3434 2223 3477 tradit
2261 3434 2415 3478 Boeotis
2448 3436 2465 3489 (
2499 3433 2676 3478 Diodor.

1439 3499 1558 3550 XIX,
1583 3513 1635 3554 77
1653 3498 1686 3555 ).
1703 3498 1813 3540 Num
1830 3496 1982 3540 deinde
2000 3499 2145 3555 Oropii
2162 3497 2302 3540 denuo
2326 3498 2367 3539 in
2381 3496 2677 3539 Thebanorum

1438 3569 1680 3617 potestatem
1717 3561 1919 3612 venerint,
1945 3561 2076 3617 iisque
2097 3559 2269 3617 subjecti
2298 3559 2450 3603 suerint
2471 3573 2556 3616 quo
2575 3567 2679 3602 tem·

1438 3636 1540 3679 pore
1563 3631 1708 3665 auctor
1742 3631 1881 3665 noster
1918 3622 2115 3679 scripsit(
2149 3621 2328 3664 scribere
2357 3635 2456 3664 vero
2476 3620 2564 3663 haec.
2585 3628 2690 3663 ante.
2726 3667 2734 3674 ι,

1439 3685 1520 3727 285
1543 3699 1581 3726 a.
1606 3686 1655 3726 C.
1675 3693 1846 3741 propter
1864 3684 2076 3741 Posidippi
2098 3684 2350 3726 mentionem
2382 3683 2448 3725 vix
2468 3682 2603 3739 potuit
2633 3683 2675 3735 2,

1440 3880 1524 3914 tur.
1537 3896 1595 3905 —
1613 3872 1791 3914 Fubrius
1807 3871 1956 3929 p.·233
1979 3873 2051 3914 ita:
2073 3889 2089 3910 ι
2108 3870 2285 3926 Vulgata
2309 3869 2430 3912 lectio
2443 3883 2492 3910 ex
2517 3874 2679 3910 senten·

1439 3937 1588 3977 tiarum
1609 3950 1799 3977 connexu
1816 3936 1953 3977 evulsa
1976 3943 2047 3977 aut
2065 3933 2118 3976 de
2136 3932 2264 3975 domo
2276 3932 2533 3982 Thebarum,
2558 3930 2611 3971 ita
2631 3935 2675 3970 ut

1442 3998 1570 4056 Oropi
1598 3998 1809 4051 exiguitas
1832 4012 1927 4040 cum
1955 3998 2113 4040 Meiero
2133 3996 2447 4052 significaretur,
2477 4000 2546 4036 aut
2575 3989 2677 4032 οἰκία

1438 4061 1648 4117 pluraliter
1660 4060 1864 4104 intellecto
1874 4060 1926 4103 dc
1937 4060 2172 4111 domiciliis,
2183 4057 2350 4101 sedibus
2362 4055 2673 4101 Thebanorum,
2781 4106 2782 4109 Ἴ

1439 3748 1659 3789 nescimus.
1682 3747 1812 3801 Igitur
1842 3762 1891 3788 ex
1921 3747 2093 3788 historia
2125 3746 2269 3801 nequit
2291 3743 2525 3787 confirmari
2558 3741 2678 3785 lectio

1438 3809 1561 3851 οἰκεία
1578 3810 1734 3862 Θηὸῶν,
1759 3824 1883 3865 quam
1905 3809 1966 3851 vel
1988 3823 2085 3851 usus
2105 3807 2299 3864 loquendi
2327 3805 2546 3868 repudiare
2565 3802 2715 3858 vide-f

2771 4147 2782 4348 1
