2756 4354
187 183 277 218 xvt
455 206 502 251 ο

189 272 339 335 phicis
361 266 548 315 nostris.
573 264 870 311 Poeticorum
893 259 1078 321 quidem
1106 259 1257 301 vincta
1274 255 1425 303 oratio

190 343 432 392 conatibus
478 354 638 387 corum
676 334 939 390 resistebat;
979 334 1027 379 in
1059 331 1254 378 solutam
1298 340 1425 377 tanto

190 418 430 483 impunius
479 412 786 477 amputando,
830 406 1167 461 contrahendo,
1203 405 1425 452 mutando

190 493 358 542 licebat
379 492 560 539 saevire.
592 489 668 535 Sic
690 486 912 532 Marciani
950 481 1100 528 libros
1130 491 1422 528 truncarunt.
1451 537 1471 555 ἱ

191 571 419 618 Prooemia
441 582 549 614 sane
572 576 707 624 atque
731 560 804 612 τὰς
824 559 923 612 ὅλας
946 560 1030 604 τῶν
1047 559 1198 621 χωρῶν
1218 574 1425 621 περιγρα-

190 643 292 709 qvae,
311 643 480 705 quibus
513 638 705 686 strictim
736 645 961 681 terrarum
996 633 1113 680 situs
1145 631 1423 688 delineatur,

191 721 358 765 intacta
399 717 658 776 liquerunt,
695 708 1001 756 accuratiores
1034 717 1185 754 autem
1218 708 1426 754 locorum

190 791 521 853 descriptiones
557 785 971 846 distantiat-umque
999 796 1219 829 numeros
1246 782 1348 829 sive
1371 781 1426 828 τὰ

189 866 297 913 κατὰ
330 863 475 928 μέρος,
498 878 600 924 quae
638 876 736 923 prae
758 859 923 907 ceteris
946 868 1126 905 servata
1150 858 1294 913 velis,
1324 867 1427 902 tan·-

189 958 324 1004 quam
340 938 499 1002 putida
526 947 570 982 et
600 934 783 981 inutilia
801 943 852 980 ut
870 933 1121 996 plurimum
1142 930 1425 992 abJecerunt.

189 1016 413 1063 Similiter
441 1014 488 1059 in
520 1010 686 1058 lsidori
720 1008 929 1055 stathmis
966 1008 1047 1053 vix
1081 1021 1186 1052 ossa
1217 1005 1428 1066 corporis

189 1098 526 1138 concesserunt.
548 1087 600 1131 ln
620 1084 859 1146 Excerptis
886 1099 943 1129 ex
964 1082 1181 1128 Athenaeo
1200 1081 1272 1126 vel
1298 1080 1430 1125 Athe-

187 1167 347 1212 niense
389 1177 622 1223 anonymo
672 1160 926 1205 orationem
980 1167 1069 1203 tam
1116 1154 1426 1218 perturbatam

188 1240 450 1291 effecerunt,
472 1246 523 1282 ut
542 1236 599 1281 de
615 1233 911 1281 restauranda
933 1233 1247 1294 desperemus.
1273 1230 1427 1291 Scyla-

187 1316 255 1361 cis
286 1313 497 1376 periplus
518 1326 660 1372 quum
703 1308 1041 1354 florentissimis
1071 1306 1220 1352 literis
1255 1306 1429 1353 Groecis

188 1389 392 1451 scriptus
413 1389 499 1443 sit,
543 1401 667 1431 nunc
698 1400 724 1430 a
746 1382 931 1446 plebejo
958 1381 1156 1444 quodam
1181 1391 1224 1427 et
1253 1391 1427 1427 tantum

188 1480 281 1511 non
314 1461 514 1509 barbaro
547 1460 779 1522 profectus
803 1474 903 1504 esse
942 1457 1153 1515 videtur3
1185 1456 1318 1517 cujus
1359 1458 1427 1503 rei

189 1539 368 1601 culpam
392 1553 448 1583 ex
473 1546 603 1599 parte
633 1535 790 1580 saltem
811 1534 860 1579 in
892 1542 1185 1595 excerptores
1206 1531 1319 1578 istos
1343 1547 1425 1577 re-

192 1614 315 1668 l’ero,
341 1613 420 1672 qui
446 1612 534 1673 ipsi
550 1609 647 1670 jam
685 1609 804 1654 male
832 1608 1043 1654 affectum
1068 1607 1425 1667 magistellorum

188 1686 414 1732 industria
447 1683 655 1730 libellum
687 1682 961 1744 acceperint.
1001 1681 1082 1727 llis
1111 1681 1311 1742 denique
1342 1682 1429 1727 mi·

187 1762 322 1808 seriis
365 1760 598 1806 cumulum
652 1757 926 1804 addiderunt
979 1755 1143 1803 scribae
1187 1756 1422 1814 codicum,

187 1836 268 1898 qui
302 1852 443 1897 quum
467 1835 558 1881 alia
594 1844 687 1880 tum
720 1834 917 1878 maxime
940 1833 1127 1878 nomina
1158 1834 1346 1894 propria
1380 1844 1425 1878 et

187 1927 484 1958 numerorum
510 1922 642 1957 notas
670 1909 783 1956 adeo
814 1909 1149 1971 depravarunt,
1177 1921 1224 1954 ut
1247 1910 1324 1955 vix
1345 1925 1429 1954 no·

187 1987 334 2032 verim
385 1985 558 2031 librum
607 1983 820 2029 Parisino
866 1981 1023 2027 codice
1063 1982 1419 2043 corruptiorem.

190 2059 380 2106 Errores
404 2075 594 2115 eorum,
620 2058 839 2119 majorem
861 2067 1036 2119 partem
1060 2073 1085 2103 e
1108 2058 1313 2102 confusis
1349 2059 1420 2103 vel

1233 151 1710 201 rnotmoums.
1754 217 1760 222 ἢ

1485 255 1605 302 male
1643 254 1773 301 lectis
1808 255 2121 316 antiquiorum
2159 254 2385 301 librorum
2422 244 2693 320 majusculi,

1488 330 1796 376 recentiorum
1814 329 2087 376 minusculis
2105 330 2252 375 literis
2271 339 2416 385 ortos,
2434 335 2661 381 enarrat-ei*
2695 382 2703 391 f

1487 420 1583 451 rem
1603 420 1762 466 parum
1784 405 1999 466 pertinet.
2020 403 2145 450 Nihil
2164 405 2287 450 enim
2306 405 2354 450 in
2377 404 2449 449 his
2466 414 2622 451 noster
2643 416 2724 490 Ψ

1486 479 1575 525 dex
1607 479 1743 526 habet
1762 479 2016 542 peculiare,
2048 478 2301 525 sedeadcm
2324 490 2431 526 sunt
2450 479 2657 542 sphalma
2686 488 2689 489 ’

1486 569 1589 615 quae
1613 554 1661 599 in
1699 554 1868 615 quovis
1899 553 2075 616 pejoris
2099 563 2218 598 notae
2252 552 2375 599 libro
2411 554 2642 601 manuscri

1487 627 1894 690 deprehendimus.
2711 620 2717 675 ?

1552 703 1626 749 23.
1647 702 1833 749 Primus
1853 712 1999 749 totum
2037 702 2210 749 librum
2241 704 2328 756 443
2353 705 2556 751 excussit
2594 703 2675 751 Em

1486 777 1651 824 uuelus
1671 777 1823 825 Miller
1846 776 1915 838 (V.
1936 780 2115 839 Periple
2131 780 2188 823 de
2210 780 2416 824 Mat-efen
2438 780 2638 826 duee-ac
2674 767 2709 819 ’ζ

1485 854 1678 911 epitome
1698 854 2035 907 d’At-teme'dooe,
2066 855 2243 899 Isidore
2256 854 2312 896 de
2335 854 2542 912 Charax,
2565 864 2650 901 εκ.
2681 878 2691 893 ι
2718 907 2722 910 ,

1485 926 1777 986 δυρρὶέιηεητ
1800 942 1897 972 aaa:
1913 926 2137 973 dernieres
2162 930 2348 974 e’diee’ons
2367 931 2447 975 des
2458 933 2596 990 petia·
2621 946 2653 991 g
2686 952 2725 994 e,

1486 999 1693 1059 graphes,
1725 1000 1909 1060 d'apris
1938 1017 1999 1046 un
2021 1008 2265 1048 manuscrit
2276 1019 2383 1065 grec
2408 1006 2468 1050 de
2490 1006 2538 1050 Ia
2563 1006 2690 1050 biblio
2704 991 2716 1025 ,1

1488 1075 1648 1135 dieque
1666 1078 1836 1133 roy-ale,
1853 1091 1946 1134 par
1956 1078 2012 1120 E.
2033 1076 2205 1124 Miller.
2224 1079 2356 1124 Pan's
2374 1076 2534 1142 1839).
2552 1079 2670 1126 Dein
2682 1102 2691 1120 ο
2715 1070 2731 1090 ⁵

1489 1150 1546 1196 de
1580 1151 1759 1196 ratione
1782 1150 1957 1197 codicis
1981 1151 2133 1197 denuo
2161 1163 2440 1200 monuerunt
2466 1153 2657 1203 fimitis
2682 1154 2733 1200 i·

1488 1229 1613 1271 Hau.
1641 1229 1730 1270 Lit.
1760 1229 1903 1285 Zeitg.
1949 1227 2065 1287 1839
2090 1242 2137 1273 n.
2184 1228 2268 1272 103
2295 1238 2340 1274 et
2375 1226 2656 1278 Letronnins
2681 1232 2733 1300 i⁸

1492 1306 1760 1361 Fragments
1776 1306 1854 1348 des
1863 1309 2044 1363 poe'mes
2063 1305 2419 1365 geographiques
2435 1308 2494 1351 de
2517 1307 2696 1365 Scymm
2716 1292 2724 1302 ⁴

1487 1381 1546 1423 de
1560 1379 1671 1424 Clee’o
1689 1390 1737 1423 et
1767 1381 1827 1422 du
1846 1382 1978 1423 Fata
1995 1382 2238 1450 Dicefzrque
2245 1385 2444 1424 restitues
2454 1378 2735 1443 principale&

1489 1465 1611 1499 ment
1625 1454 1807 1514 d'apres
1830 1471 1888 1499 tm
1907 1471 1988 1502 ms.
2014 1457 2071 1499 de
2097 1458 2144 1499 la
2161 1458 2276 1501 Be'bl.
2301 1459 2471 1515 royac,
2489 1467 2574 1502 etc.
2598 1452 2740 1503 Part*

1498 1532 1634 1585 1840.
1680 1530 1761 1577 nis
1809 1531 2073 1576 innituntur
2112 1531 2456 1578 dissertationes
2491 1519 2537 1580 S'.
2570 1532 2619 1581 F.

1492 1604 1758 1651 Hoffmanni
1795 1606 1843 1651 in
1867 1606 1992 1651 libro
2023 1606 2098 1652 cui
2124 1607 2284 1654 titulus
2309 1623 2322 1654 :
2351 1611 2438 1653 Die
2468 1611 2591 1653 alten
2615 1605 2743 1654 Geo'

1488 1682 1712 1741 gmphen.
1733 1684 1882 1726 Erstes
1906 1680 2030 1738 Hest.
2057 1684 2207 1742 Leipz.
2241 1683 2351 1735 1841
2369 1717 2382 1740 ‚
2399 1692 2444 1728 et
2461 1682 2511 1730 B.
2529 1681 2748 1737 fabricii,

1494 1759 1641 1804 Ueber
1655 1759 1728 1801 de‘e
1770 1756 2118 1814 Handschrtseen
2136 1759 2218 1802 der
2238 1759 2412 1803 kleenen
2439 1774 2511 1818 gr.
2538 1760 2756 1831 &ogra-‘g'

1483 1833 1625 1893 plzen.
1654 1835 1851 1878 Dresden
1884 1834 2015 1886 1845.
2038 1833 2078 1878 Τ
2081 1844 2206 1879 otum
2239 1833 2443 1880 codicem
2472 1833 2625 1881 denuo
2649 1843 2756 1890 nec*⁴

1489 1907 1663 1970 absque
1697 1908 1845 1954 fructu
1874 1909 2064 1970 contuli.
2093 1908 2299 1955 Vaticani
2324 1908 2578 1972 apographi
2608 1898 2756 1983 quodi

1490 1982 1645 2030 Romae
1663 1984 1954 2046 comparavi,
1978 1984 2198 2030 lectiones
2220 2000 2303 2029 cur
2327 1983 2562 2031 rarissime
2582 1985 2631 2031 in
2654 1992 2756 2031 and.

1490 2061 1724 2107 notatione
1746 2060 2061 2123 apposuerim,
2088 2070 2249 2122 sponte
2274 2058 2565 2120 intelligitur.

1166 2165 1297 2205 Codex
1321 2166 1644 2218 Heidelbergeusis
1666 2174 1752 2211 398.

252 2257 329 2304 24.
348 2249 503 2296 Codex
520 2250 568 2296 in
591 2249 880 2311 Geographis
896 2247 1145 2295 secundum
1163 2266 1189 2295 a
1209 2250 1424 2297 Parisino

187 2329 278 2379 443
311 2326 462 2371 locum
490 2325 704 2371 obtinens
738 2326 1039 2383 omniumque
1071 2325 1423 2386 antiquissimus

183 2410 252 2445 est
275 2399 510 2444 Palatinus
544 2400 642 2444 sive
676 2398 1097 2456 Heidelbergensis‚
1122 2400 1202 2459 qui
1225 2401 1337 2444 olim
1374 2401 1423 2445 in

183 2473 473 2530 Vaticanum,
495 2471 621 2530 hinc,
640 2471 896 2532 imperante
918 2471 1193 2532 Napoleone,
1217 2473 1424 2519 Parisios

186 2548 417 2607 migravit,
440 2547 620 2592 tandem
646 2563 757 2591 vero
773 2547 829 2592 ad
847 2548 965 2591 lares
985 2546 1139 2593 rediit.
1167 2547 1243 2592 Est
1259 2563 1422 2608 perga·

186 2634 409 2679 menteus,
431 2623 585 2668 sormae
609 2622 842 2682 quadratae
867 2623 1274 2682 maximae,saeculi
1294 2623 1422 2669 deci-

186 2701 271 2761 mi,
281 2701 522 2761 scripturae
534 2700 778 2761 quaedratae
788 2699 1012 2758 elegantia
1021 2697 1212 2745 celeber.
1227 2699 1295 2744 Ad
1309 2715 1422 2745 mar·

185 2774 337 2834 ginem
372 2775 542 2836 passim
576 2775 760 2836 appicta
794 2773 1055 2819 uncialibus
1093 2774 1243 2819 literis
1275 2790 1422 2836 pauca

185 2849 346 2907 verba,
365 2851 436 2895 vel
452 2851 710 2910 argumenti
731 2850 905 2896 indices
916 2851 986 2896 vel
1002 2850 1195 2896 scholia.
1209 2849 1419 2896 Ceterum

184 2926 420 2989 ἇκέφοιλοςς
446 2928 625 2989 priores
657 2927 984 2988 quaterniones
1004 2927 1211 2987 quinque
1245 2928 1418 2985 avulsi3

184 3002 266 3062 qui
304 3018 427 3047 nunc
454 3002 633 3063 primus
652 3013 752 3057 cst,
780 3018 1019 3048 numerum
1045 3000 1181 3046 habet
1203 3000 1258 3053 ς’.
1291 3001 1421 3048 llaud

183 3086 306 3123 recte
335 3077 515 3123 Bastius
553 3077 662 3139 (Ep.
691 3077 797 3122 crit.
826 3093 873 3138 p.
917 3078 941 3121 3
970 3076 1040 3121 ed.
1074 3075 1366 3135 Wiedeburg.
1404 3079 1420 3139 )

182 3152 370 3199 nonnisi
392 3153 481 3199 tria
504 3153 615 3199 solia
633 3152 859 3199 excidisse
881 3151 1109 3215 perhibet.
1130 3179 1182 3187 —
1197 3151 1330 3198 Varia
1354 3154 1421 3198 in·

181 3238 289 3275 sunt
315 3230 564 3292 opuscula,
590 3245 647 3275 ex
673 3228 845 3291 quibus
875 3229 930 3275 ad
963 3239 1167 3275 nostrum
1204 3230 1420 3275 volumen

181 3307 411 3366 pertinent
427 3306 655 3369 primum,
689 3306 899 3363 tertium,
933 3316 1166 3367 quartum,
1188 3307 1419 3368 quintum,

181 3381 280 3428 sive
291 3382 519 3444 Anonymi
536 3382 744 3446 periplus
762 3382 898 3430 Ponti
916 3382 1084 3430 Euxini
1104 3384 1311 3444 mutilus,
1328 3385 1417 3429 Ar-

183 3454 305 3502 riani
340 3455 475 3502 Ponti
509 3457 734 3519 periplus,
765 3458 999 3518 Anonymi
1029 3474 1108 3504 seu
1138 3457 1421 3504 Pseudo-Ar·

60 3541 129 3580 ⁶,
183 3529 303 3576 riani
325 3531 532 3593 periplus
564 3532 703 3577 maris
723 3531 943 3593 Erythraei
964 3543 1006 3578 et
1030 3532 1273 3592 Navigatio
1292 3533 1416 3578 llan-

181 3604 335 3654 nonis.
388 3606 596 3653 Primum
640 3624 758 3669 opus
798 3609 1043 3670 descripsit
1083 3609 1351 3664 Salmasius,
1393 3625 1419 3655 e

134 3691 135 3694 ’
182 3679 320 3744 cujus
360 3682 627 3745 apographo
670 3682 815 3728 edidit
851 3683 1065 3740 Vossius3
1115 3685 1291 3746 reliqua
1329 3685 1417 3730 tria

175 3755 295 3804 ,satis
319 3767 529 3804 accurate
553 3759 842 3820 transcripsit
872 3759 1108 3806 Gelenius.
1133 3761 1245 3814 Quae
1265 3758 1322 3805 ab
1345 3759 1417 3805 his

181 3833 355 3891 omissa
375 3845 500 3894 sunt,
520 3835 793 3899 supplerunt
816 3837 897 3896 qui
916 3836 1080 3882 iterum
1099 3836 1303 3882 codicem
1329 3852 1417 3881 ex-

182 3919 440 3968 cusserunt,
466 3909 647 3957 Bastius
670 3911 718 3957 in
735 3910 929 3973 Epistol.
952 3913 1054 3958 crit.
1075 3922 1119 3957 et
1144 3911 1414 3972 Bernhardy

181 3983 231 4030 in
258 3984 461 4034 Analect.
484 3985 533 4032 iu
568 3984 738 4047 Geogr.
779 3987 889 4034 min.
920 3986 1012 4034 Nos
1035 3987 1202 4048 gratias
1236 3988 1414 4047 agimus

158 4156 229 4252 328,

170 4333 217 4354 'aa

1496 2252 1842 2302 humanissimis
1863 2253 2158 2303 bibliothecae
2183 2255 2584 2318 Heidelbergensis
2606 2272 2735 2321 prae-

1498 2329 1647 2386 sectis,
1685 2332 1766 2392 qui
1792 2332 2066 2392 rogantibus
2098 2331 2239 2378 nobis
2274 2342 2326 2378 ut
2348 2331 2554 2381 Parisios
2591 2333 2733 2382 codex

1496 2404 1741 2460 reviseret,
1780 2403 2108 2466 permiserunt.
2149 2406 2307 2452 Serius
2345 2414 2495 2454 tamen
2528 2399 2734 2466 adv‘mit,

1496 2494 1636 2539 quum
1658 2479 1860 2540 plurima
1870 2479 1966 2541 jam
1984 2490 2116 2526 erant
2137 2483 2257 2542 typis
2272 2496 2505 2542 expressa.
2521 2481 2737 2531 &termis

1495 2555 1637 2599 series
1660 2554 1990 2613 opusculorum
2015 2556 2062 2600 in
2084 2555 2243 2601 codice
2264 2555 2358 2601 liae
2372 2566 2441 2602 est
2466 2573 2477 2602 ε

1566 2645 1603 2674 ι.
1625 2628 1737 2674 Pars
1755 2629 1985 2689 posterior
2003 2629 2173 2691 peripli
2208 2629 2344 2676 Ponti
2377 2628 2574 2692 Euxini,
2601 2634 2732 2695 cujtts

1494 2703 1644 2763 prima
1661 2701 1802 2748 verba
1823 2719 1834 2750 :
1853 2707 1960 2763 σμοῦ
1985 2721 2028 2748 τι
2040 2704 2168 2756 πάθος
2183 2739 2195 2760 ,
2221 2714 2450 2766 postrema
2477 2706 2528 2767 (f.
2546 2707 2576 2752 6
2600 2711 2700 2771 vso)
2716 2725 2734 2754 ι

1494 2775 1582 2822 ἔστι
1606 2775 1649 2822 δὲ
1673 2778 1743 2822 καὶ
1765 2781 1787 2823 ὁ
1816 2777 2039 2840 περίπλους
2058 2781 2132 2834 τῆς
2170 2778 2407 2833 Μαιώτιδος
2436 2779 2586 2841 λίμνης
2612 2783 2732 2830 σταδ.

1495 2855 1547 2913 fi,
1571 2852 1661 2912 μιλ.
1691 2852 1788 2913 μα’.
1813 2853 2163 2915 Subscriptione
2183 2865 2328 2912 caret;
2363 2870 2448 2902 nec
2467 2855 2658 2905 alinde
2674 2857 2738 2906 de

1494 2927 1680 2972 nominc
1697 2929 1896 2974 auctoris
1923 2939 2114 2974 constat.
2141 2929 2386 2992 Exemplar
2416 2929 2572 2980 scriba
2592 2930 2735 2993 disi->

1493 3001 1593 3048 buit
1618 3004 1735 3048 male
1751 3006 2033 3065 castigatum.

1558 3095 1602 3123 α.
1629 3078 1846 3139 Sequitur
1868 3080 1944 3126 sol.
1971 3097 1996 3137 7
2017 3085 2086 3127 τοῦ
2110 3081 2352 3144 [Ἀρριανοῦ
2375 3081 2475 3130 Hoc
2493 3098 2598 3131 voc.
2624 3098 2732 3132 ent-

1490 3155 1617 3216 sum]
1634 3159 1900 3216 κυνηγετικοῦ
1913 3157 2135 3215 κεφάλαια.
2147 3157 2188 3202 Τ
2191 3173 2266 3203 um
2283 3157 2343 3204 fol
2352 3192 2362 3203 .
2379 3159 2407 3204 8
2420 3158 2572 3220 ipsum
2582 3166 2703 3221 opus
2713 3176 2729 3204 τ

1490 3228 1699 3291 Ἀρριανοῦ
1720 3231 1997 3290 κυνηγετικός.
2021 3231 2262 3276 Recentior
2283 3246 2443 3277 manus
2458 3245 2602 3293 supra
2618 3233 2729 3278 scri-

1489 3305 1579 3365 psit
1614 3323 1623 3350 :
1662 3307 1926 3369 Ξενοφῶντος
1959 3306 2171 3361 Ἀθηναίου
2216 3310 2285 3353 τοῦ
2324 3306 2537 3369 δευτέρους
2566 3307 2725 3362 eadem

1490 3398 1651 3428 manus
1666 3384 1712 3428 in
1730 3383 1839 3429 solio
1854 3400 1876 3441 7
1893 3393 1937 3429 et
1949 3383 2052 3429 aliis
2067 3382 2212 3429 libelli
2227 3383 2340 3430 locis
2355 3383 2543 3431 Arriani
2559 3398 2734 3432 nomen

1486 3459 1778 3519 exstirpavit.

1553 3533 1595 3579 3.
1625 3532 1719 3579 fol.
1746 3535 1806 3578 30
1831 3549 1914 3579 vso
1938 3550 1948 3579 τ
1975 3533 2183 3598 Ἀρριανοῦ
2207 3534 2402 3590 ἱπιστολὴ
2424 3534 2523 3598 πρὸς
2555 3535 2734 3599 Τραϊα-

1486 3607 1569 3664 νὸν,
1593 3610 1634 3654 ἐν
1664 3602 1693 3669 ᾖ
1718 3609 1787 3654 καὶ
1814 3609 2036 3672 πιρίπλους
2065 3615 2135 3657 τοῦ
2172 3610 2361 3665 Εὐξείνου
2395 3610 2561 3660 πόντου.
2589 3609 2731 3659 Redit

1488 3684 1647 3731 titulus
1671 3684 1726 3730 ad
1752 3685 1919 3731 calcem
1941 3685 2070 3743 libri,
2092 3685 2170 3732 ubi
2205 3685 2358 3732 scriba
2384 3695 2568 3734 monet:
2590 3683 2736 3747 Aua'ip-⁴

1487 3763 1614 3806 Θωται
1637 3759 1738 3822 πρὸς
1753 3761 1798 3805 οὗ
1816 3761 2036 3806 σπουδαῖον
2057 3760 2320 3825 ἀντίγραφον.
2345 3760 2630 3822 Quamquam
2647 3758 2734 3806 hic-

1487 3835 1673 3882 libellus
1697 3835 1841 3882 multo
1861 3837 2014 3883 minus
2026 3852 2162 3899 quam
2187 3835 2456 3884 antecedens
2481 3842 2527 3881 et
2544 3832 2732 3895 reliqua

1487 3914 1642 3957 omnia
1665 3912 1859 3957 laborat.

1551 3994 1594 4041 lt·
1619 3986 1712 4033 1⁷⁰¹·
1751 3995 1807 4042 40
1836 4004 1915 4035 vso
1937 4006 1946 4034 t
1973 3986 2182 4053 Ἀρριανοῦ
2202 3986 2268 4052 (i.
2284 4001 2325 4033 e.
2352 3982 2613 4045 Anonymi)
2647 3995 2730 4028 trs*
