2782 4348
0 0 35 143 ι

9 147 26 185 ³:

145 145 235 206 (ὑλ)

13 240 123 327 ξΙιοῐ.
197 266 254 297 87.
283 254 348 314 Τῇ
376 256 417 300 δὲ
451 258 644 320 εἰρημένῃ
681 261 866 324 παραλίᾳ
898 264 1092 311 συνάπτει
1117 268 1191 327 μὲν
1217 272 1363 331 τόπος,

135 314 177 359 ὃν
214 323 547 384 προσηγόρευσαν
580 328 752 381 Νῆσσαν
794 330 874 374 ἀπὸ
897 335 970 386 τῆς
990 339 1060 379 τοῦ
1099 337 1201 389 ζώου
1235 343 1360 387 πολυ-

135 389 330 443 πληθίας·
354 383 457 447 αὕτη
477 392 518 437 δὲ
541 397 565 448 ἡ
596 398 745 450 Νῆσσα
766 398 898 444 κεῖται
923 401 997 460 μὲν
1020 404 1139 464 ἔγγὺς
1170 411 1359 470 ἀκρωτη-

134 455 218 515 ρίου
250 462 342 504 καθ’
364 460 593 522 ὖπερὸολὴν
628 463 823 523 ὑλώδους,
847 468 1036 516 διατείνει
1052 473 1094 518 δὲ
1115 476 1180 520 ἐπ’
1204 480 1358 532 εὐθείας

89 534 109 562 5
132 525 386 586 θεωρουμένη
425 529 527 590 πρός
546 549 589 575 τε
609 531 683 587 τὴν
718 534 884 598 Πέτραν
914 541 1171 600 καλουμένην
1193 547 1263 591 καὶ
1288 548 1359 603 τὴν

130 594 428 652 Παλαιστίνην,
452 599 508 650 εἷς
526 599 576 655 ἣν
611 603 804 663 Γερραῖοι
837 606 906 651 καὶ
927 609 1097 657 Μιναῖοι
1115 615 1184 659 καὶ
1208 617 1357 671 πάντες

126 663 163 706 οἵ
183 662 355 718 πλησίον
377 664 538 727 ἔχοντες
556 669 629 722 τὰς
651 672 827 727 οἰκήσεις
841 673 1016 737 Ἄραὸες
1031 680 1098 726 τόν
1123 702 1166 728 τε
1185 685 1358 733 λιὸανω-

122 729 204 787 τὸν,
230 734 284 782 ὡς
307 734 446 794 λόγος,
469 737 539 782 καὶ
562 739 613 783 τὰ
634 742 777 803 φορτία
798 743 849 789 τὰ
869 746 968 808 πρὸς
990 751 1162 797 εὐωδίαν
1185 755 1355 811 ἀνήκον-

119 817 171 844 τα
195 800 277 845 ἀπὸ
303 805 374 858 τῆς
394 803 534 867 χώρας
551 811 622 863 τ’ῆς
647 810 731 855 ἄνω
749 813 1015 875 κατάγουσιν.
1288 832 1291 835 “

1071 168 1152 214 DE
1185 171 1338 218 MA-Rl
1373 175 1583 224 ERYTH
1595 182 1745 228 RAEO.

2583 225 2595 257 1
2611 225 2630 260 7
2642 225 2663 261 7

1496 287 1564 339 87.
1598 290 1726 331 Oram
1755 292 1862 334 hanc
1891 297 2052 351 attingit
2080 300 2216 353 locus,
2248 320 2369 359 quem
2399 313 2565 356 Nessum
2598 334 2667 361 seu

1433 359 1607 402 Anatem
1634 363 1648 418 (
1664 365 1759 407 deb.
1779 380 1788 407 :
1813 370 1989 422 attingit
2013 371 2163 423 insula,
2189 392 2310 432 qaam
2327 383 2552 428 Phocarum
2570 393 2584 442 )
2604 394 2655 433 ab

1431 434 1615 475 animalis
1630 437 1752 493 hujus
1765 443 2029 488 multitudine
2042 461 2297 506 nuncupant.
2323 457 2347 495 J
2349 466 2437 497 acet
2449 459 2534 501 haec
2546 462 2666 517 juxta

1429 515 1764 561 promontorium
1794 521 1980 574 apprime
2014 523 2236 576 silvosum,
2267 537 2306 569 et
2327 530 2431 572 linea
2471 546 2587 580 recta
2616 543 2667 583 ad

1429 589 1611 642 Petram,
1634 609 1759 648 quam
1779 610 1942 652 vocant,
1967 612 2009 644 et
2029 605 2285 650 Palaestinam
2306 612 2456 664 tendit,
2482 617 2525 658 in
2543 633 2666 674 quam

1428 669 1613 711 Gerrhaei
1629 680 1670 713 et
1689 675 1828 717 Minaei
1848 687 1889 719 et
1907 694 2050 722 omnes
2072 684 2114 723 in
2134 688 2368 744 propinquo
2389 696 2543 738 Arabes
2570 700 2666 742 thus

1431 747 1446 804 (
1466 758 1514 790 ut
1529 750 1666 794 ferunt
1680 756 1702 811 )⁴
1714 764 1754 796 et
1769 771 1910 800 rerum
1933 761 2202 817 fragrantium
2222 774 2398 814 sarcinas
2418 789 2439 815 e
2461 782 2661 834 superiori

1431 832 1647 885 provincia
1661 834 1898 892 deportant.

645 906 2149 946 -ὴᾺἊ

0 937 103 977 Diod.
120 931 208 977 δίαν
234 934 437 989 ἀνήκοντα
461 939 724 1000 κατάγουσιν,
741 947 794 996 ὡς
815 946 954 1006 λόγος,
979 952 1024 995 ἐκ
1043 956 1117 1008 τῆς
1140 955 1225 1001 ἄνω
1240 959 1351 1019 λεγο-

62 1029 67 1034 ·
116 1000 241 1060 μένης
264 1003 456 1064 Ἀραὸίας
476 1007 517 1054 οἵ
535 1029 578 1055 τε
602 1014 792 1075 Γερραῖοι
816 1016 887 1060 καὶ
907 1020 1118 1070 Μινναῒοι.

176 1088 233 1118 88.
275 1074 365 1130 Τὴν
407 1077 441 1121 δ’
479 1078 568 1135 ἑξῆς
603 1085 939 1144 παραθαλάττιον
977 1090 1023 1135 τὸ
1060 1093 1134 1151 μὲν
1173 1097 1349 1149 παλαιὸν

113 1140 303 1200 ἐνέμοντο
326 1148 579 1207 Μαρανῖται,
602 1151 708 1209 μετὰ
726 1153 766 1199 δὲ
789 1160 917 1201 ταῦτα
936 1161 1214 1222 Γαρινδανεῖς,
1236 1166 1348 1220 ὄντες

107 1304 401 1344 monasterium
447 1308 654 1360 pertinet,
693 1315 917 1355 monachos
962 1317 1085 1360 habet
1125 1324 1339 1377 custodes,

105 1362 249 1417 priscae
263 1363 529 1419 longaevitatis
545 1370 730 1415 heredes.
755 1396 772 1411 κ
791 1378 1026 1420 We-sound
1045 1397 1097 1422 an
1113 1384 1182 1424 old
1196 1387 1337 1440 priest‚

106 1436 160 1475 70
181 1439 295 1478 years
317 1427 367 1467 of
380 1442 468 1481 age,
493 1431 588 1471 who
610 1433 693 1475 had
723 1436 893 1479 fulfilled
916 1441 1004 1482 that
1026 1443 1128 1500 duty
1150 1446 1215 1488 sor
1234 1448 1342 1506 sorty

103 1497 233 1538 years.
255 1489 330 1527 His
348 1489 578 1533 habitation
603 1509 684 1536 was
707 1512 730 1538 a
751 1502 867 1542 small
890 1517 1036 1557 square
1055 1515 1198 1560 tower‚
1231 1526 1341 1553 erec-

102 1546 171 1586 ted
193 1549 234 1588 in
258 1564 336 1590 one
364 1566 512 1594 corner
534 1555 583 1595 of
598 1557 667 1598 the
693 1561 846 1612 garden
861 1595 873 1614 ,
909 1566 1170 1611 inaccessible
1195 1585 1340 1630 except

100 1607 156 1663 by
178 1625 296 1652 mean
320 1613 368 1653 of
383 1629 407 1654 a
425 1609 581 1668 ladder‚
603 1620 739 1662 which
753 1654 765 1674 ,
793 1625 913 1666 when
928 1629 1100 1684 retiring
1123 1641 1165 1672 to
1188 1635 1250 1675 his
1269 1652 1334 1678 re-

99 1677 204 1712 treat
235 1674 277 1714 in
310 1675 386 1716 less
416 1681 595 1734 tranquil
615 1683 714 1724 time
729 1716 741 1735 ,
773 1686 825 1727 he
854 1687 970 1730 draw
991 1705 1048 1746 up
1063 1693 1166 1735 after
1188 1696 1289 1739 him.
1313 1717 1329 1738 »

101 1734 309 1777 Wellsted.
341 1741 510 1781 Travels
534 1742 576 1782 in
603 1746 770 1787 Arabia
790 1751 835 1799 Ι,
867 1765 909 1805 p.
939 1766 1005 1793 11.

153 1798 174 1847 §
194 1802 264 1848 87,
282 1799 310 1840 l.
330 1813 370 1840 2.
395 1801 431 1842 N
439 1805 463 1854 ῆ
477 1807 618 1861 σσαν]
644 1827 660 1843 α
689 1810 895 1864 Equidem
915 1816 1227 1869 Agatharchidis
1245 1822 1331 1864 haec

95 1870 180 1898 esse
191 1859 332 1902 induci
349 1872 395 1904 ut
407 1865 587 1919 credam,
602 1871 780 1914 necdum
791 1889 960 1930 poss-um
974 1895 985 1929 3
1000 1882 1330 1934 prohibentDio-

93 1918 220 1961 dorus
245 1931 285 1964 et
301 1927 592 1971 Artemidorus
607 1963 618 1982 ,
645 1948 667 1973 e
690 1949 773 1988 quo
795 1951 868 1979 sua
886 1940 1033 1982 Strabo
1046 1959 1057 1993 ;
1084 1945 1233 1988 Photio
1254 1963 1329 2003 po-

92 1981 172 2022 tius
205 1985 396 2029 vitiosum
430 1990 616 2035 codicem
650 2006 790 2038 secuto
821 2015 869 2041 ea
900 2003 1099 2047 tribuero.
1137 2009 1243 2051 Nam
1275 2026 1327 2052 ne

90 2043 215 2086 alium
232 2046 368 2091 locum
387 2052 538 2106 signari
556 2066 676 2111 putes
690 2091 701 2109 ‚
726 2061 869 2103 eadem
889 2067 1028 2108 omnia
1048 2083 1139 2124 quae
1166 2073 1324 2115 Phoca-

87 2119 182 2147 rum
205 2109 346 2152 insulae
374 2115 586 2159 Diodorus
615 2129 656 2161 et
686 2123 833 2165 Strabo
859 2127 1073 2181 tribuunt,
1108 2134 1244 2176 Nessae
1266 2138 1322 2178 illi

87 2169 130 2209 in
152 2172 365 2229 Excerptis
383 2180 462 2232 Ag.
499 2180 665 2225 dantur.
703 2205 719 2220 κ
744 2188 1027 2247 WEsstNG.
1058 2194 1110 2234 ad
1142 2198 1318 2241 Diodor.

85 2233 209 2274 Recte
240 2235 352 2277 haud
384 2239 524 2283 dubie.
568 2246 687 2286 Certe
718 2249 822 2289 nihil
854 2251 939 2291 huc
972 2256 1150 2307 pertinet
1186 2274 1320 2315 neque

85 2295 207 2335 Beled
235 2298 274 2338 el
297 2302 480 2343 Nessara
505 2304 564 2361 (i.
592 2322 629 2348 e.
659 2309 772 2350 vicus
806 2312 1151 2360 Christianorum.
1184 2322 1316 2364 Well-

84 2356 187 2397 sted.
206 2360 241 2408 I,
260 2374 302 2414 p.
326 2377 349 2414 9
367 2364 383 2416 )
402 2378 532 2420 prope
557 2371 639 2409 Tor
654 2371 822 2423 urbem,
848 2389 982 2429 neque
1004 2380 1132 2421 Wadi
1148 2385 1317 2427 Nassab

83 2417 135 2458 ad
171 2421 308 2462 sinum
341 2425 697 2483 Heroopoliticum
737 2433 844 2489 (sub
878 2441 952 2491 29⁰
987 2440 1057 2482 lat.
1095 2444 1137 2484 in
1167 2460 1315 2504 mappa

81 2481 244 2523 Sinaitae
284 2487 509 2539 peninsulae
543 2506 608 2547 ap.
646 2495 942 2540 Wellstedium
961 2499 994 2556 ),
1033 2518 1167 2560 neque
1199 2511 1314 2563 quod

80 2541 132 2582 ad
160 2545 422 2589 AElaniticum
451 2551 588 2593 sinum
621 2569 671 2596 ex
688 2559 930 2600 Burchardo
963 2564 1145 2607 Ritterus
1165 2567 1310 2625 (XIV,

78 2617 121 2657 p.
144 2604 249 2662 558)
270 2619 471 2651 memorat
487 2615 543 2651 W
539 2613 613 2654 adi
623 2619 798 2659 Nasseb.
813 2622 1005 2665 Occurrit
1020 2627 1189 2680 quidem
1201 2634 1312 2687 apud

76 2666 256 2708 Plinium
274 2670 350 2721 VI,
374 2672 426 2712 32
448 2677 583 2715 Nessa
611 2678 799 2732 quaedam
822 2682 930 2724 inter
945 2687 1099 2741 oppida
1116 2692 1279 2736 Arabiae
1294 2727 1307 2747 ,

76 2727 148 2767 sed
171 2730 212 2769 in
232 2730 324 2773 loco
345 2747 370 2773 a
387 2734 507 2775 nobis
537 2751 706 2791 prorsus
728 2742 876 2786 alieno.
898 2747 1133 2792 Phocarum
1152 2768 1279 2808 genus
1293 2789 1306 2809 ,

74 2789 282 2843 Halicore,
307 2794 421 2848 quod
442 2795 495 2836 ad
514 2798 651 2841 sinum
672 2803 934 2850 AElaniticum
957 2813 1080 2854 etiam
1108 2829 1222 2859 nunc
1244 2834 1309 2861 ca-

71 2852 199 2905 pitur,
225 2854 276 2894 ab
308 2856 511 2912 indigenis
535 2873 705 2906 vocatur
725 2869 851 2910 Nat-a
881 2872 946 2913 vel
980 2876 1119 2918 Παλ-ατ
1142 2879 1182 2919 el
1205 2881 1310 2924 balzr

75 2914 120 2969 (i.
145 2931 182 2957 e.
200 2932 328 2960 vacca
346 2922 511 2980 maris),

69 3103 253 3147 similiter
278 3110 470 3164 appellari
495 3117 703 3169 potuerit,
746 3121 755 3129 ‘

68 3177 161 3217 gere
181 3167 298 3210 liceat
315 3172 428 3214 hunc
446 3174 531 3216 fere
549 3178 592 3218 in
617 3180 790 3223 modum
813 3198 822 3225 :
848 3186 1035 3230 Συνάπτει
1056 3192 1123 3247 μὲν
1152 3196 1301 3247 τούτοις

67 3228 149 3273 τοῖς
170 3230 297 3279 τόποις
313 3236 426 3285 νῆσος
443 3236 490 3289 ἣν
509 3237 822 3297 προσηγόρευσαν
846 3247 1005 3301 Νησσὰν
1023 3251 1110 3304 ἤτοι
1126 3256 1294 3312 Φωκῶν,

69 3285 143 3327 ἀπὸ
184 3291 270 3332 κτλ.
305 3297 642 3344 Promontorium
678 3305 692 3361 (
711 3305 948 3366 ἀκρωτήριον
986 3317 1054 3367 τῆς
1086 3316 1292 3380 ἠπείρου),

66 3349 182 3404 cujus
214 3367 365 3397 nomen
396 3373 519 3402 nemo
542 3365 691 3418 tradit,
713 3370 858 3413 ultima
888 3383 949 3416 est
974 3380 1200 3432 peninsulae
1225 3400 1295 3427 ex-

65 3413 245 3454 tremitas
258 3446 269 3465 ,
294 3421 408 3460 tenui
443 3425 563 3466 taenia
584 3427 704 3482 longe
731 3445 1006 3490 procurrens,
1027 3443 1141 3496 quod
1170 3445 1294 3490 hodie

62 3486 255 3516 vocamus
274 3481 358 3520 Ras
378 3484 621 3538 Mahomed,-
644 3490 801 3545 adjacet
818 3510 945 3550 parva
958 3501 1090 3545 insula
1106 3536 1117 3555 ‚
1140 3506 1192 3548 de
1210 3524 1292 3565 qua

60 3537 313 3580 monuimus.
335 3541 570 3589 Gosselinus
584 3551 814 3596 Phocarum
836 3559 1010 3604 insulam
1029 3565 1072 3606 in
1088 3567 1289 3615 hodierna

59 3598 292 3651 Schedaan,
323 3605 462 3661 Libyae
494 3624 617 3664 quam
645 3617 807 3659 Arabiae
835 3625 1043 3678 propiori,
1075 3634 1283 3687 quaesivit3

58 3660 299 3704 Mannertus
311 3664 362 3706 de
377 3668 508 3711 insula
527 3675 661 3727 Tyran
674 3680 880 3732 cogitavit.
898 3685 1029 3738 11-4.
1044 3689 1065 3729 ἓ
1080 3705 1155 3733 ιατ
1167 3709 1183 3734 ε
1195 3695 1232 3737 ἰν
1246 3713 1262 3738 ε
1275 3713 1288 3739 ι-

57 3722 77 3734 Ν

56 3722 128 3772 οὲ,
167 3725 313 3782 κτλ.]
334 3729 426 3770 Hoc
443 3730 495 3773 de
517 3742 803 3788 promontorio
824 3743 925 3786 dicit
946 3749 1178 3807 Diodorus,
1212 3773 1287 3801 nee

54 3797 139 3824 non
155 3788 441 3832 Artemidorus
459 3805 469 3833 :
484 3793 505 3833 ’ὸ
518 3795 695 3840 διατείνει
714 3802 804 3857 πρὸς
815 3803 884 3857 τὴν
902 3808 1063 3865 Πέτραν,
1086 3815 1114 3855 i.
1137 3832 1173 3859 e.
1191 3834 1287 3875 pro-

53 3850 250 3890 montorii
284 3859 436 3894 tractus
462 3855 518 3897 ita
546 3857 725 3902 directus
757 3874 842 3918 est,
866 3877 914 3910 ut
941 3870 1049 3915 linea
1075 3887 1187 3921 recta
1211 3896 1287 3937 per

52 3906 351 3963 longitudinem
379 3915 467 3971 ejus
482 3917 606 3962 ducta
624 3922 792 3968 boream
807 3944 947 3973 versus
962 3936 1124 3980 Petram
1151 3950 1192 3983 et
1209 3946 1285 3987 Pa-

53 3969 246 4014 laestinam
270 3984 420 4032 tangat.
443 3982 702 4039 Quamquam
727 3990 862 4033 minus
889 3993 969 4037 hoc
991 4011 1177 4045 accurate
1201 4014 1281 4050 tra-

215 4060 344 4092 61506ῐί-
367 4064 396 4094 Ῑ.

1422 975 1506 1019 tur,
1532 985 1582 1011 ex
1615 973 1767 1016 Arabia
1800 980 2003 1033 superiori
2036 983 2220 1028 Gerrhaei
2256 997 2296 1029 et
2316 992 2483 1036 Minnaei
2507 1012 2656 1042 conve·

1422 1036 1543 1079 hunt.

1478 1109 1547 1149 88.
1575 1108 1589 1165 (
1609 1113 1706 1167 Cap.
1730 1115 1797 1162 43.
1818 1115 1832 1172 )
1856 1118 1982 1158 Oram
1998 1126 2296 1179 quae·sequitur
2313 1132 2536 1188 antiquitus
2550 1138 2656 1180 cole-

1418 1173 1518 1216 bant
1544 1178 1772 1232 Maranitae,
1804 1193 1944 1238 postea
1965 1196 2101 1230 autem
2129 1193 2472 1254 Garindanenses,
2493 1207 2562 1259 qui
2592 1223 2654 1248 re-

1413 1329 1539 1373 ditur.
1563 1338 1581 1387 ΙΙ
1597 1359 1654 1366 —
1668 1337 1706 1377 5.
1726 1339 1762 1377 H
1774 1341 1821 1380 έτ
1833 1357 1852 1395 ρ
1865 1357 1888 1381 α
1901 1346 1950 1398 ν]
1966 1347 2029 1385 De
2045 1349 2179 1400 Petra,
2198 1366 2346 1406 magno
2362 1357 2447 1398 istis
2459 1367 2652 1417 tempori-

1412 1392 1489 1434 bus
1502 1399 1703 1451 emporio,
1723 1403 1836 1456 quod
1852 1419 1901 1445 ex
1914 1408 2173 1453 meridionali
2189 1417 2340 1459 Arabia
2349 1421 2488 1463 Minaei
2503 1439 2555 1478 70
2567 1426 2652 1468 die-

1410 1459 1675 1512 rumitinere,
1688 1477 1738 1503 ex
1747 1479 1819 1506 ora
1833 1468 1947 1508 sinus
1963 1472 2114 1513 Persici
2128 1478 2183 1524 40
2199 1476 2362 1521 dierum
2378 1483 2443 1524 via
2464 1486 2646 1530 Gerrhaei

1408 1520 1624 1572 petebant,
1660 1525 1703 1565 in
1723 1528 1837 1581 quod
1870 1545 1892 1571 a
1911 1533 2169 1578 Leucocome
2199 1551 2325 1594 portu
2356 1559 2513 1588 merces
2543 1554 2645 1592 mari

1407 1580 1586 1624 advectae
1600 1584 1925 1641 deportabantur
1940 1594 2175 1652 (Perile.
2195 1603 2325 1645 Rubr.
2339 1620 2382 1661 p.
2405 1622 2450 1649 11
2469 1612 2640 1668 Huds.)‚

1406 1645 1559 1685 multus
1574 1657 1633 1688 est
1644 1651 1825 1692 Ritterus
1842 1655 2014 1712 XIV,p.
2034 1663 2110 1702 118
2127 1676 2216 1718 sqq.
2240 1668 2257 1718 Η
2274 1690 2332 1697 —
2347 1673 2386 1709 6.
2405 1670 2447 1710 M
2461 1686 2471 1710 ι
2484 1687 2502 1712 ν
2517 1688 2540 1713 α
2553 1676 2597 1714 ῖό
2613 1678 2639 1731 ι]

1402 1704 1589 1749 Μινναῗοι
1618 1712 1701 1752 BC.
1722 1715 1898 1757 ,Miuoeos
1933 1718 2079 1763 dicunt
2101 1725 2225 1766 etiam
2254 1729 2411 1771 Plinius
2441 1735 2527 1786 VI,
2565 1738 2631 1779 32.

1400 1767 1505 1819 XII,
1529 1771 1603 1823 30,
1635 1775 1878 1820 Ptolemaeus
1903 1782 1979 1831 VI,
2000 1798 2024 1836 7
2049 1799 2092 1839 p.
2118 1789 2198 1841 407
2215 1797 2255 1829 et
2279 1792 2506 1847 Stephanus
2538 1800 2635 1853 Byz.

1403 1845 1440 1871 v.
1473 1832 1679 1888 Κάρνακα,
1713 1854 1841 1895 eaque
1873 1844 2075 1899 scriptura
2097 1851 2277 1892 nominis
2306 1855 2437 1907 (hod.
2471 1862 2636 1915 lemen)

1396 1903 1578 1947 praestat.
1609 1898 1794 1942 Μινναῖοι
1816 1904 1992 1947 Diodori
2026 1910 2150 1952 codd.
2158 1943 2169 1962 ,
2202 1915 2377 1970 Dionys,
2399 1920 2492 1960 Per.
2529 1923 2609 1977 959
2622 1956 2632 1974 ‚

1394 1956 1629 2000 Marcianus
1658 1963 1758 2004 Her.
1788 1979 1854 2020 ap.
1877 1968 2071 2023 Stephan.
2093 1987 2133 2014 v.
2157 1974 2344 2018 Μινναΐοι
2369 1978 2383 2035 (
2402 1981 2475 2022 ubi
2492 1993 2634 2027 contra

1394 2017 1519 2060 codd.
1554 2025 1839 2068 auctoritatem
1871 2030 2034 2073 Μιναῖοι
2062 2036 2316 2091 scripserunt
2347 2043 2556 2087 Berkelius
2593 2058 2633 2089 et

1391 2080 1623 2125 Meinekius
1638 2085 1652 2142 )
1670 2103 1681 2137 ;
1704 2088 1886 2131 Μειναῖοι
1907 2094 2031 2136 codd.
2058 2098 2274 2141 Strabonis
2290 2117 2333 2157 p.
2357 2109 2451 2160 767.
2676 2149 2678 2152 ,

1447 2147 1556 2195 388,
1575 2147 1603 2188 l.
1619 2162 1683 2190 12.
1702 2149 1785 2202 τὴν
1810 2154 1851 2192 δ’
1876 2154 1950 2208 ἐξῆ
1965 2159 2007 2213 ς]
2026 2159 2055 2200 i.
2071 2175 2106 2201 e.
2126 2176 2241 2204 oram
2257 2165 2354 2207 inde
2371 2168 2423 2210 ab
2439 2173 2630 2214 RasMa-

1388 2203 1531 2247 homed
1559 2224 1687 2265 usque
1703 2213 1755 2253 ad
1772 2217 1922 2258 ostium
1938 2220 2052 2260 sinus
2075 2223 2295 2277 AElanitici,
2315 2229 2366 2269 de
2382 2245 2465 2285 quo
2490 2249 2624 2278 sermo

1388 2275 1447 2306 est
1466 2271 1488 2320 S
1506 2272 1575 2323 89.
1596 2274 1615 2324 Η
1631 2297 1688 2305 —
1707 2276 1770 2316 13.
1793 2277 1902 2333 Μαρ
1921 2295 1945 2320 α
1959 2295 1977 2321 ν
1993 2283 2077 2323 ΐτα
2092 2286 2133 2339 ι]
2151 2287 2322 2330 Codices
2341 2293 2515 2336 Diodori
2532 2298 2574 2338 h.
2596 2301 2622 2340 1.

1385 2327 1594 2383 Μαρανεῖς,
1614 2334 1838 2390 Μαριανεῖς,
1863 2341 2061 2396 Μαρινεῖς,
2086 2346 2279 2402 Ναρινεῖς,
2302 2352 2497 2408 Νεαρῖνες,
2522 2359 2623 2399 Νεα-

1385 2393 1520 2443 ρινεῖς;
1544 2402 1585 2434 at
1602 2397 1739 2449 paullo
1766 2409 1859 2453 post
1879 2415 1889 2442 :
1911 2403 2153 2459 Μαρανητῶν
2177 2419 2218 2450 et
2238 2412 2486 2467 Μαρανιτῶν.
2511 2420 2621 2462 Stra-

1382 2451 1503 2493 bonis
1522 2455 1645 2498 codd.
1667 2471 1676 2499 :
1699 2460 1950 2516 Μαρανειτῶν
1967 2475 2006 2507 et
2029 2468 2274 2524 Μαρανιτῶν.
2296 2476 2457 2518 Nomen
2476 2484 2618 2536 populi

1383 2515 1445 2555 vel
1460 2518 1772 2570 Agatharchidis
1787 2534 1902 2567 aetate
1921 2527 2041 2571 deleti
2057 2546 2080 2572 a
2102 2535 2266 2576 serioris
2289 2539 2362 2579 aevi
2378 2545 2618 2598 geographis

1380 2590 1466 2617 non
1495 2584 1717 2624 memorari
1753 2586 1865 2629 haud
1898 2591 2050 2633 mirum
2081 2594 2207 2647 soret3
2243 2613 2370 2653 quare
2406 2603 2617 2648 imbecillis

1378 2640 1561 2682 salmasii
1577 2645 1594 2697 (
1610 2644 1662 2685 ad
1673 2647 1801 2690 Solin.
1819 2664 1862 2705 p.
1877 2653 1963 2701 *346
1979 2656 1996 2708 )
2012 2657 2248 2711 conjectura
2262 2676 2339 2716 pro
2360 2664 2580 2720 Μαρανῖται
2594 2686 2616 2711 e

1376 2702 1598 2745 Ptolemaeo
1612 2708 1668 2758 V,
1688 2723 1728 2762 7,
1742 2709 1961 2764 legendum
1977 2730 2062 2757 esse
2081 2720 2299 2775 Φαρανῖται
2320 2724 2403 2780 (W
2399 2727 2473 2768 adi
2487 2732 2525 2769 F
2526 2730 2616 2772 iran

1375 2765 1522 2806 accolae
1534 2766 1566 2822 ),
1585 2770 1787 2822 probante
1802 2774 2016 2818 Gosselino
2035 2782 2091 2831 H,
2108 2796 2151 2836 p.
2171 2786 2268 2835 242,
2290 2801 2366 2828 nec
2387 2788 2615 2845 refragante

1375 2828 1534 2869 Rittero
1563 2832 1680 2883 XIV,
1705 2848 1749 2889 p.
1770 2850 1837 2889 70.
1862 2840 1930 2892 87.
1956 2841 2149 2885 Ceterum
2172 2850 2356 2902 apposite
2375 2852 2612 2896 Gosselinus

1374 2899 1514 2933 contra
1530 2894 1856 2952 Wesselingium
1872 2912 2013 2949 monet
2028 2906 2131 2948 nihil
2147 2908 2200 2949 ad
2214 2912 2436 2955 Maranitas
2449 2925 2611 2958 nostros

1292 2979 1302 2989 .
1373 2952 1506 2995 facere
1538 2959 1740 3001 Maranen
1783 2963 1929 3005 urbem
1975 2981 2042 3022 ap.
2077 2969 2183 3012 Plin.
2222 2974 2308 3025 VI,
2352 2977 2419 3017 32.
2459 2979 2610 3023 Contra

1371 3030 1470 3057 vero
1484 3017 1537 3059 ad
1551 3034 1628 3060 nos
1643 3024 1851 3076 pertinent
1868 3027 2187 3083 Epimaranitae,
2207 3049 2311 3090 quos
2327 3037 2369 3078 in
2383 3039 2529 3083 eodem
2545 3058 2608 3085 ca-

1368 3078 1454 3132 pite
1470 3081 1628 3124 Plinius
1646 3097 1863 3130 memorat.
1881 3091 2046 3133 Etenim
2066 3109 2157 3148 quae
2184 3111 2250 3152 ap.
2268 3099 2447 3142 Plinium
2467 3104 2606 3158 legun-

1284 3159 1300 3168 ·
1368 3148 1437 3181 tur
1453 3143 1549 3185 inde
1567 3160 1591 3186 a
1606 3147 1740 3188 verbis
1763 3162 1773 3190 ε
1796 3153 1943 3192 Gentes
1953 3154 2258 3210 Epimaranitae
2270 3177 2286 3208 ,·
2305 3176 2399 3202 mox
2416 3164 2603 3220 Ichthyo-

1358 3203 1496 3257 phagi
1515 3221 1644 3263 usque
1660 3210 1712 3250 ad
1732 3224 1741 3252 :
1760 3213 1983 3268 emporium
2002 3231 2135 3259 eoram
2150 3220 2278 3261 Acila
2298 3238 2313 3263 .·
2333 3238 2379 3263 ea
2396 3227 2601 3278 pertinent

1365 3264 1419 3305 ad
1439 3267 1757 3326 descriptionem
1789 3289 1871 3316 orae
1898 3278 2105 3320 orientalis
2129 3282 2242 3322 sinus
2266 3285 2429 3327 Arabici
2451 3300 2460 3327 :
2486 3292 2599 3343 quod

1365 3327 1519 3383 fugisse
1547 3334 1747 3387 plurimos
1774 3337 1918 3379 miror.
1939 3342 1957 3392 Η
1973 3364 2030 3372 —
2055 3343 2120 3383 13.
2145 3344 2238 3399 Γαρ
2255 3360 2292 3386 ιν
2305 3347 2389 3388 δαν
2404 3351 2501 3405 εἴς]
2532 3354 2599 3395 Sic

1362 3391 1486 3434 codd.
1505 3395 1607 3447 AD;
1643 3397 1892 3452 Γαρυνδανεῖς
1912 3404 2060 3454 ceteri;
2091 3404 2311 3460 Γαρινδαῖοι
2339 3412 2592 3455 Artemidor.

1360 3467 1428 3508 ap.
1445 3456 1636 3499 Strabon.
1657 3460 1837 3500 Ritterus
1851 3462 1967 3513 XIV,
1986 3478 2028 3519 p.
2049 3467 2116 3521 87.
2146 3470 2238 3517 148.
2254 3473 2400 3515 veteris
2416 3477 2595 3518 nominis

1358 3518 1526 3572 vestigia
1543 3534 1752 3575 superesse
1771 3525 2000 3578 suspicatur
2014 3528 2058 3568 in
2084 3531 2211 3572 Wadi
2234 3533 2495 3587 Gharundel,
2522 3553 2592 3580 cu-

1351 3575 1421 3631 jus
1443 3594 1566 3636 supra
1581 3581 1668 3636 jam
1691 3586 1876 3627 memini.
1902 3587 2068 3631 Addere
2090 3591 2236 3636 licebat
2254 3610 2338 3637 non
2357 3597 2476 3653 longe
2495 3601 2591 3643 inde

1356 3640 1495 3682 abesse
1517 3646 1574 3684 W
1570 3643 1645 3684 adi
1658 3648 1805 3687 ,Marra
1823 3648 1908 3690 sive
1921 3653 2061 3702 Mara,
2086 3654 2129 3694 in
2145 3670 2272 3712 eaque
2287 3661 2452 3714 regione
2468 3662 2590 3704 fuisse

1354 3704 1508 3745 Maran
1529 3704 1667 3747 locum
1698 3706 1862 3763 (Moses
1890 3713 1952 3762 II,
1988 3714 2064 3766 15,
2097 3718 2184 3775 22)
2217 3735 2311 3761 cum
2333 3722 2444 3764 sonte
2473 3739 2586 3778 aquic

1352 3779 1505 3807 amarce
1525 3766 1540 3823 (
1552 3782 1669 3809 mara
1684 3769 1819 3822 hebr.;
1841 3788 1976 3815 morra
1991 3778 2105 3820 arab.
2124 3779 2158 3836 ),
2183 3784 2253 3837 qui
2276 3784 2399 3825 hodie
2424 3794 2482 3825 est
2497 3787 2585 3826 Ain

1351 3828 1532 3868 Howara
1553 3828 1568 3884 (
1584 3831 1715 3872 Ritter
1732 3833 1850 3884 XIV,
1874 3838 1953 3879 818
1971 3838 2003 3895 ),
2025 3839 2128 3882 adeo
2150 3852 2197 3884 ut
2214 3846 2507 3886 Maranitarum
2524 3848 2580 3888 ibi

1350 3888 1465 3930 sedes
1487 3889 1610 3933 fuisse
1627 3894 1863 3949 conjiceres.
1887 3900 1937 3940 At
1959 3903 2080 3944 series
2105 3907 2348 3947 narrationis
2372 3922 2456 3947 non
2486 3909 2578 3951 illuc

1349 3964 1425 3991 nos
1444 3951 1584 4004 ducit,
1606 3955 1677 3996 sed
1699 3957 1750 3997 ad
1785 3974 1896 4001 cram
1931 3963 2147 4006 AElanitico
2169 3968 2276 4007 sinui
2297 3968 2470 4008 vicinam
2486 4001 2497 4020 ‚
2533 3972 2575 4012 in

1351 4027 1432 4068 qua
1463 4015 1634 4058 alterum
1668 4021 1795 4062 Wadi
1825 4026 1968 4065 Mam-a
2003 4041 2149 4083 mappa
2173 4029 2471 4083 Berghausiana
2501 4032 2572 4072 ha·

2370 4114 2405 4142 1:¹2
