2808 4342
469 18 536 74 ,Ο
793 67 804 70 ,

404 111 409 114 ’
699 102 745 149 0

163 208 255 248 270

164 300 296 358 αὐτὴν
309 298 385 356 τὴν
408 298 524 345 δύσιν
543 292 822 352 εἷτενηδιωμ*
842 286 1071 338 Memnona<
1086 287 1255 348 ἀπαντᾷ
1280 288 1402 342 νῆσος

164 370 249 418 ἀπὸ
263 367 441 416 σταδίων
462 370 536 421 τῆς
556 370 631 427 γῆς
648 361 740 414 {nesi
755 355 1015 422 τριακοσίων,
1029 351 1205 409 ταπεινὴ
1224 352 1297 399 καὶ
1319 371 1400 400 κα·

165 439 404 501 τάδενδρος,
426 438 469 481 ἐν
490 429 519 496 ᾗ
540 432 611 479 καὶ
634 426 815 486 ποταμοὶ
838 424 910 471 καὶ
933 421 1083 486 ὀρνίων
1099 422 1199 484 γένη
1222 427 1402 468 πλεῖστα

167 507 239 555 καὶ
255 504 419 570 χελώνη
443 500 596 565 ὀρεινή.
663 495 834 556 Θηρίων
855 491 898 538 δὲ
921 490 1037 537 abab
1055 487 1163 543 ὅλως
1183 489 1272 553 ἔχει
1291 489 1402 547 πλὴν

126 595 148 626 s
169 574 464 639 κροκοδείλων·
489 567 634 615 οὐδένα
664 563 707 610 δὲ
731 560 957 625 ἀνθρώπων
990 561 1216 608 ἀδικοῦσιν.
1279 558 1407 608 Ἔστι

167 644 211 691 δὲ
227 646 267 691 ἐν
292 643 395 700 αὐτῇ
415 634 610 695 πλοιάρια
634 630 774 696 ραπτὰ
794 629 867 677 καὶ
884 628 1088 692 μονόξυλα
1102 664 1116 687 ,
1140 622 1199 683 οἷς
1219 633 1406 693 χρῶνται

167 712 269 774 πρὸς
286 708 404 754 ἁλίαν
424 703 495 750 καὶ
512 702 643 765 ἄγραν
658 700 860 764 χελώνης.
923 699 1000 748 Ἐν
1015 699 1059 746 δὲ
1078 698 1212 762 ταύτῃ
1224 702 1277 763 τῇ
1292 698 1407 763 νήσῳ

166 779 236 827 καὶ
269 775 484 838 γυργάθοις
515 770 639 823 αὐτὰς
671 770 783 823 ἰδίως
823 767 1070 831 λινεῦουσιν,
1110 769 1202 815 ἀντὶ
1232 768 1406 816 δικτύων

165 845 368 896 καθιέντες
387 841 534 894 αὐτοὺς
551 840 648 904 περὶ
664 839 719 886 τὰ
738 838 928 899 στόματα
957 842 1040 885 τῶν
1062 837 1324 902 προρράχων.

107 938 146 969 to
235 931 289 962 ιο.
319 913 406 977 Ἀφ’
430 906 479 969 ἧς
501 909 608 972 μετὰ
630 910 702 956 δύο
722 908 898 973 δρόμους
919 911 992 965 τῆς
1014 907 1187 970 ἠπείρου
1205 907 1253 953 τὸ
1275 907 1411 953 τελευ-

166 983 382 1032 ταιότατον
417 985 492 1038 τῆς
515 979 703 1034 Ἀζανίας
738 977 932 1041 ἐμπόριον
967 978 1102 1024 κεῖται
1116 1012 1130 1036 ‚
1165 976 1218 1022 τὰ
1239 975 1408 1022 ‘Pa-stt&

889 184 1175 236 Amonvm
1211 180 1530 244 (iamim,-
1565 181 1646 231 ur
1676 182 1953 242 reama)

2540 226 2550 240 .
2577 175 2722 242 (sto-l·

1471 298 1616 328 ventis
1636 296 1831 327 oceasum
1859 284 1958 327 solis
1974 291 2164 341 porrecta
2182 282 2318 336 (δύσιν
2351 280 2572 323 ἐκτείνουσα
2595 279 2757 333 ἡλίους·

1472 339 1558 395 fit)
1586 339 1825 382 neu-athias
1850 339 2035 382 occurrit
2062 338 2198 381 insula
2214 336 2356 380 stadiis
2381 352 2405 379 a
2425 345 2535 378 terra
2587 335 2598 347 ⁶
2744 351 2762 359 ·*

1473 394 1638 437 circiter
1659 394 1854 436 trecentis
1867 424 1880 445 ,
1902 393 2075 436 humilis
2090 401 2133 436 et
2149 393 2369 436 arboribus
2390 393 2543 443 virens,
2565 391 2610 433 in

1473 450 1598 492 ctiam
1616 449 1734 490 fluvii
1750 456 1850 490 sunt
1869 449 2095 504 aviumque
2110 461 2260 503 genera
2316 448 2468 491 lurima
2488 456 2530 489 et
2549 444 2687 489 testud

1474 513 1687 547 montana.
1747 504 1871 545 Peras
1890 503 2064 545 omnino
2091 502 2225 545 nullas
2398 512 2547 560 praeter
2570 515 2716 544 croco·

1476 559 1610 609 ditos,-
1633 557 1704 601 sed
1730 559 1940 600 neminem
1961 558 2061 600 istos
2091 556 2300 601 ledentes.
2356 558 2462 602 Sunt
2485 560 2528 600 in
2558 573 2605 600 ea
2641 572 2715 600 na·

1477 615 1622 657 viculae
1653 622 1836 657 consutae
1858 622 1900 656 ct
1932 614 2170 668 uuilignoe.
2192 612 2347 669 quibus
2366 621 2543 657 utuntur
2559 613 2612 656 ad
2666 615 2676 624 ‘
2733 609 2767 659 'fl

1477 679 1616 713 mtum
1634 679 1934 727 capturamque
1958 668 2194 712 testudinis.
2254 669 2474 711 venantur
2493 671 2621 711 essin
2694 683 2717 711 c
2778 719 2779 722 Ἴ

1477 726 1612 769 insula
1628 727 1752 768 etiam
1770 724 1898 768 modo
1912 724 2131 782 peculiari,
2159 724 2309 780 sportis
2329 722 2483 766 scilicet
2509 725 2715 776 vimineis,

1477 796 1582 838 quas
1609 783 1761 824 retium
1789 781 1881 823 loco
1898 780 1952 823 ad
1979 781 2084 823 ostia
2098 780 2384 837 proximarum
2414 778 2524 821 litori
2547 780 2720 836 rupium
2796 815 2799 818 .

1478 851 1799 879 cavernosarum
1812 835 2055 878 demittunt.
2794 871 2808 891 y.

1539 910 1606 949 16.
1638 907 1749 948 Hinc
1781 914 1877 962 post
1906 904 2026 947 bidui
2062 919 2234 947 cursum
2270 904 2520 946 continentis
2557 903 2724 946 Azanio
2757 909 2777 929 „-

1481 974 1678 1018 ultimum
1693 974 1804 1031 jacet
1823 975 2076 1031 emporium,
2101 973 2216 1030 quod
2232 974 2391 1031 Rhapta
2410 982 2573 1025 vocant,
2594 972 2723 1014 deno-
2759 949 2773 976 ί

167 1119 236 1159 τοῦ
264 1115 375 1164 λιὸδς
404 1117 473 1167 τῆς
493 1114 626 1169 χώρας
652 1110 947 1167 ὓποχωροὺσης,
971 1117 1020 1151 ut
1041 1108 1145 1150 solet
1175 1107 1288 1149 alibi.
1314 1108 1331 1162 u
1354 1131 1412 1139 —

169 1172 856 1232 εἰτενηδιωμμενουθεσίας]
874 1173 941 1214 Sic
957 1169 1106 1213 codex.
1124 1172 1173 1212 In
1192 1169 1411 1226 postremis

167 1241 293 1283 latere
313 1247 474 1281 constat
492 1235 709 1284 Μενουθιὰς
722 1267 734 1288 ,
759 1233 876 1291 quod
891 1235 934 1275 in
953 1231 1214 1279 Μενουθεσίας
1229 1230 1345 1283 abiit,
1365 1238 1414 1272 ut

169 1302 331 1345 Θεσπιαί
346 1302 389 1343 ἰη
411 1300 619 1342 Oeensem(
637 1306 884 1354 corruptum
902 1304 965 1337 oet
982 1309 1051 1351 ap.
1074 1293 1281 1350 Scylacem
1298 1308 1340 1350 p.
1359 1296 1413 1348 47

169 1373 211 1407 et
221 1364 468 1420 Dionysium
481 1377 524 1419 p.
546 1365 599 1412 24
609 1375 624 1403 1
635 1393 645 1402 .
665 1359 781 1415 Quid
796 1374 875 1415 pro
887 1358 1117 1413 ειτενηδιωμ
1127 1355 1414 1413 reponendum

169 1429 238 1479 sit,
266 1428 404 1468 minus
439 1425 583 1480 liquet.
607 1426 752 1478 Quum
784 1421 910 1463 verba
941 1420 1034 1476 πρὸς
1061 1417 1179 1471 αὐτὴν
1210 1417 1281 1470 τὴν
1310 1418 1415 1459 δύσιν

171 1489 339 1532 nonnisi
361 1487 414 1529 ad
438 1488 564 1529 situm
594 1485 737 1527 insulan
762 1485 971 1541 pertinere
988 1483 1147 1539 possint
1179 1481 1288 1538 (nisi
1313 1481 1416 1522 sorte

170 1552 292 1610 plura
322 1549 523 1592 excidisse
543 1548 783 1602 statueris),
804 1548 1023 1601 Burneyus
1044 1559 1112 1601 ap.
1136 1545 1334 1586 Vincent.
1356 1546 1415 1594 H,

170 1629 216 1671 p.
254 1614 334 1656 560
366 1611 544 1667 conjecit
570 1624 580 1652 :
613 1609 706 1666 πρὸς
737 1624 778 1650 α.
817 1624 856 1650 τ.
889 1609 996 1649 δύσιν
1029 1606 1271 1648 διατείνουσα
1309 1605 1334 1658 ἣ
1358 1606 1414 1647 Μ.

172 1676 342 1717 Hasaeus
373 1675 416 1715 in
438 1673 546 1715 Bibl.
566 1671 780 1714 Bremensi
802 1672 880 1719 VI,
917 1684 955 1722 1,
980 1683 1023 1726 p.
1050 1671 1144 1723 189,
1169 1667 1421 1723 suffragante

173 1738 380 1788 Fabricio,
406 1736 538 1778 voluit
560 1733 806 1789 ἐκτεινομένη
825 1732 850 1785 ᾗ
872 1733 913 1774 Μ
925 1764 953 1784 .,
978 1731 1094 1788 quod
1113 1732 1294 1773 alienum
1314 1730 1421 1772 foret

175 1801 228 1843 ab
250 1815 330 1842 usu
351 1799 580 1854 scriptoris,
605 1798 677 1853 qui
700 1799 857 1851 ubique
888 1795 1063 1837 activam
1087 1793 1175 1849 ejus
1197 1793 1311 1835 verbi
1335 1792 1419 1835 for·

176 1878 289 1905 mam
315 1862 511 1914 adhibet;
534 1860 714 1903 debebat
730 1861 916 1909 Hasaeus,
940 1857 1159 1900 ἐκτείνουσα
1178 1857 1241 1898 vel
1262 1858 1417 1912 κειμένη

176 1925 243 1968 vel
254 1926 378 1967 etiam
395 1924 609 1980 ἐκκειμένη.
628 1921 708 1964 Sed
724 1922 887 1977 longius
900 1921 989 1963 haec
1003 1935 1027 1962 a
1039 1919 1199 1962 traditis
1214 1919 1342 1961 literis
1355 1934 1420 1961 re·

178 1986 349 2030 cedunt.
374 1988 563 2029 Fortasse
593 1983 882 2039 retingendum
915 1996 925 2024 :
961 1982 1054 2038 πρὸς
1074 1979 1191 2032 αὗτὴν
1225 1978 1295 2033 τὴν
1315 1981 1421 2022 δύσιν

180 2049 454 2106 ἐκτιίν[ουσα]
474 2047 606 2100 ἡλίου.
626 2047 847 2088 Salmasius
870 2046 913 2086 in
932 2047 1107 2087 Exercc.
1131 2043 1239 2086 Plin.
1264 2058 1307 2100 p.
1341 2046 1421 2099 878

177 2111 299 2155 affert
326 2111 467 2154 nescio
495 2109 712 2166 cujusnam
731 2107 1014 2163 conjecturam
1039 2120 1051 2149 ι
1085 2106 1174 2163 παρ’
1200 2104 1319 2158 αὐτὴν
1352 2104 1423 2158 τὴν

177 2175 285 2216 δόσιν
318 2173 397 2216 εἴτε
433 2174 547 2216 νότον
584 2173 705 2222 Μεν.;
730 2173 818 2227 ipse
852 2170 1081 2227 proponuit
1105 2182 1116 2210 ε
1145 2169 1234 2224 παρ’
1264 2168 1357 2210 αὐτὸ
1379 2169 1424 2210 τὶ)

177 2237 335 2294 Πράσον
354 2236 472 2292 ἄκρον
497 2234 548 2283 εἰς
571 2235 624 2275 ἕω
646 2234 766 2284 Μεν.;
788 2234 843 2274 H.
874 2232 1071 2278 Jacobius
1097 2243 1107 2272 :
1132 2231 1221 2286 παρ’
1247 2229 1366 2283 αὐτήν
1388 2246 1426 2273 τι

109 2298 116 2305 ’
180 2302 309 2343 νότιον
340 2300 461 2351 Μεν.;
481 2299 715 2339 Vincentus
744 2309 754 2337 ε
780 2295 868 2350 παρ’
906 2292 1026 2346 αὐτὴν
1057 2292 1132 2347 ἤδη
1156 2293 1299 2347 νησίων
1323 2294 1424 2335 Μεν.

179 2367 285 2419 Quae
306 2362 449 2405 omnia
467 2360 531 2403 vel
560 2361 697 2415 inepta
717 2366 815 2400 sunt
834 2357 898 2399 vel
930 2371 1054 2399 sensu
1077 2370 1249 2412 prorsus
1267 2365 1424 2399 carent.

179 2427 374 2469 Ceterum
392 2438 524 2480 quum
541 2422 778 2464 Menuthias
801 2420 968 2462 nonnisi
990 2420 1045 2462 ad
1067 2418 1169 2461 hod.
1194 2418 1257 2460 vel
1275 2420 1429 2461 Pemba

181 2488 244 2529 vel
272 2486 522 2540 languebat
546 2483 692 2526 referri
720 2484 865 2539 possit,
891 2496 1071 2538 quarum
1092 2488 1239 2523 neutra
1258 2481 1312 2523 ab
1333 2490 1430 2524 ortu

181 2563 375 2593 occasum
394 2562 535 2589 versus
556 2545 810 2597 extenditur,
833 2559 984 2601 parum
1003 2554 1193 2586 accurate
1219 2544 1344 2586 situm
1367 2546 1430 2587 in·

182 2612 280 2653 sulae
305 2620 449 2653 auctor
480 2609 693 2651 indicavit.
727 2607 844 2649 Idem
867 2609 906 2648 ei
927 2606 1079 2649 accidit
1104 2606 1157 2648 de
1178 2607 1431 2663 Taprobane

184 2673 331 2722 insula,
350 2672 402 2714 dc
424 2687 505 2727 qua
527 2675 549 2725 §
570 2676 617 2713 61
649 2684 659 2712 :
686 2670 851 2712 ἔκκειται
866 2669 960 2725 πρὸς
978 2667 1097 2720 αὐτὴν
1110 2667 1180 2721 τὴν
1197 2669 1303 2710 δύσιν
1318 2674 1433 2722 νῆσος

185 2734 379 2789 λεγομένη
405 2734 742 2789 Παλαισιμοόνδου
768 2733 855 2774 κτλ.
878 2734 1025 2788 Neque
1043 2733 1151 2774 hanc
1169 2747 1303 2788 neque
1322 2733 1431 2775 illam

185 2796 335 2837 Noster
356 2795 478 2845 adiit;
501 2810 635 2851 neque
657 2795 887 2850 quidquam
908 2796 950 2836 in
972 2795 1344 2837 remotissimarum
1365 2810 1431 2838 re-

188 2858 359 2911 gionum
384 2855 661 2912 descriptione
685 2856 960 2912 premendum
981 2866 1055 2898 est.
1076 2881 1135 2889 ·—-
1155 2858 1391 2900 Menuthias
1409 2873 1433 2901 a

187 2932 212 2960 a
230 2918 409 2975 Pyralais
430 2918 582 2960 distare
604 2918 756 2959 dicitur
778 2920 845 2959 δύο
873 2920 1038 2974 δρόμους
1058 2921 1335 2974 νυχθημέρους,
1361 2922 1434 2976 qui

172 2980 398 3039 'efficerent
415 2995 465 3021 ex
485 2980 640 3035 vulgari
659 2989 858 3036 computo
873 2995 1040 3021 cursum
1057 2982 1284 3022 stadiorum
1306 2996 1432 3025 2000.

188 3042 343 3084 Pemba
363 3041 498 3084 insula
519 3057 542 3084 a
557 3042 738 3098 Pyralais
757 3042 870 3089 abest
884 3043 1027 3084 stadns
1049 3045 1170 3092 1800,
1189 3045 1438 3095 Zangmbar

190 3105 300 3148 cirea
310 3105 417 3149 stad.
431 3106 555 3149 2300.
573 3107 718 3161 Itaque
732 3105 965 3161 quatu-idui
986 3106 1192 3160 navigatio
1209 3106 1262 3147 ad
1283 3116 1435 3148 utram-

191 3182 272 3224 que
293 3166 437 3210 rel'erri
461 3168 606 3223 possit,
630 3168 773 3224 prouti
801 3169 925 3209 unius
942 3167 1024 3209 diei
1047 3182 1195 3209 cursus
1219 3168 1437 3223 longitudi-

192 3245 288 3274 nem
322 3230 385 3273 vel
406 3231 571 3273 auxeris
592 3229 822 3287 paullulum
845 3229 905 3272 vel
928 3232 1143 3273 minueris.
1176 3232 1355 3273 Humilis
1376 3242 1437 3275 est

193 3293 328 3335 insula
341 3302 540 3349 utraque;
560 3297 598 3335 Z
599 3293 809 3346 aageeebar
820 3294 963 3336 stadiis
979 3294 1063 3336 sere
1078 3306 1177 3346 200,
1189 3295 1340 3337 Pemba
1358 3296 1438 3339 300

194 3355 300 3398 stad.
323 3371 347 3398 a
368 3357 607 3398 continente
628 3355 770 3408 distat,
796 3355 902 3399 adeo
923 3366 970 3399 ut
993 3357 1146 3400 Pemba
1166 3358 1306 3413 potius
1327 3357 1437 3400 indi·

194 3419 277 3459 cari
305 3427 446 3474 putes;
470 3427 511 3460 at
530 3418 617 3460 haec
638 3418 772 3461 insula
802 3433 887 3461 non
927 3418 1051 3461 habet
1074 3419 1239 3471 fluvios,
1264 3433 1370 3475 quos
1395 3421 1438 3462 in

196 3479 320 3520 altera
338 3480 459 3535 longo
478 3479 636 3536 majore
651 3480 1018 3537 deprehendimus.
1041 3485 1184 3536 Quare
1200 3482 1438 3524 Menuthia·

196 3540 292 3582 dem
316 3543 357 3582 in
384 3542 486 3584 hod.
511 3544 760 3596 languebat·
779 3546 1045 3600 quaerendam
1064 3558 1152 3587 esse
1175 3559 1339 3597 censeo,
1359 3545 1438 3587 du-

198 3602 334 3644 bitans
355 3611 491 3644 tamen
523 3620 574 3646 an
596 3620 680 3647 non
703 3604 880 3648 duarum
910 3609 1082 3649 istarum
1106 3607 1331 3650 insularum
1355 3622 1439 3649 me·

176 3678 179 3679 ⁷
199 3665 374 3706 moriam
410 3666 514 3706 male
549 3668 699 3709 Noster
733 3671 989 3712 conflaverit.
1029 3672 1151 3712 Certe
1184 3678 1333 3722 nautae,
1365 3672 1436 3726 qui

200 3727 449 3781 languebat-
484 3739 705 3779 noverunt,
742 3733 970 3786 nequibant
1002 3734 1191 3787 ignorare
1225 3732 1436 3775 Pembam.

198 3790 435 3833 memorant
476 3791 784 3834 Menuthiadem
832 3804 981 3849 practer
1028 3796 1284 3851 Stephanum
1339 3796 1437 3851 Byr..

133 3877 145 3884 ·
199 3850 445 3894 Ptolemaeus
455 3853 533 3903 IV,
550 3855 576 3896 8
588 3861 629 3894 et
641 3855 739 3904 vn,
751 3869 792 3905 2,
810 3858 880 3910 qui
900 3857 1074 3899 insulam
1087 3859 1205 3914 ponit
1217 3858 1292 3901 85⁰
1306 3857 1437 3912 long„

205 3914 276 3955 13⁰
298 3913 366 3957 30'
382 3914 452 3957 lat.
486 3923 634 3967 austr„
667 3918 837 3958 Prasum
872 3933 970 3961 vero
999 3921 1332 3976 promontorium
1366 3922 1440 3963 80⁰

202 3975 333 4032 long„
373 3978 444 4019 13⁰
470 3976 539 4021 30¹
566 3978 658 4030 lat.;
693 3979 735 4020 in
774 3980 926 4036 quibus
963 3983 1115 4025 nullius
1147 3984 1348 4026 momenti
1378 3989 1441 4025 est

184 4038 317 4093 quod
341 4039 471 4082 insula
494 4039 728 4096 longissime
743 4057 767 4085 a
793 4045 1030 4087 continente
1052 4054 1291 4089 removetur
1297 4061 1313 4095 5
1343 4058 1440 4087 nam

1482 1121 1607 1149 nemo
1637 1106 1770 1148 nescit
1800 1104 2068 1148 Ptolemaeum
2098 1102 2250 1145 insulas
2285 1111 2405 1146 terrae
2433 1105 2645 1160 proximas
2676 1111 2725 1145 ut

1481 1169 1709 1226 plurimum
1725 1169 1769 1209 in
1789 1167 1918 1209 altum
1944 1165 2107 1222 ejicere.
2127 1166 2214 1207 Nec
2230 1165 2438 1219 ignorasse
2461 1165 2543 1207 hoc
2560 1164 2726 1208 videtur
2801 1214 2808 1227 1

1480 1232 1733 1282 Marcianus,
1746 1230 1954 1273 Ptolemaei
1970 1227 2237 1285 pedissequus
2247 1228 2319 1283 qui
2334 1229 2408 1284 (p.
2423 1240 2473 1268 αι
2487 1226 2555 1269 ed.
2572 1227 2725 1283 Miller)
2798 1245 2808 1265 ι

1481 1292 1798 1336 Menuthiadem
1819 1291 1920 1334 dicit
1938 1293 2056 1344 νῆσον
2085 1289 2131 1332 οὖ
2146 1290 2275 1346 πόρρω
2293 1292 2362 1331 τοῦ
2385 1290 2539 1345 Πράσου
2557 1287 2729 1345 ἀκρωτη-

1484 1357 1567 1413 ρίου
1585 1357 1871 1413 τυγχάνουσαν.
1889 1356 2034 1411 Itaque
2057 1352 2196 1395 dicere
2211 1353 2305 1396 licet
2316 1352 2491 1394 insulam
2505 1350 2618 1409 apud
2633 1353 2729 1395 Pto-
2760 1403 2766 1413 2
2798 1351 2808 1364 ⁴

1484 1419 1673 1461 lemaeum
1696 1432 1793 1461 cum
1807 1419 1934 1460 Praso
1947 1448 1960 1469 ,
1989 1415 2102 1472 apud
2119 1417 2318 1458 Nostrum
2333 1429 2429 1457 cum
2449 1414 2613 1471 Rhapto
2633 1428 2727 1471 pro·

1485 1483 1698 1525 montorio
1725 1481 1943 1537 componi;
1988 1480 2070 1522 hoc
2100 1479 2269 1530 Nostro,
2298 1478 2399 1520 illud
2434 1476 2655 1521 Ptolemaeo
2685 1478 2728 1519 in
2764 1480 2775 1536 g

1486 1544 1637 1587 Africae
1655 1559 1728 1587 ora
1752 1543 1940 1586 orientali
1957 1551 2020 1585 est
2050 1542 2259 1592 ultimum,
2283 1555 2307 1583 a
2330 1541 2507 1597 Rhapto,
2528 1541 2562 1582 si
2581 1539 2730 1583 tabulis
2771 1551 2773 1554 ⁴

1487 1608 1647 1659 credas,
1666 1616 1823 1664 septem
1838 1605 2044 1661 graduum
2067 1604 2280 1646 intervallo
2299 1603 2506 1645 dissitum.
2526 1603 2640 1657 Quid
2658 1604 2731 1659 igi-

1487 1671 1582 1713 tur?
1594 1673 1660 1714 An
1675 1670 1796 1712 aliam
1808 1668 2051 1712 Ptolemaeus
2067 1667 2241 1709 insulam
2256 1665 2540 1708 Mcnuthiadis
2563 1667 2735 1709 nomine
2773 1692 2774 1695 =

1488 1732 1672 1775 indicat?
1687 1733 1861 1775 Minime
1874 1731 2033 1773 credas.
2049 1732 2113 1772 An
2129 1729 2256 1771 alium
2274 1730 2316 1770 in
2337 1729 2474 1770 locum
2492 1742 2583 1770 eam
2599 1735 2735 1770 trans·

1488 1794 1657 1852 posuit?
1675 1797 1739 1837 Ne
1758 1795 1839 1837 hoc
1860 1793 2029 1851 quidem
2059 1793 2117 1834 sic
2140 1791 2366 1834 dicendum
2395 1806 2483 1832 esse
2510 1799 2629 1847 puto.
2652 1792 2734 1834 Po·

1490 1859 1574 1900 tius
1596 1858 1806 1914 Rhaptum
1824 1855 2159 1913 promontorium
2192 1868 2276 1895 non
2306 1867 2383 1894 suo
2402 1854 2542 1909 posuit
2566 1853 2673 1905 loco,
2693 1861 2735 1898 et

1490 1929 1585 1978 post
1615 1919 1657 1962 id
1681 1921 1819 1962 sinum
1850 1918 2037 1969 collocat,
2073 1915 2191 1972 cujus
2221 1916 2399 1958 rationes
2440 1916 2736 1958 commentitia!

1490 1992 1588 2025 sunt
1601 1997 1652 2025 ex
1666 1981 1926 2024 diversorum
1941 1978 2213 2036 periplorum,
2234 1986 2280 2019 ut
2298 1977 2475 2028 videtur,
2493 1978 2737 2021 narrationi·

1491 2047 1571 2088 bus
1592 2053 1895 2101 nautarumque
1916 2042 2067 2085 sabulis
2086 2041 2191 2083 male
2226 2041 2366 2082 mixtis
2393 2040 2595 2083 contlatae.
2629 2043 2738 2095 Quoe

1493 2109 1625 2151 fusius
1647 2122 1857 2166 exponere
1878 2106 2049 2162 longum
2072 2113 2134 2147 est
2166 2112 2208 2146 et
2238 2104 2291 2146 ab
2308 2104 2390 2146 hoc
2411 2103 2504 2146 loco
2535 2103 2733 2147 alienum.
2802 2131 2808 2180 γ

1498 2173 1515 2227 ΙΙ
1548 2195 1604 2206 —-
1650 2172 1692 2213 3.
1724 2170 1913 2227 ὀρνέων
1949 2169 2067 2225 γένη
2106 2166 2332 2209 πλεῖστα
2349 2166 2385 2223 ].
2421 2166 2578 2208 Omnes
2612 2164 2737 2221 hujus
2804 2182 2808 2218 ε,

1494 2241 1649 2275 tractus
1672 2232 1820 2274 insulae
1849 2230 1996 2274 avibus
2015 2227 2258 2279 abundant;
2295 2228 2355 2270 sic
2376 2226 2534 2285 Moefia
2559 2226 2737 2271 insulam
2806 2234 2808 2266 ὲ

1498 2295 1653 2354 (quam
1676 2293 1867 2337 nonnulli
1885 2291 2199 2335 Menuthiadem
2218 2305 2305 2333 esse
2324 2290 2380 2333 ob
2394 2291 2576 2333 nominis
2595 2292 2739 2334 simili·
2806 2308 2808 2322 ³

1494 2356 1687 2399 tudinem
1706 2357 1886 2412 aliquam
1918 2357 2152 2411 putarunt)
2177 2353 2262 2396 sere
2291 2354 2493 2409 integram
2515 2352 2570 2396 ab
2589 2353 2738 2397 avibus
2807 2369 2808 2373 ¹

1496 2428 1757 2476 occupatam,
1774 2431 2003 2474 earumque
2022 2425 2203 2458 stercore
2234 2423 2473 2472 coopertam
2493 2429 2582 2458 esse
2598 2429 2742 2460 recen·
2807 2439 2808 2442 ¹

1497 2485 1622 2526 tiores
1648 2484 1823 2525 viatores
1856 2489 2043 2523 monent.
2079 2482 2095 2535 ΙΙ
2135 2503 2192 2512 --
2211 2479 2251 2521 5.
2269 2478 2653 2537 κροκοδείλων]
2677 2481 2741 2523 De

1497 2546 1577 2588 hoc
1610 2546 1706 2588 licet
1726 2545 1932 2587 dubitare.
1965 2545 2154 2586 Fortasse
2189 2542 2362 2584 lacertas
2382 2539 2646 2598 pregrandes
2676 2541 2743 2584 in-

1498 2609 1736 2663 telligendas
1756 2623 1844 2649 esse
1861 2608 2093 2649 Vinceutus
2114 2606 2361 2661 suspicatur.
2390 2605 2406 2659 ΙΙ
2429 2627 2487 2636 -—
2507 2607 2549 2647 6.
2571 2604 2686 2647 πλοι
2699 2605 2743 2645 4-

1501 2687 1574 2728 ρια
1593 2670 1751 2727 ῥαπτὰ
1772 2670 1854 2712 καὶ
1874 2668 2151 2726 μονόξυλα]
2169 2666 2463 2710 Navicularum
2483 2665 2639 2707 fundus
2655 2681 2743 2709 uno

1499 2743 1659 2776 constat
1677 2742 1843 2783 trunco,
1865 2732 1934 2773 cui
1953 2731 2103 2773 tabulae
2126 2731 2268 2784 lignem
2291 2736 2635 2783 super-struuntur
2656 2744 2741 2771 non

1499 2795 1623 2838 clavis
1640 2804 1885 2850 compactae,
1909 2792 1982 2834 scd
2005 2790 2174 2833 funibus
2196 2806 2219 2831 e
2237 2790 2351 2831 fibris
2372 2789 2603 2846 palmarum
2622 2793 2742 2833 textis
2788 2819 2798 2844 ·:·

1500 2860 1746 2901 constrictae.
1768 2855 2007 2911 Portugalli,
2031 2869 2162 2910 quum
2185 2854 2225 2894 in
2246 2853 2318 2894 has
2343 2854 2531 2909 regiones
2552 2863 2743 2911 penetu-

1501 2931 1616 2973 runt,
1639 2928 1834 2963 mirantes
1856 2918 1967 2960 istud
1989 2918 2246 2972 navigiorum
2261 2931 2388 2970 genus
2410 2916 2595 2972 primum
2610 2916 2743 2960 otren-
2807 2929 2808 2932 ’

1501 2984 1655 3026 derunt
1692 2982 1745 3024 ad
1794 2980 2097 3037 Mosambique,
2147 2980 2326 3021 maxime
2363 2993 2462 3021 vcro
2496 2979 2549 3022 ad
2594 2980 2746 3034 Quiloa
2768 3022 2771 3029 „

1504 3050 1521 3100 (
1540 3049 1592 3088 V.
1613 3047 1795 3087 Vincent
1807 3046 1862 3095 n,
1883 3058 1926 3099 p.
1951 3047 2028 3097 169
2045 3058 2107 3098 sq.
2127 3046 2158 3097 ).
2185 3042 2341 3084 Arabes
2356 3055 2524 3098 quoque.
2541 3042 2747 3087 similibus
2769 3063 2770 3066 ¹

1504 3110 1676 3163 navigiis
1695 3109 1934 3150 etiamnunc
1958 3114 2135 3147 utuntur
2157 3106 2243 3161 (V.
2269 3107 2401 3146 muer
2417 3105 2514 3156 ΧΠ,
2538 3118 2581 3161 p.
2611 3106 2688 3161 178
2707 3106 2763 3163 )

1509 3174 1602 3226 11-
1619 3174 1659 3213 8.
1676 3187 1700 3227 γ
1715 3186 1803 3226 υργ
1817 3171 1955 3218 άΟυις
1978 3186 2028 3210 κτ
2042 3170 2081 3210 λ.
2102 3170 2114 3225 ]
2137 3166 2320 3210 Eandem
2337 3166 2523 3223 piscandi
2542 3168 2744 3211 milonem

1505 3233 1700 3275 viderunt
1744 3231 1981 3285 portugalli,
2017 3240 2056 3272 et
2093 3233 2200 3271 inter
2229 3231 2478 3273 recentiora
2511 3231 2747 3287 peregrina·

1505 3304 1615 3338 tores
1632 3295 1781 3337 Saltius
1796 3294 1846 3335 ad
1867 3293 2152 3350 Mozambique
2163 3293 2408 3334 observavit.
2430 3292 2446 3347 ΙΙ
2465 3315 2520 3324 -
2541 3307 2582 3348 9.
2606 3307 2663 3348 πρ
2673 3305 2747 3350 ορ-

1507 3374 1527 3414 ρ
1542 3359 1565 3399 ά
1579 3374 1608 3413 χ
1622 3376 1655 3399 ω
1668 3375 1687 3398 ν
1706 3361 1719 3413 ]
1753 3359 1961 3413 προράχων
1981 3356 2133 3405 codex:
2156 3355 2296 3398 malim
2321 3359 2580 3411 προρραχιῶν.
2731 3360 2733 3362 ’

1563 3423 1585 3474 S
1614 3425 1677 3461 16.
1701 3420 1946 3476 ἐμπόριον
1967 3419 2025 3461 τὰ
2050 3418 2239 3460 ‘Pan-e&
2262 3418 2278 3474 J
2301 3417 2544 3460 Ptolemoeus
2565 3418 2643 3468 IV,
2664 3421 2750 3476 72}

1509 3482 1652 3524 urbem
1673 3491 1712 3523 ct
1737 3483 1907 3523 fluvium
1932 3490 1971 3523 et
1997 3482 2331 3537 promontorium
2351 3477 2439 3535 ejus
2462 3480 2643 3522 nominis

1509 3554 1640 3586 morat
1662 3558 1670 3585 ε

1571 3634 1738 3677 ’ίάπτοῦ
1756 3638 1931 3690 ποταμοῦ
1952 3633 2110 3676 ἐκὸολαὶ
2222 3642 2295 3687 72⁰
2317 3610 2515 3687 30”10118.
2536 3642 2582 3687 7ο
2606 3630 2674 3674 lat.

1572 3698 1716 3739 Ῥαπτὰ
1735 3697 1970 3754 μητρόπολις
1985 3700 2051 3749 τῆς
2073 3696 2219 3752 8296&-

1622 3762 1701 3816 ρίας
1723 3761 1856 3816 μικρὸν
1878 3759 1953 3802 ἀπὸ
1974 3758 2181 3812 Θαλάσσης,
2218 3760 2292 3813 71⁰

1573 3822 1884 3879 Ῥαπτὸνᾶκρον,
2224 3820 2298 3876 73⁰
2317 3819 2383 3863 50'
2437 3843 2494 3852 --
2536 3820 2582 3862 8⁰
2606 3817 2753 3883 ²⁵2.ss
2805 3868 2808 3871 Ι

2354 3774 2371 3797 s
2431 3750 2747 3811 —7⁰—⁴'

1510 3918 1704 3959 Nonnulli
1724 3932 1819 3959 cum
1846 3916 2103 3972 Rhaptorum
2125 3913 2228 3956 urbe
2254 3911 2554 3955 mediterranea
2579 3922 2764 3967 compo·

1510 3982 1637 4022 suisse
1654 3980 1847 4022 videntur
1863 3979 1988 4021 Esina
2006 3977 2239 4033 emporium
2263 3975 2517 4017 maritimum
2536 3974 2550 4031 (
2566 3986 2607 4016 v.
2622 3984 2756 4028 suprs-
2775 3993 2802 4009 π

1511 4051 1598 4085 not.
1621 4042 1673 4085 ad
1696 4046 1720 4094 s
1740 4043 1787 4085 15
1805 4045 1837 4097 ).
1859 4042 2065 4097 Rlnaptum
2086 4038 2417 4097 promontorium
2441 4051 2492 4080 ex
2516 4033 2664 4093 Peripli
2682 4047 2751 4077 rs-
2791 4031 2795 4038 '
