2808 4342
913 147 1293 197 STADIASMUS
1327 151 1515 197 MARlS
1551 152 1766 199 MAGNI.

5 297 8 302 ,
123 256 202 292 2³0.
239 242 339 332 Ἀ’πὸ
363 243 642 306 Κραμὸούσης
669 245 736 291 ἐπὶ
759 245 900 308 χώραν
943 251 1296 313 Ποσιδαρισοῧντα

0 305 6 345 ῗ
55 311 218 357 στάδιοι
239 313 295 360 λ.

123 395 199 427 231.
239 379 337 426 Ἀπὸ
363 382 730 444 Ποσιδαρισοῧντος
753 383 820 430 ἐπὶ
843 384 991 447 Μωρὸν
1013 385 1122 448 ὕδωρ
1139 387 1296 432 καλού-

59 465 178 508 μενον
204 448 362 494 στάδιοι
384 448 440 494 λ’.

121 532 198 565 232.
235 517 335 564 Ἀπὸ
360 521 513 580 Μωροῧ
545 519 690 572 ὕδατος
713 521 780 565 ἐπὶ
809 522 938 583 ἄκραν
963 521 1097 583 Ἱερὰν
1125 522 1194 567 καὶ
1224 526 1294 578 νῆ·

59 602 127 631 σον
144 587 384 632 Χελιδονίαν
406 589 562 634 στάδιοι
577 589 627 635 ν’.

0 707 2 713 .
122 653 256 714 εΟμοῧ
280 658 316 701 οἵ
343 657 491 708 πάντες
511 657 593 702 ἀπὸ
612 662 681 702 τοῦ
699 657 890 710 Μέλανος
917 663 1107 719 ποταμοῦ
1128 658 1200 711 ἕως
1222 663 1297 707 Χε-

0 727 10 775 ξ’
55 723 241 770 λιδονίων
263 728 321 787 τῷ
349 725 464 787 παρὰ
490 729 566 785 γῆν
589 725 754 771 πλέοντι
785 727 939 772 στάδιοι
963 728 1018 790 φ’·
1042 728 1109 773 τὸν
1142 728 1183 774 δὲ
1208 729 1296 774 ἐπί-

54 809 180 852 τομον
205 794 272 839 διὰ
293 793 421 857 πόρου
436 796 491 845 εἷς
512 795 585 846 τὰς
608 795 845 847 Χελιδονίας
864 797 1020 842 στάδιοι
1044 797 1104 859 χ’.

119 875 198 907 233.
235 859 361 908 Ἔστι
395 862 436 907 δὲ
476 863 556 907 ἀπὸ
597 866 676 908 τῶν
701 865 947 911 Χελιδονίων
973 866 1110 928 [ἐπὶ]
1137 867 1296 930 Μάριον

56 946 127 974 και
158 929 205 974 τὸ
229 948 300 985 της
327 929 498 992 Κύπρου
528 931 807 994 ἀκρωτήριον,
841 933 909 979 τὸν
934 934 1197 995 Ἀκάμαντα,
1232 939 1297 982 ἐπ’

0 1026 5 1034 ‹
57 998 259 1050 ἀνατολὰς
291 1018 363 1044 του
399 1000 515 1055 ἡλίου
540 1000 770 1063 οὖριώτατα
808 1003 966 1067 ζεφύρῳ
999 1005 1156 1050 στάδιοι
1192 1004 1294 1067 αω’·

7 1112 13 1131 3
55 1066 138 1112 ἀπὸ
161 1067 203 1113 δὲ
219 1086 290 1113 του
311 1068 573 1133 Ἀνεμουρίου
591 1070 660 1117 ἐπὶ
676 1071 748 1123 τὰς
765 1074 824 1119 X=
810 1074 1006 1126 ελιδονίας
1028 1074 1174 1130 νήσους
1194 1075 1296 1121 στά-

54 1137 132 1182 διοι
158 1136 251 1193 otcr'.

474 1249 675 1283 ΛΟΙΠΟΝ
707 1248 873 1284 ΛΥΚΙΑ.

117 1372 195 1405 234.
230 1357 329 1404 Ἀπὸ
354 1358 395 1403 δὲ
416 1363 487 1414 τῆς

0 1439 1 1443 ’
54 1429 132 1474 διοι
155 1425 208 1473 λ’.

510 1359 641 1422 Ἱερᾶς
660 1360 789 1422 ἄκρας
812 1360 879 1406 ἐπὶ
903 1360 1180 1417 Μελανίππην
1199 1361 1294 1407 στά-

23 1620 26 1623 -
50 1587 171 1644 cujus
192 1589 359 1629 initium
383 1598 443 1630 est
464 1589 516 1630 ad
538 1590 795 1631 Phaselidem
818 1592 982 1641 urbem,
1005 1592 1112 1632 linea
1144 1601 1256 1633 recta
1273 1607 1298 1633 a

54 1652 343 1707 promontorio
388 1666 404 1692 1
417 1666 465 1694 10
498 1654 662 1693 circiter
701 1651 842 1692 stadiis
879 1651 1122 1707 sejunctam.
1174 1654 1299 1708 Apud

32 1718 33 1721 ’
52 1713 260 1769 Scylacem
300 1716 636 1769 promontorium
683 1722 854 1754 vocatur
889 1714 1098 1769 Σιδηροῦς;
1151 1716 1301 1756 Noster

17 1777 23 1783 '
53 1774 310 1831 Κράμὸουσαν
341 1775 486 1831 (ἄκραν
508 1778 524 1829 )
545 1775 660 1816 dicit.
681 1777 844 1816 Nomen
871 1775 951 1816 hoc
984 1776 1130 1830 saepius
1153 1791 1299 1818 occur-

0 1830 3 1882 ἶ
50 1837 108 1878 rit
138 1837 191 1878 de
221 1837 388 1887 insulis,
430 1846 553 1892 atque
594 1837 637 1877 in
674 1838 764 1892 ipso
801 1838 897 1877 sinu
927 1839 1170 1895 Pamphylio
1209 1855 1295 1880 non

0 1920 7 1925 ·
51 1898 172 1953 longe
205 1898 257 1940 ab
295 1896 425 1939 Hiero
461 1899 752 1954 promontorio
796 1907 858 1939 est
899 1901 1126 1943 Crambusa
1167 1902 1301 1943 insula

51 1961 325 2013 (etiamnunc
353 1960 586 2001 Grambusa
601 1962 633 2015 ).
671 1963 726 2002 At
748 1961 800 2001 de
828 1976 876 2002 ca
906 1964 1131 2017 quominus
1154 1972 1298 2005 nostro

0 2028 7 2058 ῐ
51 2022 145 2063 Ioco
167 2036 304 2063 sermo
322 2022 389 2072 sit,
415 2030 456 2063 et
490 2023 614 2063 series
636 2023 884 2064 narrationis
914 2033 955 2065 et
976 2024 1180 2067 distantiae
1201 2036 1300 2068 nota

52 2084 302 2140 impediunt.
332 2087 475 2137 Quare
499 2086 532 2125 si
552 2084 654 2140 quid
673 2094 855 2133 erratum
874 2095 950 2138 est,
978 2088 1120 2129 insulae
1145 2103 1299 2130 nomen

51 2159 268 2203 perperam
288 2146 341 2187 ad
363 2149 699 2202 promontorium
722 2148 964 2190 translatum
982 2151 1035 2190 sit
1049 2151 1100 2191 ab
1130 2165 1299 2206 excerp-

27 2237 30 2240 <
53 2216 144 2249 tore
157 2210 262 2263 ‚qui
293 2209 532 2249 Ciambusae
552 2210 694 2250 insulae
727 2211 981 2251 mentionem
1002 2226 1078 2252 suo
1097 2211 1190 2254 loco
1208 2213 1300 2268 inji-

51 2241 243 2328 ciendam
257 2271 408 2310 omisit.

109 2335 131 2385 §
160 2337 254 2375 230.
275 2332 487 2388 Ποσιδαρ
504 2348 613 2373 ισου
627 2348 645 2373 ν
659 2348 716 2373 τα
735 2335 750 2389 ]
769 2333 830 2375 ἐπι
851 2336 980 2390 χώρας
1002 2314 1301 2392 Ποσιδαρισουν-

53 2409 117 2443 τος
140 2394 254 2445 cod„
286 2403 333 2435 ut
370 2395 548 2436 videtur.
582 2397 663 2436 Pro
695 2397 828 2451 χώραν
863 2396 965 2437 fuel
955 2405 986 2437 1t
1010 2399 1172 2454 χωρίον.
1196 2401 1298 2440 Cor-

53 2465 224 2512 ruptum
239 2457 363 2498 etiam
376 2458 557 2513 putarim
574 2458 850 2513 Ποσιδαρισους
865 2474 1033 2500 nomen.
1053 2461 1173 2501 Certe
1188 2461 1296 2516 apud

51 2519 260 2575 Scylacem
272 2527 333 2559 est
352 2519 559 2573 ῑΣιδαροῦς
574 2518 711 2575 λιμήν,
733 2521 916 2575 itemque
933 2536 998 2576 ap.
1018 2522 1295 2576 Stephanum:

53 2581 236 2636 Σιδαροῢς
264 2581 375 2628 πόλις
403 2580 568 2635 [Λυκίας
587 2582 649 2621 vel
675 2582 902 2637 Παμφυλίας
930 2583 1114 2638 excidit]
1151 2585 1216 2625 καὶ
1238 2585 1296 2625 λι-

3 2647 8 2652 “
55 2642 149 2697 μήν.
170 2641 393 2684 Ponendus
411 2642 525 2683 locus
544 2643 586 2682 in
617 2646 918 2700 Atmsan-bay.

111 2708 208 2747 231.
238 2704 411 2759 Μωρὸν
436 2704 555 2759 ὕδωρ
575 2706 589 2760 J
610 2708 746 2747 Locus
767 2707 933 2748 aliunde
955 2722 1039 2748 non
1059 2717 1198 2759 notuS,
1222 2711 1298 2750 nisi

55 2767 226 2809 fortasse
244 2781 339 2808 cum
355 2769 575 2808 Mannerto
594 2766 671 2819 VI,
691 2783 714 2809 2
731 2785 774 2825 p.
797 2771 873 2811 136
900 2771 982 2810 huc
1003 2772 1210 2825 pertinere
1224 2786 1298 2826 pu-

21 2816 26 2826 ’
55 2837 114 2870 tes
125 2844 256 2885 aquas
273 2829 422 2881 regias,
438 2844 614 2884 quarum
630 2833 818 2873 meminit
834 2833 997 2874 Solinus
1010 2848 1047 2874 c.
1066 2836 1118 2881 42
1131 2833 1198 2874 ed.
1217 2836 1299 2875 Ste-

12 2935 15 2945 Ἰ,
53 2890 181 2946 phan.
213 2904 222 2931 ε
254 2908 269 2928 «
296 2891 492 2947 Olympus
513 2907 668 2948 qnoque
689 2895 796 2935 inter
808 2896 897 2937 alia
915 2896 974 2937 ibi
999 2896 1300 2952 oppidumfuit

11 2963 14 2965 ’
51 2953 201 3002 nobile,
223 2952 297 2994 sed
318 2952 558 3003 intercidit;
574 2970 680 2996 nunc
706 2959 919 2999 castellam
939 2968 1020 3007 est,
1050 2957 1162 3012 infra
1191 2959 1303 3015 quod

23 3030 30 3061 ζ
53 3031 173 3072 aquus
182 3015 301 3067 regiae
316 3014 395 3055 ob
381 3015 928 3075 zasignefluorisspectaculo
943 3029 1041 3061 sunt
1050 3020 1296 3063 visentibus.

112 3081 251 3131 5232.
274 3077 421 3132 ἄκραν
453 3077 709 3135 Ἱεράν]ΟΓ.
725 3092 813 3124 not.
828 3083 1045 3139 adScylac.
1056 3097 1099 3138 Ρ.
1116 3087 1184 3137 74-
1198 3086 1299 3125 Mox

56 3138 154 3179 velis
182 3152 192 3179 :
225 3139 290 3180 καὶ
323 3138 460 3190 νήσους
495 3140 733 3194 Χελιδονίας,
768 3147 995 3200 praesentim
1026 3160 1155 3200 quum
1177 3149 1199 3199 ὃ
1219 3148 1297 3188 233

56 3200 202 3256 plmali
218 3215 394 3242 numelo
409 3210 554 3242 auct01
577 3212 730 3245 utatur.
755 3206 769 3260 ΙΙ
797 3231 853 3238 -
877 3208 1013 3249 σταδ.
1033 3206 1072 3263 φ’
1095 3207 1108 3262 l
1135 3222 1232 3262 apel
1235 3217 1299 3249 tus

55 3262 198 3302 scribae
218 3277 285 3302 err
287 3277 347 3302 or.
371 3263 512 3305 Fueiit
531 3263 611 3305 7ἐ>’;

199 3356 325 3397 Melas
557 3358 608 3400 50

200 3418 382 3461 Seleucia
552 3423 604 3461 80
695 3437 712 3462 1
721 3425 774 3465 30

197 3482 464 3536 Eurymedon
484 3483 491 3535 2
527 3495 543 3522 1
550 3495 604 3524 00
690 3485 772 3527 230

197 3543 455 3597 Cynosarion
481 3537 494 3601 ς

198 3605 365 3648 Cestrus
547 3611 600 3649 60
687 3622 769 3662 290

203 3667 449 3724 Rhuscopus
524 3671 564 3724 [3
572 3670 611 3725 5]
687 3671 766 3712 325

200 3730 366 3772 Masura
552 3732 604 3774 50
691 3735 743 3788 37
750 3734 770 3774 5

199 3793 358 3846 Mygale
554 3809 570 3834 1
581 3794 601 3835 5
691 3797 773 3849 390

200 3855 352 3896 Attalia
556 3870 572 3896 1
579 3870 605 3898 0
692 3860 774 3905 400

207 3916 401 3957 Tenedus
550 3931 603 3959 20
691 3923 773 3967 420

204 3977 360 4031 Lyrnas
553 3985 605 4022 60
691 3985 773 4029 480

2516 169 2600 206 491

1425 259 1520 300 230.
1555 261 1589 300 Α
1617 261 1844 303 Crambusa
1859 262 1911 303 ad
1937 262 2070 304 locum
2100 264 2452 307 Posidarisuntem
2477 268 2608 310 stadia

1368 335 1466 367 sunt
1492 328 1558 369 30.

1425 395 1522 436 231.
1565 402 1602 436 Α
1639 397 1948 440 Posidarisunte
1995 399 2047 440 ad
2090 402 2257 442 Morum
2297 417 2421 457 quam
2460 414 2608 447 vocant

1367 475 1516 516 aquam
1538 463 1668 504 stadia
1691 465 1759 506 30.

1423 531 1520 571 232.
1553 533 1587 571 A
1627 533 1750 572 Moro
1780 547 1885 588 aqua
1920 534 1972 575 ad
1998 536 2165 577 Sacrum
2198 540 2532 592 promontorium
2567 549 2608 582 et

1367 597 1651 639 Chelidoniam
1675 601 1805 642 insula
1827 602 1957 643 stadia
1977 604 2043 645 50.

1424 668 1628 714 Cunctaa
1645 670 1806 711 Melane
1830 671 1957 712 fluvio
1981 687 2111 727 usque
2133 674 2185 715 ad
2208 675 2469 718 Chelidonias
2486 676 2606 732 juxta

1367 742 1519 777 terram
1550 737 1756 790 naviganti
1789 738 1918 780 stadia
1941 754 2022 793 900
2047 741 2154 797 (δὴ
2179 757 2303 784 cursu
2325 752 2461 786 autem
2491 760 2604 787 com-

1366 802 1581 856 pendiario
1600 818 1675 859 per
1696 805 1846 846 fretum
1866 821 1996 861 usquc
2015 808 2068 848 ad
2083 809 2344 852 Chelidonias
2360 811 2490 854 stadia
2509 817 2604 857 600.

1423 870 1519 912 233.
1552 871 1617 912 Ab
1640 872 1786 914 iisdem
1808 875 2060 916 Chelidoniis
2088 892 2219 933 usque
2245 878 2298 920 ad
2322 881 2502 922 Marium
2525 883 2605 938 Cy-

1366 939 1513 993 prique
1526 942 1863 994 promontorium
1878 946 2146 986 Acamantem
2159 977 2170 997 ,
2193 961 2333 988 versus
2350 957 2488 990 ortum
2508 950 2605 991 solis

1367 1005 1612 1048 faustissima
1648 1009 1929 1063 navigatione,
1969 1012 2092 1054 flante
2123 1015 2322 1070 zephyro,
2347 1016 2476 1058 stadia
2509 1026 2606 1059 sunt

1371 1076 1498 1125 1800;
1524 1074 1575 1115 ab
1595 1078 1825 1118 Anemurio
1846 1087 1983 1119 autem
2003 1079 2054 1120 ad
2078 1081 2337 1124 Chelidonias
2360 1084 2511 1126 insulas
2527 1094 2606 1127 sta-

1365 1142 1433 1183 dia
1456 1157 1561 1197 1900
1572 1144 1713 1199 (μᾶν).

1768 1262 2000 1303 SEQUITUR
2043 1265 2203 1297 LYClA.

1422 1373 1519 1421 234.
1553 1375 1587 1414 Α
1604 1374 1728 1414 Sacro
1744 1378 2031 1430 promontorio
2046 1377 2099 1418 ad
2111 1379 2374 1435 Melanippen
2386 1383 2515 1424 stadia
2526 1397 2600 1424 nu·

1367 1449 1582 1482 merantur
1602 1443 1670 1483 30.

1842 1546 1989 1551 ————-
1994 1546 2591 1560 -—--——-——.——„

1513 1596 1528 1648 [
1546 1596 1724 1637 Phaselis
1826 1599 1906 1638 130
1924 1600 1938 1654 ]
1997 1602 2078 1642 630

1510 1658 1693 1712 Corycus
1859 1662 1912 1700 8ο
1998 1676 2021 1715 7
2029 1675 2046 1702 ι
2053 1676 2079 1702 0

1508 1719 1731 1761 Phoeniciis
1859 1725 1909 1761 ἕο
1995 1727 2074 1777 760

1510 1780 1736 1823 Crambusa
1835 1784 1922 1838 [30]
1995 1799 2075 1838 790

1509 1841 1678 1883 Sidarus
1861 1846 1914 1885 30
2001 1848 2081 1887 820

1999 1908 2079 1949 850

2003 1986 2098 2023 900.

1509 1906 1661 1946 Moron
1677 1905 1812 1961 hydor
1859 1908 1912 1948 30

1510 1968 1679 2008 Sacrum
1698 1983 1763 2023 pr.
1866 1971 1918 2010 50

1370 2063 1467 2102 Post
1490 2062 1613 2103 verba
1633 2064 1781 2104 στάδιοι
1799 2064 1838 2119 φ’
1869 2066 1911 2104 in
1941 2065 2083 2106 codice
2101 2065 2250 2119 legitur
2275 2079 2285 2106 2
2304 2067 2446 2108 Λοιπὸν
2464 2071 2603 2115 Λυκία,

1370 2137 1493 2176 quem
1522 2125 1690 2165 titulum
1725 2129 1974 2181 transposui,
2011 2128 2096 2167 sive
2115 2126 2229 2180 quod
2258 2142 2280 2168 e
2302 2131 2486 2183 margine
2506 2130 2603 2172 male

1369 2186 1555 2240 irrepsit,
1595 2188 1679 2227 sive
1712 2188 1827 2242 quod
1863 2198 2077 2243 sequentes
2109 2190 2265 2230 διάπλοι
2294 2205 2345 2231 ex
2380 2192 2460 2233 alio
2498 2194 2602 2236 sonte

1368 2248 1634 2302 postmodum
1656 2249 1787 2291 additi
1816 2266 1937 2292 causa
1958 2251 2112 2292 suerint
2138 2252 2368 2294 turbarum.

1425 2313 1446 2362 S
1467 2315 1564 2353 233.
1590 2311 1731 2353 Codex
1750 2313 1839 2354 ita:
1867 2313 1948 2354 ἔστι
1972 2313 2012 2355 δὲ
2031 2313 2106 2355 ἀπὸ
2129 2319 2204 2354 τῶν
2220 2314 2454 2357 Χελιδονίων
2478 2318 2609 2374 Μάραι

1373 2372 1385 2427 (
1407 2372 1535 2427 Μύραι
1553 2374 1664 2422 πόλις
1686 2373 1796 2429 conj.
1820 2376 1927 2417 Gail.
1959 2385 1999 2417 et
2022 2377 2181 2431 Lapie)
2201 2377 2266 2417 και
2287 2378 2331 2418 τὸ
2358 2381 2425 2434 τῆς
2444 2380 2608 2436 Κυπρίας

1368 2434 1484 2490 ἄκρας
1497 2434 1559 2476 ἐπὶ
1572 2436 1639 2477 τὸν
1660 2435 1876 2492 Ἀκάμαντα
1895 2438 1982 2479 κτλ.
2001 2440 2064 2478 De
2082 2438 2216 2479 Mario
2232 2439 2356 2494 Cypri
2379 2455 2431 2481 ul
2432 2441 2484 2482 be
2502 2445 2604 2484 Aca-

1368 2497 1498 2537 manti
1523 2511 1659 2552 prom.
1680 2500 1870 2553 proxima
1896 2514 1936 2541 v.
1961 2507 2051 2540 not.
2084 2499 2136 2539 ad
2156 2500 2323 2555 *Scylac.
2355 2515 2399 2556 p.
2431 2505 2507 2556 78,
2535 2505 2606 2545 ubi

1369 2558 1474 2599 adde
1494 2574 1560 2630 ap.
1587 2559 1762 2602 Diodor.
1793 2563 1890 2612 XII,
1924 2563 1946 2603 3
1972 2562 2121 2617 Μάριον
2142 2570 2252 2603 recte
2282 2564 2607 2619 Wesselingium

1368 2622 1596 2674 reposuisse
1627 2636 1704 2677 pro
1732 2622 1889 2673 Μάλον,
1924 2623 2038 2678 quod
2069 2623 2255 2679 praebent
2279 2624 2453 2666 codices.
2493 2628 2508 2681 Η
2552 2652 2608 2660 —-

1367 2680 1526 2737 ἡλίου]
1546 2683 1763 2739 κριοῦοοά.
1788 2686 1880 2739 11-
1908 2701 1971 2725 αω
1978 2685 2009 2740 ’]
2031 2685 2103 2726 a&
2122 2701 2203 2727 sec.
2225 2686 2417 2730 Strabon.
2439 2702 2483 2743 Ρ.
2499 2692 2605 2732 682;

1369 2744 1389 2784 ὁ
1406 2745 1446 2786 δὲ
1481 2745 1695 2802 Ἀκάμας...
1733 2748 1825 2803 πρὸς
1859 2748 2083 2796 Χελιδονίας
2111 2748 2180 2804 (ἐν
2201 2749 2380 2805 διάρματι
2409 2752 2605 2810 σταδίων)

1367 2808 1508 2862 χιλίων
1542 2807 1789 2850 ἐννακοσίων.
1827 2813 1984 2852 Revera
2010 2819 2108 2852 sunt
2140 2810 2271 2852 stadia
2309 2826 2427 2854 1100.
2468 2816 2609 2857 Paullo

1367 2871 1486 2924 plura
1517 2880 1790 2912 numerantur
1826 2886 1955 2927 usquc
1992 2872 2044 2913 ad
2083 2875 2381 2925 Anemurium
2423 2874 2526 2918 adeo
2563 2887 2608 2919 ut

1367 2933 1517 2973 Noster
1534 2947 1611 2988 pro
1642 2932 1709 2982 ας’
1737 2933 1897 2975 dedisse
1919 2933 2106 2975 videatur
2119 2934 2221 2987 ,oe7.‘>'.
2246 2937 2371 2991 Apud
2402 2938 2607 2993 Scylacem

1368 2996 1503 3049 prima
1523 2996 1772 3052 Pamphyliae
1790 2997 1889 3038 urbs
1909 2998 1961 3039 ab
1978 3012 2126 3038 occasu
2147 3007 2208 3039 est
2236 2999 2468 3053 Aspendus,
2497 3003 2607 3055 apud

1369 3057 1612 3098 Strabonem
1630 3066 1670 3098 et
1680 3058 1945 3099 Ptolemaeum
1960 3059 2080 3115 Olbia
2092 3090 2104 3109 ,
2125 3074 2192 3114 ap.
2213 3060 2392 3100 Plinium
2404 3061 2603 3113 Phaselis;

1368 3120 1518 3160 Noster
1527 3121 1749 3161 terminum
1759 3120 2050 3161 occidentalem
2060 3121 2177 3175 ponit
2188 3122 2356 3162 Sacrum
2364 3133 2606 3177 promonto-

1369 3182 1479 3222 rium
1489 3198 1500 3232 ;
1515 3197 1580 3238 ap.
1600 3183 1834 3224 Hecataeum
1851 3197 1935 3223 non
1947 3181 2074 3223 modo
2091 3182 2386 3238 Melanippium
2403 3185 2474 3225 sed
2493 3187 2608 3228 Phel-

1369 3244 1432 3284 105
1461 3259 1628 3300 quoque
1649 3245 1898 3300 Pamphyliae
1930 3253 2181 3286 accensetur.
2215 3245 2331 3286 Idem
2351 3250 2606 3303 geographus

1369 3308 1572 3348 orientem
1588 3322 1726 3348 versus
1738 3307 1839 3348 fines
1849 3307 2097 3362 Pamphyliae
2107 3307 2211 3348 ultra
2221 3308 2423 3349 Melancm
2434 3310 2606 3352 fluvium

1369 3370 1586 3424 protulisse
1626 3368 1805 3420 videtur,
1846 3369 2049 3424 siquidem
2081 3378 2190 3411 recte
2223 3371 2399 3426 conjicio
2437 3372 2603 3428 Κῦρὸην,

1370 3446 1493 3485 quam
1513 3430 1760 3486 Pamphyliae
1775 3431 1921 3472 urbem
1937 3431 2164 3486 Stephanus
2179 3446 2228 3472 ex
2248 3433 2436 3474 Hecataeo
2450 3434 2603 3487 laudat,

1372 3507 1459 3534 esse
1479 3492 1671 3547 Cibyram
1692 3491 1883 3533 aliorum.

1430 3558 1452 3607 S
1491 3559 1587 3597 234.
1627 3553 1705 3595 ἐπὶ
1739 3554 2107 3609 Μελανίππην]
2151 3554 2189 3596 ἐν
2224 3555 2458 3614 Μελανίππῃ
2490 3558 2603 3609 cod.;

1372 3632 1452 3658 em.
1472 3616 1579 3658 Gail.
1605 3615 1667 3657 Cf.
1686 3617 1940 3671 Stephanus:
1965 3616 2249 3668 Μελανίππιον,
2274 3620 2478 3674 ποταμὸς(
2494 3622 2607 3669 τόπος

1372 3694 1453 3720 em.
1468 3678 1635 3728 Berkel;
1651 3678 1762 3726 πόλις
1773 3678 2002 3720 Dindorfet
2011 3679 2218 3735 Meincke)
2231 3681 2472 3737 Παμφυλίας.
2494 3680 2606 3722 Ἑκα-

1372 3743 1479 3788 ταῖος
1518 3739 1631 3795 Ἀσίᾳ·
1671 3739 1767 3788 τινὲς
1798 3740 1838 3782 δὲ
1863 3741 1996 3790 Λυκίας
2026 3742 2132 3798 φασί.
2158 3743 2341 3796 Quintus
2373 3744 2604 3798 Smyrnaeus

1371 3806 1449 3853 ΙΙΙ,
1467 3817 1510 3857 p.
1531 3803 1611 3851 234
1631 3815 1641 3843 :
1667 3804 1751 3844 ναῖε
1770 3803 1804 3842 δ’
1831 3803 1893 3858 ὅγ’
1914 3802 2083 3846 αἰπεινὸν
2114 3804 2397 3855 Μελανίππιον,
2421 3800 2603 3859 ἱερὸνἋ-

1374 3865 1504 3916 θήνης,
1528 3863 1638 3905 ἀντία
1674 3864 1935 3907 Μασσικῦτοιο
1975 3865 2055 3919 (de
2078 3880 2161 3919 quo
2190 3865 2244 3906 cf.
2276 3866 2334 3907 id.
2357 3868 2475 3916 VIII,
2503 3882 2576 3921 107
2592 3884 2601 3893 ·

1374 3926 1479 3967 Ptin.
1505 3927 1560 3976 V,
1586 3928 1654 3975 28,
1688 3929 1709 3979 §
1738 3940 1835 3977 1003
1874 3927 1980 3969 Ptol.
1999 3927 2031 3983 ),
2057 3927 2277 3979 Χελιδονίης
2306 3928 2445 3982 σχεδὸν
2472 3928 2601 3983 ἄκρης.

1376 3991 1434 4032 Ex
1460 3988 1554 4043 ipsis
1573 3987 1823 4029 Chelidoniis
1846 3989 1943 4031 inss.
1963 4003 2043 4030 una
2066 3989 2287 4031 vocabatur
2315 3989 2602 4045 Μελανίππεια,
