2808 4342
14 123 119 218 ἔγω,
133 157 205 215 35.)

27 307 29 310 Α
47 259 94 304 τὸ
122 260 219 320 παρ’
241 259 366 316 αὐτὴν
388 258 462 314 τὴν
488 255 745 319 Ἠπιοδώρου
777 258 930 319 [ν’ἧσον
948 260 966 320 ]
986 259 1279 322 συλλεγόμενον

46 330 221 375 πινικόν·
246 328 432 391 φέρονται
454 325 533 388 γὰρ
558 325 597 378 ἐξ
632 327 763 382 αὖτῆς,
783 327 982 386 σινδόνες,
1000 329 1021 350 *
1041 329 1281 394 ἐὸαργαρεί.

46 399 150 450 τιδες
169 398 398 457 λεγόμεναι.

108 482 164 513 60.
202 467 296 511 Τῶν
318 462 360 508 δὲ
380 466 558 508 τοπικῶν
578 463 783 526 ἐμπορίων
800 484 843 510 τε
864 466 934 511 καὶ
958 466 1094 529 ὅρμων
1107 502 1119 523 ,
1142 469 1197 520 εἷς
1213 467 1279 520 οὒς

45 534 139 580 οἵτε
164 532 244 578 ἀπὸ
267 536 338 585 τ’ῆς
359 535 591 594 Λιμυρικῆς
610 532 680 577 καὶ
705 533 776 578 ἀπ’
794 534 944 595 ἄρκτου
963 536 1152 587 πλέοντες
1175 555 1281 582 κατ-

45 603 211 662 άγονται
226 636 239 661 ,
261 601 541 662 ἐπισημότερος
574 601 645 646 καὶ
668 601 775 647 κατὰ
804 603 850 648 τὸ
867 603 956 659 ἑξῆς
978 604 1146 665 κείμενοί
1166 607 1276 651 ἐστιν

41 669 220 732 ἐμπόρια
241 670 428 732 Καμᾶρα
457 669 528 715 καὶ
562 670 754 726 Ποδούκη
779 671 850 716 καὶ
875 671 1120 733 Σωπάτμα,
1156 675 1196 718 ἐν
1220 667 1277 726 οἷς

40 740 190 786 τοπικὰ
223 738 297 798 μέν
332 742 418 785 ἐστι
451 741 575 784 πλοῖα
614 738 738 801 μέχρι
772 743 1004 803 Λιμυρικῆς
1038 742 1275 804 παραλεγό-

43 827 146 868 μενα
164 808 238 864 τὴν
261 812 358 870 γῆν,
385 807 503 870 ἕτερα
522 808 556 853 δ’
578 811 623 854 ἐκ
644 808 873 868 μονοξύλων
893 810 1046 856 πλοίων
1071 811 1273 872 μεγίστων

40 878 163 941 ἇφαῒς
195 877 460 938 ἐζευγμένων,
498 876 701 938 λεγόμενα
727 879 942 942 σοίγγαρα,
973 879 1026 925 τὰ
1048 880 1090 925 δὲ
1118 883 1173 933 εἷς
1200 881 1273 938 τὴν

37 947 207 1008 Χρυσῆν
231 946 301 992 καὶ
332 949 386 997 εἷς
410 946 477 992 τὸν
507 947 675 1008 Γάγγην
699 948 907 1011 διαίροντα
941 951 1273 1014 κολανδιοιρωντα

36 1013 89 1060 τὰ
113 1014 306 1076 μέγιστα.
335 1018 557 1079 Προχωρεῖ
577 1015 617 1061 δὲ
638 1019 693 1069 εἷς
713 1016 805 1070 τοὺς
820 1017 967 1071 τόπους
989 1020 1124 1065 πάντα
1145 1020 1197 1066 τὰ
1217 1023 1272 1073 εἰς

37 1083 109 1139 τὴν
125 1085 360 1148 Λιμυρικὴν
382 1085 656 1147 ἐργαζόμενα,
674 1085 745 1130 καὶ
766 1086 911 1148 σχεδὸν
933 1089 988 1139 εἷς
1007 1088 1151 1141 αὐτοὺς
1169 1108 1271 1135 κατ-

38 1161 142 1216 αντᾷ
174 1154 220 1199 τό
256 1173 299 1199 τε
331 1157 478 1216 χρῆμα
512 1153 557 1199 τὸ
591 1155 662 1199 ἀπ’
701 1156 912 1216 Αἰγύπτου
949 1157 1168 1220 φερόμενον
1212 1161 1271 1222 τῷ

37 1222 161 1267 παντὶ
182 1221 316 1285 χρόνῳ
333 1222 401 1268 καὶ
418 1221 468 1267 τὰ
485 1224 659 1268 πλεῖστα
681 1223 777 1284 γένη
802 1225 967 1270 πάντων
986 1229 1066 1271 τῶν
1087 1226 1169 1271 ἀπὸ
1193 1229 1273 1274 Λι-

38 1294 212 1352 μυρικῆς
235 1290 497 1353 φερομένων,
527 1292 663 1353 [καὶ]
696 1293 761 1338 διὰ
785 1293 936 1350 ταύτης
962 1299 1033 1352 τῆς
1065 1295 1272 1358 παραλίας

36 1360 440 1422 ἔπιχορηγουμένων.

100 1445 158 1476 61.
197 1429 303 1490 Περὶ
335 1428 378 1474 δὲ
397 1428 470 1484 τὴν
497 1430 584 1489 μετ’
611 1431 735 1487 αὐτὴν
759 1432 924 1495 χώραν,
944 1433 1024 1490 ἤδη
1042 1433 1142 1496 πρὸς
1165 1436 1267 1479 ἀνα-

36 1497 158 1553 τολὴν
193 1503 263 1543 τοῦ
293 1498 416 1550 πλοὸς
453 1499 719 1552 ἀπονεύοντος
734 1537 746 1561 ‚
786 1505 840 1554 εἷς
877 1503 1054 1564 πέλαγος
1091 1503 1270 1549 ἔκκειται

36 1565 133 1628 πρὸς
152 1565 276 1621 αὐτὴν
293 1565 367 1622 τὴν
392 1566 504 1612 δύσιν
525 1571 645 1623 ν’ἦσος
666 1570 868 1629 λεγομένη
888 1573 1269 1632 Παλαισιμούνδου,

34 1739 156 1779 νεῖται
171 1739 344 1780 verbum
361 1739 515 1794 effingi,
534 1742 563 1781 i.
582 1755 619 1781 e.
644 1741 686 1781 in
704 1741 866 1782 modum
887 1742 990 1783 lance
1007 1753 1139 1784 netur.
1152 1744 1269 1785 Idem

33 1802 204 1842 Exercc.
240 1816 284 1856 p.
317 1805 397 1844 826
418 1817 495 1858 pro
518 1804 686 1851 σινδόνες
711 1803 854 1860 ἐὸαργ
868 1806 1121 1860 αρείτιδες,
1157 1807 1271 1861 quod

33 1862 165 1921 codex
195 1864 365 1918 praebet,
390 1865 467 1919 legi
493 1864 641 1919 jussit:
665 1867 763 1907 σινδ.
787 1868 1067 1922 μαργαρίτιδες,
1100 1868 1204 1909 adeo
1225 1878 1271 1910 ut

31 1924 308 1978 intelligantur
319 1927 468 1967 tunicae
482 1929 788 1984 καταμάργαροι,
807 1931 1037 1983 margaritis
1055 1939 1267 1972 consertae.

32 1987 129 2027 Haec
145 2002 229 2028 non
248 1997 390 2029 carent
422 1991 507 2029 veri
528 1992 676 2044 specie,
702 1992 931 2046 praescrtim
950 1993 983 2032 si
998 2006 1160 2046 premas
1178 2007 1270 2047 par-

31 2048 199 2089 ticulam
216 2049 291 2104 γὰρ
313 2059 406 2105 post
425 2066 463 2092 v.
484 2053 682 2106 φέρονται;
709 2068 786 2108 pro
803 2053 924 2093 certis
940 2061 1078 2093 tamen
1100 2055 1270 2095 minime

31 2110 342 2162 venditaverim,
364 2128 495 2168 quum
513 2115 624 2155 ultro
653 2129 739 2154 sese
762 2114 909 2154 offerat
933 2116 1110 2169 suspicio
1130 2116 1269 2156 sindo-

30 2186 103 2214 nes
119 2175 181 2214 uti
204 2189 228 2215 a
246 2176 399 2229 Gangis
418 2178 586 2229 regione
615 2177 855 2231 Γαγγητικαὶ
875 2175 1073 2216 dicuntur
1096 2179 1112 2228 (
1129 2181 1150 2229 ἓ
1170 2179 1266 2231 63),

31 2234 90 2275 sic
108 2236 186 2276 hoc
202 2236 292 2277 loco
311 2237 362 2277 ab
382 2238 532 2291 Argalo
553 2239 638 2278 sive
653 2237 902 2290 Argarodici
915 2250 922 2275 :
934 2237 973 2276 αἱ
997 2236 1265 2292 Ἂργαρίτιδες,

32 2311 83 2337 ex
98 2311 182 2351 quo
198 2299 331 2339 scriba
345 2299 441 2339 fecit
461 2300 775 2355 ἓὸαργαρείτιδες.
800 2323 857 2329 -
874 2298 1074 2352 Epiodori
1094 2301 1269 2341 insulam
1291 2321 1294 2324 ·

31 2358 84 2398 ad
102 2359 202 2400 hod.
234 2363 419 2401 Manuar-
435 2362 635 2412 referunt,
662 2362 716 2402 ob
735 2363 939 2414 vigentem
953 2361 1011 2401 ibi
1035 2364 1269 2416 margarita-

0 2412 7 2422 ’
30 2436 126 2462 rum
147 2423 414 2476 piscationem
447 2426 520 2477 (v.
542 2426 690 2465 Ritter.
708 2426 765 2474 V,
796 2438 839 2478 p.
873 2423 951 2463 516
973 2423 1012 2478 );
1043 2439 1128 2464 non
1154 2427 1270 2466 novit

30 2482 110 2523 hoc
143 2484 286 2525 insulae
306 2500 459 2526 nomen
481 2486 739 2536 Ptolemaeus,
764 2486 835 2539 qui
854 2487 1128 2526 Mamurius.
1151 2487 1270 2528 Νανί-

0 2593 1 2608 γ
30 2562 135 2602 γεριν
161 2549 363 2603 appellare
379 2549 556 2599 videtur,
570 2550 712 2604 judice
728 2551 948 2590 Mannerto
966 2551 1021 2598 V,
1048 2564 1084 2600 1,
1106 2565 1149 2605 p.
1167 2554 1264 2601 284.

30 2609 186 2650 Plinius
201 2612 278 2661 VI,
297 2614 350 2660 24
374 2612 482 2652 inter
507 2612 719 2652 Coliacum
752 2612 925 2667 (Κῶρυ)
950 2626 1086 2666 prom.
1115 2621 1156 2653 et
1189 2616 1268 2655 Ta-

0 2685 1 2718 3
29 2671 257 2726 probanem
278 2673 418 2714 medio
446 2688 574 2714 cursu
593 2675 757 2715 obviam
781 2674 871 2714 fieri
893 2673 994 2715 dicit
1025 2675 1131 2716 Solis
1155 2676 1266 2718 insu-

31 2733 138 2783 Iam;
157 2734 325 2776 fortasse
343 2750 428 2776 non
450 2735 610 2777 diversa
627 2745 687 2777 est
711 2737 852 2777 Nostri
867 2739 982 2787 νῆσος
1006 2735 1263 2793 Ἠπιοδώρου,

30 2809 153 2850 quam
164 2797 303 2852 potius
321 2795 560 2852 Ἡλιοδώρου
572 2797 833 2838 scribendam
844 2812 930 2838 esse
945 2807 1078 2854 puteS,
1096 2813 1265 2855 compo-

28 2858 291 2914 nendamque
306 2875 403 2901 cum
419 2861 527 2915 Κῶρυ
543 2861 677 2901 insula
691 2861 899 2902 Ptolemaei
917 2859 1217 2917 (Ramisseram
1230 2865 1263 2916 ).

85 2924 191 2974 §60.
209 2927 300 2963 τῶν
323 2923 372 2964 δὲ
399 2928 613 2964 τοπικῶν
639 2922 920 2978 ἐμπορίων]
942 2928 1017 2964 τῶν
1034 2923 1075 2964 δὲ
1097 2924 1160 2964 καὶ
1181 2925 1266 2965 τού-

29 2997 105 3024 των
126 2983 316 3040 ἐμπορίων
337 2985 483 3027 codex.
503 2985 795 3040 Bernhardyus
816 2987 1035 3041 proposuit
1059 2985 1204 3027 τούτων
1226 2987 1266 3028 δὲ

29 3049 104 3085 τῶν
138 3045 345 3102 ἐμπορίων,
384 3049 428 3088 in
461 3062 546 3102 quo
567 3048 698 3088 nescis
719 3061 904 3102 quonam
941 3047 1092 3088 referas
1122 3062 1264 3089 vocem

29 3109 191 3151 τούτων.
215 3113 350 3151 Ρο55ἰ5
371 3111 510 3166 paullo
543 3110 689 3151 durius
715 3123 725 3150 :
758 3114 834 3151 τῶν
865 3109 906 3150 ’δὲ
939 3109 1013 3151 ἀπὸ
1046 3110 1181 3151 τούτου
1202 3112 1266 3152 vel

30 3171 173 3213 τούτων
191 3172 380 3229 ἐμπορίων
402 3175 433 3215 i.
461 3189 498 3215 e.
519 3178 595 3214 τῶν
619 3172 660 3214 δὲ
684 3172 779 3228 μετὰ
796 3175 916 3213 ταῦτα
939 3172 1145 3228 ἐμπορίων.
1171 3174 1185 3227 {l
1208 3198 1265 3205 —

32 3247 73 3286 7.
92 3233 156 3273 Κα
170 3236 228 3288 μά
242 3237 319 3290 ρα]
343 3237 397 3277 Νἰ
416 3236 547 3287 fallor,
566 3236 730 3291 Καμάρα
746 3235 856 3291 apud
879 3235 1148 3277 Ptolemaeum
1162 3237 1259 3287 VH,

35 3309 72 3344 1,
124 3297 171 3335 13
200 3305 368 3338 vocatur
406 3296 572 3353 Χαῧηρὶς
607 3298 788 3353 ἐμπόριον
824 3297 877 3339 ad
915 3298 1120 3339 multifida
1159 3300 1262 3340 ostia

30 3357 206 3411 Χαὸήρου
223 3359 238 3410 (
259 3359 360 3400 hod.
381 3362 559 3414 Cavery)
579 3361 710 3402 fluvii.
733 3363 920 3401 Fortasse
940 3360 1042 3401 hod.
1063 3361 1259 3411 Carrical,

37 3420 52 3473 Η
79 3443 136 3450 -
160 3419 384 3473 Ποδοόκη
407 3423 422 3476 ]
457 3422 644 3474 Πωδούκη
678 3423 803 3472 Ptol.;
832 3423 1019 3463 sanserit.
1058 3423 1263 3464 Podulseri

32 3482 93 3533 (i.
122 3495 160 3521 e.
183 3482 248 3521 νέα
265 3482 374 3529 πόλις
396 3485 428 3536 ),
453 3498 533 3524 sec.
552 3483 723 3524 Bohlen.
742 3484 840 3525 Ind.
861 3487 896 3535 Ι,
925 3499 968 3539 p.
994 3489 1046 3525 26
1069 3494 1110 3526 et
1130 3487 1262 3527 Ritter

30 3542 86 3592 V,
104 3557 146 3597 p.
169 3541 273 3593 5163
297 3542 433 3597 lingua
454 3546 666 3586 Tamulica
695 3546 986 3600 Puduclzclzery
1009 3546 1023 3602 (
1043 3555 1142 3587 teste
1155 3550 1261 3588 Ben-

31 3603 124 3658 feyo
143 3604 169 3643 l.
191 3603 219 3643 l.
243 3619 286 3659 p.
311 3606 362 3657 98
387 3604 419 3660 ),
441 3606 552 3646 unde
570 3608 816 3647 recentiores
837 3606 1023 3647 fecerunt
1037 3608 1262 3649 Poncliclze-

32 3665 86 3706 ri.
130 3666 145 3718 Η
175 3689 231 3695 -
270 3665 535 3721 Σώπατμα]
575 3669 665 3708 Hoc
686 3682 839 3708 nomen
863 3683 950 3708 non
970 3669 1095 3709 habet
1127 3670 1262 3711 Ptole-

31 3740 174 3777 maeus,
202 3728 273 3781 qui
297 3728 403 3767 inter
420 3728 630 3769 Podueam
651 3738 692 3769 et
721 3729 943 3770 Maesoliam
976 3729 1061 3770 duo
1082 3739 1263 3772 recenset

31 3789 217 3844 emporia
230 3789 446 3844 Μελάγγην
465 3798 506 3830 et
523 3790 749 3845 Μονάρφαν.
765 3791 907 3838 Indice
927 3792 1122 3847 Σώπατμα
1141 3792 1263 3834 fuisse

30 3854 238 3906 Supatna,
269 3851 413 3906 pulcra
440 3852 560 3902 urbs,
606 3862 772 3894 censent
808 3853 964 3895 Bohlen
991 3869 1087 3895 cum
1130 3869 1261 3909 eoque

32 3914 212 3954 Ritterus
226 3913 255 3954 l.
280 3913 308 3954 l.
326 3914 434 3955 Situs
452 3914 568 3955 urbis
584 3915 768 3969 ignotus;
787 3915 883 3957 fort.
900 3916 952 3957 ad
967 3916 1068 3958 hod.
1087 3917 1261 3958 Maclras

31 3974 291 4029 quaerendus.
322 3976 337 4031 Η
364 4000 421 4009 -
451 3990 517 4019 10.
536 3976 677 4032 ἁφαῖς
695 3978 711 4032 ]
732 3976 792 4033 ἀφ’
817 3972 861 4029 ἧς
880 3978 1035 4030 codex3
1059 3978 1169 4034 ὑφαῖς
1183 3981 1259 4021 Fa-

868 157 980 203 PER
990 159 1164 205 IPLUS
1199 161 1392 208 MARlS
1429 164 1768 212 ERYTHRAEL

2490 196 2571 235 301

1352 271 1405 312 ad
1427 273 1628 328 Epiodori
1659 275 1968 334 (Ηεῖίοᾰονίθ)
2003 280 2176 323 insulam
2201 286 2390 328 collectae.
2424 292 2581 347 Expor-

1351 347 1493 381 tantur
1524 343 1635 384 enim
1660 343 1759 385 hinc
1777 345 1972 388 sindones
2002 362 2093 402 quae
2121 353 2409 403 margaritides
2427 357 2477 413 (Ρ)
2515 374 2583 400 vo-

1351 417 1512 451 cantur.

1407 480 1476 518 60.
1504 479 1618 519 Inter
1648 483 1834 535 emporia
1862 482 2015 523 horum
2034 483 2221 526 locorum
2251 495 2291 527 et
2317 491 2482 532 navium
2501 503 2580 536 sta-

1349 544 1497 595 tiones,
1529 547 1573 587 in
1596 561 1696 602 quas
1729 564 1753 590 a
1780 551 1986 606 Limyrice
2004 560 2044 592 et
2063 567 2086 593 a
2105 553 2230 596 borea
2255 558 2489 612 navigantes
2511 577 2581 617 ap-

1347 611 1505 666 pellunt
1519 644 1529 663 ‚
1554 615 1780 668 insigniora
1800 617 1881 658 hoc
1905 632 1948 659 se
1976 619 2121 661 ordine
2142 623 2351 678 excipiunt
2371 639 2381 666 z
2401 628 2581 681 primum

1351 671 1538 731 Camara,
1574 689 1665 724 tum
1697 682 1880 734 Poduea,
1912 685 2007 726 dein
2037 688 2242 743 Sopatma.
2304 693 2477 749 Propria
2506 696 2582 738 ho·

1346 761 1444 789 rum
1475 749 1664 791 locorum
1694 761 1790 794 sunt
1819 755 2003 808 navigia,
2046 771 2136 811 quae
2164 773 2293 815 usque
2322 762 2374 802 ad
2404 765 2581 821 Limyri-

1347 831 1423 858 cen
1443 818 1539 860 litus
1569 820 1700 874 legere
1736 823 1890 874 solent3
1916 825 1992 866 alia
2022 841 2163 868 rursus
2192 843 2214 869 e
2247 832 2434 873 maximis
2467 837 2585 875 navi-

1346 887 1448 929 culis
1479 890 1695 944 uniligneis
1725 893 1902 933 invicem
1936 890 2130 949 colligatis
2160 908 2357 941 vocantur
2384 915 2577 956 sangara;

1345 970 1393 997 ea
1421 956 1600 1013 denique
1618 974 1708 1013 quae
1727 961 1770 1000 in
1801 960 1985 1016 Chrysen
2014 971 2054 1004 et
2085 964 2137 1005 ad
2156 966 2339 1020 Gangem
2372 969 2580 1024 trajiciunt

1344 1026 1539 1077 maxima,
1565 1027 1914 1083 colandiophonta
1946 1041 2160 1074 vocantur.
2221 1036 2503 1090 Importantur
2535 1040 2577 1080 in

1344 1094 1432 1135 haec
1464 1095 1553 1136 loca
1585 1111 1842 1153 quaeeunque
1874 1099 1918 1139 in
1941 1100 2175 1155 Limyricen
2204 1105 2437 1158 negotiandi
2457 1122 2579 1149 causa

1344 1163 1581 1213 mittuntur,
1617 1173 1658 1205 et
1690 1180 1834 1206 omnes
1867 1166 1951 1207 sere
1974 1170 2126 1223 species
2148 1172 2292 1225 quovis
2322 1180 2504 1228 tempore
2526 1191 2575 1216 ex

1343 1231 1519 1287 AEgypto
1552 1231 1691 1274 afferri
1718 1235 1845 1276 solitae
1860 1266 1871 1284 ,
1905 1236 2164 1292 plurimaque
2183 1253 2327 1280 eorum
2346 1255 2436 1295 quae
2461 1257 2483 1282 e
2507 1245 2576 1284 Li-

1342 1301 1497 1354 myrice
1514 1310 1783 1356 exportantur
1801 1311 1841 1343 et
1859 1317 1933 1358 per
1948 1312 2123 1345 tractum
2138 1306 2249 1347 hunc
2263 1307 2463 1349 litoralem
2483 1324 2582 1365 sup-

1341 1367 1593 1422 peditantur.

1398 1441 1465 1478 61.
1496 1439 1615 1479 Circa
1643 1449 1882 1494 sequentem
1915 1442 2148 1495 regionem,
2180 1442 2267 1498 jam
2300 1453 2490 1499 vergente
2527 1446 2578 1486 ad

1342 1513 1480 1546 ortum
1501 1496 1785 1560 navigatione,
1819 1509 1864 1548 in
1896 1508 2061 1563 pelagus
2093 1509 2276 1565 projecta
2295 1520 2355 1552 est
2387 1527 2577 1554 occasum

1338 1583 1481 1615 'versus
1506 1575 1677 1615 tendens
1709 1576 2013 1618 Palaesimundu
2043 1578 2188 1628 insula,
2224 1593 2315 1633 quae
2336 1580 2447 1635 apud
2475 1583 2579 1622 anti-

1346 1746 1516 1797 bricius,
1534 1749 1738 1802 explicans
1766 1763 1774 1789 :
1794 1749 2048 1790 radentibus.
2068 1752 2083 1804 Η
2103 1775 2159 1781 —
2174 1752 2395 1807 σάγγαρα
2409 1753 2424 1806 ]
2439 1752 2576 1807 lingua

1345 1810 1530 1849 sanserit.
1563 1810 1789 1863 significare
1824 1810 2242 1865 Kaaffalzrteisckq’ffh
2274 1812 2376 1853 dicit
2405 1815 2572 1869 Beufey.

1335 1873 1377 1927 p.
1401 1871 1497 1925 307.
1522 1873 1584 1913 De
1606 1872 1904 1926 significatione
1922 1875 2034 1916 vocis
2055 1873 2374 1930 κολανῧιοφωντα
2397 1874 2455 1915 nil
2472 1887 2581 1914 asse·

1338 1947 1476 1975 verare
1495 1935 1620 1975 audet
1654 1938 1840 1977 Accentu
1867 1951 1945 1978 vox
1969 1938 2012 1977 in
2038 1936 2134 1977 cod.
2155 1945 2283 1979 caret.
2306 1939 2388 1978 Pro
2404 1936 2451 1977 τὰ
2469 1938 2578 1991 μέγι-

1337 2011 1407 2036 στα
1438 1996 1560 2039 scrib,
1595 1997 1760 2038 videtur
1788 1999 1880 2039 ὄντα
1917 1999 2076 2053 μέγιστα
2089 2030 2100 2048 ,
2134 1999 2213 2039 nisi
2247 1998 2325 2039 suit
2361 1998 2548 2038 κολάνδια
2563 2031 2573 2049 ,

1336 2058 1429 2097 ὄντα
1466 2058 1641 2112 μέγιστα.
1681 2060 1872 2099 Ceterum
1912 2061 1970 2100 ita
2012 2061 2211 2100 Vicentus
2255 2061 2297 2099 II
2310 2090 2321 2109 ,
2363 2074 2406 2115 p.
2428 2061 2523 2107 ,521
2563 2075 2573 2101 2

1348 2138 1364 2153 «
1389 2119 1478 2159 The
1493 2119 1687 2160 different
1699 2128 1803 2159 sorts
1816 2119 1864 2159 of
1875 2119 2019 2159 vessels
2031 2118 2296 2160 constructed
2309 2120 2355 2159 in
2370 2120 2450 2160 this
2461 2128 2575 2175 ports

1341 2194 1410 2220 are
1445 2180 1622 2220 likewise
1657 2180 1982 2234 correspondent
2009 2180 2106 2219 with
2142 2179 2317 2220 modern
2352 2190 2572 2232 accounts;

1341 2241 1411 2280 the
1433 2243 1654 2296 monoxyla
1671 2256 1740 2281 are
1766 2241 1846 2281 still
1876 2242 1919 2280 in
1939 2254 2026 2290 use,
2051 2249 2126 2280 not
2146 2254 2307 2290 canoes,
2328 2254 2371 2280 as
2392 2241 2487 2296 they
2505 2257 2575 2283 are

1340 2305 1573 2344 sometimes
1590 2303 1840 2358 improperly
1858 2300 2061 2342 rendered
2076 2317 2086 2351 ;
2104 2301 2180 2342 but
2200 2301 2300 2341 with
2322 2301 2430 2342 their
2451 2302 2573 2342 foun-

1341 2364 1482 2404 dation
1502 2364 1661 2405 formed
1681 2364 1728 2404 of
1743 2378 1767 2403 a
1796 2363 1923 2416 single
1939 2363 2106 2413 timbre,
2130 2362 2348 2412 hollowed,
2370 2362 2452 2402 and
2474 2363 2572 2404 then

1340 2426 1474 2466 raised
1495 2427 1593 2466 with
1625 2427 1720 2466 tiers
1742 2424 1791 2464 of
1801 2424 1996 2479 planking
2018 2424 2079 2464 till
2092 2424 2188 2478 they
2209 2424 2291 2463 will
2310 2425 2475 2464 contain
2494 2439 2572 2467 100

1340 2502 1388 2527 or
1414 2487 1490 2530 150
1508 2503 1616 2528 men.
1637 2487 1798 2527 Vessels
1830 2486 1877 2526 of
1894 2486 1974 2526 this
2000 2493 2087 2526 sort
2105 2499 2173 2526 are
2194 2485 2410 2540 employed
2432 2486 2475 2525 in
2502 2487 2570 2528 the

1339 2551 1591 2591 intercourse
1612 2550 1795 2590 between
1810 2549 1879 2588 the
1901 2556 1983 2588 two
2006 2556 2158 2597 coasts;
2174 2547 2252 2587 but
2271 2547 2339 2587 the
2355 2546 2569 2589 kolandio-

1338 2612 1508 2666 phonta,
1543 2612 1649 2653 built
1681 2611 1745 2651 for
1773 2610 1842 2650 the
1862 2609 1977 2650 trade
2004 2618 2048 2650 to
2068 2608 2281 2658 Malakka,
2315 2608 2490 2663 perhaps
2527 2619 2574 2650 to

1339 2674 1485 2724 China‚
1508 2689 1617 2716 were
1649 2672 1909 2726 exceedingly
1927 2672 2037 2725 large
2065 2670 2148 2711 and
2166 2678 2290 2719 staut,
2327 2669 2572 2724 resembling

1337 2736 1538 2790 probably
1560 2736 1676 2775 those
1708 2733 1923 2775 described
1948 2734 2003 2789 by
2023 2735 2166 2774 Marco
2190 2731 2291 2774 Polo
2314 2730 2397 2772 and
2428 2732 2572 2773 Nicola

1338 2798 1380 2838 di
1410 2799 1547 2839 Conti.
1577 2798 1797 2839 Barthema
1827 2796 2006 2837 likewise
2028 2796 2235 2836 mentions
2256 2792 2403 2834 vessels
2422 2793 2471 2833 of
2489 2794 2573 2834 this

1337 2869 1424 2901 sort
1444 2868 1485 2901 at
1505 2860 1745 2909 Tarnasari,
1783 2859 1872 2899 that
1906 2871 2015 2898 were
2047 2855 2096 2896 of
2115 2869 2222 2898 1000
2254 2863 2345 2895 tons
2374 2854 2567 2906 burthen,

1338 2922 1533 2977 designed
1553 2923 1616 2962 for
1638 2922 1716 2962 this
1739 2935 1836 2975 very
1851 2920 1967 2960 trade
1980 2927 2024 2959 to
2045 2917 2235 2959 Malakka
2250 2934 2287 2957 ».
2311 2918 2326 2970 Η
2350 2938 2406 2947 —
2429 2921 2492 2966 14.
2514 2919 2570 2958 τό

1337 2999 1358 3024 τ
1371 3000 1388 3024 ε
1423 2987 1516 3039 χρῆ
1531 2985 1617 3039 μα]
1638 2983 1681 3023 τὸ
1698 2982 1738 3022 δὲ
1753 2998 1818 3036 χρ.
1841 2991 1882 3022 et
1899 2981 1994 3022 dein
2011 2981 2142 3036 χρόνῳ
2160 2978 2256 3021 κατὰ
2272 2978 2435 3019 πλεῖστα
2454 2978 2566 3030 cod.;

1337 3060 1418 3086 em.
1444 3045 1660 3087 Schwanb.
1685 3059 1727 3100 p.
1754 3047 1850 3099 487.

1393 3112 1415 3162 §
1441 3114 1510 3152 61.
1536 3108 1647 3163 περὶ
1674 3105 1821 3157 δὲτὴν
1865 3107 1968 3161 μετ’
2007 3103 2152 3155 αὐτὴν
2173 3103 2375 3158 χώραν]
2407 3102 2492 3156 περὶ
2527 3102 2567 3143 δὲ

1335 3176 1410 3213 τῶν
1437 3172 1518 3226 μετ’
1541 3168 1657 3221 αὐτὴν
1677 3173 1816 3224 χωρῶν
1846 3167 1991 3208 codex.
2012 3170 2248 3208 Perversam
2280 3164 2384 3204 hanc
2413 3162 2465 3203 de
2483 3164 2566 3204 situ

1335 3234 1479 3274 insulae
1500 3233 1737 3288 opinionem
1756 3229 2002 3270 confirmant
2026 3241 2117 3282 quae
2141 3226 2334 3280 leguntur
2353 3227 2374 3276 ἕ
2395 3228 2462 3274 62,
2490 3225 2565 3266 1ὼί

1334 3305 1428 3351 post
1447 3294 1711 3350 Taprobanes
1727 3291 2046 3346 descriptionem
2063 3289 2197 3343 pergit
2212 3300 2222 3328 ζ
2239 3286 2334 3341 Περὶ
2348 3285 2388 3326 δὲ
2409 3286 2564 3335 τούτους

1334 3358 1422 3405 τοὺς
1441 3358 1628 3402 τόπους...
1654 3352 1839 3394 Μασαλία
1857 3352 2078 3406 παράκειται
2102 3350 2227 3403 χώρα.
2251 3349 2267 3402 l}
2286 3371 2342 3378 —
2360 3360 2428 3389 2ο.
2451 3348 2562 3403 πρὸς

1336 3418 1490 3471 αὐτὴν
1518 3417 1608 3469 τὴν
1644 3415 1815 3469 δύσιν]
1857 3414 1920 3455 Cf.
1958 3412 2247 3455 Eratosthenes
2279 3425 2345 3465 ap.
2367 3411 2559 3452 Strabon.

1326 3495 1375 3539 ·p.
1403 3487 1479 3536 691
1513 3495 1523 3522 :
1547 3478 1625 3531 Τὴν
1648 3478 1689 3519 δὲ
1706 3476 1956 3531 Ταπροὸάνην
1986 3474 2174 3529 πελαγίαν
2198 3472 2300 3514 εἶναί
2319 3487 2410 3527 φασι
2426 3475 2560 3523 νῆσον,

1335 3546 1428 3600 ἇπέγ
1437 3558 1551 3584 ουσαν
1584 3546 1659 3583 τῶν
1693 3539 1932 3581 νοτιωτάτων
1964 3541 2032 3589 τῆς
2069 3536 2230 3587 Ἰνδικῆς
2250 3540 2325 3576 τῶν
2359 3534 2456 3575 κατὰ
2475 3535 2563 3582 τοὺς

1335 3594 1556 3653 Κωλ-ιακοῦς
1585 3606 1600 3658 (
1620 3602 1836 3649 Κωνιακοῦς
1851 3600 1975 3642 codd.
1998 3600 2011 3656 )
2030 3599 2121 3654 πρὸς
2147 3597 2384 3654 μεσημδρίαν
2406 3596 2558 3651 ἡμερῶν

1334 3670 1427 3711 ἑπτὰ
1438 3670 1575 3717 πλοῦν,
1601 3668 1719 3721 μῆκος
1736 3663 1802 3720 μὲν
1815 3664 1865 3712 ὡς
1882 3662 2178 3717 ὀκτακισχιλίων
2195 3660 2358 3701 σταδίων
2384 3659 2459 3700 ἐπὶ
2474 3656 2524 3708 τὴ
2539 3673 2557 3697 ν

1332 3733 1416 3774 Aio
1431 3748 1472 3772 ιο
1485 3731 1564 3772 πία
1576 3744 1594 3769 ν
1612 3727 1704 3781 (Cf.
1719 3726 1905 3768 Gosselin
1920 3725 2040 3767 Rech.
2057 3726 2134 3773 ΙΠ,
2155 3738 2199 3779 p.
2217 3725 2297 3776 294
2316 3721 2458 3777 ).1-1aec
2474 3734 2562 3759 ma·

1333 3795 1392 3848 gis
1416 3792 1552 3833 adhuc
1578 3789 1835 3843 exaggeravit
1869 3789 2032 3828 Noster.
2062 3787 2078 3840 Η
2114 3809 2171 3816 -
2187 3784 2222 3824 Π
2235 3784 2291 3823 αλ
2304 3798 2327 3822 α
2340 3797 2380 3821 ισ
2391 3797 2400 3820 ι
2412 3797 2438 3835 μ
2450 3796 2470 3819 ο
2482 3780 2501 3818 ύ
2513 3794 2557 3819 ν-
2626 3787 2630 3790 ·

1300 3884 1307 3904 ,-
1331 3858 1352 3896 ὃ
1365 3872 1385 3896 ο
1398 3871 1417 3894 υ
1435 3856 1450 3910 ]
1477 3853 1596 3895 πάλαι
1615 3851 1819 3907 σιμούνδου
1839 3849 1985 3891 codex.
2005 3848 2238 3889 Marcianus
2252 3859 2295 3899 p.
2321 3844 2343 3883 3
2367 3856 2376 3883 ε
2398 3844 2463 3892 τῆς
2479 3841 2554 3880 Τα-

1330 3917 1519 3973 προὸάνης
1531 3914 1787 3968 καλουμένης,
1809 3914 1876 3962 τῆς
1891 3908 2224 3964 Παλαισιμούνδου
2237 3902 2554 3978 λεγομένηςΙπρό-

1336 3993 1453 4034 τερον.
1475 3976 1525 4018 Id
1547 3991 1589 4031 p.
1618 3975 1665 4015 15
1687 3988 1696 4015 t
1735 3973 1759 4024 ἣ
1781 3973 2010 4028 Ταπροόάνη
2045 3973 2157 4022 νῆσος
2177 3967 2201 4019 ἣ
2222 3967 2556 4020 Παλαισιμουνοου
