2808 4342
52 211 129 270 (2³2
143 208 218 271 Μ·)

138 311 239 374 ὑπὲρ
258 311 300 358 δὲ
321 309 483 360 τούτους
496 306 681 371 Ἴσμενοι
701 306 771 352 καὶ
791 305 1071 369 Μέντορες....

49 395 113 426 395
139 380 353 440 Ἠριδανὸς
368 376 445 436 ,,ὃς
462 375 679 421 κάλλιστον
696 374 894 436 ἤλεκτρον
916 374 1050 438 φέρει,

135 448 159 492 ὅ
181 464 299 510 φασιν
321 438 424 490 εἶναι
442 442 615 504 δάκρυον
637 442 956 503 ἀπολιθούμενον
972 479 984 500 ,

137 514 294 576 διαυγὲς
311 512 499 575 αἰγείρων
521 511 830 574 ἀποστάλαγμά
849 531 904 557 τι.

135 583 310 642 Λέγουσι
325 580 404 643 γὰρ
425 580 472 636 δὴ
490 579 563 636 τὴν
578 580 830 643 κεραύνωσιν
850 585 1000 644 προτοῦ

130 651 204 705 τὴν
225 655 295 696 τοῦ
314 650 545 702 Φαέθοντος
561 651 678 712 δεῦρο’
695 649 901 712 γεγονέναι
918 650 1034 702 τινές·

46 736 112 766 4ου
134 720 193 765 διὸ
209 720 279 765 καὶ
295 718 346 765 τὰ
360 719 497 775 πλήθη
518 719 654 765 πάντα
673 723 753 765 τῶν
773 720 995 782 οἰκητόρων

134 792 440 851 μελανειμονεῖν
460 808 502 835 τε
522 789 712 842 πενθικάς
731 789 766 835 τ’
784 789 892 851 ἔχειν
914 789 1076 841 στολάς.

133 858 182 904 Ἡ
204 859 378 915 πλησίον
396 858 514 921 χώρα
533 858 574 904 δὲ
596 859 750 905 τούτων
769 859 937 919 κειμένη

132 927 210 972 ὑπὸ
229 930 310 972 τῶν
333 927 581 988 Πελαγόνων
603 928 674 973 καὶ
696 928 911 990 Λιὸυρνῶν
930 927 1168 990 κατέχεται.

134 995 305 1047 Τούτοις
322 996 525 1042 συνάπτον
543 998 577 1042 δ’
596 997 683 1042 ἐστὶ
703 999 908 1044 Βουλινῶν
929 997 1052 1049 ἔθνος·

50 1083 112 1112 405
138 1066 225 1120 ἑξῆς
243 1065 283 1110 δὲ
304 1066 465 1126 μεγάλη
484 1066 730 1129 χερρόνησος
749 1066 925 1122 εΥλλική

132 1135 230 1197 πρὸς
250 1133 322 1190 τὴν
343 1136 656 1192 Πελοπόννησόν
680 1155 719 1181 τι
737 1135 991 1196 έξισουμένη·

133 1205 271 1258 πόλεις
292 1206 326 1250 δ’
346 1207 386 1251 ἐν
411 1207 516 1268 αὐτῇ
541 1224 641 1268 φασι
660 1205 781 1252 πέντε
799 1207 870 1251 καὶ
888 1206 985 1251 δέκα

132 1272 314 1327 ’Ύλλους
333 1282 537 1320 κατοικεῖν
553 1311 566 1335 ‚
585 1274 703 1328 ὄντας
718 1275 929 1330 εΈλληνας
947 1274 1069 1336 γένει·

134 1343 202 1388 τὸν
227 1344 481 1405 Ἡρακλέους
500 1344 578 1406 γὰρ
598 1342 756 1391 εΎλλον
776 1343 958 1399 οἰκιστὴν
979 1343 1120 1389 λαὸεῖν
1137 1379 1148 1404 ,

50 1430 112 1459 410
134 1413 503 1474 ἐκδαρὸαρωθῆναι
523 1412 565 1457 δὲ
587 1414 751 1466 τούτους
770 1417 829 1476 τῷ
852 1413 986 1477 χρόνῳ

134 1488 214 1533 τοῖς
234 1480 363 1526 ἔθεσιν
379 1483 586 1542 ἱστοροῦσι
604 1488 686 1534 τοῖς
700 1485 778 1527 τῶν
795 1481 968 1538 πλησίον
986 1517 998 1541 ,

133 1550 185 1600 ὥς
206 1567 304 1609 φασι
328 1548 505 1609 Τίμαιός
524 1568 567 1594 τε
590 1550 906 1612 κάρατοσθένης.

132 1622 269 1674 Νῆσος
290 1621 382 1664 κατ’
401 1617 545 1670 αὐτοὺς
563 1618 597 1663 δ’
615 1618 722 1664 ἔστιν
742 1618 867 1665 Ἴσσα
887 1620 1088 1681 λεγομένη
1107 1656 1119 1680 ,

135 1688 402 1751 Συρακοσίων
422 1687 573 1750 ἔχουσα
593 1687 666 1744 τὴν
692 1689 902 1737 ἀποικίαν.

51 1776 114 1805 415
138 1759 191 1806 ‘H
219 1760 252 1804 δ’
276 1758 452 1821 Ἰλλυρὶς
468 1758 573 1819 μετὰ
591 1763 720 1804 ταῦτα
744 1758 1046 1821 παρατείνουσα
1065 1762 1118 1820 γῆ

132 1828 225 1887 ἔθνη
244 1829 426 1891 περιέχει
442 1828 590 1873 πολλοί·
610 1828 747 1885 πλήθη
770 1829 850 1891 γὰρ
869 1830 1001 1892 συχνοί

131 1900 211 1941 τῶν
236 1897 446 1960 Ἰλλυριῶν
467 1897 654 1959 λέγουσιν
671 1890 773 1943 εἶναι
789 1898 859 1943 καὶ
875 1898 926 1943 τὰ
947 1898 1020 1958 μέν

132 1968 264 2010 αὐτῶν
288 1967 490 2012 κατοικεῖν
511 1967 585 2022 τὴν
606 1967 816 2028 μεσόγειον
839 1967 1044 2028 νεμόμενα
1060 2003 1072 2025 ,

53 2169 68 2222 ss
88 2193 144 2199 -
159 2168 255 2221 394.
277 2170 339 2208 De
361 2170 534 2210 Ismenis
549 2169 714 2225 aliunde
733 2184 818 2210 non
834 2163 1009 2211 constat.
1030 2169 1282 2223 Vindingius

48 2244 225 2284 eumque
244 2231 374 2270 secuti
402 2231 548 2285 reliqui
569 2231 762 2280 editores,
784 2233 856 2285 qui
877 2234 1151 2272 Letronnium
1173 2240 1284 2271 ante-

49 2291 217 2342 cedunt,
239 2293 436 2346 scripsere
456 2292 642 2347 “Υμανοι,
664 2308 796 2347 quum
811 2295 991 2347 Hymani
1019 2293 1147 2334 medii
1178 2294 1285 2333 inter

47 2355 255 2394 Mentores
299 2361 340 2393 et
375 2354 601 2394 Encheleos
640 2363 929 2394 recenseantur
958 2355 1069 2409 apud
1103 2355 1284 2395 Plinium

47 2416 125 2463 III,
159 2413 209 2454 25
238 2413 331 2469 (Cf.
363 2423 451 2454 not.
477 2415 529 2455 ad
546 2415 698 2470 Scylac.
721 2418 743 2468 5
767 2429 815 2455 21
842 2424 881 2455 et
904 2416 955 2455 23
976 2430 1070 2470 pag.
1094 2429 1146 2470 27
1163 2431 1225 2471 sq.
1249 2419 1280 2470 ).

50 2476 209 2528 Quodsi
233 2475 411 2517 eundem
430 2477 629 2532 populum
652 2485 826 2531 uterque
847 2486 990 2517 auctor
1012 2477 1167 2518 indicat
1181 2509 1191 2528 ‚
1224 2480 1284 2519 uti

50 2539 151 2578 mihi
173 2552 338 2592 quoque
366 2538 545 2588 videtur,
578 2553 662 2579 non
689 2548 827 2579 tamen
857 2547 918 2579 est
945 2553 1020 2579 cur
1041 2540 1215 2580 alterum
1235 2555 1285 2581 ex

51 2600 178 2640 altero
197 2599 478 2641 emendemus.
505 2603 568 2642 De
585 2602 843 2642 Mentoribus
863 2601 957 2642 vide
979 2602 1186 2657 Scylacem
1204 2603 1231 2643 l.
1254 2604 1280 2643 l.

54 2662 70 2713 ΙΙ
87 2685 142 2691 —
155 2660 251 2714 395.
276 2662 418 2703 Oratio
432 2663 606 2718 abrupta
620 2663 810 2703 lacunam
822 2664 978 2716 arguit3
999 2678 1052 2703 un
1059 2678 1104 2703 us
1119 2664 1181 2704 vel
1200 2664 1285 2706 duo

51 2719 189 2763 versus
221 2723 472 2775 exciderint,
506 2725 548 2764 in
569 2725 720 2779 quibus
750 2724 802 2764 de
827 2724 1102 2765 Electridibus
1125 2727 1281 2777 insulis,

50 2799 152 2838 quas
170 2799 253 2826 una
275 2799 372 2826 cum
400 2786 704 2827 Mentoridibus
738 2787 880 2841 Scylax
900 2795 1117 2836 memorat,
1150 2802 1285 2828 sermo

50 2848 173 2890 fuerit
183 2865 193 2900 ;
204 2850 268 2890 his
271 2865 287 2904 J
294 2858 418 2890 uncta
429 2859 516 2891 erat
530 2851 685 2890 mentio
697 2849 885 2900 Eridani,
900 2851 982 2890 sive
990 2864 1086 2889 eum
1096 2851 1138 2889 in
1150 2851 1283 2905 Illyria

51 2912 126 2952 sibi
146 2912 311 2953 finxerit
330 2912 343 2968 (
360 2913 606 2953 Catarbaten
621 2912 820 2968 Scylacis?
837 2911 869 2968 ),
884 2913 969 2952 sive
984 2926 1080 2952 cum
1097 2912 1285 2968 plurimis

50 2973 211 3015 Padum
233 2975 478 3016 intellexerit
507 2984 667 3016 auctor.
697 2977 783 3016 Cur
799 2989 939 3016 versus
969 2983 1285 3030 transponamus

52 3050 146 3077 cum
162 3037 376 3078 Clausenio
399 3037 478 3094 (ad
497 3040 639 3079 Hecat.
662 3038 809 3092 fragm.
831 3052 873 3093 p.
895 3039 975 3092 60)
998 3045 1038 3078 et
1058 3037 1281 3090 Meinekio,

52 3113 231 3153 quoru-m
251 3100 316 3141 ille
334 3109 427 3155 post
443 3115 482 3142 v.
503 3102 599 3156 374,
620 3101 689 3142 hie
707 3108 799 3156 post
821 3114 862 3141 v.
892 3101 970 3154 391
988 3131 999 3151 ‚
1026 3098 1206 3142 indicata
1228 3101 1285 3143 la-

53 3176 173 3211 euna,
189 3164 377 3213 inseruit,
400 3178 522 3205 causa
539 3163 690 3204 idonea
700 3178 785 3204 non
807 3163 962 3204 subest.
981 3162 1193 3204 Fabricius
1209 3178 1285 3219 pro

59 3221 182 3276 Ἠριδ.
210 3225 370 3280 scripsit
384 3224 609 3281 Κήριδανὸς,
628 3225 809 3267 fortassis
831 3234 955 3267 recte.
978 3225 994 3280 Η
1021 3250 1076 3256 --
1098 3226 1195 3280 398.
1213 3228 1285 3282 πρὸ

55 3286 69 3335 (
94 3299 178 3324 non
193 3285 314 3343 πρὸς)
338 3285 407 3338 τὴν
431 3290 499 3328 τοῦ
519 3289 573 3330 Φ.
600 3287 752 3339 codex3
774 3303 856 3329 em.
881 3287 1000 3329 editt.
1019 3290 1134 3329 Fort.
1157 3290 1282 3331 scrib.

53 3347 169 3400 πάρος
191 3346 298 3402 conj.
321 3349 525 3391 Meineke.
555 3351 571 3404 ss
600 3375 658 3382 —
679 3354 776 3399 401.
798 3351 916 3406 μέλαν
949 3352 1081 3406 μονεῖν
1108 3351 1286 3400 πενθικὰς

54 3407 198 3458 codex,
213 3422 293 3449 em.
310 3411 578 3453 Hoeschelius.
599 3413 829 3454 Meinekius
842 3414 978 3454 mallet
991 3414 1284 3470 μελανειμονεῖν

54 3471 278 3521 πενθητικάς
308 3472 340 3511 τ’
366 3471 486 3527 ἔχειν,
511 3475 563 3515 ad
582 3475 748 3515 dicendi
774 3489 899 3515 usum
933 3477 1085 3517 rectius
1107 3477 1282 3530 dictum,

55 3547 184 3586 quum
213 3533 388 3581 πενθικᾶς
410 3534 513 3589 ἔχειν
542 3536 681 3584 στολὰς
702 3537 806 3577 nihil
825 3538 877 3578 sit
912 3539 991 3579 nisi
1023 3540 1285 3594 amplificatio

50 3598 120 3634 Υτοῖὶ
146 3594 454 3650 μελανειμονεῖν.
477 3599 579 3638 Rem
598 3607 746 3652 praeter
764 3600 962 3640 Nostrum
985 3610 1187 3642 memorat
1207 3604 1286 3643 Po-

50 3658 188 3710 tybius
207 3660 262 3707 ΙΙ,
286 3661 351 3708 16,
370 3659 434 3708 13,
452 3659 524 3699 ubi
540 3659 591 3700 de
603 3660 716 3700 Pado
734 3661 907 3715 loquens
927 3676 936 3702 ι
952 3663 1060 3717 Λέγω
1077 3661 1123 3715 δὴ
1141 3664 1187 3704 τὰ
1199 3666 1285 3720 περὶ

48 3719 256 3759 Φαέθοντα
278 3719 342 3759 καὶ
363 3717 431 3776 τὴν
458 3719 602 3760 ἐκείνου
627 3726 785 3772 πτῶσιν,
813 3722 869 3763 ’έτι
902 3723 943 3763 δὲ
974 3723 1021 3764 τὰ
1043 3725 1186 3780 δάκρυα
1208 3732 1284 3768 τῶν

55 3780 231 3835 αἰγείρων
262 3781 326 3821 καὶ
350 3781 437 3828 τοὺς
473 3782 749 3838 μελανείμονας
779 3785 867 3832 τοὺς
899 3785 984 3841 περὶ
1008 3785 1074 3827 τὸν
1110 3789 1284 3844 ποταμὸν

16 3886 20 3889 Δ
48 3842 271 3893 οἰκοῦντας,
290 3843 352 3892 οὕς
362 3859 453 3899 φασι
468 3843 535 3892 τὰς
548 3844 708 3897 ἐσθῆτας
725 3845 837 3887 εἰσέτι
849 3847 914 3887 καὶ
926 3851 991 3888 νῦν
1007 3851 1138 3904 φορεῖν
1158 3851 1284 3891 τοιαύ·

53 3908 117 3951 ’τας
135 3904 206 3945 ἀπὸ
225 3907 292 3945 τοῦ
312 3904 410 3946 κατὰ
423 3906 624 3947 Φαέθοντα
643 3908 811 3954 πένθους.
831 3909 1014 3950 Vestitus
1031 3911 1145 3964 niger
1163 3914 1286 3954 etiam

47 3966 104 4006 «te
132 3967 252 4007 Ponti
275 3968 437 4023 populis
464 3969 735 4023 quibusdam,
765 3971 1104 4013 Melaenoehlaenis
1137 3974 1280 4026 dictis,

49 4038 320 4071 memoratur.
345 4032 359 4085 ΙΙ
383 4056 438 4062 -
456 4032 551 4080 403.
577 4032 795 4087 Pelagones
811 4033 929 4087 juxta
945 4034 1147 4090 Illyricam
1167 4051 1283 4079 oram

1037 200 1212 256 onssls'
1241 209 1615 260 DESCRIPTIO.

2494 236 2583 275 213

1353 318 1484 373 Super
1507 320 1582 360 hos
1603 323 1755 362 Ismeni
1770 330 1867 362 sunt
1890 330 1931 363 et
1947 324 2209 366 Mentores...

1352 386 1574 438 Eridanus,
1593 390 1664 444 qui
1688 391 1892 444 optimum
1910 391 2106 432 electrum
2125 392 2224 444 fert,

1353 453 1467 508 quod
1485 455 1600 496 aiunt
1621 471 1707 497 esse
1728 457 1914 499 lacrimas
1929 459 2174 514 petrifieatas
2187 491 2199 510 ,

1353 521 1598 575 pellucidam
1613 525 1864 579 populorum
1886 525 2214 567 destillationem.

1354 589 1512 630 Dicunt
1531 591 1643 631 enim
1661 592 1850 633 nonnulli
1869 592 2200 635 fulminationem

1354 658 1453 699 olim
1475 659 1742 701 Phaethontis
1758 661 1827 702 hic
1848 661 2064 714 accidisse;

1354 742 1481 783 quare
1499 730 1623 770 etiam
1641 729 1951 772 multitudinem
1966 746 2134 773 omnem
2157 734 2382 776 incolarum

1353 804 1526 837 atratam
1548 811 1634 838 esse
1660 797 1936 853 lugubresque
1955 799 2105 841 habere
2121 810 2264 842 vestes.

1354 867 1480 920 Regio
1495 875 1632 907 autem
1645 866 1765 922 juxta
1784 867 1873 908 illos
1889 869 1966 909 sita

1353 948 1377 974 a
1395 934 1664 988 Pelagonibus
1684 943 1724 976 et
1746 935 1941 976 Liburnis
1956 936 2180 978 obtinetur.

1353 1003 1428 1043 His
1448 1004 1640 1057 contigua
1659 1011 1720 1044 est
1734 1003 1979 1044 Bulinorum
2004 1019 2126 1058 gens;

1353 1069 1504 1112 deinde
1522 1080 1659 1112 autem
1678 1086 1826 1126 magna
1839 1073 2055 1128 peninsula
2076 1074 2232 1128 Hyllica
2245 1107 2256 1126 ‚

1354 1153 1446 1194 quae
1463 1139 1747 1195 Peloponneso
1766 1141 1931 1196 aequalis
1950 1140 2034 1182 fere
2047 1141 2270 1196 judicatur.

1353 1206 1488 1247 Urbes
1503 1208 1547 1247 in
1569 1207 1638 1248 illa
1655 1208 1773 1249 aiunt
1788 1208 2028 1263 quindecim

1353 1277 1494 1331 Hyllos
1513 1277 1713 1330 habitare,
1733 1278 1806 1333 qui
1828 1279 1910 1319 sint
1932 1280 2065 1320 Graeci
2085 1294 2255 1334 genere;

1354 1345 1542 1385 Herculis
1565 1346 1676 1386 enim
1701 1345 1832 1387 filium
1848 1346 2017 1402 Hyllum
2040 1347 2299 1398 conditorem
2323 1350 2544 1405 accepisse3

1353 1421 1395 1453 at
1415 1427 1635 1468 progressu
1654 1415 1851 1470 temporis
1872 1414 1948 1455 hos
1965 1416 2136 1456 evasisse
2151 1415 2348 1457 barbaros

1354 1490 1522 1523 narrant
1544 1483 1774 1524 vicinorum
1793 1483 1994 1533 moribus,

1354 1558 1401 1590 ut
1420 1551 1535 1591 aiunt
1555 1551 1734 1602 Timaeus
1751 1560 1792 1592 et
1804 1553 2110 1593 Eratosthenes.

1353 1618 1492 1659 Insula
1509 1627 1603 1659 ante
1615 1619 1704 1660 illos
1727 1621 1803 1660 sita
1824 1628 1884 1660 est
1903 1622 1988 1660 Issa
2010 1620 2140 1671 dicta,

1354 1687 1705 1740 Syracusanorum
1722 1687 1876 1728 habens
1891 1687 2109 1728 coloniam.

1354 1755 1516 1809 Illyrica
1536 1763 1629 1810 post
1649 1755 1737 1796 haec
1754 1764 1943 1810 porrecta
1961 1764 2070 1804 terra

1355 1831 1493 1876 gentes
1513 1824 1696 1864 eontinet
1706 1823 1875 1874 multas;
1898 1823 2130 1878 frequentes
2146 1826 2256 1865 enim
2276 1825 2414 1866 turbas

1354 1891 1590 1946 Illyriorum
1609 1906 1694 1932 esse
1711 1891 1876 1942 dicunt3
1898 1907 2040 1932 earum
2059 1892 2155 1933 alias

1355 1959 1539 2000 habitare
1556 1959 1856 2001 mediterranea
1877 1960 2071 2010 colentes,

1357 2168 1558 2209 habitasse
1576 2183 1700 2209 nemo
1733 2169 1873 2209 tradit.
1898 2169 2036 2222 Vulgo
2059 2183 2155 2209 cum
2184 2169 2402 2209 Paeonibus
2425 2184 2590 2224 compo-

1354 2237 1529 2279 nuntur,
1555 2230 1754 2283 sedesque
1772 2231 1820 2270 iis
1843 2229 1896 2270 ad
1929 2231 2084 2270 Axium
2111 2230 2287 2270 fluvium
2310 2239 2350 2270 et
2367 2231 2588 2283 Erigonem

1354 2292 1627 2344 assignantur,
1667 2305 1794 2345 quare
1818 2292 2025 2331 Homerus
2061 2292 2110 2332 Il.
2137 2305 2206 2342 21,
2247 2291 2323 2339 154
2344 2292 2587 2345 Pelagonem

1354 2354 1448 2393 Axii
1477 2353 1607 2393 filium
1636 2352 1756 2393 dixit.
1797 2352 1904 2392 Vid.
1936 2353 2082 2393 Strabo
2100 2355 2203 2402 VH,
2238 2367 2282 2407 p.
2305 2354 2400 2393 323.
2441 2354 2521 2407 327
2547 2362 2588 2394 et

1355 2415 1406 2456 fr.
1424 2417 1474 2469 37
1490 2431 1569 2470 sq.;
1583 2417 1660 2466 IX,
1674 2429 1716 2470 p.
1734 2415 1830 2464 434.
1845 2415 2002 2455 Plinius
2013 2416 2090 2465 IV,
2108 2428 2173 2468 17.
2186 2414 2328 2455 Livius
2339 2415 2497 2465 XXVI,
2515 2415 2584 2456 25.

1353 2479 1487 2528 XLV,
1511 2492 1580 2532 29.
1604 2479 1768 2528 Nostra,
1794 2478 1837 2517 ni
1865 2477 1995 2528 fallor,
2035 2491 2086 2518 ex
2110 2477 2369 2532 Theopompi
2392 2478 2587 2532 opinione

1355 2540 1594 2595 explicanda
1616 2548 1734 2591 sunt,
1758 2555 1808 2581 ex
1838 2554 1919 2594 qua
1948 2539 2090 2595 populi
2127 2540 2235 2580 inter
2266 2539 2526 2580 Adriaticum
2546 2549 2587 2581 et

1353 2604 1573 2643 Ponticum
1602 2617 1715 2643 mare
1737 2601 1938 2656 interjecti
1957 2603 2000 2642 in
2022 2610 2241 2655 angustum
2263 2602 2442 2656 spatium
2471 2616 2587 2643 coar-

1355 2666 1587 2706 ctabantur.
1610 2664 1714 2705 Inde
1741 2664 1910 2705 fortasse
1927 2665 2050 2705 etiam
2067 2664 2163 2704 Istri
2176 2664 2356 2704 Thraces
2370 2665 2457 2704 nati
2472 2673 2585 2706 sunt.

1361 2728 1376 2781 Η
1403 2752 1460 2758 -
1478 2727 1574 2776 405.
1591 2726 1747 2768 Eadem
1767 2727 2010 2782 Apollodor.
2027 2727 2100 2767 lib.
2115 2728 2157 2766 II
2170 2726 2265 2781 Περὶ
2279 2729 2350 2781 γῆς
2375 2725 2456 2781 (fr.
2477 2740 2552 2780 119
2571 2727 2585 2782 )

1355 2789 1467 2844 apud
1484 2790 1738 2844 Stephanum
1759 2803 1798 2829 v.
1826 2788 1995 2835 Ὑλλεῖς.
2023 2791 2160 2841 Quem
2186 2788 2326 2828 locum
2344 2797 2589 2843 corruptum

1357 2852 1412 2891 ita
1431 2852 1597 2892 refinxit
1621 2851 1853 2893 Meinekius
1872 2850 1924 2891 ad
1948 2851 2090 2905 steph.
2118 2863 2129 2891 ε
2152 2848 2440 2905 Ἀπολλόδωρος
2462 2853 2475 2903 [
2493 2850 2590 2891 Ὕλ-

1355 2913 1445 2960 λους
1464 2914 1619 2961 τούτους
1629 2914 1765 2969 γράφει
1778 2913 1905 2968 λέγων
1929 2912 2096 2969 (malim
2114 2912 2220 2967 λέγει
2233 2913 2390 2968 γράφων
2408 2912 2422 2969 )
2443 2915 2458 2968 ]
2477 2913 2515 2954 ἐν
2531 2918 2588 2968 τῷ

1355 2976 1449 3030 Περὶ
1475 2978 1546 3030 γῆς
1575 2977 1750 3031 δευτέρῳ·
1785 2995 1802 3011 α
1828 2974 1942 3030 Ὑπὲρ
1966 2974 2006 3016 δὲ
2028 2974 2114 3022 τοὺς
2128 2974 2299 3022 ’Ύλλους
2319 2975 2497 3030 Λιῧυρνοὶ
2524 2977 2589 3016 καί

1354 3054 1452 3086 τινες
1467 3038 1834 3093 ’Ἰστροιλεγόμενοι
1850 3037 2007 3093 Θρᾷκες.
2031 3055 2046 3076 »
2068 3036 2190 3078 καὶτὸ
2206 3037 2389 3088 θηλυκόν·
2415 3055 2431 3075 «
2458 3036 2589 3085 Ὕλλὶς

1355 3102 1553 3156 πρόκειται
1578 3101 1812 3155 χερρόνησος
1840 3099 1955 3152 ἣλίκη
1983 3099 1990 3156 Ι
2018 3100 2184 3155 μάλιστα
2202 3099 2509 3150 Πελοπόννησος,
2534 3101 2586 3147 ὥς

1355 3179 1495 3218 φασι...
1520 3163 1808 3216 πεντεκαίδεκαΙ
1829 3162 1958 3209 πόλεις
1974 3161 2119 3216 ἔχουσα
2134 3161 2389 3216 παμμεγέθεις
2409 3160 2584 3214 οἰκουμέ-

1357 3241 1435 3273 νας.
1460 3227 1521 3265 Ex
1543 3226 1606 3265 his
1626 3226 1775 3265 Noster
1795 3223 1983 3278 profecit.
2002 3221 2277 3277 Apollodorus
2299 3222 2343 3261 in
2362 3222 2585 3277 περιηγήσει

1355 3302 1378 3328 a
1397 3287 1568 3328 meridie
1591 3288 1758 3327 boream
1781 3299 1920 3325 versus
1938 3285 2092 3339 pergit3
2120 3285 2268 3324 Noster
2287 3284 2450 3324 inverso
2475 3284 2586 3325 ordi·

1355 3365 1422 3391 ne.
1448 3352 1642 3391 Ceterum
1658 3349 1711 3389 cf.
1729 3348 1872 3403 Scylax
1889 3350 1911 3399 S
1927 3360 1994 3388 22.
2023 3347 2038 3400 l}
2058 3371 2115 3377 —
2129 3349 2225 3395 406.
2243 3361 2286 3386 τι
2306 3345 2422 3394 ἐξισ.
2442 3348 2456 3401 ]
2488 3364 2504 3385 «
2520 3349 2586 3389 Ita

1355 3413 1407 3454 ad
1430 3413 1583 3453 codicis
1599 3411 1721 3452 fidem
1741 3424 1852 3450 nunc
1871 3408 2010 3450 editur
2018 3424 2029 3459 ;
2066 3408 2188 3462 vulgo
2210 3423 2287 3463 pro
2309 3424 2345 3449 τι
2377 3409 2587 3463 legebatur

1354 3478 1409 3526 τέ,
1436 3474 1549 3530 quod
1582 3474 1754 3514 Vossius
1783 3480 1876 3527 post
1903 3470 1973 3522 τὴν
2010 3471 2316 3526 transponebat.
2351 3473 2407 3512 At
2442 3485 2518 3512 nec
2550 3472 2588 3512 τί

1354 3552 1498 3579 verum
1518 3545 1634 3592 puto,
1653 3548 1906 3589 quamquam
1934 3533 2071 3574 hiatus
2092 3534 2278 3573 excusari
2300 3540 2432 3588 potest
2452 3548 2587 3574 exem-

1354 3601 1430 3656 plis
1449 3599 1500 3640 ad
1520 3600 1638 3640 Com.
1658 3612 1719 3651 gr.
1738 3596 1819 3637 vol.
1835 3598 1911 3646 ΙΙΙ,
1932 3610 1975 3651 p.
1998 3597 2047 3637 81
2063 3595 2212 3646 allatis;
2229 3594 2301 3635 sed
2316 3594 2582 3635 scribendum

1356 3663 1519 3703 videtur
1536 3677 1612 3711 τις,
1635 3658 1748 3714 quod
1767 3667 1914 3714 praeter
1929 3658 2028 3699 alios
2044 3657 2231 3698 similiter
2243 3661 2475 3712 postposuit
2490 3658 2584 3698 Phi-

1355 3728 1461 3768 lemo
1485 3728 1604 3767 Com.
1630 3738 1692 3778 gr.
1716 3725 1793 3773 IV,
1811 3737 1853 3778 p.
1874 3725 1897 3764 8
1926 3736 1935 3764 :
1954 3723 2108 3763 ὁλκεῖον
2134 3720 2239 3762 εἶδον
2257 3721 2318 3763 ἐπὶ
2330 3722 2492 3775 τραπέζῃ
2509 3721 2583 3760 κεί-

1358 3804 1471 3846 μενον
1495 3792 1619 3843 πυρῶν
1643 3801 1679 3827 τι
1701 3786 1856 3841 μεστόν.
1887 3803 1902 3823 »
1923 3787 2140 3827 Mannum.
2165 3784 2180 3838 Η
2207 3808 2264 3814 -
2282 3786 2376 3831 410.
2400 3781 2584 3835 ἐκδαρὸα-

1357 3853 1534 3907 ρωθεῖναι
1554 3848 1666 3899 cod.;
1684 3863 1765 3889 em.
1787 3848 1890 3889 Scal.
1909 3848 1925 3902 Η
1944 3872 2001 3878 -
2017 3850 2113 3896 4Ῑ2.
2134 3846 2200 3887 καὶ
2219 3844 2348 3899 Ἐρατ.
2371 3841 2481 3892 cod.;
2500 3856 2580 3882 em.

1355 3916 1483 3957 Mein.
1515 3914 1529 3966 ΙΙ
1556 3937 1613 3943 --
1631 3912 1728 3960 413.
1753 3911 1860 3951 κατ’
1899 3910 1953 3950 αὖ
1968 3909 2105 3963 τοὺς]
2128 3904 2276 3949 Parum
2312 3912 2498 3945 accurate
2517 3902 2581 3943 di-

1356 3987 1484 4019 ctum.
1503 3973 1768 4015 Recensenda
1789 3973 1925 4013 insula
1943 3980 2028 4013 erat
2043 3985 2125 4011 una
2147 3983 2241 4010 cum
2258 3968 2391 4008 Pharo
2413 3980 2452 4005 v.
2481 3969 2578 4014 426.

1355 4042 1546 4080 Ceterum
1579 4037 1632 4078 cf.
1668 4035 1810 4091 Scylax
1844 4035 1953 4087 §23·
1983 4035 1998 4087 ll
2022 4057 2076 4064 —
2097 4030 2193 4081 415.
2226 4028 2347 4084 Apud
2378 4027 2584 4083 Scylacem
