2756 4354
664 182 744 228 DE
777 180 1085 227 ATHENAEO
1120 177 1236 227 VEL
1270 181 1531 228 INCERTO
1568 183 2553 251 ATHENIENSE.1,1

100 311 123 350 7
137 310 154 337 1
170 290 490 340 &Emmanuu‘r
513 284 714 345 Scylacis
738 284 967 344 periplum
989 301 1000 328 ε
1025 300 1064 330 1.
1078 285 1288 327 Hoesch'e-

64 371 145 412 Iius
152 383 253 413 cum
268 363 498 411 Marciano
511 361 778 406 Heracleota
793 360 988 420 aliisque
996 359 1285 419 geographis,

62 444 252 502 August.
274 437 611 484 vindelicorum
645 437 780 492 1600,
813 435 839 479 8
852 451 866 491 ;
892 433 1097 494 subjecta
1131 433 1288 478 brevis

61 515 310 564 annotatio.
331 538 395 548 —
416 529 458 558 2.
486 516 552 558 Is,
576 515 752 556 Vossius
773 526 875 556 cum
901 510 1130 571 Anonymi
1151 510 1288 555 Peri-

58 593 136 654 plo
152 589 289 635 Ponti
312 587 506 642 Euxini,
529 586 858 631 Amstelodami
890 586 1034 644 1639,
1058 592 1110 641 4;
1143 600 1289 643 graece

57 674 102 710 et
117 663 274 716 latine,
302 677 404 706 cum
426 661 735 706 annotatione.
761 686 820 695 —
847 662 891 705 3.
917 664 1018 706 Jac.
1056 662 1291 704 Gronovius

56 740 106 784 in
128 731 461 799 Geographi'cis
495 737 724 798 antiquis,
761 752 831 796 gr.
857 747 916 782 et.
937 737 1015 782 lat.
1037 751 1140 781 cum
1167 737 1289 781 notis

54 813 223 870 Vossii,
236 812 451 858 Palmerii
468 812 668 872 suisque,
683 811 895 870 Lugduni
911 811 1067 857 Batav.
1089 812 1224 871 1697,
1246 818 1287 864 4.

54 888 261 950 Repetita
282 887 378 932 baec
396 887 539 932 editio
568 903 639 932 an.
665 902 802 943 1700,
827 887 1018 947 praefixo
1040 886 1175 931 titulo
1208 902 1287 931 no-

54 980 129 1019 vo,
146 963 390 1023 additaque
403 962 716 1023 disputatione
730 963 787 1007 de
801 962 1064 1007 Oxoniense
1078 961 1288 1006 Hudsoni

30 1031 36 1038 ’
54 1037 253 1083 editione
268 1036 384 1082 etde
398 1037 623 1083 Dodwelli
645 1037 984 1093 dissertatione,
1008 1051 1098 1096 qua
1114 1045 1287 1080 aetatem

0 1128 3 1134 '
54 1113 295 1174 scriptoris
312 1113 488 1172 Anglus
508 1113 703 1159 definire
718 1114 906 1160 studuit.
924 1139 985 1148 -·
1001 1120 1044 1165 4.
1061 1115 1289 1156 Hudsonus

54 1188 104 1232 in
119 1188 424 1248 Geographiae
443 1191 610 1233 veteris
627 1190 802 1249 scriptt.
831 1204 896 1247 gr.
923 1188 1091 1232 minor.
1112 1198 1223 1231 tom.
1244 1186 1282 1242 1,

56 1278 157 1308 cum
168 1263 404 1324 interpret.
419 1263 493 1309 lat.
500 1298 512 1320 ,
522 1264 696 1309 notiset
709 1263 931 1309 Dodwelli
941 1262 1278 1321 dissertatione,

1354 289 1397 326 in
1420 301 1508 342 qua
1526 289 1768 330 ostenditur
1779 289 2006 344 Scylacem
2025 293 2208 347 Polybio
2223 301 2566 366 cooeoumfuIses

1355 356 1542 403 Oxoniae
1586 361 1717 419 1798,
1763 362 1805 407 8.
1828 386 1891 395 —
1916 361 2541 419 5.1·oan.anc.Ga1·lius
2529 394 2579 423 m

1355 430 1521 490 Geogr.
1547 448 1617 492 gr.
1658 435 1771 480 111111,
1812 444 1921 479 10111.
1947 435 1968 479 1
1998 452 2099 480 cum
2134 438 2347 501 interpr„
2380 450 2498 494 notis
2536 463 2580 496 et

1355 509 1593 565 praemissa
1614 508 1974 555 introductione.
1994 511 2140 558 Paris.
2170 514 2305 569 1826,
2331 516 2374 562 8.
2389 524 2506 566 —6.
2527 528 2579 571 R.

1357 583 1414 624 H.
1445 583 1705 626 Clausenius
1723 599 1739 627 .·
1754 588 1956 629 Hecataei
1971 589 2139 630 Milesii
2141 587 2404 645 fragmenta
2420 603 2465 636 et
2478 597 2581 651 Scy·

1357 659 1467 708 lacis
1499 655 1823 715 Carfanilensis
1837 665 2050 720 peripluS.
2078 666 2275 707 Berolim·
2317 668 2428 712 1831
2445 701 2458 723 ,
2484 686 2582 714 cum

1354 733 1524 795 interp.
1554 734 1648 790 lat.‚
1691 734 2013 781 dissertatione
2049 738 2106 782 de
2143 749 2271 783 aetate
2309 740 2508 802 Scylacis
2544 756 2586 788 et

1354 808 1487 854 brevi
1509 809 1817 856 annotatione.
1840 837 1902 845 -
1921 827 1964 867 7.
1983 813 2179 870 Scylacis
2197 817 2398 873 Periplus
2429 835 2486 860 ex
2522 836 2585 862 re-

1355 889 1552 939 censione
1569 888 1623 931 B.
1642 886 1860 934 Fabricii.
1887 887 2071 931 Dresdoe
2091 888 2228 943 18483
2249 904 2392 946 graece
2404 909 2416 947 3
2430 891 2582 950 subje-

1355 969 1426 1004 cta
1441 959 1576 1005 lectio
1588 961 1733 1005 varia.
1752 959 2094 1007 —Varietatem
2112 961 2339 1018 lectionis,
2359 981 2491 1024 quam
2512 982 2586 1010 co-

1355 1035 1443 1080 dex
1465 1035 1707 1082 Parisinus
1729 1035 1921 1098 praebet,
1941 1037 2121 1098 primus
2137 1037 2278 1083 edidit
2300 1041 2352 1085 E.
2378 1040 2587 1086 Millerus

1355 1110 1405 1154 in
1433 1111 1723 1169 Supple'ment
1758 1128 1852 1154 aaa:
1873 1112 2095 1156 demieres
2128 1113 2313 1158 e'clitI‘ons
2342 1118 2419 1159 des
2453 1122 2588 1174 petits

1350 1183 1524 1244 ge'ogrj,
1552 1188 1680 1230 Paris
1707 1186 1842 1245 1839,
1867 1202 1912 1246 p.
1943 1186 2156 1246 195-244.

673 1400 1016 1447 ATHENAEUS
1049 1401 1170 1448 VEL
1205 1402 1510 1449 INCERTUS
1544 1403 1969 1450 ATHENIENSIS.

117 1537 191 1576 72.
205 1519 443 1581 Incodicis
458 1514 758 1573 Ρ31151111443
770 1521 938 1582 pagina
952 1523 1036 1566 106
1051 1522 1286 1576 solitarius

53 1606 196 1642 exstat
212 1596 372 1642 titulus
399 1597 528 1642 hicce
554 1612 566 1643 :
587 1596 858 1652 Ἀθηναίου
887 1597 1091 1643 πόλεων
1115 1597 1285 1657 σκώμ-

51 1689 188 1731 ματα
224 1671 310 1717 καὶ
339 1672 447 1718 ὁδοὶ
483 1672 571 1718 καὶ
612 1673 924 1736 περίπλους,
965 1676 1046 1734 (1111
1065 1691 1157 1735 (1110
1177 1691 1284 1736 per-

52 1746 217 1802 tineat,
244 1747 410 1793 frustra
432 1747 483 1792 in
510 1748 595 1793 hac
618 1749 803 1808 quidem
828 1750 993 1810 pagina
1016 1746 1286 1810 circumspi-

54 1823 145 1878 cis;
185 1833 343 1868 contra
369 1839 479 1869 vero
511 1824 619 1869 inde
648 1840 675 1869 a
694 1826 862 1885 pagina
902 1833 985 1879 114
1018 1825 1109 1871 duo
1145 1825 1285 1870 habes

53 1897 301 1955 fragmenta
338 1899 549 1959 prosaica
584 1915 685 1959 quae
715 1900 1017 1960 inscriptione
1039 1911 1193 1945 carent
1215 1911 1283 1955 et,

54 1987 194 2032 quum
217 1973 266 2018 in
292 1975 486 2033 mediam
513 1976 771 2036 periegesin
795 1976 1038 2021 iambicam
1061 1977 1287 2021 inculcata

53 2048 160 2105 sint,
188 2066 281 2095 non
314 2067 368 2095 eo
389 2067 480 2111 quo
518 2068 639 2096 nunc
664 2053 766 2097 loco
790 2054 1017 2112 leguntur,
1052 2054 1166 2110 olim
1196 2053 1285 2110 legi

51 2133 277 2184 poterant.
293 2125 505 2172 Nascitur
520 2127 672 2187 itaque
688 2128 890 2188 suspicio
908 2139 951 2172 et
967 2129 1117 2173 locum
1128 2143 1284 2172 eorum

41 2199 296 2259 pristinum
320 2211 364 2245 et
387 2201 567 2246 titulum
591 2202 642 2246 in
661 2203 830 2262 pagina
858 2205 940 2247 106
958 2218 1056 2247 esse
1081 2217 1285 2261 quaeren-

52 2272 186 2330 dum3
230 2290 313 2319 nec
346 2275 610 2334 conjectura
643 2277 878 2334 fefellerit,
915 2293 1055 2336 quum
1094 2276 1287 2321 indiculi

53 2347 196 2391 verba
217 2364 274 2392 ex
297 2350 578 2406 argumentis
604 2350 959 2407 fragmentorum
983 2350 1115 2394 facile
1137 2350 1286 2409 expli-

53 2433 229 2468 centur.
248 2423 301 2467 111
318 2422 476 2483 priore
494 2424 743 2482 fragmento
756 2434 927 2479 auctor,
944 2424 1084 2468 homo
1098 2412 1282 2482 facetus,

23 2487 28 2492 ’
52 2507 293 2557 postquam
326 2497 524 2542 Athenas
556 2497 874 2558 descripserat,
894 2499 1044 2558 pergit
1062 2499 1282 2558 Oropum.

51 2571 180 2616 Νο511
191 2572 411 2632 oppidum
431 2573 533 2617 fatis
549 2574 692 2618 variis
710 2573 1065 2618 memorabileac
1083 2574 1286 2618 historiae

53 2647 211 2692 Atticae
225 2646 503 2707 Boeotiaeque
522 2648 814 2693 multifariam
840 2650 1140 2709 implicatum.
1164 2650 1285 2703 Quid

49 2720 239 2767 Noster?
268 2721 489 2769 Memorat
522 2739 630 2769 sane
665 2724 921 2784 frequentes
949 2740 1178 2785 cauponas
1197 2727 1285 2770 viae

51 2797 108 2843 ad
135 2797 295 2843 urbem
326 2799 509 2845 ducenti
544 2801 802 2861 appositas,
843 2816 1038 2861 quarum
1062 2800 1285 2846 beneficio

51 2873 303 2918 moleStiam
338 2874 516 2919 itineris
558 2876 864 2936 superaverit,
909 2875 965 2919 de
998 2876 1100 2936 ipsa
1137 2887 1282 2921 autem

49 2946 166 2992 urbe
188 2948 305 2993 nihil
326 2949 417 2994 nisi
437 2949 531 2995 haec
558 2968 567 2994 :
604 2953 631 3005 ἡ
652 2949 692 2994 δὲ
713 2949 831 3000 πόλις
854 2949 1077 3013 Ὠρωπίων
1104 2951 1284 2996 συνοικία

33 3023 184 3078 ’θητῶν
203 3023 313 3080 ἔστι,
333 3023 575 3084 μεταὸόλων
597 3024 770 3087 ἐργασία
785 3060 796 3080 ,
819 3026 1003 3070 τελωνῶν
1030 3025 1287 3087 ἀνυπέρὸλη-

50 3113 118 3149 τος
139 3097 372 3156 πλεονεξία,
390 3101 436 3144 ἐκ
458 3101 621 3145 πολλῶν
645 3100 804 3162 χρόνων
832 3102 898 3145 ἀνε
884 3100 1054 3163 ’ἐπιθέτῳ
1074 3091 1294 3164 πλεονεξία·

32 3173 386 3235 ’συντεθραμμένη
408 3175 538 3223 κτλ..
548 3175 726 3222 .Κακὸν
747 3195 789 3220 τε
774 3175 860 3227 ’λος
877 3175 1034 3236 γένοιτο
1051 3177 1133 3228 τοῖς
1152 3176 1286 3237 Ὠρω-

29 3244 173 3298 ’πίοις.
206 3248 428 3294 Similiter
450 3250 723 3296 Plataearum
755 3251 987 3296 miseriam
1019 3251 1177 3296 verbis
1195 3254 1285 3295 Po-

0 3384 1 3389 ,
56 3321 227 3382 sidippi
258 3325 424 3371 comici
457 3326 576 3371 ridet
608 3327 973 3388 per-suingitque
1006 3327 1119 3373 istos
1156 3329 1285 3388 (111351

55 3396 538 3447 Boeoto-Athenienses
554 3436 566 3457 ,
589 3403 723 3462 quisi
748 3403 1016 3448 Serambum
1034 3420 1283 3465 cauponem

57 3480 102 3515 et
127 3472 343 3530 proelium
373 3475 429 3519 ad
448 3476 611 3522 urbem
642 3478 752 3522 olim
777 3479 1068 3524 commissum
1100 3480 1285 3538 gloriati

57 3545 165 3601 sint,
207 3546 332 3591 aliud
361 3549 475 3594 nihil
509 3551 558 3595 in
594 3552 793 3598 medium
830 3553 1036 3614 proferre
1071 3554 1283 3601 habeant.

56 3621 231 3667 Deinde
268 3635 470 3670 recenset
500 3627 637 3683 vitia,
666 3644 768 3686 quae
804 3629 853 3674 in
878 3631 1073 3689 singulis
1101 3631 1288 3676 Boeotiae

55 3695 252 3742 urbibus
275 3698 425 3743 sedem
447 3700 599 3747 fixisse
623 3703 849 3764 dicantur,
872 3716 923 3750 ut
937 3706 1152 3766 Thespiis
1174 3710 1200 3761 ἡ
1221 3725 1285 3767 φι-

57 3770 258 3831 λονεικία,
277 3773 544 3820 Anthedone
565 3778 592 3830 ἡ
615 3777 824 3837 πλεονεξία
840 3812 852 3835 ,
879 3780 926 3825 111
941 3781 1044 3826 31115
1062 3784 1090 3836 ἡ
1117 3782 1288 3843 αἰσχρο-

57 3843 243 3906 κέρδεια,
269 3849 290 3891 ὁ
313 3847 471 3909 φθόνος,
506 3851 532 3902 ἡ
556 3847 670 3912 ὗὸρις
686 3885 699 3911 ,
725 3855 751 3906 ἡ
772 3853 987 3907 ἀλαζονεία
1002 3890 1015 3912 ,
1042 3858 1069 3910 ἠ
1086 3857 1286 3912 ἀναισθη-

60 3917 144 3966 σία.
171 3920 272 3966 Jam
297 3923 423 3968 vides
450 3923 562 3984 quid
600 3923 691 3970 sibi
718 3926 861 3972 velint
889 3929 938 3973 in
974 3931 1107 3975 titulo
1145 3931 1289 3977 verba

59 3991 254 4041 πόλεων
281 3996 591 4058 σκώμματα.
615 3999 725 4054 Quae
747 4013 1029 4061 sequuntur:
1052 4004 1136 4050 καὶ
1155 4006 1287 4063 ὁδοί,

1359 1522 1467 1567 item
1492 1523 1624 1568 facile
1643 1522 1948 1584 explicantur.
1969 1521 2152 1568 Scilicet
2170 1524 2349 1569 viarum
2369 1525 2588 1570 rationem

1356 1609 1564 1644 accurate
1607 1600 1925 1660 peregrinator
1961 1609 2117 1644 noster
2161 1599 2418 1645 describere
2457 1603 2585 1648 solet.

1356 1673 1431 1718 Sic
1454 1675 1512 1722 fr.
1544 1676 1628 1734 1,§
1651 1692 1669 1719 1
1702 1675 1781 1720 via
1811 1674 2010 1720 Athenas
2042 1675 2212 1720 ducens
2234 1686 2301 1721 est
2328 1675 2416 1728 ὁδὸς
2441 1678 2557 1731 ἡδεῖα
2573 1713 2585 1733 ,

1355 1750 1644 1811 γεωργουμένη
1683 1757 1823 1808 πᾶσα,
1848 1750 2000 1813 ἔχουσά
2023 1770 2062 1796 τι
2092 1755 2142 1813 τῇ
2166 1751 2256 1815 ὄψει
2286 1751 2585 1814 φιλάνθρωπον.

1357 1851 1418 1860 -
1443 1826 1468 1884 5
1492 1827 1536 1870 6.
1564 1825 1777 1872 Ἐντεῦθεν
1809 1828 1864 1878 εἷς
1895 1825 2085 1888 Ὠρωπὸν
2125 1828 2176 1871 δι’
2199 1826 2392 1889 Ἀφιδνῶν
2423 1827 2493 1873 καὶ
2519 1832 2587 1873 τοῦ

1357 1898 1612 1963 Ἀμφιαράου
1635 1901 1729 1952 Διὸς
1759 1903 1869 1962 ἱεροῦ
1894 1900 1982 1953 ὁδὸς
2004 1901 2200 1964 ἐλευθέρῳ
2224 1901 2427 1964 βαδίζοντι
2445 1903 2587 1962 σχεδὸν

1357 1974 1540 2035 ἡμέρας,
1586 1975 1818 2038 προσάντης
1858 1983 1998 2020 πᾶσα·
2029 1977 2120 2020 ἀλλ’
2144 1979 2169 2030 ἡ
2203 1978 2280 2020 τῶν
2321 1976 2585 2020 καταλύσεων

1356 2050 1638 2105 πολυπλήθεια
1659 2050 1709 2096 τὰ
1729 2051 1829 2113 πρὸς
1845 2051 1911 2096 τὸν
1939 2051 2023 2113 βίον
2041 2051 2192 2112 ἔχουσα
2216 2051 2366 2114 ἄφθονα
2391 2050 2460 2096 καὶ
2483 2053 2585 2095 ἀνα-

1356 2125 1544 2182 παύσεις,
1564 2127 1714 2172 κωλύει
1732 2127 1855 2172 κόπον
1874 2126 2099 2188 ἐγγίνεσθαι
2116 2131 2196 2179 τοῖς
2214 2129 2508 2189 ὁδοιποροῦσιν.
2525 2152 2585 2160 —-

1356 2202 1381 2259 §
1405 2203 1449 2247 8.
1473 2201 1683 2247 Ἐντεῦθεν
1708 2204 1763 2253 εἷς
1777 2202 2000 2263 Τάναγραν
2016 2202 2161 2246 στάδια
2177 2202 2255 2264 ρλ’.
2288 2202 2376 2253 ὁδὸς
2388 2201 2438 2246 δι’
2457 2203 2586 2246 ἐλαιο-

1357 2276 1482 2336 φύτου
1498 2276 1567 2320 καὶ
1592 2276 1829 2336 συνδένδρου
1848 2276 1988 2336 χώρας
2003 2310 2015 2334 ,
2040 2275 2190 2326 παντὸς
2212 2276 2492 2337 καθαρεύουσα
2515 2278 2584 2319 τοῦ

1358 2349 1438 2393 ἀπὸ
1463 2353 1541 2393 τῶν
1559 2349 1735 2394 κλώπων
1760 2349 1904 2410 adeon.
1926 2376 1987 2382 —
2004 2351 2030 2406 S
2058 2367 2075 2392 1
2089 2367 2128 2395 1.
2154 2349 2363 2393 Ἐντεῦθεν
2387 2351 2442 2399 εἷς
2461 2351 2583 2394 Πλα-

1356 2423 1473 2474 ταιᾲς
1494 2423 1639 2468 στάδια
1660 2423 1711 2467 σ’·
1744 2422 1839 2476 ,ὁδὸς
1858 2425 1996 2483 ἡσυχῆ
2015 2422 2089 2481 μὲν
2110 2421 2258 2483 ἔρημος
2287 2422 2358 2467 καὶ
2386 2421 2582 2483 λιθώδης,

1355 2497 1621 2543 ἀνατείνουσα
1645 2495 1687 2541 δὲ
1722 2496 1781 2559 (τε
1795 2498 1833 2556 ‘?)
1860 2495 1958 2557 πρὸς
1978 2495 2044 2540 τὸν
2081 2498 2329 2556 Κιθαιρῶνα,
2353 2498 2398 2541 οὐ
2424 2496 2515 2542 λίαν
2541 2495 2583 2542 δὲ

1357 2571 1603 2633 ἐπισφαλής.
1627 2597 1692 2606 -
1711 2572 1737 2630 5
1766 2587 1838 2616 12.
1865 2570 2083 2615 Ἐντεῦθεν
2109 2571 2165 2620 εἷς
2188 2568 2336 2624 Θήὸας
2355 2569 2498 2614 στάδια
2518 2571 2579 2616 π’.

1357 2647 1445 2699 ὁδὸς
1464 2645 1554 2691 λεία
1580 2653 1694 2691 πᾶσα
1729 2645 1799 2691 καὶ
1822 2645 2025 2697 ἐπίπεδος.
2062 2671 2123 2679 —-
2146 2647 2171 2704 §
2196 2646 2274 2692 23.
2299 2644 2510 2691 Ἐντεῦθεν
2531 2646 2585 2696 εἷς

1355 2719 1571 2778 Ἀνθηδόνα
1612 2722 1758 2767 στάδια
1804 2719 1876 2783 ρξ’.
1909 2721 1996 2771 ὁδὸς
2022 2720 2203 2781 πλαγία,
2241 2718 2500 2779 ἇμαξήλατος
2533 2721 2583 2764 δι’

1357 2801 1491 2861 ἀγρῶν
1522 2798 1680 2860 πορεία.
1711 2826 1773 2832 -
1795 2799 1820 2857 S
1844 2799 1919 2844 26.
1947 2795 2018 2848 Ἰἶξ
2059 2794 2290 2850 Ἀνθηδόνος
2316 2796 2371 2846 εἷς
2395 2794 2582 2842 Χαλκίδα

1357 2876 1504 2921 στάδια
1528 2874 1577 2919 ο’·
1602 2873 1726 2936 μέχρι
1760 2878 1829 2919 τοῦ
1853 2871 2099 2933 Σαλγανέως
2119 2871 2207 2923 ὁδὸς
2229 2870 2342 2932 παρὰ
2365 2870 2432 2916 τὸν
2450 2873 2585 2932 αἰγια-

1356 2949 1427 2995 λὸν
1444 2949 1534 2994 λεία
1568 2968 1611 2994 τε
1649 2956 1764 2994 πᾶσα
1787 2948 1857 2993 καὶ
1886 2946 2078 3008 μαλακή·
2100 2950 2150 3008 τῇ
2173 2946 2248 3008 μὲν
2267 2946 2503 3003 καθήκουσα
2532 2949 2587 2998 εἷς

1356 3026 1580 3083 θάλατταν,
1617 3028 1667 3086 τῇ
1694 3024 1735 3070 δὲ
1767 3023 1857 3086 ὅρος
1889 3023 2041 3086 ὑψηλὸν
2076 3021 2149 3081 μὲν
2189 3021 2358 3083 ἔχουσα,
2379 3021 2519 3066 λάσιον
2545 3019 2586 3065 δὲ

1356 3102 1427 3148 καὶ
1445 3101 1768 3161 ὕδασιπηγαίοις
1780 3100 2052 3162 κατάρρυτον.
2071 3125 2134 3134 —
2149 3098 2282 3153 Quod
2302 3113 2410 3143 vero
2423 3097 2586 3142 deinde

1356 3179 1515 3224 titulus
1540 3177 1700 3223 habet:
1729 3176 1814 3222 καὶ
1854 3175 2165 3237 περίπλους,
2202 3175 2249 3219 id
2274 3189 2381 3219 sane
2410 3174 2457 3217 in
2493 3173 2584 3217 duo

1358 3254 1609 3312 fragmenta
1639 3252 1810 3297 codicis
1833 3252 1918 3304 443
1952 3266 2044 3295 11011
2079 3249 2213 3295 cadit.
2238 3248 2489 3308 Suspiceris
2511 3247 2586 3292 le-

1357 3329 1553 3388 gendum
1579 3343 1676 3373 esse
1692 3326 1761 3371 καὶ
1783 3324 1969 3386 εὔριπος,
1996 3341 2136 3384 (11111111
2161 3323 2215 3367 de
2240 3323 2415 3382 Euripo
2438 3337 2585 3366 sermo

1357 3404 1416 3449 sit
1438 3404 1486 3448 in
1509 3412 1741 3461 postrema
1774 3410 1903 3460 parte
1932 3398 2169 3457 fragmenti
2193 3397 2388 3457 prioris,
2417 3412 2472 3441 ex
2495 3412 2586 3456 quo

1357 3479 1667 3525 antecedentia
1690 3477 1810 3522 tituli
1831 3475 1975 3521 verba
2007 3474 2352 3535 explicavimus.
2379 3472 2466 3517 Sed
2489 3472 2607 3521 fieri,

1358 3558 1492 3602 etiam
1515 3564 1683 3616 potest,
1707 3563 1758 3598 ut
1785 3550 1928 3597 verba
1954 3550 2024 3596 καὶ
2047 3550 2270 3612 περίπλους
2305 3549 2361 3594 ad
2381 3549 2471 3594 alia
2491 3550 2587 3593 fra—

1359 3630 1541 3691 gmenta
1562 3627 1903 3689 pertinuerint3
1928 3641 2030 3670 nam
2055 3625 2291 3686 complura
2322 3624 2430 3668 olim
2452 3623 2587 3668 fuisse

1360 3716 1534 3752 constat
1556 3720 1580 3750 e
1600 3703 1755 3749 codice
1779 3701 1989 3746 Parisino
2010 3701 2092 3757 571
2109 3734 2121 3756 ‚
2145 3700 2223 3759 qui
2249 3699 2429 3744 tertium
2450 3698 2586 3741 exhi—

1357 3781 1454 3840 bet,
1476 3777 1793 3825 Strabonianis
1825 3776 2050 3836 excerptis
2091 3788 2343 3827 annexum,
2384 3770 2503 3831 quod
2537 3771 2583 3814 in
2620 3789 2626 3794 ·

1358 3857 1570 3918 pleniore
1585 3854 1742 3899 codice
1757 3862 1859 3897 ante
1874 3851 2118 3896 secundum
2138 3850 2434 3908 fragmentum
2453 3845 2584 3889 codi-

1361 3933 1427 3978 cis
1458 3934 1546 3984 443
1578 3932 1729 3976 locum
1751 3930 1985 3976 obtinebat
2002 3930 2074 3990 (v.
2096 3938 2191 3973 not.
2224 3926 2277 3971 ad
2295 3942 2337 3985 p.
2353 3923 2454 3983 97).
2476 3922 2585 3982 Ejus

1362 4008 1509 4053 statim
1530 4006 1665 4051 initio
1690 4005 1804 4065 legis
1827 4022 1837 4050 z
1862 4008 1929 4049 τοῦ
1955 4005 1989 4048 δ’
2012 4002 2124 4064 ὅρους
2148 4002 2242 4060 (τοῦ
2260 3996 2445 4057 Πηλίου)
2463 3999 2490 4048 ἡ
2516 4013 2584 4055 με-

2317 4079 2367 4126 (Ι.
