2756 4354
1121 118 1201 163 DE
1235 118 1572 168 CODICIBUS.

77 226 392 284 segminumve
411 223 554 267 literae
572 230 622 265 ut
638 219 891 280 plurimum
916 217 1162 262 rubricatae
1184 229 1307 265 sunt.

76 301 229 346 Lineae
250 300 298 343 in
320 296 513 354 singulis
530 294 712 355 paginis
735 294 1008 354 plerumque
1039 309 1096 336 22
1130 294 1204 337 vel
1230 295 1307 349 233

76 365 308 421 interdum
343 381 494 415 tamen
533 368 812 424 contractior
841 367 1088 427 scriptura,
1124 366 1238 411 adeo
1262 378 1312 412 ut

79 450 214 495 25-30
237 446 373 491 lineis
394 444 563 505 pagina
585 452 778 488 constet.
802 442 1014 487 Ceterum
1045 451 1090 486 et
1108 442 1244 486 initio
1268 451 1312 486 et

77 526 167 570 {ine
196 537 279 568 nec
316 536 410 567 non
443 520 623 565 medius
657 519 801 564 codex
832 519 1023 563 mutilus
1063 528 1142 562 est.
1181 517 1313 562 Nunc

76 597 399 659 quaterniones
428 610 592 640 novem
620 610 698 639 seu
728 593 920 654 paginas
949 599 1034 645 144
1053 591 1216 648 habet3
1238 593 1311 637 in-

18 679 26 729 ss
74 672 189 731 tegri
206 671 318 716 libri
338 671 580 715 minimum
597 679 726 714 erant
735 670 1056 728 quaterniones
1073 667 1308 712 tredecim.

7 739 22 764 Ἴ
59 748 252 793 'Docent
275 747 363 792 hoc
384 747 584 802 numeri,
609 761 725 806 quos
749 745 900 790 scriba
930 744 1103 789 codicis
1126 744 1176 788 in
1214 744 1310 804 pri-

2 834 5 837 ’
74 838 148 868 ma
168 833 211 868 et
231 823 504 884 plerumque
526 822 662 866 etiam
690 821 739 865 in
760 820 922 865 ultima
942 817 1310 878 uniuscujusque

74 898 391 958 quaternionis
411 897 580 958 pagina
614 896 808 942 notavit.
835 895 1021 939 Primus
1044 909 1156 938 vero
1197 909 1311 953 qua·

74 972 248 1028 ternio,
269 988 405 1032 quem
434 988 557 1017 nunc
576 971 810 1026 habemus,
842 970 1047 1028 signatus
1074 978 1142 1013 est
1174 969 1310 1013 litera

73 1048 110 1108 γ’
129 1047 201 1109 (“).
218 1049 262 1094 Is
274 1050 418 1107 igitur
436 1048 604 1106 integri
622 1047 736 1092 libri
755 1047 840 1091 fuit
852 1046 1031 1091 tertius.
1048 1044 1312 1105 Sequuntur

74 1139 131 1168 ex
149 1123 312 1168 ordine
334 1123 385 1168 τὰ
409 1121 602 1184 τετράδια
626 1120 675 1178 δ’,
695 1121 725 1166 ε’
742 1121 840 1184 (*'‘).
858 1120 1108 1174 Quaternio
1129 1119 1169 1170 ς’
1187 1118 1309 1164 exci-

75 1198 156 1242 dit.
188 1198 363 1243 Deinde
383 1198 601 1242 continua
631 1198 748 1241 serie
766 1195 907 1239 habes
930 1194 981 1254 ζ’,
1005 1194 1065 1253 η’,
1088 1193 1141 1250 θ’,
1169 1191 1207 1248 ι’,
1233 1193 1307 1250 ια’,

75 1272 145 1320 ιδ’.
171 1274 432 1318 Postremus
451 1283 598 1317 autem
621 1271 861 1331 quaternio
887 1268 939 1312 ιδ’
965 1284 1106 1328 quum
1135 1268 1184 1312 in
1211 1283 1309 1313 me-

27 1355 29 1357 ’
75 1350 197 1394 diam
222 1350 482 1410 periegesin
501 1348 743 1394 iambicam
763 1346 968 1401 desinat,
993 1345 1138 1404 liquet
1165 1360 1307 1390 unum

73 1424 228 1469 saltem
245 1425 611 1484 quaternionem,
633 1423 822 1467 fortasse
845 1421 1125 1481 complures,
1145 1420 1195 1464 in
1218 1420 1308 1465 fine

73 1500 224 1560 operis
239 1515 362 1544 nunc
385 1499 554 1545 deesse.
577 1497 814 1542 Accedunt
835 1497 1001 1543 damna
1030 1496 1223 1541 minora.
1245 1497 1310 1539 Ac

73 1577 273 1635 primum
312 1574 497 1634 quidem
539 1571 858 1633 quaternionis
894 1571 1116 1633 postremi
1140 1571 1310 1631 pagina

30 1687 37 1713 .·
70 1650 230 1695 ultima
252 1648 373 1714 (144)
401 1650 515 1694 adeo
542 1649 796 1696 estdetrita
813 1658 858 1693 et
874 1647 1130 1706 inquinata,
1156 1656 1207 1691 ut
1224 1647 1307 1691 vix

70 1725 263 1784 vestigia
298 1725 504 1785 quaedam
537 1725 771 1769 literarum
805 1723 881 1768 hic
907 1723 1004 1768 illic
1034 1721 1306 1767 intel-videri

70 1810 250 1859 queant.
280 1799 486 1845 Evanida
507 1799 604 1844 haec
633 1810 684 1844 ut
707 1800 756 1844 in
778 1800 927 1844 lucem
959 1807 1303 1853 revocarentur,

72 1873 380 1920 chemicorum
415 1891 604 1936 operam
655 1874 980 1921 adhibuerunt.
1008 1872 1188 1927 Quibus
1216 1882 1306 1916 tam

69 1950 184 1994 male
210 1965 282 1995 res
306 1951 460 2006 cessit,
494 1961 544 1996 ut
565 1966 664 2009 quae
694 1960 824 1997 antea
843 1949 1079 2010 potuerint
1103 1948 1307 1993 fortassis

69 2025 304 2070 oculorum
322 2026 531 2087 periculo
548 2027 648 2070 erui
668 2041 719 2070 ac
745 2025 937 2080 servari,
965 2023 1152 2070 nuncin
1172 2038 1306 2067 omne

7 2149 15 2155 ,
69 2113 215 2146 aevum
239 2103 331 2147 sint
370 2102 674 2163 pessumdata.
706 2102 867 2146 Simile
902 2100 1015 2160 quid
1057 2099 1224 2144 accidit
1255 2099 1304 2142 in

43 2178 236 2237 ‘pagina
274 2180 360 2223 128
385 2179 563 2239 (Anon.
588 2178 760 2238 perieg.
781 2177 920 2222 iamb.
937 2193 984 2221 v.
1036 2177 1122 2220 130
1140 2190 1242 2234 sqq.
1269 2173 1302 2235 ),

2554 158 2605 189 xt

1378 220 1460 264 ubi
1488 222 1622 266 lineae
1651 224 1732 278 3—7
1769 239 1897 283 paene
1929 240 2229 284 evanuerant,
2251 230 2344 290 jam
2368 251 2478 280 vero
2508 254 2609 298 post

1380 294 1593 340 chemicae
1627 296 1738 340 artis
1796 299 2155 358 experimentum
2212 320 2401 363 prorsus
2444 324 2610 358 exustae

1379 379 1501 414 sunt.
1542 369 1712 416 Contra
1749 387 1860 416 vero
1894 373 2073 432 paginae
2105 375 2263 433 primae
2301 381 2475 438 priores
2509 386 2609 432 duae

1379 441 1536 497 lineae,
1571 460 1672 502 quae
1721 446 1829 491 item
1871 445 2121 491 obliteratae
2159 461 2312 507 erant,
2357 465 2400 497 et
2431 456 2524 514 jam
2563 462 2610 505 in

1378 517 1569 561 vetustis
1618 520 1894 579 apographis
1936 521 2116 566 omissae
2154 535 2274 579 sunt,
2323 526 2459 571 hodie
2505 534 2611 578 satis

1380 590 1617 635 commode
1637 591 1727 650 legi
1746 605 1929 653 posunt.
1951 594 2056 641 Alio
2074 598 2341 643 calamitatis
2365 616 2526 657 genere
2548 607 2613 648 af-

1383 664 1547 710 fectum
1567 675 1635 709 est
1651 666 1811 711 folium
1834 669 2101 727 paginarum
2126 674 2183 730 93
2205 682 2249 716 et
2270 681 2347 731 94,
2366 675 2494 734 cujus
2516 693 2612 722 ma-

1377 738 1454 798 jor
1477 755 1584 800 pars
1607 750 1864 786 transverse
1884 741 2085 787 abscissa
2104 756 2170 790 est
2192 747 2313 792 hunc
2329 749 2378 792 in
2395 750 2578 795 modum
2600 770 2609 796 :

1379 1114 1491 1158 adeo
1511 1124 1560 1158 ut
1586 1115 1634 1160 in
1655 1130 1759 1175 pag.
1787 1117 1844 1175 93
1880 1118 1999 1162 nihil
2026 1119 2117 1164 nisi
2153 1118 2361 1179 priorum
2394 1119 2616 1167 linearum

1383 1191 1437 1234 18
1476 1190 1628 1246 initia,
1665 1192 1714 1235 in
1747 1208 1794 1252 p.
1837 1200 1895 1252 94
1931 1195 2178 1240 earundem
2218 1195 2360 1240 verba
2388 1208 2616 1257 postrema

1379 1266 1612 1325 supersint
1633 1266 1710 1326 (V.
1735 1267 1914 1327 Scylac.
1931 1270 2106 1331 Peripl.
2131 1286 2179 1330 p.
2204 1287 2261 1330 79
2286 1271 2392 1318 edit.
2415 1283 2556 1317 nostr.
2579 1275 2614 1334 ).

1445 1342 1491 1388 8.
1523 1342 1706 1404 Scripta
1730 1344 1779 1388 in
1803 1346 1960 1391 codice
1980 1347 2271 1392 continentur
2286 1348 2382 1392 haec
2404 1365 2413 1392 :
2439 1365 2478 1393 1.
2504 1349 2618 1395 Mar-

1379 1418 1499 1463 ciani
1533 1420 1742 1480 periplus
1779 1423 1937 1467 oceani
1968 1424 2205 1468 orientalis
2226 1434 2270 1468 et
2292 1425 2613 1483 occidentalis,

1378 1495 1516 1540 initio
1537 1506 1580 1540 et
1601 1497 1690 1542 fine
1709 1498 1916 1546 mutilus.
1943 1528 2006 1534 -—
2024 1518 2068 1547 2.
2091 1500 2322 1545 Particula
2335 1502 2505 1563 peripli
2523 1519 2617 1547 ma-

1379 1570 1444 1615 ris
1461 1571 1650 1628 interni,
1675 1589 1811 1633 quem
1824 1590 1849 1619 e
1868 1574 2088 1636 Menippo
2100 1575 2359 1621 Marcianus
2370 1575 2615 1626 breviavit.

1379 1673 1443 1682 —
1460 1648 1505 1695 3.
1525 1648 1726 1707 Scylacis
1744 1651 1952 1712 periplus
1974 1663 2017 1696 et
2037 1668 2138 1712 quae
2161 1653 2203 1697 ei
2227 1654 2494 1714 appendicis
2514 1655 2615 1699 loco

1379 1722 1705 1783 subjiciuntur.
1719 1753 1780 1759 —
1795 1733 1839 1779 4.
1852 1723 2022 1772 Isidori
2037 1728 2296 1773 mansiones
2312 1729 2616 1776 Parthicae.—

1381 1798 1405 1842 5
1432 1808 1475 1842 et
1494 1801 1539 1843 6.
1563 1800 1779 1860 Dionysii
1807 1801 2043 1862 cujusdam
2070 1803 2319 1862 fragmenta
2339 1803 2429 1849 duo
2452 1804 2614 1849 iambi-

1380 1888 1432 1918 ca
1453 1873 1509 1918 de
1533 1873 1707 1920 Graecis
1730 1876 1924 1922 urbibus
1951 1877 2221 1938 insulisque.
2246 1878 2448 1923 Poeticis
2472 1879 2613 1924 inter-

1379 1959 1615 2007 ponuntur
1634 1950 1725 1994 duo
1744 1951 1992 2010 fragmenta
2007 1953 2219 2013 prosaica
2239 1954 2454 2009 auctoris,
2480 1969 2613 2013 quem

1379 2025 1521 2083 vulgo
1542 2026 1856 2071 Dicaearchum
1878 2044 1975 2073 esse
1998 2038 2174 2088 putant.
2204 2057 2258 2064 —
2284 2046 2327 2085 7.
2352 2029 2489 2073 Prior
2505 2044 2613 2089 pars

1378 2101 1667 2159 periegeseos
1701 2102 1928 2163 iambicae,
1966 2119 2067 2163 quae
2097 2103 2295 2164 Scymno
2316 2104 2426 2149 olim
2449 2104 2614 2149 vindi-

1378 2174 1579 2219 cabatur.

1103 2269 1234 2308 Codex
1256 2269 1463 2307 Vaticanus
1490 2273 1572 2307 142.

134 2373 178 2414 9.
218 2357 284 2399 De
301 2356 375 2400 his
394 2372 507 2399 vero
526 2366 766 2413 antequam
804 2354 949 2397 fusius
979 2353 1203 2406 dicamus,
1233 2352 1305 2393 in-

68 2430 354 2475 troducimus
387 2430 592 2489 reliquos
613 2429 729 2474 duos
745 2463 757 2484 ,
798 2426 967 2487 quibus
997 2426 1152 2471 eadem
1177 2425 1305 2469 exhi·

66 2504 250 2560 bentur,
268 2505 417 2550 libros
438 2521 576 2550 manu
598 2505 813 2564 scriptos.
839 2503 966 2547 Alter
981 2517 1140 2546 eorum
1163 2501 1307 2545 codex

66 2589 132 2624 est
166 2579 402 2625 Palatinus
435 2580 564 2635 olim,
593 2595 714 2623 nunc
739 2578 970 2623 Romanus
1001 2577 1051 2620 in
1079 2575 1307 2619 Vaticanae

65 2653 357 2699 bibliothecae
378 2654 514 2699 libris
536 2654 758 2698 Palatinis
783 2652 840 2696 N.
883 2658 966 2704 142
982 2685 994 2707 ,
1022 2650 1303 2704 chartaceus,

67 2739 299 2789 quartanae
315 2730 472 2775 formae
495 2730 723 2783 maximae,
743 2727 911 2773 saeculo
929 2725 1108 2770 decimo
1122 2724 1302 2784 quinto,

1370 2362 1420 2394 ut
1441 2351 1640 2407 videtur,
1661 2354 1859 2410 scriptus
1888 2369 2023 2396 manu
2058 2355 2174 2397 male
2207 2364 2467 2412 exermtata,
2505 2370 2608 2412 quae

1371 2426 1652 2470 mulierculae
1676 2426 1830 2486 potius
1870 2443 2005 2486 quam
2028 2428 2120 2472 viri
2141 2442 2239 2472 esse
2264 2428 2448 2472 videtur
2474 2430 2610 2490 (μῆ.

1372 2499 1573 2558 Singulae
1595 2501 1774 2561 paginae
1798 2501 1931 2546 lineis
1963 2508 2019 2553 24
2048 2511 2270 2548 constant.
2305 2502 2495 2547 Insunt:
2517 2504 2604 2547 De-

1374 2575 1626 2620 mosthenis
1647 2577 1795 2619 oratio
1819 2576 2091 2635 Olynthiaca
2114 2577 2248 2621 tertia
2274 2586 2318 2621 et
2342 2577 2487 2620 oratio
2518 2578 2615 2622 Pro·

1374 2667 1563 2706 corona,
1600 2650 1918 2712 Lycophronis
1945 2653 2227 2708 Alexandra,
2266 2652 2454 2697 Hesiodi
2484 2654 2608 2697 theo-

1373 2726 1527 2784 gonia,
1540 2726 1712 2771 scholia
1723 2727 1771 2771 in
1783 2738 1884 2771 octo
1896 2727 2309 2787 ldylliaTheocriti
2323 2727 2616 2788 (****).Atque·

114 2835 164 2885 (*)
188 2836 272 2875 Non
291 2846 381 2874 vero
397 2837 503 2875 litera
522 2838 568 2884 ε’,
594 2838 637 2875 ut
659 2836 771 2874 refert
791 2837 910 2873 Haase
928 2835 967 2872 in
990 2833 1122 2871 Annal.
1148 2831 1205 2869 lit.
1225 2831 1377 2870 ualens.
1402 2837 1494 2872 1839
1519 2836 1562 2872 N.
1587 2839 1654 2872 105
1678 2846 1714 2883 p.
1734 2840 1818 2882 227,
1844 2840 1881 2873 et
1900 2836 1964 2883 qui
1986 2846 2031 2873 ex
2052 2836 2186 2874 Haasio
2207 2836 2389 2884 pendent,
2411 2836 2609 2874 Hoffman-

69 2901 140 2931 nus
164 2897 244 2933 Die
260 2893 373 2931 alten
397 2893 656 2941 Geoqraphen
678 2896 751 2931 etc.
774 2894 914 2931 Erstes
941 2890 1053 2935 Heft.
1075 2890 1211 2936 Leipz.
1235 2889 1343 2935 1841,
1366 2899 1402 2936 p.
1424 2895 1485 2937 31,
1509 2892 1546 2928 et
1565 2893 1606 2929 B.
1625 2891 1818 2929 Fabricius
1842 2892 1964 2930 Urber
1979 2892 2045 2931 die
2072 2891 2395 2939 Handsclzriften
2427 2891 2500 2929 der
2519 2891 2617 2930 hlei·

69 2957 146 2987 nen
169 2949 444 2997 Geoqraplzen,
475 2948 655 2994 Dresden
681 2950 773 2986 1845
793 2958 829 2995 p.
856 2952 913 2984 12.

118 3002 186 3051 (**)
208 3004 339 3048 Quinti
359 3004 620 3051 quaternionis
638 3003 770 3052 pagina
791 3002 910 3050 prima
934 3001 1035 3039 recte
1051 3000 1204 3038 notatur
1226 2999 1318 3047 siglo
1348 2998 1388 3048 ε’,
1410 3003 1447 3039 at
1466 3001 1504 3039 in
1523 3003 1657 3041 ultima
1678 3004 1810 3052 pagina
1836 3004 2036 3052 apponitur
2054 3014 2234 3042 numerus
2249 3002 2300 3051 ς’,
2320 3004 2450 3051 aperto
2478 3003 2614 3041 scribae

68 3067 205 3096 errore.

116 3114 210 3163 (***)
237 3115 294 3153 Cf.
324 3115 539 3154 Holstenius
558 3115 597 3153 in
619 3115 739 3164 Epist.
761 3114 808 3153 ad
828 3113 1056 3153 Peirescium
1077 3113 1164 3160 (an.
1194 3115 1286 3149 1628
1306 3121 1357 3149 m.
1379 3112 1491 3151 Febr.
1513 3114 1525 3162 )
1547 3124 1582 3162 p.
1609 3117 1654 3153 45
1674 3115 1732 3153 ed.
1755 3115 1924 3154 Boisson.
1946 3127 1956 3152 ε
1980 3131 1997 3147 a
2026 3117 2126 3153 Tum
2148 3116 2187 3152 et
2202 3114 2392 3164 σύνταγμα
2413 3115 2521 3153 illud
2536 3117 2610 3152 mi.-

72 3178 222 3207 norum
252 3171 596 3219 qaum-aphamia,
642 3171 752 3220 quod
778 3170 1027 3210 Hoeschelius
1056 3168 1212 3210 edidit,
1243 3178 1295 3205 ex
1324 3168 1458 3207 eodem
1489 3173 1746 3209 Constantini
1774 3172 2136 3221 Porphyroqenetae
2165 3171 2261 3209 ludo
2290 3170 2446 3219 prodiit
2469 3181 2481 3206 :
2505 3169 2617 3219 quod

69 3224 327 3274 haudvfacile
352 3230 444 3276 quis
460 3229 638 3276 nemim,
662 3232 734 3278 qui
755 3230 962 3267 Marciani
985 3227 1171 3276 περίπλων
1192 3224 1317 3263 libros
1337 3225 1437 3264 duos
1465 3226 1621 3274 lecerit,
1648 3229 1804 3274 passim
1839 3229 2063 3266 truncatos.
2093 3228 2147 3265 Et
2173 3228 2411 3273 aryumento
2433 3225 2532 3263 milii
2554 3228 2615 3263 est

70 3279 194 3318 codex
231 3292 306 3319 ms.
345 3282 585 3331 Palatinus,
610 3283 717 3322 unde
736 3286 870 3322 cetera
894 3283 1154 3331 exemplaria
1190 3285 1513 3327 promanarunt.
1542 3285 1582 3320 Is
1619 3281 1744 3320 codex
1762 3293 1899 3321 recens
1922 3285 1981 3320 est
2001 3284 2178 3327 scriptus
2201 3283 2276 3318 aut
2302 3291 2327 3318 a
2346 3280 2510 3327 semina
2536 3282 2613 3318 aut

77 3334 220 3373 saltem.
247 3347 273 3374 a
301 3339 484 3376 Groeculo
505 3342 637 3378 omnis
665 3339 897 3378 hellenismi
920 3338 1229 3386 imperitissimo
1249 3350 1263 3377 .·
1285 3338 1358 3376 sed
1378 3339 1525 3382 literae,
1553 3341 1760 3387 quantum
1783 3338 1942 3381 serebat
1963 3338 2178 3384 scriptoris
2196 3338 2352 3384 qenins,
2380 3335 2612 3382 essormalae

74 3387 131 3425 ad
149 3393 317 3437 speciem
341 3395 527 3442 antiqieae
545 3395 666 3433 illius
685 3397 926 3443 scripturae,
949 3404 1042 3443 quoe
1060 3392 1195 3430 media
1212 3397 1273 3433 est
1292 3397 1402 3433 inter
1421 3394 1603 3434 unciales
1621 3396 1704 3433 sive
1724 3394 1923 3442 capitales
1945 3393 2089 3430 literas
2108 3394 2146 3430 et
2164 3393 2345 3429 minutas
2362 3393 2462 3428 istas
2477 3401 2611 3430 recen-

75 3444 192 3481 tiores
231 3446 379 3493 quibus
394 3450 689 3496 posterioribus
703 3451 811 3489 hisce
829 3451 990 3488 saecutis
1016 3450 1143 3487 Groeci
1160 3449 1437 3497 usisuerunt5
1460 3454 1507 3489 ut
1525 3450 1742 3498 manifeste
1755 3451 1972 3498 appareat,
1993 3447 2167 3486 codicem
2182 3448 2395 3495 antiquum
2416 3448 2611 3494 scriptum

72 3497 200 3561 fuisse
220 3510 302 3538 aevo
319 3502 392 3540 illo
413 3506 771 3545 Constantini-ano.
798 3506 914 3545 Aliter
939 3505 1132 3544 statuisset
1147 3504 1363 3544 Holstenius
1388 3507 1419 3545 si
1443 3507 1610 3544 codicem
1636 3505 1847 3544 Parisinum
1868 3505 2049 3543 novisset.
2077 3502 2221 3548 Quodsi
2242 3502 2359 3539 literae
2384 3501 2522 3538 codicis
2543 3503 2611 3538 Pa-

72 3552 176 3591 latini
189 3555 372 3594 uncialem
386 3559 609 3607 scripturam
631 3561 913 3610 quodammodo
922 3561 1063 3600 imitari
1084 3559 1259 3598 videntur
1278 3563 1291 3611 (
1308 3563 1361 3600 sic
1381 3576 1405 3600 α
1430 3562 1570 3610 ubique
1592 3561 1769 3599 scribitur
1785 3576 1804 3598 Λ
1820 3561 1848 3607 >,
1870 3555 1982 3598 causa
1997 3560 2078 3606 ejus
2098 3558 2150 3596 rei
2167 3568 2242 3596 non
2263 3558 2345 3595 erat
2370 3556 2610 3604 perantiquus

72 3607 192 3646 codex
215 3611 333 3647 oculis
353 3613 694 3665 scribae-obJectus3
720 3619 788 3656 aut
810 3618 909 3656 enim
935 3627 983 3656 ex
1001 3617 1080 3666 ipso
1099 3623 1229 3658 nostro
1252 3618 1442 3656 Palatinus
1459 3617 1568 3654 nuxit
1592 3617 1673 3664 aut,
1699 3618 1741 3654 ut
1758 3616 1851 3653 mihi
1873 3624 2093 3664 persuasum
2117 3615 2173 3652 est
2199 3612 2264 3662 (v.
2291 3612 2375 3649 infr.
2398 3611 2419 3659 §
2450 3616 2488 3650 17
2509 3612 2538 3658 ),
2562 3622 2608 3649 ex

72 3664 189 3701 nostri
210 3666 437 3712 apographo.

122 3718 235 3767 (****)
258 3719 453 3758 scholium
472 3722 648 3764 ultimum
668 3737 679 3763 :
699 3729 761 3765 καὶ
780 3728 919 3776 νύμφην
939 3727 1112 3776 &xp-0603·
1130 3733 1315 3781 ἱστοροῦσι
1331 3730 1392 3768 τὸν
1407 3729 1541 3778 Δάφνιν
1558 3730 1791 3777 ἀγαπαθῆναι
1804 3727 1876 3766 ὑπὸ
1899 3740 1993 3770 τινος
2017 3726 2168 3776 νύμφης,
2188 3726 2233 3771 ἢν
2248 3723 2430 3765 Σωσίθεος
2447 3722 2605 3759 Θάλειαν

72 3774 194 3842 κῗιλεῖ·
220 3776 513 3823 παρακαλέσασα
536 3779 574 3816 δὲ
589 3781 697 3819 αὐτὸν
713 3784 761 3830 μή
776 3783 866 3831 ἄλλῃ
889 3785 1032 3830 γυναικὶ
1057 3787 1246 3834 ὁμιλῆσαι,
1273 3787 1323 3835 μὴ
1336 3786 1492 3835 τηρήσαι
1508 3787 1574 3830 τὴν
1600 3784 1812 3833 παραίνεσιν
1835 3784 1965 3829 αὐτῆς·
1988 3783 2067 3820 ὅθεν
2090 3784 2110 3819 ὁ
2134 3782 2197 3830 μὲν
2222 3778 2412 3828 Θεόκριτὸς
2436 3791 2520 3823 φησι
2542 3778 2605 3821 τὴν

71 3844 210 3880 νυμφην
236 3832 441 3878 ἀποστῆναι
471 3833 534 3871 ἀπ’
549 3836 675 3882 αὐτοῦ,
698 3839 807 3876 αὐτὸν
828 3841 866 3878 δὲ
892 3841 1164 3888 μεταὸάλὶφντα
1187 3846 1249 3882 τὸν
1272 3843 1409 3887 ἐκείνης
1430 3842 1550 3891 ἔρωτα
1566 3843 1637 3879 ὑπὸ
1660 3841 1775 3885 λύπης
1803 3841 2018 3889 μεταλλάξαι
2042 3838 2156 3882 ἐκτός·
2177 3840 2208 3875 εἰ
2233 3837 2281 3885 μὴ
2298 3835 2408 3878 αὐτὴν
2430 3834 2492 3874 μέν
2515 3845 2602 3880 φησι

69 3887 114 3953 τὸ,
132 3887 369 3952 ᾀποσπᾶσῡαι
393 3890 502 3927 αὐτὸν
529 3890 637 3935 ἄλλης
656 3891 847 3939 ἐρασθῆναι
875 3898 924 3938 ὡς
948 3896 1048 3934 itam
1074 3899 1174 3945 γαξιν
1198 3899 1368 3948 ἐκρίσατο
1393 3898 1540 3945 Δάφνις·
1563 3900 1596 3935 οἱ
1620 3898 1657 3935 δὲ
1681 3897 1801 3934 λοιποί
1823 3910 1930 3943 φασιν
1958 3897 2066 3934 αὐτὸν
2082 3893 2310 3943 τυφλωθέντα
2335 3890 2396 3928 καὶ
2421 3888 2604 3936 ἀλώμενον

73 3954 180 3981 αυτον
199 3947 571 3994 κατακρημνισθῆναι.
596 3948 656 3986 Sic
672 3948 754 3986 baec
771 3951 911 3999 codex;
931 3953 1022 3990 nibil
1042 3955 1208 4000 rnu'iavt;
1233 3965 1269 3995 v.
1296 3955 1415 3994 schol.
1441 3955 1601 3992 Theocr.
1627 3963 1664 4001 p.
1684 3955 1728 3990 64
1751 3952 1810 3989 ed.
1837 3951 1962 3989 Didot.
