2808 4342
106 161 157 222 (Β,
169 161 224 222 7·)

106 285 180 325 μον
213 265 282 312 καὶ
317 265 480 327 μοίκειρ,
509 264 561 310 τὰ
593 266 649 317 εἰς
674 263 868 326 Ἆραὸίαν
898 271 1222 328 προχωροῦντα,
1261 269 1333 314 καὶ

101 333 277 394 σώματα
301 333 495 384 σπανίως.
1316 331 1320 334 ”

162 421 198 450 9.
227 401 323 448 Ἀπὸ
337 401 378 446 δὲ
391 399 557 446 Μαλαὼ
574 399 644 446 δύο
659 402 821 464 δρόμοις
831 401 940 448 ἐστὶν
954 403 1185 466 ἕμπόριονή
1200 404 1333 451 Μούν-

100 473 190 528 δου,
217 462 312 531 ἐνῷ
348 467 418 513 καὶ
443 469 744 532 ἀσφαλέστερον
777 466 982 533 ὁρμεῖγτὰ
1015 474 1136 518 πλοῖα
1169 476 1224 526 εἰς
1256 473 1330 530 τὴν

53 552 72 580 5
96 536 366 599 προκειμένην
386 535 555 596 ἔγγιστα
576 541 648 593 τῆς
664 543 739 599 γ’ἧς
762 542 902 594 νῆσον.
972 542 1194 603 Προχωρεῐ
1217 541 1259 587 δὲ
1277 545 1332 594 εἷς

95 605 221 661 αὐτὴν
244 604 297 650 τὰ
313 605 590 668 προειρημένα
613 607 682 652 καὶ
703 609 853 654 ἐκεῖθεν
878 608 1027 668 ὁμοίως
1046 611 1261 672 ἐκφέρεται
1279 610 1330 656 τὰ

96 673 373 736 προειρημένα
402 674 544 738 φορτία
576 676 710 737 [καὶ]
734 676 923 736 θυμίαμα
947 677 993 723 τὸ
1016 679 1233 737 λεγόμενον
1255 698 1330 740 μο·

92 741 251 804 κρότου.
319 744 372 788 Οἱ
399 742 440 787 δὲ
461 749 745 797 κατοικοῦντες
769 745 942 808 ἔμποροι
966 746 1251 810 σκληρότεροι.

155 828 213 858 10.
246 811 345 858 Ἀπὸ
368 811 409 857 δὲ
433 816 505 868 τῆς
528 812 741 870 Μούνδου,
765 815 972 861 πλεόντων
997 818 1052 868 εἷς
1075 817 1149 872 τὴν
1179 819 1325 863 ἀνατο-

30 895 70 925 10
93 879 189 936 λὴν,
211 880 358 940 ὁμοίως
374 880 481 941 μετὰ
512 882 583 927 δύο
602 883 775 945 δρόμους
790 885 816 940 ἢ
841 886 973 946 τρεῖς,
995 886 1170 942 πλησίον
1195 894 1327 932 κεῖται

89 950 149 1012 τὸ,
170 950 390 996 Μόσυλλον
415 953 455 996 ἐν
480 954 657 1015 αἰγιαλῷ
690 954 885 1016 δυςόρμῳ.
955 958 1174 1018 Προχωρεῖ
1208 957 1249 1000 δὲ
1273 959 1327 1008 εἷς

90 1018 216 1074 αὐτὴν
241 1020 292 1064 τὰ
312 1023 590 1083 προειρημένα
609 1021 708 1084 γένη
736 1023 808 1068 καὶ
828 1023 952 1080 σκεύη
976 1026 1156 1087 ἀργυρᾶ,
1178 1027 1327 1087 σιδηρᾶ

89 1087 131 1133 δὲ
150 1088 350 1134 ἐλάσσονα
365 1125 376 1146 ,
397 1090 467 1135 καὶ
491 1091 617 1138 λιθία.
687 1091 910 1153 Ἐξάγεται
930 1092 972 1138 δὲ
990 1093 1070 1151 ἀπὸ
1087 1097 1167 1139 τῶν
1190 1093 1325 1139 τόπων

89 1158 263 1210 κασσίας
294 1163 440 1220 χρῆμα
477 1164 669 1206 πλεῖστον
704 1161 793 1221 (διὸ
833 1161 903 1223 καὶ
945 1162 1139 1221 μειζόνων
1172 1162 1323 1208 πλοίων

90 1227 233 1289 χρῄζει
255 1227 299 1272 τὸ
317 1229 524 1290 ἐμπόριον)
547 1230 618 1275 καὶ
637 1230 741 1286 ἄλλη
765 1230 914 1276 εὐωδία
935 1232 1005 1276 καὶ
1030 1231 1232 1293 ἀρώματα
1253 1231 1324 1276 καὶ

89 1296 323 1358 χελωνάρια
349 1297 466 1356 ὀλίγα
491 1299 561 1343 καὶ
593 1302 822 1361 μοκρότου,
850 1294 970 1356 ἧττον
1001 1306 1069 1346 τοῦ
1093 1303 1320 1347 Μουνδιτι-

88 1368 187 1420 κοῦ,
208 1365 278 1408 καὶ
308 1365 473 1418 λίὸανος
504 1369 524 1410 ὃ
544 1370 762 1428 περατικὸς
778 1403 789 1424 ,
825 1369 968 1432 ἐλέφας
988 1369 1028 1413 δὲ
1064 1369 1133 1414 καὶ
1162 1368 1322 1432 σμύρνα

42 1461 51 1469 ·
89 1432 283 1484 σπανίως.

153 1517 208 1547 11.
240 1502 338 1546 Ἀπὸ
364 1502 405 1547 δὲ
421 1508 490 1548 τοῦ
510 1505 730 1550 Μοσύλλου
751 1506 856 1565 μετὰ
874 1507 944 1552 δύο
968 1508 1154 1569 δρόμους,
1174 1527 1321 1570 παρα-

23 1583 64 1614 20
85 1569 310 1615 πλεύσαντι
345 1570 390 1615 τὸ
409 1572 649 1633 ’λεγόμενον
676 1576 1053 1634 Νειλοπτολεμαῖον
1081 1578 1150 1621 καὶ
1185 1596 1322 1622 ταπα-

919 164 1212 212 PERIPLUS
1236 166 1429 215 MARIS
1461 172 1804 222 ERYTHRAEI.

2541 203 2635 242 265.

1401 277 1548 330 duaea,
1584 295 1853 332 cancamum,
1879 276 2024 335 macir,
2061 300 2153 340 quae
2188 290 2229 329 in
2255 292 2449 335 Arabiam
2479 298 2633 354 impor-

1401 355 1556 399 tantur,
1582 349 1764 406 denique
1786 350 2007 407 mancipia,
2035 356 2171 396 rarius
2187 367 2337 399 tamen.

1456 430 1498 468 9.
1531 419 1564 457 A
1587 418 1721 458 Malao
1743 418 1863 460 bidui
1886 434 2012 461 eursu
2034 421 2158 463 distat
2189 428 2423 483 emporium
2455 433 2630 485 Mundi,

1399 483 1474 523 ubi
1509 485 1632 525 etiam
1674 488 1805 527 tutior
1849 497 1909 528 est
1945 490 2115 530 navium
2152 493 2272 532 statio
2316 494 2368 534 ad
2409 498 2634 551 projectam

1398 552 1588 605 proxime
1620 561 1739 594 terrae
1772 555 1965 596 insulam.
2026 559 2312 612 Importantur
2335 576 2384 601 eo
2407 578 2470 603 res
2488 557 2539 606 ‘in
2562 582 2633 608 an-

1399 619 1681 660 tecedentibus
1695 622 1904 662 recensitae
1915 653 1926 672 ,
1947 624 2128 678 itemque
2147 626 2244 667 hine
2259 639 2529 683 exportantur
2544 649 2635 688 quae

1393 688 1479 743 jam
1496 688 1693 741 diximus,
1713 699 1753 732 et
1767 691 1993 734 suffimenti
2005 708 2133 747 genus
2143 697 2255 751 quod
2267 709 2412 741 vocant
2427 713 2632 746 mocrotU.

1398 759 1607 814 Indigenae
1627 761 1706 802 loei
1731 771 1977 804 mercatores
1995 767 2220 820 asperiores
2243 779 2353 810 sunt.
2609 776 2612 778 ’

1457 842 1522 870 10.
1555 832 1592 870 A
1612 829 1763 870 Mundi
1789 833 1977 886 emporio
1992 864 2003 883 ,
2026 835 2059 874 si
2081 836 2280 877 orientem
2307 853 2448 880 versus
2468 844 2632 897 naviga-

1397 897 1519 947 veris,
1541 906 1635 952 post
1655 898 1774 938 bidui
1796 899 1894 939 item
1928 900 1990 940 vel
2014 901 2144 942 tridui
2168 919 2337 945 cursum
2360 910 2548 961 proxime
2568 925 2632 952 se-

1397 966 1540 1019 quitur
1564 966 1786 1021 Mosyllum
1809 968 1852 1007 in
1874 967 1992 1008 litore
2011 969 2284 1025 importuoso.
2345 977 2631 1031 Importantur-

1396 1048 1445 1073 eo
1459 1033 1547 1088 jam
1563 1034 1672 1075 dicta
1687 1036 1834 1076 mercis
1847 1050 1995 1089 genera
2006 1052 2054 1077 ae
2069 1053 2162 1079 vasa
2179 1044 2368 1094 argentea
2385 1052 2424 1083 et
2436 1047 2635 1098 pauciora

1397 1103 1529 1144 ferrea
1541 1112 1580 1144 et
1592 1119 1747 1145 merces
1765 1105 1914 1146 vitreae.
1979 1108 2232 1161 Exportatur
2244 1110 2307 1150 his
2319 1126 2369 1151 ex
2382 1112 2479 1153 locis
2496 1115 2632 1155 cassiae

1367 1171 1456 1219 ,vis
1490 1171 1670 1226 plurima
1711 1174 1995 1228 (quapropter
2030 1176 2150 1215 etiam
2189 1177 2414 1232 majoribus
2462 1183 2632 1235 navigiis

1395 1236 1628 1288 emporium
1644 1235 1799 1289 indiget
1814 1235 1827 1291 )
1851 1245 1890 1276 et
1904 1236 1981 1276 alia
2003 1237 2210 1279 odorifera
2228 1249 2268 1281 et
2282 1251 2463 1283 aromata
2475 1274 2486 1292 ‚
2505 1258 2632 1298 porro

1394 1311 1586 1343 moerotu
1625 1302 1807 1343 deterius
1848 1304 2084 1345 Munditieo
2095 1337 2106 1356 ,
2140 1307 2235 1346 thus
2281 1308 2601 1351 transfretanum
2616 1342 2628 1360 ,

1394 1371 1499 1412 ebur
1521 1386 1618 1411 vero
1637 1380 1676 1412 et
1697 1371 1864 1426 myrrha
1887 1373 2035 1413 rarius.

1454 1453 1519 1480 11.
1552 1441 1650 1479 Post
1670 1440 1889 1494 Mosyllum
1909 1449 2003 1495 post
2030 1440 2150 1481 bidui
2179 1456 2347 1483 cursum
2367 1452 2635 1498 praeterveeto

1391 1509 1429 1548 N
1433 1508 1746 1562 iloptolemaeum
1753 1539 1764 1558 ,
1779 1507 1894 1562 quod
1918 1517 2081 1557 vocant,
2098 1518 2136 1549 et
2154 1510 2357 1564 Tapatege
2381 1512 2433 1565 (Ρ)
2451 1512 2632 1554 etlaure—

1393 1584 1482 1616 tum
1519 1576 1681 1626 minus,
1719 1576 1900 1615 occurrit
1924 1576 2099 1630 Elephas
2132 1579 2491 1631 promontorium,
2517 1581 2631 1634 quod

85 1772 154 1810 An
178 1769 266 1810 haec
293 1778 351 1810 est
380 1770 635 1825 ψευδοκασσία
657 1786 781 1825 quam
815 1772 916 1812 dicit
940 1773 1227 1813 Artemidorus
1254 1788 1321 1828 ap,

83 1831 325 1873 Strabonem
347 1846 389 1887 p.
417 1833 526 1886 773?
545 1834 764 1874 Salmasius
780 1837 928 1874 Exere.
948 1835 1053 1876 Plin.
1075 1849 1117 1890 p.
1138 1848 1218 1888 922
1235 1837 1293 1876 ita
1311 1851 1320 1878 :

51 1915 59 1926 ·
89 1911 105 1947 ‘i‘
130 1895 381 1934 Posteriores
401 1895 645 1935 Dioscoride
666 1897 886 1950 scriptores
901 1897 1051 1936 casiam
1074 1911 1241 1938 omnem
1260 1898 1323 1938 di-

81 1955 265 1996 viserunt
294 1957 337 1996 in
361 1955 446 1996 duo
469 1971 644 2010 genera,
672 1959 715 1997 in
745 1958 880 1999 κασίαν
906 1958 1071 2013 σύριγγα
1102 1967 1142 1999 et
1161 1959 1322 2007 ξυλοκα-

82 2018 188 2068 σίαν,
211 2019 291 2059 1100
313 2027 388 2070 est,
411 2021 561 2060 casiam
583 2021 761 2061 fistulam
784 2029 824 2061 et
847 2022 997 2061 casiam
1016 2022 1208 2075 ligneam.
1234 2025 1324 2064 Hoc

79 2094 232 2121 nomen
252 2082 438 2122 fecerunt
458 2084 647 2123 crassiori
670 2085 801 2134 casiae,
824 2098 952 2138 quam
975 2084 1233 2139 σκληροτέραν
1254 2101 1324 2125 vo-

80 2144 186 2183 cavit
200 2152 342 2184 auctor
361 2145 529 2199 Peripli.
559 2165 574 2179 »
606 2146 621 2198 ll
644 2170 700 2176 —
719 2145 866 2185 δούακ
879 2147 931 2199 α]
952 2148 1043 2186 Ηο0
1058 2147 1224 2186 aliunde
1240 2162 1321 2187 non

80 2200 242 2246 notum'.
263 2205 453 2246 Stuckius
475 2220 483 2245 :
509 2224 524 2243 «
549 2206 664 2258 Quid
688 2208 720 2246 si
738 2208 891 2260 species
914 2208 966 2246 sit
986 2208 1123 2246 cassiae
1138 2208 1292 2247 vilioris
1308 2239 1319 2258 ,

79 2280 204 2320 quam
240 2268 503 2307 Dioscorides
541 2269 608 2320 (Ι,
651 2268 728 2322 12)
773 2268 882 2308 κιττὰ
915 2268 980 2308 καὶ
1010 2269 1129 2322 δάκαρ
1171 2268 1323 2323 (latine

78 2338 244 2369 vertunt
260 2331 366 2370 citta
386 2340 424 2370 et
445 2331 572 2370 darea
590 2331 603 2385 )
627 2332 683 2370 ait
700 2331 921 2386 appellari?
943 2331 1047 2371 Sunt
1062 2333 1172 2371 enim
1189 2332 1322 2373 cluaca

79 2397 200 2444 atque
223 2390 346 2431 dacar
368 2392 451 2431 sive
481 2391 605 2431 darea
626 2407 745 2432 voees
776 2393 852 2431 sibi
884 2394 1059 2432 invicem
1094 2392 1320 2435 admodum

77 2452 232 2492 affines.
260 2473 276 2488 n
297 2453 401 2493 Mihi
421 2455 464 2493 in
483 2462 666 2494 mentem
684 2456 794 2494 venit
808 2455 932 2496 scrib.
951 2469 1037 2495 esse
1055 2455 1180 2495 λάκκα
1197 2469 1318 2509 quam

76 2529 292 2570 perperam
327 2531 411 2556 non
464 2516 661 2570 distingui
697 2532 720 2557 a
768 2519 959 2573 καγκάμῳ
1010 2518 1066 2557 ait
1103 2518 1320 2559 Salmasius

76 2580 200 2619 Exer.
224 2579 280 2633 pl.
308 2593 350 2633 p.
375 2582 470 2620 810.
491 2588 531 2619 et
554 2579 650 2633 Hyl.
676 2580 806 2620 iatrie.
829 2595 872 2635 p.
903 2581 996 2621 138.
1026 2581 1040 2634 Η
1061 2604 1118 2610 -
1137 2581 1320 2635 κάγκα-

79 2641 201 2694 μον]
228 2655 308 2680 see.
345 2641 534 2681 Dioscor.
557 2643 593 2690 I,
632 2641 682 2680 23
721 2649 779 2680 est
802 2641 980 2696 lacryma
1008 2641 1123 2695 ligni,
1150 2643 1320 2696 myrrho

78 2693 235 2753 similis,
269 2717 351 2757 qua
377 2703 428 2743 ad
451 2703 637 2743 suffitum
656 2711 846 2744 utuntur.
868 2704 931 2744 Cf.
957 2704 1063 2744 Plin.
1099 2705 1197 2754 XII,
1229 2708 1278 2753 44
1306 2719 1314 2746 ;

75 2768 147 2805 Ex
166 2765 338 2819 confinio
367 2765 491 2806 casiae
514 2765 773 2820 cinnamique
798 2775 837 2806 et
859 2781 1097 2806 cancamum
1117 2781 1166 2806 ac
1183 2775 1317 2807 tarum

78 2827 299 2868 invehitur.
338 2828 461 2868 Plura
493 2827 587 2868 vide
620 2829 665 2868 in
687 2828 856 2869 Salmas.
881 2830 1064 2869 Homon.
1098 2829 1182 2882 hyl.
1220 2830 1311 2870 iatr.

76 2904 112 2930 c.
140 2891 189 2943 93
211 2905 253 2944 p.
291 2891 366 2931 138
389 2905 450 2945 sq.
482 2891 497 2944 Η
522 2915 579 2921 -
599 2892 774 2945 μάκειρ
794 2893 808 2946 ]
850 2893 968 2946 μάκερ
1002 2891 1103 2931 dicit
1122 2892 1311 2933 Dioscor.

74 2953 109 3000 Ι,
128 2966 144 2991 1
156 2966 219 3002 11,
238 2967 318 2992 sec.
338 2967 461 3007 quem
478 2962 537 2993 est
553 2962 694 2993 cortex
706 2954 927 3003 subflavus,
943 2967 1116 3003 crassus,
1136 2953 1314 3006 linguam

75 3023 195 3067 gustu
213 3014 375 3055 modice
394 3015 649 3069 adstringens
667 3016 977 3070 accendensque
994 3017 1120 3056 mixta
1139 3016 1314 3070 quadam

75 3077 298 3116 acrimonia
327 3079 562 3118 aromatica.
593 3078 726 3118 Plinio
748 3079 852 3128 XII,
886 3082 933 3117 16
970 3086 1139 3117 vocatur
1179 3078 1319 3118 Macir

79 3137 92 3192 (
110 3138 171 3178 vel
191 3139 328 3179 Macis
346 3139 377 3194 )
403 3140 525 3180 Plura
544 3140 638 3180 vide
659 3155 725 3194 ap.
748 3141 1007 3189 Salmasium,
1034 3140 1062 3180 l.
1080 3140 1106 3180 l.
1126 3155 1163 3180 c.
1187 3154 1254 3193 92.

133 3202 154 3250 S
174 3205 214 3249 9,
236 3201 263 3240 l.
291 3202 330 3240 3.
360 3200 383 3251 ἣ
408 3202 536 3242 Μοόν
552 3203 665 3257 δου]
693 3203 848 3242 Μόνδου
884 3202 1065 3257 ἐμπόριον
1092 3210 1131 3241 et
1155 3203 1311 3243 Μόνδου

78 3263 192 3311 νῆσον
217 3261 316 3301 dicit
339 3263 594 3304 Ptolemaeus.
628 3265 766 3305 Insula
798 3273 858 3304 cst
886 3264 988 3304 hod.
1018 3264 1132 3304 Mait
1155 3266 1238 3305 sive
1265 3266 1315 3305 ile

78 3322 209 3361 brule'e
223 3353 233 3371 ,
260 3323 368 3363 unde
383 3324 434 3364 de
456 3327 537 3365 situ
556 3328 730 3381 emporii
750 3335 923 3375 constat,
943 3341 1067 3380 quem
1091 3326 1192 3366 male
1212 3326 1314 3367 defi-

76 3385 181 3423 nivit
198 3384 454 3427 Ptolemaeus.
473 3388 677 3428 Distantia
698 3387 741 3427 in
761 3388 924 3441 Periplo
941 3396 1080 3427 notata
1103 3402 1186 3427 non
1218 3388 1313 3429 falsa

77 3445 244 3499 quidem
260 3455 333 3496 est,
359 3448 429 3487 sed
447 3451 675 3490 accuratius
698 3449 964 3499 indicaretur,
986 3451 1018 3489 si
1036 3464 1113 3504 pro
1136 3450 1202 3489 δύο
1225 3451 1313 3505 δρό-

80 3522 163 3561 μοις
199 3507 398 3560 legeretur
430 3511 496 3549 δύο
530 3512 553 3562 ἢ
591 3511 692 3565 τρισὶ
724 3511 901 3565 δρόμοις,
926 3518 973 3549 ut
999 3511 1083 3562 in§
1121 3524 1184 3551 10:
1213 3512 1228 3564 {l
1257 3536 1314 3543 —-

79 3572 119 3616 4.
156 3584 171 3608 ε
187 3567 250 3620 ἰς]
286 3568 348 3608 διὰ
382 3571 510 3611 voluit
548 3572 753 3621 Stuekius,
795 3572 948 3625 absque
988 3586 1108 3611 causa
1145 3572 1310 3615 idonea.

83 3632 98 3684 ΙΙ
126 3655 183 3661 -
203 3645 243 3684 7.
280 3631 390 3685 καὶ]
411 3647 496 3673 0111.
531 3633 808 3687 00(1.Η-τὶ)
830 3633 1111 3688 λεγόμενον
1139 3637 1312 3690 μοκρό-

75 3709 98 3733 τ
110 3695 190 3748 ου]
209 3695 372 3733 1101111151
389 3709 410 3734 e
426 3696 586 3749 Periplo
602 3704 743 3735 nostro
758 3703 921 3745 notum,
936 3703 1136 3749 quantum
1152 3697 1274 3737 sciam
1294 3714 1305 3748 3

75 3770 229 3795 nomen
247 3770 270 3795 a
289 3755 380 3795 loco
402 3756 582 3809 quodam
597 3757 803 3797 habuerit.

133 3820 154 3869 S
179 3822 243 3867 10,
265 3818 292 3857 l.
330 3832 394 3859 10.
427 3818 521 3869 πλη
538 3818 676 3873 σίον]
703 3821 800 3858 Haec
830 3834 909 3859 vox
932 3820 990 3859 sic
1014 3834 1160 3874 parum
1187 3831 1305 3876 ap1a3

76 3879 256 3920 fortassis
270 3880 384 3935 ἄκρας
403 3880 582 3932 πλησίον.
602 3881 876 3935 Exspectabas
897 3881 1093 3935 ἐμπόριον.
1117 3884 1132 3936 Η
1152 3907 1207 3914 -
1223 3884 1262 3923 Μ
1273 3885 1310 3923 ό-

77 3941 289 3997 συλλον]
326 3942 566 3983 Ptolemaeus
595 3944 671 3992 IV,
705 3957 728 3996 7
754 3956 797 3996 p.
836 3944 915 3984 300
941 3956 951 3983 ;
978 3944 1159 3984 Μόσυλον
1193 3944 1309 3999 ἄκρον

76 4003 140 4043 καὶ
159 4004 356 4059 ἐμπόριον,
378 4013 418 4045 et
436 4019 478 4060 p.
506 4006 583 4053 304
612 4017 621 4045 :
644 4005 836 4046 Ἤόσυλον
861 4005 899 4046 δὲ
929 4005 1018 4061 ὑπὲρ
1040 4006 1083 4047 τὸ
1104 4006 1310 4062 ὁμώνυμον

1394 1775 1510 1829 ἄκρον
1541 1774 1606 1813 καὶ
1639 1774 1836 1828 ἐμπόριον.
1871 1773 1935 1813 Cf.
1958 1775 2159 1814 Marcian.
2201 1789 2244 1829 p.
2281 1789 2329 1827 19
2362 1775 2429 1815 ed.
2459 1776 2562 1816 Mill.
2591 1785 2632 1817 et

1393 1837 1535 1891 steph.
1560 1838 1607 1876 B.
1634 1850 1666 1875 s.
1692 1849 1750 1884 v.‚
1782 1835 1855 1875 ubi
1878 1837 1976 1875 item
1998 1835 2176 1874 Μόσυλοι
2198 1844 2238 1875 et
2257 1836 2456 1876 Μόσυλον.
2477 1838 2632 1878 Plinius

1392 1900 1468 1948 VI,
1494 1899 1545 1945 34
1566 1910 1574 1937 :
1605 1897 1724 1937 Ultra
1742 1896 1859 1936 sinus
1888 1895 2095 1945 Abalites,
2127 1895 2263 1936 insula
2281 1897 2456 1937 Diodori
2477 1907 2516 1937 et
2537 1900 2632 1940 alioe

1393 1960 1583 2007 desertce;
1612 1973 1691 2013 per
1721 1957 1988 1998 continentem
2022 1972 2175 2012 quoque
2214 1957 2399 2007 deserta,
2435 1960 2633 2014 oppidum

1393 2026 1524 2070 Gaza,
1541 2020 1867 2077 promontorium
1887 2029 1926 2060 et
1946 2029 2097 2075 portus
2119 2021 2368 2075 Mossylites,
2394 2037 2472 2076 quo
2490 2023 2633 2064 cinna·

1393 2099 1567 2124 momum
1579 2082 1807 2123 devehitur.
1822 2086 2042 2136 Hucusque
2054 2083 2248 2123 Sesostris
2257 2083 2477 2124 exereitum
2489 2084 2627 2126 duxit.

1392 2145 1542 2201 Aliqui
1565 2161 1688 2185 unum
1706 2144 1932 2199 AEtlziopice
1953 2144 2152 2199 oppidum
2177 2145 2288 2184 ultra
2313 2156 2476 2200 ponunt
2507 2147 2548 2187 in
2575 2148 2628 2188 li-

1393 2210 1477 2240 tore
1508 2200 1726 2240 Baricaza.
1756 2203 1798 2239 A
1830 2199 2051 2252 Mossylico
2066 2201 2348 2254 promontorio
2368 2201 2630 2243 Atlanticum

1391 2278 1501 2303 mare
1518 2262 1693 2318 incipere
1712 2262 1804 2302 vult
1821 2263 2025 2302 Juba.His
2049 2261 2154 2302 adde
2183 2262 2469 2303 Dioscoridem
2497 2267 2531 2313 I,
2561 2267 2626 2317 13,

1391 2326 1461 2378 qui
1482 2323 1550 2374 τὴν
1572 2323 1788 2364 Μοσυλῖτιν
1821 2323 2061 2377 καλουμένην
2093 2325 2226 2364 κασίαν
2249 2334 2466 2366 memorat.
2496 2327 2627 2368 Situm

1391 2386 1513 2426 fuisse
1543 2386 1775 2440 emporium
1795 2385 2050 2425 D’Anvillius
2069 2388 2145 2435 III,
2168 2400 2209 2440 p.
2242 2390 2288 2425 61
2317 2394 2356 2425 et
2388 2388 2629 2429 Gosselinus

1389 2451 1424 2496 I,
1460 2463 1502 2502 p.
1544 2448 1618 2501 175
1654 2455 1800 2501 putant
1830 2445 1881 2486 ad
1915 2448 2248 2500 promontorium
2277 2448 2400 2497 Mete,
2438 2448 2510 2488 ubi
2532 2451 2629 2490 Soal

1391 2510 1550 2563 (Salim
1575 2524 1640 2564 ap.
1666 2509 1860 2548 Vincent.
1889 2509 1945 2557 ΙΙ,
1966 2522 2008 2562 p.
2037 2509 2110 2548 133
2134 2516 2221 2548 not.
2242 2507 2255 2563 )
2282 2508 2446 2558 fluvius,
2479 2510 2623 2565 Mosyli

1388 2573 1585 2621 nominis,
1612 2579 1657 2610 ut
1690 2570 1891 2619 videatur,
1924 2571 2140 2624 vestigium
2162 2585 2341 2619 servam,
2375 2571 2623 2624 egrediatur.

1388 2636 1543 2675 Contra
1566 2633 1818 2674 Reichardus
1850 2633 1986 2672 locum
2024 2633 2194 2672 collocat
2231 2646 2361 2686 prope
2393 2636 2476 2688 Cap
2507 2636 2629 2685 Gori,

1388 2696 1502 2750 quod
1525 2697 1592 2735 vix
1618 2695 1817 2735 sexcentis
1836 2694 1887 2734 ab
1917 2694 2142 2748 Elephante
2162 2702 2301 2733 monte
2324 2692 2463 2733 stadiis
2486 2695 2622 2738 distat.

1386 2760 1592 2798 Neutrum
1615 2758 1765 2797 horum
1790 2771 1885 2796 cum
1910 2756 2061 2810 Peripli
2090 2756 2294 2795 mensuris
2321 2756 2526 2797 conciliari
2550 2773 2632 2813 po²

1388 2829 1479 2861 test.
1500 2820 1707 2875 Mosylum
1724 2833 1772 2859 eo
1804 2819 1887 2858 sere
1915 2818 2006 2858 1000
2027 2819 2152 2857 situm
2174 2812 2295 2857 fuisse
2317 2816 2439 2858 debet
2452 2850 2463 2868 ,
2485 2820 2556 2860 ubi
2582 2823 2633 2865 in

1388 2884 1608 2923 novissima
1625 2881 1748 2936 hujus
1761 2895 1842 2921 orae
1851 2880 2126 2935 descriptione
2142 2880 2305 2920 Guesele
2320 2889 2499 2921 notatur.
2518 2885 2542 2922 J
2546 2884 2624 2925 uba

1384 2946 1650 3000 Mossylicum
1686 2958 1822 2998 prom.
1866 2942 2084 2983 confundit
2120 2957 2214 2983 cum
2250 2945 2493 2983 Aromatum
2529 2959 2623 2999 pro·

1386 3010 1618 3056 montori03
1644 3021 1740 3047 nam
1763 3006 1814 3046 ab
1840 3006 1920 3046 hoe
1939 3005 2105 3045 demum
2127 3005 2319 3053 Atlantici
2340 3007 2496 3055 oceani,
2522 3021 2621 3060 qua-

1384 3071 1463 3112 lem
1490 3072 1555 3112 ille
1581 3070 1659 3110 sibi
1683 3069 1875 3122 fingebat,
1906 3069 2071 3108 initium
2102 3068 2207 3107 sumi
2231 3075 2404 3120 poterat.
2428 3068 2619 3109 Ceterum

1384 3136 1460 3174 ista
1481 3137 1503 3174 J
1508 3134 1598 3174 ubae
1620 3132 1876 3185 aliorumque
1906 3131 2047 3184 opinio
2071 3131 2112 3169 in
2136 3143 2256 3168 causa
2279 3128 2369 3177 fuit,
2396 3143 2470 3168 eur
2492 3130 2621 3170 Ptole-

1384 3212 1510 3237 maeus
1528 3196 1793 3250 Mossylicum
1815 3206 1950 3247 prom.
1970 3192 2157 3232 omnium
2173 3191 2616 3245 proeminentissimum
2653 3189 2656 3193 ’

1384 3260 1595 3313 multoque
1614 3258 1740 3309 magis
1756 3270 1879 3309 quam
1907 3254 2106 3307 reliquam
2128 3252 2248 3305 hujus
2271 3266 2352 3291 orae
2370 3260 2527 3305 partem
2545 3253 2619 3294 bo-

1382 3337 1494 3362 ream
1520 3335 1657 3361 versus
1680 3326 1914 3373 porrectum
1933 3330 2018 3355 esse
2044 3322 2252 3362 statueret,
2277 3328 2525 3367 quamquam
2553 3317 2625 3356 in·

1382 3386 1536 3438 signius
1566 3381 1897 3437 promontorium
1918 3379 1960 3417 in
1983 3378 2062 3417 hoe
2087 3377 2205 3416 litore
2224 3384 2283 3416 est
2309 3376 2485 3416 nullum.
2517 3378 2531 3431 ΙΙ
2560 3402 2616 3410 —

1386 3461 1449 3487 11.
1479 3446 1545 3493 εἷς
1570 3441 1930 3496 αὒτὴν]1110[11111
1960 3448 2004 3479 ut
2035 3439 2084 3486 εἰς
2113 3437 2271 3490 αὒτὴνὲ
2304 3439 2389 3492 7,1.
2424 3443 2447 3478 6
2480 3448 2521 3479 et
2548 3440 2616 3494 ἐμ-

1381 3508 1513 3562 πόριον
1541 3506 1725 3553 Ἀκάνναι,
1750 3504 1787 3544 ἐν
1808 3499 1889 3558 ᾗῇ
1912 3516 1975 3541 11.
2001 3502 2016 3555 Η
2035 3526 2091 3532 --
2110 3504 2174 3549 14.
2196 3516 2233 3541 κ.
2248 3503 2339 3555 χρῆ
2353 3515 2415 3555 μα
2434 3502 2616 3554 ]κασσίας

1381 3573 1490 3623 χῦμα
1511 3568 1622 3617 eod.;
1655 3575 1765 3606 recte
1803 3562 1967 3604 emend.
2000 3562 2205 3612 Stuckius,
2228 3576 2478 3616 quamquam
2503 3563 2616 3604 aliter

1381 3632 1543 3672 videtur
1578 3629 1772 3670 Salmasio
1806 3628 1848 3666 in
1883 3628 2055 3666 Exerce.
2091 3626 2197 3666 Plin.
2232 3639 2276 3680 p.
2314 3626 2410 3674 383,
2443 3626 2486 3664 Β.
2520 3627 2534 3678 Η
2558 3651 2613 3656 -

1384 3698 1448 3742 14.
1475 3690 1696 3746 διο]οοἀ.
1723 3691 1816 3744 11-—
1835 3688 1963 3740 ἄλλη
1994 3687 2118 3729 εὖωδ
2135 3688 2208 3742 ία]
2229 3687 2331 3727 ἄλλα
2348 3686 2614 3727 εὖόδιαοοάοκ

1380 3766 1420 3797 et
1438 3756 1553 3797 editt.

1436 3821 1544 3870 511,
1570 3817 1597 3856 l.
1627 3815 1694 3856 25.
1730 3815 2139 3870 παραπλεύσαντι
2172 3812 2310 3865 κτλ.]
2337 3810 2476 3851 Codex
2513 3811 2566 3849 ita
2599 3824 2616 3850 ;,

1382 3879 1454 3920 ἀπὸ
1475 3879 1514 3919 δὲ
1536 3881 1603 3919 τοῦ
1627 3877 1837 3917 Μοσύλλου
1854 3876 2174 3932 παραπλεύσαντα
2194 3873 2288 3929 μετὰ
2304 3872 2370 3911 δύο
2387 3872 2547 3925 δρόμους
2566 3871 2610 3910 τὸ

1380 3943 1592 3996 λεγόμενον
1620 3940 1964 3994 νειλοπτολεμαίου
1986 3939 2050 3979 καὶ
2068 3951 2269 3989 ταπατηγη
2295 3936 2310 3986 (
2328 3934 2411 3986 510)
2432 3932 2495 3972 καὶ
2518 3933 2611 3986 δαφ-

1383 4011 1484 4046 νῶνα
1502 4003 1634 4059 μικρὸν
1655 4003 1719 4043 καὶ
1735 4001 1971 4057 ἀκρωτήριον
1993 4001 2138 4053 ἐλέφας,
2155 3997 2228 4038 ἀπὸ
2245 3996 2418 4046 Ὀπώνης
2432 3993 2481 4042 Εἷς
2498 3995 2613 4035 νόῒΟΨ
