<?xml version="1.0" encoding="UTF-8"?>
<!DOCTYPE html PUBLIC "-//W3C//DTD XHTML 1.0 Transitional//EN"
    "http://www.w3.org/TR/xhtml1/DTD/xhtml1-transitional.dtd">
<html xmlns="http://www.w3.org/1999/xhtml" xml:lang="en" lang="en">
 <head>
  <title>
</title>
<meta http-equiv="Content-Type" content="text/html;charset=utf-8" />
  <meta name='ocr-system' content='tesseract 3.04.00' />
  <meta name='ocr-capabilities' content='ocr_page ocr_carea ocr_par ocr_line ocrx_word'/>
</head>
<body>
  <div class='ocr_page' id='page_1' title='image "./geographigraeci00mueluoft/geographigraeci00mueluoft_0469.png"; bbox 0 0 2808 4342; ppageno 0'>
   <div class='ocr_carea' id='block_1_1' title="bbox 1079 143 1630 193">
    <p class='ocr_par' dir='ltr' id='par_1_1' title="bbox 1079 143 1630 193">
     <span class='ocr_line' id='line_1_1' title="bbox 1079 143 1630 193; baseline 0.007 -5"><span class='ocrx_word' id='word_1_1' title='bbox 1079 143 1370 191; x_wconf 84' lang='lat' dir='ltr'>HISTORIA</span> <span class='ocrx_word' id='word_1_2' title='bbox 1404 146 1630 193; x_wconf 88' lang='lat' dir='ltr'>INDICA.</span> 
     </span>
    </p>
   </div>
   <div class='ocr_carea' id='block_1_2' title="bbox 51 239 1323 792">
    <p class='ocr_par' dir='ltr' id='par_1_2' title="bbox 51 239 1323 792">
     <span class='ocr_line' id='line_1_2' title="bbox 90 239 1319 311; baseline -0.006 -14"><span class='ocrx_word' id='word_1_3' title='bbox 90 250 223 311; x_wconf 80' lang='grc' dir='ltr'>ταμὸν</span> <span class='ocrx_word' id='word_1_4' title='bbox 237 249 307 296; x_wconf 78' lang='grc' dir='ltr'>καὶ</span> <span class='ocrx_word' id='word_1_5' title='bbox 324 246 563 296; x_wconf 81' lang='grc' dir='ltr'>Σιττόκατιν</span> <span class='ocrx_word' id='word_1_6' title='bbox 574 243 646 291; x_wconf 82' lang='grc' dir='ltr'>καὶ</span> <span class='ocrx_word' id='word_1_7' title='bbox 665 239 898 304; x_wconf 74' lang='grc' dir='ltr'>Σολόματιν</span> <span class='ocrx_word' id='word_1_8' title='bbox 913 279 924 301; x_wconf 91' lang='grc'><em>,</em></span> <span class='ocrx_word' id='word_1_9' title='bbox 943 244 1015 289; x_wconf 78' lang='grc' dir='ltr'>καὶ</span> <span class='ocrx_word' id='word_1_10' title='bbox 1029 243 1195 296; x_wconf 82' lang='grc' dir='ltr'>τούτους</span> <span class='ocrx_word' id='word_1_11' title='bbox 1210 248 1319 290; x_wconf 80' lang='grc' dir='ltr'>πλω·</span> 
     </span>
     <span class='ocr_line' id='line_1_3' title="bbox 94 313 1320 384; baseline -0.007 -16"><span class='ocrx_word' id='word_1_12' title='bbox 94 320 200 374; x_wconf 79' lang='grc' dir='ltr'>τούς·</span> <span class='ocrx_word' id='word_1_13' title='bbox 235 318 283 384; x_wconf 75' lang='grc'>(4)</span> <span class='ocrx_word' id='word_1_14' title='bbox 308 317 374 363; x_wconf 78' lang='grc' dir='ltr'>ἐπὶ</span> <span class='ocrx_word' id='word_1_15' title='bbox 406 315 448 361; x_wconf 84' lang='grc' dir='ltr'>δὲ</span> <span class='ocrx_word' id='word_1_16' title='bbox 472 313 738 375; x_wconf 86' lang='grc' dir='ltr'>Κονδοχάτην</span> <span class='ocrx_word' id='word_1_17' title='bbox 762 331 807 358; x_wconf 86' lang='grc' dir='ltr'>τε</span> <span class='ocrx_word' id='word_1_18' title='bbox 829 313 899 359; x_wconf 82' lang='grc' dir='ltr'>καὶ</span> <span class='ocrx_word' id='word_1_19' title='bbox 925 313 1099 373; x_wconf 77' lang='grc' dir='ltr'>Σάμὸον</span> <span class='ocrx_word' id='word_1_20' title='bbox 1122 313 1193 360; x_wconf 78' lang='grc' dir='ltr'>καὶ</span> <span class='ocrx_word' id='word_1_21' title='bbox 1216 314 1320 361; x_wconf 83' lang='grc' dir='ltr'>Μά-</span> 
     </span>
     <span class='ocr_line' id='line_1_4' title="bbox 95 379 1318 452; baseline -0.007 -16"><span class='ocrx_word' id='word_1_22' title='bbox 95 408 207 452; x_wconf 88' lang='grc' dir='ltr'>γωνα</span> <span class='ocrx_word' id='word_1_23' title='bbox 232 386 302 434; x_wconf 81' lang='grc' dir='ltr'>καὶ</span> <span class='ocrx_word' id='word_1_24' title='bbox 330 384 536 447; x_wconf 86' lang='grc' dir='ltr'>Ἀγόρανιν</span> <span class='ocrx_word' id='word_1_25' title='bbox 569 381 641 428; x_wconf 81' lang='grc' dir='ltr'>καὶ</span> <span class='ocrx_word' id='word_1_26' title='bbox 675 379 880 441; x_wconf 87' lang='grc' dir='ltr'>Ὤμαλιν·</span> <span class='ocrx_word' id='word_1_27' title='bbox 913 382 1169 442; x_wconf 72' lang='grc' dir='ltr'>ἐμὸάλλουσι</span> <span class='ocrx_word' id='word_1_28' title='bbox 1208 384 1250 428; x_wconf 82' lang='grc' dir='ltr'>δὲ</span> <span class='ocrx_word' id='word_1_29' title='bbox 1280 385 1318 435; x_wconf 84' lang='grc' dir='ltr'>ἐς</span> 
     </span>
     <span class='ocr_line' id='line_1_5' title="bbox 96 447 1322 513; baseline -0.007 -8"><span class='ocrx_word' id='word_1_30' title='bbox 96 458 216 507; x_wconf 76' lang='grc' dir='ltr'>αὐτὸν</span> <span class='ocrx_word' id='word_1_31' title='bbox 249 447 528 513; x_wconf 76' lang='grc' dir='ltr'>Κομμενᾶσης</span> <span class='ocrx_word' id='word_1_32' title='bbox 560 470 604 497; x_wconf 85' lang='grc' dir='ltr'>τε</span> <span class='ocrx_word' id='word_1_33' title='bbox 638 451 766 511; x_wconf 80' lang='grc' dir='ltr'>μέγας</span> <span class='ocrx_word' id='word_1_34' title='bbox 797 452 982 508; x_wconf 88' lang='grc' dir='ltr'>ποταμὸς</span> <span class='ocrx_word' id='word_1_35' title='bbox 1010 451 1081 497; x_wconf 77' lang='grc' dir='ltr'>καὶ</span> <span class='ocrx_word' id='word_1_36' title='bbox 1117 451 1322 504; x_wconf 82' lang='grc' dir='ltr'>Κάκουθις</span> 
     </span>
     <span class='ocr_line' id='line_1_6' title="bbox 51 519 1320 581; baseline -0.005 -10"><span class='ocrx_word' id='word_1_37' title='bbox 51 542 75 571; x_wconf 77' lang='lat'>5</span> <span class='ocrx_word' id='word_1_38' title='bbox 96 523 166 570; x_wconf 79' lang='grc' dir='ltr'>καὶ</span> <span class='ocrx_word' id='word_1_39' title='bbox 204 521 454 581; x_wconf 85' lang='grc' dir='ltr'>Ἀνδώματις</span> <span class='ocrx_word' id='word_1_40' title='bbox 493 519 533 573; x_wconf 83' lang='grc' dir='ltr'>ἐξ</span> <span class='ocrx_word' id='word_1_41' title='bbox 557 519 686 572; x_wconf 86' lang='grc' dir='ltr'>ἔθνεος</span> <span class='ocrx_word' id='word_1_42' title='bbox 721 519 896 565; x_wconf 79' lang='grc' dir='ltr'>Ἰνδικοῦ</span> <span class='ocrx_word' id='word_1_43' title='bbox 937 524 1006 565; x_wconf 81' lang='grc' dir='ltr'>τοῦ</span> <span class='ocrx_word' id='word_1_44' title='bbox 1034 522 1320 567; x_wconf 81' lang='grc' dir='ltr'>Μαδιανδινῶν</span> 
     </span>
     <span class='ocr_line' id='line_1_7' title="bbox 96 586 1323 654; baseline -0.002 -17"><span class='ocrx_word' id='word_1_45' title='bbox 96 591 208 654; x_wconf 79' lang='grc' dir='ltr'>ῥέων·</span> <span class='ocrx_word' id='word_1_46' title='bbox 236 591 286 652; x_wconf 84' lang='lat'>(5)</span> <span class='ocrx_word' id='word_1_47' title='bbox 309 591 379 637; x_wconf 80' lang='grc' dir='ltr'>κάὶ</span> <span class='ocrx_word' id='word_1_48' title='bbox 411 589 478 636; x_wconf 74' lang='grc' dir='ltr'>ἐπὶ</span> <span class='ocrx_word' id='word_1_49' title='bbox 500 587 699 635; x_wconf 84' lang='grc' dir='ltr'>τούτοισιν</span> <span class='ocrx_word' id='word_1_50' title='bbox 720 586 919 647; x_wconf 84' lang='grc' dir='ltr'>Ἄμυστις</span> <span class='ocrx_word' id='word_1_51' title='bbox 940 590 1055 651; x_wconf 79' lang='grc' dir='ltr'>παρὰ</span> <span class='ocrx_word' id='word_1_52' title='bbox 1085 588 1203 634; x_wconf 87' lang='grc' dir='ltr'>πόλιν</span> <span class='ocrx_word' id='word_1_53' title='bbox 1228 593 1323 636; x_wconf 90' lang='grc' dir='ltr'>Κα-</span> 
     </span>
     <span class='ocr_line' id='line_1_8' title="bbox 94 657 1321 719; baseline -0.002 -13"><span class='ocrx_word' id='word_1_54' title='bbox 94 659 300 715; x_wconf 85' lang='grc' dir='ltr'>ταδούπην</span> <span class='ocrx_word' id='word_1_55' title='bbox 313 697 324 718; x_wconf 88' lang='grc'><strong>,</strong></span> <span class='ocrx_word' id='word_1_56' title='bbox 346 659 415 705; x_wconf 85' lang='grc' dir='ltr'>καὶ</span> <span class='ocrx_word' id='word_1_57' title='bbox 434 657 660 719; x_wconf 83' lang='grc' dir='ltr'>Ὀξύμαγις</span> <span class='ocrx_word' id='word_1_58' title='bbox 676 657 743 703; x_wconf 79' lang='grc' dir='ltr'>ἐπὶ</span> <span class='ocrx_word' id='word_1_59' title='bbox 764 657 1003 710; x_wconf 86' lang='grc' dir='ltr'>Παζάλαισι</span> <span class='ocrx_word' id='word_1_60' title='bbox 1020 657 1321 717; x_wconf 81' lang='grc' dir='ltr'>καλεομένοισι,</span> 
     </span>
     <span class='ocr_line' id='line_1_9' title="bbox 94 725 1321 792; baseline -0.002 -17"><span class='ocrx_word' id='word_1_61' title='bbox 94 729 165 775; x_wconf 76' lang='grc' dir='ltr'>καὶ</span> <span class='ocrx_word' id='word_1_62' title='bbox 183 728 416 792; x_wconf 83' lang='grc' dir='ltr'>Ἐρρένυσις</span> <span class='ocrx_word' id='word_1_63' title='bbox 448 729 488 772; x_wconf 79' lang='grc' dir='ltr'>ἐν</span> <span class='ocrx_word' id='word_1_64' title='bbox 506 727 716 773; x_wconf 85' lang='grc' dir='ltr'>Μάθαισιν</span> <span class='ocrx_word' id='word_1_65' title='bbox 730 760 743 782; x_wconf 90' lang='grc'>,</span> <span class='ocrx_word' id='word_1_66' title='bbox 765 725 870 771; x_wconf 85' lang='grc' dir='ltr'>ἔθνεϊ</span> <span class='ocrx_word' id='word_1_67' title='bbox 894 726 1070 789; x_wconf 80' lang='grc' dir='ltr'>Ἰνδικῷ,</span> <span class='ocrx_word' id='word_1_68' title='bbox 1095 727 1321 786; x_wconf 73' lang='grc' dir='ltr'>ξυμὸάλλει</span> 
     </span>
    </p>
   </div>
   <div class='ocr_carea' id='block_1_3' title="bbox 36 908 1353 4002">
    <p class='ocr_par' dir='ltr' id='par_1_3' title="bbox 36 908 1353 4002">
     <span class='ocr_line' id='line_1_10' title="bbox 93 908 1328 963; baseline -0.003 -10"><span class='ocrx_word' id='word_1_69' title='bbox 93 915 315 963; x_wconf 78' lang='lat' dir='ltr'>Cosoagum</span> <span class='ocrx_word' id='word_1_70' title='bbox 329 910 506 959; x_wconf 85' lang='lat' dir='ltr'>Plinius;</span> <span class='ocrx_word' id='word_1_71' title='bbox 521 909 716 949; x_wconf 88' lang='lat' dir='ltr'>sanserite</span> <span class='ocrx_word' id='word_1_72' title='bbox 734 908 952 957; x_wconf 81' lang='lat' dir='ltr'>Caucisim,</span> <span class='ocrx_word' id='word_1_73' title='bbox 971 917 1018 949; x_wconf 90' lang='lat' dir='ltr'>ut</span> <span class='ocrx_word' id='word_1_74' title='bbox 1029 917 1198 949; x_wconf 88' lang='lat' dir='ltr'>censent</span> <span class='ocrx_word' id='word_1_75' title='bbox 1215 909 1328 951; x_wconf 90' lang='lat' dir='ltr'>Wil-</span> 
     </span>
     <span class='ocr_line' id='line_1_11' title="bbox 95 971 1327 1026; baseline -0.001 -13"><span class='ocrx_word' id='word_1_76' title='bbox 95 972 254 1014; x_wconf 85' lang='lat' dir='ltr'>fordius</span> <span class='ocrx_word' id='word_1_77' title='bbox 284 973 397 1026; x_wconf 80' lang='lat' dir='ltr'>(As.</span> <span class='ocrx_word' id='word_1_78' title='bbox 432 975 522 1013; x_wconf 78' lang='lat' dir='ltr'>Res.</span> <span class='ocrx_word' id='word_1_79' title='bbox 546 973 604 1022; x_wconf 90' lang='lat' dir='ltr'>V,</span> <span class='ocrx_word' id='word_1_80' title='bbox 633 985 677 1026; x_wconf 93' lang='lat' dir='ltr'>p.</span> <span class='ocrx_word' id='word_1_81' title='bbox 707 972 823 1024; x_wconf 85' lang='grc'>272)</span> <span class='ocrx_word' id='word_1_82' title='bbox 857 979 897 1010; x_wconf 90' lang='lat' dir='ltr'>et</span> <span class='ocrx_word' id='word_1_83' title='bbox 928 971 1172 1024; x_wconf 87' lang='lat' dir='ltr'>Schlegelius</span> <span class='ocrx_word' id='word_1_84' title='bbox 1195 972 1210 1024; x_wconf 94' lang='lat'>(</span> <span class='ocrx_word' id='word_1_85' title='bbox 1234 971 1327 1012; x_wconf 79' lang='lat' dir='ltr'>lad.</span> 
     </span>
     <span class='ocr_line' id='line_1_12' title="bbox 96 1031 1331 1092; baseline -0.002 -16"><span class='ocrx_word' id='word_1_86' title='bbox 96 1034 205 1076; x_wconf 84' lang='lat' dir='ltr'>Bibl.</span> <span class='ocrx_word' id='word_1_87' title='bbox 233 1037 289 1084; x_wconf 94' lang='lat' dir='ltr'>II,</span> <span class='ocrx_word' id='word_1_88' title='bbox 310 1049 353 1092; x_wconf 90' lang='lat' dir='ltr'>p.</span> <span class='ocrx_word' id='word_1_89' title='bbox 393 1037 472 1083; x_wconf 87' lang='grc'>402</span> <span class='ocrx_word' id='word_1_90' title='bbox 493 1033 525 1089; x_wconf 90' lang='grc'>).</span> <span class='ocrx_word' id='word_1_91' title='bbox 546 1032 615 1074; x_wconf 93' lang='lat' dir='ltr'>Ad</span> <span class='ocrx_word' id='word_1_92' title='bbox 650 1047 742 1087; x_wconf 87' lang='lat' dir='ltr'>quae</span> <span class='ocrx_word' id='word_1_93' title='bbox 772 1031 1115 1074; x_wconf 90' lang='lat' dir='ltr'>Schwanbeckius</span> <span class='ocrx_word' id='word_1_94' title='bbox 1146 1045 1155 1073; x_wconf 92' lang='lat'><strong>:</strong></span> <span class='ocrx_word' id='word_1_95' title='bbox 1188 1049 1203 1070; x_wconf 95' lang='lat'>«</span> <span class='ocrx_word' id='word_1_96' title='bbox 1236 1033 1331 1073; x_wconf 92' lang='lat' dir='ltr'>Non</span> 
     </span>
     <span class='ocr_line' id='line_1_13' title="bbox 94 1094 1332 1152; baseline -0.002 -14"><span class='ocrx_word' id='word_1_97' title='bbox 94 1097 222 1138; x_wconf 89' lang='lat' dir='ltr'>modo</span> <span class='ocrx_word' id='word_1_98' title='bbox 242 1097 428 1152; x_wconf 89' lang='lat' dir='ltr'>propius,</span> <span class='ocrx_word' id='word_1_99' title='bbox 447 1095 519 1136; x_wconf 91' lang='lat' dir='ltr'>sed</span> <span class='ocrx_word' id='word_1_100' title='bbox 535 1096 660 1136; x_wconf 89' lang='lat' dir='ltr'>etiam</span> <span class='ocrx_word' id='word_1_101' title='bbox 681 1094 984 1135; x_wconf 82' lang='lat' dir='ltr'><strong>accuratissime</strong></span> <span class='ocrx_word' id='word_1_102' title='bbox 999 1095 1158 1136; x_wconf 89' lang='lat' dir='ltr'>nomini</span> <span class='ocrx_word' id='word_1_103' title='bbox 1183 1096 1332 1136; x_wconf 90' lang='lat' dir='ltr'>Cosoa-</span> 
     </span>
     <span class='ocr_line' id='line_1_14' title="bbox 97 1156 1334 1214; baseline -0.001 -15"><span class='ocrx_word' id='word_1_104' title='bbox 97 1173 171 1213; x_wconf 89' lang='lat' dir='ltr'>gus</span> <span class='ocrx_word' id='word_1_105' title='bbox 190 1158 458 1214; x_wconf 84' lang='lat' dir='ltr'>responderet</span> <span class='ocrx_word' id='word_1_106' title='bbox 480 1158 726 1198; x_wconf 85' lang='lat' dir='ltr'>sanseritum</span> <span class='ocrx_word' id='word_1_107' title='bbox 750 1157 832 1198; x_wconf 73' lang='lat'>065¹</span> <span class='ocrx_word' id='word_1_108' title='bbox 861 1156 1014 1207; x_wconf 76' lang='lat' dir='ltr'>ava‘lza,</span> <span class='ocrx_word' id='word_1_109' title='bbox 1039 1158 1069 1198; x_wconf 90' lang='lat' dir='ltr'>i.</span> <span class='ocrx_word' id='word_1_110' title='bbox 1091 1172 1129 1198; x_wconf 88' lang='lat' dir='ltr'>e.</span> <span class='ocrx_word' id='word_1_111' title='bbox 1151 1158 1334 1214; x_wconf 84' lang='grc' dir='ltr'>θησαυρο-</span> 
     </span>
     <span class='ocr_line' id='line_1_15' title="bbox 96 1218 1332 1276; baseline -0.002 -15"><span class='ocrx_word' id='word_1_112' title='bbox 96 1222 224 1276; x_wconf 80' lang='grc' dir='ltr'>φόρος,</span> <span class='ocrx_word' id='word_1_113' title='bbox 242 1220 355 1275; x_wconf 92' lang='lat' dir='ltr'>quod</span> <span class='ocrx_word' id='word_1_114' title='bbox 370 1235 522 1261; x_wconf 91' lang='lat' dir='ltr'>nomen</span> <span class='ocrx_word' id='word_1_115' title='bbox 535 1219 646 1260; x_wconf 93' lang='lat' dir='ltr'>idem</span> <span class='ocrx_word' id='word_1_116' title='bbox 664 1218 909 1273; x_wconf 88' lang='lat' dir='ltr'>significaret</span> <span class='ocrx_word' id='word_1_117' title='bbox 925 1227 1048 1274; x_wconf 88' lang='lat' dir='ltr'>atque</span> <span class='ocrx_word' id='word_1_118' title='bbox 1061 1219 1332 1273; x_wconf 76' lang='lat' dir='ltr'>hiran&#39;javd-</span> 
     </span>
     <span class='ocr_line' id='line_1_16' title="bbox 98 1280 1334 1339; baseline -0.001 -16"><span class='ocrx_word' id='word_1_119' title='bbox 98 1283 166 1332; x_wconf 85' lang='grc' dir='ltr'>Ιια,</span> <span class='ocrx_word' id='word_1_120' title='bbox 186 1282 392 1339; x_wconf 59' lang='grc' dir='ltr'>(ξόηωφιε</span> <span class='ocrx_word' id='word_1_121' title='bbox 407 1296 638 1335; x_wconf 84' lang='lat' dir='ltr'>cognomen</span> <span class='ocrx_word' id='word_1_122' title='bbox 652 1291 739 1322; x_wconf 85' lang='lat' dir='ltr'>non</span> <span class='ocrx_word' id='word_1_123' title='bbox 753 1281 891 1321; x_wconf 91' lang='lat' dir='ltr'>minus</span> <span class='ocrx_word' id='word_1_124' title='bbox 903 1289 1047 1335; x_wconf 90' lang='lat' dir='ltr'>aptum</span> <span class='ocrx_word' id='word_1_125' title='bbox 1063 1280 1182 1322; x_wconf 83' lang='lat' dir='ltr'>foret.</span> <span class='ocrx_word' id='word_1_126' title='bbox 1197 1283 1334 1333; x_wconf 90' lang='lat' dir='ltr'>Quam</span> 
     </span>
     <span class='ocr_line' id='line_1_17' title="bbox 95 1342 1334 1398; baseline -0.002 -13"><span class='ocrx_word' id='word_1_127' title='bbox 95 1343 377 1398; x_wconf 86' lang='lat' dir='ltr'>conjecturam</span> <span class='ocrx_word' id='word_1_128' title='bbox 386 1344 566 1384; x_wconf 90' lang='lat' dir='ltr'>nominis</span> <span class='ocrx_word' id='word_1_129' title='bbox 578 1342 789 1384; x_wconf 88' lang='lat' dir='ltr'>collocatio</span> <span class='ocrx_word' id='word_1_130' title='bbox 801 1342 1032 1394; x_wconf 86' lang='lat' dir='ltr'>confirmat,</span> <span class='ocrx_word' id='word_1_131' title='bbox 1047 1357 1178 1397; x_wconf 91' lang='lat' dir='ltr'>quum</span> <span class='ocrx_word' id='word_1_132' title='bbox 1190 1357 1334 1383; x_wconf 82' lang='lat' dir='ltr'>vocem</span> 
     </span>
     <span class='ocr_line' id='line_1_18' title="bbox 97 1404 1335 1459; baseline -0.001 -12"><span class='ocrx_word' id='word_1_133' title='bbox 97 1407 306 1459; x_wconf 87' lang='lat' dir='ltr'>Cosoagus</span> <span class='ocrx_word' id='word_1_134' title='bbox 323 1414 364 1446; x_wconf 89' lang='lat' dir='ltr'>et</span> <span class='ocrx_word' id='word_1_135' title='bbox 385 1405 585 1446; x_wconf 87' lang='lat' dir='ltr'>Arrianus</span> <span class='ocrx_word' id='word_1_136' title='bbox 618 1413 658 1445; x_wconf 89' lang='lat' dir='ltr'>et</span> <span class='ocrx_word' id='word_1_137' title='bbox 697 1404 854 1446; x_wconf 84' lang='lat' dir='ltr'>Plinius</span> <span class='ocrx_word' id='word_1_138' title='bbox 877 1405 984 1446; x_wconf 88' lang='lat' dir='ltr'>inter</span> <span class='ocrx_word' id='word_1_139' title='bbox 1007 1419 1126 1446; x_wconf 88' lang='lat' dir='ltr'>voces</span> <span class='ocrx_word' id='word_1_140' title='bbox 1148 1404 1276 1452; x_wconf 85' lang='grc' dir='ltr'>Σῶνος</span> <span class='ocrx_word' id='word_1_141' title='bbox 1295 1414 1335 1446; x_wconf 90' lang='lat' dir='ltr'>ct</span> 
     </span>
     <span class='ocr_line' id='line_1_19' title="bbox 103 1466 1335 1522; baseline 0.002 -15"><span class='ocrx_word' id='word_1_142' title='bbox 103 1466 360 1522; x_wconf 73' lang='grc' dir='ltr'>Ἐραννοόόας</span> <span class='ocrx_word' id='word_1_143' title='bbox 398 1466 701 1508; x_wconf 78' lang='lat' dir='ltr'>collocaverint.</span> <span class='ocrx_word' id='word_1_144' title='bbox 746 1487 763 1503; x_wconf 72' lang='lat' dir='ltr'>x·</span> <span class='ocrx_word' id='word_1_145' title='bbox 800 1469 1041 1509; x_wconf 85' lang='lat' dir='ltr'>Mannertus</span> <span class='ocrx_word' id='word_1_146' title='bbox 1081 1469 1335 1515; x_wconf 80' lang='lat' dir='ltr'>Cossoanurn</span> 
     </span>
     <span class='ocr_line' id='line_1_20' title="bbox 93 1528 1334 1584; baseline 0.001 -13"><span class='ocrx_word' id='word_1_147' title='bbox 93 1544 186 1571; x_wconf 82' lang='lat' dir='ltr'>esse</span> <span class='ocrx_word' id='word_1_148' title='bbox 203 1537 341 1570; x_wconf 89' lang='lat' dir='ltr'>censet</span> <span class='ocrx_word' id='word_1_149' title='bbox 358 1528 459 1569; x_wconf 92' lang='lat' dir='ltr'>hod.</span> <span class='ocrx_word' id='word_1_150' title='bbox 488 1529 579 1569; x_wconf 77' lang='lat' dir='ltr'>Cosi</span> <span class='ocrx_word' id='word_1_151' title='bbox 594 1529 657 1569; x_wconf 88' lang='lat' dir='ltr'>vel</span> <span class='ocrx_word' id='word_1_152' title='bbox 678 1528 796 1582; x_wconf 67' lang='grc' dir='ltr'><em>Κόρί,</em></span> <span class='ocrx_word' id='word_1_153' title='bbox 815 1528 1045 1584; x_wconf 89' lang='lat' dir='ltr'>eodemque</span> <span class='ocrx_word' id='word_1_154' title='bbox 1067 1530 1194 1570; x_wconf 89' lang='lat' dir='ltr'>modo</span> <span class='ocrx_word' id='word_1_155' title='bbox 1212 1531 1334 1573; x_wconf 89' lang='lat' dir='ltr'>etiarn</span> 
     </span>
     <span class='ocr_line' id='line_1_21' title="bbox 73 1590 1335 1648; baseline -0.002 -12"><span class='ocrx_word' id='word_1_156' title='bbox 73 1603 79 1610; x_wconf 85' lang='lat'><strong>&#39;</strong></span> <span class='ocrx_word' id='word_1_157' title='bbox 97 1595 251 1636; x_wconf 81' lang='lat' dir='ltr'>Lassen</span> <span class='ocrx_word' id='word_1_158' title='bbox 265 1594 404 1635; x_wconf 77' lang='lat' dir='ltr'>statuit</span> <span class='ocrx_word' id='word_1_159' title='bbox 429 1592 556 1648; x_wconf 80' lang='lat' dir='ltr'>(Iud.</span> <span class='ocrx_word' id='word_1_160' title='bbox 575 1591 667 1633; x_wconf 87' lang='lat' dir='ltr'>Alt.</span> <span class='ocrx_word' id='word_1_161' title='bbox 680 1593 716 1641; x_wconf 90' lang='lat' dir='ltr'>I,</span> <span class='ocrx_word' id='word_1_162' title='bbox 736 1605 779 1646; x_wconf 91' lang='lat' dir='ltr'>p.</span> <span class='ocrx_word' id='word_1_163' title='bbox 802 1590 898 1644; x_wconf 84' lang='lat'>59),</span> <span class='ocrx_word' id='word_1_164' title='bbox 923 1606 1077 1632; x_wconf 90' lang='lat' dir='ltr'>nomen</span> <span class='ocrx_word' id='word_1_165' title='bbox 1091 1594 1335 1633; x_wconf 88' lang='lat' dir='ltr'>sanseritum</span> 
     </span>
     <span class='ocr_line' id='line_1_22' title="bbox 103 1652 1335 1711; baseline -0.002 -14"><span class='ocrx_word' id='word_1_166' title='bbox 103 1655 279 1697; x_wconf 85' lang='lat' dir='ltr'>afferens</span> <span class='ocrx_word' id='word_1_167' title='bbox 300 1654 495 1711; x_wconf 67' lang='lat' dir='ltr'>Kauciki.</span> <span class='ocrx_word' id='word_1_168' title='bbox 527 1654 543 1708; x_wconf 79' lang='grc' dir='ltr'>ΙΙ</span> <span class='ocrx_word' id='word_1_169' title='bbox 569 1677 628 1684; x_wconf 93' lang='grc'>-</span> <span class='ocrx_word' id='word_1_170' title='bbox 662 1653 731 1693; x_wconf 85' lang='grc'>23.</span> <span class='ocrx_word' id='word_1_171' title='bbox 762 1652 950 1706; x_wconf 87' lang='grc' dir='ltr'>Σῶνος]</span> <span class='ocrx_word' id='word_1_172' title='bbox 975 1652 1077 1695; x_wconf 90' lang='lat' dir='ltr'>hod.</span> <span class='ocrx_word' id='word_1_173' title='bbox 1095 1657 1213 1704; x_wconf 84' lang='lat' dir='ltr'>Sone3</span> <span class='ocrx_word' id='word_1_174' title='bbox 1242 1669 1335 1694; x_wconf 87' lang='lat' dir='ltr'>san-</span> 
     </span>
     <span class='ocr_line' id='line_1_23' title="bbox 95 1714 1335 1772; baseline -0.002 -14"><span class='ocrx_word' id='word_1_175' title='bbox 95 1718 221 1758; x_wconf 85' lang='lat' dir='ltr'>serite</span> <span class='ocrx_word' id='word_1_176' title='bbox 240 1720 360 1772; x_wconf 67' lang='grc' dir='ltr'>ζῖοηα.</span> <span class='ocrx_word' id='word_1_177' title='bbox 385 1736 401 1752; x_wconf 78' lang='lat'>‹-</span> <span class='ocrx_word' id='word_1_178' title='bbox 414 1715 529 1772; x_wconf 58' lang='lat' dir='ltr'>(jona</span> <span class='ocrx_word' id='word_1_179' title='bbox 544 1714 739 1755; x_wconf 89' lang='lat' dir='ltr'>bedeutet</span> <span class='ocrx_word' id='word_1_180' title='bbox 752 1714 1099 1765; x_wconf 86' lang='lat' dir='ltr'>karmoisinroth;</span> <span class='ocrx_word' id='word_1_181' title='bbox 1114 1730 1156 1755; x_wconf 88' lang='lat' dir='ltr'>es</span> <span class='ocrx_word' id='word_1_182' title='bbox 1168 1716 1220 1755; x_wconf 92' lang='lat' dir='ltr'>ist</span> <span class='ocrx_word' id='word_1_183' title='bbox 1236 1730 1335 1755; x_wconf 92' lang='lat' dir='ltr'>con-</span> 
     </span>
     <span class='ocr_line' id='line_1_24' title="bbox 100 1775 1335 1832; baseline -0.003 -11"><span class='ocrx_word' id='word_1_184' title='bbox 100 1780 248 1821; x_wconf 89' lang='lat' dir='ltr'>trahirt</span> <span class='ocrx_word' id='word_1_185' title='bbox 280 1794 352 1820; x_wconf 91' lang='lat' dir='ltr'>aus</span> <span class='ocrx_word' id='word_1_186' title='bbox 384 1791 582 1826; x_wconf 80' lang='lat' dir='ltr'>suvarna,</span> <span class='ocrx_word' id='word_1_187' title='bbox 612 1775 762 1830; x_wconf 90' lang='lat' dir='ltr'>golden</span> <span class='ocrx_word' id='word_1_188' title='bbox 784 1775 1165 1832; x_wconf 77' lang='lat' dir='ltr'>(suvanna-sona).</span> <span class='ocrx_word' id='word_1_189' title='bbox 1193 1793 1209 1815; x_wconf 90' lang='lat'>»</span> <span class='ocrx_word' id='word_1_190' title='bbox 1232 1779 1335 1818; x_wconf 83' lang='lat' dir='ltr'>LAs-</span> 
     </span>
     <span class='ocr_line' id='line_1_25' title="bbox 98 1837 1338 1895; baseline -0.002 -13"><span class='ocrx_word' id='word_1_191' title='bbox 98 1856 193 1882; x_wconf 73' lang='lat' dir='ltr'>SEN-</span> <span class='ocrx_word' id='word_1_192' title='bbox 217 1841 245 1881; x_wconf 90' lang='lat' dir='ltr'>l.</span> <span class='ocrx_word' id='word_1_193' title='bbox 263 1840 291 1881; x_wconf 95' lang='lat' dir='ltr'>l.</span> <span class='ocrx_word' id='word_1_194' title='bbox 315 1841 405 1895; x_wconf 79' lang='grc'>11-</span> <span class='ocrx_word' id='word_1_195' title='bbox 423 1853 461 1880; x_wconf 88' lang='lat'>1.</span> <span class='ocrx_word' id='word_1_196' title='bbox 482 1839 823 1894; x_wconf 84' lang='grc' dir='ltr'>Σιττόκατιν]</span> <span class='ocrx_word' id='word_1_197' title='bbox 844 1838 1085 1878; x_wconf 79' lang='grc' dir='ltr'>Σιττόκεστιν</span> <span class='ocrx_word' id='word_1_198' title='bbox 1102 1837 1196 1878; x_wconf 92' lang='lat' dir='ltr'>cod.</span> <span class='ocrx_word' id='word_1_199' title='bbox 1217 1840 1267 1889; x_wconf 90' lang='lat' dir='ltr'>L,</span> <span class='ocrx_word' id='word_1_200' title='bbox 1290 1848 1338 1879; x_wconf 90' lang='lat' dir='ltr'>ut</span> 
     </span>
     <span class='ocr_line' id='line_1_26' title="bbox 95 1900 1336 1954; baseline -0.004 -9"><span class='ocrx_word' id='word_1_201' title='bbox 95 1903 336 1946; x_wconf 85' lang='lat' dir='ltr'>Gronovius</span> <span class='ocrx_word' id='word_1_202' title='bbox 351 1901 491 1943; x_wconf 83' lang='lat' dir='ltr'>refert.</span> <span class='ocrx_word' id='word_1_203' title='bbox 508 1903 559 1943; x_wconf 92' lang='lat' dir='ltr'>In</span> <span class='ocrx_word' id='word_1_204' title='bbox 578 1903 633 1942; x_wconf 90' lang='lat' dir='ltr'>D.</span> <span class='ocrx_word' id='word_1_205' title='bbox 649 1901 775 1942; x_wconf 84' lang='lat' dir='ltr'>verba</span> <span class='ocrx_word' id='word_1_206' title='bbox 792 1900 1020 1941; x_wconf 73' lang='grc' dir='ltr'>καὶΣιττοκ.</span> <span class='ocrx_word' id='word_1_207' title='bbox 1043 1901 1208 1941; x_wconf 91' lang='lat' dir='ltr'>omissa.</span> <span class='ocrx_word' id='word_1_208' title='bbox 1231 1902 1336 1954; x_wconf 86' lang='lat' dir='ltr'>Qui-</span> 
     </span>
     <span class='ocr_line' id='line_1_27' title="bbox 99 1962 1338 2018; baseline -0.003 -11"><span class='ocrx_word' id='word_1_209' title='bbox 99 1981 196 2008; x_wconf 88' lang='lat' dir='ltr'>nam</span> <span class='ocrx_word' id='word_1_210' title='bbox 225 1966 292 2017; x_wconf 88' lang='lat' dir='ltr'>sit,</span> <span class='ocrx_word' id='word_1_211' title='bbox 328 1966 535 2016; x_wconf 84' lang='lat' dir='ltr'>nescitur3</span> <span class='ocrx_word' id='word_1_212' title='bbox 567 1963 736 2005; x_wconf 88' lang='lat' dir='ltr'>fortasse</span> <span class='ocrx_word' id='word_1_213' title='bbox 774 1962 1001 2004; x_wconf 88' lang='lat' dir='ltr'>hodiernus</span> <span class='ocrx_word' id='word_1_214' title='bbox 1029 1962 1132 2004; x_wconf 77' lang='lat' dir='ltr'>sind</span> <span class='ocrx_word' id='word_1_215' title='bbox 1142 1995 1154 2012; x_wconf 90' lang='lat'>,</span> <span class='ocrx_word' id='word_1_216' title='bbox 1187 1964 1258 2018; x_wconf 92' lang='lat' dir='ltr'>qui</span> <span class='ocrx_word' id='word_1_217' title='bbox 1294 1964 1338 2004; x_wconf 91' lang='lat' dir='ltr'>in</span> 
     </span>
     <span class='ocr_line' id='line_1_28' title="bbox 99 2024 1338 2084; baseline -0.003 -15"><span class='ocrx_word' id='word_1_218' title='bbox 99 2029 298 2084; x_wconf 40' lang='lat' dir='ltr'>&lt;Djumma</span> <span class='ocrx_word' id='word_1_219' title='bbox 326 2028 490 2077; x_wconf 91' lang='lat' dir='ltr'>influit,</span> <span class='ocrx_word' id='word_1_220' title='bbox 514 2034 563 2067; x_wconf 88' lang='lat' dir='ltr'>ut</span> <span class='ocrx_word' id='word_1_221' title='bbox 591 2024 759 2081; x_wconf 85' lang='lat' dir='ltr'>conjicit</span> <span class='ocrx_word' id='word_1_222' title='bbox 774 2027 1031 2066; x_wconf 87' lang='lat' dir='ltr'>Mannertus.</span> <span class='ocrx_word' id='word_1_223' title='bbox 1067 2026 1083 2079; x_wconf 78' lang='grc' dir='ltr'>ΙΙ</span> <span class='ocrx_word' id='word_1_224' title='bbox 1103 2050 1159 2056; x_wconf 91' lang='grc'>-</span> <span class='ocrx_word' id='word_1_225' title='bbox 1178 2039 1216 2066; x_wconf 94' lang='lat'>1.</span> <span class='ocrx_word' id='word_1_226' title='bbox 1251 2025 1338 2065; x_wconf 91' lang='grc' dir='ltr'>Σο-</span> 
     </span>
     <span class='ocr_line' id='line_1_29' title="bbox 98 2085 1338 2146; baseline -0.001 -16"><span class='ocrx_word' id='word_1_227' title='bbox 98 2090 160 2130; x_wconf 85' lang='grc' dir='ltr'>λό</span> <span class='ocrx_word' id='word_1_228' title='bbox 174 2106 315 2146; x_wconf 85' lang='grc' dir='ltr'>ματις</span> <span class='ocrx_word' id='word_1_229' title='bbox 334 2092 349 2145; x_wconf 94' lang='grc'>]</span> <span class='ocrx_word' id='word_1_230' title='bbox 374 2091 472 2131; x_wconf 90' lang='lat' dir='ltr'>item</span> <span class='ocrx_word' id='word_1_231' title='bbox 494 2089 688 2142; x_wconf 83' lang='lat' dir='ltr'>ignotus3</span> <span class='ocrx_word' id='word_1_232' title='bbox 714 2086 815 2128; x_wconf 93' lang='lat' dir='ltr'>hod.</span> <span class='ocrx_word' id='word_1_233' title='bbox 840 2086 941 2127; x_wconf 63' lang='lat' dir='ltr'>Sada·</span> <span class='ocrx_word' id='word_1_234' title='bbox 962 2087 1006 2127; x_wconf 90' lang='lat' dir='ltr'>in</span> <span class='ocrx_word' id='word_1_235' title='bbox 1022 2085 1219 2141; x_wconf 91' lang='lat' dir='ltr'>Djumma</span> <span class='ocrx_word' id='word_1_236' title='bbox 1240 2089 1338 2129; x_wconf 90' lang='lat' dir='ltr'>item</span> 
     </span>
     <span class='ocr_line' id='line_1_30' title="bbox 100 2148 1337 2207; baseline -0.003 -13"><span class='ocrx_word' id='word_1_237' title='bbox 100 2153 293 2204; x_wconf 77' lang='lat' dir='ltr'>influens,</span> <span class='ocrx_word' id='word_1_238' title='bbox 306 2160 353 2193; x_wconf 90' lang='lat' dir='ltr'>ut</span> <span class='ocrx_word' id='word_1_239' title='bbox 366 2158 483 2207; x_wconf 89' lang='lat' dir='ltr'>putat</span> <span class='ocrx_word' id='word_1_240' title='bbox 495 2152 756 2199; x_wconf 88' lang='lat' dir='ltr'>Mannertus,</span> <span class='ocrx_word' id='word_1_241' title='bbox 775 2163 922 2204; x_wconf 88' lang='lat' dir='ltr'>parum</span> <span class='ocrx_word' id='word_1_242' title='bbox 936 2148 1219 2203; x_wconf 87' lang='lat' dir='ltr'>probabiliter.</span> <span class='ocrx_word' id='word_1_243' title='bbox 1231 2151 1337 2190; x_wconf 91' lang='lat' dir='ltr'>Ben-</span> 
     </span>
     <span class='ocr_line' id='line_1_31' title="bbox 101 2210 1337 2272; baseline -0.004 -15"><span class='ocrx_word' id='word_1_244' title='bbox 101 2216 216 2272; x_wconf 83' lang='lat' dir='ltr'>seyus</span> <span class='ocrx_word' id='word_1_245' title='bbox 234 2217 262 2256; x_wconf 95' lang='lat' dir='ltr'>l.</span> <span class='ocrx_word' id='word_1_246' title='bbox 278 2216 307 2256; x_wconf 89' lang='lat' dir='ltr'>l.</span> <span class='ocrx_word' id='word_1_247' title='bbox 325 2228 368 2270; x_wconf 69' lang='lat' dir='ltr'>p‘.</span> <span class='ocrx_word' id='word_1_248' title='bbox 391 2218 416 2263; x_wconf 91' lang='grc'>4</span> <span class='ocrx_word' id='word_1_249' title='bbox 444 2214 613 2254; x_wconf 82' lang='lat' dir='ltr'>fortasse</span> <span class='ocrx_word' id='word_1_250' title='bbox 639 2210 954 2265; x_wconf 90' lang='lat' dir='ltr'>intelligendum</span> <span class='ocrx_word' id='word_1_251' title='bbox 972 2219 1109 2251; x_wconf 90' lang='lat' dir='ltr'>censet</span> <span class='ocrx_word' id='word_1_252' title='bbox 1138 2211 1337 2252; x_wconf 90' lang='lat' dir='ltr'>celebrem</span> 
     </span>
     <span class='ocr_line' id='line_1_32' title="bbox 104 2272 1338 2329; baseline -0.005 -11"><span class='ocrx_word' id='word_1_253' title='bbox 104 2279 147 2317; x_wconf 92' lang='lat' dir='ltr'>in</span> <span class='ocrx_word' id='word_1_254' title='bbox 160 2278 364 2318; x_wconf 89' lang='lat' dir='ltr'>Indorum</span> <span class='ocrx_word' id='word_1_255' title='bbox 383 2275 531 2316; x_wconf 88' lang='lat' dir='ltr'>fabulis</span> <span class='ocrx_word' id='word_1_256' title='bbox 550 2273 768 2315; x_wconf 81' lang='lat' dir='ltr'>Sarasvati</span> <span class='ocrx_word' id='word_1_257' title='bbox 790 2272 1032 2329; x_wconf 86' lang='lat' dir='ltr'>(literarum</span> <span class='ocrx_word' id='word_1_258' title='bbox 1051 2286 1074 2312; x_wconf 85' lang='lat' dir='ltr'>r</span> <span class='ocrx_word' id='word_1_259' title='bbox 1088 2280 1128 2312; x_wconf 89' lang='lat' dir='ltr'>et</span> <span class='ocrx_word' id='word_1_260' title='bbox 1144 2273 1161 2312; x_wconf 91' lang='lat' dir='ltr'><em>l</em></span> <span class='ocrx_word' id='word_1_261' title='bbox 1171 2287 1338 2327; x_wconf 90' lang='lat' dir='ltr'>permu-</span> 
     </span>
     <span class='ocr_line' id='line_1_33' title="bbox 100 2334 1335 2394; baseline -0.006 -13"><span class='ocrx_word' id='word_1_262' title='bbox 100 2341 300 2380; x_wconf 69' lang='lat' dir='ltr'>tationem</span> <span class='ocrx_word' id='word_1_263' title='bbox 314 2347 406 2394; x_wconf 89' lang='lat' dir='ltr'>apte</span> <span class='ocrx_word' id='word_1_264' title='bbox 426 2351 545 2393; x_wconf 90' lang='lat' dir='ltr'>posse</span> <span class='ocrx_word' id='word_1_265' title='bbox 566 2335 759 2391; x_wconf 84' lang='lat' dir='ltr'>explicari</span> <span class='ocrx_word' id='word_1_266' title='bbox 775 2334 810 2390; x_wconf 90' lang='lat'>),</span> <span class='ocrx_word' id='word_1_267' title='bbox 828 2334 952 2375; x_wconf 92' lang='lat' dir='ltr'>hodie</span> <span class='ocrx_word' id='word_1_268' title='bbox 969 2334 1151 2375; x_wconf 81' lang='lat' dir='ltr'>Sarsooti</span> <span class='ocrx_word' id='word_1_269' title='bbox 1162 2334 1335 2386; x_wconf 92' lang='lat' dir='ltr'>dictum,</span> 
     </span>
     <span class='ocr_line' id='line_1_34' title="bbox 104 2397 1339 2457; baseline -0.004 -14"><span class='ocrx_word' id='word_1_270' title='bbox 104 2404 177 2457; x_wconf 90' lang='lat' dir='ltr'>qui</span> <span class='ocrx_word' id='word_1_271' title='bbox 191 2416 332 2457; x_wconf 87' lang='lat' dir='ltr'>reapse</span> <span class='ocrx_word' id='word_1_272' title='bbox 343 2400 513 2456; x_wconf 91' lang='lat' dir='ltr'>quidem</span> <span class='ocrx_word' id='word_1_273' title='bbox 526 2400 571 2440; x_wconf 89' lang='lat' dir='ltr'>in</span> <span class='ocrx_word' id='word_1_274' title='bbox 586 2399 721 2439; x_wconf 90' lang='lat' dir='ltr'>arenis</span> <span class='ocrx_word' id='word_1_275' title='bbox 736 2397 848 2453; x_wconf 91' lang='lat' dir='ltr'>apud</span> <span class='ocrx_word' id='word_1_276' title='bbox 866 2397 1053 2438; x_wconf 78' lang='lat' dir='ltr'>Bhatties</span> <span class='ocrx_word' id='word_1_277' title='bbox 1069 2405 1230 2450; x_wconf 82' lang='lat' dir='ltr'>gentem</span> <span class='ocrx_word' id='word_1_278' title='bbox 1249 2414 1339 2439; x_wconf 87' lang='lat' dir='ltr'>eva-</span> 
     </span>
     <span class='ocr_line' id='line_1_35' title="bbox 105 2459 1339 2514; baseline -0.004 -9"><span class='ocrx_word' id='word_1_279' title='bbox 105 2466 255 2514; x_wconf 89' lang='lat' dir='ltr'>nescit,</span> <span class='ocrx_word' id='word_1_280' title='bbox 276 2478 327 2504; x_wconf 83' lang='lat' dir='ltr'>ex</span> <span class='ocrx_word' id='word_1_281' title='bbox 343 2462 547 2504; x_wconf 89' lang='lat' dir='ltr'>Indorum</span> <span class='ocrx_word' id='word_1_282' title='bbox 566 2469 704 2501; x_wconf 91' lang='lat' dir='ltr'>autem</span> <span class='ocrx_word' id='word_1_283' title='bbox 720 2460 921 2500; x_wconf 90' lang='lat' dir='ltr'>sententia</span> <span class='ocrx_word' id='word_1_284' title='bbox 940 2459 1016 2499; x_wconf 92' lang='lat' dir='ltr'>sub</span> <span class='ocrx_word' id='word_1_285' title='bbox 1038 2467 1147 2499; x_wconf 89' lang='lat' dir='ltr'>terra</span> <span class='ocrx_word' id='word_1_286' title='bbox 1172 2474 1339 2500; x_wconf 87' lang='lat' dir='ltr'>cursum</span> 
     </span>
     <span class='ocr_line' id='line_1_36' title="bbox 36 2522 1340 2578; baseline -0.004 -11"><span class='ocrx_word' id='word_1_287' title='bbox 36 2557 39 2559; x_wconf 91' lang='lat'>-</span> <span class='ocrx_word' id='word_1_288' title='bbox 100 2527 319 2566; x_wconf 83' lang='lat' dir='ltr'>continuat</span> <span class='ocrx_word' id='word_1_289' title='bbox 327 2538 460 2578; x_wconf 91' lang='lat' dir='ltr'>usque</span> <span class='ocrx_word' id='word_1_290' title='bbox 473 2522 525 2563; x_wconf 92' lang='lat' dir='ltr'>ad</span> <span class='ocrx_word' id='word_1_291' title='bbox 535 2522 789 2563; x_wconf 79' lang='lat' dir='ltr'>confluentes</span> <span class='ocrx_word' id='word_1_292' title='bbox 797 2522 951 2574; x_wconf 88' lang='lat' dir='ltr'>Gangis</span> <span class='ocrx_word' id='word_1_293' title='bbox 965 2529 1006 2561; x_wconf 91' lang='lat' dir='ltr'>et</span> <span class='ocrx_word' id='word_1_294' title='bbox 1019 2523 1340 2577; x_wconf 83' lang='lat' dir='ltr'>Jamunaeprope</span> 
     </span>
     <span class='ocr_line' id='line_1_37' title="bbox 105 2584 1340 2638; baseline -0.002 -10"><span class='ocrx_word' id='word_1_295' title='bbox 105 2586 346 2628; x_wconf 72' lang='lat' dir='ltr'>Allaleabad</span> <span class='ocrx_word' id='word_1_296' title='bbox 363 2586 526 2627; x_wconf 89' lang='lat' dir='ltr'>urbem.</span> <span class='ocrx_word' id='word_1_297' title='bbox 559 2586 576 2638; x_wconf 76' lang='grc' dir='ltr'>Η</span> <span class='ocrx_word' id='word_1_298' title='bbox 595 2609 652 2615; x_wconf 94' lang='lat'>—-</span> <span class='ocrx_word' id='word_1_299' title='bbox 670 2598 711 2624; x_wconf 86' lang='lat'>2.</span> <span class='ocrx_word' id='word_1_300' title='bbox 734 2585 767 2624; x_wconf 87' lang='lat' dir='ltr'><strong>K</strong></span> <span class='ocrx_word' id='word_1_301' title='bbox 779 2600 799 2624; x_wconf 89' lang='grc' dir='ltr'>ο</span> <span class='ocrx_word' id='word_1_302' title='bbox 812 2585 861 2624; x_wconf 83' lang='grc' dir='ltr'>νδ</span> <span class='ocrx_word' id='word_1_303' title='bbox 875 2599 895 2623; x_wconf 95' lang='lat'><em>0</em></span> <span class='ocrx_word' id='word_1_304' title='bbox 906 2598 936 2638; x_wconf 85' lang='grc' dir='ltr'>χ</span> <span class='ocrx_word' id='word_1_305' title='bbox 948 2584 971 2622; x_wconf 83' lang='grc' dir='ltr'>ά</span> <span class='ocrx_word' id='word_1_306' title='bbox 985 2599 1038 2635; x_wconf 86' lang='grc' dir='ltr'>τη</span> <span class='ocrx_word' id='word_1_307' title='bbox 1053 2597 1071 2624; x_wconf 90' lang='grc' dir='ltr'>ν</span> <span class='ocrx_word' id='word_1_308' title='bbox 1091 2585 1106 2638; x_wconf 95' lang='grc'>]</span> <span class='ocrx_word' id='word_1_309' title='bbox 1146 2587 1340 2625; x_wconf 86' lang='lat' dir='ltr'>sanserite</span> 
     </span>
     <span class='ocr_line' id='line_1_38' title="bbox 106 2644 1340 2703; baseline -0.003 -13"><span class='ocrx_word' id='word_1_310' title='bbox 106 2647 397 2690; x_wconf 78' lang='lat' dir='ltr'>Gandacavati</span> <span class='ocrx_word' id='word_1_311' title='bbox 418 2646 431 2703; x_wconf 94' lang='lat'>(</span> <span class='ocrx_word' id='word_1_312' title='bbox 449 2648 479 2688; x_wconf 90' lang='lat' dir='ltr'>i.</span> <span class='ocrx_word' id='word_1_313' title='bbox 493 2661 530 2687; x_wconf 93' lang='lat' dir='ltr'>e.</span> <span class='ocrx_word' id='word_1_314' title='bbox 548 2645 772 2701; x_wconf 83' lang='grc' dir='ltr'>ῥινοκερόεις</span> <span class='ocrx_word' id='word_1_315' title='bbox 787 2645 801 2701; x_wconf 92' lang='grc'>)</span> <span class='ocrx_word' id='word_1_316' title='bbox 818 2646 882 2686; x_wconf 81' lang='lat' dir='ltr'>vel</span> <span class='ocrx_word' id='word_1_317' title='bbox 896 2644 1110 2686; x_wconf 82' lang='lat' dir='ltr'>Gandaca.</span> <span class='ocrx_word' id='word_1_318' title='bbox 1130 2646 1187 2686; x_wconf 88' lang='lat' dir='ltr'>V.</span> <span class='ocrx_word' id='word_1_319' title='bbox 1204 2647 1340 2687; x_wconf 85' lang='lat' dir='ltr'>Schle-</span> 
     </span>
     <span class='ocr_line' id='line_1_39' title="bbox 106 2706 1338 2764; baseline -0.001 -14"><span class='ocrx_word' id='word_1_320' title='bbox 106 2709 211 2764; x_wconf 87' lang='lat' dir='ltr'>gell.</span> <span class='ocrx_word' id='word_1_321' title='bbox 230 2710 258 2749; x_wconf 93' lang='lat' dir='ltr'>l.</span> <span class='ocrx_word' id='word_1_322' title='bbox 276 2711 331 2760; x_wconf 95' lang='lat' dir='ltr'>II,</span> <span class='ocrx_word' id='word_1_323' title='bbox 353 2724 396 2764; x_wconf 92' lang='lat' dir='ltr'>p.</span> <span class='ocrx_word' id='word_1_324' title='bbox 416 2708 524 2762; x_wconf 73' lang='lat'>[1033</span> <span class='ocrx_word' id='word_1_325' title='bbox 544 2710 697 2749; x_wconf 88' lang='lat' dir='ltr'>Lassen</span> <span class='ocrx_word' id='word_1_326' title='bbox 712 2707 739 2747; x_wconf 92' lang='lat' dir='ltr'>l.</span> <span class='ocrx_word' id='word_1_327' title='bbox 761 2706 790 2748; x_wconf 93' lang='lat' dir='ltr'>l.</span> <span class='ocrx_word' id='word_1_328' title='bbox 811 2710 846 2759; x_wconf 93' lang='lat' dir='ltr'>I,</span> <span class='ocrx_word' id='word_1_329' title='bbox 860 2722 902 2763; x_wconf 91' lang='lat' dir='ltr'>p.</span> <span class='ocrx_word' id='word_1_330' title='bbox 925 2707 1000 2757; x_wconf 90' lang='lat'>58;</span> <span class='ocrx_word' id='word_1_331' title='bbox 1020 2706 1121 2747; x_wconf 91' lang='lat' dir='ltr'>hod.</span> <span class='ocrx_word' id='word_1_332' title='bbox 1147 2708 1338 2749; x_wconf 71' lang='lat' dir='ltr'>Gundak.</span> 
     </span>
     <span class='ocr_line' id='line_1_40' title="bbox 111 2769 1342 2828; baseline -0.001 -15"><span class='ocrx_word' id='word_1_333' title='bbox 111 2774 127 2826; x_wconf 79' lang='grc' dir='ltr'>Η</span> <span class='ocrx_word' id='word_1_334' title='bbox 153 2796 209 2804; x_wconf 92' lang='lat'>—</span> <span class='ocrx_word' id='word_1_335' title='bbox 231 2786 272 2813; x_wconf 89' lang='grc'>2.</span> <span class='ocrx_word' id='word_1_336' title='bbox 309 2771 443 2828; x_wconf 86' lang='grc' dir='ltr'>Σάμ6</span> <span class='ocrx_word' id='word_1_337' title='bbox 459 2771 544 2826; x_wconf 94' lang='grc' dir='ltr'>ον]</span> <span class='ocrx_word' id='word_1_338' title='bbox 574 2770 754 2826; x_wconf 73' lang='grc' dir='ltr'>Σάμὸρον</span> <span class='ocrx_word' id='word_1_339' title='bbox 781 2772 840 2822; x_wconf 83' lang='grc' dir='ltr'>Α;</span> <span class='ocrx_word' id='word_1_340' title='bbox 867 2769 1135 2825; x_wconf 89' lang='lat' dir='ltr'>probabiliter</span> <span class='ocrx_word' id='word_1_341' title='bbox 1170 2770 1342 2826; x_wconf 73' lang='grc' dir='ltr'>Σάραὸος</span> 
     </span>
     <span class='ocr_line' id='line_1_41' title="bbox 105 2832 1341 2887; baseline -0.002 -10"><span class='ocrx_word' id='word_1_342' title='bbox 105 2835 337 2886; x_wconf 77' lang='lat' dir='ltr'>Ptolemaei,</span> <span class='ocrx_word' id='word_1_343' title='bbox 360 2833 486 2876; x_wconf 92' lang='lat' dir='ltr'>hodie</span> <span class='ocrx_word' id='word_1_344' title='bbox 500 2833 670 2874; x_wconf 81' lang='lat' dir='ltr'>Sambul</span> <span class='ocrx_word' id='word_1_345' title='bbox 694 2832 758 2873; x_wconf 89' lang='lat' dir='ltr'>vel</span> <span class='ocrx_word' id='word_1_346' title='bbox 780 2833 1030 2873; x_wconf 77' lang='lat' dir='ltr'>Tsclzumbul</span> <span class='ocrx_word' id='word_1_347' title='bbox 1043 2833 1085 2872; x_wconf 93' lang='lat' dir='ltr'>in</span> <span class='ocrx_word' id='word_1_348' title='bbox 1104 2834 1341 2887; x_wconf 78' lang='lat' dir='ltr'>Djummam</span> 
     </span>
     <span class='ocr_line' id='line_1_42' title="bbox 107 2889 1338 2945; baseline -0.002 -14"><span class='ocrx_word' id='word_1_349' title='bbox 107 2892 283 2932; x_wconf 88' lang='lat' dir='ltr'>influens</span> <span class='ocrx_word' id='word_1_350' title='bbox 297 2922 308 2941; x_wconf 95' lang='lat'>,</span> <span class='ocrx_word' id='word_1_351' title='bbox 347 2899 395 2931; x_wconf 91' lang='lat' dir='ltr'>ut</span> <span class='ocrx_word' id='word_1_352' title='bbox 416 2889 579 2930; x_wconf 90' lang='lat' dir='ltr'>videtur</span> <span class='ocrx_word' id='word_1_353' title='bbox 609 2891 843 2930; x_wconf 88' lang='lat' dir='ltr'>Mannerto.</span> <span class='ocrx_word' id='word_1_354' title='bbox 883 2889 900 2942; x_wconf 71' lang='grc' dir='ltr'><strong>Η</strong></span> <span class='ocrx_word' id='word_1_355' title='bbox 927 2913 984 2919; x_wconf 86' lang='grc'>-</span> <span class='ocrx_word' id='word_1_356' title='bbox 1011 2902 1052 2932; x_wconf 77' lang='grc'>2,</span> <span class='ocrx_word' id='word_1_357' title='bbox 1081 2889 1122 2929; x_wconf 89' lang='grc' dir='ltr'>Μ</span> <span class='ocrx_word' id='word_1_358' title='bbox 1135 2890 1191 2943; x_wconf 83' lang='grc' dir='ltr'>ἀγ</span> <span class='ocrx_word' id='word_1_359' title='bbox 1204 2906 1235 2929; x_wconf 89' lang='grc' dir='ltr'>ω</span> <span class='ocrx_word' id='word_1_360' title='bbox 1248 2905 1266 2930; x_wconf 87' lang='grc' dir='ltr'>ν</span> <span class='ocrx_word' id='word_1_361' title='bbox 1281 2906 1304 2930; x_wconf 88' lang='grc' dir='ltr'>α</span> <span class='ocrx_word' id='word_1_362' title='bbox 1323 2892 1338 2945; x_wconf 91' lang='grc'>]</span> 
     </span>
     <span class='ocr_line' id='line_1_43' title="bbox 106 2950 1342 3007; baseline -0.001 -13"><span class='ocrx_word' id='word_1_363' title='bbox 106 2952 209 2994; x_wconf 87' lang='lat' dir='ltr'>hod.</span> <span class='ocrx_word' id='word_1_364' title='bbox 223 2956 473 3005; x_wconf 80' lang='lat' dir='ltr'>Ramgonga,</span> <span class='ocrx_word' id='word_1_365' title='bbox 499 2952 694 3007; x_wconf 88' lang='lat' dir='ltr'>opinante</span> <span class='ocrx_word' id='word_1_366' title='bbox 707 2953 943 2992; x_wconf 89' lang='lat' dir='ltr'>Mannerto.</span> <span class='ocrx_word' id='word_1_367' title='bbox 963 2951 979 3004; x_wconf 75' lang='grc' dir='ltr'>ΙΙ</span> <span class='ocrx_word' id='word_1_368' title='bbox 999 2974 1052 2981; x_wconf 91' lang='grc'>--</span> <span class='ocrx_word' id='word_1_369' title='bbox 1071 2952 1110 2991; x_wconf 89' lang='grc'>3.</span> <span class='ocrx_word' id='word_1_370' title='bbox 1142 2950 1222 3007; x_wconf 82' lang='grc' dir='ltr'>Ἀγ</span> <span class='ocrx_word' id='word_1_371' title='bbox 1236 2953 1256 2992; x_wconf 88' lang='grc' dir='ltr'>ό</span> <span class='ocrx_word' id='word_1_372' title='bbox 1267 2968 1286 3007; x_wconf 90' lang='grc' dir='ltr'>ρ</span> <span class='ocrx_word' id='word_1_373' title='bbox 1298 2968 1342 2993; x_wconf 90' lang='grc' dir='ltr'>α-</span> 
     </span>
     <span class='ocr_line' id='line_1_44' title="bbox 109 3013 1343 3071; baseline 0 -15"><span class='ocrx_word' id='word_1_374' title='bbox 109 3030 128 3056; x_wconf 92' lang='grc' dir='ltr'>ν</span> <span class='ocrx_word' id='word_1_375' title='bbox 144 3030 186 3056; x_wconf 93' lang='grc' dir='ltr'>ιν</span> <span class='ocrx_word' id='word_1_376' title='bbox 203 3017 217 3071; x_wconf 92' lang='grc'>]</span> <span class='ocrx_word' id='word_1_377' title='bbox 234 3014 431 3071; x_wconf 81' lang='grc' dir='ltr'>Ἀγόσανιν</span> <span class='ocrx_word' id='word_1_378' title='bbox 439 3016 526 3065; x_wconf 89' lang='lat' dir='ltr'>BC;</span> <span class='ocrx_word' id='word_1_379' title='bbox 544 3029 624 3055; x_wconf 89' lang='lat' dir='ltr'>sec.</span> <span class='ocrx_word' id='word_1_380' title='bbox 639 3014 884 3054; x_wconf 89' lang='lat' dir='ltr'>Rennelium</span> <span class='ocrx_word' id='word_1_381' title='bbox 898 3013 1000 3054; x_wconf 92' lang='lat' dir='ltr'>hod.</span> <span class='ocrx_word' id='word_1_382' title='bbox 1016 3017 1151 3066; x_wconf 77' lang='lat' dir='ltr'>Gogra</span> <span class='ocrx_word' id='word_1_383' title='bbox 1164 3016 1343 3068; x_wconf 91' lang='lat' dir='ltr'>(nomen</span> 
     </span>
     <span class='ocr_line' id='line_1_45' title="bbox 109 3077 1340 3130; baseline 0 -10"><span class='ocrx_word' id='word_1_384' title='bbox 109 3079 333 3120; x_wconf 83' lang='lat' dir='ltr'>formatum</span> <span class='ocrx_word' id='word_1_385' title='bbox 363 3094 386 3120; x_wconf 93' lang='lat' dir='ltr'>e</span> <span class='ocrx_word' id='word_1_386' title='bbox 422 3093 501 3120; x_wconf 93' lang='lat' dir='ltr'>scr.</span> <span class='ocrx_word' id='word_1_387' title='bbox 541 3077 800 3130; x_wconf 76' lang='lat' dir='ltr'>Gharghara,</span> <span class='ocrx_word' id='word_1_388' title='bbox 830 3078 1037 3118; x_wconf 90' lang='lat' dir='ltr'>montium</span> <span class='ocrx_word' id='word_1_389' title='bbox 1068 3077 1227 3129; x_wconf 85' lang='lat' dir='ltr'>fauces,</span> <span class='ocrx_word' id='word_1_390' title='bbox 1259 3094 1340 3120; x_wconf 90' lang='lat' dir='ltr'>sec.</span> 
     </span>
     <span class='ocr_line' id='line_1_46' title="bbox 112 3141 1343 3196; baseline 0.001 -15"><span class='ocrx_word' id='word_1_391' title='bbox 112 3143 277 3182; x_wconf 89' lang='lat' dir='ltr'>Lassen.</span> <span class='ocrx_word' id='word_1_392' title='bbox 310 3156 353 3196; x_wconf 91' lang='lat' dir='ltr'>p.</span> <span class='ocrx_word' id='word_1_393' title='bbox 393 3141 442 3183; x_wconf 88' lang='lat'>56</span> <span class='ocrx_word' id='word_1_394' title='bbox 459 3144 492 3196; x_wconf 88' lang='lat'>),</span> <span class='ocrx_word' id='word_1_395' title='bbox 515 3141 624 3181; x_wconf 87' lang='lat' dir='ltr'>inter</span> <span class='ocrx_word' id='word_1_396' title='bbox 661 3155 804 3181; x_wconf 91' lang='lat' dir='ltr'>omnes</span> <span class='ocrx_word' id='word_1_397' title='bbox 841 3141 885 3180; x_wconf 91' lang='lat' dir='ltr'>in</span> <span class='ocrx_word' id='word_1_398' title='bbox 918 3141 1104 3194; x_wconf 88' lang='lat' dir='ltr'>Gangem</span> <span class='ocrx_word' id='word_1_399' title='bbox 1126 3141 1343 3182; x_wconf 88' lang='lat' dir='ltr'>influentes</span> 
     </span>
     <span class='ocr_line' id='line_1_47' title="bbox 114 3202 1344 3258; baseline 0.002 -16"><span class='ocrx_word' id='word_1_400' title='bbox 114 3202 333 3243; x_wconf 79' lang='lat' dir='ltr'>maximus.</span> <span class='ocrx_word' id='word_1_401' title='bbox 357 3202 426 3242; x_wconf 84' lang='lat' dir='ltr'>Ad</span> <span class='ocrx_word' id='word_1_402' title='bbox 438 3202 616 3243; x_wconf 91' lang='lat' dir='ltr'>eundem</span> <span class='ocrx_word' id='word_1_403' title='bbox 635 3203 807 3243; x_wconf 91' lang='lat' dir='ltr'>fluvium</span> <span class='ocrx_word' id='word_1_404' title='bbox 820 3217 951 3257; x_wconf 90' lang='lat' dir='ltr'>quum</span> <span class='ocrx_word' id='word_1_405' title='bbox 971 3203 1171 3258; x_wconf 87' lang='lat' dir='ltr'>pertineat</span> <span class='ocrx_word' id='word_1_406' title='bbox 1190 3219 1344 3245; x_wconf 90' lang='lat' dir='ltr'>nomen</span> 
     </span>
     <span class='ocr_line' id='line_1_48' title="bbox 112 3265 1344 3320; baseline 0.003 -17"><span class='ocrx_word' id='word_1_407' title='bbox 112 3278 267 3304; x_wconf 87' lang='lat' dir='ltr'>sanscr.</span> <span class='ocrx_word' id='word_1_408' title='bbox 287 3265 447 3319; x_wconf 79' lang='lat' dir='ltr'>Saraju,</span> <span class='ocrx_word' id='word_1_409' title='bbox 465 3265 637 3320; x_wconf 72' lang='grc' dir='ltr'>Σάραὸος</span> <span class='ocrx_word' id='word_1_410' title='bbox 658 3266 864 3307; x_wconf 81' lang='lat' dir='ltr'>Ptolemaei</span> <span class='ocrx_word' id='word_1_411' title='bbox 891 3266 974 3306; x_wconf 91' lang='lat' dir='ltr'>huc</span> <span class='ocrx_word' id='word_1_412' title='bbox 990 3266 1216 3307; x_wconf 84' lang='lat' dir='ltr'>trahendus</span> <span class='ocrx_word' id='word_1_413' title='bbox 1230 3267 1344 3308; x_wconf 89' lang='lat' dir='ltr'>vide-</span> 
     </span>
     <span class='ocr_line' id='line_1_49' title="bbox 117 3327 1345 3383; baseline 0.005 -18"><span class='ocrx_word' id='word_1_414' title='bbox 117 3334 186 3371; x_wconf 87' lang='lat' dir='ltr'>tur</span> <span class='ocrx_word' id='word_1_415' title='bbox 217 3327 408 3366; x_wconf 87' lang='lat' dir='ltr'>Lassenio</span> <span class='ocrx_word' id='word_1_416' title='bbox 430 3327 458 3367; x_wconf 89' lang='lat' dir='ltr'>l.</span> <span class='ocrx_word' id='word_1_417' title='bbox 482 3328 511 3368; x_wconf 92' lang='lat' dir='ltr'>l.</span> <span class='ocrx_word' id='word_1_418' title='bbox 543 3330 783 3368; x_wconf 88' lang='lat' dir='ltr'>Mannertus</span> <span class='ocrx_word' id='word_1_419' title='bbox 820 3327 1018 3383; x_wconf 82' lang='grc' dir='ltr'>Ἀγόρανιν</span> <span class='ocrx_word' id='word_1_420' title='bbox 1055 3328 1108 3370; x_wconf 92' lang='lat' dir='ltr'>de</span> <span class='ocrx_word' id='word_1_421' title='bbox 1140 3328 1345 3371; x_wconf 91' lang='lat' dir='ltr'>hodierno</span> 
     </span>
     <span class='ocr_line' id='line_1_50' title="bbox 114 3388 1345 3445; baseline 0.004 -17"><span class='ocrx_word' id='word_1_422' title='bbox 114 3388 294 3428; x_wconf 64' lang='lat' dir='ltr'>Gamala</span> <span class='ocrx_word' id='word_1_423' title='bbox 313 3389 479 3442; x_wconf 85' lang='lat' dir='ltr'>intelligi</span> <span class='ocrx_word' id='word_1_424' title='bbox 502 3390 604 3430; x_wconf 89' lang='lat' dir='ltr'>vult.</span> <span class='ocrx_word' id='word_1_425' title='bbox 629 3390 876 3443; x_wconf 91' lang='lat' dir='ltr'>Forbigerus</span> <span class='ocrx_word' id='word_1_426' title='bbox 898 3390 1078 3445; x_wconf 91' lang='lat' dir='ltr'>denique</span> <span class='ocrx_word' id='word_1_427' title='bbox 1096 3391 1255 3432; x_wconf 83' lang='lat' dir='ltr'>confert</span> <span class='ocrx_word' id='word_1_428' title='bbox 1269 3392 1345 3433; x_wconf 94' lang='lat' dir='ltr'>ho-</span> 
     </span>
     <span class='ocr_line' id='line_1_51' title="bbox 113 3449 1347 3507; baseline 0.005 -18"><span class='ocrx_word' id='word_1_429' title='bbox 113 3449 309 3490; x_wconf 79' lang='lat' dir='ltr'>‹diernum</span> <span class='ocrx_word' id='word_1_430' title='bbox 335 3452 501 3502; x_wconf 75' lang='lat' dir='ltr'>Gogari‚</span> <span class='ocrx_word' id='word_1_431' title='bbox 526 3466 700 3506; x_wconf 86' lang='lat' dir='ltr'>parvum</span> <span class='ocrx_word' id='word_1_432' title='bbox 736 3453 908 3492; x_wconf 87' lang='lat' dir='ltr'>fluvium</span> <span class='ocrx_word' id='word_1_433' title='bbox 945 3454 1016 3507; x_wconf 91' lang='lat' dir='ltr'>qui</span> <span class='ocrx_word' id='word_1_434' title='bbox 1052 3455 1095 3493; x_wconf 93' lang='lat' dir='ltr'>in</span> <span class='ocrx_word' id='word_1_435' title='bbox 1127 3453 1228 3495; x_wconf 88' lang='lat' dir='ltr'>hod.</span> <span class='ocrx_word' id='word_1_436' title='bbox 1257 3454 1347 3496; x_wconf 84' lang='lat' dir='ltr'>Cosi</span> 
     </span>
     <span class='ocr_line' id='line_1_52' title="bbox 118 3511 1346 3569; baseline 0.006 -18"><span class='ocrx_word' id='word_1_437' title='bbox 118 3511 277 3552; x_wconf 88' lang='lat' dir='ltr'>incidit.</span> <span class='ocrx_word' id='word_1_438' title='bbox 304 3513 321 3566; x_wconf 69' lang='lat' dir='ltr'>ll</span> <span class='ocrx_word' id='word_1_439' title='bbox 346 3536 402 3543; x_wconf 93' lang='lat'>—</span> <span class='ocrx_word' id='word_1_440' title='bbox 421 3513 461 3553; x_wconf 84' lang='lat'>3.</span> <span class='ocrx_word' id='word_1_441' title='bbox 485 3513 711 3569; x_wconf 81' lang='grc' dir='ltr'>”Ωμαλιν</span> <span class='ocrx_word' id='word_1_442' title='bbox 734 3514 749 3568; x_wconf 92' lang='grc'>]</span> <span class='ocrx_word' id='word_1_443' title='bbox 773 3516 976 3568; x_wconf 89' lang='lat' dir='ltr'>ignotum.</span> <span class='ocrx_word' id='word_1_444' title='bbox 1008 3517 1170 3557; x_wconf 88' lang='lat' dir='ltr'>Nomen</span> <span class='ocrx_word' id='word_1_445' title='bbox 1199 3531 1346 3558; x_wconf 89' lang='lat' dir='ltr'>conve-</span> 
     </span>
     <span class='ocr_line' id='line_1_53' title="bbox 119 3575 1346 3620; baseline 0.007 -8"><span class='ocrx_word' id='word_1_446' title='bbox 119 3575 209 3613; x_wconf 89' lang='lat' dir='ltr'>nire</span> <span class='ocrx_word' id='word_1_447' title='bbox 238 3587 333 3613; x_wconf 91' lang='lat' dir='ltr'>cum</span> <span class='ocrx_word' id='word_1_448' title='bbox 363 3583 559 3615; x_wconf 88' lang='lat' dir='ltr'>consueto</span> <span class='ocrx_word' id='word_1_449' title='bbox 590 3575 773 3616; x_wconf 88' lang='lat' dir='ltr'>fluminis</span> <span class='ocrx_word' id='word_1_450' title='bbox 804 3577 972 3617; x_wconf 89' lang='lat' dir='ltr'>nomine</span> <span class='ocrx_word' id='word_1_451' title='bbox 1004 3580 1048 3617; x_wconf 95' lang='lat' dir='ltr'><em>V</em></span> <span class='ocrx_word' id='word_1_452' title='bbox 1048 3577 1175 3618; x_wconf 83' lang='lat' dir='ltr'>imala</span> <span class='ocrx_word' id='word_1_453' title='bbox 1206 3588 1346 3620; x_wconf 90' lang='lat' dir='ltr'>monet</span> 
     </span>
     <span class='ocr_line' id='line_1_54' title="bbox 116 3634 1342 3695; baseline 0.005 -19"><span class='ocrx_word' id='word_1_454' title='bbox 116 3634 474 3676; x_wconf 85' lang='lat' dir='ltr'>Schwanbeckius.</span> <span class='ocrx_word' id='word_1_455' title='bbox 490 3637 507 3690; x_wconf 75' lang='lat' dir='ltr'>ss</span> <span class='ocrx_word' id='word_1_456' title='bbox 524 3639 628 3686; x_wconf 89' lang='grc'>-4.</span> <span class='ocrx_word' id='word_1_457' title='bbox 651 3637 712 3678; x_wconf 87' lang='lat' dir='ltr'>Ko</span> <span class='ocrx_word' id='word_1_458' title='bbox 724 3653 812 3693; x_wconf 86' lang='grc' dir='ltr'>μμε</span> <span class='ocrx_word' id='word_1_459' title='bbox 824 3653 842 3678; x_wconf 96' lang='grc' dir='ltr'>ν</span> <span class='ocrx_word' id='word_1_460' title='bbox 852 3639 875 3677; x_wconf 87' lang='grc' dir='ltr'>ά</span> <span class='ocrx_word' id='word_1_461' title='bbox 885 3654 907 3678; x_wconf 91' lang='grc' dir='ltr'>σ</span> <span class='ocrx_word' id='word_1_462' title='bbox 918 3654 940 3690; x_wconf 92' lang='grc' dir='ltr'><strong>η</strong></span> <span class='ocrx_word' id='word_1_463' title='bbox 951 3639 992 3693; x_wconf 92' lang='grc' dir='ltr'>ς]</span> <span class='ocrx_word' id='word_1_464' title='bbox 1017 3639 1264 3695; x_wconf 83' lang='grc' dir='ltr'>Κομμινάσης</span> <span class='ocrx_word' id='word_1_465' title='bbox 1283 3645 1319 3683; x_wconf 94' lang='lat' dir='ltr'><strong>A</strong></span> <span class='ocrx_word' id='word_1_466' title='bbox 1331 3658 1342 3693; x_wconf 93' lang='lat'>;</span> 
     </span>
     <span class='ocr_line' id='line_1_55' title="bbox 122 3697 1347 3755; baseline 0.006 -18"><span class='ocrx_word' id='word_1_467' title='bbox 122 3697 274 3752; x_wconf 84' lang='grc' dir='ltr'>Κόμμιν</span> <span class='ocrx_word' id='word_1_468' title='bbox 292 3697 384 3750; x_wconf 80' lang='grc' dir='ltr'>ἄσης</span> <span class='ocrx_word' id='word_1_469' title='bbox 400 3699 454 3737; x_wconf 91' lang='lat' dir='ltr'>D.</span> <span class='ocrx_word' id='word_1_470' title='bbox 480 3698 681 3740; x_wconf 91' lang='lat' dir='ltr'>Sanscrite</span> <span class='ocrx_word' id='word_1_471' title='bbox 699 3703 947 3755; x_wconf 64' lang='lat' dir='ltr'>Carmanafa</span> <span class='ocrx_word' id='word_1_472' title='bbox 963 3703 979 3754; x_wconf 92' lang='lat'>(</span> <span class='ocrx_word' id='word_1_473' title='bbox 995 3702 1023 3742; x_wconf 91' lang='lat' dir='ltr'>i.</span> <span class='ocrx_word' id='word_1_474' title='bbox 1043 3716 1080 3742; x_wconf 91' lang='lat' dir='ltr'>e.</span> <span class='ocrx_word' id='word_1_475' title='bbox 1098 3701 1347 3744; x_wconf 83' lang='lat' dir='ltr'>destructrix</span> 
     </span>
     <span class='ocr_line' id='line_1_56' title="bbox 121 3759 1347 3814; baseline 0.007 -15"><span class='ocrx_word' id='word_1_476' title='bbox 121 3759 329 3800; x_wconf 91' lang='lat' dir='ltr'>bonorum</span> <span class='ocrx_word' id='word_1_477' title='bbox 352 3773 524 3814; x_wconf 87' lang='lat' dir='ltr'>operum</span> <span class='ocrx_word' id='word_1_478' title='bbox 558 3762 574 3813; x_wconf 89' lang='lat'><em>)</em></span> <span class='ocrx_word' id='word_1_479' title='bbox 610 3775 660 3801; x_wconf 88' lang='lat' dir='ltr'>ex</span> <span class='ocrx_word' id='word_1_480' title='bbox 694 3764 891 3804; x_wconf 88' lang='lat' dir='ltr'>sententia</span> <span class='ocrx_word' id='word_1_481' title='bbox 923 3765 1092 3804; x_wconf 90' lang='lat' dir='ltr'>Renneli</span> <span class='ocrx_word' id='word_1_482' title='bbox 1113 3773 1153 3806; x_wconf 90' lang='lat' dir='ltr'>et</span> <span class='ocrx_word' id='word_1_483' title='bbox 1182 3767 1347 3807; x_wconf 87' lang='lat' dir='ltr'>Lasseni</span> 
     </span>
     <span class='ocr_line' id='line_1_57' title="bbox 124 3821 1348 3881; baseline 0.007 -21"><span class='ocrx_word' id='word_1_484' title='bbox 124 3821 221 3862; x_wconf 86' lang='lat' dir='ltr'>Ind.</span> <span class='ocrx_word' id='word_1_485' title='bbox 245 3821 338 3862; x_wconf 78' lang='lat' dir='ltr'>Alc.</span> <span class='ocrx_word' id='word_1_486' title='bbox 372 3823 408 3871; x_wconf 91' lang='lat' dir='ltr'>I,</span> <span class='ocrx_word' id='word_1_487' title='bbox 432 3835 475 3876; x_wconf 92' lang='lat' dir='ltr'>p.</span> <span class='ocrx_word' id='word_1_488' title='bbox 515 3823 612 3872; x_wconf 85' lang='lat'>130,</span> <span class='ocrx_word' id='word_1_489' title='bbox 653 3825 839 3877; x_wconf 88' lang='lat' dir='ltr'>quamvis</span> <span class='ocrx_word' id='word_1_490' title='bbox 864 3825 1034 3866; x_wconf 90' lang='lat' dir='ltr'>minime</span> <span class='ocrx_word' id='word_1_491' title='bbox 1067 3841 1237 3881; x_wconf 86' lang='lat' dir='ltr'>magnus</span> <span class='ocrx_word' id='word_1_492' title='bbox 1269 3829 1348 3869; x_wconf 91' lang='lat' dir='ltr'>ssu-</span> 
     </span>
     <span class='ocr_line' id='line_1_58' title="bbox 124 3883 1350 3942; baseline 0.008 -20"><span class='ocrx_word' id='word_1_493' title='bbox 124 3885 214 3923; x_wconf 87' lang='lat' dir='ltr'>vius</span> <span class='ocrx_word' id='word_1_494' title='bbox 243 3886 308 3924; x_wconf 90' lang='lat' dir='ltr'>sit.</span> <span class='ocrx_word' id='word_1_495' title='bbox 343 3885 378 3923; x_wconf 92' lang='lat' dir='ltr'>E</span> <span class='ocrx_word' id='word_1_496' title='bbox 399 3883 570 3924; x_wconf 88' lang='lat' dir='ltr'>meridie</span> <span class='ocrx_word' id='word_1_497' title='bbox 593 3885 782 3927; x_wconf 87' lang='lat' dir='ltr'>fluviolus</span> <span class='ocrx_word' id='word_1_498' title='bbox 818 3888 860 3927; x_wconf 90' lang='lat' dir='ltr'>in</span> <span class='ocrx_word' id='word_1_499' title='bbox 890 3889 1073 3942; x_wconf 84' lang='lat' dir='ltr'>Gangem</span> <span class='ocrx_word' id='word_1_500' title='bbox 1105 3890 1255 3931; x_wconf 89' lang='lat' dir='ltr'>influit.</span> <span class='ocrx_word' id='word_1_501' title='bbox 1286 3893 1350 3931; x_wconf 85' lang='lat' dir='ltr'>Ex</span> 
     </span>
     <span class='ocr_line' id='line_1_59' title="bbox 121 3945 1353 4002; baseline 0.006 -15"><span class='ocrx_word' id='word_1_502' title='bbox 121 3945 265 3987; x_wconf 86' lang='lat' dir='ltr'>eadem</span> <span class='ocrx_word' id='word_1_503' title='bbox 294 3947 460 4000; x_wconf 86' lang='lat' dir='ltr'>regione</span> <span class='ocrx_word' id='word_1_504' title='bbox 478 3947 744 4002; x_wconf 85' lang='lat' dir='ltr'>probabiliter</span> <span class='ocrx_word' id='word_1_505' title='bbox 764 3949 931 3991; x_wconf 77' lang='lat' dir='ltr'>affluere</span> <span class='ocrx_word' id='word_1_506' title='bbox 954 3951 1139 3993; x_wconf 82' lang='grc' dir='ltr'>Κάκουθιν</span> <span class='ocrx_word' id='word_1_507' title='bbox 1159 3961 1199 3994; x_wconf 88' lang='lat' dir='ltr'>et</span> <span class='ocrx_word' id='word_1_508' title='bbox 1223 3952 1353 3995; x_wconf 83' lang='grc' dir='ltr'>Ἀνδώ-</span> 
     </span>
    </p>
   </div>
   <div class='ocr_carea' id='block_1_4' title="bbox 2531 166 2612 204">
    <p class='ocr_par' dir='ltr' id='par_1_4' title="bbox 2531 166 2612 204">
     <span class='ocr_line' id='line_1_60' title="bbox 2531 166 2612 204; baseline 0.025 -2"><span class='ocrx_word' id='word_1_509' title='bbox 2531 166 2612 204; x_wconf 83' lang='grc'>311</span> 
     </span>
    </p>
   </div>
   <div class='ocr_carea' id='block_1_5' title="bbox 1388 254 2631 790">
    <p class='ocr_par' dir='ltr' id='par_1_5' title="bbox 1388 254 2631 790">
     <span class='ocr_line' id='line_1_61' title="bbox 1391 254 2623 312; baseline 0.007 -18"><span class='ocrx_word' id='word_1_510' title='bbox 1391 255 1548 295; x_wconf 91' lang='lat' dir='ltr'>sonum</span> <span class='ocrx_word' id='word_1_511' title='bbox 1562 285 1574 305; x_wconf 95' lang='lat'>,</span> <span class='ocrx_word' id='word_1_512' title='bbox 1599 254 1823 296; x_wconf 90' lang='lat' dir='ltr'>Sittocatim</span> <span class='ocrx_word' id='word_1_513' title='bbox 1839 262 1880 295; x_wconf 88' lang='lat' dir='ltr'>et</span> <span class='ocrx_word' id='word_1_514' title='bbox 1901 254 2160 305; x_wconf 84' lang='lat' dir='ltr'>Solomatim,</span> <span class='ocrx_word' id='word_1_515' title='bbox 2186 256 2284 296; x_wconf 87' lang='lat' dir='ltr'>item</span> <span class='ocrx_word' id='word_1_516' title='bbox 2305 260 2562 312; x_wconf 82' lang='lat' dir='ltr'>navigabiles,</span> <span class='ocrx_word' id='word_1_517' title='bbox 2582 273 2623 305; x_wconf 87' lang='lat' dir='ltr'>et</span> 
     </span>
     <span class='ocr_line' id='line_1_62' title="bbox 1393 321 2619 382; baseline 0.006 -20"><span class='ocrx_word' id='word_1_518' title='bbox 1393 323 1457 375; x_wconf 86' lang='grc'>(4)</span> <span class='ocrx_word' id='word_1_519' title='bbox 1476 330 1570 377; x_wconf 90' lang='lat' dir='ltr'>post</span> <span class='ocrx_word' id='word_1_520' title='bbox 1582 322 1659 363; x_wconf 87' lang='lat' dir='ltr'>hos</span> <span class='ocrx_word' id='word_1_521' title='bbox 1674 321 1968 363; x_wconf 91' lang='lat' dir='ltr'>Condochaten</span> <span class='ocrx_word' id='word_1_522' title='bbox 1984 354 1996 374; x_wconf 86' lang='lat'><strong>‚</strong></span> <span class='ocrx_word' id='word_1_523' title='bbox 2013 321 2209 363; x_wconf 87' lang='lat' dir='ltr'>Sambum</span> <span class='ocrx_word' id='word_1_524' title='bbox 2224 353 2235 373; x_wconf 94' lang='lat'>,</span> <span class='ocrx_word' id='word_1_525' title='bbox 2258 325 2474 378; x_wconf 87' lang='lat' dir='ltr'>Magonem</span> <span class='ocrx_word' id='word_1_526' title='bbox 2486 358 2496 377; x_wconf 94' lang='lat'>,</span> <span class='ocrx_word' id='word_1_527' title='bbox 2514 331 2619 382; x_wconf 87' lang='lat' dir='ltr'>Ago-</span> 
     </span>
     <span class='ocr_line' id='line_1_63' title="bbox 1390 389 2623 436; baseline 0.006 -8"><span class='ocrx_word' id='word_1_528' title='bbox 1390 390 1525 430; x_wconf 89' lang='lat' dir='ltr'>ranim</span> <span class='ocrx_word' id='word_1_529' title='bbox 1547 398 1588 430; x_wconf 90' lang='lat' dir='ltr'>et</span> <span class='ocrx_word' id='word_1_530' title='bbox 1609 389 1803 431; x_wconf 87' lang='lat' dir='ltr'>Omalim.</span> <span class='ocrx_word' id='word_1_531' title='bbox 1863 391 2070 430; x_wconf 87' lang='lat' dir='ltr'>Feruntur</span> <span class='ocrx_word' id='word_1_532' title='bbox 2090 389 2214 429; x_wconf 90' lang='lat' dir='ltr'>etiam</span> <span class='ocrx_word' id='word_1_533' title='bbox 2238 390 2282 430; x_wconf 89' lang='lat' dir='ltr'>in</span> <span class='ocrx_word' id='word_1_534' title='bbox 2311 406 2406 432; x_wconf 90' lang='lat' dir='ltr'>eum</span> <span class='ocrx_word' id='word_1_535' title='bbox 2435 395 2623 436; x_wconf 89' lang='lat' dir='ltr'>Comme-</span> 
     </span>
     <span class='ocr_line' id='line_1_64' title="bbox 1391 457 2626 513; baseline 0.006 -16"><span class='ocrx_word' id='word_1_536' title='bbox 1391 471 1509 497; x_wconf 90' lang='lat' dir='ltr'>nases</span> <span class='ocrx_word' id='word_1_537' title='bbox 1531 457 1698 511; x_wconf 87' lang='lat' dir='ltr'>grandis</span> <span class='ocrx_word' id='word_1_538' title='bbox 1729 457 1879 498; x_wconf 90' lang='lat' dir='ltr'>fluvius</span> <span class='ocrx_word' id='word_1_539' title='bbox 1897 465 1938 498; x_wconf 90' lang='lat' dir='ltr'>et</span> <span class='ocrx_word' id='word_1_540' title='bbox 1959 457 2150 498; x_wconf 85' lang='lat' dir='ltr'>Cacuthis</span> <span class='ocrx_word' id='word_1_541' title='bbox 2172 466 2294 513; x_wconf 90' lang='lat' dir='ltr'>atque</span> <span class='ocrx_word' id='word_1_542' title='bbox 2317 460 2557 503; x_wconf 90' lang='lat' dir='ltr'>Andomatis</span> <span class='ocrx_word' id='word_1_543' title='bbox 2575 479 2626 505; x_wconf 86' lang='lat' dir='ltr'>ex</span> 
     </span>
     <span class='ocr_line' id='line_1_65' title="bbox 1391 523 2627 584; baseline 0.006 -21"><span class='ocrx_word' id='word_1_544' title='bbox 1391 523 1668 568; x_wconf 89' lang='lat' dir='ltr'>Madiandinis</span> <span class='ocrx_word' id='word_1_545' title='bbox 1686 524 1830 565; x_wconf 90' lang='lat' dir='ltr'>Indica</span> <span class='ocrx_word' id='word_1_546' title='bbox 1846 532 1964 578; x_wconf 91' lang='lat' dir='ltr'>gente</span> <span class='ocrx_word' id='word_1_547' title='bbox 1983 524 2114 565; x_wconf 90' lang='lat' dir='ltr'>fluens</span> <span class='ocrx_word' id='word_1_548' title='bbox 2130 541 2140 575; x_wconf 92' lang='lat'>;</span> <span class='ocrx_word' id='word_1_549' title='bbox 2164 525 2227 580; x_wconf 86' lang='lat'>(5)</span> <span class='ocrx_word' id='word_1_550' title='bbox 2247 524 2300 567; x_wconf 87' lang='lat' dir='ltr'>ad</span> <span class='ocrx_word' id='word_1_551' title='bbox 2317 526 2404 568; x_wconf 80' lang='lat' dir='ltr'>haec</span> <span class='ocrx_word' id='word_1_552' title='bbox 2417 559 2428 578; x_wconf 96' lang='lat'>,</span> <span class='ocrx_word' id='word_1_553' title='bbox 2449 531 2627 584; x_wconf 83' lang='lat' dir='ltr'>Amystis</span> 
     </span>
     <span class='ocr_line' id='line_1_66' title="bbox 1388 589 2629 652; baseline 0.006 -22"><span class='ocrx_word' id='word_1_554' title='bbox 1388 589 1511 645; x_wconf 87' lang='lat' dir='ltr'>juxta</span> <span class='ocrx_word' id='word_1_555' title='bbox 1525 591 1673 632; x_wconf 90' lang='lat' dir='ltr'>urbem</span> <span class='ocrx_word' id='word_1_556' title='bbox 1691 590 1947 646; x_wconf 90' lang='lat' dir='ltr'>Catadupam</span> <span class='ocrx_word' id='word_1_557' title='bbox 1963 622 1974 642; x_wconf 94' lang='lat'>,</span> <span class='ocrx_word' id='word_1_558' title='bbox 2004 599 2045 652; x_wconf 81' lang='lat' dir='ltr'>et</span> <span class='ocrx_word' id='word_1_559' title='bbox 2073 594 2293 647; x_wconf 83' lang='lat' dir='ltr'>Oxymagis</span> <span class='ocrx_word' id='word_1_560' title='bbox 2317 596 2333 647; x_wconf 89' lang='lat'>(</span> <span class='ocrx_word' id='word_1_561' title='bbox 2353 596 2568 649; x_wconf 73' lang='lat' dir='ltr'>Oxymatis</span> <span class='ocrx_word' id='word_1_562' title='bbox 2580 601 2629 652; x_wconf 66' lang='grc' dir='ltr'>Ρ)</span> 
     </span>
     <span class='ocr_line' id='line_1_67' title="bbox 1398 658 2631 720; baseline 0.007 -21"><span class='ocrx_word' id='word_1_563' title='bbox 1398 658 1511 714; x_wconf 89' lang='lat' dir='ltr'>apud</span> <span class='ocrx_word' id='word_1_564' title='bbox 1542 659 1726 710; x_wconf 90' lang='lat' dir='ltr'>Pazalas,</span> <span class='ocrx_word' id='word_1_565' title='bbox 1759 674 1862 714; x_wconf 89' lang='lat' dir='ltr'>quos</span> <span class='ocrx_word' id='word_1_566' title='bbox 1892 669 2054 712; x_wconf 90' lang='lat' dir='ltr'>vocant,</span> <span class='ocrx_word' id='word_1_567' title='bbox 2079 670 2118 702; x_wconf 91' lang='lat' dir='ltr'>et</span> <span class='ocrx_word' id='word_1_568' title='bbox 2141 663 2384 719; x_wconf 88' lang='lat' dir='ltr'>Errhenysis</span> <span class='ocrx_word' id='word_1_569' title='bbox 2411 666 2521 720; x_wconf 88' lang='lat' dir='ltr'>apud</span> <span class='ocrx_word' id='word_1_570' title='bbox 2541 669 2631 709; x_wconf 91' lang='lat' dir='ltr'>Ma-</span> 
     </span>
     <span class='ocr_line' id='line_1_68' title="bbox 1394 729 2630 790; baseline 0.006 -21"><span class='ocrx_word' id='word_1_571' title='bbox 1394 729 1484 770; x_wconf 89' lang='lat' dir='ltr'>thas</span> <span class='ocrx_word' id='word_1_572' title='bbox 1500 761 1511 779; x_wconf 94' lang='lat'><strong><em>‚</em></strong></span> <span class='ocrx_word' id='word_1_573' title='bbox 1537 729 1668 770; x_wconf 84' lang='lat' dir='ltr'>Indiae</span> <span class='ocrx_word' id='word_1_574' title='bbox 1689 737 1874 783; x_wconf 86' lang='lat' dir='ltr'>gentem,</span> <span class='ocrx_word' id='word_1_575' title='bbox 1909 731 1951 769; x_wconf 91' lang='lat' dir='ltr'>in</span> <span class='ocrx_word' id='word_1_576' title='bbox 1966 731 2150 784; x_wconf 88' lang='lat' dir='ltr'>Gangem</span> <span class='ocrx_word' id='word_1_577' title='bbox 2173 732 2321 773; x_wconf 90' lang='lat' dir='ltr'>fluunt.</span> <span class='ocrx_word' id='word_1_578' title='bbox 2384 734 2443 790; x_wconf 80' lang='lat'>(6)</span> <span class='ocrx_word' id='word_1_579' title='bbox 2469 736 2630 778; x_wconf 90' lang='lat' dir='ltr'>Horum</span> 
     </span>
    </p>
   </div>
   <div class='ocr_carea' id='block_1_6' title="bbox 1399 910 2651 4008">
    <p class='ocr_par' dir='ltr' id='par_1_6' title="bbox 1399 910 2651 4008">
     <span class='ocr_line' id='line_1_69' title="bbox 1404 910 2631 966; baseline 0.006 -17"><span class='ocrx_word' id='word_1_580' title='bbox 1404 924 1514 964; x_wconf 82' lang='grc' dir='ltr'>ματιν</span> <span class='ocrx_word' id='word_1_581' title='bbox 1536 911 1751 950; x_wconf 89' lang='lat' dir='ltr'>Lassenius</span> <span class='ocrx_word' id='word_1_582' title='bbox 1767 918 1917 959; x_wconf 88' lang='lat' dir='ltr'>censet,</span> <span class='ocrx_word' id='word_1_583' title='bbox 1943 910 2277 965; x_wconf 91' lang='lat' dir='ltr'>quandoquidem</span> <span class='ocrx_word' id='word_1_584' title='bbox 2293 914 2334 952; x_wconf 93' lang='lat' dir='ltr'>in</span> <span class='ocrx_word' id='word_1_585' title='bbox 2351 915 2479 966; x_wconf 84' lang='lat' dir='ltr'>gentis</span> <span class='ocrx_word' id='word_1_586' title='bbox 2498 916 2631 956; x_wconf 89' lang='lat' dir='ltr'>nomi·</span> 
     </span>
     <span class='ocr_line' id='line_1_70' title="bbox 1399 972 2633 1031; baseline 0.004 -19"><span class='ocrx_word' id='word_1_587' title='bbox 1399 987 1452 1013; x_wconf 90' lang='lat' dir='ltr'>ne</span> <span class='ocrx_word' id='word_1_588' title='bbox 1474 973 1743 1013; x_wconf 82' lang='grc' dir='ltr'>Μαδιανδινῶν</span> <span class='ocrx_word' id='word_1_589' title='bbox 1777 972 1900 1012; x_wconf 91' lang='lat' dir='ltr'>latere</span> <span class='ocrx_word' id='word_1_590' title='bbox 1922 987 2073 1013; x_wconf 88' lang='lat' dir='ltr'>nomen</span> <span class='ocrx_word' id='word_1_591' title='bbox 2103 975 2345 1014; x_wconf 88' lang='lat' dir='ltr'>sanseritum</span> <span class='ocrx_word' id='word_1_592' title='bbox 2372 976 2633 1031; x_wconf 77' lang='lat' dir='ltr'>madhjancli-</span> 
     </span>
     <span class='ocr_line' id='line_1_71' title="bbox 1401 1034 2632 1093; baseline 0.005 -19"><span class='ocrx_word' id='word_1_593' title='bbox 1401 1049 1470 1083; x_wconf 85' lang='lat' dir='ltr'>na,</span> <span class='ocrx_word' id='word_1_594' title='bbox 1492 1034 1606 1089; x_wconf 93' lang='lat' dir='ltr'>quod</span> <span class='ocrx_word' id='word_1_595' title='bbox 1625 1034 1826 1088; x_wconf 87' lang='lat' dir='ltr'>significet</span> <span class='ocrx_word' id='word_1_596' title='bbox 1848 1034 2437 1078; x_wconf 79' lang='lat' dir='ltr'>meridionalis..Andromatin</span> <span class='ocrx_word' id='word_1_597' title='bbox 2455 1038 2632 1093; x_wconf 86' lang='lat' dir='ltr'>prodere</span> 
     </span>
     <span class='ocr_line' id='line_1_72' title="bbox 1404 1096 2631 1155; baseline 0.003 -18"><span class='ocrx_word' id='word_1_598' title='bbox 1404 1111 1546 1137; x_wconf 90' lang='lat' dir='ltr'>vocem</span> <span class='ocrx_word' id='word_1_599' title='bbox 1573 1096 1818 1138; x_wconf 80' lang='lat' dir='ltr'>andhamati</span> <span class='ocrx_word' id='word_1_600' title='bbox 1850 1096 1864 1152; x_wconf 93' lang='lat'>(</span> <span class='ocrx_word' id='word_1_601' title='bbox 1894 1111 2049 1148; x_wconf 82' lang='lat' dir='ltr'>caecus,</span> <span class='ocrx_word' id='word_1_602' title='bbox 2093 1098 2371 1140; x_wconf 86' lang='lat' dir='ltr'>tenebricosus</span> <span class='ocrx_word' id='word_1_603' title='bbox 2391 1102 2424 1154; x_wconf 89' lang='lat'>),</span> <span class='ocrx_word' id='word_1_604' title='bbox 2454 1100 2631 1155; x_wconf 90' lang='lat' dir='ltr'>ideoque</span> 
     </span>
     <span class='ocr_line' id='line_1_73' title="bbox 1402 1159 2634 1217; baseline 0.003 -18"><span class='ocrx_word' id='word_1_605' title='bbox 1402 1159 1581 1200; x_wconf 90' lang='lat' dir='ltr'>eundem</span> <span class='ocrx_word' id='word_1_606' title='bbox 1601 1159 1773 1200; x_wconf 88' lang='lat' dir='ltr'>fluvium</span> <span class='ocrx_word' id='word_1_607' title='bbox 1789 1173 1875 1199; x_wconf 89' lang='lat' dir='ltr'>esse</span> <span class='ocrx_word' id='word_1_608' title='bbox 1889 1174 2006 1214; x_wconf 88' lang='lat' dir='ltr'>posse</span> <span class='ocrx_word' id='word_1_609' title='bbox 2018 1161 2089 1214; x_wconf 92' lang='lat' dir='ltr'>qui</span> <span class='ocrx_word' id='word_1_610' title='bbox 2105 1170 2273 1202; x_wconf 90' lang='lat' dir='ltr'>vocatur</span> <span class='ocrx_word' id='word_1_611' title='bbox 2294 1161 2486 1217; x_wconf 64' lang='lat' dir='ltr'>Tdmasci,</span> <span class='ocrx_word' id='word_1_612' title='bbox 2504 1177 2634 1217; x_wconf 88' lang='lat' dir='ltr'>quum</span> 
     </span>
     <span class='ocr_line' id='line_1_74' title="bbox 1403 1220 2636 1276; baseline 0.003 -15"><span class='ocrx_word' id='word_1_613' title='bbox 1403 1220 1484 1262; x_wconf 90' lang='lat' dir='ltr'>hoc</span> <span class='ocrx_word' id='word_1_614' title='bbox 1501 1236 1668 1276; x_wconf 90' lang='lat' dir='ltr'>quoque</span> <span class='ocrx_word' id='word_1_615' title='bbox 1682 1221 1988 1263; x_wconf 88' lang='lat' dir='ltr'>tenebricosum</span> <span class='ocrx_word' id='word_1_616' title='bbox 2012 1222 2193 1263; x_wconf 87' lang='lat' dir='ltr'>denotet.</span> <span class='ocrx_word' id='word_1_617' title='bbox 2212 1225 2430 1264; x_wconf 88' lang='lat' dir='ltr'>Mannerto</span> <span class='ocrx_word' id='word_1_618' title='bbox 2446 1225 2636 1265; x_wconf 88' lang='lat' dir='ltr'>Comme-</span> 
     </span>
     <span class='ocr_line' id='line_1_75' title="bbox 1403 1284 2639 1340; baseline 0.002 -16"><span class='ocrx_word' id='word_1_619' title='bbox 1403 1298 1520 1324; x_wconf 90' lang='lat' dir='ltr'>sanes</span> <span class='ocrx_word' id='word_1_620' title='bbox 1534 1293 1595 1325; x_wconf 87' lang='lat' dir='ltr'>est</span> <span class='ocrx_word' id='word_1_621' title='bbox 1609 1287 1759 1336; x_wconf 78' lang='lat' dir='ltr'>Gogra,</span> <span class='ocrx_word' id='word_1_622' title='bbox 1775 1284 1967 1325; x_wconf 91' lang='lat' dir='ltr'>Cacuthis</span> <span class='ocrx_word' id='word_1_623' title='bbox 1990 1284 2158 1325; x_wconf 88' lang='lat' dir='ltr'>fortasse</span> <span class='ocrx_word' id='word_1_624' title='bbox 2187 1287 2352 1340; x_wconf 77' lang='lat' dir='ltr'>Gamty.</span> <span class='ocrx_word' id='word_1_625' title='bbox 2375 1286 2392 1339; x_wconf 71' lang='grc' dir='ltr'>Η</span> <span class='ocrx_word' id='word_1_626' title='bbox 2410 1309 2466 1316; x_wconf 84' lang='grc'><strong>-</strong></span> <span class='ocrx_word' id='word_1_627' title='bbox 2483 1288 2522 1327; x_wconf 91' lang='lat'>5.</span> <span class='ocrx_word' id='word_1_628' title='bbox 2548 1286 2589 1326; x_wconf 79' lang='lat' dir='ltr'>’A</span> <span class='ocrx_word' id='word_1_629' title='bbox 2602 1300 2639 1327; x_wconf 88' lang='grc' dir='ltr'>ν-</span> 
     </span>
     <span class='ocr_line' id='line_1_76' title="bbox 1403 1345 2634 1403; baseline 0.002 -18"><span class='ocrx_word' id='word_1_630' title='bbox 1403 1346 1664 1402; x_wconf 83' lang='grc' dir='ltr'>δώματις]</span> <span class='ocrx_word' id='word_1_631' title='bbox 1695 1345 1916 1402; x_wconf 77' lang='grc' dir='ltr'>Ἀνδόμητις</span> <span class='ocrx_word' id='word_1_632' title='bbox 1950 1348 2034 1388; x_wconf 91' lang='lat' dir='ltr'>BC.</span> <span class='ocrx_word' id='word_1_633' title='bbox 2066 1347 2154 1401; x_wconf 74' lang='lat' dir='ltr'>H—</span> <span class='ocrx_word' id='word_1_634' title='bbox 2175 1348 2214 1387; x_wconf 87' lang='lat'>5.</span> <span class='ocrx_word' id='word_1_635' title='bbox 2251 1348 2634 1403; x_wconf 83' lang='grc' dir='ltr'>Μαδιανδινῶν]</span> 
     </span>
     <span class='ocr_line' id='line_1_77' title="bbox 1404 1409 2637 1460; baseline 0.002 -12"><span class='ocrx_word' id='word_1_636' title='bbox 1404 1409 1463 1449; x_wconf 91' lang='lat' dir='ltr'>sic</span> <span class='ocrx_word' id='word_1_637' title='bbox 1487 1411 1542 1450; x_wconf 90' lang='lat' dir='ltr'>D.</span> <span class='ocrx_word' id='word_1_638' title='bbox 1573 1409 1876 1450; x_wconf 82' lang='grc' dir='ltr'>Μαδυνανδινῶν</span> <span class='ocrx_word' id='word_1_639' title='bbox 1897 1411 1958 1460; x_wconf 83' lang='grc' dir='ltr'>Α;</span> <span class='ocrx_word' id='word_1_640' title='bbox 1993 1409 2288 1451; x_wconf 84' lang='grc' dir='ltr'>Μανὸιανδίνων</span> <span class='ocrx_word' id='word_1_641' title='bbox 2311 1410 2392 1451; x_wconf 93' lang='lat' dir='ltr'>BC.</span> <span class='ocrx_word' id='word_1_642' title='bbox 2426 1410 2637 1450; x_wconf 78' lang='grc' dir='ltr'>Μανδιαδι-</span> 
     </span>
     <span class='ocr_line' id='line_1_78' title="bbox 1404 1471 2641 1528; baseline 0.002 -17"><span class='ocrx_word' id='word_1_643' title='bbox 1404 1475 1480 1511; x_wconf 83' lang='grc' dir='ltr'>νῶν</span> <span class='ocrx_word' id='word_1_644' title='bbox 1500 1485 1593 1526; x_wconf 86' lang='lat' dir='ltr'>vgo.</span> <span class='ocrx_word' id='word_1_645' title='bbox 1618 1472 1682 1512; x_wconf 89' lang='lat' dir='ltr'>Cf.</span> <span class='ocrx_word' id='word_1_646' title='bbox 1705 1472 1757 1512; x_wconf 92' lang='lat' dir='ltr'>de</span> <span class='ocrx_word' id='word_1_647' title='bbox 1775 1487 1824 1512; x_wconf 92' lang='lat' dir='ltr'>eo</span> <span class='ocrx_word' id='word_1_648' title='bbox 1846 1472 2014 1512; x_wconf 90' lang='lat' dir='ltr'>nomine</span> <span class='ocrx_word' id='word_1_649' title='bbox 2038 1471 2206 1528; x_wconf 87' lang='lat' dir='ltr'>Benfey.</span> <span class='ocrx_word' id='word_1_650' title='bbox 2224 1486 2267 1527; x_wconf 90' lang='lat' dir='ltr'>p.</span> <span class='ocrx_word' id='word_1_651' title='bbox 2287 1476 2327 1513; x_wconf 88' lang='lat'>6.</span> <span class='ocrx_word' id='word_1_652' title='bbox 2352 1473 2368 1525; x_wconf 80' lang='lat' dir='ltr'>ll</span> <span class='ocrx_word' id='word_1_653' title='bbox 2391 1496 2447 1502; x_wconf 94' lang='lat'><strong>—</strong></span> <span class='ocrx_word' id='word_1_654' title='bbox 2463 1476 2502 1513; x_wconf 87' lang='lat'>6.</span> <span class='ocrx_word' id='word_1_655' title='bbox 2532 1473 2641 1528; x_wconf 77' lang='grc' dir='ltr'>’Ἀμυ-</span> 
     </span>
     <span class='ocr_line' id='line_1_79' title="bbox 1406 1532 2640 1591; baseline 0.002 -19"><span class='ocrx_word' id='word_1_656' title='bbox 1406 1548 1483 1580; x_wconf 88' lang='grc' dir='ltr'>στις</span> <span class='ocrx_word' id='word_1_657' title='bbox 1501 1532 1672 1574; x_wconf 76' lang='lat' dir='ltr'>fbrtasse</span> <span class='ocrx_word' id='word_1_658' title='bbox 1697 1536 1905 1580; x_wconf 81' lang='lat' dir='ltr'>Patterea,</span> <span class='ocrx_word' id='word_1_659' title='bbox 1930 1534 2157 1586; x_wconf 78' lang='grc' dir='ltr'>Καταδοόπη</span> <span class='ocrx_word' id='word_1_660' title='bbox 2182 1533 2279 1575; x_wconf 88' lang='lat' dir='ltr'>fort.</span> <span class='ocrx_word' id='word_1_661' title='bbox 2311 1534 2534 1586; x_wconf 77' lang='lat' dir='ltr'>Hurdwar,</span> <span class='ocrx_word' id='word_1_662' title='bbox 2553 1537 2640 1591; x_wconf 88' lang='lat' dir='ltr'>opi-</span> 
     </span>
     <span class='ocr_line' id='line_1_80' title="bbox 1404 1596 2639 1651; baseline 0.002 -15"><span class='ocrx_word' id='word_1_663' title='bbox 1404 1604 1529 1636; x_wconf 89' lang='lat' dir='ltr'>nante</span> <span class='ocrx_word' id='word_1_664' title='bbox 1549 1597 1786 1636; x_wconf 90' lang='lat' dir='ltr'>Mannerto.</span> <span class='ocrx_word' id='word_1_665' title='bbox 1806 1596 2005 1636; x_wconf 90' lang='lat' dir='ltr'>Ultimam</span> <span class='ocrx_word' id='word_1_666' title='bbox 2027 1596 2255 1648; x_wconf 79' lang='grc' dir='ltr'>Καταδούπη</span> <span class='ocrx_word' id='word_1_667' title='bbox 2278 1597 2457 1637; x_wconf 89' lang='lat' dir='ltr'>nominis</span> <span class='ocrx_word' id='word_1_668' title='bbox 2482 1605 2639 1651; x_wconf 89' lang='lat' dir='ltr'>partem</span> 
     </span>
     <span class='ocr_line' id='line_1_81' title="bbox 1405 1655 2640 1714; baseline 0.002 -18"><span class='ocrx_word' id='word_1_669' title='bbox 1405 1655 1459 1696; x_wconf 93' lang='lat' dir='ltr'>ad</span> <span class='ocrx_word' id='word_1_670' title='bbox 1481 1656 1794 1698; x_wconf 90' lang='lat' dir='ltr'>similitudinem</span> <span class='ocrx_word' id='word_1_671' title='bbox 1832 1658 1944 1698; x_wconf 91' lang='lat' dir='ltr'>vocis</span> <span class='ocrx_word' id='word_1_672' title='bbox 1966 1659 2172 1699; x_wconf 83' lang='lat' dir='ltr'>sanseritae</span> <span class='ocrx_word' id='word_1_673' title='bbox 2200 1657 2331 1714; x_wconf 81' lang='lat' dir='ltr'>dvipa</span> <span class='ocrx_word' id='word_1_674' title='bbox 2356 1657 2517 1713; x_wconf 85' lang='lat' dir='ltr'>(insula</span> <span class='ocrx_word' id='word_1_675' title='bbox 2540 1660 2556 1712; x_wconf 93' lang='lat'><em>)</em></span> <span class='ocrx_word' id='word_1_676' title='bbox 2575 1674 2640 1700; x_wconf 87' lang='lat' dir='ltr'>ac·</span> 
     </span>
     <span class='ocr_line' id='line_1_82' title="bbox 1406 1718 2642 1775; baseline 0.003 -17"><span class='ocrx_word' id='word_1_677' title='bbox 1406 1718 1550 1759; x_wconf 87' lang='lat' dir='ltr'>cedere</span> <span class='ocrx_word' id='word_1_678' title='bbox 1578 1728 1720 1760; x_wconf 90' lang='lat' dir='ltr'>monet</span> <span class='ocrx_word' id='word_1_679' title='bbox 1750 1719 2042 1761; x_wconf 90' lang='lat' dir='ltr'>Schwanbeck.</span> <span class='ocrx_word' id='word_1_680' title='bbox 2083 1722 2099 1773; x_wconf 78' lang='grc' dir='ltr'>ΙΙ</span> <span class='ocrx_word' id='word_1_681' title='bbox 2127 1744 2182 1751; x_wconf 92' lang='lat'>—-</span> <span class='ocrx_word' id='word_1_682' title='bbox 2202 1735 2243 1774; x_wconf 89' lang='lat'>7.</span> <span class='ocrx_word' id='word_1_683' title='bbox 2273 1719 2541 1775; x_wconf 80' lang='grc' dir='ltr'>Ὀξύμαγις</span> <span class='ocrx_word' id='word_1_684' title='bbox 2568 1721 2642 1762; x_wconf 82' lang='grc' dir='ltr'>ἐπὶ</span> 
     </span>
     <span class='ocr_line' id='line_1_83' title="bbox 1405 1779 2642 1836; baseline 0.003 -17"><span class='ocrx_word' id='word_1_685' title='bbox 1405 1779 1442 1819; x_wconf 96' lang='grc' dir='ltr'>Π</span> <span class='ocrx_word' id='word_1_686' title='bbox 1455 1795 1478 1819; x_wconf 89' lang='grc' dir='ltr'>α</span> <span class='ocrx_word' id='word_1_687' title='bbox 1490 1782 1512 1827; x_wconf 88' lang='grc' dir='ltr'><strong>ζ</strong></span> <span class='ocrx_word' id='word_1_688' title='bbox 1525 1781 1584 1820; x_wconf 86' lang='grc' dir='ltr'>άλ</span> <span class='ocrx_word' id='word_1_689' title='bbox 1597 1797 1620 1820; x_wconf 90' lang='grc' dir='ltr'>α</span> <span class='ocrx_word' id='word_1_690' title='bbox 1635 1797 1697 1821; x_wconf 91' lang='grc' dir='ltr'>ισι</span> <span class='ocrx_word' id='word_1_691' title='bbox 1712 1783 1727 1836; x_wconf 96' lang='grc'>]</span> <span class='ocrx_word' id='word_1_692' title='bbox 1753 1781 1940 1829; x_wconf 82' lang='grc' dir='ltr'>παλάζαις</span> <span class='ocrx_word' id='word_1_693' title='bbox 1958 1785 2010 1823; x_wconf 91' lang='lat' dir='ltr'>A.</span> <span class='ocrx_word' id='word_1_694' title='bbox 2035 1783 2222 1830; x_wconf 84' lang='grc' dir='ltr'>πατάλαις</span> <span class='ocrx_word' id='word_1_695' title='bbox 2244 1784 2298 1822; x_wconf 93' lang='lat' dir='ltr'>D.</span> <span class='ocrx_word' id='word_1_696' title='bbox 2331 1783 2442 1823; x_wconf 89' lang='lat' dir='ltr'>Gens</span> <span class='ocrx_word' id='word_1_697' title='bbox 2457 1784 2642 1823; x_wconf 77' lang='lat' dir='ltr'>Passalce</span> 
     </span>
     <span class='ocr_line' id='line_1_84' title="bbox 1406 1843 2642 1900; baseline 0.002 -17"><span class='ocrx_word' id='word_1_698' title='bbox 1406 1856 1473 1897; x_wconf 87' lang='lat' dir='ltr'>ap.</span> <span class='ocrx_word' id='word_1_699' title='bbox 1491 1843 1597 1884; x_wconf 90' lang='lat' dir='ltr'>Plin.</span> <span class='ocrx_word' id='word_1_700' title='bbox 1614 1845 1692 1894; x_wconf 90' lang='lat' dir='ltr'>VI,</span> <span class='ocrx_word' id='word_1_701' title='bbox 1714 1857 1783 1884; x_wconf 90' lang='grc'>22.</span> <span class='ocrx_word' id='word_1_702' title='bbox 1801 1844 2006 1884; x_wconf 78' lang='grc' dir='ltr'>Πασσᾶλαι</span> <span class='ocrx_word' id='word_1_703' title='bbox 2023 1859 2089 1900; x_wconf 89' lang='lat' dir='ltr'>ap.</span> <span class='ocrx_word' id='word_1_704' title='bbox 2104 1845 2230 1895; x_wconf 89' lang='lat' dir='ltr'>Ptol.,</span> <span class='ocrx_word' id='word_1_705' title='bbox 2251 1861 2267 1882; x_wconf 91' lang='lat'>«</span> <span class='ocrx_word' id='word_1_706' title='bbox 2283 1847 2375 1885; x_wconf 90' lang='lat' dir='ltr'>Jam</span> <span class='ocrx_word' id='word_1_707' title='bbox 2388 1844 2462 1884; x_wconf 91' lang='lat' dir='ltr'>diu</span> <span class='ocrx_word' id='word_1_708' title='bbox 2483 1854 2642 1886; x_wconf 85' lang='lat' dir='ltr'>constat</span> 
     </span>
     <span class='ocr_line' id='line_1_85' title="bbox 1407 1907 2643 1962; baseline 0.002 -17"><span class='ocrx_word' id='word_1_709' title='bbox 1407 1919 1496 1946; x_wconf 91' lang='lat' dir='ltr'>eam</span> <span class='ocrx_word' id='word_1_710' title='bbox 1520 1914 1683 1959; x_wconf 89' lang='lat' dir='ltr'>gentem</span> <span class='ocrx_word' id='word_1_711' title='bbox 1712 1907 1907 1947; x_wconf 85' lang='lat' dir='ltr'>Sanscrite</span> <span class='ocrx_word' id='word_1_712' title='bbox 1945 1915 2227 1962; x_wconf 91' lang='lat' dir='ltr'>nuncupatam</span> <span class='ocrx_word' id='word_1_713' title='bbox 2264 1921 2350 1947; x_wconf 89' lang='lat' dir='ltr'>esse</span> <span class='ocrx_word' id='word_1_714' title='bbox 2380 1907 2568 1948; x_wconf 60' lang='lat' dir='ltr'>Pana-ala</span> <span class='ocrx_word' id='word_1_715' title='bbox 2602 1917 2643 1948; x_wconf 90' lang='lat' dir='ltr'>et</span> 
     </span>
     <span class='ocr_line' id='line_1_86' title="bbox 1406 1967 2639 2024; baseline 0.002 -16"><span class='ocrx_word' id='word_1_716' title='bbox 1406 1967 1650 2009; x_wconf 85' lang='lat' dir='ltr'>habitavisse</span> <span class='ocrx_word' id='word_1_717' title='bbox 1685 1969 1793 2010; x_wconf 90' lang='lat' dir='ltr'>circa</span> <span class='ocrx_word' id='word_1_718' title='bbox 1832 1970 2131 2024; x_wconf 79' lang='lat' dir='ltr'>Canjacubgam</span> <span class='ocrx_word' id='word_1_719' title='bbox 2162 1970 2207 2009; x_wconf 92' lang='lat' dir='ltr'>in</span> <span class='ocrx_word' id='word_1_720' title='bbox 2242 1982 2291 2009; x_wconf 90' lang='lat' dir='ltr'>ea</span> <span class='ocrx_word' id='word_1_721' title='bbox 2331 1971 2639 2024; x_wconf 88' lang='lat' dir='ltr'>mesopotamia,</span> 
     </span>
     <span class='ocr_line' id='line_1_87' title="bbox 1407 2030 2639 2086; baseline -0.002 -13"><span class='ocrx_word' id='word_1_722' title='bbox 1407 2045 1499 2086; x_wconf 87' lang='lat' dir='ltr'>quae</span> <span class='ocrx_word' id='word_1_723' title='bbox 1515 2033 1702 2073; x_wconf 83' lang='lat' dir='ltr'>Jamunae</span> <span class='ocrx_word' id='word_1_724' title='bbox 1727 2040 1768 2072; x_wconf 90' lang='lat' dir='ltr'>et</span> <span class='ocrx_word' id='word_1_725' title='bbox 1788 2032 1923 2085; x_wconf 88' lang='lat' dir='ltr'>Gangi</span> <span class='ocrx_word' id='word_1_726' title='bbox 1943 2030 2168 2086; x_wconf 88' lang='lat' dir='ltr'>interjacet.</span> <span class='ocrx_word' id='word_1_727' title='bbox 2194 2032 2312 2071; x_wconf 90' lang='lat' dir='ltr'>Hanc</span> <span class='ocrx_word' id='word_1_728' title='bbox 2346 2039 2482 2071; x_wconf 86' lang='lat' dir='ltr'>autem</span> <span class='ocrx_word' id='word_1_729' title='bbox 2510 2033 2639 2086; x_wconf 85' lang='lat' dir='ltr'>regio·</span> 
     </span>
     <span class='ocr_line' id='line_1_88' title="bbox 1406 2093 2640 2149; baseline 0 -15"><span class='ocrx_word' id='word_1_730' title='bbox 1406 2107 1503 2134; x_wconf 89' lang='lat' dir='ltr'>nem</span> <span class='ocrx_word' id='word_1_731' title='bbox 1519 2094 1582 2135; x_wconf 88' lang='lat' dir='ltr'>vel</span> <span class='ocrx_word' id='word_1_732' title='bbox 1602 2095 1740 2149; x_wconf 90' lang='lat' dir='ltr'>potius</span> <span class='ocrx_word' id='word_1_733' title='bbox 1764 2094 1941 2134; x_wconf 87' lang='lat' dir='ltr'>vicinam</span> <span class='ocrx_word' id='word_1_734' title='bbox 1970 2094 2139 2148; x_wconf 90' lang='lat' dir='ltr'>perfluit</span> <span class='ocrx_word' id='word_1_735' title='bbox 2157 2093 2350 2134; x_wconf 78' lang='lat' dir='ltr'>Ixamati</span> <span class='ocrx_word' id='word_1_736' title='bbox 2372 2095 2388 2146; x_wconf 84' lang='lat'><strong>(</strong></span> <span class='ocrx_word' id='word_1_737' title='bbox 2409 2095 2437 2134; x_wconf 92' lang='lat' dir='ltr'>i.</span> <span class='ocrx_word' id='word_1_738' title='bbox 2457 2108 2493 2133; x_wconf 90' lang='lat' dir='ltr'>e.</span> <span class='ocrx_word' id='word_1_739' title='bbox 2517 2109 2640 2134; x_wconf 81' lang='lat' dir='ltr'>arun·</span> 
     </span>
     <span class='ocr_line' id='line_1_89' title="bbox 1408 2155 2643 2210; baseline 0.001 -14"><span class='ocrx_word' id='word_1_740' title='bbox 1408 2155 1504 2196; x_wconf 91' lang='lat' dir='ltr'>dine</span> <span class='ocrx_word' id='word_1_741' title='bbox 1529 2155 1797 2196; x_wconf 88' lang='lat' dir='ltr'>saecharifera</span> <span class='ocrx_word' id='word_1_742' title='bbox 1825 2155 2039 2195; x_wconf 84' lang='lat' dir='ltr'>abundans</span> <span class='ocrx_word' id='word_1_743' title='bbox 2075 2155 2115 2210; x_wconf 95' lang='lat'>),</span> <span class='ocrx_word' id='word_1_744' title='bbox 2155 2157 2211 2195; x_wconf 91' lang='lat' dir='ltr'>ita</span> <span class='ocrx_word' id='word_1_745' title='bbox 2247 2156 2506 2205; x_wconf 90' lang='lat' dir='ltr'>nominatus,</span> <span class='ocrx_word' id='word_1_746' title='bbox 2545 2158 2643 2210; x_wconf 91' lang='lat' dir='ltr'>quia</span> 
     </span>
     <span class='ocr_line' id='line_1_90' title="bbox 1407 2216 2642 2272; baseline 0.002 -15"><span class='ocrx_word' id='word_1_747' title='bbox 1407 2219 1535 2271; x_wconf 90' lang='lat' dir='ltr'>regio,</span> <span class='ocrx_word' id='word_1_748' title='bbox 1557 2232 1649 2272; x_wconf 88' lang='lat' dir='ltr'>quae</span> <span class='ocrx_word' id='word_1_749' title='bbox 1664 2218 1771 2257; x_wconf 90' lang='lat' dir='ltr'>inter</span> <span class='ocrx_word' id='word_1_750' title='bbox 1784 2217 1984 2271; x_wconf 67' lang='lat' dir='ltr'>Vipacam</span> <span class='ocrx_word' id='word_1_751' title='bbox 2000 2225 2040 2256; x_wconf 92' lang='lat' dir='ltr'>et</span> <span class='ocrx_word' id='word_1_752' title='bbox 2058 2218 2242 2271; x_wconf 85' lang='lat' dir='ltr'>Gangem</span> <span class='ocrx_word' id='word_1_753' title='bbox 2257 2216 2487 2258; x_wconf 87' lang='lat' dir='ltr'>secundum</span> <span class='ocrx_word' id='word_1_754' title='bbox 2502 2218 2642 2259; x_wconf 70' lang='lat' dir='ltr'>Hima-</span> 
     </span>
     <span class='ocr_line' id='line_1_91' title="bbox 1407 2276 2638 2331; baseline 0 -13"><span class='ocrx_word' id='word_1_755' title='bbox 1407 2278 1513 2331; x_wconf 90' lang='lat' dir='ltr'>lajan</span> <span class='ocrx_word' id='word_1_756' title='bbox 1531 2277 1781 2326; x_wconf 84' lang='lat' dir='ltr'>extenditur,</span> <span class='ocrx_word' id='word_1_757' title='bbox 1803 2276 2019 2317; x_wconf 86' lang='lat' dir='ltr'>arundinis</span> <span class='ocrx_word' id='word_1_758' title='bbox 2037 2278 2313 2318; x_wconf 87' lang='lat' dir='ltr'>sacchariferae</span> <span class='ocrx_word' id='word_1_759' title='bbox 2332 2286 2392 2317; x_wconf 90' lang='lat' dir='ltr'>est</span> <span class='ocrx_word' id='word_1_760' title='bbox 2416 2278 2638 2328; x_wconf 87' lang='lat' dir='ltr'>uberrima,</span> 
     </span>
     <span class='ocr_line' id='line_1_92' title="bbox 1408 2338 2640 2394; baseline 0.001 -15"><span class='ocrx_word' id='word_1_761' title='bbox 1408 2339 1460 2379; x_wconf 92' lang='lat' dir='ltr'>de</span> <span class='ocrx_word' id='word_1_762' title='bbox 1496 2354 1578 2393; x_wconf 91' lang='lat' dir='ltr'>qua</span> <span class='ocrx_word' id='word_1_763' title='bbox 1604 2354 1650 2380; x_wconf 89' lang='lat' dir='ltr'>re</span> <span class='ocrx_word' id='word_1_764' title='bbox 1671 2338 1725 2379; x_wconf 91' lang='lat' dir='ltr'>cf.</span> <span class='ocrx_word' id='word_1_765' title='bbox 1764 2339 1894 2378; x_wconf 87' lang='lat' dir='ltr'>Ritter</span> <span class='ocrx_word' id='word_1_766' title='bbox 1916 2339 2059 2387; x_wconf 73' lang='lat' dir='ltr'>Asien,</span> <span class='ocrx_word' id='word_1_767' title='bbox 2084 2342 2142 2390; x_wconf 88' lang='lat' dir='ltr'>II,</span> <span class='ocrx_word' id='word_1_768' title='bbox 2173 2354 2215 2394; x_wconf 93' lang='lat' dir='ltr'>p.</span> <span class='ocrx_word' id='word_1_769' title='bbox 2256 2342 2352 2392; x_wconf 87' lang='grc'>847.</span> <span class='ocrx_word' id='word_1_770' title='bbox 2386 2341 2640 2380; x_wconf 88' lang='lat' dir='ltr'>Memoratur</span> 
     </span>
     <span class='ocr_line' id='line_1_93' title="bbox 1409 2399 2635 2455; baseline 0.001 -15"><span class='ocrx_word' id='word_1_771' title='bbox 1409 2400 1600 2441; x_wconf 70' lang='lat' dir='ltr'>Ixamati</span> <span class='ocrx_word' id='word_1_772' title='bbox 1633 2401 1852 2441; x_wconf 87' lang='lat' dir='ltr'>Harivanc.</span> <span class='ocrx_word' id='word_1_773' title='bbox 1887 2399 2010 2453; x_wconf 87' lang='lat'>9507.</span> <span class='ocrx_word' id='word_1_774' title='bbox 2052 2403 2200 2453; x_wconf 86' lang='lat'>12829,</span> <span class='ocrx_word' id='word_1_775' title='bbox 2227 2401 2454 2440; x_wconf 88' lang='lat' dir='ltr'>accuratius</span> <span class='ocrx_word' id='word_1_776' title='bbox 2477 2401 2635 2455; x_wconf 72' lang='lat' dir='ltr'>Ramaj.</span> 
     </span>
     <span class='ocr_line' id='line_1_94' title="bbox 1408 2460 2641 2515; baseline 0 -13"><span class='ocrx_word' id='word_1_777' title='bbox 1408 2463 1464 2511; x_wconf 89' lang='lat' dir='ltr'>II,</span> <span class='ocrx_word' id='word_1_778' title='bbox 1491 2463 1560 2511; x_wconf 89' lang='grc'>68,</span> <span class='ocrx_word' id='word_1_779' title='bbox 1586 2475 1651 2515; x_wconf 88' lang='lat'>17,</span> <span class='ocrx_word' id='word_1_780' title='bbox 1677 2475 1760 2515; x_wconf 94' lang='lat' dir='ltr'>quo</span> <span class='ocrx_word' id='word_1_781' title='bbox 1782 2460 1872 2500; x_wconf 91' lang='lat' dir='ltr'>loco</span> <span class='ocrx_word' id='word_1_782' title='bbox 1887 2462 2133 2502; x_wconf 89' lang='lat' dir='ltr'>nuntiorum</span> <span class='ocrx_word' id='word_1_783' title='bbox 2148 2463 2227 2502; x_wconf 88' lang='lat' dir='ltr'>iter</span> <span class='ocrx_word' id='word_1_784' title='bbox 2245 2461 2504 2502; x_wconf 85' lang='lat' dir='ltr'>describitur.</span> <span class='ocrx_word' id='word_1_785' title='bbox 2525 2463 2641 2502; x_wconf 91' lang='lat' dir='ltr'>Nun-</span> 
     </span>
     <span class='ocr_line' id='line_1_95' title="bbox 1409 2522 2642 2578; baseline 0 -15"><span class='ocrx_word' id='word_1_786' title='bbox 1409 2524 1478 2573; x_wconf 86' lang='lat' dir='ltr'>tii,</span> <span class='ocrx_word' id='word_1_787' title='bbox 1513 2524 1685 2576; x_wconf 86' lang='lat' dir='ltr'>Gangen</span> <span class='ocrx_word' id='word_1_788' title='bbox 1720 2523 2004 2578; x_wconf 87' lang='lat' dir='ltr'>Hastinapurae</span> <span class='ocrx_word' id='word_1_789' title='bbox 2027 2524 2265 2577; x_wconf 86' lang='lat' dir='ltr'>transgressi</span> <span class='ocrx_word' id='word_1_790' title='bbox 2298 2522 2395 2562; x_wconf 91' lang='lat' dir='ltr'>inde</span> <span class='ocrx_word' id='word_1_791' title='bbox 2427 2524 2469 2562; x_wconf 93' lang='lat' dir='ltr'>in</span> <span class='ocrx_word' id='word_1_792' title='bbox 2491 2532 2642 2563; x_wconf 90' lang='lat' dir='ltr'>terram</span> 
     </span>
     <span class='ocr_line' id='line_1_96' title="bbox 1409 2583 2645 2639; baseline -0.001 -13"><span class='ocrx_word' id='word_1_793' title='bbox 1409 2584 1615 2626; x_wconf 67' lang='lat' dir='ltr'>Pankzilan</span> <span class='ocrx_word' id='word_1_794' title='bbox 1631 2585 1877 2639; x_wconf 82' lang='lat' dir='ltr'>perveniunt</span> <span class='ocrx_word' id='word_1_795' title='bbox 1886 2600 1897 2635; x_wconf 90' lang='lat'>;</span> <span class='ocrx_word' id='word_1_796' title='bbox 1915 2593 1955 2624; x_wconf 91' lang='lat' dir='ltr'>et</span> <span class='ocrx_word' id='word_1_797' title='bbox 1968 2599 2042 2639; x_wconf 89' lang='lat' dir='ltr'>per</span> <span class='ocrx_word' id='word_1_798' title='bbox 2053 2585 2142 2625; x_wconf 90' lang='lat' dir='ltr'>loca</span> <span class='ocrx_word' id='word_1_799' title='bbox 2157 2584 2346 2639; x_wconf 85' lang='lat' dir='ltr'>quaedam</span> <span class='ocrx_word' id='word_1_800' title='bbox 2356 2583 2492 2624; x_wconf 91' lang='lat' dir='ltr'>adhuc</span> <span class='ocrx_word' id='word_1_801' title='bbox 2506 2586 2645 2637; x_wconf 83' lang='lat' dir='ltr'>ignota</span> 
     </span>
     <span class='ocr_line' id='line_1_97' title="bbox 1409 2645 2645 2701; baseline -0.002 -15"><span class='ocrx_word' id='word_1_802' title='bbox 1409 2646 1604 2701; x_wconf 81' lang='lat' dir='ltr'>profecti,</span> <span class='ocrx_word' id='word_1_803' title='bbox 1647 2645 1866 2686; x_wconf 91' lang='lat' dir='ltr'>Culindam</span> <span class='ocrx_word' id='word_1_804' title='bbox 1895 2645 2042 2686; x_wconf 89' lang='lat' dir='ltr'>urbem</span> <span class='ocrx_word' id='word_1_805' title='bbox 2088 2647 2317 2700; x_wconf 89' lang='lat' dir='ltr'>attingunt,</span> <span class='ocrx_word' id='word_1_806' title='bbox 2341 2653 2383 2684; x_wconf 87' lang='lat' dir='ltr'>et</span> <span class='ocrx_word' id='word_1_807' title='bbox 2409 2646 2645 2697; x_wconf 85' lang='lat' dir='ltr'>transgressi</span> 
     </span>
     <span class='ocr_line' id='line_1_98' title="bbox 1410 2706 2646 2763; baseline -0.002 -14"><span class='ocrx_word' id='word_1_808' title='bbox 1410 2710 1632 2749; x_wconf 82' lang='lat' dir='ltr'>Ixumatim</span> <span class='ocrx_word' id='word_1_809' title='bbox 1667 2723 1741 2763; x_wconf 91' lang='lat' dir='ltr'>per</span> <span class='ocrx_word' id='word_1_810' title='bbox 1764 2707 1943 2748; x_wconf 90' lang='lat' dir='ltr'>mediam</span> <span class='ocrx_word' id='word_1_811' title='bbox 1972 2708 2218 2749; x_wconf 89' lang='lat' dir='ltr'>Bahicarum</span> <span class='ocrx_word' id='word_1_812' title='bbox 2253 2716 2406 2748; x_wconf 87' lang='lat' dir='ltr'>terram</span> <span class='ocrx_word' id='word_1_813' title='bbox 2429 2706 2482 2746; x_wconf 90' lang='lat' dir='ltr'>ad</span> <span class='ocrx_word' id='word_1_814' title='bbox 2518 2706 2646 2747; x_wconf 77' lang='lat' dir='ltr'>Suda-</span> 
     </span>
     <span class='ocr_line' id='line_1_99' title="bbox 1410 2769 2646 2826; baseline -0.003 -14"><span class='ocrx_word' id='word_1_815' title='bbox 1410 2786 1575 2812; x_wconf 86' lang='lat' dir='ltr'>mancm</span> <span class='ocrx_word' id='word_1_816' title='bbox 1590 2779 1790 2820; x_wconf 87' lang='lat' dir='ltr'>montem,</span> <span class='ocrx_word' id='word_1_817' title='bbox 1816 2769 1969 2810; x_wconf 91' lang='lat' dir='ltr'>deinde</span> <span class='ocrx_word' id='word_1_818' title='bbox 1991 2770 2044 2810; x_wconf 89' lang='lat' dir='ltr'>ad</span> <span class='ocrx_word' id='word_1_819' title='bbox 2067 2771 2254 2826; x_wconf 69' lang='lat' dir='ltr'>Vipaqan</span> <span class='ocrx_word' id='word_1_820' title='bbox 2278 2769 2540 2824; x_wconf 86' lang='lat' dir='ltr'>perveniunt.</span> <span class='ocrx_word' id='word_1_821' title='bbox 2560 2770 2646 2808; x_wconf 90' lang='lat' dir='ltr'>Etsi</span> 
     </span>
     <span class='ocr_line' id='line_1_100' title="bbox 1414 2831 2649 2886; baseline -0.003 -11"><span class='ocrx_word' id='word_1_822' title='bbox 1414 2833 1686 2875; x_wconf 90' lang='lat' dir='ltr'>Culindarum</span> <span class='ocrx_word' id='word_1_823' title='bbox 1716 2840 1880 2886; x_wconf 89' lang='lat' dir='ltr'>gentem</span> <span class='ocrx_word' id='word_1_824' title='bbox 1916 2833 2108 2872; x_wconf 86' lang='lat' dir='ltr'>novimus</span> <span class='ocrx_word' id='word_1_825' title='bbox 2141 2833 2249 2872; x_wconf 90' lang='lat' dir='ltr'>inter</span> <span class='ocrx_word' id='word_1_826' title='bbox 2269 2831 2402 2872; x_wconf 87' lang='lat' dir='ltr'>fontes</span> <span class='ocrx_word' id='word_1_827' title='bbox 2418 2831 2584 2886; x_wconf 69' lang='lat' dir='ltr'>Vipacae</span> <span class='ocrx_word' id='word_1_828' title='bbox 2608 2840 2649 2871; x_wconf 88' lang='lat' dir='ltr'>ct</span> 
     </span>
     <span class='ocr_line' id='line_1_101' title="bbox 1412 2892 2644 2949; baseline -0.004 -12"><span class='ocrx_word' id='word_1_829' title='bbox 1412 2896 1564 2949; x_wconf 89' lang='lat' dir='ltr'>Gangis</span> <span class='ocrx_word' id='word_1_830' title='bbox 1582 2895 1785 2936; x_wconf 88' lang='lat' dir='ltr'>habitasse</span> <span class='ocrx_word' id='word_1_831' title='bbox 1806 2895 1822 2947; x_wconf 89' lang='lat'>(</span> <span class='ocrx_word' id='word_1_832' title='bbox 1839 2893 1903 2935; x_wconf 75' lang='lat' dir='ltr'>Cf.</span> <span class='ocrx_word' id='word_1_833' title='bbox 1918 2896 2069 2935; x_wconf 89' lang='lat' dir='ltr'>Lassen</span> <span class='ocrx_word' id='word_1_834' title='bbox 2082 2892 2303 2947; x_wconf 73' lang='lat' dir='ltr'>Zeitsclzft.</span> <span class='ocrx_word' id='word_1_835' title='bbox 2316 2895 2372 2943; x_wconf 88' lang='lat' dir='ltr'>H,</span> <span class='ocrx_word' id='word_1_836' title='bbox 2386 2907 2429 2947; x_wconf 88' lang='lat' dir='ltr'>p.</span> <span class='ocrx_word' id='word_1_837' title='bbox 2449 2906 2498 2933; x_wconf 86' lang='lat'>21</span> <span class='ocrx_word' id='word_1_838' title='bbox 2518 2895 2644 2946; x_wconf 68' lang='lat' dir='ltr'>sqq),</span> 
     </span>
     <span class='ocr_line' id='line_1_102' title="bbox 1412 2955 2646 2999; baseline -0.003 0"><span class='ocrx_word' id='word_1_839' title='bbox 1412 2966 1551 2999; x_wconf 91' lang='lat' dir='ltr'>tamen</span> <span class='ocrx_word' id='word_1_840' title='bbox 1579 2959 1647 2998; x_wconf 93' lang='lat' dir='ltr'>cui</span> <span class='ocrx_word' id='word_1_841' title='bbox 1673 2957 1768 2997; x_wconf 91' lang='lat' dir='ltr'>urbi</span> <span class='ocrx_word' id='word_1_842' title='bbox 1791 2955 1976 2997; x_wconf 82' lang='lat' dir='ltr'>Culindae</span> <span class='ocrx_word' id='word_1_843' title='bbox 1994 2971 2148 2998; x_wconf 91' lang='lat' dir='ltr'>nomen</span> <span class='ocrx_word' id='word_1_844' title='bbox 2177 2956 2302 2997; x_wconf 88' lang='lat' dir='ltr'>fuerit</span> <span class='ocrx_word' id='word_1_845' title='bbox 2326 2956 2544 2996; x_wconf 85' lang='lat' dir='ltr'>nescimus.</span> <span class='ocrx_word' id='word_1_846' title='bbox 2566 2957 2646 2995; x_wconf 86' lang='lat' dir='ltr'>Ita-</span> 
     </span>
     <span class='ocr_line' id='line_1_103' title="bbox 1413 3015 2647 3075; baseline -0.004 -15"><span class='ocrx_word' id='word_1_847' title='bbox 1413 3034 1494 3075; x_wconf 89' lang='lat' dir='ltr'>que</span> <span class='ocrx_word' id='word_1_848' title='bbox 1529 3020 1653 3060; x_wconf 89' lang='lat' dir='ltr'>etiam</span> <span class='ocrx_word' id='word_1_849' title='bbox 1689 3020 1770 3060; x_wconf 89' lang='lat' dir='ltr'>hoc</span> <span class='ocrx_word' id='word_1_850' title='bbox 1798 3019 2048 3073; x_wconf 88' lang='lat' dir='ltr'>relinquitur</span> <span class='ocrx_word' id='word_1_851' title='bbox 2078 3020 2121 3058; x_wconf 92' lang='lat' dir='ltr'>in</span> <span class='ocrx_word' id='word_1_852' title='bbox 2153 3017 2304 3067; x_wconf 92' lang='lat' dir='ltr'>dubio,</span> <span class='ocrx_word' id='word_1_853' title='bbox 2340 3015 2452 3071; x_wconf 91' lang='lat' dir='ltr'>quod</span> <span class='ocrx_word' id='word_1_854' title='bbox 2495 3017 2647 3056; x_wconf 82' lang='lat' dir='ltr'>flumen</span> 
     </span>
     <span class='ocr_line' id='line_1_104' title="bbox 1413 3077 2647 3136; baseline -0.004 -13"><span class='ocrx_word' id='word_1_855' title='bbox 1413 3081 1605 3124; x_wconf 79' lang='lat' dir='ltr'>Ixamati</span> <span class='ocrx_word' id='word_1_856' title='bbox 1625 3080 1850 3136; x_wconf 89' lang='lat' dir='ltr'>appelletur</span> <span class='ocrx_word' id='word_1_857' title='bbox 1865 3096 1876 3130; x_wconf 91' lang='lat'>;</span> <span class='ocrx_word' id='word_1_858' title='bbox 1901 3095 1996 3120; x_wconf 90' lang='lat' dir='ltr'>nam</span> <span class='ocrx_word' id='word_1_859' title='bbox 2012 3083 2242 3121; x_wconf 87' lang='lat' dir='ltr'>Iamumam</span> <span class='ocrx_word' id='word_1_860' title='bbox 2263 3077 2307 3118; x_wconf 93' lang='lat' dir='ltr'>id</span> <span class='ocrx_word' id='word_1_861' title='bbox 2325 3091 2411 3117; x_wconf 91' lang='lat' dir='ltr'>esse</span> <span class='ocrx_word' id='word_1_862' title='bbox 2429 3077 2497 3116; x_wconf 83' lang='lat' dir='ltr'>vix</span> <span class='ocrx_word' id='word_1_863' title='bbox 2515 3077 2647 3118; x_wconf 87' lang='lat' dir='ltr'>audeo</span> 
     </span>
     <span class='ocr_line' id='line_1_105' title="bbox 1413 3138 2648 3194; baseline -0.005 -9"><span class='ocrx_word' id='word_1_864' title='bbox 1413 3142 1676 3185; x_wconf 88' lang='lat' dir='ltr'>contendere.</span> <span class='ocrx_word' id='word_1_865' title='bbox 1708 3144 1758 3182; x_wconf 91' lang='lat' dir='ltr'>In</span> <span class='ocrx_word' id='word_1_866' title='bbox 1781 3141 1949 3181; x_wconf 88' lang='lat' dir='ltr'>nomine</span> <span class='ocrx_word' id='word_1_867' title='bbox 1972 3155 2103 3194; x_wconf 87' lang='lat' dir='ltr'>graeco</span> <span class='ocrx_word' id='word_1_868' title='bbox 2136 3140 2260 3181; x_wconf 88' lang='lat' dir='ltr'>literae</span> <span class='ocrx_word' id='word_1_869' title='bbox 2281 3140 2309 3179; x_wconf 91' lang='grc' dir='ltr'><strong>Γ</strong></span> <span class='ocrx_word' id='word_1_870' title='bbox 2335 3147 2375 3179; x_wconf 91' lang='lat' dir='ltr'>et</span> <span class='ocrx_word' id='word_1_871' title='bbox 2393 3139 2423 3178; x_wconf 91' lang='lat' dir='ltr'>T</span> <span class='ocrx_word' id='word_1_872' title='bbox 2456 3138 2648 3179; x_wconf 88' lang='lat' dir='ltr'>videntur</span> 
     </span>
     <span class='ocr_line' id='line_1_106' title="bbox 1413 3201 2648 3261; baseline -0.004 -15"><span class='ocrx_word' id='word_1_873' title='bbox 1413 3220 1498 3246; x_wconf 88' lang='lat' dir='ltr'>esse</span> <span class='ocrx_word' id='word_1_874' title='bbox 1509 3212 1764 3261; x_wconf 81' lang='lat' dir='ltr'>permutatae,</span> <span class='ocrx_word' id='word_1_875' title='bbox 1775 3204 1831 3243; x_wconf 88' lang='lat' dir='ltr'>ita</span> <span class='ocrx_word' id='word_1_876' title='bbox 1843 3201 2111 3256; x_wconf 89' lang='lat' dir='ltr'>utlegendum</span> <span class='ocrx_word' id='word_1_877' title='bbox 2122 3203 2174 3242; x_wconf 93' lang='lat' dir='ltr'>sit</span> <span class='ocrx_word' id='word_1_878' title='bbox 2189 3201 2402 3255; x_wconf 73' lang='grc' dir='ltr'>Ὀξύματις.</span> <span class='ocrx_word' id='word_1_879' title='bbox 2421 3217 2436 3238; x_wconf 86' lang='lat'>»</span> <span class='ocrx_word' id='word_1_880' title='bbox 2453 3202 2648 3241; x_wconf 70' lang='lat' dir='ltr'>ScuwAN-</span> 
     </span>
     <span class='ocr_line' id='line_1_107' title="bbox 1413 3261 2649 3318; baseline -0.005 -9"><span class='ocrx_word' id='word_1_881' title='bbox 1413 3283 1537 3308; x_wconf 80' lang='lat' dir='ltr'>BECK.</span> <span class='ocrx_word' id='word_1_882' title='bbox 1576 3266 1629 3308; x_wconf 92' lang='lat' dir='ltr'>ad</span> <span class='ocrx_word' id='word_1_883' title='bbox 1665 3266 1716 3306; x_wconf 89' lang='lat' dir='ltr'>fr.</span> <span class='ocrx_word' id='word_1_884' title='bbox 1743 3265 1996 3318; x_wconf 86' lang='lat' dir='ltr'>Megasthen.</span> <span class='ocrx_word' id='word_1_885' title='bbox 2046 3265 2063 3318; x_wconf 75' lang='lat' dir='ltr'>ss</span> <span class='ocrx_word' id='word_1_886' title='bbox 2092 3288 2148 3294; x_wconf 91' lang='lat'>—</span> <span class='ocrx_word' id='word_1_887' title='bbox 2187 3266 2227 3304; x_wconf 84' lang='lat'>8.</span> <span class='ocrx_word' id='word_1_888' title='bbox 2262 3262 2473 3317; x_wconf 80' lang='grc' dir='ltr'>Ἐρρένυσις</span> <span class='ocrx_word' id='word_1_889' title='bbox 2492 3264 2507 3316; x_wconf 88' lang='grc'>]</span> <span class='ocrx_word' id='word_1_890' title='bbox 2550 3261 2649 3316; x_wconf 79' lang='grc' dir='ltr'>ἐρέν-</span> 
     </span>
     <span class='ocr_line' id='line_1_108' title="bbox 1414 3323 2650 3383; baseline -0.006 -12"><span class='ocrx_word' id='word_1_891' title='bbox 1414 3345 1512 3377; x_wconf 84' lang='grc' dir='ltr'>νεσις</span> <span class='ocrx_word' id='word_1_892' title='bbox 1529 3332 1601 3381; x_wconf 86' lang='lat' dir='ltr'>A.;</span> <span class='ocrx_word' id='word_1_893' title='bbox 1624 3328 1795 3383; x_wconf 78' lang='grc' dir='ltr'>ἐρίννισις</span> <span class='ocrx_word' id='word_1_894' title='bbox 1815 3329 1872 3375; x_wconf 91' lang='grc' dir='ltr'>Β;</span> <span class='ocrx_word' id='word_1_895' title='bbox 1914 3325 2063 3381; x_wconf 76' lang='grc' dir='ltr'>ἐρίνισις</span> <span class='ocrx_word' id='word_1_896' title='bbox 2086 3325 2144 3376; x_wconf 92' lang='lat' dir='ltr'>C;</span> <span class='ocrx_word' id='word_1_897' title='bbox 2171 3324 2375 3373; x_wconf 83' lang='grc' dir='ltr'>ἐτοέννεσις</span> <span class='ocrx_word' id='word_1_898' title='bbox 2403 3327 2456 3366; x_wconf 93' lang='lat' dir='ltr'>D.</span> <span class='ocrx_word' id='word_1_899' title='bbox 2486 3323 2650 3379; x_wconf 78' lang='grc' dir='ltr'>ἐρινέσης</span> 
     </span>
     <span class='ocr_line' id='line_1_109' title="bbox 1414 3387 2650 3446; baseline -0.004 -13"><span class='ocrx_word' id='word_1_900' title='bbox 1414 3407 1506 3446; x_wconf 85' lang='lat' dir='ltr'>vgo.</span> <span class='ocrx_word' id='word_1_901' title='bbox 1543 3411 1560 3427; x_wconf 70' lang='grc' dir='ltr'><strong>α</strong></span> <span class='ocrx_word' id='word_1_902' title='bbox 1591 3392 1685 3431; x_wconf 86' lang='lat' dir='ltr'>Vox</span> <span class='ocrx_word' id='word_1_903' title='bbox 1726 3389 1937 3444; x_wconf 85' lang='grc' dir='ltr'>Ἔρέννεσις</span> <span class='ocrx_word' id='word_1_904' title='bbox 1973 3403 2067 3429; x_wconf 89' lang='lat' dir='ltr'>cum</span> <span class='ocrx_word' id='word_1_905' title='bbox 2090 3389 2259 3429; x_wconf 92' lang='lat' dir='ltr'>nomine</span> <span class='ocrx_word' id='word_1_906' title='bbox 2280 3387 2397 3428; x_wconf 90' lang='lat' dir='ltr'>urbis</span> <span class='ocrx_word' id='word_1_907' title='bbox 2419 3387 2650 3428; x_wconf 64' lang='lat' dir='ltr'>clarissimae</span> 
     </span>
     <span class='ocr_line' id='line_1_110' title="bbox 1412 3449 2650 3504; baseline -0.003 -10"><span class='ocrx_word' id='word_1_908' title='bbox 1412 3452 1607 3494; x_wconf 74' lang='lat' dir='ltr'>Varanak</span> <span class='ocrx_word' id='word_1_909' title='bbox 1632 3453 1734 3492; x_wconf 90' lang='lat' dir='ltr'>mire</span> <span class='ocrx_word' id='word_1_910' title='bbox 1762 3452 1973 3504; x_wconf 88' lang='lat' dir='ltr'>congruit,</span> <span class='ocrx_word' id='word_1_911' title='bbox 2015 3449 2128 3504; x_wconf 92' lang='lat' dir='ltr'>quod</span> <span class='ocrx_word' id='word_1_912' title='bbox 2153 3464 2204 3490; x_wconf 85' lang='lat' dir='ltr'>ex</span> <span class='ocrx_word' id='word_1_913' title='bbox 2230 3449 2411 3490; x_wconf 89' lang='lat' dir='ltr'>duorum</span> <span class='ocrx_word' id='word_1_914' title='bbox 2429 3449 2650 3490; x_wconf 89' lang='lat' dir='ltr'>fluminum</span> 
     </span>
     <span class='ocr_line' id='line_1_111' title="bbox 1414 3514 2651 3571; baseline -0.004 -12"><span class='ocrx_word' id='word_1_915' title='bbox 1414 3518 1652 3559; x_wconf 88' lang='lat' dir='ltr'>nominibus</span> <span class='ocrx_word' id='word_1_916' title='bbox 1692 3516 1968 3571; x_wconf 89' lang='lat' dir='ltr'>compositum</span> <span class='ocrx_word' id='word_1_917' title='bbox 2014 3516 2137 3556; x_wconf 88' lang='lat' dir='ltr'>etiam</span> <span class='ocrx_word' id='word_1_918' title='bbox 2186 3516 2230 3555; x_wconf 92' lang='lat' dir='ltr'>in</span> <span class='ocrx_word' id='word_1_919' title='bbox 2269 3514 2425 3556; x_wconf 88' lang='lat' dir='ltr'>Indicis</span> <span class='ocrx_word' id='word_1_920' title='bbox 2461 3514 2651 3567; x_wconf 88' lang='lat' dir='ltr'>catalogis</span> 
     </span>
     <span class='ocr_line' id='line_1_112' title="bbox 1416 3575 2649 3633; baseline -0.005 -11"><span class='ocrx_word' id='word_1_921' title='bbox 1416 3581 1608 3622; x_wconf 89' lang='lat' dir='ltr'>omnibus</span> <span class='ocrx_word' id='word_1_922' title='bbox 1627 3577 1895 3633; x_wconf 85' lang='lat' dir='ltr'>conjunctum</span> <span class='ocrx_word' id='word_1_923' title='bbox 1920 3578 2083 3632; x_wconf 88' lang='lat' dir='ltr'>legitur.</span> <span class='ocrx_word' id='word_1_924' title='bbox 2107 3575 2188 3618; x_wconf 92' lang='lat' dir='ltr'>Sed</span> <span class='ocrx_word' id='word_1_925' title='bbox 2218 3592 2272 3618; x_wconf 93' lang='lat' dir='ltr'>ne</span> <span class='ocrx_word' id='word_1_926' title='bbox 2301 3577 2562 3633; x_wconf 89' lang='lat' dir='ltr'>explicationi</span> <span class='ocrx_word' id='word_1_927' title='bbox 2585 3577 2649 3616; x_wconf 88' lang='lat' dir='ltr'>isti</span> 
     </span>
     <span class='ocr_line' id='line_1_113' title="bbox 1417 3639 2646 3691; baseline -0.004 -7"><span class='ocrx_word' id='word_1_928' title='bbox 1417 3643 1517 3685; x_wconf 89' lang='lat' dir='ltr'>fides</span> <span class='ocrx_word' id='word_1_929' title='bbox 1550 3641 1720 3691; x_wconf 89' lang='lat' dir='ltr'>deesset,</span> <span class='ocrx_word' id='word_1_930' title='bbox 1744 3640 1978 3681; x_wconf 72' lang='lat' dir='ltr'>Mathai-um</span> <span class='ocrx_word' id='word_1_931' title='bbox 2008 3639 2235 3680; x_wconf 84' lang='lat' dir='ltr'>obscuritas</span> <span class='ocrx_word' id='word_1_932' title='bbox 2257 3648 2362 3680; x_wconf 88' lang='lat' dir='ltr'>esset</span> <span class='ocrx_word' id='word_1_933' title='bbox 2388 3639 2646 3687; x_wconf 87' lang='lat' dir='ltr'>illustranda,</span> 
     </span>
     <span class='ocr_line' id='line_1_114' title="bbox 1418 3700 2648 3761; baseline -0.005 -15"><span class='ocrx_word' id='word_1_934' title='bbox 1418 3719 1597 3761; x_wconf 88' lang='lat' dir='ltr'>quorum</span> <span class='ocrx_word' id='word_1_935' title='bbox 1613 3717 1764 3744; x_wconf 89' lang='lat' dir='ltr'>nomen</span> <span class='ocrx_word' id='word_1_936' title='bbox 1786 3703 2031 3744; x_wconf 86' lang='lat' dir='ltr'>sanseritum</span> <span class='ocrx_word' id='word_1_937' title='bbox 2046 3716 2132 3743; x_wconf 89' lang='lat' dir='ltr'>esse</span> <span class='ocrx_word' id='word_1_938' title='bbox 2149 3701 2340 3757; x_wconf 72' lang='lat' dir='ltr'>mag-&#39;ada</span> <span class='ocrx_word' id='word_1_939' title='bbox 2354 3700 2498 3755; x_wconf 86' lang='lat' dir='ltr'>conjici</span> <span class='ocrx_word' id='word_1_940' title='bbox 2513 3702 2648 3755; x_wconf 86' lang='lat' dir='ltr'>potius</span> 
     </span>
     <span class='ocr_line' id='line_1_115' title="bbox 1419 3762 2649 3823; baseline -0.006 -15"><span class='ocrx_word' id='word_1_941' title='bbox 1419 3782 1541 3823; x_wconf 90' lang='lat' dir='ltr'>quam</span> <span class='ocrx_word' id='word_1_942' title='bbox 1553 3766 1718 3822; x_wconf 79' lang='lat' dir='ltr'>probari</span> <span class='ocrx_word' id='word_1_943' title='bbox 1733 3774 1881 3820; x_wconf 86' lang='lat' dir='ltr'>potest.</span> <span class='ocrx_word' id='word_1_944' title='bbox 1900 3785 1916 3800; x_wconf 71' lang='lat' dir='ltr'>n</span> <span class='ocrx_word' id='word_1_945' title='bbox 1934 3765 2237 3806; x_wconf 72' lang='lat' dir='ltr'>SCHWANBECK.</span> <span class='ocrx_word' id='word_1_946' title='bbox 2251 3789 2307 3796; x_wconf 91' lang='lat'>—</span> <span class='ocrx_word' id='word_1_947' title='bbox 2320 3766 2470 3805; x_wconf 85' lang='lat' dir='ltr'>Praeter</span> <span class='ocrx_word' id='word_1_948' title='bbox 2482 3762 2649 3802; x_wconf 86' lang='lat' dir='ltr'>nomina</span> 
     </span>
     <span class='ocr_line' id='line_1_116' title="bbox 1420 3825 2648 3884; baseline -0.006 -14"><span class='ocrx_word' id='word_1_949' title='bbox 1420 3830 1545 3871; x_wconf 89' lang='lat' dir='ltr'>modo</span> <span class='ocrx_word' id='word_1_950' title='bbox 1566 3829 1763 3870; x_wconf 89' lang='lat' dir='ltr'>recensita</span> <span class='ocrx_word' id='word_1_951' title='bbox 1791 3827 1904 3884; x_wconf 86' lang='lat' dir='ltr'>apud</span> <span class='ocrx_word' id='word_1_952' title='bbox 1935 3828 2179 3869; x_wconf 89' lang='lat' dir='ltr'>Strabonem</span> <span class='ocrx_word' id='word_1_953' title='bbox 2200 3842 2244 3882; x_wconf 90' lang='lat' dir='ltr'>p.</span> <span class='ocrx_word' id='word_1_954' title='bbox 2271 3841 2350 3881; x_wconf 91' lang='lat'>719</span> <span class='ocrx_word' id='word_1_955' title='bbox 2381 3834 2576 3879; x_wconf 89' lang='lat' dir='ltr'>tanquam</span> <span class='ocrx_word' id='word_1_956' title='bbox 2604 3825 2648 3864; x_wconf 89' lang='lat' dir='ltr'>in</span> 
     </span>
     <span class='ocr_line' id='line_1_117' title="bbox 1421 3885 2648 3946; baseline -0.006 -14"><span class='ocrx_word' id='word_1_957' title='bbox 1421 3894 1589 3946; x_wconf 89' lang='lat' dir='ltr'>Gangen</span> <span class='ocrx_word' id='word_1_958' title='bbox 1616 3891 1793 3931; x_wconf 89' lang='lat' dir='ltr'>influens</span> <span class='ocrx_word' id='word_1_959' title='bbox 1816 3899 2068 3931; x_wconf 86' lang='lat' dir='ltr'>memoratur</span> <span class='ocrx_word' id='word_1_960' title='bbox 2086 3889 2249 3941; x_wconf 83' lang='grc' dir='ltr'>Οἶδάνης</span> <span class='ocrx_word' id='word_1_961' title='bbox 2267 3888 2437 3937; x_wconf 86' lang='lat' dir='ltr'>fluvius,</span> <span class='ocrx_word' id='word_1_962' title='bbox 2460 3885 2648 3927; x_wconf 86' lang='lat' dir='ltr'>crocodi-</span> 
     </span>
     <span class='ocr_line' id='line_1_118' title="bbox 1422 3950 2645 4008; baseline -0.005 -13"><span class='ocrx_word' id='word_1_963' title='bbox 1422 3955 1481 3995; x_wconf 92' lang='lat' dir='ltr'>los</span> <span class='ocrx_word' id='word_1_964' title='bbox 1501 3962 1540 3994; x_wconf 88' lang='lat' dir='ltr'>et</span> <span class='ocrx_word' id='word_1_965' title='bbox 1562 3952 1776 4008; x_wconf 86' lang='lat' dir='ltr'>delphinos</span> <span class='ocrx_word' id='word_1_966' title='bbox 1794 3953 1926 4003; x_wconf 88' lang='lat' dir='ltr'>alens;</span> <span class='ocrx_word' id='word_1_967' title='bbox 1945 3952 2056 4007; x_wconf 89' lang='lat' dir='ltr'>quod</span> <span class='ocrx_word' id='word_1_968' title='bbox 2084 3951 2192 3992; x_wconf 87' lang='lat' dir='ltr'>idem</span> <span class='ocrx_word' id='word_1_969' title='bbox 2217 3951 2382 3992; x_wconf 88' lang='lat' dir='ltr'>Curtius</span> <span class='ocrx_word' id='word_1_970' title='bbox 2411 3950 2528 3999; x_wconf 87' lang='lat' dir='ltr'>VIII,</span> <span class='ocrx_word' id='word_1_971' title='bbox 2559 3964 2599 4002; x_wconf 92' lang='lat'>9,</span> <span class='ocrx_word' id='word_1_972' title='bbox 2620 3963 2645 4001; x_wconf 89' lang='lat'>9</span> 
     </span>
    </p>
   </div>
  </div>
 </body>
</html>
