2782 4348
26 679 54 701 0

67 1307 175 1349 Diod.

205 244 292 286 18⁶
557 204 603 251 ο

198 410 236 455 οἱ
259 412 546 460 κατοικοῦντες
559 443 574 469 ,
597 406 739 467 ὥσπερ
763 404 1048 469 ἀπαραὸάτων
1070 405 1259 452 σπονδῦν
1280 407 1433 465 μεταξὺ

197 480 390 524 τεθεισῶν
414 478 553 523 αὑτῶν
584 494 630 521 τε
662 475 735 520 καὶ
768 478 850 522 τῶν
880 476 1056 539 φωκῶν,
1085 473 1179 522 οὔτε
1211 475 1327 523 αὗτοὶ
1359 478 1434 531 τὰς

197 545 339 610 φώκας
361 546 568 602 σίνονται,
604 543 690 589 οὐδ’
713 542 782 588 ὑπ’
810 540 977 588 ε’κείνων
1009 535 1120 589 οὗτοι
1148 542 1429 613 βλάπτονται,

153 631 175 662 ε
199 612 306 660 ἀλλὰ
329 613 399 659 καὶ
422 610 613 666 ἀλλήλων
645 608 772 673 θήρας
803 609 1172 665 ἀνεπιὸουλεύτους
1207 613 1270 676 τῷ
1303 613 1432 678 θηρά-

197 699 315 728 σαντι
337 679 529 741 ἑκάτερον
551 677 667 741 γένος
688 682 911 741 συντηρεῖ,
934 679 1007 727 καὶ
1029 680 1431 746 συναναστρέφονται

194 749 322 800 οὕτως
344 750 562 805 ἀλλήλοις,
580 750 635 801 ὡς
654 748 772 808 μόλις
789 747 840 796 ἂν
859 752 1056 814 εὑρεθεῖεν
1079 750 1180 816 πρὸς
1195 753 1432 816 ἀνθρώπως

193 818 459 880 συμὸιοῦντες
481 817 703 879 ἄνθρωποι.

254 905 311 937 48.
333 887 435 936 Ὅτι
457 890 540 934 τῶν
556 887 838 953 Ἰχθυοφάγων
850 925 863 951 ,
880 890 1005 951 φησίν
1019 926 1035 953 ,
1055 893 1094 938 οἱ
1112 891 1188 952 μὲν
1208 892 1432 954 σκηνώμα-

130 972 169 1004 ιο
194 976 234 1004 σι
258 964 341 1011 τοῖς
372 957 618 1015 σπηλαίοις,
642 960 688 1004 οὗ
712 958 1010 1022 τετραμμένοις
1039 960 1142 1025 πρὸς
1164 962 1429 1025 μεσημὸρίαν

192 1026 260 1073 διὰ
283 1026 331 1074 τὸ
350 1029 570 1087 πνιγῶδες,
610 1027 721 1073 ἀλλὰ
756 1034 841 1080 τοῖς
874 1030 1237 1094 ἀπεστραμμένοις
1272 1032 1427 1094 αὐτὴν,

190 1100 388 1160 χρῶνται·
410 1099 448 1143 οἱ
468 1096 511 1143 δὲ
535 1096 615 1143 ὑπὸ
643 1104 734 1150 ταῖς
757 1100 839 1144 τῶν
862 1097 1015 1161 ἰχθύων
1051 1102 1270 1166 πλευραῖς,
1302 1102 1427 1166 φυκία

190 1166 479 1220 ἐπιὸάλλοντες
495 1167 645 1220 αὑτοῖς·
666 1169 704 1214 οἱ
726 1166 769 1214 δὲ
792 1168 867 1220 τὰς
881 1170 964 1214 τῶν
985 1170 1134 1215 ἐλαιῶν
1156 1170 1337 1234 κορυφὰς
1352 1172 1428 1216 ἀλ-

249 1314 309 1348 42.
329 1299 416 1347 Καὶ
436 1298 483 1345 τὸ
501 1299 667 1346 πάντων
689 1299 1053 1360 θαυμασιώτατον,
1085 1303 1223 1364 φῶκαι
1242 1301 1326 1354 τοῖς
1353 1301 1424 1363 γέ-

123 1386 161 1417 Ιε
188 1387 277 1415 νεσι
315 1366 473 1422 τούτοις
521 1369 884 1432 συνδιατρίὸουσαι
930 1370 1057 1431 θήραν
1100 1374 1315 1416 ποιοῦνται
1343 1374 1424 1416 τῶν

187 1437 340 1500 ἰχθύων
363 1438 455 1485 καθ’
473 1438 601 1491 αὑτὰς
621 1438 931 1502 παραπλησίως
949 1439 1193 1502 ἀνθρώποις.
1242 1439 1426 1500 Ὁμοίως

187 1506 231 1555 δὲ
246 1507 321 1554 ’καὶ
339 1507 435 1570 περὶ
458 1508 533 1561 τὰς
550 1508 688 1562 κοίτας
709 1509 781 1555 καὶ
801 1507 877 1565 τὴν
894 1511 976 1554 τῶν
990 1512 1263 1571 γεννηθέντων
1284 1510 1424 1574 ἀσφά-

186 1578 301 1623 λειαν
321 1576 497 1639 μεγίστῃ
516 1577 654 1624 πίστει
668 1578 719 1624 τὰ
740 1577 837 1640 γένη
865 1581 998 1623 ταῦτα
1021 1581 1204 1641 χρῆσθαι
1226 1578 1328 1642 πρὸς
1350 1579 1424 1626 ἄλ-

185 1649 309 1703 ληλα.
327 1645 467 1710 Χωρὶς
484 1646 565 1710 γὰρ
583 1647 837 1708 ἀδικήματος
860 1648 1105 1712 ἀλλοφύλοις
1116 1646 1233 1713 ζῴοις
1256 1652 1280 1705 ἡ
1301 1668 1423 1696 συνα-

122 1740 165 1771 20
184 1715 394 1781 ναστροφὴ
427 1716 585 1778 γίνεται
604 1717 694 1778 μετ’
726 1717 890 1781 εἰρήνης
915 1717 987 1764 καὶ
1010 1718 1151 1775 πάσης
1186 1718 1420 1772 εὖλαὸείας.

184 1779 316 1838 Οὗτος
332 1785 408 1847 μὲν
426 1779 496 1833 οἶν
513 1790 534 1833 ὁ
548 1786 647 1849 βίος,
666 1787 822 1851 καίπερ
832 1786 889 1834 ὧν
908 1787 1152 1851 παράδοξος,
1173 1790 1220 1834 ἐκ
1234 1789 1423 1835 παλαιῶν

183 1854 341 1918 χρόνων
361 1855 584 1919 τετήρηται
611 1860 696 1910 τοῖς
718 1857 852 1918 γένεσι
874 1857 1049 1916 τούτοις,
1074 1858 1154 1904 εἴτε
1175 1860 1332 1922 ἐθισμῷ
1356 1858 1422 1905 διὰ

182 1925 254 1971 τὸν
295 1925 443 1989 χρόνον
480 1925 562 1972 εἴτε
594 1927 803 1991 ἀναγκαία
838 1926 961 1991 χρεία
995 1925 1064 1973 διὰ
1097 1927 1144 1974 τὸ
1176 1928 1419 1991 κατεπεῖγον

184 1994 458 2057 ἡρμοσμένος·
1058 2062 1060 2064 ,

118 2085 160 2116 2⁶
244 2079 302 2112 ⁴³.
338 2064 543 2121 Οἶκήσεσι
562 2064 606 2111 δὲ
632 2064 685 2111 τὰ
704 2065 800 2121 ἔθνη
824 2067 904 2128 οὔχ
922 2065 1085 2127 ὁμοίαις
1106 2071 1287 2130 χρῆται,
1322 2066 1423 2130 πρὸς

181 2134 225 2180 δὲ
246 2134 321 2188 τὰς
350 2137 424 2190 τῆς
444 2135 727 2197 περιστάσεως
750 2135 958 2192 ἰδιότητας
1002 2137 1326 2198 διηλλαγμέναις
1347 2138 1424 2198 ἐμ-

182 2201 334 2251 6ιοῦσι.
400 2203 521 2256 Τινὲς
544 2203 619 2263 μὲν
634 2203 714 2267 γὰρ
730 2206 772 2251 ἐν
793 2203 1012 2261 σπηλαίοις
1025 2209 1266 2252 κατοικοῦσι
1284 2208 1421 2252 κεκλι-

179 2272 314 2331 μένοις
335 2273 519 2335 μάλιστα
537 2273 639 2337 πρὸς
661 2272 733 2326 τὰς
753 2272 944 2337 ἄρκτους,
968 2276 1008 2320 ἐν
1030 2266 1090 2327 οἶς
1108 2274 1421 2339 καταψύχουσιν

179 2341 346 2395 ἑαυτοὺς
371 2341 440 2389 διά
460 2361 505 2389 τε
532 2342 580 2388 τὸ
600 2342 724 2405 βάθος
745 2347 819 2399 τῆς
852 2351 972 2396 σκιᾶς
1006 2343 1078 2389 καὶ
1101 2344 1170 2390 διὰ
1192 2344 1268 2396 τὰς
1302 2362 1424 2409 περι-

110 2431 153 2463 20
178 2411 379 2465 πνεούσας
400 2410 543 2476 αὔρας·
562 2411 615 2458 τὰ
635 2411 709 2472 μὲν
728 2411 810 2475 γὰρ
833 2411 934 2476 πρὸς
949 2413 1218 2478 μεσημὸρίαν
1236 2412 1421 2472 νεύοντα,

178 2482 262 2534 τοῖς
278 2481 409 2534 ἴπνοις
420 2481 720 2544 παραπλησίαν
737 2481 887 2545 ἔχοντα
903 2481 978 2539 τὴν
998 2483 1240 2546 θερμασίαν,
1262 2476 1422 2548 ἀπρόσ·

179 2569 247 2596 ιτα
283 2555 366 2603 τοῖς
395 2550 620 2610 ἀνθρώποις
653 2552 739 2598 ἐστὶ
763 2551 832 2597 διὰ
858 2550 935 2608 τὴν
958 2556 1032 2599 τοῦ
1064 2552 1275 2613 καύματος
1297 2556 1422 2616 ὓπερ-

179 2619 328 2677 ὃολήν.
395 2624 451 2669 Οἱ
482 2622 525 2667 δὲ
553 2625 634 2667 τῶν
657 2621 758 2685 πρὸς
793 2621 945 2683 ἄρκτον
979 2621 1177 2668 νευόντων
1203 2623 1419 2679 σπηλαίων

180 2691 440 2744 σπανίζοντες
463 2691 696 2753 ἀθροίζουσι
713 2691 787 2743 τὰς
805 2690 988 2755 πλευρὰς
1009 2694 1091 2737 τῶν
1112 2693 1158 2737 ἐκ
1180 2696 1252 2737 τοῦ
1284 2692 1420 2738 πελά·-

113 2777 155 2809 ³5
178 2778 273 2821 γους
292 2759 571 2806 ἐκπιπτόντων
587 2763 738 2816 κητῶν·
759 2765 832 2817 τῆς
855 2761 898 2807 δὲ
914 2761 1069 2807 τούτων
1091 2760 1304 2823 δαψιλείας
1323 2763 1422 2807 πολ-

179 2830 254 2884 λῆς
275 2829 412 2884 οὔσης,
434 2829 770 2883 καταπλέξαντες
807 2829 848 2884 ἐξ
876 2828 1074 2892 ἐκατέρου
1098 2830 1246 2892 μέρους
1268 2829 1420 2892 κύρτας

178 2897 279 2962 πρὸς
306 2898 491 2953 ἀλλήλας
508 2898 740 2949 νενευκυίας
756 2933 770 2959 ,
799 2901 860 2962 τῷ
884 2898 1113 2962 προσφάτῳ
1131 2900 1250 2961 φύκει
1268 2899 1419 2951 ταύτας

179 2966 461 3014 διαπλέκουσι.
499 2965 820 3026 Σκεπαζομένης
835 2962 905 3013 οὖν
929 2970 1002 3023 τῆς
1018 2966 1212 3029 καμάρας
1228 2969 1268 3012 ἐν
1284 2967 1416 3029 ταύτῃ

177 3033 225 3081 τὸ
261 3035 491 3101 βαρύτατον
527 3039 600 3081 τοῦ
636 3035 848 3097 καύματος
872 3035 1183 3093 ἀναπαύονται,
1206 3038 1279 3091 τῆς
1309 3037 1418 3081 κατὰ

116 3129 158 3160 00
179 3103 299 3169 φύσιν
319 3103 462 3171 χρείας
490 3103 785 3151 αὐτοδίδακτον
809 3105 959 3167 τέχνην
982 3104 1283 3167 ὑφηγουμένης.
1321 3105 1419 3168 Τρί-

178 3192 245 3227 τος
272 3174 316 3220 δὲ
344 3172 493 3237 τρόπος
524 3172 613 3220 ἐστὶ
642 3180 726 3227 τοῖς
759 3173 1044 3238 Ἰχθυοφάγοις
1079 3177 1153 3230 τῆς
1175 3174 1418 3231 σκηνώσεως

177 3246 371 3296 τοιοῦτος·
392 3244 530 3290 ἐλαῖαι
553 3242 724 3306 φύονται
747 3243 858 3289 πάνυ
876 3243 1030 3289 πολλαὶ
1045 3243 1139 3306 περὶ
1161 3242 1253 3294 τοὺς
1272 3242 1418 3294 τόπους

178 3313 355 3371 τούτους,
373 3313 426 3359 τὰ
446 3312 522 3375 μὲν
538 3314 639 3375 πρὸς
659 3312 735 3368 τὴν
758 3313 873 3377 ῥίζαν
893 3312 1064 3376 ἔχουσαι
1078 3313 1417 3377 προσκλυζόμενα

177 3386 230 3445 τῇ
254 3384 458 3446 θαλάττῃ,
483 3382 639 3429 πυκναὶ
662 3382 705 3429 δὲ
721 3383 805 3435 τοῖς
823 3382 1092 3446 φυλλώμασι,
1108 3382 1178 3429 τὸν
1196 3382 1240 3429 δὲ
1258 3382 1417 3446 καρπὸν

114 3471 158 3502 st»
178 3451 316 3509 ὅμοιον
339 3453 511 3514 ἔχουσαι
534 3454 594 3515 τῷ
618 3456 888 3515 κασταναϊκῷ
911 3452 1070 3517 καρύῳ.
1137 3452 1307 3505 Ταύτας
1338 3453 1419 3498 ἀλ-

179 3521 325 3576 λήλαις
346 3522 649 3581 συμπλέκοντες
677 3522 750 3568 καὶ
772 3525 925 3586 συνεχῆ
949 3522 1069 3569 σκιὰν
1088 3527 1298 3575 ποιοῦντες
1319 3522 1420 3568 ἴδια·

180 3590 342 3644 ζούσαις
365 3594 537 3646 σκηναῖς
557 3591 785 3651 ἰμὸιοῢσιν·
807 3591 896 3653 ἅμα
912 3592 991 3657 γὰρ
1006 3595 1047 3639 ἐν
1064 3596 1118 3656 γῇ
1143 3592 1215 3639 καὶ
1234 3591 1416 3654 θαλάττῃ

180 3658 455 3723 διατρίὸοντες
478 3661 704 3723 ἐπιτερπῶς
724 3660 965 3723 διεξάγουσι,
992 3662 1060 3709 τὸν
1085 3662 1161 3724 μὲν
1185 3662 1300 3721 ἥλιον
1319 3661 1418 3726 φεύ-

180 3746 320 3791 γοντες
339 3732 391 3792 τῇ
414 3728 481 3774 διὰ
499 3732 580 3774 τῶν
602 3730 839 3791 ἀκρεμόνων
863 3739 980 3796 σκιᾷ,
1001 3733 1048 3778 τὸ
1071 3733 1113 3778 δὲ
1138 3731 1308 3796 φυσικὸν
1325 3730 1417 3795 περὶ

239 3902 400 3958 §⁴2,l.
425 3916 468 3944 α.
493 3901 851 3961 ἀπαραίάτων]
890 3904 1042 3946 ἀὸάτων
1076 3908 1236 3960 011—
1257 3907 1298 3948 3.
1332 3920 1415 3947 τε·

186 3966 384 4021 θεισῶν]
408 3965 595 4007 τεθέντων
614 3963 740 4007 codd.

241 4030 354 4082 543,
375 4028 403 4070 Ι.
435 4026 769 4077 memsam-1225
789 4030 836 4070 C.
858 4033 951 4083 11-
973 4031 1037 4072 13.
1065 4029 1243 4073 ἐλαιῶν
1260 4032 1274 4088 ]
1293 4029 1418 4088 Apud

186 4090 417 4132 Diodorum
439 4105 515 4146 pro
537 4090 666 4133 ἐλαῖαι
683 4090 810 4133 codd.
832 4091 985 4134 liabent
1005 4092 1151 4134 ἐλάται.
1177 4095 1239 4135 Dc
1260 4092 1419 4135 arbori·

1171 237 1250 284 EX
1282 236 1759 292 AGATHARCHIDB

76 350 187 393 phot.
262 355 321 388 σε.
356 339 456 389 Ὅτι
481 339 611 403 φησί,
637 339 825 397 Πλησίον
857 341 940 383 τῶν
962 336 1120 400 ἀδίψων
1154 335 1435 403 Ἰχθυοφάγων

2649 252 2736 310 (³2)

1565 355 1637 404 42.
1666 352 1988 411 Ichthyophagis
2011 354 2164 412 adipeis
2178 356 2265 398 sive
2286 371 2371 398 non
2398 358 2631 402 sitientibus
2644 360 2739 404 fini·

1502 421 1611 472 timi,
1626 435 1706 464 eeu
1718 422 1952 465 inviolabile
1965 426 2168 468 sancitum
2182 426 2242 467 eis
2253 425 2386 468 soedus
2406 429 2455 468 sit
2467 442 2562 469 cum
2577 424 2737 485 phocis,

1502 503 1582 532 nec
1603 489 1683 547 ipsi
1702 490 1856 548 phocas
1875 490 2046 545 laedunt,
2080 508 2159 536 nee
2178 493 2231 536 ab
2262 494 2339 537 illis
2369 506 2622 539 nocumento
2647 498 2738 543 assi·

1501 557 1693 610 ciuntur3
1713 559 1844 602 immo
1857 561 1981 603 etiam
1995 561 2155 618 praedas
2176 563 2284 605 inter
2296 578 2340 605 se
2362 566 2545 607 venatori
2563 567 2740 623 integras
2759 555 2782 620 ‘g

1501 634 1543 668 et
1567 626 1812 671 insidiarum
1843 628 2052 671 immunes
2075 638 2299 687 utrumque
2322 647 2453 686 genus
2475 634 2671 686 custodit,
2697 645 2740 679 et
2779 635 2782 637 ’

1500 694 1557 737 ita
1575 703 1763 738 mutuam
1787 697 1894 739 inter
1907 711 1951 739 se
1964 699 2306 743 consuetudinem
2326 702 2494 753 habent,
2513 713 2559 747 ut
2579 707 2645 747 vix
2665 706 2740 748 ho-

1499 763 1634 805 mines
1653 764 1725 821 qui
1746 778 1843 806 cum
1868 764 2109 808 hominibus
2127 768 2183 810 ita
2201 770 2438 812 convictum
2460 781 2597 826 agant,
2624 774 2736 816 inve·

1498 831 1682 874 niantur.

1556 904 1627 953 43.
1667 906 1768 947 Pars
1803 905 2210 963 Ichthyophagorum
2242 923 2319 967 pro
2357 911 2630 955 tabernaculis
2666 915 2739 957 lia·

1500 991 1602 1034 bent
1618 1006 1781 1048 specus,
1802 1007 1887 1035 non
1902 1008 2123 1037 conversos
2145 995 2200 1038 ad
2224 998 2456 1053 meridiem,
2472 1012 2643 1060 propter
2661 1005 2738 1047 int·

1498 1080 1713 1123 modicum
1732 1090 1892 1134 aestum,
1924 1082 1998 1124 sed
2026 1084 2070 1125 in
2090 1083 2251 1140 plagam
2280 1089 2530 1131 contrariam
2548 1106 2734 1142 aversos,

1497 1185 1593 1227 pars
1623 1171 1703 1214 sub
1735 1173 1860 1213 costis
1890 1173 2089 1228 piscium,
2124 1173 2277 1229 quibus
2304 1174 2403 1229 algae
2435 1177 2735 1232 insternuntur,

1551 1312 1622 1359 42.
1653 1311 1707 1351 Et
1738 1309 1853 1366 quod
1886 1311 1929 1352 in
1962 1325 2126 1353 summa
2153 1314 2246 1367 quis
2278 1313 2553 1359 admiratione
2582 1328 2736 1374 ponat,

1494 1386 1638 1442 phocae
1674 1387 1740 1428 his
1778 1387 1998 1443 generibus
2041 1388 2259 1431 familiares
2301 1389 2421 1446 juxta
2456 1408 2504 1435 ae
2547 1394 2737 1439 homines

1494 1466 1671 1521 piscium
1703 1475 1895 1523 capturas
1926 1482 2001 1524 per
2022 1482 2066 1510 se
2086 1466 2391 1511 administrant.
2450 1471 2512 1511 Ita
2534 1485 2737 1513 summam

1494 1556 1663 1599 quoque
1684 1542 1810 1585 fidem
1833 1545 1876 1586 in
1895 1544 2095 1587 cubilium
2114 1553 2156 1587 et
2175 1545 2327 1587 sobolis
2347 1545 2473 1588 tutela
2488 1562 2636 1601 genera
2651 1549 2737 1590 hare

1495 1618 1604 1660 inter
1627 1634 1671 1661 se
1702 1628 1912 1676 praestant.
1970 1623 2166 1663 Mutuum
2202 1622 2315 1663 enim
2352 1622 2445 1664 vitm
2480 1625 2735 1666 consortium

1493 1694 1663 1751 pacifice
1681 1704 1722 1738 et
1744 1710 1839 1738 cum
1859 1698 1976 1739 omni
2000 1697 2247 1740 verecundia
2266 1699 2368 1740 citra
2396 1698 2519 1741 ullam
2543 1699 2736 1755 injuriam
2779 1712 2782 1751 -j

1493 1772 1686 1814 animalia
1706 1787 1855 1828 genere
1890 1774 2097 1831 disparata
2127 1775 2235 1816 inter
2265 1789 2309 1817 se
2344 1784 2508 1830 gerunt.
2569 1778 2623 1819 Et
2650 1777 2739 1820 haec

1496 1850 1589 1891 vitae
1599 1850 1770 1893 societas
1784 1852 2051 1906 quantumvis
2066 1851 2265 1893 mirabilis
2275 1866 2299 1893 a
2310 1853 2455 1908 priscis
2470 1852 2568 1895 inde
2580 1853 2738 1896 saeculis

1495 1925 1627 1968 velex
1647 1927 1948 1969 consuetudine
1970 1927 2168 1970 diuturna
2188 1928 2249 1970 vel
2268 1930 2484 1971 necessarii
2505 1944 2603 1971 usus
2623 1930 2739 1973 insti-

1493 2003 1658 2057 gatione
1675 2004 1773 2060 ipsis
1791 2012 2075 2047 conservatur.

1552 2081 1604 2130 43
1626 2082 1644 2135 (
1662 2084 1762 2138 Cap.
1796 2094 1844 2135 19
1862 2082 1895 2138 ).
1920 2081 2117 2124 Habitant
2135 2081 2199 2124 hae
2230 2090 2371 2137 gentes
2393 2097 2477 2125 non
2497 2083 2670 2139 perinde
2691 2092 2738 2127 ut

1492 2161 1810 2219 Ichthyophagi,
1831 2162 1903 2204 sed
1924 2164 2045 2205 variis
2074 2178 2153 2220 pro
2170 2165 2379 2206 rationum
2394 2164 2630 2208 diversitate
2646 2180 2737 2208 mo·

1493 2242 1575 2286 dis.
1627 2243 1811 2298 Quidam
1835 2258 1981 2300 specus
2003 2245 2204 2298 subeunt,
2242 2246 2426 2303 aquiloni
2460 2247 2734 2304 utplurimum

1492 2323 1700 2380 objectos,
1723 2326 1765 2367 in
1784 2325 1937 2381 quibus
1954 2325 2007 2367 ad
2027 2325 2382 2382 refrigerationem
2398 2335 2441 2370 et
2461 2327 2620 2370 umbroe
2637 2342 2735 2385 pro·
2779 2371 2782 2374 Α

1494 2405 1675 2448 funditas
1699 2414 1741 2448 et
1775 2407 2139 2463 circumspirantoe
2174 2421 2285 2450 aurae
2316 2407 2415 2465 ipsis
2448 2407 2733 2452 commodant.

1491 2488 1598 2530 Nam
1634 2502 1727 2544 quae
1762 2487 1816 2530 ad
1839 2487 2058 2530 meridiem
2099 2488 2314 2541 inclinant,
2351 2488 2567 2532 fornacum
2607 2490 2737 2532 instar
2775 2489 2782 2536 ἐ

1492 2579 1680 2623 aestuant,
1701 2579 1743 2613 et
1761 2571 1816 2613 ob
1849 2572 2026 2613 nimium
2056 2570 2262 2614 servorem
2280 2586 2465 2614 aecensus
2495 2571 2734 2614 hominibus
2774 2558 2782 2627 1

1491 2660 1660 2708 negant.
1702 2652 1938 2694 Nonnullia
1954 2652 2159 2708 speluncis
2176 2652 2410 2695 borealibus
2431 2651 2584 2694 exclusi
2601 2661 2735 2695 costas
2773 2637 2782 2717 1

1491 2734 1742 2777 balaenarum
1757 2765 1769 2786 ,
1787 2748 1890 2790 quas
1908 2733 2124 2790 frequente
2155 2733 2211 2775 ibi
2234 2734 2354 2790 copia
2375 2733 2540 2790 pelagus
2556 2733 2701 2789 eJectat
2715 2766 2727 2786 ,

1490 2832 1619 2860 curvo
1631 2817 1826 2872 utrinque
1839 2817 1880 2857 in
1893 2830 1936 2857 se
1950 2816 2061 2858 ssexu
2072 2823 2340 2866 connectunt,
2354 2814 2524 2872 alguque
2540 2817 2732 2859 intexunt
2767 2811 2770 2814 ⁴

1489 2902 1660 2944 recenti.
1719 2901 1806 2943 Sub
1821 2878 1907 2951 his,
1928 2914 2005 2942 ceu
2029 2900 2185 2942 fornice
2208 2900 2406 2941 umbroso
2420 2931 2431 2951 ,
2450 2914 2525 2957 per
2543 2901 2733 2956 gravissi·
2758 2927 2760 2931 -

1490 3002 1581 3028 mos
1602 2986 1698 3029 solis
1720 2985 1888 3028 ardores
1908 2986 2223 3041 conquiescunt.
2283 2987 2420 3039 Quam
2444 2992 2573 3027 artem
2596 2998 2671 3042 per
2688 2998 2732 3027 se

1489 3077 1646 3110 naturae
1675 3068 1763 3110 illos
1800 3068 2016 3109 necessitas
2052 3065 2213 3109 edocet.
2272 3067 2437 3107 Tertius
2471 3065 2567 3108 inde
2596 3066 2733 3108 taber·

1489 3149 1634 3192 nacula
1665 3147 1838 3206 parandi
1869 3147 2018 3189 modus
2046 3146 2157 3203 apud
2187 3146 2519 3203 Ichthyophagos
2553 3146 2621 3188 hic
2650 3154 2729 3189 est.

1488 3232 1666 3274 Multum
1700 3231 1757 3272 ibi
1789 3231 1970 3272 nascitur
2001 3229 2203 3272 olivarum
2222 3260 2233 3280 ,
2260 3243 2352 3285 quae
2384 3230 2494 3271 circa
2516 3227 2674 3271 radices
2705 3241 2732 3271 a

1490 3314 1593 3356 inari
1616 3313 1841 3364 alluuntur,
1863 3321 1905 3354 et
1928 3311 2075 3354 densas
2096 3319 2246 3366 gerunt
2268 3309 2457 3362 frondes,
2480 3310 2637 3352 fructus
2657 3323 2731 3352 au-

1489 3405 1572 3438 tem
1608 3403 1805 3437 castanea:
1841 3394 1937 3436 nuci
1962 3393 2150 3435 assimilis
2178 3401 2254 3435 est.
2315 3393 2389 3434 His
2422 3392 2531 3434 inter
2561 3405 2604 3433 se
2629 3404 2734 3448 eon-q

1489 3480 1631 3531 nexis,
1669 3478 1838 3521 densam
1874 3478 1952 3520 sibi
1989 3477 2182 3520 umbram
2227 3476 2409 3528 faciunt,
2447 3484 2490 3518 et
2531 3474 2610 3518 sub
2649 3475 2731 3518 hoo

1489 3577 1597 3605 novo
1620 3561 1957 3604 umbraculorum
1989 3575 2138 3616 genere
2175 3561 2299 3602 vitam
2335 3559 2518 3615 degunt,
2545 3560 2586 3601 in
2620 3566 2729 3602 tem

1488 3645 1609 3688 simul
1641 3654 1681 3687 et
1705 3646 1805 3686 mari
1835 3643 2022 3700 jucunda
2053 3658 2149 3686 cum
2183 3643 2455 3685 oblectatione
2490 3649 2723 3692 versantes,

1488 3727 1589 3770 dum
1627 3742 1838 3769 ramorum
1873 3726 2031 3769 umbris
2066 3724 2193 3768 solem
2230 3723 2441 3776 devitant,
2478 3730 2519 3764 et
2559 3730 2724 3764 natura·

1490 3904 1566 3945 bus
1585 3918 1686 3959 quas
1705 3918 1818 3945 mare
1836 3902 1949 3944 alluit
1972 3902 2014 3943 in
2045 3901 2187 3958 pelago
2210 3901 2353 3942 Rubro
2370 3915 2418 3942 ac
2438 3900 2531 3940 sinu
2549 3895 2671 3941 Arabi

1488 3966 1542 4008 cs.
1565 3966 1855 4008 Eratosthenes
1869 3979 1935 4021 ap.
1950 3964 2143 4007 Strabon.
2160 3978 2203 4020 p.
2223 3968 2326 4020 767;
2348 3959 2599 4005 Artemidor.
2618 3954 2721 4000 ibid:

1489 4043 1531 4085 p.
1550 4043 1647 4084 770,
1665 4028 1735 4070 ubi
1757 4028 1862 4070 insu-a
1883 4026 2072 4083 Σωτείρας
2085 4027 2224 4083 λιμένα
2237 4025 2405 4068 arbores
2423 4039 2464 4066 m
2488 4036 2594 4079 aqua
2610 4017 2726 4086 nasci

1489 4091 1701 4133 dicuntur.
1733 4090 1968 4134 Secundum
1996 4088 2173 4132 eundem
2197 4088 2334 4145 paullo
2354 4095 2445 4144 post
2473 4090 2668 4127 memorat
