2782 4348
139 160 286 222 (w.)

63 271 116 309 ot.
132 264 340 324 ρημέναις.
406 265 612 328 Οὔτεγὰρ
632 268 854 329 ἐψυγμένος
877 273 898 315 ὁ
923 271 1002 334 ἀὴρ
1015 272 1108 319 οὔτε
1132 274 1247 338 ξηρὸς
1268 279 1359 343 οὔτε

129 331 324 393 ἔμπυρος,
341 333 532 393 μαλακὴν
549 335 591 379 δὲ
611 331 681 379 καὶ
697 336 864 383 δασεῖαν
877 339 1050 403 νεφέλην
1069 345 1356 406 ὑποδεικνύων,

128 402 199 463 ἀφ’
227 396 275 458 ἧς
303 402 411 448 ὑετοὶ
442 402 513 448 καὶ
538 405 738 464 χειμῶνες
756 405 936 464 γίνονται
958 409 1030 455 καὶ
1058 410 1194 474 θέρους
1215 414 1357 462 εὔκαι-

129 487 205 531 ροι.
275 473 362 526 Τῆς
381 489 425 516 τε
457 469 598 534 χώρας
619 474 645 526 ἦ
669 473 842 531 πλείστη
879 475 1096 541 πάμφορος
1126 480 1202 540 μέν
1225 484 1354 545 ἐστιν,

61 549 80 578 5
123 540 170 585 οὗ
189 545 305 584 πᾶσα
334 537 375 583 δὲ
397 539 591 601 τυγχάνει
619 542 863 604 θεραπείας,
896 548 978 592 τῶν
1001 548 1111 594 λαῶν
1142 551 1357 614 ἀπειροτέ-

123 625 204 670 ρων
227 606 367 654 ὄντων.
434 608 517 654 Τὸν
552 608 691 668 μέντοι
724 612 878 674 χρυσὸν
914 614 1153 677 ὀρύσσοντες
1197 622 1238 665 ἐν
1271 627 1355 674 τοῖς

122 674 359 720 πλακώδεσι
380 680 452 732 τῆς
481 677 620 740 χώρας
642 682 860 742 ὕπονόμοις
889 685 1119 744 εὑρίσκουσι
1141 688 1283 748 πολὺν,
1308 692 1352 736 οὗ

121 744 189 789 τὸν
221 745 518 806 συντηκόμενον
557 751 646 807 μετ’
670 751 902 812 ἐπιστήμης
930 754 1002 800 καὶ
1038 756 1184 818 τέχνης
1207 760 1252 804 ἐκ
1281 764 1352 806 τοῦ

66 798 73 803 ”
118 813 356 876 ψήγματος,
381 815 487 861 ἀλλὰ
510 817 578 862 τὸν
600 819 851 879 αὐτόματον,
876 824 1127 885 καλούμενον
1147 826 1190 873 δὲ
1210 828 1276 874 διὰ
1305 829 1350 876 τὸ

57 896 95 925 10
120 882 344 942 συμὸαῖνον
364 887 461 948 παρ’
480 884 684 943 ἽΞλλησιν
706 890 882 954 ἄπυρον·
905 887 950 938 οῦ
972 894 1018 940 τὸ
1041 895 1115 955 μὲν
1136 898 1349 961 ἐλάχιστον

118 950 202 1013 ἔχει
233 952 398 1013 μέγεθος
434 960 631 1018 πυρῆνος,
664 959 774 1005 τὸδὲ
801 961 924 1021 μέσον
962 965 1185 1024 μεσπίλου,
1228 969 1273 1013 τὸ
1307 969 1349 1015 δὲ

115 1020 304 1083 μέγιστον
350 1023 454 1069 ὥστε
510 1029 736 1087 βασιλικοῖς
779 1032 1123 1093 παραὸάλλεσθαι
1164 1036 1343 1099 καρύοις.

110 1088 191 1136 “Ὸν
211 1090 435 1154 τρήσαντες
460 1096 634 1150 ἐναλλὰξ
660 1099 875 1160 διαφανέσι
909 1102 1034 1156 λίθοις
1057 1106 1151 1167 περί
1173 1125 1216 1151 τε
1256 1107 1348 1162 τοὺς

114 1160 295 1222 καρποὺς
320 1168 487 1225 φοροῦσι
521 1168 601 1210 τῶν
634 1171 784 1230 χειρῶν
813 1170 996 1233 καὶπερὶ
1028 1172 1121 1226 τοὺς
1154 1175 1346 1237 αὐχένας,

51 1246 89 1275 15
113 1228 213 1291 πρός
235 1249 277 1274 τε
304 1231 395 1283 τοὺς
419 1234 706 1295 ἀστυγείτονας
736 1239 980 1300 μετάγοντες
1001 1244 1206 1289 πωλοῦσιν
1235 1248 1346 1290 εὖτε-

112 1299 211 1350 λῶς·
236 1299 304 1345 τὸν
331 1300 405 1360 μὲν
431 1302 510 1366 γὰρ
534 1305 689 1365 χαλκὸν
713 1307 812 1369 πρὸς
834 1308 901 1354 τὸν
922 1310 1075 1372 χρυσὸν
1097 1312 1344 1375 τρίσταθμον

112 1367 405 1426 ἀλλάττονται,
443 1371 510 1416 τὸν
537 1373 580 1418 δὲ
613 1374 779 1438 σίδηρον
815 1378 916 1440 πρὸς
954 1382 1121 1427 διπλοῦν
1155 1384 1339 1445 χρυσίον.

110 1436 164 1483 Ὁ
187 1437 229 1483 δὲ
255 1438 426 1501 ἄργυρος
451 1446 521 1487 τοῦ
562 1450 718 1505 χρυσοῦ
757 1446 856 1492 δέκα
898 1448 1068 1497 δύναται
1098 1452 1265 1514 μοίρας,
1291 1459 1342 1516 τῇ

108 1507 298 1569 δαψιλείᾳ
332 1508 403 1554 καὶ
442 1510 588 1556 σπάνει
620 1517 691 1569 τῆς
715 1515 828 1568 ἀξίας
859 1524 1274 1583 παραμετρουμένης,
1299 1528 1340 1571 ἐν

42 1583 85 1612 20
107 1566 166 1626 οἷς
189 1575 415 1621 ἀποὸλέπει
435 1586 515 1631 πᾶς
534 1583 554 1624 ὁ
568 1580 653 1642 βίος
675 1585 717 1628 οὔ
743 1585 844 1647 πρὸς
865 1586 1097 1651 τὴνφύσιν,
1119 1592 1225 1638 ἀλλὰ
1241 1594 1340 1656 πρὸς

107 1642 179 1698 τὴν
201 1644 360 1706 χρείαν.

1057 173 1139 218 DE
1174 176 1332 224 MARI
1367 180 1614 231 ERYTHR
1625 186 1735 232 AEO.

2575 228 2657 268 185

1431 293 1542 334 enim
1564 294 1737 349 frigidus
1759 306 1820 339 est
1838 298 1895 340 ibi
1921 314 2005 352 aer,
2026 317 2101 344 nec
2117 306 2247 349 siccus
2274 326 2350 353 nec
2378 316 2571 374 fervidus,
2593 331 2663 371 sed

1433 364 1598 406 mollem
1619 375 1660 408 et
1677 369 1847 423 spissam
1862 371 1987 413 refert
2013 374 2182 427 nubem,
2203 393 2226 419 a
2244 395 2324 434 qua
2345 386 2489 438 pluviae
2507 402 2546 433 et
2565 404 2663 439 tem-

1426 446 1603 488 pestates
1636 442 1759 483 etiam
1781 453 1917 487 aestate
1937 448 2139 491 exsistunt
2166 457 2409 500 commodae.
2468 465 2663 523 Pleraque

1425 509 1604 562 regionis
1626 512 1873 559 feracissima
1894 527 2013 572 sunt,
2041 521 2114 563 sed
2135 523 2190 564 ob
2218 526 2437 572 hominum
2460 534 2661 583 inscitiam

1424 595 1509 622 non
1539 584 1694 640 ubique
1709 587 1823 641 justo
1857 593 1971 634 cultu
1996 594 2248 641 afficiuntur.
2308 605 2470 647 Aurum
2489 623 2585 652 sane
2619 615 2661 656 in

1424 659 1619 699 crustosis
1644 668 1762 703 terrae
1791 665 1898 706 illius
1920 669 2120 711 cuniculis
2149 673 2202 714 ad
2225 690 2412 732 magnam
2443 683 2659 731 inveniunt

1423 731 1600 784 copiam,
1623 747 1708 775 non
1727 737 1846 790 quale
1868 738 2052 783 adhibita
2070 745 2238 788 scientia
2252 758 2292 790 et
2309 761 2395 794 arte
2410 755 2661 813 colliquescit

1421 817 1444 842 e
1475 807 1694 859 ramentis,
1727 809 1799 850 sed
1821 821 1968 866 spo-nte
1988 823 2153 867 natum,
2184 822 2298 874 quod
2324 839 2481 882 apyron
2521 831 2659 888 (ignis

1420 886 1629 932 expertem
1648 882 1664 934 )
1683 882 1815 923 Graeci
1836 884 1887 925 ab
1907 896 2058 928 eventu
2076 889 2365 950 denominant3
2388 901 2503 956 cujus
2521 910 2658 961 portio

1422 951 1594 995 minima
1615 969 1702 996 non
1731 958 1870 999 minor
1889 969 1949 1001 est
1964 961 2079 1003 olivae
2103 968 2276 1010 ossiculo
2291 1003 2302 1022 ,
2323 975 2459 1018 media
2481 993 2655 1032 granum

1419 1025 1578 1080 mespili
1603 1026 1807 1083 adaequat,
1830 1034 2009 1076 maxima
2034 1050 2129 1078 cum
2152 1042 2326 1084 nucibus
2350 1049 2470 1102 regiis
2492 1066 2656 1110 compa-

1417 1098 1499 1137 rari
1517 1107 1666 1153 potest.
1725 1104 1817 1144 Hoc
1845 1106 2100 1159 perforatum
2120 1111 2227 1153 inter
2248 1115 2402 1171 lapillos
2430 1123 2654 1177 pellucidos

1417 1169 1664 1224 alternatim,
1683 1175 1791 1216 circa
1805 1177 1962 1219 radices
1975 1195 2175 1224 manuum
2192 1194 2232 1226 et
2250 1189 2351 1231 colla
2364 1202 2534 1248 gestant,
2549 1208 2589 1239 et
2600 1201 2653 1242 ad

1417 1241 1614 1285 finitimos
1649 1248 1891 1291 translatum
1918 1253 1987 1293 vili
2027 1257 2160 1308 pretio
2197 1261 2400 1315 rendunt3
2433 1282 2528 1310 nam
2557 1286 2653 1314 cum

1415 1324 1494 1352 aere
1511 1327 1661 1355 aurum
1679 1316 1850 1372 triplum
1873 1331 2155 1376 commutant,
2183 1336 2223 1368 et
2242 1343 2319 1384 pro
2342 1331 2450 1375 ferro
2479 1336 2652 1394 duplum

1414 1377 1611 1432 reddunt,
1636 1391 1677 1424 et
1711 1395 1926 1445 argentum
1953 1391 2043 1431 auri
2065 1391 2287 1450 decuplum
2324 1400 2441 1443 valet.
2500 1406 2651 1450 Modus

1413 1449 1525 1490 enim
1544 1453 1826 1497 aestimationis
1850 1469 2114 1516 comparatur
2139 1464 2192 1506 ad
2217 1469 2419 1512 rationem
2435 1473 2669 1519 abundan-·

1413 1519 1479 1559 tiae
1511 1529 1551 1561 et
1581 1524 1780 1576 raritatis;
1803 1528 1954 1582 quibus
1984 1530 2027 1570 in
2056 1533 2179 1575 rebus
2204 1544 2291 1578 tota
2319 1539 2536 1585 hominum
2570 1549 2649 1589 vita

1411 1601 1495 1627 non
1514 1596 1598 1630 tam
1617 1590 1669 1631 ad
1689 1602 1877 1635 naturam
1899 1598 1957 1637 rei
1973 1629 1984 1648 ‚
2007 1613 2131 1653 quam
2158 1617 2254 1645 usus
2272 1611 2551 1654 necessitatem
2587 1631 2648 1656 re-

1411 1665 1546 1718 spicit.

626 1745 2115 1776 Ἃ

0 1778 89 1818 >iod-
104 1775 290 1832 πλησίον,
315 1779 422 1824 ἀλλὰ
445 1783 654 1840 μαλακαῖς
676 1785 747 1830 καὶ
771 1787 952 1840 δασείαις
972 1790 1157 1853 νεφέλαις
1181 1794 1338 1839 πολλά-

112 1863 173 1896 κις
191 1849 447 1910 κατεχομένη
466 1870 474 1879 ·
496 1854 541 1897 ἐκ
561 1853 603 1897 δὲ
626 1855 779 1900 τούτων
795 1860 951 1916 νεφετοὶ
973 1861 1028 1919 (l.
1050 1862 1155 1908 ὑετοὶ
1174 1861 1186 1926 )
1211 1863 1338 1925 γίνον-

102 1933 169 1959 ται
192 1917 261 1962 καὶ
295 1923 495 1981 χειμῶνες
527 1923 707 1987 εὔκαιροι
732 1927 802 1971 καὶ
834 1934 1039 1984 ποιοῦντες
1062 1932 1135 1988 τὴν
1177 1935 1333 1996 θερινὴν

38 1997 78 2024 25
99 1981 208 2046 ὥραν
233 1985 443 2050 εὔκρατον.
511 1989 572 2038 Ἥ
594 2012 637 2038 τε
656 1994 774 2056 χώρα
798 1998 1013 2061 πάμφορός
1043 2003 1129 2047 ἐστι
1153 2004 1223 2049 καὶ
1243 2005 1335 2050 διά-

98 2070 214 2116 φορος
236 2057 343 2102 κατὰ
362 2059 436 2124 τὴν
466 2061 634 2123 ἀρετὴν,
666 2066 710 2108 οὗ
737 2066 873 2125 μέντοι
900 2071 1093 2132 τυγχάνει
1125 2077 1197 2128 τῆς
1222 2076 1332 2120 ἐνδε-

95 2123 275 2184 χομένης
298 2129 533 2188 ἐπιμελείας
556 2132 622 2176 διὰ
641 2133 715 2189 τὴν
735 2139 814 2180 τῶν
833 2139 944 2183 λαῶν
970 2142 1178 2202 ἀπειρίαν.
1247 2145 1331 2191 Τὸν

96 2191 138 2236 δὲ
160 2194 311 2258 χρυσὸν
347 2198 600 2259 εὑρίσκοντες
628 2203 668 2246 ἐν
701 2205 783 2256 τοῖς
806 2214 988 2268 φυσικοῖς
1018 2210 1234 2270 ὑπονόμοις
1259 2216 1331 2269 τῆς

95 2263 169 2319 γῆς
191 2260 410 2325 συνάγουσι
431 2267 579 2325 πολὺν,
606 2272 650 2314 οὐ
677 2269 745 2316 τὸν
775 2275 821 2318 ἐκ
843 2279 912 2319 τοῦ
942 2275 1157 2338 ψήγματος
1179 2298 1329 2338 συντη-

28 2339 73 2369 30
95 2328 285 2391 κόμενον,
314 2334 421 2380 ἀλλὰ
445 2336 512 2382 τὸν
548 2339 730 2401 αὐτοφυῆ
751 2341 821 2386 καὶ
856 2344 1108 2405 καλούμενον
1145 2349 1226 2394 ἀπὸ
1255 2356 1328 2396 τοῦ

95 2399 402 2459 συμὸεὸηκότος
430 2406 601 2469 ἄπυρον.
683 2410 804 2455 Κατὰ
834 2411 875 2457 δὲ
909 2414 955 2458 τὸ
985 2415 1150 2476 μέγεθος
1185 2419 1325 2482 ἐλάχι-

95 2485 186 2520 στος
218 2470 291 2530 μὲν
315 2473 544 2535 εὑρίσκεται
567 2480 854 2539 παραπλήσιος
876 2487 1040 2545 πυρῆνι,
1066 2486 1254 2547 μέγιστος
1284 2491 1325 2535 δὲ

93 2539 138 2582 οὐ
157 2538 260 2584 πολὺ
281 2543 520 2602 λειπόμενος
548 2549 762 2607 βασιλικοῦ
786 2552 955 2613 καρύου.
993 2556 1176 2617 Φοροῦσι
1193 2560 1228 2603 δ’
1251 2561 1324 2604 αὐ-

91 2606 158 2652 τὸν
181 2609 276 2670 περί
298 2629 340 2655 τε
375 2613 467 2665 τοὺς
502 2616 684 2677 καρποὺς
718 2621 798 2663 τῶν
829 2626 975 2681 χειρῶν
1006 2625 1076 2669 καὶ
1109 2627 1202 2688 περὶ
1235 2628 1324 2682 τοὺς

23 2691 69 2720 35
90 2678 342 2740 τραχήλους,
366 2683 610 2744 τετρημένον
630 2687 806 2740 ἐναλλὰξ
828 2690 952 2742 λίθοις
970 2692 1195 2756 διαφανέσι.
1238 2699 1322 2744 Καὶ

88 2745 230 2791 τούτου
268 2747 342 2804 μὲν
385 2756 456 2796 τοῦ
494 2753 632 2812 γένους
667 2758 981 2812 ἐπιπολάζοντος
1025 2764 1123 2825 παρ’
1159 2767 1315 2823 αὐτοῖς,

89 2815 246 2875 χαλκοῦ
268 2816 309 2862 δὲ
344 2819 413 2863 καὶ
439 2821 605 2884 σιδήρου
643 2825 924 2885 σπανίζοντος,
952 2832 1016 2875 ἐπ’
1038 2831 1129 2887 ἴσης
1159 2836 1316 2880 ἀλλάτ-

88 2901 223 2929 τονται
243 2891 372 2931 ταῦτα
396 2889 445 2933 τὰ
470 2891 613 2953 φορτία
634 2894 732 2954 πρὸς
754 2895 844 2948 τοὺς
862 2900 1078 2961 ἐμπόρους.

88 3057 148 3097 vcl
166 3072 216 3099 ex
233 3060 461 3103 Ptolemaeis
475 3066 704 3108 rationibus
723 3071 952 3113 Cassanitis
963 3075 1186 3119 attribuere
1202 3079 1318 3132 lieet;

85 3119 216 3174 iisque
243 3123 463 3165 tribuenda
500 3141 596 3168 sane
625 3137 700 3180 est,
744 3132 777 3172 si
815 3141 925 3174 recte
947 3136 1129 3178 Ritterus
1167 3141 1183 3192 (
1199 3141 1317 3193 XIH,

85 3194 128 3234 p.
153 3183 230 3223 215
250 3184 264 3240 )
290 3185 464 3241 conjecit
482 3189 533 3230 ab
555 3190 632 3232 hac
660 3192 763 3234 urbe
795 3194 982 3239 derivare
1000 3213 1152 3242 nomen
1175 3203 1320 3245 Γασαν-

82 3243 162 3291 δεῖς
193 3260 226 3286 s.
263 3248 517 3299 Κασσανῗτας.
546 3253 663 3295 Idem
685 3256 810 3307 XIII,
827 3273 870 3313 p.
896 3260 976 3309 314
1004 3262 1095 3315 (cf.
1122 3265 1219 3317 XII,
1247 3269 1315 3309 86.

89 3318 164 3359 107
194 3322 255 3362 sq.
274 3311 290 3363 )
309 3312 588 3355 Gasandenses
609 3318 783 3359 Diodori
803 3335 887 3361 non
918 3321 1100 3366 diversos
1136 3338 1272 3370 censet
1294 3346 1318 3372 a

40 3417 41 3421 Ἰ
79 3369 273 3410 ὈΙιαεεαη
285 3374 410 3424 tribu,
422 3391 511 3430 quae
520 3378 561 3418 in
574 3380 729 3434 Syriam
743 3384 946 3437 migravit,
959 3387 1014 3428 ita
1022 3396 1158 3430 tamen
1170 3401 1214 3432 ut
1222 3407 1315 3447 pars

84 3428 126 3467 in
160 3432 414 3477 meridionali
444 3440 596 3481 Arabia
618 3447 874 3487 remanserit.
909 3450 971 3489 Eo
1002 3450 1098 3493 facit
1128 3453 1315 3496 Edrisius

83 3492 118 3538 Ι,
156 3506 198 3546 p.
224 3497 315 3544 144,
349 3499 419 3550 qui
448 3500 505 3541 ita
530 3501 653 3543 habet
677 3517 687 3544 :
726 3526 742 3541 «
779 3510 841 3548 De
861 3509 1078 3554 Dienouan
1105 3515 1311 3572 (Djisan)

84 3552 318 3607 dependent
335 3559 537 3612 plusieurs
553 3564 704 3619 bourgs
722 3576 762 3608 et
776 3569 1039 3625 habitations,
1058 3575 1130 3617 des
1145 3579 1312 3635 champs

21 3627 23 3630 ⁴
83 3617 271 3674 cultive's,
296 3619 367 3660 des
386 3637 489 3664 caux
504 3628 732 3682 employees
748 3629 771 3671 a
789 3632 1078 3687 l’agriculture.
1100 3642 1159 3682 La
1179 3657 1312 3698 popu-

82 3677 208 3718 lation
237 3695 280 3720 se
301 3696 493 3738 compose
514 3686 712 3731 d’Arabes
731 3691 834 3734 dela
853 3696 965 3738 tribu
987 3698 1038 3739 de
1064 3702 1252 3745 Glmsscm
1272 3716 1312 3748 et

81 3740 274 3782 d'autres.
300 3763 315 3778 »
340 3744 455 3786 Idem
469 3750 645 3802 populus
660 3754 770 3807 apud
782 3756 960 3799 Plinium
980 3762 1054 3811 VI,
1078 3766 1130 3812 [¹2
1143 3777 1312 3810 vocatur

81 3804 239 3844 Gasani
268 3821 282 3845 :
316 3807 437 3848 Litas
464 3812 697 3862 Mamaeum,
731 3817 804 3857 ubi
832 3833 956 3860 aurea
982 3827 1147 3866 metalla
1161 3846 1176 3876 ‚·
1203 3833 1311 3882 regio

85 3868 276 3907 Canauna
286 3886 300 3916 ;
326 3880 462 3919 gentes
487 3874 702 3929 Apitami,
730 3882 889 3922 Gasani
920 3883 1032 3938 (var.
1062 3888 1153 3931 lect.
1190 3895 1310 3934 Casa-

82 3928 169 3980 ni).
196 3931 383 3985 Denique
416 3949 510 3974 cum
546 3938 878 3984 Gasandensibus
898 3976 908 3994 ,
933 3948 1305 4009 Casandrensibus,

73 3990 296 4032 Cassanitis
311 4025 321 4043 ,
359 4000 634 4052 componendi
658 4012 753 4044 sunt
782 4005 1011 4062 Κανραεῖται
1039 4014 1127 4066 (sic
1149 4017 1277 4060 codex
1293 4053 1305 4071 ,

1410 1811 1604 1856 torretur,
1633 1816 1679 1847 ut
1700 1811 1945 1866 propinquae
1959 1844 1970 1864 ‚
1996 1815 2067 1855 sed
2088 1817 2280 1860 mollibus
2309 1831 2348 1862 ct
2380 1827 2517 1880 spissis
2539 1843 2644 1885 saepe

1405 1883 1587 1925 nubibus
1617 1887 1846 1942 obtegitur3
1873 1893 1984 1934 unde
2006 1896 2153 1951 pluviae
2179 1903 2408 1944 commodae
2429 1914 2470 1946 et
2491 1922 2642 1964 oppor-

1403 1972 1515 2006 tunae·
1532 1969 1746 2020 exsistunt,
1772 1986 1863 2025 quae
1882 1983 2060 2016 aestatem
2077 1992 2242 2034 quoque
2263 1981 2370 2025 bene
2397 1993 2640 2043 temperant.

1402 2046 1469 2086 Ad
1491 2048 1667 2102 quodvis
1688 2051 1755 2093 illa
1787 2054 1904 2095 tellus
1927 2056 2143 2100 ferendum
2173 2071 2233 2103 est
2249 2063 2399 2107 idonea
2413 2099 2423 2118 ,
2459 2077 2500 2109 et
2525 2070 2639 2113 beni-

1401 2128 1554 2179 gnitate
1574 2131 1733 2172 excellit
1746 2164 1757 2183 ,
1780 2134 1852 2174 sed
1874 2150 1948 2190 per
1966 2139 2169 2182 inscitiam
2189 2143 2406 2188 hominum
2426 2164 2510 2190 non
2527 2150 2641 2205 justo

1398 2207 1577 2250 afficitur
1604 2212 1732 2254 cultu.
1790 2217 1942 2270 Magna
1965 2220 2024 2260 vis
2047 2223 2136 2263 auri
2159 2238 2182 2264 e
2214 2214 2414 2270 cuniculis
2437 2246 2461 2272 a
2492 2243 2639 2278 natura

1400 2286 1515 2328 factis
1552 2293 1726 2343 eruitur,
1765 2300 1851 2337 non
1887 2313 1910 2338 e
1944 2304 2140 2343 ramentis
2172 2306 2499 2363 colliquefactum
2513 2345 2525 2364 ,
2561 2316 2634 2357 sed

1396 2377 1542 2422 sponte
1565 2386 1637 2412 sua
1658 2382 1823 2425 natum,
1860 2379 1973 2431 quod
2003 2381 2055 2422 ab
2092 2394 2243 2426 eventu
2278 2403 2476 2444 apyrum,
2511 2394 2554 2435 id
2576 2405 2637 2437 est

1396 2448 1500 2501 ignis
1537 2465 1703 2506 expers,
1750 2458 2002 2501 nominatur.
2062 2464 2285 2508 Minimum
2327 2469 2414 2524 ejus
2456 2473 2635 2519 frustum

1394 2530 1539 2570 nucleo
1563 2546 1638 2587 par
1659 2543 1742 2584 est,
1766 2540 1995 2582 maximum
2022 2558 2045 2583 a
2068 2559 2174 2586 nuce
2200 2550 2310 2603 regia
2342 2566 2426 2593 non
2457 2556 2634 2599 multum

1392 2607 1619 2650 exceditur.
1681 2612 1796 2655 Circa
1827 2615 1958 2657 basim
1991 2633 2191 2663 manuum
2221 2633 2262 2665 et
2287 2627 2390 2669 colla
2421 2629 2465 2670 id
2497 2632 2632 2686 ipsum

1391 2690 1563 2735 gestant,
1584 2686 1798 2740 pellucidis
1822 2691 2000 2734 invicem
2023 2695 2166 2751 lapillis
2189 2699 2422 2755 trajectum.
2483 2709 2541 2748 Ut
2563 2724 2632 2750 au-

1391 2766 1474 2799 tem
1495 2760 1576 2802 hoe
1598 2765 1748 2806 metalli
1772 2781 1920 2820 genere
1937 2770 2164 2824 abundant,
2187 2776 2246 2817 sic
2268 2780 2358 2818 aeris
2377 2789 2418 2821 et
2440 2781 2534 2824 ferri
2558 2799 2629 2839 pe-

1389 2838 1511 2877 nuria
1531 2837 1732 2882 laborant.
1793 2846 2016 2900 Propterea
2035 2852 2193 2904 aequali
2219 2853 2307 2895 haec
2328 2858 2416 2897 auri
2449 2860 2631 2913 pondere

1387 2923 1667 2966 permutantes
1690 2933 1712 2958 a
1732 2924 2028 2964 mercatoribus
2048 2928 2273 2982 accipiunt.

1390 3095 1606 3141 corrupte,
1636 3098 1682 3130 ut
1714 3091 1937 3148 videtur),
1964 3098 2034 3150 qui
2054 3098 2096 3137 in
2115 3101 2277 3155 Periplo
2299 3106 2422 3144 maris
2455 3109 2622 3162 Erythr-

1390 3160 1433 3201 p.
1459 3161 1508 3188 12
1528 3150 1719 3193 Hudson.
1737 3153 1790 3195 ad
1812 3169 1927 3197 oram
1943 3159 2192 3201 maritimam
2211 3163 2319 3204 inter
2334 3166 2623 3212 Nabataeorum

1389 3209 1591 3253 ditionem
1613 3222 1654 3254 et
1673 3216 1867 3258 Arabiam
1883 3218 2040 3261 felicem
2066 3221 2258 3276 degentes
2279 3233 2474 3281 tanquam
2500 3230 2622 3272 latro-

1386 3287 1473 3323 neS,
1499 3276 1622 3329 pestis
1643 3287 1931 3330 mercatorum,
1959 3293 2254 3326 memorantur.
2277 3288 2466 3330 Ceterum
2489 3291 2541 3332 de
2564 3294 2622 3335 se-

1386 3337 1647 3379 rocicissimis
1663 3340 1748 3380 istis
1764 3342 1954 3384 tribubus
1976 3359 2067 3398 quae
2090 3347 2212 3388 etiam
2234 3351 2403 3391 nuncin
2431 3368 2480 3393 eo
2503 3354 2621 3398 litore

1385 3397 1767 3452 deprehenduntur,
1797 3404 1947 3444 nullius
1975 3406 2148 3461 imperio
2172 3408 2363 3464 subJ'ectae
2385 3422 2506 3469 atque
2529 3419 2620 3459 reli-

1385 3461 1505 3513 gione
1527 3477 1550 3503 a
1571 3463 1881 3506 Mohamedanis
1904 3467 2073 3509 diversae
2087 3501 2098 3520 ,
2125 3485 2164 3512 v.
2189 3473 2441 3517 Niebuhrius
2470 3493 2519 3519 ex
2552 3496 2620 3523 eo-

1384 3538 1463 3577 que
1479 3539 1550 3565 sua
1568 3534 1709 3579 petens
1727 3528 1907 3569 Ritterus
1922 3531 2029 3582 XII,
2051 3546 2094 3586 p.
2120 3547 2213 3587 192.
2269 3536 2284 3590 ΙΙ
2300 3561 2357 3568 —
2374 3552 2412 3579 1.
2438 3538 2489 3580 ‘O
2510 3541 2617 3599 ἀὴρ]

1384 3586 1447 3627 Cf.
1484 3601 1574 3641 quse
1609 3587 1660 3628 de
1693 3590 1796 3630 aeris
1828 3594 2025 3647 temperie
2058 3595 2101 3635 in
2138 3596 2239 3638 hod.
2279 3601 2491 3654 provincia
2521 3608 2617 3647 Abn

1383 3648 1533 3688 Arisclt
1558 3651 1574 3701 ζ
1595 3650 1664 3690 150
1692 3650 1888 3708 ὅθ’-170
1911 3655 2005 3709 40’)
2026 3657 2151 3699 resert
2172 3660 2374 3703 Tamisier
2395 3667 2555 3719 Voyage
2577 3672 2611 3709 Ι.

1380 3725 1423 3764 p.
1466 3712 1650 3765 374-390
1688 3728 1738 3753 ex
1774 3729 1906 3770 eoque
1940 3719 2088 3761 Ritter.
2132 3722 2230 3772 XII,
2261 3738 2303 3779 p.
2348 3729 2468 3767 1018.
2513 3729 2527 3780 Η
2559 3752 2614 3759 —

1383 3774 1422 3813 3.
1448 3773 1493 3813 ὗε
1509 3773 1585 3813 τοὶ
1603 3774 1617 3827 ]
1636 3775 1694 3815 sic
1713 3777 1769 3826 C;
1792 3777 1898 3827 ὓετὸς
1913 3782 1999 3822 ΑΒ.
2016 3782 2134 3823 Idem
2150 3785 2260 3839 apud
2286 3787 2514 3827 Diodorum
2536 3803 2610 3842 pro

1382 3835 1518 3888 inepto
1548 3836 1690 3889 νιφετοὶ
1722 3841 2010 3893 reponendum
2044 3859 2129 3886 essc
2170 3846 2273 3887 bene
2306 3857 2446 3888 monet
2485 3851 2610 3889 Wes-

1379 3897 1584 3948 selingius.
1615 3899 1629 3951 ΙΙ
1658 3923 1715 3930 —
1738 3901 1777 3941 3.
1807 3903 2003 3960 θέρους]
2035 3907 2137 3960 θέρος
2168 3910 2215 3948 Β.
2256 3909 2270 3961 ΙΙ
2297 3933 2352 3939 ——
2378 3910 2416 3949 5.
2449 3909 2606 3966 λαῶν]

1378 3961 1436 4000 sic
1475 3959 1707 4012 Diodorus;
1749 3964 1881 4006 ἄλλων
1912 3968 2035 4009 codd.
2074 3970 2224 4010 Photii.
2267 3971 2281 4023 ΙΙ
2323 3994 2379 4000 ——
2416 3976 2455 4011 6.
2492 3987 2608 4027 χρυ-

1380 4022 1490 4075 σὸν]
1515 4024 1718 4064 Memorat
1751 4029 1838 4067 auri
1869 4029 1955 4069 haec
1981 4031 2139 4071 metalla
2162 4032 2314 4071 Plinius
2341 4032 2367 4072 l.
2393 4032 2438 4084 l.,
2459 4034 2498 4073 in
2523 4049 2607 4090 quo
