2756 4354
138 305 187 353 lx
211 323 257 352 τι
291 280 558 367 Καρχηδόνος
583 300 652 348 ἐπὶ
676 298 842 355 Στήλας
874 298 1062 342 aaaron
1092 292 1162 338 ἐπὶ
1192 292 1369 356 Κέρνην,

201 391 240 423 ο.
266 375 519 422 'ro-'amaon
551 373 608 423 at<
632 370 781 429 λίμνην
802 364 1059 429 ἀφικόμεθα,
1078 361 1146 408 διά
1164 379 1271 415 τινος
1291 379 1372 409 πο.

137 448 273 506 vopei}
306 443 488 503 μεγάλου
522 438 863 491 διαπλεύσαντα,
899 425 961 495 [ᾧ
995 430 1158 493 ὄνομα]
1183 432 1366 495 xpum<-

165 531 1871 556 ...-..—-.--———-——-———————

136 591 219 640 vel,
238 590 356 631 sicuti
375 587 532 635 801103,
562 583 615 625 ad
638 585 773 638 ipsum
798 580 912 622 hunc
933 579 1108 622 fluvium
1132 580 1254 622 sitam
1283 592 1372 622 ωηο

136 653 310 710 μιιινίι.
336 633 532 691 Praeiem
561 644 615 686 cf.
644 642 864 698 Palaephati
878 641 995 684 locus
1013 655 1139 699 supra
1163 640 1370 692 laudatus,

137 715 207 757 ubi
229 716 271 755 in
287 711 420 752 verbis
444 710 618 763 Κέρνην..
638 705 737 747 κατὰ
757 705 992 761 Καρχηδόνα
1020 706 1261 747 Hannoneae
1281 718 1373 746 sen·

137 777 286 825 tentiae,
301 773 355 814 de
365 786 445 827 qua
449 770 535 825 jam
547 770 697 823 agitur,
713 776 935 824 supersunt
947 768 1131 822 vestigia.
1145 766 1373 821 Quomodo

135 846 272 879 autem
304 831 612 887 intelligendum
646 832 699 872 sit
734 828 836 872 illud
867 830 971 872 κατ’
1008 828 1139 880 eboli,
1170 829 1301 885 liquet
1320 843 1372 871 ex

136 896 398 954 sequentibus
428 908 437 935 :
462 894 572 949 ἐῴκει
590 892 702 949 γᾶρὸ
727 892 847 941 πλοῦς
869 892 958 934 κτλ.
988 892 1197 934 Nimirum
1219 892 1253 932 si
1279 892 1373 947 quis

135 961 251 1002 lineis
279 960 386 999 inter
420 970 464 997 se
480 954 668 1011 junxerit
689 954 981 1009 Carthaginem
1008 961 1051 995 et
1079 952 1269 995 Herculis
1301 967 1372 994 co·

134 1021 294 1064 lumnas
314 1026 355 1060 et
375 1019 539 1059 Cernen
558 1016 749 1067 insulam,
770 1013 1024 1070 triangulum
1051 1013 1243 1063 ἰσοσκελὲς
1263 1012 1371 1055 effici

133 1084 288 1133 statuit,
305 1082 348 1123 in
360 1094 446 1136 quo
455 1079 572 1121 lineae
587 1094 610 1120 a
624 1078 840 1121 Columnis
854 1078 898 1119 in
911 1078 1074 1119 Cernen
1084 1077 1265 1133 itemque
1276 1077 1374 1118 Car-

133 1146 339 1199 thaginem
350 1142 485 1184 ductae
500 1140 684 1198 ejusdem
700 1140 784 1182 sere
798 1141 883 1182 sint
893 1138 1165 1194 longitudinis
1180 1155 1191 1190 ;
1206 1140 1371 1181 Cernen

133 1209 259 1262 igitur
275 1215 317 1249 et
337 1206 627 1260 Carthaginem
646 1203 793 1246 eodem
813 1202 942 1245 modo
955 1217 1006 1244 ex
1020 1201 1194 1244 adverso
1210 1201 1369 1257 jacere,

132 1284 218 1326 quo
228 1269 371 1312 baseos
381 1268 658 1310 extremitates
670 1268 712 1308 in
728 1265 933 1320 triangulo
947 1263 1145 1306 ἰσοσκελεῒ
1154 1265 1231 1306 sibi
1242 1279 1371 1320 oppo-

132 1334 220 1375 sitae
255 1333 354 1374 sint.
389 1332 582 1373 Ceterum
609 1331 743 1371 Cerne
771 1330 849 1370 ins.
881 1328 1013 1370 multo
1048 1327 1209 1382 longius
1248 1341 1372 1383 quam

132 1395 338 1450 (hrthago
365 1408 389 1436 a
420 1393 634 1436 Columnis
668 1391 807 1441 distat,
841 1390 1046 1447 siquidem
1082 1399 1213 1431 rectas
1249 1390 1374 1431 lineas

133 1456 324 1508 duxeris3
340 1458 405 1498 sin
423 1470 507 1497 orae
525 1455 656 1496 flexus
686 1454 886 1510 sequariS,
908 1461 1128 1509 computus
1155 1454 1372 1494 Hannonis

132 1533 157 1562 a
173 1533 271 1562 vero
289 1519 445 1561 nonita
458 1517 635 1559 multum
651 1516 861 1558 abhorret.
886 1536 903 1552 ι
925 1517 983 1558 Ce
1002 1514 1147 1565 calcul,
1171 1515 1373 1568 Bougain·

134 1582 269 1624 vimus
290 1582 440 1638 inquit,
464 1589 525 1622 est
542 1579 668 1635 juste.
700 1579 822 1621 Selon
848 1578 1092 1621 l'Itineraire
1122 1577 1370 1628 d'Antonin,

134 1644 171 1687 la
193 1644 377 1687 distance
410 1643 465 1685 de
485 1643 687 1696 Carthage
707 1656 760 1684 au
778 1642 930 1683 detroit
944 1650 1004 1682 est
1019 1640 1072 1682 de
1108 1641 1212 1683 1502
1243 1640 1373 1682 milles

133 1709 332 1758 romains,
349 1722 402 1749 en
422 1713 618 1761 rangeant
641 1705 679 1746 la
694 1705 787 1746 cote
811 1704 864 1746 de
879 1702 972 1760 pros
995 1717 1004 1744 z
1034 1718 1101 1744 ces
1123 1703 1227 1745 1502
1244 1702 1373 1745 milles

134 1771 319 1812 romains
338 1769 428 1811 sont
453 1781 559 1811 1200
584 1767 713 1809 milles
733 1781 789 1808 ou
809 1780 864 1808 20
885 1766 1051 1821 degi-(³223
1072 1773 1113 1807 et
1138 1766 1171 1806 si
1195 1765 1278 1806 l'on
1310 1780 1373 1806 re-

134 1839 256 1888 portc
270 1840 376 1873 cette
394 1829 580 1872 distance
597 1828 650 1870 de
664 1829 809 1871 l'autre
833 1829 925 1869 cote
938 1826 996 1869 du
1022 1827 1190 1877 detroit,
1208 1842 1280 1868 sur
1301 1826 1373 1867 des

134 1902 266 1937 cartes
284 1893 338 1935 de
356 1894 514 1935 marine
534 1901 712 1943 exactes,
737 1907 792 1933 on
824 1906 942 1933 verra
960 1904 1041 1947 que
1068 1890 1167 1931 c’est
1195 1890 1293 1931 celle
1313 1889 1373 1931 du

134 1970 212 2013 cap
231 1956 388 2013 Sparte!
409 1970 463 1998 au
481 1970 558 2012 cap
579 1955 718 2006 Blanc,
736 1956 842 1996 sitne
857 1955 962 1994 seize
980 1968 1035 1994 ou
1047 1952 1228 2009 dix-sept
1249 1953 1373 1994 lienes

134 2017 159 2061 a
175 2019 321 2061 l'ouest
343 2018 397 2060 de
419 2018 501 2060 l’ile
522 2017 743 2073 d‘Arguin.
773 2037 790 2053 ι
818 2018 924 2059 Sane
942 2015 1111 2072 quidem
1134 2024 1269 2057 nautae
1288 2031 1372 2059 non

135 2082 192 2123 ita
206 2095 323 2123 oram
338 2080 655 2131 emetiehantur,
679 2081 739 2121 uti
754 2079 847 2121 fecit
864 2080 1169 2121 itinerariorum
1190 2093 1370 2131 mensor,

134 2142 208 2185 sed
228 2145 349 2185 variis
374 2144 449 2185 viae
471 2144 687 2184 maritimae
715 2142 940 2183 utebantur
965 2140 1247 2197 compendiis,
1268 2141 1373 2183 adeo

137 2213 183 2247 ut
204 2220 348 2263 reapse
361 2205 495 2262 major
522 2207 575 2247 sit
596 2204 831 2246 differentia
849 2218 974 2260 quam
999 2204 1297 2258 Bougainvillio
1316 2206 1373 2247 vi·

133 2281 228 2310 sum
259 2277 336 2319 αι,
373 2268 531 2309 etiamsi
569 2267 818 2308 concesseris
861 2267 1126 2316 Hannonem,
1165 2281 1295 2323 quum
1330 2268 1372 2309 in

134 2331 303 2372 Oceano
320 2344 437 2371 oram
451 2330 643 2385 proxime
651 2328 827 2382 legisset,
844 2327 1019 2369 eandem
1032 2329 1303 2382 navigationis
1310 2344 1374 2371 ra·

134 2391 292 2435 tionem
314 2393 438 2433 etiam
467 2393 510 2433 in
534 2392 637 2433 mari
659 2390 966 2432 Mediterraneo
988 2390 1156 2446 intelligi
1179 2392 1370 2434 voluisse.

134 2458 189 2498 At
211 2456 384 2497 omnino
414 2456 457 2496 in
490 2452 694 2510 ejusmodi
728 2454 1108 2509 computationibus
1144 2454 1197 2496 ad
1234 2457 1373 2497 vivum

134 2517 237 2559 nihil
255 2516 524 2559 resecandum
545 2524 622 2559 est.
644 2517 788 2571 Neque
803 2514 845 2556 id
866 2516 1040 2557 voluisse
1060 2518 1306 2559 Hannonem
1323 2533 1373 2559 ex

135 2596 235 2621 voce
258 2580 366 2636 ἐῴκει
381 2612 392 2631 ,
416 2580 570 2622 similis
592 2579 708 2636 (non
731 2593 829 2620 vero
857 2593 1027 2634 prorsus
1048 2580 1242 2635 aequalis)
1267 2590 1371 2630 emt,

136 2644 356 2697 colligitur.
403 2647 454 2684 Αι
492 2649 649 2697 quanto
678 2641 840 2696 longius
861 2654 885 2682 a
908 2655 1006 2682 vcro
1043 2642 1194 2682 Hanno
1226 2643 1376 2685 Noster

136 2705 377 2756 aberrasset,
411 2707 443 2745 si
474 2707 607 2746 Cerne
637 2703 769 2746 insula
801 2718 852 2745 eo
877 2704 969 2745 loco
992 2704 1068 2744 sita
1102 2703 1258 2756 suisset,
1291 2721 1375 2762 quo

136 2768 379 2811 Ptolemaeus
414 2769 615 2823 opinatur
647 2766 819 2823 ejxlsque
853 2766 1088 2823 pedissequi
1107 2768 1116 2808 !
1152 2770 1267 2809 Inter
1300 2770 1375 2812 hos

137 2845 222 2872 non
242 2830 463 2872 defuerunt
479 2830 647 2885 quidem
663 2831 734 2886 qui
751 2828 1049 2873 contenderent
1064 2831 1313 2874 Hannonem
1332 2834 1374 2875 in

137 2907 215 2935 suo
232 2902 428 2949 computo
448 2908 530 2933 non
549 2893 599 2934 ad
618 2894 845 2949 spatiorum
864 2892 1091 2944 intervalla,
1116 2893 1187 2934 sed
1210 2896 1374 2937 nonnisi

137 2955 190 2998 ad
211 2965 371 3012 tempus
391 2957 432 2996 in
452 2965 624 3011 utraque
644 2957 707 2998 via
729 2954 1010 3012 percurrenda
1028 2964 1292 2997 consumtum
1313 2972 1376 2999 re·

138 3020 332 3075 spexisse.
358 3019 483 3074 Atqui
500 3033 621 3059 nemo
637 3019 800 3074 negabit
815 3017 1020 3074 ejusmodi
1038 3018 1226 3074 ineptias,
1245 3033 1375 3074 quum

137 3082 191 3124 ab
213 3082 504 3138 interpretibus
522 3097 625 3137 quos
648 3084 799 3123 Hanno
820 3095 1037 3138 perpessus
1054 3089 1214 3122 estnon
1236 3082 1378 3124 alienae

138 3146 237 3196 sint,
260 3145 467 3187 navarcho
483 3154 619 3186 tamen
636 3145 963 3200 Carthaginiensi
979 3144 1118 3199 affingi
1142 3159 1225 3185 non
1242 3159 1374 3201 posse.

140 3209 332 3250 Ceterum
366 3216 512 3263 sponte
545 3208 784 3262 intelligitur
815 3209 1078 3257 Hannonem,
1117 3207 1271 3263 quippe
1306 3209 1377 3263 qui

141 3284 278 3312 veiam
298 3285 381 3312 orae
401 3272 616 3312 maritimae
628 3271 898 3311 directionem
918 3271 1109 3324 ignorare
1128 3284 1212 3311 non
1225 3272 1377 3325 potuit,

142 3333 389 3387 triangulum
410 3333 522 3374 illum
545 3334 600 3374 ita
621 3334 698 3374 sihi
720 3334 935 3388 cogitasse,
956 3341 1003 3374 ut
1023 3331 1076 3374 ad
1106 3331 1294 3375 Herculis
1311 3348 1380 3375 co·

142 3395 301 3437 lumnas
317 3396 487 3437 obtusus
499 3405 601 3438 esset
621 3396 816 3451 angulus;
837 3397 970 3438 Graeci
984 3404 1122 3438 autem
1139 3396 1377 3453 geographi,

142 3471 272 3513 quum
293 3466 409 3498 terrm
431 3459 602 3511 liguram
625 3460 678 3499 ita
695 3459 771 3499 sibi
788 3458 1071 3509 efformarent,
1093 3467 1141 3500 ut
1158 3458 1379 3501 occiduum

63 3540 66 3542 ’
143 3519 293 3564 Africae
316 3519 420 3559 latus
446 3520 583 3574 paullo
602 3529 693 3575 post
726 3521 914 3562 Herculis
933 3520 1145 3563 columnas
1174 3522 1376 3563 orientem

144 3594 286 3639 versus
306 3580 544 3632 declinaret,
568 3583 679 3623 hunc
701 3584 895 3637 angulum
916 3592 1082 3625 acutum
1107 3599 1195 3625 csse
1216 3586 1377 3641 opinari

143 3642 366 3688 debebant.
399 3644 506 3684 Hinc
527 3659 624 3684 vero
649 3646 775 3685 facilis
794 3654 853 3686 est
874 3647 1054 3701 suspicio
1066 3646 1233 3688 eosdem
1254 3646 1378 3690 verba

145 3705 230 3748 κατ’
254 3703 343 3748 ‘Mb
361 3705 609 3761 Καρχηδόνος
628 3708 682 3747 ita
707 3707 963 3757 intellexisse,
995 3709 1110 3763 ‹piasi
1145 3711 1278 3751 Cerne
1300 3709 1378 3752 sul)

145 3767 295 3811 eodem
318 3767 404 3810 sere
421 3782 507 3823 quo
521 3768 726 3822 Carthago
738 3770 811 3809 sita
828 3778 931 3810 esset
949 3769 1193 3812 meridiano.

202 3834 227 3886 ς
253 3846 295 3887 9.
315 3830 516 3887 Χρετης]
537 3831 596 3871 sic
617 3831 706 3871 sine
727 3839 899 3872 accentu
921 3831 1067 3882 codex,
1091 3834 1150 3873 uti
1171 3834 1258 3875 lieri
1278 3834 1380 3876 solet

148 3895 192 3936 in
229 3893 399 3936 vocibus
429 3894 636 3949 corruptis
667 3893 729 3935 vel
750 3892 903 3934 dubiis.
933 3895 981 3934 In
1012 3895 1194 3948 margine
1225 3895 1381 3938 codicis

150 3956 296 4010 legitur
316 3956 436 4012 λίμνη
466 3956 619 4012 Χρέτης.
658 3959 712 3998 Αι
741 3971 824 3998 000
850 3955 959 3997 lacus
995 3970 1147 3998 nomen
1170 3958 1242 3998 sed
1267 3959 1379 4000 ssuvii

153 4027 236 4069 est,
269 4034 390 4075 quem
428 4020 561 4062 Graeci
595 4028 743 4062 vocant
778 4020 995 4075 Χρεμέτηνς
1031 4020 1143 4076 quod
1187 4022 1380 4063 Hannoni

950 190 1267 240 BANNONlS
1297 189 1849 240 CARTHAfflNlENsus
2616 193 2653 255 (ι

1440 300 1647 355 navigatio
1660 314 1684 342 a
1694 300 1942 356 Carthagine
1956 300 2008 343 ad
2021 301 2245 356 Columnas
2258 310 2298 343 et
2316 302 2413 344 hinc
2426 301 2479 344 ad
2495 302 2656 347 Ciu-nen

1498 385 1540 425 9.
1569 371 1677 412 Hinc
1695 384 1770 427 per
1789 385 1985 426 magnum
2003 372 2177 415 fluvium
2195 374 2262 420 cui
2278 373 2449 415 Chretes
2468 372 2481 428 (
2502 373 2600 415 Chre

1442 446 1533 480 tes?
1547 438 1562 495 )
1578 447 1748 489 nomen,
1762 439 2000 494 navigantes
2011 441 2054 482 in
2068 440 2204 483 lacum
2222 442 2425 489 venimus.
2452 443 2584 483 Lacus
2611 441 2680 490 in·

1438 593 1606 636 quoque
1627 579 1929 622 restituendum
1947 581 2041 622 erit.
2066 582 2266 623 Praeterea
2292 589 2404 623 recte
2425 590 2680 626 monuerunt

1438 642 1516 683 viri
1538 640 1652 683 docti
1668 640 1946 698 supplendum
1972 655 2060 684 esse
2075 638 2109 697 ᾧ
2129 641 2255 697 ὄνομα
2273 638 2320 694 ἦν
2339 642 2403 685 vel
2422 644 2675 700 καλούμενος.

1437 701 1700 744 Chremetem
1736 710 1938 744 memorat
1962 701 2200 744 Aristoteles
2222 703 2438 746 Meteorol.
2463 706 2499 755 1,
2525 707 2573 747 13
2597 720 2606 748 z
2630 706 2680 749 Oi

1438 763 1481 806 δὲ
1509 765 1684 820 μέγιστοι
1706 768 1783 806 τῶν
1816 765 2144 820 διωνομασμένων
2177 763 2271 821 (τῆς
2294 765 2432 818 Λιὸὗης
2464 770 2677 827 ποταμῶν)

1438 826 1461 867 ὅ
1483 841 1524 868 τε
1536 826 1729 882 Χρεμέτης
1744 826 1982 882 καλούμενος
1993 828 2035 875 ὃς
2057 825 2108 876 εἰς
2123 825 2193 878 τὴν
2218 826 2290 876 ἔξω
2313 827 2595 883 pernatamus,
2615 831 2682 874 καὶ

1438 891 1508 930 τοῦ
1523 888 1667 930 Νείλου
1685 889 1730 930 τὸ
1746 888 1866 944 ῥεῦμα
1877 889 1923 930 τὶ)
1938 893 2104 946 πρῶτον.
2124 891 2233 932 Hinc
2244 891 2415 933 Basilius
2434 892 2678 937 Hexaemer.

1439 951 1565 991 Hom.
1587 951 1610 991 3
1634 963 1644 991 ε
1673 948 1720 991 ‘0
1739 950 1978 1007 καλούμενος
1990 951 2183 1007 Χρεμὲτης
2200 952 2265 994 καὶ
2284 954 2376 1008 πρός
2396 969 2442 1009 γε
2467 953 2523 996 ἔτι
2545 954 2567 996 ὁ
2587 955 2680 998 Νεῖ·

1438 1013 1520 1061 λος.
1546 1014 1725 1055 Nonnus
1747 1015 1921 1070 Dionys.
1954 1016 2073 1067 XIII,
2098 1016 2179 1071 347
2206 1028 2215 1056 :
2238 1015 2290 1057 Οἵ
2311 1031 2353 1059 τι
2374 1015 2464 1072 ῥόον
2485 1017 2682 1075 Χρεμέταο

1439 1076 1505 1117 καὶ
1526 1075 1564 1116 οἳ
1595 1075 1698 1132 παρὰ
1726 1076 1887 1132 Κίνυφος
1916 1076 2033 1133 ὕδωρ.
2067 1077 2134 1119 Id.
2166 1079 2326 1130 XXXI,
2362 1080 2439 1121 163
2465 1092 2476 1121 t
2515 1079 2617 1134 Αὗτὴ
2639 1082 2682 1124 δὲ

1440 1140 1635 1195 Χρεμέταο
1660 1140 1816 1196 μετήϊεν
1849 1141 2008 1196 ἕσπερον
2032 1140 2149 1197 ὕδωρ.
2174 1142 2404 1198 Hesychius
2434 1149 2476 1183 et
2497 1142 2643 1186 Suidas
2667 1158 2677 1186 t

1439 1202 1631 1258 Χρεμέτης
1650 1234 1661 1252 ,
1702 1203 1827 1259 ὄνομα
1860 1206 2051 1259 ποταμοῦ.
2097 1205 2159 1245 De
2195 1205 2365 1246 nomine
2411 1204 2639 1248 Bochartus
2667 1220 2679 1250 t

1446 1286 1463 1300 α
1501 1265 1668 1306 Fluvius
1703 1266 1943 1307 Chremetes
1980 1267 2132 1322 punice
2165 1265 2382 1309 dicebatur
2413 1283 2584 1322 manag>
2602 1285 2681 1326 qm

1440 1341 1547 1367 naar
1563 1327 1787 1377 clu-remae,
1815 1327 1856 1368 id
1879 1337 1956 1378 est,
1982 1329 2131 1370 fluvius
2150 1330 2391 1381 vinearum;
2414 1346 2509 1373 nam
2538 1332 2683 1375 Arabi-

1441 1388 1518 1430 bus
1561 1405 1733 1444 51⁸an
1772 1390 1979 1431 clm-maele
2015 1390 2125 1432 idem
2161 1390 2276 1447 quod
2308 1392 2492 1435 Hebraeis
2525 1409 2681 1449 0205:
2724 1410 2731 1451 ,ζ

1439 1452 1677 1495 clm-remim.
1701 1474 1717 1489 ·
1740 1454 1924 1494 Firmare
1939 1454 2184 1495 sententiam
2198 1452 2336 1495 studet
2354 1456 2489 1497 verbis
2507 1458 2682 1514 Scylacis

1440 1515 1587 1570 quide
1609 1515 1869 1571 AEihiopibm
1898 1514 1950 1556 ad
1970 1517 2134 1557 Cernen
2163 1516 2336 1558 insulam
2368 1518 2410 1558 in
2444 1521 2683 1563 continente

1440 1577 1722 1621 habitantibus
1742 1587 1909 1620 narrat:
1936 1575 2047 1618 οἶνον
2071 1577 2111 1619 δὲ
2135 1581 2287 1620 ποιοῦσι
2315 1578 2438 1620 πολὺν
2463 1579 2538 1622 ἀπὸ
2559 1580 2680 1636 ἀμπέ-

1440 1637 1538 1681 λων.
1561 1640 1757 1683 Similiter
1773 1640 2002 1682 Bochanus
2024 1640 2234 1695 Arambyn
2257 1641 2553 1697 interpretatur
2574 1658 2684 1686 ηιοιι-

1442 1711 1521 1745 tem
1537 1716 1727 1751 uvat-mn,
1750 1710 1933 1758 utsupra
1950 1702 2111 1743 monui.
2129 1704 2220 1743 Jam
2233 1716 2364 1758 quum
2380 1704 2474 1745 vitis
2489 1706 2530 1746 in
2546 1706 2683 1749 Africa

1441 1778 1526 1806 non
1549 1773 1740 1807 nascatur
1768 1765 1845 1806 nisi
1878 1764 1949 1805 ubi
1979 1766 2198 1821 importata
2227 1765 2280 1806 sit
2301 1765 2401 1807 olim
2432 1780 2457 1808 a
2480 1767 2685 1811 Phoenici-

1440 1826 1520 1868 bus
1534 1858 1546 1877 ,
1566 1836 1709 1884 postea
1731 1842 1754 1869 a
1776 1826 2020 1881 Portugallis
2050 1839 2059 1867 ε
2083 1834 2325 1882 sequeretur
2356 1842 2407 1869 ex
2429 1827 2506 1871 hac
2527 1837 2686 1887 etymo-

1440 1889 1546 1944 logia
1575 1889 1663 1945 jam
1695 1898 1791 1931 ante
1828 1890 2045 1930 Hannonis
2085 1897 2245 1931 {etatem
2274 1890 2316 1930 in
2349 1889 2413 1931 his
2446 1893 2706 1946 regionibus·
2753 1913 2756 1921 ⁴

1441 1952 1656 1995 Phoenices
1685 1950 1933 1994 consedisse.
1958 1950 2084 2005 Quod
2118 1951 2208 1993 fieri
2233 1953 2415 2007 potuisse
2436 1955 2512 1996 etsi
2535 1969 2687 2011 negare
2742 1968 2756 2011 ja

1444 2029 1530 2056 000
1560 2016 1720 2066 ausim,
1755 2023 1893 2056 tamen
1928 2014 2119 2055 Bocharti
2149 2016 2382 2070 suspicione
2414 2016 2571 2060 firmari
2595 2033 2684 2062 uem
2734 2000 2756 2059 l

1441 2078 1614 2125 minime
1637 2077 1831 2120 dixerim.
1868 2078 2218 2132 Koenigsmannus
2243 2078 2284 2119 in
2309 2077 2416 2120 libro
2450 2081 2514 2121 De
2542 2094 2684 2138 geogr.
2743 2071 2756 2139 Z}

1443 2141 1673 2184 Aristotelis
1692 2141 1934 2183 Chremetes
1962 2155 2114 2183 nomen
2145 2155 2323 2195 graecum
2342 2156 2431 2185 esse
2448 2152 2590 2199 putat,
2613 2158 2688 2187 no·
2744 2164 2747 2166 >

1444 2213 1613 2260 tareque
1633 2205 1804 2246 ssuvium
1823 2213 2065 2261 strepentem
2088 2203 2142 2259 (a
2162 2218 2261 2245 voce
2288 2206 2491 2261 χρεμέθειν
2513 2206 2575 2250 vel
2593 2223 2686 2265 χρε-
2742 2247 2743 2250 ,

1444 2269 1564 2323 μετᾷν
1582 2267 1613 2324 ).
1645 2265 1850 2323 Equidem
1877 2267 1920 2308 in
1947 2266 2140 2322 Χρεμέτης
2167 2280 2389 2322 agnoscere
2410 2269 2514 2311 mihi
2542 2270 2689 2315 videor

1443 2330 1622 2373 sormam
1642 2330 1944 2385 graecissantem
1974 2330 2156 2372 nominis
2186 2331 2409 2387 peregrini.
2443 2331 2579 2376 Hodie
2612 2334 2689 2378 flu·

1443 2394 1534 2435 vius
1553 2402 1615 2435 est
1637 2393 1715 2435 Ilio
1736 2392 1786 2434 de
1808 2395 1953 2436 Guaon
1972 2394 2057 2434 sive
2077 2393 2174 2435 Βίυ.
2196 2393 2246 2435 de
2266 2398 2306 2436 S.
2324 2396 2428 2436 Jean
2442 2426 2454 2447 ,
2475 2409 2599 2452 quem
2619 2397 2687 2441 alii

1442 2457 1567 2498 etiam
1610 2456 1690 2500 Rio.
1719 2455 1769 2496 de
1801 2460 1842 2497 S.
1878 2455 2062 2498 Antonio
2094 2465 2242 2498 vocant
2291 2458 2341 2498 In
2375 2458 2511 2514 ipsum
2542 2459 2689 2503 Cerne

1444 2521 1587 2562 insulae
1633 2521 1771 2561 sinum
1815 2518 2040 2574 egreditur.
2088 2518 2278 2561 Eundem
2327 2520 2499 2564 fluvium
2550 2522 2686 2566 Ptole·

1444 2598 1571 2625 maeus
1586 2584 1662 2633 IV,
1687 2587 1712 2622 6
1735 2596 1777 2638 p.
1805 2594 1903 2635 292,
1926 2582 1951 2622 8
1972 2589 2064 2637 post
2093 2581 2316 2637 Rysadium
2351 2586 2686 2638 promontorium

1447 2646 1556 2702 (cap
1592 2645 1750 2700 Blanc)
1787 2651 1990 2685 memorat
2010 2656 2019 2684 :
2059 2643 2218 2698 Στάχε
2233 2659 2331 2699 ιρος
2366 2644 2609 2703 (Σταχείρου
2645 2656 2688 2691 et
2736 2650 2739 2651 ⁷

1443 2709 1633 2764 Τράχιρος
1666 2721 1752 2747 var.
1791 2705 1919 2763 lect.)
1957 2709 2136 2761 ποταμοῦ
2171 2706 2329 2748 ἐκδολαί
2354 2707 2431 2764 (9⁰
2453 2707 2520 2750 30⁹
2554 2709 2685 2766 long.;

1449 2772 1520 2811 11⁰
1543 2770 1611 2811 lat.
1636 2769 1667 2826 ).
1693 2770 1839 2810 Oritur
1857 2782 1908 2810 ex
1933 2767 2112 2823 Rysadio
2135 2777 2300 2820 monte,
2326 2774 2447 2812 ποιῶν
2471 2770 2562 2827 πρὸς
2584 2772 2689 2832 αὐτῷ

1444 2832 1588 2888 λίμνην
1616 2831 1828 2873 Κλονίαν
1866 2830 1879 2886 (
1904 2833 1975 2885 ¹7⁰
1990 2830 2100 2886 long.
2122 2830 2154 2887 ).
2190 2831 2384 2887 Polybius
2406 2832 2586 2891 denique
2614 2850 2684 2893 ap.

1445 2895 1551 2937 Plin.
1578 2894 1605 2936 1.
1628 2894 1655 2935 l.
1677 2894 1849 2935 fluvium
1868 2892 1983 2934 hunc
2001 2893 2176 2950 appellat
2195 2895 2355 2936 Salsum
2378 2895 2576 2952 (Pulsum
2597 2912 2683 2941 var.

1445 2957 1539 2999 lect.
1557 2957 1598 3013 );
1637 2956 1732 2998 nani
1769 2956 1928 2997 Salsum
1968 2964 2154 2997 recenset
2185 2964 2280 2998 ante
2313 2957 2563 3001 Bambotum
2600 2960 2688 3004 sive

1446 3021 1849 3077 Il'ippopotamorum
1869 3018 2058 3067 fluvium,
2077 3019 2148 3073 qui
2169 3018 2396 3061 hodiernus
2415 3028 2476 3061 est
2496 3020 2688 3074 &neg-ol,-

1445 3091 1669 3138 utrumque
1690 3090 1827 3124 autem
1850 3080 2022 3122 collocat
2045 3081 2086 3121 in
2109 3095 2258 3134 magno
2278 3082 2372 3122 sinu
2400 3085 2481 3122 616
2513 3082 2686 3126 millium
2728 3078 2736 3107 t·

1446 3159 1575 3201 pass.,
1602 3146 1672 3200 qui
1695 3145 1875 3200 pertinet
1893 3158 1916 3184 a
1946 3142 2156 3183 Surmeeio
2189 3157 2324 3198 prom.
2353 3142 2420 3198 (c.
2455 3143 2597 3186 manc.
2625 3144 2686 3187 vel

1450 3207 1665 3263 (lorwim)
1691 3220 1820 3262 usqne
1842 3205 1894 3247 ad
1922 3203 2171 3245 hodiernum
2191 3219 2284 3261 cap.
2315 3206 2430 3246 Vere.
2453 3206 2560 3258 [Pro
2592 3210 2688 3248 Seu·-

1447 3271 1623 3312 rentium
1647 3284 1713 3325 ap.
1741 3269 1918 3310 Plinium
1947 3268 2086 3309 neseio
2116 3282 2166 3307 an
2187 3267 2311 3307 scrib.
2334 3267 2386 3308 sit
2411 3266 2685 3319 Solocntt'eem3

1446 3348 1538 3390 quae
1576 3347 1654 3374 vox
1687 3332 1894 3388 phoenieia
1916 3329 2117 3385 significat
2148 3344 2298 3370 saxam
2316 3362 2326 3379 ,
2341 3328 2693 3388 promontorium&

1448 3399 1545 3449 Quo
1567 3408 1787 3443 concesso,
1817 3406 1967 3434 nomen
2005 3393 2197 3447 componi
2221 3400 2356 3449 potest
2386 3406 2482 3434 cum
2507 3393 2687 3450 Rysadio

1449 3457 1679 3507 Ptolemzei,
1703 3453 1815 3511 quod
1838 3455 1934 3496 item
1965 3454 2166 3508 significat
2194 3455 2321 3496 altum
2351 3455 2684 3511 promontorium

1451 3521 1522 3577 (v.
1544 3522 1724 3562 Movers.
1751 3518 1828 3559 Ph.
1855 3517 1988 3559 solon.
2011 3519 2068 3567 Π,
2089 3532 2131 3574 p.
2154 3518 2233 3558 516
2250 3517 2264 3574 )
2279 3520 2307 3572 ].
2325 3520 2416 3560 Jam
2436 3526 2483 3560 ut
2504 3517 2557 3560 ad
2572 3518 2687 3561 Han·

1449 3597 1600 3625 nonem
1623 3580 1788 3624 redeam
1802 3612 1814 3630 ,
1836 3580 1956 3637 λίμνη
1986 3581 2059 3621 ista
2081 3581 2215 3636 putari
2250 3589 2384 3638 potest
2405 3579 2548 3622 eadem
2573 3590 2683 3637 esseff'

1447 3660 1539 3703 qua!
1558 3644 1703 3686 Κλονία
1735 3643 1952 3685 Ptolemaeo
1976 3651 2145 3685 vocatur
2166 3652 2205 3685 et
2229 3658 2278 3685 ex
2305 3651 2502 3700 computo
2523 3641 2611 3699 ejus
2630 3640 2685 3686 ad

1447 3715 1643 3765 quattuor
1663 3706 1786 3747 millia
1809 3705 2035 3747 stadiorum
2058 3705 2111 3749 ab
2133 3707 2248 3747 ostiis
2271 3707 2383 3748 fluvii
2417 3704 2556 3747 distat.
2578 3702 2681 3759 Sed,⁴
2727 3746 2729 3749 ,

1447 3778 1718 3828 preterquam
1742 3768 1853 3823 quod
1878 3767 2044 3810 aliunde
2058 3768 2111 3810 de
2133 3768 2335 3824 ejusmodi
2360 3768 2448 3810 lacu
2468 3766 2568 3809 nihil
2586 3779 2686 3810 oon·
2705 3795 2719 3823 4

1449 3840 1543 3883 stat,
1566 3830 1757 3873 dubitare
1780 3830 1872 3872 licet
1895 3832 2142 3873 Hannonem
2169 3840 2250 3873 tam
2274 3830 2395 3885 longe
2427 3830 2469 3872 in
2494 3822 2703 3872 meditem-l

1450 3908 1571 3937 rauca
1593 3901 1843 3949 penetrasse.
1867 3893 2029 3935 Deinde
2050 3908 2150 3935 vero
2172 3907 2301 3949 quum
2335 3894 2375 3934 in
2399 3893 2492 3934 sinu
2515 3892 2686 3933 Cernen

1450 3964 1669 4013 antequam
1690 3956 1740 3997 ad
1757 3957 1859 3997 ostia
1877 3956 1988 3997 nus-ii
2004 3960 2045 3998 S.
2062 3958 2164 3998 lema
2179 3956 2409 4012 pervenias,
2426 3950 2686 4011 pizcternliqs
2723 3963 2729 3975 ³

1451 4018 1639 4077 parvulas
1658 4018 1810 4060 insulas
1831 4019 1953 4060 etiam
1974 4018 2149 4074 majores
2171 4026 2253 4060 tres
2274 4018 2391 4072 longe
2406 4021 2603 4073 porrecte
2616 4027 2685 4056 00-
2728 4047 2739 4056 .
