2808 4342
31 130 37 178 ῑ
65 150 136 208 (ιο,
153 150 225 210 ιι.)

2 247 11 265 ⁸*
63 250 293 312 λεγόμενα,
326 251 480 309 ταύτην
521 252 724 314 ἔχον-τὴν
756 256 1050 316 προσωνυμίαν
1093 259 1174 305 ἀπὸ
1213 263 1294 306 τῶν

0 324 21 380 ξῖ
62 321 369 383 προειρημένων
399 323 565 384 ῥαπτῶν
588 321 829 384 πλοιαρίων,
864 326 905 369 ἐν
930 318 964 388 ᾧ
1003 325 1075 372 καί
1104 329 1310 382 πλεῖστός

0 383 9 402 ⁹
67 388 177 434 ἔστιν
202 389 345 452 ἐλέφας
366 388 438 434 καὶ
463 387 642 450 χελώνη.
712 389 913 452 Μέγιστοι
943 393 983 439 δὲ
1010 396 1103 456 (ἐν)
1128 397 1293 458 σώμασι

61 457 156 520 περὶ
188 457 340 513 ταύτην
366 456 442 512 τὴν
471 456 612 520 χώραν
638 458 845 522 ἅνθρωποι
884 463 1024 521 §parat
1045 473 1293 514 ’κατοικοῦσι

0 533 16 568 3
61 525 131 570 καὶ
158 524 265 571 κατὰ
298 522 423 571 τόπον
460 524 808 587 ἕκαστος’ὁμοίως
838 530 1041 591 τιθέμενοι
1064 535 1289 596 τυράννοις.

57 594 244 653 Νέμεται
263 592 306 639 δὲ
326 593 467 652 αῧτὴν,
488 595 596 641 κατά
611 614 650 641 τι
671 596 825 644 δίκαιον
847 601 1018 662 ἀρχαῖον
1039 604 1291 651 ὑποπίπτου-

2 656 3 659 “
58 678 134 706 σαν
162 666 214 725 τῇ
253 664 442 727 βασιλείᾳ
470 668 542 720 τῆς
575 665 742 730 πρώτης
772 668 989 728 γινομένης
1020 670 1238 733 Ἆραὸίας,
1269 678 1290 721 ὁ

55 731 318 795 Μοφαρείτης
346 733 553 796 τύραννος.
625 735 751 798 Παρὰ
776 736 817 782 δὲ
842 742 913 784 τοῦ
949 741 1149 801 βασιλέως
1178 744 1290 790 ὑπό-

20 803 22 806 ’
53 817 175 863 φορον
200 800 328 858 αὐτὴν
352 802 515 865 ἔχουσιν
538 805 576 849 οἱ
596 803 678 849 ἀπὸ
699 805 860 864 Μούζα,
884 808 954 854 καὶ
973 810 1209 870 πέμπουσιν
1233 818 1289 868 εἷς

0 874 30 909 w
55 866 182 924 αὐτὴν
213 869 382 932 ἐφόλκια
413 870 465 916 τὰ
495 871 664 919 πλείονα
688 875 959 938 κυὸερνήταις
981 879 1052 924 καὶ
1081 891 1288 943 χρειακοῖς

52 935 204 1000 Ἄραψι
222 938 427 1000 χρώμενοι
449 942 531 993 τοῖς
554 943 624 987 καὶ
658 944 874 1000 συνήθειαν
901 947 972 993 καὶ
1007 951 1286 1015 ἐπιγαμὸρίαν

52 1004 216 1067 ἔχουσιν
250 1009 458 1072 ἐμπείροις
484 1030 528 1056 τε
562 1005 651 1058 oiim
680 1016 760 1059 τῶν
791 1015 928 1062 τόπων
953 1018 1024 1064 καὶ
1054 1024 1126 1076 τῆς
1153 1027 1287 1085 φωνῆς

6 1097 10 1102 ·
53 1075 203 1123 αὐτῶν.

114 1159 171 1192 17.
209 1145 458 1208 Εἷσφέρεται
482 1147 524 1194 δὲ
548 1152 603 1202 εἷς
625 1150 676 1196 τὰ
702 1153 878 1216 ἐμπόρια
911 1160 1044 1202 ταῦτα
1078 1177 1284 1221 προηγου-

0 1218 27 1249 Γῦ
51 1211 182 1271 μένως
219 1217 245 1269 ἡ
269 1221 447 1270 τοπικῶς
482 1220 523 1263 ἐν
547 1220 693 1274 Μούζα
727 1226 1116 1286 κατασκευαζομένη
1149 1230 1281 1293 λόγχη

49 1281 120 1325 καὶ
142 1282 318 1328 πελύκια
339 1285 410 1331 καὶ
431 1288 634 1351 μαχαίρια
655 1289 725 1335 καὶ
745 1291 897 1353 ὀπήτια
916 1294 984 1339 καὶ
1006 1296 1136 1348 λιθίας
1155 1300 1283 1356 ὃαλῆς

49 1351 217 1396 πλείονα
255 1352 373 1412 γένη,
401 1351 456 1407 εἷς
480 1357 523 1401 δέ
555 1376 666 1410 τινας
700 1359 848 1414 τόπους
873 1355 976 1416 οἶνός
999 1382 1042 1409 τε
1065 1366 1135 1411 καὶ
1171 1375 1280 1421 σῖτος

48 1420 122 1463 οὒκ
141 1421 290 1480 ὀλίγος,
313 1425 358 1467 οὗ
386 1424 485 1485 πρὸς
512 1427 706 1487 ἐργασίαν
727 1431 834 1475 ἀλλὰ
870 1433 1054 1490 δαπάνης
1069 1435 1199 1498 ,χάριν
1224 1440 1280 1491 εἷς

47 1488 356 1550 φιλανθρωπίαν
390 1495 470 1536 τῶν
507 1496 744 1558 βαρὸοίρων.
826 1499 1070 1564 Ἔκφέρεται
1108 1504 1151 1550 δὲ
1198 1507 1279 1553 ἀπὸ

884 143 1180 205 PERIPLUS
1213 160 1406 209 MARIS
1438 165 1784 216 ERYTHRAEI.

2506 204 2590 244 271

1363 271 1632 316 minationem
1661 276 1768 317 hanc
1796 286 1965 319 nactum
1995 294 2019 321 a
2038 281 2202 337 rhaptis
2224 286 2308 327 sive
2330 295 2510 333 consutis
2533 311 2600 338 ua-

1362 346 1506 388 vieulis
1520 380 1532 399 ,
1560 364 1662 405 quas
1683 352 1823 406 paullo
1843 363 1938 395 ante
1961 361 2296 402 memoravimus.

1360 421 1588 475 plurimum
1604 440 1651 466 ac
1666 427 1832 469 testudo
1848 438 1923 470 est.

2357 365 2473 407 Ebur
2492 370 2538 414 in*
2553 385 2601 412 eo

1985 432 2178 474 Maximae
2196 450 2419 491 corporum
2438 450 2601 487 staturae

1361 496 1470 538 circa
1480 498 1587 540 hanc
1605 502 1815 554 regionem
1830 503 2019 545 homines
2036 507 2216 562 sparsim
2234 510 2286 563 (Ρ)
2301 511 2502 566 habitant,
2524 532 2600 559 suo

1360 572 1510 626 singuli
1538 574 1630 616 loco
1659 585 1933 632 tyrannorum
1954 595 2070 622 more
2086 593 2264 637 agentes.
2326 587 2599 635 Administrat

1358 662 1463 699 eam,
1500 651 1673 706 antiquo
1706 654 1888 708 quodam
1918 655 2014 710 jure
2037 658 2262 713 subjectam
2296 678 2423 718 regno
2457 667 2600 722 primae

1357 738 1450 779 quae
1468 724 1623 768 dieitur
1642 727 1890 787 (λεγομένης)
1916 733 2092 785 Arabiae,
2114 737 2401 791 Mopharitidis
2421 743 2599 796 regionis

1356 808 1572 856 tyrannus.
1598 806 1635 845 A
1650 819 1745 859 rege
1761 816 1898 848 autem
1921 810 2181 853 tributariam
2200 828 2288 855 eam
2308 824 2448 858 tenent
2464 820 2510 859 M
2514 834 2597 861 u7ae

1356 876 1515 928 incolae,
1534 880 1787 937 mittuntque
1806 883 1850 924 hi
1868 884 1912 925 in
1932 900 2022 926 eam
2047 902 2167 929 naves
2187 893 2394 934 onerarias
2416 894 2598 948 plerum-

1355 960 1435 1001 que
1472 949 1820 1002 gubernatoribus
1863 963 1904 995 et
1938 957 2135 999 ministris
2175 961 2379 1003 Arabibus
2410 973 2592 1018 utentes,

1354 1018 1508 1071 quibus
1530 1027 1571 1060 et
1593 1023 1850 1065 consuetudo
1869 1034 1909 1066 et
1927 1026 2100 1069 affinitas
2117 1031 2357 1085 intercedit,
2379 1043 2502 1091 atque
2521 1049 2593 1091 pe-

1351 1090 1421 1130 riti
1443 1100 1541 1133 sunt
1562 1092 1751 1136 locorum
1767 1105 1808 1137 et
1826 1096 1976 1151 linguae
1997 1100 2300 1155 indigenarum.

1411 1180 1478 1221 17.
1505 1170 1765 1225 Importatur
1787 1173 1831 1213 in
1851 1174 1937 1216 haec
1960 1179 2143 1232 emporia
2160 1179 2254 1221 data
2275 1196 2399 1237 opera
2415 1197 2507 1237 quae
2522 1198 2592 1240 pe·
2611 1230 2615 1233 ,

1350 1236 1560 1278 culiariter
1586 1239 1631 1280 in
1658 1242 1783 1283 Muza
1811 1242 1903 1284 loco
1932 1247 2214 1288 conficiuntur
2242 1250 2390 1291 laneeae
2416 1261 2456 1292 et
2477 1267 2592 1294 seeu-

1349 1318 1414 1345 res
1433 1315 1474 1348 et
1505 1308 1627 1350 cultri
1649 1318 1690 1350 et
1722 1311 1879 1353 subulae
1907 1322 1946 1354 et
1967 1315 2112 1370 lapidis
2143 1319 2260 1359 vitrei
2280 1334 2428 1373 genera
2445 1321 2565 1375 plura
2578 1353 2589 1372 ,

1349 1387 1477 1428 porro
1514 1376 1557 1416 in
1589 1379 1789 1421 nonnulla
1817 1380 1907 1422 loca
1942 1383 2084 1424 vinum
2121 1393 2161 1426 et
2197 1385 2453 1428 frumentum
2479 1389 2592 1429 haud

1350 1454 1529 1496 paucum
1542 1475 1553 1494 ,
1579 1453 1620 1486 at
1642 1461 1727 1487 non
1744 1449 1956 1490 mercandi
1977 1451 2048 1492 sed
2069 1455 2253 1494 muneris
2277 1470 2398 1496 eausa
2421 1455 2473 1496 ad
2493 1471 2592 1497 con-

1351 1508 1569 1553 ciliandam
1611 1514 1887 1558 barbarorum
1922 1518 2264 1564 benevolentiam.
2339 1525 2593 1580 Expertatur

63 1593 2577 1639 ἮἊᾺἪ

43 1646 226 1688 tionibus
247 1649 349 1690 illud
367 1666 453 1691 esse
475 1652 611 1704 debet,
630 1655 744 1708 quod
762 1657 916 1709 sinum,
937 1661 980 1700 in
1000 1676 1084 1715 quo
1100 1666 1282 1718 Zangue-

42 1708 118 1750 bar
140 1711 223 1751 sive
243 1714 441 1755 Zenzibar
455 1716 533 1756 ins.
559 1717 636 1758 sita
658 1727 733 1770 est,
752 1734 775 1759 a
797 1721 969 1762 meridie
988 1723 1155 1776 claudit,
1181 1727 1280 1769 hod.

42 1772 394 1817 Moinano-Kolou
423 1778 486 1818 vel
520 1779 668 1820 Pointe
717 1785 877 1824 Pouna.
908 1785 1117 1828 Ulteriora
1152 1803 1283 1843 quum

40 1832 249 1888 incognita
273 1846 422 1890 essent,
453 1853 562 1894 pone
587 1842 698 1883 istud
722 1849 1057 1898 promontorium
1076 1864 1278 1893 oceanum

40 1907 180 1936 versus
217 1912 407 1941 oceasum
440 1902 603 1944 flectere
629 1914 670 1946 et
697 1907 964 1950 meridionale
993 1910 1142 1953 Afrieae
1170 1913 1274 1955 latus

38 1957 220 2013 incipere
262 1975 312 2002 ex
350 1962 500 2017 placito
535 1967 684 2007 veteris
727 1971 983 2025 geographiae
1023 1974 1272 2018 statuebant.

39 2019 200 2075 Rhapta
222 2023 320 2064 urbs
349 2039 397 2065 ex
420 2026 628 2068 Ptolemaei
651 2029 807 2071 indicio
828 2046 983 2087 ponere
1010 2033 1104 2076 licet
1119 2035 1178 2077 ‘ad
1199 2037 1274 2078 flu·

37 2081 167 2133 vium,
186 2086 256 2139 qui
271 2101 295 2126 a
313 2087 439 2129 borea
453 2093 730 2144 promontorii
751 2094 795 2133 in
811 2109 923 2136 mare
935 2097 1103 2139 excidit.
1122 2101 1279 2151 Quam-

39 2156 163 2197 quam
191 2148 250 2188 sic
270 2149 398 2189 nimia
426 2159 487 2191 est
509 2151 691 2193 duorum
716 2154 878 2196 dierum
903 2160 1133 2212 navigatio,
1151 2176 1278 2216 quam

37 2204 134 2247 inde
151 2223 175 2248 a
195 2211 464 2255 Menuthiade
483 2213 535 2253 ad
557 2215 716 2269 Rhapta
745 2232 831 2257 esse
851 2228 995 2260 auctor
1022 2220 1140 2262 dicit.
1171 2224 1276 2263 Vin-

36 2269 193 2310 centius
216 2272 377 2327 Rhapta
392 2288 477 2313 esse
498 2284 616 2329 putat
631 2277 731 2318 hod.
751 2279 913 2330 Quiloa,
934 2295 1025 2335 quae
1044 2283 1143 2324 urbs
1158 2284 1278 2339 longe

35 2330 143 2371 ultra
161 2343 371 2386 promont.
395 2337 470 2376 sita
501 2345 575 2377 est.
604 2339 619 2391 [Ι
650 2363 707 2370 —
726 2353 766 2380 2.
793 2339 839 2381 ἐν
864 2339 897 2397 ᾧ
914 2344 994 2383 καὶ
1016 2344 1274 2402 πλεῖστοι]

36 2393 101 2432 καὶ
119 2408 204 2434 om.
229 2395 346 2436 editt.
374 2397 389 2450 Η
410 2421 466 2427 —
486 2398 525 2437 3.
552 2397 594 2439 ἐν
620 2402 842 2456 σώμασι]
868 2402 905 2443 ἐν
930 2419 1013 2446 om.
1040 2406 1157 2447 editt.
1180 2410 1274 2449 Non

34 2455 358 2510 improbandum
386 2474 472 2499 esse
507 2471 644 2502 censet
671 2465 978 2521 Bernhardyus‚
1010 2468 1175 2511 laudato
1198 2485 1274 2513 suo

16 2515 86 2557 *de
102 2521 263 2573 syntaxi
278 2535 341 2574 gr.
378 2536 501 2575 opere
527 2537 569 2577 p.
605 2538 707 2575 2123
733 2527 912 2568 insolens
929 2537 1064 2572 tamen
1084 2540 1144 2572 est
1163 2541 1204 2573 et
1221 2534 1274 2575 ab

32 2592 112 2620 usu
129 2583 268 2622 Nostri
291 2583 484 2624 alienum.
505 2586 666 2627 Deinde
680 2589 971 2645 Bernhardyus
987 2606 1064 2647 pro
1081 2594 1166 2648 περὶ
1182 2596 1273 2636 ταύ-

32 2655 103 2694 την
131 2643 208 2698 legi
232 2645 319 2685 vult
349 2646 392 2686 οἱ
416 2647 500 2701 περὶ
521 2663 556 2688 τ.
590 2650 730 2702 11-4.
765 2651 971 2708 ὁρατοὶ]
994 2656 1152 2695 Vocem
1171 2657 1213 2697 h.
1240 2659 1269 2700 l.

32 2703 214 2759 ineptam
230 2721 281 2746 ex
300 2706 577 2764 dittographia
604 2712 927 2765 praecedentium
949 2715 1159 2758 literarum
1177 2720 1272 2774 θρω·

32 2780 96 2807 ποι
124 2777 263 2809 natam
297 2780 434 2812 censet
468 2773 762 2816 Schwanbeck.
802 2791 844 2831 p.
878 2777 975 2826 485.
1000 2780 1050 2818 In
1084 2790 1267 2824 mentem

31 2830 143 2870 venit
177 2831 396 2886 legendum
423 2849 509 2875 esse
535 2849 544 2875 :
573 2838 766 2891 σποράδην
802 2843 1038 2892 κατοικοῦσι,
1070 2851 1118 2883 ut
1139 2858 1263 2899 supra

32 2892 54 2943 S
77 2904 116 2943 2,
135 2895 213 2934 nisi
233 2894 337 2936 forte
352 2895 430 2937 fuit
448 2897 642 2953 ἄνθρωποι
657 2902 846 2956 πειραταί.
875 2904 890 2956 Η
910 2926 967 2934 —
984 2902 1023 2943 5.
1039 2904 1160 2945 κατὰ
1179 2908 1232 2947 τό
1247 2932 1262 2940 -

31 2956 142 3010 πον]
167 2957 264 2998 κατὰ
288 2958 354 2999 τὸν
381 2961 500 3001 τόπον
524 2961 671 3003 codex.
711 2964 726 3017 Η
762 2988 819 2995 —
846 2965 1054 3014 ἕκαστος
1086 2967 1269 3023 ὁμοίως

29 3031 66 3056 τ.
93 3033 146 3059 τυ
159 3021 239 3074 ράν
255 3023 385 3077 νοις]
410 3024 571 3066 ἕκαστον
610 3025 753 3080 ὁμοίως
785 3028 859 3068 τιθ.
893 3030 1097 3083 τυράννους
1128 3031 1265 3086 vulgo.

37 3097 53 3113 ιι
74 3081 123 3120 In
139 3083 288 3136 quibus
311 3084 427 3126 haesit
449 3087 650 3128 mendum
682 3089 920 3141 ridiculum,
956 3092 1070 3146 quod
1092 3101 1132 3133 et
1161 3093 1266 3136 dura

32 3143 141 3182 vocis
161 3144 319 3186 ἕκαστον
343 3155 547 3190 structura
570 3153 754 3204 coarguit
777 3160 817 3192 et
835 3167 1026 3207 perversa
1048 3158 1262 3209 sententia,

36 3218 52 3239 «
65 3204 221 3257 singula
228 3207 315 3250 loca
323 3218 455 3251 certos
463 3226 558 3252 suos
569 3221 764 3268 tyrannos
773 3215 926 3258 habent
938 3234 955 3256 »
964 3248 976 3268 ‚
988 3218 1055 3259 cui
1064 3228 1266 3274 repugnat

10 3293 14 3296 -
31 3267 226 3309 continua
243 3273 423 3314 narratio
438 3272 490 3315 de
504 3276 629 3317 unico
645 3285 823 3333 tyranno
852 3281 1101 3335 Mopharite.
1123 3282 1265 3324 Codex

30 3329 235 3370 Palatinus
270 3333 426 3383 ἕκαστος
454 3345 494 3376 et
516 3352 644 3379 manu
676 3341 812 3394 prima
839 3343 1058 3396 τυράννοις,
1084 3357 1264 3398 quorum

29 3399 252 3446 utrumque
270 3409 410 3437 sensus
428 3400 602 3453 requirit
619 3413 628 3441 :
654 3401 834 3443 homines
849 3404 1107 3446 vastissimis
1121 3421 1262 3464 corpo-

31 3452 145 3494 ribus
164 3463 203 3494 et
223 3470 391 3510 quorum
413 3459 568 3513 singuli
587 3462 674 3503 rita
698 3464 891 3520 modoque
910 3475 1172 3521 tyrannorum
1200 3485 1263 3512 res

30 3528 129 3555 suas
143 3527 285 3567 agant.
307 3538 323 3554 n
357 3522 641 3565 BERNHARDY.
674 3526 690 3578 ΙΙ
717 3550 774 3557 —
797 3542 836 3580 7.
862 3531 919 3579 τῆ
935 3545 951 3575 ς
970 3531 1133 3583 πρώτη
1148 3548 1164 3579 ς
1186 3547 1262 3586 γι-

30 3579 239 3632 νομένης
285 3578 423 3636 Ἀρα6
440 3584 537 3639 ίας]
572 3585 808 3628 Dodwellus
843 3603 921 3643 pro
948 3593 1152 3646 γινομένης
1184 3594 1261 3649 legi

23 3637 141 3692 jubet
160 3640 395 3696 λεγομένης,
425 3645 550 3699 idque
584 3649 871 3702 perprobabile
903 3659 986 3702 est,
1011 3667 1261 3709 quamquam

28 3711 185 3743 certum
202 3719 287 3745 esse
302 3720 388 3746 non
399 3706 565 3759 dixeris,
584 3723 714 3764 quum
729 3713 944 3767 explicatio
960 3715 1180 3758 verborum
1195 3722 1262 3771 τῆς
1289 3753 1292 3757 .

27 3766 178 3818 πρώτης
207 3767 419 3823 λεγομένης
456 3769 530 3825 Ἇρ.
555 3774 678 3812 meris
708 3773 955 3829 conjecturis
989 3778 1256 3833 relinquatur.

28 3826 90 3866 De
108 3827 259 3869 Arabia
277 3831 412 3884 prima
432 3839 627 3886 tanquam
650 3837 864 3889 provincia
885 3839 1069 3880 Romana
1091 3843 1259 3895 cogitari

0 3935 2 3940 ,
27 3888 157 3929 voluit
172 3890 420 3942 Dodwellus,
441 3907 656 3948 perperam
684 3912 794 3938 sane.
814 3899 974 3951 Quodsi
993 3902 1101 3942 enim
1118 3904 1259 3946 Festus

28 3949 158 3991 Rufus
174 3951 274 3993 dicit
288 3963 484 4007 regnante
501 3955 680 4011 Trajano
698 3959 857 4004 Syriam
872 3970 924 4001 -et
942 3964 1146 4005 Arabiam
1161 3981 1258 4022 pro-

1351 1669 1517 1711 vincias
1536 1687 1619 1713 esse
1622 1673 1785 1726 factas,
1811 1678 1989 1731 pertinet
2009 1678 2051 1718 id
2070 1679 2121 1719 ad
2141 1681 2302 1722 Arabiae
2317 1685 2480 1723 Petraeae
2495 1698 2588 1738 par·

1351 1739 1452 1783 tem,
1482 1735 1606 1788 Syriae
1634 1738 1892 1790 proximam,
1919 1754 2044 1793 quam
2075 1743 2290 1784 Cornelius
2309 1745 2448 1786 Palma
2473 1745 2486 1801 (
2511 1747 2586 1788 105

1349 1806 1393 1847 p.
1427 1795 1509 1847 C.)
1546 1798 1803 1850 provinciam
1835 1799 1930 1840 fecit
1966 1801 1979 1857 (
2006 1803 2087 1842 Dio
2112 1805 2222 1844 Cass.
2263 1806 2459 1856 LXVIII,
2487 1807 2585 1860 15).

1348 1857 1443 1911 Ipse
1471 1858 1674 1912 Trajanus
1706 1869 1850 1902 contra
1878 1864 2055 1904 Atrenos
2083 1865 2267 1906 Arabum
2304 1868 2478 1918 tribum,
2516 1871 2588 1923 qui

1349 1918 1473 1958 Atras
1501 1917 1514 1974 (
1534 1920 1789 1976 Al-Hadlzr)
1816 1923 1966 1964 urbem
1996 1925 2039 1965 in
2058 1926 2355 1981 Mesopotamia
2376 1928 2585 1980 tenebant,

1348 1982 1572 2034 pugnavit;
1594 1984 1790 2025 Arabiam
1809 2000 1907 2026 vero
1923 2002 2007 2027 non
2023 1987 2139 2039 adiit,
2160 2004 2238 2030 nee
2253 1990 2360 2030 ullus
2382 1993 2588 2033 Romano·

1347 2056 1444 2083 rum
1478 2046 1679 2086 exercitus
1705 2047 1802 2088 inde
1819 2063 1843 2089 a
1866 2049 1970 2090 Galli
2004 2050 2265 2105 expeditione
2292 2053 2336 2093 in
2371 2054 2586 2095 interiores

1345 2106 1532 2159 regiones
1544 2111 1786 2162 penetravit.
1805 2110 1884 2151 Sed
1900 2112 1978 2153 hoc
1993 2121 2040 2153 ut
2058 2114 2284 2165 mittamus,
2301 2115 2387 2170 ipse
2400 2117 2586 2171 Periplus

1346 2167 1547 2209 Dodvvelli
1583 2173 1827 2212 sententiam
1855 2173 2026 2224 refellit;
2057 2190 2154 2216 nam
2185 2191 2276 2231 quae
2305 2177 2357 2217 de
2390 2179 2585 2220 Cholaeho

1343 2229 1631 2284 Mapharitidis
1657 2241 1833 2288 tyranno
1856 2243 1895 2274 et
1911 2236 2149 2277 Charibaele
2171 2252 2265 2291 rege
2283 2238 2464 2291 legitimo
2486 2255 2581 2281 nar-

1343 2299 1428 2341 rat,
1456 2293 1499 2332 in
1516 2295 1772 2347 provinciam
1795 2298 2025 2339 Romanam
2043 2300 2215 2340 minime
2234 2300 2452 2355 quadrant.
2478 2304 2580 2342 Vin-

1344 2360 1486 2391 centus
1510 2355 1565 2403 II,
1596 2369 1639 2409 p.
1677 2370 1769 2410 170,
1791 2356 1860 2408 τὴν
1887 2361 2041 2413 πρώτην
2086 2360 2259 2415 Ἄραὸίαν
2287 2363 2581 2417 interpretatur

1344 2414 1517 2468 tlzefirst
1535 2417 1850 2475 andprincipal
1868 2430 1978 2461 state
1991 2422 2045 2475 of
2057 2423 2221 2463 Arabia
2225 2423 2367 2476 felix;
2383 2438 2467 2478 quo
2489 2440 2578 2467 sen-

1342 2489 1391 2515 su
1420 2475 1643 2519 dicendum
1672 2489 1758 2521 erat
1781 2484 1849 2533 τῆς
1869 2484 2156 2537 πρωτευούσης,
2181 2487 2248 2536 τῆς
2270 2488 2573 2542 προηγουμένης.

1341 2537 1383 2577 Si
1417 2541 1593 2591 genuina
1624 2551 1684 2582 est
1712 2543 1832 2584 lectio
1863 2545 2025 2599 vulgata
2055 2561 2132 2587 nec
2162 2548 2392 2589 Homeritis
2425 2550 2577 2593 Arabia

1339 2611 1566 2643 memorata
1597 2612 1696 2654 erat,
1722 2615 1969 2647 mercatores
2001 2609 2213 2663 AEgyptios
2235 2609 2390 2650 Arabiae
2418 2620 2577 2665 partem

1340 2664 1634 2706 occidentalem
1650 2681 1742 2720 quae
1763 2669 1860 2723 ipsis
1886 2672 2076 2724 proxima
2093 2680 2199 2722 erat,
2228 2671 2409 2727 primam
2427 2672 2578 2716 dixisse

1338 2728 1559 2779 putaveris
1608 2729 1801 2769 Ceterum
1835 2732 1988 2772 Azania
2022 2733 2228 2773 Arabibus
2268 2731 2450 2787 subjecta
2491 2745 2577 2776 erat

1341 2801 1471 2842 usque
1490 2788 1542 2829 ad
1564 2803 1611 2830 ea
1639 2798 1826 2846 tempora
1854 2794 2005 2847 quibus
2020 2795 2241 2849 Portugalli
2263 2809 2311 2835 ea
2327 2796 2447 2850 potiti
2463 2806 2574 2848 sunt,

1340 2857 1461 2903 atque
1482 2859 1575 2904 post
1604 2865 1787 2892 eversam
1805 2853 1958 2894 horum
1977 2853 2304 2896 dominationem
2341 2855 2480 2897 denuo
2499 2859 2575 2900 sub

1338 2912 1559 2964 pristinum
1575 2913 1798 2967 imperium
1816 2915 1981 2956 redacta
1992 2925 2066 2957 est.
2088 2918 2207 2971 Η-ὃ.
2226 2918 2267 2959 Μ
2276 2933 2330 2973 οφ
2343 2934 2426 2974 αρε
2443 2919 2541 2972 ίτης
2556 2922 2572 2977 ]

1336 2972 1444 3014 infra
1472 2975 1732 3029 Μαφαρείτης,
1769 2976 1883 3031 quod
1927 2978 2090 3019 videtur
2128 2988 2335 3034 praestare.
2371 2981 2569 3037 Μαφαρεί-

1335 3050 1402 3086 της
1430 3035 1679 3091 adjectivum
1713 3038 1898 3093 designat
1926 3040 2213 3095 Mapharitidis
2232 3042 2410 3094 regionis
2437 3051 2575 3096 tyran-

1336 3112 1454 3149 num,
1473 3100 1539 3139 eui
1555 3099 1735 3141 Cholaebi
1756 3116 1922 3142 nomen.
1942 3102 2005 3142 Cf.
2031 3105 2068 3154 ἓ.
2085 3103 2153 3143 31.
2174 3103 2188 3156 ΙΙ
2209 3126 2265 3134 --
2280 3116 2344 3142 11.
2369 3102 2571 3159 ἐπιγαμ-

1338 3160 1504 3217 6ρίαν]
1527 3164 1593 3204 Sic
1611 3178 1722 3205 nunc
1749 3179 1927 3219 quoque.
1956 3165 1971 3218 ΙΙ
1998 3165 2151 3205 -καὶ
2174 3180 2224 3205 συ
2239 3165 2347 3215 νήθ.
2369 3166 2384 3220 ]
2411 3166 2507 3206 κατὰ
2530 3182 2565 3207 σ.

1339 3223 1452 3276 cod.;
1472 3239 1552 3266 em.
1577 3226 1699 3267 Fabr.
1721 3227 1735 3280 Η
1752 3251 1808 3259 -
1824 3241 1889 3267 12.
1907 3231 1997 3267 τῶν
2014 3228 2199 3282 τόπων]
2222 3227 2367 3267 τούτων
2386 3243 2421 3267 τ.
2440 3228 2568 3282 τόπων

1336 3288 1547 3329 Fabricius
1559 3297 1598 3330 et
1610 3289 1652 3330 h.
1675 3289 1702 3329 l.
1722 3297 1762 3329 et
1776 3290 1862 3329 aliis
1873 3290 1971 3330 locis
1983 3289 2136 3339 multis,
2154 3288 2206 3329 de
2224 3288 2573 3356 dicendi-genere,

1336 3364 1418 3404 quo
1433 3352 1582 3393 Noster
1602 3352 1748 3401 utitur,
1775 3366 1921 3407 parum
1955 3352 2164 3402 sollicitus.
2193 3352 2207 3405 l}
2235 3375 2290 3382 -
2303 3367 2321 3392 ν
2333 3352 2384 3391 αι’)
2397 3369 2423 3394 π
2434 3353 2459 3392 λ
2470 3369 2480 3393 ι
2491 3369 2512 3394 0
2525 3355 2567 3409 ς]

1334 3413 1425 3452 Hoc
1448 3413 1548 3467 quid
1568 3413 1643 3453 sibi
1662 3413 1771 3463 velit,
1797 3428 1871 3467 ego
1887 3414 2039 3454 nescio.
2065 3414 2233 3454 Certum
2263 3414 2478 3455 testudinis
2502 3430 2568 3468 ge·

1333 3484 1413 3510 nus
1432 3471 1627 3522 indicari,
1649 3482 1695 3514 ut
1718 3475 1946 3515 Vincentus
1969 3474 2212 3529 suspicatur,
2238 3489 2322 3514 non
2345 3483 2404 3515 est
2430 3477 2567 3516 verisi-

1334 3532 1444 3573 mile.
1469 3535 1713 3590 Nauplium,
1740 3536 1891 3577 animal
1916 3537 2036 3591 sepiae
2056 3535 2201 3586 simile,
2219 3536 2382 3577 ‘Plinius
2411 3552 2567 3578 memo-

1333 3603 1395 3635 rat
1416 3597 1492 3645 IX,
1519 3599 1570 3649 49
1583 3612 1593 3646 ;
1613 3597 1723 3650 quod
1748 3598 1846 3638 item
1868 3613 1891 3639 a
1914 3607 2058 3639 nostro
2076 3598 2167 3639 loco
2182 3598 2361 3639 alienum
2386 3599 2561 3640 videtur.

1333 3657 1510 3698 Guillain
1537 3659 1579 3697 in
1603 3659 1786 3699 Annales
1808 3660 2036 3701 maritimas·
2058 3661 2178 3709 1843,
2211 3675 2254 3715 p.
2293 3663 2372 3702 818
2396 3662 2560 3715 species,

1333 3734 1423 3774 quae
1441 3734 1491 3760 ex
1513 3722 1758 3772 anguebar
1767 3724 1934 3776 regione
1952 3731 2237 3778 exportantur,
2258 3732 2440 3763 recenset
2457 3724 2526 3762 has
2549 3736 2558 3762 :

1339 3801 1355 3816 «
1381 3782 1524 3831 ivoire,
1556 3774 1690 3822 resine
1720 3785 1851 3838 copal,
1885 3786 2038 3825 sesamo
2059 3786 2154 3825 noir
2174 3792 2214 3824 et
2239 3786 2391 3824 sesame
2415 3783 2557 3832 blanc,

1331 3844 1472 3894 millet,
1509 3858 1652 3884 cernes
1685 3844 1736 3886 de
1768 3847 2023 3898 rhinoceros,
2056 3849 2159 3897 cire,
2186 3846 2346 3899 girosse‚
2371 3845 2480 3883 huile
2509 3843 2559 3883 de

1330 3920 1451 3956 coco,
1478 3905 1709 3958 olibanum,
1748 3922 1912 3962 gomme
1943 3909 2159 3963 arabique,
2185 3905 2555 3959 gomme-myrrhe,

1329 3967 1451 4019 aloes,
1474 3968 1625 4008 ecaille.
1646 3988 1663 4004 a
