2782 4348
161 149 316 214 ‹aaz›

19 255 138 314 phot.
157 255 334 314 ἀγωνίαν
357 259 546 324 ἰσχυρὰν,
577 266 724 324 φθορᾶς
746 262 1014 328 ὗποκειμένης
1033 283 1293 340 παραχρῆμα
1322 288 1381 348 τῷ

151 326 344 386 σφαλέντι
363 327 430 372 διὰ
452 328 526 384 τὴν
545 329 707 376 ἔκλυσιν
725 332 800 388 τὴν
819 337 1014 397 φυσικήν.
1044 345 1098 388 Οἱ
1119 338 1188 390 οὗν
1206 349 1288 394 ἀπὸ
1307 356 1380 408 τῆς

150 385 304 432 τούτων
329 388 454 451 θήρας
472 390 539 435 τὸν
564 392 651 453 βίον
671 395 928 457 ποιούμενοι,
952 401 1046 455 τοὺς
1064 407 1239 467 δρυμοὺς
1261 430 1377 476 περι-

145 455 408 516 πλανώμενοι
431 458 502 504 καὶ
525 459 600 517 τὴν
625 467 698 508 τοῦ
721 466 861 527 θηρίου
887 469 1027 527 κοίτην
1059 475 1371 540 ἐπισημηνάμε-

98 537 118 567 5
142 541 216 582 νοι,
249 527 294 570 ἐκ
315 529 395 571 τῶν
417 526 582 576 ὄπισθεν
615 537 684 578 τοῦ
716 533 881 598 δένδρου
904 539 1041 587 τόπων
1062 546 1266 607 πρίουσιν,
1298 550 1373 606 ἕως

143 593 190 657 ἂν
211 592 315 652 μήτε
337 594 454 658 κλίνῃ
488 597 534 643 τὸ
557 606 639 645 πᾶν
657 600 761 662 μήτε
781 605 924 667 ἰσχύον
948 609 1053 670 ἄγαν
1078 615 1164 674 (καὶ
1185 618 1368 683 ἰσχυρὸν)

139 661 418 722 ἀπολείποιτο,
438 667 541 730 μένῃ
559 669 601 714 δὲ
618 672 786 728 ἑστηκὸς
804 676 872 721 ἐπὶ
886 678 1085 742 βραχείας
1108 687 1252 746 ῥοπῆς.
1305 690 1367 737 Τὸ

135 729 177 774 δὲ
198 733 297 793 ζῷον
325 733 406 779 ἀπὸ
427 739 499 792 τῆς
526 742 652 799 νομῆς
672 742 738 786 ἐπὶ
759 743 826 789 τὸν
850 748 1004 806 συνήθη
1039 755 1110 807 τῆς
1132 755 1269 813 κοίτης
1298 760 1363 804 τό-

132 816 209 842 πον
228 802 542 864 οἷνακλινόμενον
564 809 761 871 αἰφνίδιόν
781 832 825 858 τε
847 816 1010 875 πίπτει,
1034 826 1105 866 τοῦ
1130 823 1248 876 ξύλου
1267 829 1365 874 κλα-

67 877 108 908 10
129 866 311 930 σθέντος,
337 872 407 917 καὶ
428 874 639 936 πρόκειται
660 887 742 932 τοῖς
763 883 967 943 θηράσασι
991 889 1150 937 δεῖπνον
1175 893 1335 955 ἕτοιμον
1349 917 1358 927 ·

122 934 203 988 τὰς
230 938 308 1001 γὰρ
341 942 528 997 ὀπισθίας
564 946 762 1010 κόψαντες
791 946 899 1000 οἷτοι
930 955 1109 1021 σάρκας,
1142 962 1213 1008 καὶ
1239 966 1358 1022 ποιή-

126 1023 267 1059 σαντες
290 1008 454 1072 ἔξαιμον
473 1014 520 1060 τὸ
548 1018 663 1079 ζῷον,
688 1011 775 1066 εἶτα
796 1024 954 1086 νεκρὸν,
990 1027 1091 1091 πρὸς
1118 1031 1190 1087 τὴν
1214 1035 1358 1082 ἑαυτοῦ

122 1076 265 1137 χρείαν
287 1078 456 1136 ἕκαστος
477 1084 528 1129 τὰ
554 1087 661 1146 μέλη
688 1090 924 1154 διαιροῦσιν.

184 1162 242 1193 56.
265 1145 363 1195 “Ovz
383 1151 549 1205 τούτους
572 1155 665 1210 τοὺς
684 1161 880 1221 κυνηγοὺς
898 1165 1156 1227 Πτολεμαῖος
1182 1174 1203 1216 ὅ
1226 1174 1353 1232 Αἰγύ-

57 1230 95 1259 15
121 1231 222 1260 πτου
258 1221 450 1279 βασιλεὺς
487 1226 743 1288 ἀποσχέσθαι
774 1235 843 1275 τοῦ
867 1233 988 1294 φόνου
1017 1240 1097 1282 τῶν
1119 1240 1351 1303 ἐλεφάντων

98 1290 346 1347 παραινῶν,
373 1287 426 1335 ἵν’
445 1290 532 1354 ἔχοι
564 1295 684 1348 αὐτὸς
717 1300 893 1358 ζῶντας,
915 1303 985 1348 καὶ
1010 1306 1142 1352 πολλὰ
1161 1310 1231 1355 καὶ
1250 1316 1350 1357 θαυ-

117 1354 257 1411 μαστὰ
294 1360 430 1412 αὐτοῖς
453 1364 796 1425 ὑπισχνούμενος,
831 1372 877 1415 οὖ
912 1372 1033 1431 μόνον
1055 1377 1128 1422 οὔκ
1166 1378 1345 1443 ἔπεισεν,

115 1422 206 1468 ἀλλ’
228 1426 311 1471 οὐδ’
335 1426 384 1473 ἂν
409 1428 483 1486 τὴν
507 1430 607 1489 ὅλην
633 1436 886 1490 ἀλλάξασθαι
912 1445 1124 1503 βασιλείαν
1156 1449 1255 1512 πρὸς
1277 1451 1345 1498 τὸν

0 1541 1 1544 ¹
111 1491 314 1540 ἐνεστῶτα
343 1497 429 1558 βίον
455 1500 650 1548 εἰπόντων
677 1505 891 1569 ἀπόκρισιν
918 1511 1108 1567 ἤκουσεν.

49 1573 91 1603 20
172 1578 228 1609 57.
266 1561 365 1611 *Ότι
387 1570 468 1612 τῶν
487 1575 674 1632 κυνηγῶν
694 1574 864 1634 τούτων,
885 1578 953 1632 οὓς
972 1585 1007 1627 οἱ
1029 1585 1216 1642 Νομάδες
1241 1591 1341 1636 ἀκα·

107 1623 275 1691 θάρτους
302 1636 443 1680 καλεῖν
479 1638 674 1702 εἰώθασι,
705 1642 757 1688 τὰ
788 1644 861 1704 μὲν
892 1648 991 1711 πρὸς
1024 1654 1200 1717 ἑσπέραν
1236 1659 1338 1705 ἀπό-

106 1716 281 1761 σπασμα
299 1705 508 1752 Αἰθιόπων
533 1709 701 1770 νέμεται
721 1712 787 1766 οὒς
810 1718 982 1764 καλοῦσι
1002 1723 1185 1785 Σιμοὺς,
1221 1727 1271 1772 τὰ
1292 1729 1334 1774 δὲ

1086 175 1166 226 DE
1200 179 1355 229 MARI
1387 187 1757 245 ERYTHRAEO‘.

2586 249 2667 290 147

1451 304 1679 346 naturalem
1697 309 1880 363 erigendi
1899 329 1983 356 sese
2006 317 2306 374 impotentiam.
2366 334 2473 387 Ergo
2493 343 2561 392 qui
2584 347 2672 388 vitae

1448 386 1499 414 cx
1535 375 1685 420 horum
1714 393 1863 426 venatu
1894 387 2084 432 alimenta
2117 408 2306 448 quaerunt
2324 433 2334 451 ,
2362 405 2404 445 in
2438 416 2671 458 nemoribus

1446 447 1815 507 circumvagando,
1851 460 2099 519 ubicumque
2131 466 2269 511 bestiae
2299 474 2566 526 observarunt
2602 505 2671 531 cu-

1443 519 1538 573 bile,
1565 540 1746 570 aversam
1765 533 1924 575 arboris
1942 547 2101 592 partem
2119 557 2230 584 serra
2251 546 2456 604 incidunt,
2475 556 2573 599 dum
2596 578 2669 605 nec

1443 601 1527 636 tota
1551 598 1739 652 inclinet,
1766 619 1840 646 nec
1878 609 2011 652 valida
2045 614 2168 655 nimis
2190 630 2372 672 mancat,
2400 626 2471 667 sed
2500 631 2551 671 ad
2584 638 2667 676 exi-

1439 683 1566 723 guum
1585 671 1874 721 tantummodo
1897 684 2119 740 impulsum
2151 701 2287 736 restet.
2345 700 2483 744 Bellua
2501 705 2624 760 igitur
2645 728 2667 753 e

1435 748 1596 800 pascuis
1620 764 1780 794 reversa
1799 769 1928 809 quum
1965 761 2017 801 ad
2040 766 2303 811 assuefactam
2323 774 2500 819 cubandi
2528 786 2666 826 statio-

1434 831 1530 858 nem
1553 835 1595 862 se
1613 825 1816 879 applicat,
1842 831 1979 885 stipite
2002 835 2215 880 confestim
2238 841 2427 889 diffracto
2449 857 2658 910 evertitur,

1433 899 1474 931 et
1506 903 1691 947 paratam
1715 901 1958 943 venantibus
1975 907 2128 959 praebet
2151 925 2323 956 coenam.
2381 921 2658 972 Posteriorum

1430 965 1539 1006 enim
1561 970 1742 1022 partium
1761 987 1902 1014 carnes
1916 978 2169 1031 rescindunt,
2195 993 2235 1024 et
2250 988 2329 1028 vita
2348 1005 2441 1034 cum
2464 1002 2657 1052 sanguine

1429 1039 1649 1094 exhausta,
1675 1054 1819 1088 caetera
1843 1048 2027 1092 defuncti
2056 1057 2240 1099 membra
2262 1062 2314 1102 ad
2344 1079 2462 1108 suum
2485 1074 2657 1130 quisque

1427 1125 1548 1154 usum
1571 1114 1790 1160 distributa
1811 1122 2017 1166 auferunt.

1483 1187 1549 1229 56.
1575 1191 1661 1230 Hos
1690 1202 1902 1236 venatores
1930 1199 2172 1243 Ptolemaeus
2204 1221 2273 1247 rex
2297 1210 2457 1268 AEgypti
2494 1218 2544 1258 ab
2574 1221 2653 1262 ele-

1423 1253 1626 1308 phantum
1662 1259 1771 1300 caedc
1793 1262 1995 1306 abstinere
2029 1268 2214 1313 hortatus
2245 1285 2331 1327 est,
2355 1289 2400 1320 ut
2434 1284 2545 1325 vivos
2574 1289 2650 1330 sibi

1420 1321 1588 1365 haberet
1603 1357 1614 1375 ,
1638 1328 1908 1384 multaque‘et
1934 1334 2206 1381 admiratione
2226 1342 2348 1398 digna
2367 1349 2423 1388 eis
2445 1357 2647 1405 promisit.

1417 1391 1512 1432 Non
1534 1394 1662 1435 modo
1698 1404 1837 1439 tamen
1870 1415 1954 1442 non
1980 1409 2202 1459 persuasit,
2234 1426 2378 1459 verum
2410 1419 2533 1461 etiam
2555 1438 2647 1465 cum

1416 1466 1504 1500 toto
1536 1461 1700 1518 AEgypti
1729 1480 1857 1520 regno
1889 1484 1931 1510 se
1952 1483 2196 1526 praesentem
2231 1479 2344 1522 hune
2372 1485 2527 1529 victum
2563 1506 2645 1532 non

1413 1539 1720 1582 permutaturos
1741 1549 1827 1576 esse
1845 1537 1897 1578 ab
1916 1538 1993 1580 illis
2018 1556 2262 1598 responsum
2282 1553 2451 1607 accepit.

1470 1599 1536 1652 57.
1568 1602 1846 1646 Venatoribus
1866 1607 1945 1658 his,
1964 1625 2068 1665 quos
2083 1614 2290 1658 Nomades
2306 1620 2491 1676 impuros
2510 1631 2644 1670 nomi-

1408 1679 1507 1707 nare
1543 1669 1699 1721 solent,
1739 1672 1916 1728 objectas
1953 1678 2006 1719 ad
2039 1681 2295 1727 occidentem
2328 1692 2513 1744 regiones
2548 1711 2641 1751 pars

1406 1734 1648 1791 AEthiopum
1687 1740 1853 1793 incolit,
1894 1746 1966 1799 qui
2002 1748 2104 1788 Simi
2137 1762 2349 1807 vocantur,
2394 1773 2462 1801 eas
2503 1774 2639 1813 autem

627 1807 2125 1858 R·

19 1833 291 1903 iodAiOt'mrec
305 1838 543 1901 γνωρίζουσι
560 1841 633 1896 τὰς
651 1848 731 1890 τῶν
752 1848 984 1913 ἐλεφάντων
1001 1857 1153 1910 κοίτας.
1193 1858 1330 1908 Ὅταν

99 1905 166 1945 οὖν
196 1902 424 1967 ἐπιτύχωσι
453 1911 624 1976 τοιούτῳ
649 1914 823 1980 δένδρῳ,
855 1921 1064 1982 πρίζουσιν
1090 1929 1189 1974 αὐτὸ
1213 1932 1328 1994 παρὰ

36 1985 75 2015 25
95 1968 167 2025 τὴν
192 1976 284 2033 γῆν,
303 1976 435 2046 μέχρι
459 1977 506 2025 ἂν
531 1982 670 2043 ὀλίγην
696 1985 754 2030 ἔτι
777 1987 850 2042 τὴν
876 1992 1004 2051 ῥοπὴν
1034 1995 1109 2058 ἔχῃ
1130 1998 1229 2061 πρὸς
1252 2001 1326 2057 τὴν

93 2043 263 2086 πτῶσιν·
288 2045 360 2088 εἷθ’
383 2041 492 2093 οὗτοι
527 2049 601 2109 μὲν
622 2053 674 2098 τὰ
698 2059 851 2116 σημεῖα
876 2064 949 2116 τῆς
972 2063 1076 2117 ἰδίας
1098 2069 1326 2130 παρουσίας

91 2109 360 2170 ἀφανίσαντες
394 2117 555 2179 ταχέως
596 2125 929 2174 ἀπαλλάττονται
942 2166 955 2187 ,
1003 2135 1218 2195 φθάνοντες
1249 2139 1322 2194 τὴν

88 2177 227 2240 ἔφοδον
250 2186 321 2226 τοῦ
343 2183 445 2247 ζῴου
461 2205 470 2214 ·
495 2191 515 2232 ὁ
533 2189 567 2234 δ’
588 2190 736 2255 ἐλέφας
759 2196 858 2256 πρὸς
876 2199 949 2254 τὴν
967 2203 1141 2265 ἑσπέραν
1164 2208 1322 2265 ἐμπλη-

87 2247 192 2299 σθεὶς
215 2254 286 2301 τῆς
307 2258 472 2316 τροφῆς,
501 2256 570 2302 ἐπὶ
595 2259 668 2314 τὴν
693 2262 844 2320 συνήθη
863 2277 1050 2332 καταντᾷ
1068 2272 1223 2329 κοίτην·
1245 2295 1321 2321 κα-

21 2327 64 2360 30
83 2318 285 2370 τακλιθεὶς
309 2320 351 2365 δὲ
376 2323 509 2387 ἀθρόῳ
531 2328 590 2388 τῷ
615 2328 733 2391 βάρει
753 2339 1013 2396 παραχρῆμα
1035 2340 1140 2398 μετὰ
1157 2345 1228 2397 τῆς
1248 2349 1317 2390 τοῦ

84 2384 248 2447 δένδρου
287 2397 413 2452 φορᾶς
450 2393 516 2438 ἐπὶ
550 2394 623 2452 τὴν
659 2402 735 2458 γῆν
766 2403 1069 2467 καταφέρεται·
1103 2410 1238 2456 πεσὼν
1274 2413 1315 2459 δὲ

81 2452 221 2508 ὕπτιος
244 2456 357 2517 μένει
378 2460 452 2516 τὴν
477 2462 604 2510 νύκτα
624 2466 807 2526 κείμενος
830 2472 896 2516 διὰ
919 2473 966 2519 τὸ
984 2476 1059 2531 τὴν
1078 2484 1148 2524 τοῦ
1171 2480 1312 2541 σώμα-

79 2540 143 2574 τος
170 2524 290 2586 φύσιν
319 2529 647 2593 ἀδημιούργητον
669 2529 772 2582 εἶναι
808 2540 909 2602 πρὸς
942 2544 1184 2595 ἀνάστασιν.
1255 2554 1310 2597 Οἱ

77 2590 119 2635 δὲ
151 2594 370 2655 πρίσαντες
406 2599 453 2644 τὸ
488 2601 649 2664 δένδρον
672 2606 863 2661 Αἰθίοπες
895 2609 1122 2678 ἅμ’-ἡμέρᾳ
1155 2636 1310 2665 καταν-

14 2672 54 2702 35
74 2663 194 2718 τῶσι,
218 2664 288 2709 καὶ
305 2667 436 2731 ’χωρὶς
455 2671 649 2717 κινδύνων
675 2677 988 2734 ἀποκτείναντες
1010 2683 1055 2728 τὸ
1078 2687 1179 2748 ζῷον
1200 2708 1307 2746 σκη-

73 2736 327 2778 νοποιοῦνται
349 2736 443 2794 περὶ
463 2738 531 2783 τὸν
555 2742 678 2787 τόπον
702 2745 772 2789 καὶ
791 2749 1076 2810 παραμένουσι
1109 2755 1232 2818 μέχρι
1255 2758 1304 2803 ἂν

70 2797 114 2842 τὸ
137 2803 352 2856 πεπτωκὸς
371 2807 631 2857 ἀναλώσωσι.

133 2884 188 2916 57.
227 2872 396 2919 Τούτων
430 2874 473 2921 δὲ
514 2882 595 2924 τῶν
633 2884 760 2942 γενῶν
798 2884 848 2930 τὰ
886 2887 959 2947 μὲν
990 2889 1091 2953 πρὸς
1127 2894 1301 2957 ἑσπέραν

41 2998 43 3001 ¹
67 2935 170 3000 μέρη
191 2947 449 2989 κατοικοῦσιν
470 2946 661 3002 Αἰθίοπες
682 2953 719 2996 οἱ
744 2957 1131 3019 προςαγορευόμενοι
1149 2964 1299 3023 Σιμοὶ,

25 3005 114 3050 Οτὰ
152 3008 192 3053 δὲ
233 3010 332 3072 πρὸς
362 3015 625 3080 μεσημὸρίαν
660 3023 883 3082 κεκλιμένα
929 3027 1096 3086 νέμεται
1137 3031 1183 3077 τὸ
1215 3037 1296 3079 τῶν

64 3075 385 3143 Στρουθοφάγων
420 3084 544 3144 γένος.
610 3083 736 3136 Ἔστι
768 3091 848 3155 γὰρ
872 3094 977 3158 παρ’
998 3099 1133 3151 αὐτοῖς
1158 3101 1296 3162 ὀρνέου

61 3162 99 3187 τι
119 3147 228 3206 γένος
249 3155 505 3212 μεμιγμένην
528 3156 621 3218 ἔχον
644 3158 718 3215 τὴν
748 3161 867 3224 φύσιν
889 3168 948 3228 τῷ
967 3168 1152 3231 χερσαίῳ
1177 3172 1292 3234 ζῴῳ,

62 3214 111 3257 δι’
142 3215 191 3271 ἣν
229 3222 301 3275 τῆς
330 3223 519 3270 συνθέτου
552 3227 699 3291 τέτυχε
731 3235 1023 3298 προσηγορίας.
1094 3241 1225 3285 Τόῧτο
1250 3241 1292 3286 δὲ

63 3283 222 3342 μεγέθει
246 3288 318 3346 μὲν
343 3293 387 3336 οὐ
412 3293 597 3341 λείπεται
621 3301 912 3362 τῆςμεγίστης
947 3306 1114 3369 ἐλάφου,
1153 3309 1220 3354 τὸν
1246 3310 1288 3355 δὲ

19 3359 37 3386 5
61 3352 213 3413 αὐχένα
237 3359 392 3421 μακρὸν
414 3361 520 3424 ἔχειν
557 3366 627 3411 καὶ
658 3379 887 3433 περιφερεῖς
906 3373 977 3427 τὰς
1007 3377 1186 3439 πλευρὰς
1218 3380 1288 3425 καὶ

59 3422 268 3482 πτερωτὰς
288 3427 364 3472 ὑπὸ
382 3433 453 3486 τῆς
476 3432 631 3494 φύσεως
651 3438 1024 3505 δεδημιούργηται·
1051 3447 1125 3491 καὶ
1152 3451 1285 3510 κεφά-

58 3490 172 3534 λαιον
198 3491 271 3551 μὲν
299 3497 459 3551 ἀσθενὲς
482 3501 568 3564 ἔχει
587 3505 658 3549 καὶ
682 3509 841 3571 μικρὸν,
866 3520 1012 3574 μηροῖς
1033 3514 1075 3560 δὲ
1100 3517 1170 3562 καὶ
1201 3518 1285 3563 κώ-

1403 1872 1563 1926 cidunt,
1588 1891 1699 1919 serra
1720 1881 1844 1935 paulo
1867 1898 1992 1939 supra
2010 1887 2185 1931 humum
2214 1906 2394 1950 eousque
2429 1900 2632 1952 incidunt,

1398 1960 1498 2003 dum
1521 1966 1692 2019 paulum
1714 1969 1767 2009 ad
1788 1972 1952 2014 ruinam
1975 1980 2175 2020 momenti
2199 1990 2338 2023 restet.
2398 1987 2508 2028 Tum
2529 1989 2633 2031 dele-

1397 2048 1447 2087 tis
1468 2054 1695 2103 praesentiae
1717 2055 1902 2109 ipsorum
1922 2060 2100 2112 indiciis,
2126 2065 2311 2108 celeriter
2332 2069 2558 2115 abscedunt
2579 2090 2631 2116 ne

1394 2132 1479 2174 fera
1508 2140 1784 2190 superveniat.
1853 2145 1913 2183 Ea
1954 2146 2031 2185 sub
2068 2162 2277 2203 vesperam
2313 2153 2366 2194 ad
2405 2157 2628 2200 satietatem

1392 2227 1506 2273 pasta
1542 2221 1676 2262 cubile
1712 2234 1917 2267 assuetum
1943 2232 2112 2283 repetit3
2149 2247 2278 2287 quum
2313 2219 2496 2292 primum
2528 2257 2625 2284 vero

1390 2312 1475 2345 tota
1497 2307 1604 2347 mole
1626 2310 1842 2361 incumbit,
1865 2327 1947 2354 una
1967 2330 2062 2356 cum
2080 2318 2238 2360 arboris
2260 2323 2380 2365 ruina
2396 2326 2448 2366 ad
2471 2335 2621 2371 terram

1387 2388 1633 2442 devolvitur,
1656 2402 1696 2433 et
1711 2396 1857 2449 supina
1873 2411 1948 2451 per
1966 2409 2129 2441 noctem
2150 2403 2205 2443 ibi
2220 2404 2343 2457 jacet,
2363 2411 2458 2462 quia
2474 2420 2619 2455 natura

1384 2479 1570 2532 corporis
1592 2479 1646 2520 ad
1677 2483 1929 2536 surgendum
1951 2500 2120 2540 prorsus
2152 2490 2290 2546 inepta
2313 2502 2387 2535 est.
2447 2499 2502 2538 At
2521 2513 2615 2540 cum

1379 2563 1515 2616 prima
1535 2564 1626 2605 luce
1647 2567 1843 2609 incisores
1862 2569 2021 2611 arboris
2049 2573 2260 2629 AEthiopes
2278 2589 2526 2632 accurrunt,
2549 2592 2610 2634 et,

1378 2646 1512 2688 bellua
1547 2650 1648 2691 citra
1687 2653 1917 2706 periculum
1955 2658 2112 2707 occisa,
2152 2658 2415 2702 tabernacula
2457 2663 2626 2708 ibidem'

1377 2743 1609 2787 exstruunt,
1632 2738 1782 2793 quibus
1800 2740 1852 2782 ad
1868 2745 2197 2785 consumtionem
2215 2759 2345 2801 usque
2364 2749 2512 2803 praedae
2534 2754 2610 2794 im-

1376 2825 1604 2858 morantur.

1430 2903 1480 2958 57
1521 2905 1652 2962 (Cap.
1681 2907 1780 2964 28).
1827 2910 1900 2950 His
1948 2912 2136 2964 gentibus
2171 2913 2224 2954 ad
2249 2913 2384 2968 plagas
2418 2920 2606 2963 occiduas

1371 2970 1517 3026 adjecti
1531 2982 1628 3028 sunt
1644 2975 1856 3032 AEthiopes
1882 2992 1986 3033 quos
2007 2981 2140 3022 Simos
2162 2982 2365 3037 appellant
2382 3001 2395 3035 3
2413 2991 2604 3031 australes

1370 3056 1467 3082 vero
1499 3052 1635 3098 partes
1670 3046 2071 3103 Struthophagorum
2108 3051 2316 3108 (quorum
2349 3056 2463 3098 cibus
2494 3068 2600 3100 stru·

1368 3110 1566 3167 thiones)
1593 3114 1706 3155 natio
1736 3115 1951 3158 inhabitat.
2011 3121 2084 3160 Est
2117 3123 2225 3163 enim
2249 3125 2359 3179 apud
2396 3127 2483 3166 illos
2514 3129 2598 3167 avis

1366 3193 1494 3231 genus
1528 3189 1718 3223 naturam
1756 3198 1851 3224 cum
1889 3188 2069 3226 terrestri
2101 3190 2297 3232 animanti
2333 3195 2596 3235 commixtam

1364 3247 1519 3288 habens
1530 3280 1542 3299 ,
1561 3250 1672 3290 unde
1691 3252 1812 3291 etiam
1837 3255 2109 3308 compositum
2128 3256 2479 3311 (struthion-anzeli
2493 3262 2506 3316 )
2525 3277 2596 3302 no-

1364 3329 1458 3356 men
1474 3319 1643 3372 accepit.
1685 3320 1969 3371 Magnitudine
1989 3337 2116 3364 cervae
2131 3327 2317 3367 maximae
2336 3328 2445 3368 haud
2466 3330 2589 3371 cedit.

1361 3386 1545 3438 Longam
1568 3387 1603 3425 ei
1627 3388 1827 3427 cervicem
1858 3388 2064 3444 lateraque
2087 3393 2266 3434 rotunda
2286 3403 2326 3435 et
2348 3396 2448 3437 alata
2471 3397 2592 3438 sabri-

1358 3453 1463 3492 cavit
1489 3461 1649 3494 natura.
1710 3457 1764 3495 At
1784 3465 1906 3510 caput
1933 3457 2145 3500 infirmum
2174 3460 2296 3502 habet
2318 3471 2357 3503 et
2387 3479 2559 3518 parvum
2575 3498 2586 3516 ,

1359 3519 1582 3561 femoribus
1613 3536 1709 3562 vero
1730 3530 1770 3563 et
1804 3524 1993 3564 cruribus
2014 3527 2228 3580 praevalen
2264 3531 2414 3584 ungula
2444 3533 2499 3573 illi
2527 3533 2588 3573 bi-

82 3606 2577 3653 &Ram

56 3665 95 3703 6.
121 3663 184 3703 καὶ
202 3679 287 3707 om.
317 3670 364 3709 C.
386 3673 475 3722 11-
495 3690 518 3728 7
540 3674 725 3735 ἑστηκὸς]
759 3685 817 3732 Α;
843 3685 908 3725 καὶ
938 3687 1095 3740 ἔστηκεν
1119 3693 1165 3732 C.
1189 3695 1280 3745 [1-

56 3736 119 3765 10.
146 3727 369 3786 πρόκειται]
392 3734 609 3788 πρόσκειται
631 3742 678 3781 C.
700 3745 718 3795 ΙΙ
733 3765 791 3775 -—-
816 3759 880 3787 11.
906 3746 1097 3799 ὀπισθίους
1115 3755 1162 3795 Β.

106 3790 127 3839 §
147 3793 215 3842 56,
241 3791 305 3832 15.
326 3791 610 3855 ἀποσχεῖσθαι]
632 3803 678 3842 C.
701 3806 718 3855 ΙΙ
735 3829 791 3836 --
806 3812 869 3848 16.
889 3807 1002 3866 ἔχοι]

51 3861 116 3901 19.
141 3849 331 3906 ἐφεστῶτα
343 3856 390 3896 C.

102 3915 123 3964 ἓ
140 3918 209 3966 57,
227 3915 254 3955 l.
274 3930 342 3958 22.
371 3918 573 3978 Σιμοὺς]
597 3924 758 3976 Σίλλους
773 3938 813 3970 et
831 3931 967 3982 Σίλους
986 3936 1146 3980 codices
1165 3942 1274 3983 Stra-

45 3971 163 4019 bonis
184 3991 226 4032 p.
250 3992 329 4033 772
349 3980 391 4021 in
414 3996 503 4024 exc.
525 3987 795 4042 Artemidori,
816 3995 929 4048 quod
950 3997 993 4038 in
1015 3999 1155 4055 Σιμοὶις
1180 4018 1274 4045 mu-

1026 3811 1161 3870 ἔκῃΒ-
1186 3820 1277 3868 Η-
1313 3855 1316 3858 -

1350 3695 1426 3734 tari
1436 3693 1556 3748 jubet
1573 3696 1852 3747 Casaubonus‚
1874 3698 1960 3739 aliis
1979 3700 2182 3754 vulgatam
2204 3704 2433 3754 tuentibus,
2456 3720 2581 3758 quum

1351 3756 1459 3811 σιμὸς
1476 3766 1517 3797 et
1535 3757 1667 3805 σίλλος
1683 3774 1801 3800 voces
1822 3760 1968 3801 eodem
1987 3761 2069 3803 sere
2085 3779 2207 3805 sensu
2225 3765 2509 3807 adhibeantur.
2526 3792 2580 3797 --

1348 3821 1410 3858 De
1431 3819 1748 3870 struthionibus,
1772 3837 1950 3876 quorum
1973 3824 2290 3880 descriptionem
2313 3829 2479 3868 Photius
2498 3844 2577 3868 non

1346 3883 1560 3935 excerpsit,
1586 3897 1682 3923 cum
1712 3885 1899 3925 Diodoro
1934 3887 1986 3927 cf.
2023 3888 2307 3928 Artemidorus
2337 3889 2361 3928 l.
2389 3890 2413 3929 l.
2437 3898 2475 3929 et
2498 3890 2585 3930 Pii-2

1348 3945 1437 3983 nius
1460 3945 1514 3993 X,
1549 3958 1585 3985 1.
1621 3947 1684 3986 De
1713 3955 1832 4000 gente
1861 3948 1914 3988 cs.
1950 3950 2190 3990 Ptolemaeus
2219 3952 2293 4000 IV,
2328 3965 2366 4003 7,
2390 3965 2430 4005 p.
2457 3952 2535 3999 304
2561 3965 2570 3991 z

1345 4006 1496 4054 Μεταξὺ
1514 4010 1581 4047 τοῦ
1607 4006 1833 4058 Ἀστάποῧος
1849 4015 2023 4067 ποταμοῦ
2050 4012 2114 4052 καὶ
2143 4015 2208 4052 τοῦ
2240 4011 2432 4066 Γαρὸάτου
2466 4013 2575 4068 ὄρους

2335 4088 2383 4119 10.
