2782 4348
459 0 532 50 Ὀ

696 79 742 127 0

117 173 204 213 116

111 264 268 313 δόντων
303 268 405 312 θεῶν
433 224 664 318 maffeius<
695 267 718 310 ὁ
738 262 890 313 Ἄτλας
922 260 1052 320 ὤμοις
1086 260 1347 324 ὑπειληφὼς,

112 405 343 469 ἀμήχανον·
371 405 436 453 ὅτι
456 405 531 461 τὴν
563 402 731 449 ἅπασαν
753 399 995 460 οἰκουμένην
1016 398 1198 454 ὠκεανὸς
1229 418 1349 465 περι·

111 477 279 533 κυκλοῖ,
302 478 486 539 φρουρῶν
518 474 589 519 καὶ
624 469 808 532 συνέχων
842 471 927 522 τοῖς
957 471 1105 517 ίαυτοῧ
1137 468 1351 536 ῥεύμασιν,

79 559 100 591 ⁶
115 538 163 593 οὗ
182 547 283 610 φησὶ
316 545 445 605 πέραν
467 545 591 589 οἰκεῖν
622 539 696 591 τὰς
714 538 920 602 Γοργόνας
950 538 1152 593 Ἡσίοδος·
1189 538 1253 605 ὅτι
1269 542 1351 587 τῶν

111 616 259 678 ἡρώων
280 613 379 664 τινὲς
395 614 534 666 ἀπαθῆ
552 609 628 665 τὴν
651 608 854 669 διαμονὴν
870 611 954 655 τῶν
971 609 1179 670 σωμάτων
1203 611 1347 674 διαφυ·

111 683 305 729 λάττουσι
322 682 456 725 πάντα
475 678 544 725 τὸν
559 678 706 741 χρόνον
727 681 769 724 ἐν
787 679 879 732 ταῖς
900 678 1102 743 μακάρων
1121 679 1283 737 νήσοις,
1306 679 1356 733 ἃς

113 752 240 801 oasa<
270 748 417 811 κυρίως
448 746 658 809 ἱστόρηκε.
728 746 814 795 Καὶ
837 751 970 795 ταῦτα
1008 748 1086 810 μὲν
1110 750 1166 801 εἰς
1200 747 1355 812 ἄπορον

112 818 447 881 καταστρέφοντα
468 815 587 871 δόξαν
608 818 785 871 πολλαῖς
807 817 880 864 καὶ
904 820 986 864 τῶν
1005 820 1212 878 γυναικῶν
1237 815 1355 864 εὔλο-

52 909 90 939 ιο
111 909 180 951 γον
200 888 458 951 παραδίδωσι
473 886 730 950 χλευασμόν.
796 889 895 935 Τῶν
918 888 955 934 δ’
975 880 1029 934 αὖ
1048 889 1150 934 θεῶν
1169 889 1259 940 πῶς
1275 904 1352 932 πα·

114 958 375 1022 ραδεξώμεθα
396 957 465 1004 τὸν
487 956 562 1018 μὲν
587 959 628 1003 ἐν
653 960 775 1020 μηρῷ
789 955 1109 1021 καταρραφέντα
1132 958 1356 1019 τραφῆναι,

110 1029 184 1085 τὴν
201 1028 242 1074 δὲ
259 1031 393 1091 τῇτοῧ
403 1026 499 1079 Διὸς
518 1028 680 1090 κεφαλῇ
700 1025 836 1089 κοιλία
846 1025 1107 1089 χρήσασθαι,
1123 1024 1193 1071 τὸν
1203 1023 1246 1071 δὲ
1261 1022 1360 1071 ἄνευ

110 1102 180 1145 τοῦ
203 1098 357 1162 πατρὸς
375 1099 639 1153 τελειωθῆναι
660 1094 799 1158 (λέγω
818 1095 869 1152 δὴ
882 1095 951 1142 τὸν
971 1093 1267 1160 Ἥφαιστον),
1284 1093 1357 1140 τὸν

111 1167 155 1215 δὲ
176 1167 325 1215 Ἥλιον
350 1166 417 1213 διὰ
449 1166 523 1219 τὰς
555 1165 729 1230 Ἀτρέως
754 1167 809 1219 εἷς
845 1164 1040 1224 Θυέστην
1083 1163 1251 1227 πράξεις
1283 1162 1359 1220 τὴν

54 1256 90 1285 15
116 1237 190 1300 μὲν
220 1237 334 1284 δύσιν
369 1234 576 1292 ἀνατολὴν
604 1238 803 1293 ποιῆσαι,
821 1233 896 1291 τὴν
920 1234 963 1281 δὲ
1001 1234 1205 1292 ἀνατολὴν
1229 1232 1359 1280 δύσιν·

112 1307 213 1371 πρὸς
232 1307 275 1353 δὲ
293 1305 451 1358 τούτοις
469 1306 707 1352 Ἀπόλλωνα
731 1305 805 1365 μὲν
819 1305 891 1351 καὶ
912 1304 1153 1352 Ποσειδῶνα
1170 1304 1211 1349 ἐν
1226 1301 1361 1366 Τροίᾳ

113 1377 393 1434 θητεύσαντας
413 1375 623 1434 ἐνιαυτὸν,
657 1375 895 1435 οἰκοδομίας
917 1375 1251 1437 ἀποστερηθῆναι
1286 1390 1359 1432 μι-

115 1445 210 1492 σθὸν
229 1445 302 1492 καὶ
324 1444 566 1508 βουτροφίας
580 1479 593 1501 ,
612 1443 703 1497 ταῖς
719 1442 968 1493 δεινοτάταις
983 1441 1061 1488 ὑπὸ
1078 1441 1361 1502 Λαομέδοντος

113 1514 409 1577 περιπεσόντας
445 1513 637 1564 ἀπειλαῖς
652 1527 663 1537 ·
703 1510 897 1559 Διόνυσον
931 1510 974 1557 δὲ
1008 1509 1090 1556 ὑπὸ
1120 1509 1359 1572 Λυκούργου

50 1599 93 1631 so
116 1582 185 1629 διὰ
200 1583 324 1646 φόδον
348 1580 685 1644 καταδιωχθέντα
705 1584 760 1632 εἷς
782 1580 856 1635 τὴν
881 1579 1090 1626 θάλατταν
1110 1578 1211 1641 πρὸς
1233 1577 1359 1625 Θέτιν

28 1694 36 1698 ,
114 1658 379 1715 καταφυγεῖν·
395 1651 496 1713 πρὸς
510 1650 552 1696 δὲ
571 1649 727 1702 τούτοις
745 1648 829 1712 ἔριν
846 1646 946 1711 ὑπὲρ
959 1648 1136 1700 κάλλους
1151 1650 1360 1703 καταστῆ-

115 1740 185 1767 ναι
204 1722 335 1777 θεαῖς,
358 1714 415 1767 ὧν
436 1720 594 1776 ἑκάστη
618 1718 692 1780 μὲν
718 1718 884 1773 ἐδέκαζε
906 1718 975 1765 τὸν
994 1717 1137 1781 κριτὴν
1156 1718 1239 1770 τοῖς
1261 1717 1360 1780 παρ’

116 1794 242 1853 ἑαυτῇ
264 1788 429 1853 δώροις,
451 1788 519 1836 ἵνα
539 1787 695 1852 παρίδῃ
714 1788 772 1833 -τὸ
797 1787 969 1845 δίκαιον,
992 1788 1163 1849 οὐδεμιᾷ
1180 1786 1222 1831 δὲ
1246 1804 1360 1848 παρ-

116 1858 334 1916 ηκολούθει
371 1860 417 1905 τὸ
463 1857 803 1919 συμπεσούμενον
839 1859 886 1903 ἐκ
919 1860 992 1913 τῆς
1028 1855 1198 1919 κρίσεως
1230 1855 1358 1907 τέλος·

54 1941 95 1972 2⁵
117 1926 178 1974 ἐτι
199 1926 247 1974 τὸ
266 1928 341 1989 μὲν
362 1927 533 1983 Ἀθηνᾶς
554 1926 720 1988 μέγεθος
743 1929 797 1979 εἷς
818 1925 1025 1989 χελιδόνος
1047 1923 1360 1986 συγκαταὸῆναι

115 1996 236 2059 ὄγκον
249 2033 263 2058 ,
286 1996 335 2044 τὸ
354 1996 395 2043 δὲ
416 2001 489 2043 τοῦ
512 1997 608 2050 Διὸς
631 1997 794 2057 ἀξίωμα
811 1998 865 2048 εἰς
881 1995 1028 2042 κύκνου
1045 1994 1360 2048 κατασταλῆναι

114 2065 253 2124 τάξιν,
275 2065 322 2112 τὸ
352 2066 394 2111 δὲ
430 2070 503 2123 τῆς
538 2066 761 2131 Δήμητρος
782 2066 933 2118 κάλλος
955 2067 1011 2117 εἰς
1032 2063 1107 2121 τὴν
1140 2062 1359 2125 αἰσχίστην

119 2138 431 2197 μετασταθῆναι
444 2135 636 2182 διάθεσιν·
650 2135 719 2181 τὸν
736 2134 776 2181 δὲ
790 2134 1054 2195 νομιζόμενον
1071 2131 1264 2193 μέγιστον
1279 2131 1359 2178 Δία

118 2205 461 2261 ἐπιδουλευθῆναι
485 2204 559 2265 μὲν
582 2204 662 2251 ὑπὸ
679 2209 752 2250 τοῦ
774 2202 1100 2265 ἀναγκαιοτάτου
1118 2204 1192 2257 τῆς
1213 2218 1359 2262 γυναι-

55 2292 97 2323 ao
120 2275 190 2327 κὸς
218 2276 396 2338 ἀδελφοῦ
411 2310 424 2331 ,
451 2277 632 2329 σωθῆναι
654 2273 695 2319 δὲ
724 2272 804 2319 ὑπὸ
826 2275 908 2318 τῶν
933 2270 1156 2334 ἐχθίστων,
1178 2269 1289 2331 λέγω
1308 2269 1359 2326 δὴ

117 2347 200 2391 τῶν
223 2345 428 2392 Τιτάνων·
465 2342 533 2396 οὓς
557 2342 791 2396 ἀναβάντας
813 2344 860 2388 ἐκ
885 2344 965 2388 τῶν
989 2342 1150 2402 δεσμῶν
1181 2339 1252 2386 καὶ
1287 2343 1359 2386 τοῦ

120 2413 287 2465 σκότους
305 2413 377 2459 καὶ
392 2414 465 2468 τῆς
483 2414 614 2458 ἐκεῖσε
638 2413 842 2475 φυλακῆς,
868 2410 958 2457 ἐπεὶ
979 2409 1054 2467 τὴν
1077 2409 1221 2473 χρείαν
1245 2426 1359 2473 παρ-

119 2483 289 2546 ε’σχοντο
311 2480 568 2546 φοὸήσαντες
596 2480 689 2534 τοὺς
712 2481 807 2544 περὶ
830 2480 898 2527 τὸν
927 2481 1192 2537 Ποσειδῶνα,
1227 2497 1358 2525 κατα-

125 2553 248 2608 ὃῆναι
275 2553 400 2598 πάλιν
427 2550 622 2604 ἑκουσίως
639 2551 696 2603 εἰς
717 2550 788 2597 τὸν
803 2549 1027 2614 Ἀχέροντα
1049 2548 1203 2596 καὶτὸν
1224 2546 1359 2617 ’ᾍδου

56 2637 96 2669 ⁸3
121 2621 256 2668 τόπον·
281 2621 339 2667 ἔτι
361 2620 435 2677 τὴν
453 2619 526 2679 μὲν
543 2619 783 2683 Ἀφροδίτην
806 2617 1139 2683 τιτρωσκομένην
1160 2617 1241 2664 ὑπὸ
1261 2622 1358 2675 θνη·

121 2694 192 2748 τῆς
222 2691 455 2751 δυνάμεως,
487 2690 557 2737 τὸν
591 2692 630 2736 δ’
651 2689 780 2753 Ἄρην
806 2688 1083 2749 δεσμούμενον
1116 2691 1186 2734 ὑπ’
1224 2685 1360 2735 Ὤτου

120 2759 192 2807 καὶ
215 2759 458 2823 Ἐφιάλτου,
473 2759 543 2805 τὸν
563 2759 606 2805 δὲ
621 2759 757 2827 ’ᾈδην
769 2760 838 2821 ,ἐν
860 2751 895 2822 ᾧ
913 2758 1029 2821 τόπῳ
1046 2756 1121 2812 τὴν
1147 2757 1360 2819 βασιλείαν

122 2821 250 2891 εἶχεν,
277 2830 408 2874 ἐκεῖσε
425 2828 491 2891 ὑφ’
514 2827 774 2891 Ἡρακλέους
786 2825 1022 2880 τοξευθέντα
1039 2826 1131 2878 ταῖς
1151 2825 1361 2888 μεγίσταις

123 2897 323 2961 ἀλγηδόσι
343 2903 594 2961 περιπεσεῖν·
617 2897 686 2943 τὸν
700 2896 742 2942 δὲ
766 2895 1000 2959 ’Ἥφαιστον
1014 2930 1027 2952 ,
1051 2894 1134 2941 ἀπὸ
1157 2899 1227 2941 τοῦ
1251 2895 1360 2942 κατὰ

57 2983 101 3015 so
123 2968 192 3016 τὸν
212 2969 381 3030 οὐρανὸν
406 2965 684 3030 ἀπορριφέντα
704 2965 853 3028 ὕψους,
874 2966 931 3017 εἰς
954 2967 1123 3025 Λῆμνον
1146 2966 1361 3026 ἐνεχθῆναι

126 3036 382 3098 διακείμενον
405 3037 606 3100 ἐσχάτως·
630 3038 704 3092 τῆς
728 3036 763 3081 δ’
799 3031 939 3096 Ἥρας
961 3033 1041 3080 ὑπὸ
1063 3038 1133 3079 τοῦ
1156 3034 1251 3086 Διὸς
1273 3053 1362 3097 κρε-

125 3107 313 3168 μαμένης
324 3108 372 3154 ἐκ
388 3108 469 3152 τῶν
487 3106 624 3152 ποδῶν
638 3106 854 3162 ἐκδεθῆναι
864 3102 1144 3165 παμμεγέθεις
1164 3102 1359 3164 ἄκμονας·

92 3173 99 3179 ’
123 3177 300 3224 καθόλου
321 3177 365 3223 δὲ
391 3174 503 3228 θεοὺς
526 3174 808 3238 μοιχεύοντας,
831 3172 1192 3235 κεραυνουμένους,
1215 3171 1362 3219 κυλλό·

131 3248 279 3303 ποδας,
299 3245 490 3293 κλέπτειν
505 3244 771 3306 εἰθισμένως,
790 3242 1016 3307 ἀνθρώπων
1033 3242 1361 3307 ἀσθενεστέρους,

63 3328 103 3359 ss
126 3316 353 3380 προχείρως
377 3315 680 3378 λοιδοροῦντας,
697 3315 951 3371 ἀδικοῦντας,
968 3314 1175 3378 μεμψιμοι
1224 3329 1360 3369 υντας,

126 3386 252 3449 πέρας
270 3384 427 3438 οὐθενὸς
446 3384 599 3438 πάθους
627 3382 741 3437 ἐκτὸς
763 3385 1024 3436 καθεστῶτας
1037 3418 1052 3443 ,
1080 3381 1146 3446 ὑφ’
1164 3329 1223 3430 ἓν)
1245 3382 1364 3442 ἡμεῖς

126 3452 367 3516 ὀχλούμενοι
390 3452 482 3507 τοὺς
504 3452 616 3507 θεοὺς
638 3451 970 3513 ἐπικαλούμεθα,
992 3454 1047 3500 Οἱ
1065 3442 1135 3498 οὗν
1157 3448 1211 3497 τὰ
1229 3453 1363 3498 τοιαῦ·

125 3539 179 3568 τα
198 3522 528 3583 τερατευόμενοι,
549 3521 692 3586 πόρρω
715 3525 788 3579 τῆς
812 3521 1007 3579 ἀληθείας
1028 3520 1270 3583 ἱστάμενοι,
1289 3520 1364 3566 οὖκ

1088 159 1171 206 ex
1202 128 1701 209 aaaraaacama

2480 161 2656 226 (·—=··1

1415 269 1531 314 Aa..
1546 270 1734 315 humeris
1746 273 1969 330 exceperit,
1985 280 2027 315 et
2049 271 2278 316 Atlantides
2295 280 2434 314 umen
2450 274 2654 327 genuensi,
2697 316 2701 320 ,

110 336 223 397 ὅμως
233 335 307 389 τὰς
321 334 580 396 καλουμένας
593 334 854 384 Ἀτλαντίδας
869 330 1228 387 ἐτεκνοποιήσατο·
1245 329 1349 395 ὅπερ
1412 339 1530 397 quod
1543 341 1634 384 fieri
1648 341 1765 385 nullo
1777 350 1914 399 potest
1924 341 2053 385 modo
2067 358 2079 394 ;
2096 342 2212 399 quod
2226 342 2368 384 orbem
2387 349 2521 384 totum
2530 343 2661 385 Ocea·
2698 362 2711 387 ς

1414 422 1495 451 nus
1518 409 1764 453 cimumluat
1796 419 1839 453 et
1865 410 2047 462 ambiat,
2085 409 2323 453 custodiens
2358 424 2454 452 eum
2479 409 2664 452 fluxibus

1416 477 1502 519 suis
1533 484 1576 520 et
1601 478 1821 522 continens
1829 493 1842 531 ς
1865 477 1985 535 cujus
2016 485 2201 522 extrema
2233 480 2450 534 Gorgonas
2478 477 2662 520 accolere

1419 543 1627 588 Hesiodus
1647 546 1730 598 ait5
1749 554 1793 589 et
1810 545 1926 603 quod
1953 546 2129 590 heroum
2148 546 2336 589 nonnulli
2359 560 2583 602 corporum
2603 546 2668 587 in·

1418 613 1700 658 columitatem
1717 629 1795 672 per
1806 630 1933 658 omne
1949 624 2115 674 tempus
2130 608 2373 659 conservent
2393 618 2436 659 in
2448 616 2662 659 beatorum

1420 683 1587 736 insulis,
1608 683 1662 727 de
1679 685 1834 742 quibus
1864 699 1989 728 nemo
2021 686 2123 729 certi
2155 686 2311 743 aliquid
2331 688 2542 729 memoriae
2570 701 2666 743 pro·

1420 750 1543 794 didit.
1603 753 1703 795 Hoc
1716 753 1844 809 igitur
1852 767 1984 810 quum
2005 754 2049 796 in
2066 754 2280 812 perplexas
2293 754 2483 797 desinant
2495 756 2667 811 opinio-

1422 833 1496 862 nes
1508 850 1522 871 ,
1542 819 1685 863 multis
1700 820 1823 863 etiam
1839 835 1864 863 e
1880 836 1983 865 sexu
1997 822 2187 867 muliebri
2205 824 2334 865 risum
2350 838 2436 865 non
2459 823 2667 879 improba·

1424 888 1549 931 bilem
1581 888 1783 946 prebent.
1842 893 1907 933 De
1926 890 2009 934 diis
2027 900 2167 947 autem
2183 892 2398 949 quomodo
2417 894 2668 949 accipiamus
2748 878 2751 882 .

1423 956 1538 999 hunc
1555 956 1704 1000 femori
1725 958 1910 1000 insutum
1931 957 1987 1001 ad
1997 960 2277 1003 maturitatem
2293 962 2540 1017 pervenisse,
2558 961 2666 1003 illam

1423 1027 1539 1069 Jovis
1556 1027 1690 1083 capite
1712 1041 1792 1084 pro
1812 1035 1934 1069 utero
1953 1041 2088 1079 usam,
2113 1027 2227 1070 illum
2251 1027 2520 1086 (Vulcanum
2537 1029 2665 1086 dieo)

1424 1095 1581 1152 absque
1601 1104 1718 1153 patre
1740 1096 1969 1154 perfectum
1988 1111 2101 1149 esse;
2124 1096 2259 1140 Solem
2277 1107 2449 1156 propter
2469 1099 2668 1143 nefariam

1425 1167 1541 1209 Atrei
1565 1167 1609 1208 in
1636 1166 1860 1224 Thyestem
1896 1168 2148 1225 impietatem
2167 1182 2218 1210 ex
2236 1182 2385 1211 occasu
2400 1176 2540 1213 ortum
2559 1178 2601 1213 et
2618 1185 2667 1212 ex

1425 1243 1522 1277 ortu
1544 1249 1735 1278 occasum
1775 1234 1941 1287 secisse3
1972 1243 2171 1293 praeterea
2199 1236 2433 1292 Apollinem
2453 1245 2496 1279 et
2514 1238 2674 1294 Neptu-

1426 1316 1544 1355 num,
1573 1303 1704 1348 loeata
1722 1303 1834 1360 apud
1862 1302 2031 1360 Trojam
2065 1305 2320 1347 mercenaria
2345 1318 2471 1362 opera
2499 1318 2575 1362 per
2595 1319 2669 1347 an·
2753 1341 2766 1366 ,Α

1426 1386 1552 1425 num,
1594 1381 1872 1430 praeterquam
1909 1372 2026 1430 quod
2057 1372 2341 1416 aedificationis
2376 1382 2418 1416 et
2453 1375 2671 1417 ministerii
2755 1410 2759 1411 γ

1426 1441 1641 1497 pastoralis
1664 1441 1855 1484 mercede
1877 1441 2184 1494 fraudarentur,
2208 1443 2474 1484 atrocissimis
2499 1445 2672 1485 Laome·
2752 1446 2756 1451 '

1425 1509 1565 1552 dontis
1598 1511 1723 1552 minis
1756 1510 1883 1553 fuisse
1919 1509 2129 1566 objectos;
2149 1510 2375 1562 Bacchum,
2396 1520 2668 1567 persequente
2760 1535 2764 1566 2

1427 1582 1633 1637 Lycurgo,
1653 1594 1740 1637 prae
1765 1588 1882 1623 metu
1900 1581 1943 1622 in
1959 1594 2072 1623 mare
2087 1579 2141 1623 ad
2159 1579 2378 1622 Thetidcm
2410 1579 2668 1636 confugisse;

1425 1663 1554 1706 porro
1570 1648 1686 1692 litem
1702 1648 1756 1691 de
1778 1648 1922 1691 sormae
1936 1648 2134 1704 elegantia
2160 1648 2284 1691 fuisse
2303 1648 2474 1701 deabus,
2491 1662 2669 1705 quarum

1426 1731 1684 1775 unaquaeque
1709 1716 1953 1759 muneribus
1978 1718 2063 1759 suis
2085 1716 2283 1759 inducere
2308 1716 2484 1768 studuit,
2505 1725 2552 1758 ut
2568 1714 2670 1773 justi

1426 1786 1630 1828 rationem
1644 1785 1881 1841 negligeret,
1898 1793 1940 1827 et
1949 1784 2104 1827 nullam
2121 1794 2258 1827 tamen
2267 1785 2417 1827 harum
2432 1794 2675 1841 assequatur

1426 1854 1519 1896 finis
1536 1868 1586 1896 ex
1602 1853 1683 1896 hoc
1694 1851 1856 1909 Judicio
1867 1860 2112 1905 eventurus;
2127 1854 2325 1895 Minervae
2344 1851 2672 1908 magnitudinem

1426 1924 1468 1965 in
1501 1922 1739 1966 hirundinis
1763 1922 2057 1979 corpusculum
2093 1937 2135 1964 se
2159 1921 2387 1973 abdidisse,
2415 1930 2456 1964 et
2485 1921 2673 1978 majesta-

1425 1999 1509 2033 tem
1529 1991 1644 2034 Jovis
1661 1991 1706 2033 in
1720 1991 1841 2047 cygni
1860 1989 2034 2033 modum
2052 1998 2306 2033 contractam
2322 2004 2410 2032 esse
2423 2021 2434 2042 ,
2454 1998 2496 2032 et
2509 1991 2674 2033 Cereris

1424 2057 1777 2115 pulchritudinem
1795 2060 1839 2101 in
1858 2059 2143 2115 turpissimum
2163 2059 2371 2101 transiisse
2389 2057 2602 2109 habitum3
2630 2067 2672 2101 et

1424 2130 1449 2170 J
1450 2142 1569 2170 ovem
1582 2159 1594 2180 ,
1610 2128 1683 2184 qui
1701 2142 1780 2184 pro
1795 2141 1961 2170 summo
1977 2126 2170 2179 habetur,
2186 2142 2212 2169 a
2229 2129 2410 2170 maxime
2424 2129 2671 2178 necessario,

1425 2195 1569 2238 uxoris
1595 2209 1810 2250 germano,
1838 2194 2009 2237 insidias
2026 2201 2262 2251 expertum,
2286 2202 2328 2236 et
2353 2201 2560 2236 servatum
2585 2208 2672 2235 esse

1425 2278 1449 2306 a
1471 2264 1652 2306 maxime
1674 2263 1832 2315 invisis,
1850 2261 2070 2305 Titanibus
2086 2262 2272 2318 inquam,
2290 2262 2362 2318 qui
2380 2262 2529 2317 egressi
2541 2276 2565 2304 e
2584 2262 2674 2303 vin-

1425 2336 1527 2379 culis
1551 2345 1593 2379 et
1615 2336 1796 2379 tenebris
1819 2345 1861 2379 et
1888 2350 1982 2393 quae
2012 2335 2095 2378 illic
2123 2343 2186 2378 est
2206 2334 2414 2387 custodia,
2452 2342 2671 2392 postquam

1425 2413 1469 2454 in
1502 2411 1642 2469 sugam
1678 2410 1868 2469 conjecto
1902 2413 2115 2469 Neptun0,
2150 2424 2320 2467 operam
2353 2409 2410 2451 illi
2440 2416 2671 2461 navassent,

1425 2491 1572 2543 sponte
1592 2486 1646 2530 ad
1668 2486 1948 2531 Acherontem
1971 2494 2013 2528 et
2033 2484 2221 2528 Plutonis
2255 2497 2432 2539 regnum
2465 2482 2606 2525 denuo
2629 2497 2677 2526 se
2767 2491 2769 2539 j

1425 2561 1684 2618 receperint;
1733 2568 1823 2603 tum
1859 2560 2068 2619 Venerem
2104 2556 2268 2600 mortali
2307 2569 2436 2599 manu
2466 2555 2672 2607 sauciam,

1423 2634 1601 2676 Martem
1624 2633 1677 2675 ab
1706 2634 1792 2676 Oto
1813 2640 1854 2674 et
1875 2630 2068 2688 Ephialte
2102 2628 2277 2671 vinculis
2305 2627 2602 2679 constrictum,
2631 2636 2675 2669 et

1427 2705 1566 2747 Ditem
1604 2705 1648 2747 in
1689 2718 1819 2760 regno
1866 2717 1943 2745 suo
1977 2702 2031 2744 ab
2065 2700 2243 2744 Hercule
2274 2700 2430 2755 sagittis
2459 2699 2588 2742 ictum
2630 2699 2677 2741 in

1426 2780 1629 2822 maximos
1644 2778 1841 2822 incidisse
1857 2778 2086 2828 cruciatus,
2111 2785 2153 2819 et
2165 2774 2401 2817 Vulcanum
2420 2788 2444 2816 a
2458 2773 2674 2816 cacumine

1426 2851 1517 2894 coeli
1549 2850 1757 2907 dejectum
1791 2852 1833 2893 in
1878 2852 2085 2893 Lemnum
2123 2846 2332 2891 decidisse.
2359 2845 2555 2888 allectum
2595 2845 2678 2888 mi·
2762 2855 2764 2858 ·

1426 2925 1637 2976 serrime5'
1660 2927 1870 2967 Junonem
1909 2923 2090 2979 denique
2125 2937 2149 2964 a
2188 2923 2291 2964 Jove
2323 2933 2562 2978 suspensam
2583 2918 2677 2962 0111-
2756 2942 2759 2943 ν

1426 3001 1529 3055 gatis
1548 3001 1713 3056 utrique
1727 2998 1823 3057 pedi
1848 2997 2071 3040 incudibus
2087 2997 2302 3047 maximis;
2320 2994 2557 3036 summatim
2576 3007 2680 3036 vero

1426 3072 1526 3115 deos
1565 3071 1766 3115 adulteria
1801 3070 2075 3120 committere,
2096 3067 2282 3110 ·sulmine
2317 3066 2444 3117 feriri,
2471 3064 2676 3122 loripedes
2755 3068 2758 3075 “

1427 3161 1529 3197 esse,
1553 3145 1672 3187 furtis
1690 3144 1946 3195 adsuescere,
1966 3142 2019 3184 ab
2037 3140 2279 3183 hominibus
2295 3140 2449 3181 virtute
2462 3139 2671 3195 superari,
2753 3179 2754 3182 ,

1428 3218 1663 3275 procaciter
1690 3216 1934 3266 convitiari,
1958 3212 2128 3270 injurias
2146 3221 2334 3269 patrare,
2359 3218 2512 3253 sortem
2532 3208 2676 3266 deplo-

1428 3306 1535 3342 rare,
1557 3299 1599 3333 et
1623 3288 1790 3332 tandem
1822 3286 1974 3330 nullius
2002 3299 2145 3328 earum
2178 3283 2445 3327 affectionum
2469 3283 2675 3325 immunes

1434 3379 1542 3417 esse,
1578 3363 1730 3421 quibus
1761 3376 1837 3404 nos
1870 3361 2003 3403 vexati
2038 3358 2213 3401 deorum
2250 3371 2373 3414 opem
2406 3356 2677 3399 invocamus?
2744 3418 2748 3419 ⁷

1434 3439 1574 3491 Quare
1605 3436 1676 3492 qui
1700 3433 1789 3477 haec
1825 3431 2057 3475 fabularum
2090 3437 2283 3488 portenta
2313 3427 2554 3472 hominibus
2588 3441 2679 3470 cre-

1433 3507 1570 3552 denda
1591 3514 1850 3565 proponunt,
1883 3513 1966 3548 tam
1995 3502 2141 3561 procul
2162 3517 2187 3545 a
2213 3501 2384 3544 veritate
2405 3500 2575 3552 oemoti,
2600 3499 2679 3542 mi·

126 3588 179 3636 ἂν
204 3591 351 3652 ἑτέροις
391 3591 544 3648 ταύτην
571 3594 827 3652 εἰσηγεῖσθαι
858 3594 1031 3654 κριθιῗεν
1060 3589 1110 3637 ἂν
1141 3589 1359 3652 ἀξιόλογοι.
1435 3584 1547 3626 nime
1562 3581 1662 3625 ⁸¹3oe
1680 3595 1770 3623 0⁸¹¹!
1789 3579 1940 3622 dooel'e
1956 3577 2094 3620 idonei
2110 3591 2197 3619 &⁸⁰
2214 3582 2474 3619 oenfflnlur·
2531 3573 2615 3616 '1'02
2634 3580 2677 3615 θῑ

58 3681 105 3714 ω
126 3658 206 3707 Διὰ
229 3660 422 3706 τοιούτων
447 3660 515 3705 καὶ
538 3660 740 3706 τοσούτων
771 3660 1070 3723 Ἀγαθαρχίδης
1096 3658 1148 3706 τὰ
1172 3658 1268 3722 περὶ
1291 3657 1360 3704 τὸν
1432 3655 1581 3699 talibus
1601 3652 1924 3710 Agatharchides
1945 3650 2142 3708 exemplis
2164 3650 2443 3693 narrationem
2457 3645 2511 3688 de
2526 3646 2682 3689 Perseo
2738 3647 2740 3651 ’

127 3818 204 3857 τῶν
226 3815 275 3857 Β.
303 3814 322 3869 ΙΙ
343 3837 400 3846 -
420 3826 463 3856 2.
489 3811 811 3865 ἐπαιδοποιήσατο
832 3815 880 3855 Β.
907 3814 924 3868 ΙΙ
947 3837 1003 3845 -
1022 3817 1063 3855 6.
1080 3811 1150 3865 τὴν
1174 3809 1364 3868 διαμονὴν
1434 3811 1521 3854 ΑΒ.
1540 3810 1557 3865 ΙΙ
1576 3833 1633 3842 -
1647 3809 1715 3850 25.
1734 3806 2051 3864 συγκαταὸαίνειν
2071 3806 2157 3848 ΑΒ.
2180 3805 2197 3860 ΙΙ
2216 3816 2351 3859 —27.
2371 3799 2575 3857 Δημήτρας
2585 3798 2671 3842 ΑΒ.
2695 3759 2782 3858 ’,ξ-ι

127 3881 204 3919 τῶν
225 3876 417 3934 σωμάτων
439 3874 521 3934 ]-τά
540 3877 702 3931 σώματα
719 3876 765 3917 B.
796 3876 813 3930 11
831 3899 889 3907 -
932 3893 979 3929 9.
1001 3874 1204 3932 εὐλόγῳ...
1226 3874 1368 3930 χλευα·
1439 3874 1458 3928 ΙΙ
1479 3896 1537 3905 -
1555 3872 1624 3922 34.
1642 3872 1735 3927 ᾅδου
1751 3873 1783 3913 Β
1801 3879 1839 3912 et
1858 3876 2034 3913 correct.
2050 3868 2105 3919 C,
2130 3866 2200 3909 ubi
2225 3866 2362 3923 prima
2379 3878 2437 3906 m.
2457 3863 2547 3920 ἅδῃ.
2581 3861 2599 3916 ΙΙ
2617 3881 2675 3893 -
2730 3862 2782 3977 ⁴3

127 3943 216 3997 σμῷ
229 3940 277 3981 Β.
298 3940 316 3995 ΙΙ
337 3962 395 3972 -
412 3951 482 3983 ιο.
496 3937 801 3995 παραδεξαίμεθα
819 3938 867 3979 C.
885 3938 990 3979 Dein
1009 3938 1270 3993 καταραρέντα
1285 3937 1365 3989 ΑΒ,
1438 3935 1508 3991 37.
1530 3934 1621 3987 αῖὸη
1644 3936 1696 3976 Α.
1719 3934 1736 3989 11
1758 3957 1814 3965 -
1842 3935 1912 3983 4ι.
1934 3930 2174 3988 κρεμαμένης
2194 3929 2228 3971 Β
2246 3935 2287 3971 et
2304 3933 2480 3970 correct.
2502 3927 2566 3975 ‚43
2585 3934 2674 3978 εφη·
2778 3962 2782 3987 :

130 4002 416 4059 καταραφθέντα
449 4002 497 4045 C.
526 4003 544 4057 11
584 4025 642 4035 -
671 4013 741 4045 20.
771 4000 892 4058 φόὸου
916 4014 1008 4056 vgo.
1039 4001 1056 4055 ΙΙ
1082 4025 1138 4033 -
1160 4014 1230 4044 22.
1266 4000 1370 4049 θεοῖς
1440 3997 1634 4057 μναμένης
1653 3999 1701 4040 C.
1730 3998 1748 4053 ΙΙ
1766 4021 1823 4030 -
1838 3996 1907 4047 43.
1926 3994 2035 4044 θεοὺς
2055 4007 2141 4038 om.
2160 3993 2246 4036 ΑΒ.
2268 3992 2286 4047 n
2302 4014 2358 4024 —
2374 3992 2444 4040 46.
2466 3984 2617 4033 οὖδενδς
2637 3984 2675 4025 B
