2782 4348
115 178 175 218 92
517 217 566 263 ·

112 272 326 335 λεαγρίδες
360 271 536 318 ἐνταῦθα
568 274 690 329 εἰσιν,
725 272 854 316 ἄλλου
883 267 927 314 δὲ
962 269 1176 328 οὐδαμοῦ,
1214 266 1265 314 ἂν
1289 269 1350 330 μὴ

113 342 296 388 ἐντεῦθεν
320 340 564 403 ἆξαχθῶσιν.
630 342 699 400 Τῇ
720 338 764 383 δὲ
785 338 913 398 λίμνῃ
935 335 1071 397 ταύτῃ
1093 335 1224 397 ὄνομα
1250 339 1349 396 Κη-

112 409 289 469 φησιὰς,
308 412 369 474 τῷ
386 409 430 455 δὲ
457 409 601 470 κόλπῳ
631 405 796 460 Κώτης.
861 403 988 452 Ἐστι
1020 404 1065 450 δὲ
1086 403 1348 468 Ἡρακλείων

114 480 278 534 στηλῶν
301 479 372 525 καὶ
410 476 615 538 Ἑρμαίας
635 475 763 536 ἄκρας
786 474 827 518 ἕν
850 474 911 536 τῷ
941 471 1112 534 μεταξύ.
1179 473 1282 523 Ἀπὸ
1302 475 1346 523 δὲ

113 550 187 603 τῆς
204 546 414 608 ‘Epis-252¹<
433 545 563 606 ἄκρας
586 542 747 604 ἕρματα
769 540 943 588 τέταται
972 541 1163 605 μεγάλα,
1190 542 1276 590 ἀπὸ
1297 542 1348 601 δὴ

111 620 186 673 τῆς
225 616 382 671 Λιὸύης
412 613 479 659 ἐπὶ
506 611 581 667 τὴν
617 610 843 673 Εὐρώπην,
876 612 958 675 οὔχ
989 611 1244 676 ὓπιρὲχοντα
1277 616 1350 669 τῆς

111 686 329 739 θαλάττης·
349 680 556 734 ἐπικλύζει
582 679 625 726 δὲ
647 680 712 725 ἐπ’
734 679 842 726 αὗτὰ
860 681 1027 744 ἐνιαχῆ.
1094 683 1136 729 T
1137 680 1281 728 ἕταται
1304 682 1348 729 δὲ

110 754 158 799 τὸ
175 752 280 812 ἕρμα
295 750 364 796 ἐπὶ
385 749 528 812 ἑτέραν
550 749 681 812 ἄκραν
696 752 769 805 τῆς
789 751 995 812 Εὐρώπης
1012 749 1060 797 τὸ
1081 750 1348 814 καταντικρύ·

110 826 162 884 τῇ
182 821 223 866 δὲ
248 820 354 881 ἄκρᾳ
379 818 509 879 ταύτῃ
535 817 665 879 ὄνομα
688 817 819 881 Ἱερὸν
839 818 1112 883 ἀκρωτήριον.
1181 818 1282 866 Ἀπὸ
1305 819 1348 866 δὲ

111 894 183 946 τῆς
213 888 419 951 Ἐρμαίας
464 887 596 951 ἄκρας
634 887 822 949 ποταμός
852 890 963 935 ἐστιν
1001 888 1173 944 Ἀνίδης·
1217 887 1349 950 ἐξίησι

111 958 152 1004 δὲ
176 951 290 1009 οἶτος
314 959 370 1009 εἷς
391 956 543 1018 λίμνην
564 957 768 1018 μεγάλην.
838 956 959 1004 Μετᾶ
977 956 1019 1003 δὲ
1045 957 1204 1016 ’Λνίδην
1225 949 1345 1019 (εἶτά)

109 1029 218 1073 ἔστιν
257 1026 380 1079 ἄλλος
411 1028 598 1087 ποταμὸς
631 1027 761 1089 μέγας
786 1027 908 1080 Λίξος
945 1027 1016 1073 καὶ
1053 1027 1173 1079 πόλις
1196 1027 1349 1075 Φοινί-

110 1116 193 1143 κων
229 1096 365 1152 Αίξος,
393 1097 463 1143 καὶ
495 1096 616 1160 ἑτέρα
648 1097 766 1149 πόλις
800 1096 970 1145 Λιὸύων
1005 1096 1092 1143 ἐστὶ
1123 1096 1252 1159 πέραν
1278 1101 1349 1142 τοῦ

110 1264 291 1307 Achaico
318 1265 446 1306 ssuvio
472 1262 524 1304 ad
558 1263 708 1305 Asricae
736 1278 904 1319 quoque
923 1264 1095 1305 fluvium
1114 1262 1356 1304 translatum

109 1341 197 1368 esse
226 1327 412 1380 coarguit
441 1326 594 1367 sociata
623 1326 659 1366 ei
687 1325 830 1380 Sicyon
855 1325 969 1367 urbs.
1005 1324 1231 1379 Quodnam
1258 1325 1356 1366 sub·

109 1392 163 1431 sit
193 1389 258 1429 his
294 1389 538 1430 Graecorum
567 1396 852 1429 commentum
885 1402 970 1429 non
992 1402 1148 1443 quaero.
1170 1389 1357 1429 Fortasse

110 1450 262 1494 Africae
301 1450 567 1504 meleagrides
592 1465 711 1499 aves,
743 1451 960 1506 cultusque
979 1450 1178 1505 >Meleagri
1198 1465 1266 1506 ap.
1296 1451 1358 1492 Si-

110 1513 281 1568 cyonios
311 1512 453 1567 (apud
476 1526 582 1567 quos
604 1512 783 1563 hastam,
805 1527 888 1567 qua
914 1526 1060 1568 aprum
1081 1511 1354 1562 interfecerat,

111 1574 234 1617 beros
251 1575 708 1625 consecravit,Pausan.
722 1577 779 1625 Π,
800 1576 839 1625 5,
856 1577 916 1629 8),
931 1576 1232 1630 nominumque
1245 1589 1357 1629 quae-

111 1635 207 1678 dam
231 1637 482 1692 punicorum
507 1635 736 1678 similitudo
759 1638 829 1690 (ν.
852 1645 941 1678 not.
966 1651 1058 1693 sqq.
1078 1640 1093 1691 )
1123 1650 1264 1678 ansam
1285 1635 1356 1677 de·

111 1698 221 1740 derit
239 1698 479 1753 hujusmodi
501 1700 794 1755 geographiam
818 1698 1112 1741 concinnandi.
1137 1700 1154 1753 Η
1179 1723 1237 1730 -
1264 1698 1358 1739 Κώ-

111 1763 225 1818 της]
258 1762 480 1803 Ptolemaeo
511 1764 635 1815 1v21
671 1777 714 1818 p.
750 1766 832 1816 249
862 1762 995 1815 Κώτης
1016 1771 1075 1803 est
1107 1760 1358 1803 hodiernum

117 1827 203 1881 Cap
222 1824 388 1881 Sparte!
399 1842 414 1873 ,·
444 1825 543 1865 item
567 1824 758 1866 Straboni
781 1826 922 1875 xvn,
947 1839 990 1880 p.
1017 1825 1117 1873 825,
1144 1825 1221 1864 nisi
1244 1823 1357 1879 quod

114 1888 149 1928 is
165 1886 378 1943 pluraliter
405 1885 507 1928 dicit
538 1886 606 1935 τὰς
636 1886 791 1935 Κώτείς.
813 1888 977 1928 Nomen
1007 1888 1206 1942 punicum
1230 1901 1359 1940 graece

117 1949 238 1990 vertit
254 1948 362 1990 Mela
383 1950 420 1998 Ι,
440 1949 462 1989 5
490 1962 501 1990 ;
524 1952 656 2005 Caput
678 1959 800 2006 aeque
821 1949 1034 1990 exordium
1053 1958 1113 1989 est
1122 1958 1358 2005 promonto-

114 2010 223 2051 rium
241 2009 353 2066 qnod
369 2010 503 2052 Graeci
532 2011 819 2067 Ampe-lusiam
836 2044 847 2060 ,
882 2010 985 2065 Afri
1009 2012 1135 2052 aliter
1161 2010 1235 2052 scd
1254 2010 1357 2052 idem

114 2071 375 2129 significante
394 2072 593 2114 vocabulo
615 2072 844 2130 appellant.
878 2094 895 2108 ·
917 2075 1024 2114 Puto
1041 2074 1192 2115 Poenos
1219 2073 1357 2128 appel·

113 2133 215 2175 lasse
234 2147 358 2207 qul-2,
381 2133 519 2188 Kotes,
546 2135 574 2176 i.
595 2150 635 2176 e.
657 2138 726 2176 τοῦ
745 2140 975 2191 τρυγῶντος,
997 2134 1311 2177 vindemiante.
1335 2156 1351 2171 ι

115 2197 333 2239 Bocnm.
354 2197 420 2239 Cf.
439 2199 621 2239 Movers.
653 2199 717 2249 11,
746 2212 790 2254 p.
824 2199 920 2252 529.
940 2199 1096 2239 Totum
1129 2212 1227 2239 vero
1246 2198 1358 2239 hunc

114 2266 292 2300 tractum
309 2257 443 2311 Κώτης
464 2258 711 2315 appellatum
733 2254 821 2301 esse
843 2269 993 2316 praeter
1011 2261 1211 2302 Nostrum
1234 2275 1358 2302 nemo

114 2320 255 2362 tradit.
291 2323 556 2376 Quamquam
576 2321 629 2362 ad
657 2336 754 2363 eum
774 2322 987 2364 transferri
1017 2322 1060 2363 id
1082 2337 1235 2364 nomen
1265 2332 1359 2379 apte

113 2391 300 2438 poterat;
326 2398 420 2425 nam
441 2392 527 2425 tota
549 2383 636 2425 haec
656 2385 769 2439 regio
788 2386 935 2427 vitium
951 2385 1200 2428 feracissima
1218 2387 1235 2440 (
1250 2387 1359 2427 Vitis

113 2446 157 2486 in
188 2446 325 2486 numis
348 2447 440 2488 Lixi
471 2446 603 2488 urbis.
628 2448 684 2488 V.
710 2448 835 2489 Falbc
865 2457 906 2490 et
935 2448 1146 2503 Lindberg
1164 2451 1360 2490 Annonce

114 2508 212 2549 d'un
233 2524 410 2562 ouvrage
437 2524 513 2551 sur
542 2510 598 2551 les
626 2510 838 2552 me'dailles
865 2511 915 2552 de
934 2511 1156 2552 l'ancienne
1180 2511 1360 2567 Ast-ique

115 2583 157 2624 p.
185 2584 198 2610 1
212 2584 227 2610 1
247 2601 258 2619 ,
276 2571 426 2612 citante
444 2573 652 2613 Movcrsio
667 2586 709 2628 p.
732 2575 849 2627 828).
871 2575 1070 2615 Praeterea
1090 2577 1207 2614 Coton
1222 2574 1358 2615 urbem

116 2633 254 2673 nescio
287 2647 338 2673 an
374 2642 484 2674 recte
507 2643 711 2675 memorat
733 2635 890 2676 Plinius
923 2637 979 2686 V,
1015 2649 1085 2686 1,:
1118 2638 1359 2676 Promonto-

117 2693 224 2735 rinm
256 2695 407 2735 Oceani
437 2696 636 2737 extimum
656 2697 905 2753 Ampelusia
934 2706 1110 2738 vocatur
1129 2713 1156 2738 a
1184 2698 1357 2739 Groecis.

120 2757 290 2814 Oppida
308 2758 429 2811 sucre
456 2759 566 2800 Lixa
582 2792 592 2809 ‚
630 2763 741 2801 Cotes
765 2760 878 2801 ultra
906 2759 1099 2802 Herculis
1130 2759 1355 2802 columnas.

117 2820 265 2862 Strabo
282 2829 322 2861 et
342 2820 584 2862 Ptolemaeus
604 2823 645 2862 in
669 2822 746 2863 hac
764 2837 837 2863 ora
854 2823 992 2863 sinum
1018 2830 1172 2863 norunt
1203 2824 1358 2879 Empo-

117 2882 268 2924 ricum.
298 2884 361 2924 Ita
379 2883 491 2923 enim
522 2884 668 2925 Strabo
695 2886 833 2934 XVII,
858 2899 901 2939 p.
924 2884 1003 2926 825
1024 2897 1033 2924 ε
1061 2884 1160 2938 Πρὸς
1182 2885 1295 2926 νότον
1319 2885 1359 2927 δὲ

117 2946 169 3001 τῇ
190 2944 291 3000 Λίξῳ
312 2945 377 2986 καὶ
406 2947 491 2993 ταῖς
520 2944 669 2986 mem
703 2947 926 3001 παράκειται
956 2946 1098 2993 κόλπος
1127 2944 1359 3002 Ἰἰμπορικὸς

117 3005 372 3064 παλοῦμενος,
395 3005 500 3062 ἔχων
521 3007 745 3057 Φοινικικὰς
759 3008 967 3056 κατοικίας.
991 3011 1127 3063 Atque
1146 3023 1295 3050 nomen
1317 3011 1357 3051 id

115 3081 251 3124 usque
284 3067 338 3111 ad
363 3069 600 3111 Hermaeum
630 3071 965 3126 promontorium
990 3070 1235 3126 pertinuisse
1263 3072 1359 3114 inde

118 3130 305 3186 colligas,
338 3130 453 3188 quod
483 3131 729 3174 Ptolemaeus
757 3147 801 3189 p.
833 3137 915 3188 249
946 3132 1092 3175 κόλπον
1122 3132 1357 3189 Ἰἱμπορικὸν

118 3202 212 3248 post
233 3193 371 3236 Subur
391 3193 562 3237 demum
586 3195 759 3237 fluvium
782 3204 999 3238 memorat.
1024 3195 1219 3251 Polybius
1246 3197 1356 3252 apud

119 3256 226 3298 Plin.
250 3258 306 3308 V,
329 3270 346 3298 1
369 3266 463 3313 post
486 3259 637 3300 Lixum
655 3267 839 3300 recenset
853 3258 1000 3311 Sagun
1012 3257 1164 3307 sinum.
1190 3261 1358 3302 nomine

119 3326 238 3360 utens
267 3319 494 3376 phoenicio.
520 3322 626 3363 Nam
645 3337 816 3376 ῃηηηῦ,
834 3321 1033 3363 sacharue
1048 3353 1060 3371 ,
1085 3329 1146 3363 est
1170 3319 1354 3378 ἐμπορίας

119 3379 235 3422 litera
259 3383 511 3423 rnominum
542 3382 846 3438 phoeniciorum
870 3383 923 3425 ab
943 3383 1054 3426 Afris
1075 3398 1359 3440 saepenumero

119 3441 302 3493 eliditur,
322 3443 497 3485 docente
514 3447 722 3489 Movet-sio
738 3449 798 3496 11,
816 3461 859 3503 p.
884 3449 980 3498 541,
1002 3446 1074 3502 qui
1092 3445 1266 3489 eandem
1288 3462 1358 3490 vo·

120 3516 210 3544 cem
234 3505 439 3546 sachar-un
473 3507 533 3548 vel
564 3507 694 3564 libyco
715 3524 874 3562 sagana
907 3509 1031 3551 latere
1062 3509 1293 3565 suspicatur
1316 3512 1357 3553 in

117 3563 285 3620 Sicyone
305 3567 408 3607 urbe
438 3570 641 3624 Mnaseae,
676 3570 728 3611 de
763 3586 844 3626 qua
879 3570 1009 3613 modo
1031 3569 1226 3614 vidimus.
1254 3574 1271 3628 ΙΙ
1302 3597 1360 3607 —

121 3625 321 3682 ῐρματα
352 3628 580 3683 Hesychius
608 3633 664 3672 ait
695 3647 781 3673 esse
802 3633 968 3688 ἱνράλους
987 3634 1123 3689 πέτρας
1143 3634 1167 3687 ἢ
1201 3634 1268 3677 τὸν
1290 3650 1357 3678 πε·

118 3686 248 3743 τρώδη
275 3686 341 3728 καὶ
360 3687 744 3746 ἔπικυματιζόμενον,
766 3695 866 3735 ὥστε
888 3692 939 3750 μὴ
967 3695 1135 3749 βλέπειν,
1155 3697 1275 3739 τόπον
1290 3700 1358 3751 τῆς

121 3747 330 3803 θαλάσσης.
370 3751 553 3793 Avienus
580 3755 655 3795 Or.
685 3756 792 3797 Mar.
827 3758 936 3797 322:
971 3761 1138 3798 Sacrum
1159 3760 1358 3815 superbas

120 3809 244 3864 en‘gt'e
264 3813 578 3869 cautesjugnm.
606 3819 756 3858 Locum
782 3818 951 3859 vocavi!
975 3820 1130 3859 Herma
1151 3820 1355 3876 qnondam

121 3872 300 3916 Groecia.
323 3876 406 3916 Est
436 3877 593 3919 Herma
618 3893 745 3935 porro
771 3879 971 3936 cespitum
1001 3882 1201 3932 munitio,
1230 3883 1355 3925 inter·

111 3933 248 3986 finum
273 3949 365 3992 quoe
394 3937 641 3981 altrinsecas
672 3941 806 3983 mani!
842 3940 990 3984 lacum.
1023 3943 1191 3999 Aliique
1213 3959 1356 3987 rursus

123 3995 315 4039 Herculis
337 3998 485 4042 dicunt
506 4001 633 4045 viam.
658 4003 866 4046 stravisse
887 4004 1041 4062 qnippe
1064 4006 1198 4047 maria
1207 4007 1355 4061 fertur

989 167 1280 216 seYLACts
1313 167 1783 220 cAaYANnENsts

2497 178 2568 237 (ω.
2577 181 2665 241 ⁵⁸·>2
2708 208 2782 308 ..ἓ

1420 279 1522 324 hine
1550 289 1775 339 exportatae
1805 281 1976 333 suerint,
2011 297 2216 339 nusquam
2245 285 2523 340 reperiuntur.
2582 281 2668 329 Pass-
2696 278 2782 379 ἐξῆ

1419 348 1508 392 ludi
1529 349 1630 393 huic
1647 365 1801 394 nomen
1834 351 2054 408 Cephesias
2086 354 2394 411 (Cephisias),
2426 355 2535 396 sEnui
2562 369 2668 400 vem
2707 380 2709 382 ·

1418 418 1542 460 cotes
1562 430 1575 460 ε
1602 426 1666 460 est
1685 427 1823 461 autem
1846 420 1889 461 in
1908 419 2156 463 intermedio
2179 422 2476 463 Columnarum
2504 422 2668 467 Hercu-⁴

1418 484 1468 526 lis
1485 493 1527 527 et
1543 486 1723 528 Hermaei
1745 489 2037 543 promontorii.
2070 488 2137 531 Ab
2152 489 2232 531 hoc
2247 491 2437 531 Herma-o
2459 487 2666 547 promen-⁵
2727 515 2729 517 ·
2757 477 2782 549 ..s

1419 553 1528 595 torio
1548 555 1686 608 magni
1705 554 1989 597 extenduntur
2005 557 2179 613 scopuli,
2206 556 2303 599 inde
2323 572 2348 599 a
2373 557 2501 614 Libya
2522 561 2669 602 Euro«
2738 547 2782 614 ,si

1418 635 1515 678 pam
1539 636 1694 672 versus,
1719 636 1804 664 non
1832 625 2061 667 eminentes
2082 638 2106 666 e
2131 625 2341 676 fluctibus,
2366 641 2659 684 nonnusquam
2775 615 2777 618 ¹

1420 698 1559 732 tamen
1577 690 1630 731 ab
1655 691 1705 732 iis
1728 690 1946 733 verberati.
2003 691 2209 734 Tenditur
2226 693 2291 735 illa
2309 695 2574 751 scopulorum
2593 705 2662 738 tm-

1421 759 1492 800 nia
1503 757 1557 800 ad
1564 756 1677 800 aliud
1688 759 1867 814 Europae
1873 761 2209 814 promontorium
2220 763 2410 804 uon-mmo
2419 763 2654 806 adversum.

1417 827 1605 867 Vocatur
1621 833 1759 868 autem
1777 824 1821 866 id
1839 828 2174 881 promontorium
2189 830 2375 871 Sacrum.
2437 834 2533 874 Post
2553 834 2660 875 Her·

1418 908 1570 936 maeum
1605 895 1941 949 promontorium
1973 895 2124 937 fluvius
2159 906 2221 939 est
2256 899 2425 942 Anides.
2486 901 2658 955 Egredi-

1421 971 1491 1004 tur
1522 962 1591 1003 hic
1623 961 1666 1003 in
1700 961 1834 1002 lacum
1869 975 2082 1015 magnum.
2142 965 2241 1006 Post
2273 967 2436 1010 Aniden
2459 978 2519 1010 est
2556 969 2659 1011 alius

1421 1031 1573 1072 fluvius
1612 1044 1787 1085 magnus
1842 1029 1971 1071 Lixus
2006 1038 2048 1071 et
2090 1031 2334 1075 Phoenicum
2383 1036 2484 1078 urbs
2532 1038 2662 1080 Lixus

1421 1101 1581 1156 aliaque
1603 1099 1702 1141 urbs
1734 1099 1913 1155 Libyum
1944 1099 2052 1141 ultra
2074 1100 2247 1143 fluvium
2279 1111 2364 1154 est,
2398 1119 2494 1147 cum
2516 1115 2659 1163 portu.

1427 1259 1625 1302 Hercules
1641 1291 1653 1308 ,
1673 1261 1763 1300 Iter
1791 1267 1837 1299 ut
1849 1268 2015 1315 pateret
2032 1259 2170 1312 facilc
2189 1260 2360 1317 captivo
2377 1261 2525 1314 gregi..
2551 1265 2678 1315 Quod·

1426 1326 1583 1364 Herma
1599 1337 1727 1379 porro
1745 1330 1783 1362 ee
1805 1322 1999 1364 Herculis
2018 1321 2177 1363 dictam
2195 1323 2269 1364 via
2287 1341 2299 1371 ,·
2315 1324 2583 1381 Amphipolis
2603 1341 2670 1367 m·-

1427 1385 1493 1427 bis
1523 1384 1657 1427 incola
1674 1387 1899 1426 Euctemon
1921 1384 2012 1434 aie,
2035 1387 2129 1427 Non
2149 1385 2252 1442 plus
2276 1385 2419 1428 habere
2444 1387 2669 1439 longitndi-

1426 1446 1494 1488 nis
1530 1445 1657 1488 Modo
1687 1460 1811 1503 qnam
1838 1445 2115 1502 porrifflanmr
2144 1456 2303 1488 centnm
2334 1456 2374 1488 e!
2405 1458 2496 1490 octo
2533 1449 2675 1491 millia

1428 1510 1537 1561 (864
1561 1507 1667 1550 stad.
1685 1513 1719 1562 ).
1744 1508 1809 1549 Cf.
1839 1507 1986 1549 Suidas
2010 1523 2049 1550 v.
2073 1509 2246 1564 ἕρματας
2278 1509 2385 1551 Mela
2404 1512 2446 1561 1,
2477 1510 2526 1562 5;
2557 1512 2663 1555 Plin.
2764 1508 2782 1577 ’ξ

1426 1572 1504 1622 111,
1531 1584 1574 1622 1;
1596 1570 1773 1612 Diodor.
1795 1572 1872 1620 IV,
1902 1571 1951 1612 18
1967 1586 1977 1620 ;
1995 1572 2147 1612 Seneca
2167 1572 2291 1613 Herc.
2310 1571 2393 1614 sur.
2416 1574 2523 1627 237;
2556 1575 2670 1615 Stra-
2767 1601 2770 1603 Δ

1428 1631 1483 1673 bo
1498 1634 1533 1683 1,
1550 1647 1594 1689 p.
1621 1634 1699 1683 52;
1719 1632 1907 1675 Cosselin
1930 1632 2184 1682 Becherclees,
2203 1642 2283 1675 etc.
2307 1636 2383 1685 IV,
2409 1649 2452 1691 p.
2470 1649 2518 1686 25
2537 1636 2665 1679 Ukert

1428 1698 1575 1747 Gveogr.
1601 1696 1669 1745 11,
1695 1708 1733 1746 1,
1753 1709 1797 1751 p.
1815 1698 1912 1737 208.
1937 1695 2034 1737 251.
2058 1697 2073 1749 ΙΙ
2093 1720 2150 1727 -
2174 1694 2211 1737 Ἀ
2227 1712 2246 1736 ν
2263 1697 2340 1749 ι’δη
2356 1698 2402 1753 ς]
2425 1699 2483 1739 sic
2507 1697 2666 1751 codex;

1427 1756 1532 1798 editt
1567 1757 1711 1805 ἅνιδος.
1724 1758 1774 1798 In
1792 1771 1907 1813 seqq.
1926 1770 2004 1813 pro
2024 1755 2185 1810 Ἆνίδην,
2205 1757 2291 1800 εἶτα
2310 1758 2439 1800 codex
2457 1759 2663 1803 ἀνιδίευτα,

1427 1819 1601 1876 Polybio
1632 1834 1700 1876 ap.
1737 1819 1844 1861 Plin.
1871 1821 1927 1870 V,
1966 1834 1982 1860 1
2025 1821 2251 1876 appellatur
2287 1823 2459 1864 Anatis.
2496 1826 2531 1865 Λ
2563 1823 2675 1867 freto

1428 1882 1637 1924 Gaditano
1658 1881 1711 1924 ad
1732 1882 1883 1924 Lixum
1903 1897 1990 1923 esse
2011 1882 2111 1925 dicit
2138 1898 2212 1924 112
2230 1884 2350 1934 mitt„
2375 1885 2472 1926 hinc
2486 1885 2538 1927 ad
2556 1889 2666 1929 Ana·

1429 1945 1489 1985 tin
1512 1946 1592 1987 205
1613 1945 1732 1995 mitt„
1757 1944 1855 1986 hinc
1879 1943 1931 1986 ad
1955 1945 2161 1987 Atlantem
2195 1948 2275 1996 485
2299 1947 2422 1988 millia
2441 1961 2548 2003 pass·
2571 1949 2668 1990 Haec

1429 2021 1592 2049 summa
1616 2007 1718 2049 mill.
1749 2008 1831 2049 802
1858 2007 1943 2048 sive
1964 2007 2192 2049 stadiorum
2231 2012 2340 2058 6416
2371 2017 2433 2050 est
2465 2024 2548 2051 orae
2577 2010 2672 2052 lon·

1428 2070 1573 2122 gitudo
1601 2084 1626 2112 a
1642 2069 1746 2111 freto
1770 2083 1902 2125 usque
1930 2069 1982 2111 ad
2000 2069 2209 2111 desertum
2225 2101 2236 2122 ,
2266 2070 2318 2112 ad
2347 2070 2460 2127 quod
2483 2080 2668 2115 extrema

1429 2132 1604 2175 Atlantis
1631 2132 1729 2188 juga
1751 2132 1964 2174 desinunt.
1985 2134 2047 2174 Ex
2082 2131 2228 2174 iisdem
2258 2134 2463 2175 mensuris
2491 2133 2672 2176 efficitur

1429 2196 1582 2236 Anatin
1598 2196 1772 2236 nuvium
1783 2209 1871 2236 esse
1880 2194 2131 2236 hodiernum
2146 2194 2378 2236 Ommerbia
2386 2196 2453 2249 (ut
2459 2203 2570 2238 reete
2580 2210 2675 2238 mo·

1428 2266 1528 2299 nent
1550 2258 1790 2300 Gosselinus
1806 2259 1843 2310 1,
1865 2272 1908 2314 p.
1938 2270 2015 2299 112
2034 2265 2076 2298 et
2091 2258 2335 2299 Mannertus
2352 2259 2409 2308 X,
2430 2270 2473 2310 2,
2490 2271 2535 2314 p.
2558 2259 2668 2314 555)

1428 2320 1565 2376 paullo
1589 2335 1714 2377 supra
1734 2324 1819 2378 Cap
1846 2320 1990 2362 Blanc.
2008 2319 2154 2362 Fluvio
2173 2334 2285 2372 nunc
2307 2319 2465 2375 adjacet
2482 2323 2674 2363 Azamnr

1429 2384 1545 2426 urbs.
1579 2384 1824 2427 Ptolemaeus
1844 2398 1888 2440 p.
1920 2386 2002 2438 249
2034 2383 2206 2424 ssuvium
2229 2391 2350 2425 vocat
2383 2381 2563 2439 Ἆσάμαν,
2587 2383 2671 2426 Pli-

1429 2447 1523 2487 nius
1544 2449 1600 2498 V,
1634 2461 1652 2488 1
1678 2462 1730 2489 ex
1752 2447 1953 2503 scriptore
1986 2445 2199 2498 Africano,
2221 2449 2438 2488 Asanam:
2459 2445 2670 2500 Indigrnoe

1431 2508 1604 2550 tradunt
1622 2509 1664 2550 in
1679 2523 1752 2550 ora
1769 2508 1823 2550 ab
1838 2508 1937 2550 Sala
1953 2522 1969 2549 1
1979 2508 2030 2550 50
2046 2508 2151 2549 mill.
2164 2522 2285 2565 pass.
2289 2509 2446 2563 flamen
2461 2510 2664 2558 Asanam,

1429 2573 1589 2614 marino
1610 2573 1777 2622 hausen,
1801 2570 1876 2613 sed
1891 2579 2017 2627 portu
2036 2570 2272 2626 spectabili.
2290 2572 2396 2623 Qua.-
2414 2583 2582 2625 prorsus
2599 2585 2670 2612 ca·
2780 2610 2782 2614 .

1429 2634 1536 2676 dunt
1565 2637 1607 2676 in
1647 2636 1751 2676 ostia
1789 2632 2023 2676 Ommerbia
2061 2632 2193 2674 ssuvii.
2224 2633 2239 2685 ΙΙ
2275 2655 2333 2664 -
2353 2633 2523 2689 Λίξος]
2562 2636 2668 2687 Quae
2775 2646 2782 2687 ,¹

1423 2695 1510 2751 jam
1532 2705 1763 2752 sequuntur
1779 2694 1832 2736 de
1852 2695 1972 2745 Lixo,
1996 2692 2120 2735 Crabi
2142 2702 2184 2735 et
2202 2694 2483 2749 Thymiateria
2509 2709 2561 2736 ex
2586 2696 2674 2739 alio

1430 2758 1543 2799 sonte
1572 2759 1699 2814 petita
1729 2758 1866 2813 inepte
1901 2754 2228 2813 praeoedentibus
2263 2765 2501 2800 assuuntur.
2535 2759 2688 2803 Causa-

1429 2822 1583 2862 erroris
1624 2821 1792 2862 sortasse
1835 2818 1932 2861 inde
1970 2826 2032 2860 est
2081 2819 2303 2874 repetenda
2318 2851 2329 2870 ,
2373 2819 2486 2875 quod
2522 2830 2669 2865 auctor

1428 2892 1521 2939 post
1541 2882 1704 2926 Aniden
1729 2883 1772 2924 ss.
1805 2882 1895 2925 Lixi
1920 2881 2033 2923 ssuvii
2049 2911 2060 2931 ,
2081 2881 2152 2936 qui
2185 2881 2237 2922 ad
2256 2881 2465 2924 desertum
2494 2884 2535 2924 in
2555 2898 2672 2928 mare

1428 2947 1534 2997 exit,
1556 2947 1810 2988 mentionem
1846 2945 2025 3001 reperit,
2047 2957 2225 3002 eumque
2247 2945 2419 2987 fluvium
2448 2946 2668 2991 confundit

1428 3023 1523 3050 cum
1546 3008 1675 3050 altero
1694 3008 1823 3059 Lixo,
1857 3007 1928 3062 qui
1949 3020 2033 3048 non
2055 3006 2111 3047 ita
2134 3005 2254 3062 longe
2282 3007 2396 3049 abest
2410 3023 2433 3050 a
2458 3008 2564 3051 freto
2581 3011 2667 3053 Ga·

1428 3070 1585 3113 ditano.
1617 3095 1674 3120 -·.
1705 3071 1832 3113 Lixus
1869 3069 1967 3111 urbs
1990 3067 2042 3111 ad
2061 3069 2232 3111 nuvium
2258 3072 2546 3125 cognominem
2571 3074 2663 3116 sita.

1427 3134 1588 3174 Nomen
1625 3134 1666 3174 in
1690 3133 1828 3174 numis
1856 3131 2049 3173 scribitur
2071 3125 2172 3184 ⁷02²>
2195 3132 2208 3187 (
2227 3132 2348 3173 Falbe
2369 3141 2407 3173 et
2429 3131 2664 3190 Lindberg,

1429 3198 1623 3236 Annoncc
1643 3203 1724 3237 etc.
1745 3209 1788 3251 p.
1819 3208 1861 3236 11
1884 3197 1916 3249 ),
1944 3195 2057 3250 quod
2095 3195 2285 3236 hebraice
2309 3195 2668 3250 pronuntiandum
2755 3208 2757 3210 ’

1429 3257 1533 3299 soret
1556 3257 1750 3300 Lechesclt
1784 3257 1871 3311 (cs.
1901 3257 2014 3298 urbis
2038 3257 2312 3300 Cannnniticae
2343 3271 2494 3299 nomen
2525 3254 2659 3312 &⁹2¹7-

1428 3320 1608 3361 lachisch
1629 3320 1661 3376 ),
1693 3335 1715 3362 a
1738 3320 2000 3362 Phoenicibus
2020 3335 2117 3362 vero
2134 3319 2481 3376 pronuntiabatur
2501 3320 2665 3372 Licsele,

1428 3384 1487 3425 uti
1508 3383 1737 3424 Movet-sius
1755 3382 1877 3424 docet
1899 3386 1954 3434 11,
1972 3398 2015 3439 p.
2039 3386 2134 3433 540.
2159 3385 2175 3436 (
2193 3382 2332 3425 Falsus
2349 3382 2472 3436 igitur
2486 3384 2667 3426 Bocbar·
2731 3384 2750 3396 “

1428 3454 1493 3487 tus
1518 3445 1588 3501 qui
1618 3459 1768 3487 nomen
1784 3460 1806 3487 a
1829 3437 1935 3497 ⁷095,
1954 3447 2029 3496 lis,
2053 3446 2082 3487 i.
2106 3461 2145 3488 e.
2170 3445 2255 3496 len,
2281 3444 2468 3486 derivare
2488 3445 2665 3502 voluit.)

1427 3509 1571 3551 Graece
1594 3508 1636 3549 in
1658 3522 1787 3550 numo
1807 3509 1987 3550 occurrit
2020 3508 2118 3550 ΛΙΞ.
2143 3506 2267 3563 Apud
2300 3506 2518 3563 scriptores
2540 3506 2668 3550 habe}

1427 3571 1518 3622 Λίξ,
1543 3570 1660 3622 Λίξα,
1695 3570 1829 3621 Δίξας,
1855 3571 1987 3622 Λίξος,
2012 3571 2130 3627 Atye,
2166 3569 2282 3626 Δῦγξ.
2317 3569 2667 3625 Frequentissim·
2752 3594 2753 3597 ¹

1428 3631 1561 3673 forma
1578 3640 1639 3673 ωε
1662 3632 1793 3683 Λίξος;
1816 3632 1881 3680 Λίξ
1897 3633 2052 3688 praebet
2069 3631 2315 3675 Ptolemaeus
2327 3661 2339 3682 ,
2358 3629 2452 3687 Λίγξ
2481 3632 2666 3674 Artemi·

1425 3694 1554 3736 dorus
1571 3709 1638 3750 ap.
1656 3695 1847 3736 Strabon.
1866 3697 2004 3746 xv11,
2022 3710 2065 3752 p.
2083 3698 2190 3750 829:
2209 3691 2478 3750 Ἀρτεμίδωρος
2493 3693 2528 3734 δ’
2546 3691 2668 3750 Ἐρα-
2755 3752 2757 3754 q
2779 3747 2782 3751 Ι

1425 3758 1594 3799 τοσθίνει
1614 3757 1682 3812 μὲν
1700 3757 1908 3814 ἀντιλέγει,
1936 3758 2036 3800 διότι
2052 3758 2163 3807 Δίξον
2185 3757 2272 3799 τινά
2295 3771 2409 3813 φησιν
2438 3755 2553 3799 πόλιν
2575 3756 2665 3814 περὶ
2768 3754 2775 3762 ζ

1425 3819 1472 3861 τὰ
1488 3820 1584 3876 ἄκρα
1603 3823 1670 3873 τῆς
1690 3821 1932 3877 Μαυρουσίοις
1950 3820 2000 3863 τὰ
2020 3819 2172 3877 ἑσπέρια
2191 3818 2279 3861 ἀντὶ
2307 3819 2450 3875 Διγγός
2477 3817 2573 3875 (Cf.
2595 3816 2660 3862 id.
2717 3831 2730 3839 ‘

1425 3897 1468 3939 p.
1503 3885 1582 3925 825
1599 3915 1609 3934 ,
1634 3883 1705 3925 ubi
1730 3885 1840 3926 Liar
1867 3893 1909 3926 et
1948 3883 2094 3937 Tingis
2121 3882 2437 3925 confunduntur
2457 3883 2490 3937 ),
2513 3878 2659 3937 steph.

1425 3947 1522 4001 Byz.
1551 3958 1560 3987 ε
1596 3946 1708 4002 Λίγξ
1744 3947 1916 4003 ποταμὸς
1947 3946 2205 4002 Μαυριτανίας
2231 3945 2296 3987 καὶ
2327 3944 2461 3992 πόλις·
2489 3940 2585 3990 τινὶς
2614 3939 2657 3984 δὲ

1426 4007 1536 4055 Λίξον
1556 4009 1756 4064 γράφουσι.
1795 4009 1940 4050 Idem:
1971 4007 2120 4064 Δῦγξ,
2158 4006 2268 4056 πόλις
2290 4005 2427 4058 Ansam
2458 4002 2549 4060 πρὸς
2574 4003 2660 4051 τοῖς
