2808 4342
1097 185 1385 234 HISTORIA
1417 191 1642 241 INDICA.

101 286 199 349 πρὸς
223 285 314 337 τοὺς
335 283 580 335 ἑαλωκότας·
613 282 754 329 ἔπειτα
784 284 1125 347 κρατέονταιμὲν
1159 288 1267 333 κατὰ
1291 290 1336 336 τὸ

101 355 206 406 εἰκὸς
229 356 264 399 οἱ
285 353 417 415 ἄγριοι
433 351 515 397 ὖπό
533 369 577 396 τε
596 355 646 413 τῇ
670 353 822 415 ἀθυμίῃ
838 353 982 416 καὶτῷ
996 355 1108 416 λιμῷ
1126 357 1337 402 ταλαιπω-

102 423 302 485 ρεύμενοι.
374 421 442 484 (11)
477 423 531 468 Οἱ
563 421 606 467 δὲ
627 421 708 467 ἀπὸ
726 425 807 467 τῶν
827 423 1056 485 ἐλεφάντων
1081 423 1336 477 καταὸάντες

100 489 404 553 παρειμένοισιν
434 490 512 546 ἤδη
546 497 672 536 τοῖσιν
702 490 879 553 ἀγρίοισι
901 489 993 541 τοὺς
1024 491 1153 544 πόδας
1190 492 1338 555 ἄκρους

37 572 59 601 5
103 558 345 604 συνδέουσιν·
362 559 505 604 ἔπειτα
536 558 824 620 ἐγκελεύονται
855 559 983 604 τοῖσιν
1000 559 1193 623 ἡμέροισι
1224 563 1336 618 πλη-

99 631 197 690 γῇσι
226 635 328 691 σφᾶς
347 627 531 681 κολάζειν
551 629 774 690 πολλῇσιν,
796 626 879 673 ἔστ’
897 626 946 672 ἂν
968 629 1112 674 ἐκεῖνοι
1127 630 1336 676 ταλαιπω-

101 698 285 759 ρεύμενοι
308 699 347 750 ἐς
369 701 444 759 γῆν
473 695 646 761 πέσωσι·
678 695 965 758 παραστάντες
998 696 1040 742 δὲ
1067 697 1241 759 βρόχους
1262 717 1335 744 πε-

102 765 364 827 ριὸάλλουσιν
400 767 558 811 αὐτοῖσι
603 765 713 811 κατὰ
754 763 846 817 τοὺς
869 766 1080 828 αὐχένας,
1114 767 1186 812 καὶ
1222 769 1337 813 αὐτοὶ

100 834 357 881 ἐπιὸαίνουσι
387 834 632 895 κειμένοισι.
705 835 777 895 (12)
801 837 888 881 Τοῦ
916 835 958 880 δὲ
991 834 1048 896 μὴ
1073 837 1337 883 ἀποσείεσθαι

30 921 68 951 10
99 902 190 956 τοὺς
221 904 414 964 ἀμὸάτας
446 903 551 964 μηδέ
590 923 627 949 τι
665 903 766 949 ἄλλο
803 903 1032 951 ἀτάσθαλον
1066 906 1334 968 ἐργάζεσθαι,

97 973 165 1018 τὸν
181 973 387 1036 τράχηλον
410 976 592 1019 αὐτοῖσιν
612 975 652 1018 ἐν
676 973 821 1036 κύκλῳ
844 974 1056 1037 μαχαιρίῳ
1079 975 1160 1027 ὀξέϊ
1175 973 1337 1036 ἐπιτέμ·

97 1060 209 1088 νουσι
223 1080 234 1099 ,
262 1043 334 1088 καὶ
352 1043 419 1088 τὸν
444 1044 592 1106 βρόχον
612 1042 721 1088 κατὰ
741 1042 816 1098 τὴν
835 1042 965 1103 τομὴν
984 1044 1259 1106 περιδέουσιν,
1283 1048 1337 1097 ὡς

99 1111 258 1174 ἀτρέμα
281 1111 387 1174 ἔχειν
407 1111 479 1166 τὴν
497 1110 685 1173 κεφαλήν
706 1129 751 1156 τε
766 1111 838 1156 καὶ
854 1112 921 1157 τὸν
942 1113 1149 1175 τράχηλον
1167 1115 1244 1159 ὕπὸ
1266 1119 1336 1159 τοῦ

99 1179 252 1231 ἕλκεος.
321 1180 393 1241 (13)
422 1182 475 1226 Εἰ
499 1179 578 1243 γὰρ
610 1179 917 1242 ἐπιστρέφοιντο
952 1182 1030 1227 ὑπὸ
1061 1183 1335 1243 ἀτασθαλίης,

36 1263 74 1293 15
98 1249 280 1320 τρίὸεται
312 1252 469 1295 αὐτοῖσι
491 1249 537 1294 τὸ
562 1248 678 1301 ἕλκος
705 1249 785 1294 ὑπὸ
816 1253 874 1313 τῷ
900 1250 1030 1314 κάλῳ.
1101 1251 1226 1298 Οὕτω
1255 1251 1328 1310 μὲν

100 1321 155 1363 ὠν
196 1319 355 1382 ἀτρέμα
392 1319 582 1381 ἴσχουσι,
618 1319 690 1364 καὶ
724 1318 839 1364 αὐτοὶ
875 1320 1224 1383 γνωσιμαχέοντες
1256 1321 1335 1378 ἤδη

101 1386 270 1448 ἄγονται
292 1387 400 1432 κατὰ
422 1389 489 1432 τὸν
512 1388 663 1447 δεσμὸν
687 1388 787 1450 πρὸς
808 1391 889 1434 τῶν
915 1389 1098 1453 ἡμέρων.

160 1458 286 1503 XIV.
323 1453 450 1501 εὈσοι
484 1456 526 1500 δὲ
555 1457 698 1512 νήπιοι
722 1459 856 1503 αὐτῶν
881 1456 907 1513 ἢ
934 1459 1000 1503 διὰ
1029 1459 1239 1516 κακότητα
1263 1462 1336 1506 οὐκ

100 1523 203 1578 ἄξιοι
238 1526 454 1582 ἐκτῆσθαι,
482 1524 652 1577 τούτους
689 1527 810 1570 ἐῶσιν
845 1528 1180 1575 ἀπαλλάττεσθαι
1210 1531 1248 1581 ἐς
1283 1529 1336 1575 τὰ

33 1607 76 1638 20
99 1594 274 1657 σφέτερα
304 1593 424 1650 ἤθεα.
495 1595 544 1656 (2)
570 1593 762 1655 Ἄγοντες
797 1595 839 1639 δὲ
874 1597 930 1646 εἷς
963 1596 1035 1648 τὰς
1068 1596 1214 1656 κώμας
1246 1597 1337 1650 τοὺς

15 1669 17 1672 ’
100 1663 272 1715 ἁλόντας
293 1669 363 1709 τοῦ
399 1682 443 1709 τε
478 1666 642 1726 χλωροῦ
681 1659 875 1723 καλάμου
915 1663 986 1708 καὶ
1027 1668 1099 1720 τῆς
1131 1666 1250 1721 ποίης
1283 1666 1335 1712 τὰ

98 1736 242 1796 πρῶτα
263 1735 458 1796 ἐμφαγεῖν
480 1733 641 1778 ἔδοσαν·
669 1733 719 1793 (3)
740 1735 777 1778 οἱ
801 1731 842 1778 δὲ
866 1732 946 1778 ὑπὸ
966 1733 1140 1792 ἀθυμίης
1163 1737 1234 1780 οὐκ
1254 1734 1336 1780 ἐθέ-

98 1805 238 1847 λουσιν
262 1801 377 1848 οὐδὲν
404 1802 631 1859 σιτέεσθαι,
654 1801 745 1853 τοὺς
768 1802 810 1847 δὲ
851 1803 1164 1864 περιϊστάμενοι
1189 1807 1224 1850 οἱ
1249 1805 1335 1850 Ἰν-

101 1871 160 1917 δοὶ
180 1871 327 1934 ᾠδαῒσί
348 1890 391 1916 τε
411 1872 481 1917 καὶ
512 1871 764 1931 τυμπάνοισι
787 1871 858 1917 καὶ
892 1872 1166 1932 κυμὸάλοισιν
1189 1875 1229 1919 ἐν
1254 1874 1337 1919 κύ-

34 1951 75 1980 25
100 1941 185 2003 κλῳ
205 1940 413 2002 κρούοντές
431 1959 475 1986 τε
495 1941 564 1986 καὶ
586 1940 802 2004 ἐπᾴδοντες
825 1942 1130 1995 κατευνάζουσι.
1184 1943 1231 2005 (4)
1252 1947 1337 1991 Θυ-

101 2002 279 2072 ιῖόσοφον
304 2010 382 2073 γὰρ
414 2010 527 2072 εἴπερ
552 2030 591 2056 τι
623 2011 724 2056 ἄλλο
749 2011 887 2073 θηρίον
915 2014 936 2056 6
960 2012 1120 2074 ἐλέφας·
1144 2012 1213 2058 καί
1235 2032 1337 2065 τινες

98 2078 177 2135 ἤδη
200 2081 332 2124 αὐτῶν
351 2079 440 2132 τοὺς
461 2079 653 2140 ἀμὸάτας
673 2083 783 2142 σφῶν
808 2082 847 2125 ἐν
871 2081 1040 2144 πολέμῳ
1062 2082 1337 2135 ἀποθανόντας

102 2147 270 2209 ἄραντες
287 2150 401 2194 αὐτοὶ
422 2149 641 2209 ἐξήνεγκαν
668 2152 707 2201 ἐς
729 2149 891 2211 ταφὴν,
918 2153 955 2195 οἱ
988 2151 1029 2194 δὲ
1050 2150 1120 2195 καὶ
1154 2152 1335 2212 ὑπερήσ-

100 2235 225 2262 πισαν
249 2217 480 2276 κειμένους,
501 2220 537 2262 οἱ
563 2217 605 2262 δὲ
634 2217 705 2262 καὶ
728 2217 935 2262 πεσόντων
953 2218 1334 2279 προεκινδύνευσαν·

34 2299 79 2329 30
105 2285 189 2330 ὃδέ
208 2303 267 2336 τις
290 2284 389 2346 πρὸς
418 2285 542 2346 ὀργὴν
573 2285 818 2337 ἀποκτείνας
841 2285 907 2331 τὸν
932 2286 1121 2346 ἀμὸάτην
1150 2287 1227 2332 ὑπὸ
1261 2305 1337 2346 με·-

101 2352 262 2408 τανοίης
282 2372 324 2397 τε
347 2354 416 2398 καὶ
442 2354 617 2412 ἀθυμίης
639 2355 855 2402 ἀπέθανεν.
928 2355 976 2417 (5)
1003 2348 1127 2401 Εἶδον
1144 2354 1185 2399 δὲ
1207 2355 1335 2416 ἔγωγε

99 2421 171 2466 καὶ
205 2421 511 2481 κυμὸαλίζοντα
541 2422 623 2478 ἤδη
652 2422 853 2485 ἐλέφαντα
876 2425 946 2468 καὶ
972 2426 1119 2476 ἄλλους
1141 2425 1335 2486 ὀρχεομέ-

98 2508 215 2551 νους,
238 2491 468 2549 κυμὸάλοιν
502 2494 561 2553 τῷ
593 2491 888 2551 κυμὸαλίζοντι
920 2492 1020 2555 πρὸς
1057 2497 1141 2539 τοῖν
1175 2495 1332 2539 σκελοῖν

100 2559 184 2603 τοῖν
210 2557 438 2619 ἔμπροσθεν
463 2559 819 2622 προσηρτημένοιν
837 2597 849 2620 ,
875 2561 945 2606 καὶ
968 2562 1067 2624 πρὸς
1100 2566 1150 2623 τῇ
1180 2563 1334 2624 προδο-

35 2641 79 2672 35
103 2625 211 2672 σκίδι
235 2628 464 2689 καλεομένη
491 2627 594 2674 ἄλλο
627 2629 856 2689 κύμὸαλον·
884 2632 931 2690 (6)
962 2634 981 2675 6
1011 2630 1051 2675 δὲ
1077 2633 1117 2675 ἐν
1145 2630 1260 2693 μέρεϊ
1283 2636 1333 2694 τῇ

101 2696 344 2759 προὸοσκίδι
365 2697 503 2759 ἔκρουε
527 2698 572 2742 τὸ
596 2697 809 2759 κύμὸαλον
832 2703 871 2745 ἐν
902 2703 1044 2763 ῥυθμῷ
1071 2701 1171 2762 πρὸς
1195 2701 1333 2746 ἑκατέ-

100 2783 186 2828 ροιν
205 2772 288 2810 τοῖν
305 2767 478 2811 σκελοῖν·
495 2769 530 2812 οἱ
550 2766 589 2811 δὲ
605 2767 842 2828 ὀρχεόμενοι
860 2770 898 2812 ἐν
916 2768 1053 2830 κύκλῳ
1064 2788 1107 2813 τε
1125 2768 1330 2831 ἐχόρευον,

98 2834 173 2878 καὶ
192 2834 425 2896 ἐπαίροντές
440 2855 481 2880 τε
503 2836 572 2881 καὶ
591 2837 919 2896 ἐπικάμπτοντες
932 2837 984 2881 τὰ
994 2836 1220 2898 ἔμπροσθεν
1240 2838 1334 2882 σκέ·

102 2905 175 2948 λεα
202 2906 242 2949 ἐν
262 2907 319 2965 τῷ
345 2904 461 2968 μέρεϊ
481 2907 520 2950 ἐν
544 2900 685 2969 ῥυθμῷ
706 2906 778 2951 καὶ
808 2900 917 2952 οὗτοι
946 2906 1127 2963 ἔδαινον,
1148 2906 1291 2952 κατότι
1315 2910 1334 2952 6

40 2986 82 3016 40
103 2972 368 3032 κυμῧαλίζων
387 2974 525 3036 σφίσιν
547 2975 763 3035 ὑπηγέετο.
836 2975 886 3039 (7)
905 2975 1099 3022 Βαίνεται
1116 2975 1157 3020 δὲ
1177 2976 1334 3038 ἐλέφας,

96 3034 196 3103 ἦρος
214 3042 323 3105 ὥρῃ,
347 3043 653 3107 κατάπεριβοῦς
679 3042 706 3099 ἢ
730 3043 868 3102 ἵππος,
885 3045 1008 3090 ἐπεὰν
1028 3048 1123 3107 τῇσι
1143 3044 1334 3106 θηλέῃσιν

105 3115 146 3158 αἱ
159 3114 272 3174 παρὰ
285 3120 391 3159 τοῖσι
404 3115 664 3178 κροτάφοισιν
677 3116 880 3160 ἀναπνοαὶ
892 3116 1142 3175 ἀνοιχθεῖσαι
1160 3113 1336 3160 ἐκπνέω·

103 3197 158 3224 σι·
182 3181 270 3226 κύει
289 3182 330 3227 δὲ
350 3184 439 3237 τοὺς
456 3184 696 3246 ἐλαχίστους
725 3185 797 3244 μὲν
823 3184 1040 3229 ἑκκαίδεκα
1061 3188 1193 3244 μῆνας
1208 3220 1220 3242 ,
1245 3183 1336 3236 τοὺς

107 3249 320 3302 πλείστους
338 3250 378 3296 δὲ
394 3254 691 3298 ὀκτωκαίδεκα·
710 3254 837 3299 τίκτει
862 3254 903 3298 δὲ
920 3253 975 3311 ἓν,
993 3253 1181 3316 κατάπερ
1198 3252 1334 3304 ἵππος·

2546 219 2632 258 325

1410 310 1473 342 tos
1495 310 1535 342 et
1555 301 1662 342 feros
1695 310 1835 357 captos
1864 315 1873 342 :
1895 302 2063 343 tandem
2090 314 2354 360 superantur,
2390 319 2435 351 ut
2454 326 2528 366 par
2546 325 2631 367 est,

1406 376 1504 427 seri,
1533 377 1731 432 languore
1752 388 1792 419 et
1821 377 1927 419 fame
1948 379 2092 433 pressi.
2154 381 2243 434 (11)
2262 384 2370 424 Tum
2392 400 2566 430 sessores
2587 407 2636 433 ex

1405 449 1630 505 elephantis
1655 452 1699 492 in
1724 460 1878 493 terram
1906 452 2072 494 demissi
2097 454 2302 510 languidis
2325 458 2411 512 jam
2440 462 2532 504 seris
2560 467 2637 507 elc-

1405 525 1569 580 phantis
1597 541 1781 568 summos
1798 527 1923 583 pedes
1947 529 2162 584 ·colligant;
2190 532 2340 575 dehinc
2368 535 2534 579 domitis
2561 542 2637 582 cle-

1404 599 1571 654 phantis
1602 602 1832 656 imperant,
1871 607 1920 644 ut
1948 603 2056 646 feros
2087 607 2223 648 multis
2259 610 2386 664 plagis
2422 615 2635 668 castigent,

1405 675 1540 717 donec
1550 676 1791 719 verberibus
1803 678 2010 734 defatigati
2030 683 2072 722 in
2085 690 2235 725 terram
2244 687 2474 740 procidant.
2519 692 2638 734 Tunc

1406 751 1612 794 adstantes
1644 755 1873 796 cervicibus
1912 771 2058 798 eorum
2092 759 2258 814 laqueos
2291 772 2443 818 aptant,
2483 775 2522 807 et
2561 769 2637 823 ipsi

1405 838 1632 885 prostratos
1665 831 1928 874 inscendunt.

1407 908 1526 958 tiam,
1551 922 1655 949 neve
1673 908 1785 949 aliud
1807 908 1949 950 damni
1974 911 2166 969 inferant,
2193 915 2294 956 colla
2323 926 2443 959 acuto
2463 919 2637 972 gladiolo

1407 987 1450 1028 in
1468 988 1690 1030 circuitum
1712 990 2004 1045 proscindunt,
2029 993 2260 1050 vulnusque
2274 996 2418 1052 laqueo
2434 999 2638 1042 circumli-

1406 1079 1520 1124 gant,
1541 1079 1588 1112 ut
1608 1085 1694 1127 prae
1725 1072 1862 1113 ulcere
1888 1082 1927 1114 et
1956 1074 2105 1115 collum
2129 1085 2168 1116 et
2187 1087 2307 1132 eaput
2334 1080 2553 1123 immotum
2581 1092 2646 1125 te-·

1405 1161 1543 1193 neant.
1607 1154 1697 1207 (13)
1728 1154 1769 1195 Si
1798 1155 1909 1195 enim
1941 1158 2206 1210 pervicaciter
2238 1159 2505 1214 reluctentur,
2541 1163 2639 1204 sune

1404 1231 1522 1273 ulcus
1554 1233 1717 1274 teritur.
1779 1238 1914 1289 Atque
1945 1236 2000 1276 ita
2025 1236 2191 1277 tandem
2227 1240 2364 1292 quiete
2395 1255 2438 1281 se
2461 1242 2636 1294 habent,

1405 1320 1444 1352 et
1474 1313 1602 1356 victos
1631 1327 1717 1354 sese
1744 1323 2007 1368 agnoscentes
2029 1330 2079 1356 ex
2100 1317 2264 1358 vinculo
2293 1318 2345 1358 ab
2373 1319 2539 1362 domitis
2560 1322 2638 1363 du·

1404 1402 1557 1435 CUHIUI'
1563 1426 1572 1435 .

1461 1475 1580 1516 XIV.
1613 1477 1698 1528 Qui
1718 1491 1814 1517 vero
1834 1491 1977 1518 eorum
1994 1480 2224 1520 immaturae
2239 1482 2366 1522 aetatis
2386 1490 2456 1523 aut
2473 1492 2641 1539 propter

1405 1544 1555 1585 malam
1577 1546 1762 1600 corporis
1794 1548 2132 1588 constitutionem
2165 1548 2279 1603 digni
2312 1566 2398 1592 non
2419 1562 2531 1603 sunt,
2567 1556 2639 1608 qui

1362 1656 1365 1659 ,
1404 1611 1707 1666 possideantur,
1729 1627 1798 1654 eos
1817 1614 1931 1655 abire
1958 1616 2000 1655 in
2019 1615 2107 1657 loca
2126 1617 2223 1671 ipsis
2245 1627 2440 1660 consueta
2467 1623 2638 1675 permit·

1405 1687 1513 1721 tunt.
1574 1682 1637 1735 (2)
1658 1682 1823 1723 Ceteros
1842 1691 1981 1738 captos
1997 1685 2039 1724 in
2054 1699 2178 1739 pagos
2196 1685 2371 1737 ducunt,
2392 1701 2439 1728 ac
2457 1689 2638 1743 primum

1406 1761 1476 1786 eos
1498 1748 1682 1800 gramine
1700 1757 1740 1789 et
1757 1748 1958 1790 viridibus
1975 1750 2119 1790 culmis
2134 1761 2322 1806 pascunt.
2383 1754 2446 1807 (3)
2461 1755 2524 1795 Illi
2543 1770 2639 1796 vero

1406 1828 1492 1868 prae
1513 1829 1691 1855 moerore
1717 1829 1888 1870 prorsus
1909 1818 2017 1857 vesci
2049 1818 2211 1859 nolunt.
2270 1819 2365 1859 Indi
2394 1829 2530 1861 autem
2562 1823 2639 1863 cir-

1407 1890 1656 1924 cumstantes
1671 1891 1963 1938 tympanorum
1981 1899 2028 1925 ac
2050 1885 2333 1940 cymbalorum
2354 1887 2477 1941 pulsu
2497 1898 2636 1930 cantu-

1407 1965 1488 2005 que
1505 1964 1574 1991 eos
1590 1950 1874 1992 exhilarantac
1884 1950 2132 1993 demulcent.
2195 1955 2257 2007 (4)
2269 1955 2499 2009 Intelligens
2511 1957 2636 2007 enim,

1406 2021 1440 2060 si
1456 2035 1547 2075 quae
1563 2020 1641 2061 alia
1659 2020 1765 2070 fera,
1796 2029 1856 2062 est
1869 2021 2046 2076 elephas.
2105 2024 2159 2063 Et
2180 2022 2349 2078 quidem
2372 2025 2557 2065 nonnulli
2580 2041 2640 2066 re·

1407 2096 1540 2129 etores
1569 2103 1666 2129 suos
1680 2089 1724 2128 in
1745 2088 1852 2129 bello
1875 2103 1998 2130 caesos
2024 2090 2204 2131 sublatos
2226 2090 2279 2131 ad
2297 2092 2546 2147 sepulturam
2569 2093 2639 2134 de-

1405 2163 1612 2212 tulerunt;
1648 2162 1715 2202 alii
1735 2161 1915 2215 jacentes
1947 2173 2288 2218 propugnarunt3
2310 2166 2376 2205 alii
2398 2180 2474 2220 pro
2510 2182 2637 2208 sesso·-

1405 2233 1521 2274 ribus
1549 2233 1670 2288 lapsis
1699 2234 1790 2274 neci
1809 2248 1894 2275 sese
1924 2234 2188 2289 objecerunt;
2217 2235 2386 2290 quidam
2405 2251 2536 2292 quum
2564 2253 2639 2293 per

1404 2308 1509 2347 iram
1527 2315 1729 2347 rectorem
1748 2321 1870 2347 suum
1890 2307 2105 2348 occidisset
2117 2339 2128 2358 ,
2150 2310 2388 2363 poenitentia
2403 2319 2443 2350 et
2462 2325 2638 2352 moerore

1405 2393 1447 2419 se
1473 2378 1662 2418 confecit.
1725 2378 1787 2431 (5)
1810 2378 1909 2418 Vidi
1926 2393 1999 2432 ego
2015 2379 2236 2433 aliquando
2248 2380 2507 2434 elephantum
2523 2397 2635 2437 eym—

1405 2450 1546 2491 balum
1573 2449 1804 2504 pulsantem
1833 2449 1920 2490 aliis
1957 2449 2217 2500 saltantibus,
2245 2449 2408 2492 duobus
2442 2453 2636 2507 cymbalis

1404 2522 1458 2563 ad
1476 2523 1682 2563 anteriora
1704 2537 1824 2563 crura
1852 2523 2064 2577 appensis,
2091 2522 2253 2577 alioque
2279 2523 2332 2563 ad
2350 2524 2636 2578 proboscidem

1399 2584 1583 2648 alligato.
1645 2595 1707 2647 (6)
1729 2596 1821 2648 Ipse
1836 2593 2063 2633 alternatim
2082 2592 2327 2647 proboscide
2343 2594 2575 2648 cymbalum
2594 2598 2635 2638 in

1406 2682 1628 2708 numerum
1648 2666 1701 2707 ad
1723 2676 1947 2721 utrumque
1967 2681 2061 2707 crus
2091 2666 2305 2721 pulsabat;
2331 2667 2477 2723 reliqui
2505 2669 2548 2709 in
2567 2684 2636 2725 gy-

1406 2757 1502 2783 rum
1524 2743 1692 2783 choreas
1715 2741 1936 2791 ducebant,
1961 2749 2002 2782 et
2022 2741 2190 2781 sublatis
2209 2741 2407 2796 flexisque
2430 2741 2637 2797 prioribus

1406 2815 1596 2855 cruribus
1626 2815 1805 2855 vicissim
1840 2814 1883 2854 in
1924 2827 2146 2853 numerum
2180 2814 2303 2853 etiam
2334 2814 2634 2868 procedebant,

1405 2896 1531 2944 prout
1571 2889 1627 2938 si,
1676 2888 1747 2942 qui
1787 2885 2025 2941 cymhalum
2064 2885 2264 2941 pulsabat,
2307 2899 2410 2926 sono
2451 2887 2635 2941 praeibat.

1407 2962 1470 3016 (7)
1493 2961 1667 3016 Elephas
1699 2973 1890 3000 venerem
1919 2959 2074 3014 appetit
2102 2973 2228 2999 verno
2250 2967 2458 3013 tempore,
2494 2974 2637 3014 quem«

1406 3033 1631 3075 admodum
1647 3033 1723 3073 bos
1743 3040 1815 3072 aut
1833 3045 1954 3085 equa,
1975 3045 2106 3085 quum
2122 3029 2298 3070 foeminis
2313 3029 2512 3084 spiracula
2527 3044 2636 3084 quae-

1407 3107 1503 3148 dam
1511 3107 1620 3148 circa
1634 3115 1819 3160 tempora
1834 3103 2027 3158 adaperta
2040 3103 2249 3156 exspirant
2262 3116 2274 3151 ;
2292 3100 2450 3155 fertque
2460 3102 2501 3142 in
2518 3111 2636 3144 utero

1406 3180 1552 3221 foetum
1573 3179 1793 3219 minimum
1813 3190 1888 3216 xv1
1907 3188 2067 3215 menses
2082 3204 2093 3223 ‚
2111 3186 2466 3230 summum-xvnr.
2525 3176 2638 3216 Parit

1406 3260 1543 3293 autem
1562 3250 1723 3305 elephas
1742 3247 1933 3296 unicum,
1956 3246 2060 3286 sicut
2089 3258 2194 3298 equa
2219 3259 2229 3286 ι
2254 3252 2375 3298 atque
2402 3244 2514 3285 hunc
2534 3245 2636 3287 lacte

106 3405 163 3412 --
178 3395 217 3422 2.
238 3383 344 3439 θυμῷ
366 3399 442 3439 pro
461 3385 566 3441 λιμῷ
588 3389 638 3427 L.
665 3388 680 3441 (Ι
717 3413 773 3419 -
792 3392 833 3436 4.
857 3388 929 3440 ἤδη
950 3403 1034 3429 om.
1056 3391 1115 3438 A3
1148 3388 1244 3428 dein
1263 3389 1344 3435 τοῖς

110 3443 275 3498 ἀγρίοισι
294 3448 360 3487 BC
375 3463 385 3497 ;
403 3449 484 3494 τοῖς
499 3449 531 3488 τ’
547 3447 635 3502 ἀγρ.
655 3451 784 3490 LAD.
805 3451 820 3503 1(
844 3475 900 3480 -
919 3455 959 3491 6.
986 3450 1344 3506 ταλαιπωρούμενοι

109 3519 186 3558 vgo
209 3515 351 3548 contra
374 3508 509 3549 codd.·
522 3517 697 3550 nostros.
730 3511 745 3563 (1
777 3534 831 3541 —-
855 3514 920 3559 14.
948 3510 1251 3567 ἐπιστρέφοιντο,
1274 3526 1340 3552 su-

104 3580 181 3621 „pra
204 3569 355 3622 scripto
390 3584 576 3624 περιστρ,
603 3573 659 3620 Α;
677 3586 844 3626 περιστρ.
868 3581 962 3613 cett.
991 3574 1006 3626 (1
1033 3597 1090 3604 —
1115 3578 1180 3614 16.
1201 3576 1254 3614 ὢν
1271 3574 1342 3614 de-

109 3627 170 3668 dit
194 3630 382 3670 Duhner.
404 3644 453 3670 ex
470 3633 521 3681 A,
544 3632 614 3690 qui
643 3631 708 3686 μὲν
734 3634 778 3674 ἂν
806 3633 908 3688 ἀτρ.;
931 3635 1054 3673 ceteri
1080 3633 1147 3688 μὲν
1180 3633 1337 3691 ἀτρέμα.

163 3691 280 3740 XIV,
304 3693 368 3732 18.
390 3692 410 3731 ’ὂ
426 3691 472 3731 ιὰ
501 3694 775 3750 κακότητα]
801 3713 815 3733 «
834 3695 963 3736 Addit
977 3696 1123 3736 Strabo
1139 3698 1337 3748 seniores;

105 3766 259 3806 eosque
278 3755 348 3807 qui
369 3755 411 3793 in
447 3755 603 3795 stabula
629 3755 757 3806 ducti,
789 3756 963 3812 pedibus
986 3758 1163 3798 invicem
1194 3760 1340 3801 vinctis

109 3813 303 3868 collisque
331 3816 383 3856 ad
416 3816 647 3858 columnam
686 3819 816 3860 valide
853 3820 1036 3870 infixam,
1068 3819 1175 3861 fame
1204 3821 1341 3864 adhuc

106 3875 283 3926 domari,
323 3886 400 3918 etc.
448 3896 462 3916 υ
496 3880 761 3920 SCHMIEDER.
793 3881 808 3935 Ι(
831 3905 887 3912 —-
912 3882 981 3922 25.
1018 3882 1298 3938 θυμόσοφον
1322 3886 1337 3939 ]

115 3954 130 3974 «
155 3938 342 3992 Explicat
377 3939 457 3980 hoc
475 3940 622 3981 Strabo
645 3954 655 3982 :
677 3941 782 3996 φύσει
800 3941 875 3997 γὰρ
897 3943 1105 3983 διάκεινται
1133 3945 1260 3998 πράως
1277 3947 1342 3986 καὶ

109 3998 258 4054 ἡμέρως
284 4002 381 4042 ὥστε
416 3998 530 4058 ἐγγὺς
548 4001 650 4046 εἶναι
674 4003 824 4060 λογίκῷ
844 4006 948 4062 ζῴω.
972 4005 1048 4046 Vel
1069 4014 1114 4047 ut
1133 4006 1233 4048 dicit
1260 4008 1340 4049 Pli-

1410 3387 1503 3426 nius
1521 3386 1638 3433 VIII,
1679 3396 1715 3431 1,
1740 3382 1821 3420 hoe
1848 3378 1995 3419 animal
2025 3377 2263 3433 proximum
2294 3378 2484 3418 Immanis
2507 3379 2634 3421 sensi-

1410 3448 1499 3495 bus,
1514 3445 1665 3501 qnippe
1682 3442 1906 3483 intellectus
1928 3439 2012 3480 illis
2026 3437 2223 3479 sermonis
2231 3437 2370 3493 patrii
2389 3447 2428 3478 et
2449 3438 2636 3495 imperio-

1410 3524 1499 3550 rum
1519 3505 1761 3553 obedientia,
1788 3502 2090 3557 officiorumque
2104 3515 2192 3556 quae
2217 3499 2393 3541 didicere
2418 3502 2632 3552 memoria,

1408 3571 1559 3613 amoris
1575 3580 1613 3610 et
1626 3567 1767 3621 gloriae
1783 3566 1990 3622 voluptas,
2018 3565 2097 3605 imo
2113 3578 2206 3604 vero
2232 3565 2249 3617 (
2266 3578 2356 3619 quoe
2366 3572 2406 3604 et
2422 3563 2464 3604 in
2480 3564 2636 3606 homine

1409 3649 1505 3675 rara
1535 3635 1550 3686 )
1579 3629 1785 3687 probitas,
1814 3626 2055 3684 prudentia,
2087 3625 2277 3681 aequitas.
2317 3642 2334 3663 »
2372 3627 2501 3667 Imm.
2543 3628 2558 3680 (Ι
2582 3651 2636 3658 —

1414 3698 1481 3738 31.
1509 3694 1586 3749 ἐγὼ
1609 3692 1672 3733 καὶ
1713 3694 1763 3741 Α,
1786 3690 1899 3745 quod
1926 3689 2082 3730 mavult
2107 3688 2295 3729 Dfibner.
2319 3689 2334 3742 Ι(
2354 3711 2410 3718 —-
2430 3691 2498 3736 42.
2525 3687 2637 3729 ἀνα-

1410 3772 1467 3799 πν
1486 3756 1564 3796 οαὶ
1585 3757 1598 3807 ]
1630 3771 1645 3792 «
1680 3752 1826 3794 Strabo
1853 3750 1968 3793 addit
1987 3765 2071 3801 eOS,
2097 3765 2181 3791 non
2204 3750 2373 3790 feminas
2392 3748 2537 3798 solum,
2563 3750 2635 3792 sed

1410 3832 1542 3860 mares
1560 3817 1697 3865 etiam,
1718 3816 1869 3869 pingue
1889 3812 2087 3868 quiddam
2116 3813 2300 3852 emittere
2323 3824 2396 3864 per
2410 3810 2633 3863 spiramen-

1410 3891 1514 3930 tum,
1532 3877 1645 3934 quod
1661 3878 1769 3918 circa
1784 3885 1969 3930 tempora
1990 3883 2065 3915 est.
2083 3875 2237 3922 Plinius
2252 3873 2367 3920 Vm,
2389 3870 2410 3910 5
2437 3883 2447 3910 ε
2475 3871 2635 3940 IJudore

1411 3956 1613 3998 nunquam
1632 3939 1717 3981 nisi
1737 3939 1779 3980 in
1797 3938 1940 3979 abdito
1962 3945 2117 3985 coeunt,
2141 3949 2228 3975 mas
2255 3934 2536 4002 quinquennis,
2548 3933 2631 3987 soe-

1412 4005 1523 4049 mina
1538 4001 1737 4045 decennis.
1757 4001 1898 4042 luitur
1911 4008 2044 4040 autem
2062 3996 2235 4050 biennio,
2250 4009 2401 4052 qumis,
2422 3994 2628 4050 utfivwzt,

1991 835 2081 888 (12)
2111 837 2172 877 Ne
2201 853 2298 879 vero
2321 855 2494 883 sessores
2517 858 2638 886 excu-
2693 844 2697 851 ’
