2808 4342
56 198 127 259 (⁹·)

55 288 229 361 δρόμους
250 297 291 351 ἓξ
314 298 384 342 καὶ
408 297 496 357 μετ’
518 292 638 338 αὐτὸν
658 289 766 337 κατὰ
785 290 831 335 τὸ
848 290 938 345 ἑξῆς
958 292 994 334 οἱ
1013 293 1084 345 τῆς
1102 290 1286 342 Ἄζανίας

53 373 220 435 δρόμοι,
250 374 410 434 πρῶτον
450 367 522 427 μὲν
560 370 581 412 ὁ
603 365 817 425 λεγόμενος
847 364 1142 425 Σαραπίωνος,
1169 356 1241 408 εἷθ’
1265 367 1286 408 ὁ

53 448 255 502 Νίκωνος,
279 443 366 504 μεθ’
391 442 434 487 ὃν
458 439 639 500 ποταμοὶ
661 439 843 490 πλείονες
862 440 933 483 καὶ
958 439 1075 483 ἄλλοι
1103 444 1286 500 συνεχεῖς

54 522 198 584 ὅρμοι,
223 517 458 580 διῃρημένοι
479 515 588 562 κατὰ
609 515 813 575 σταθμοὺς
836 515 908 559 καὶ
928 515 1100 576 δρόμους
1125 519 1284 577 ἡμερη-

13 615 35 644 5
55 589 163 647 σίους
186 593 402 654 (πλείονας
419 591 448 654 ),
469 589 559 642 τοὺς
578 591 734 640 πάντας
758 589 879 644 ἑπτά,
904 589 1028 650 μέχρι
1048 589 1283 651 Πυραλάων

52 669 184 725 νήσων
223 667 294 712 καὶ
328 671 400 722 τῆς
435 665 657 727 λεγομένης
696 663 915 725 διώρυχος,
955 664 1024 726 ἀφ’
1055 657 1103 719 ’ἧς
1140 664 1283 726 μικρὸν

49 742 185 790 ἐπάνω
206 747 276 788 τοῦ
304 741 416 793 λιὸὸς
437 741 549 800 μετὰΥ
574 739 643 785 δύο
672 738 845 800 δρόμους
875 738 1156 801 νυχθημέρους
1186 742 1285 801 παρ’

865 190 1160 236 PERIPLUS
1196 191 1385 236 MARIS
1420 193 1626 238 ERYTH
1637 195 1770 239 RAEt.

2499 221 2586 260 269

2069 278 2076 291 0

1357 312 1443 348 sex,
1462 300 1650 341 flectente
1667 315 1740 342 ora
1758 316 1899 342 versus
1919 303 2054 357 ipsum
2069 302 2155 356 jam
2175 306 2377 350 Africum.
2399 313 2590 367 Sequitur

1358 358 1475 397 Litus
1494 372 1669 412 parvum
1693 368 1733 400 et
1747 374 1946 414 magnum
1965 361 2007 400 in
2030 361 2129 402 alios
2151 378 2297 405 cursus
2316 382 2386 408 sex
2400 400 2411 419 ,
2434 381 2472 411 ct
2500 385 2592 427 post

1356 411 1459 451 illud
1484 426 1535 452 ex
1560 413 1706 454 ordine
1729 416 1893 455 Azaniae
1925 417 2071 455 Dromi
2098 418 2183 457 sive
2204 420 2360 461 Cursus
2375 454 2384 471 ,
2413 439 2591 478 quorum

1356 467 1517 520 primus
1528 466 1681 508 dieitur
1699 470 1953 524 Sarapionis,
1971 485 2146 524 sequens
2160 473 2344 525 Niconis,
2360 489 2451 531 post
2469 496 2592 534 quem

1357 521 1474 560 fluvii
1508 523 1741 577 complures
1770 525 1940 578 aliaeque
1969 526 2138 566 navium
2162 530 2379 581 stationes,
2411 533 2594 578 diremtae

1355 575 1463 615 inter
1491 590 1534 616 se
1552 578 1809 631 singulorum
1832 579 1995 619 dierum
2015 582 2364 639 mansionibus,ac
2388 591 2591 641 cursibus,

1356 645 1539 685 quorum
1572 632 1615 671 in
1645 645 1808 674 summa
1839 642 1936 674 sunt
1971 644 2125 689 septem
2159 652 2290 692 usquc
2322 641 2374 681 ad
2406 645 2594 698 Pyralaos

1356 686 1510 726 insulas
1523 695 1647 741 atque
1659 687 1809 729 fossam
1826 703 1951 743 quam
1963 689 2128 742 dicunt;
2145 693 2196 732 ab
2211 708 2258 734 ea
2269 697 2453 749 paullum
2469 714 2594 755 supra

1357 740 1548 782 Africum
1581 751 1675 797 post
1700 742 1882 784 duarum
1918 744 2082 786 dierum
2127 750 2396 806 noctiumque
2424 769 2593 798 cursum

71 852 2583 875 Q

50 920 147 960 land
162 918 210 960 os
222 917 417 967 Somauli,
432 931 456 957 a
470 915 614 971 people
630 915 723 954 who
741 915 844 954 have
859 928 985 954 never
1000 922 1067 969 yet
1079 914 1183 954 been
1203 914 1285 955 col-

50 981 180 1022 lected
206 979 340 1020 under
366 993 445 1019 one
481 986 765 1032 government‚
791 977 874 1017 and
911 977 1052 1018 whose
1083 976 1209 1016 limits
1244 976 1291 1017 of

50 1043 279 1098 subjection
310 1057 378 1082 are
416 1041 512 1095 only
542 1041 686 1081 within
720 1040 954 1080 bow-shoot
989 1039 1038 1079 of
1058 1039 1287 1080 individual

51 1106 192 1148 chiefs.
222 1126 238 1142 a
271 1105 389 1146 Idem
411 1119 453 1159 p.
474 1103 552 1144 356
580 1116 589 1143 t
626 1122 642 1137 ιι
660 1103 720 1142 Te
742 1110 854 1142 coast
873 1101 921 1142 of
937 1100 1078 1142 Africa
1093 1100 1200 1142 from
1217 1101 1286 1142 the

50 1169 139 1209 Red
167 1183 235 1208 sea
266 1176 309 1207 to
343 1167 412 1207 the
434 1167 543 1206 river
573 1165 680 1205 Juba
709 1165 743 1204 is
773 1163 984 1204 inhabited
1015 1163 1068 1218 by
1090 1164 1158 1204 the
1181 1164 1286 1204 tribe

50 1231 178 1272 called
189 1230 386 1270 Somauli.
397 1229 486 1268 The
495 1242 563 1267 are
578 1242 601 1267 a
616 1226 716 1267 mild
731 1226 875 1281 people
891 1225 939 1266 of
947 1226 1123 1280 pastoral
1135 1225 1283 1276 habits,

51 1293 134 1333 and
150 1291 341 1332 confined
357 1290 521 1344 intirely
536 1298 580 1330 to
596 1290 664 1329 the
683 1297 820 1338 coast3
839 1289 907 1328 the
923 1288 1056 1327 whole
1075 1287 1123 1328 of
1136 1288 1204 1327 the
1223 1289 1286 1328 in·

51 1356 179 1395 terior
196 1355 319 1407 being
338 1351 538 1407 occupied
557 1351 612 1405 by
634 1365 688 1390 an
707 1349 965 1390 untameable
983 1349 1088 1389 tribe
1107 1348 1155 1389 of
1176 1363 1288 1390 sava-

51 1431 119 1469 ges
141 1415 268 1456 called
288 1414 415 1455 Galla.
443 1433 460 1449 1»
483 1413 574 1466 11-
593 1426 629 1452 1.
649 1413 693 1452 οἱ
721 1415 777 1464 τῆ
793 1429 808 1460 ς
828 1411 903 1459 ’Ac
918 1427 967 1452 αν
985 1412 1058 1459 ίας
1080 1412 1284 1467 δρόμοι]

51 1478 207 1518 Eadem
226 1476 350 1530 hujus
369 1483 522 1516 tractus
544 1474 827 1516 denominatio
850 1476 1030 1515 occurrit
1049 1474 1162 1530 apud
1175 1477 1287 1515 Mar-

51 1542 215 1582 cianum
239 1554 283 1594 p.
309 1552 376 1578 21.
408 1551 417 1578 z
440 1537 485 1578 ‘cb
505 1538 742 1591 Βαρῧαρικον
766 1538 1006 1592 καλούμενον
1030 1537 1223 1592 πέλαγος,
1248 1537 1286 1578 ἐν

52 1600 85 1658 ᾧ
107 1602 247 1643 κόλποι
265 1617 306 1642 τε
331 1600 483 1647 πλείους
512 1599 585 1639 εἶσὶ
605 1599 670 1639 καὶ
692 1600 741 1638 οἱ
764 1600 784 1638 δ
798 1601 847 1654 ρό
860 1615 941 1653 μοι
962 1603 1030 1650 τῆς
1051 1599 1290 1654 καλουμένης

55 1663 234 1712 Ἀζανίας.
260 1663 353 1704 Noli
383 1663 508 1716 igitur
538 1670 683 1716 putare
710 1676 786 1716 pro
820 1662 957 1716 δρόμοι
990 1676 1057 1715 ap.
1089 1664 1288 1702 Nostrum

52 1728 174 1768 scrib.
201 1742 287 1767 esse
309 1728 437 1782 ὅρμοι.
474 1725 619 1779 Δρόμοι
640 1739 738 1764 voce
765 1732 910 1764 auctor
934 1724 1112 1763 breviter
1134 1723 1289 1764 indicat

52 1804 157 1844 quos
193 1789 331 1844 paullo
371 1796 464 1843 post
492 1787 725 1826 distinctius
763 1785 863 1826 dicit
894 1787 1032 1841 ὅρμους
1069 1785 1166 1825 κατὰ
1203 1787 1291 1826 στά-

55 1851 171 1905 θμους
186 1850 251 1890 καὶ
267 1850 429 1904 δρόμους
445 1847 674 1903 ἡμερησίους
689 1848 798 1903 διῃρη
806 1849 953 1902 μένους.
968 1848 1131 1889 Primus
1141 1862 1289 1888 eorum

52 1912 370 1967 Σαραπίωνος
401 1911 491 1964 (sic
527 1909 680 1960 codex;
726 1910 967 1964 Σεραπίωνος
1004 1908 1156 1962 editt.)
1200 1924 1286 1949 me-

53 1983 239 2015 moratur
271 1975 394 2014 etiam
426 1988 493 2028 ap.
526 1973 794 2014 Ptolemaeum
830 1974 906 2023 IV,
939 1987 980 2026 7,
1011 1971 1083 2011 ubi
1120 1984 1129 2011 ε
1166 1971 1290 2026 Σαρα-

53 2038 193 2086 πίωνος
216 2039 332 2093 ὅρμος
365 2037 444 2077 καὶ
473 2036 645 2091 ἄκρον.
688 2035 753 2076 Ad
777 2036 902 2075 situm
925 2036 1003 2076 loci
1036 2035 1290 2075 constituen-

54 2099 155 2145 dum
177 2098 494 2155 progrediamur
513 2114 536 2139 a
554 2098 734 2153 Pyralais
762 2098 919 2147 insulis,
945 2112 1036 2152 quae
1051 2096 1175 2137 hodie
1194 2107 1292 2138 sunt

53 2163 214 2203 Mandu
243 2171 284 2203 et
317 2167 471 2204 Lamon
493 2162 650 2201 insulae.
674 2160 835 2212 Quodsi
856 2160 952 2200 hinc
974 2168 1085 2199 retro
1108 2160 1291 2199 metiaris

55 2227 201 2283 septies
210 2226 432 2280 quingenta
445 2224 590 2273 stadia,
601 2223 866 2277 pervenimus
877 2221 927 2261 ad
938 2223 1287 2276 promontorium,

55 2288 168 2342 quod
194 2302 325 2328 unum
349 2288 392 2326 in
421 2287 501 2326 hoc
517 2294 651 2325 tractu
670 2284 848 2324 notabile
880 2285 951 2336 (1⁰
982 2282 1050 2331 [ω’
1068 2283 1136 2322 lat.
1166 2283 1288 2339 bor.)

56 2352 250 2398 occurrit,
275 2364 360 2388 non
378 2349 498 2401 longe
515 2363 539 2387 a
558 2348 655 2387 locis
678 2347 847 2395 Morka,
875 2345 1005 2402 Tillip
1024 2353 1063 2386 et
1093 2346 1286 2400 Horealy.

56 2412 145 2452 Hoc
159 2411 284 2464 igitur
302 2409 635 2465 promontorium
651 2407 774 2449 fuerit
796 2409 1042 2462 Sarapionis
1062 2408 1222 2459 Quodsi
1238 2409 1289 2448 ab

56 2475 201 2527 Opone
225 2472 439 2512 meridiem
471 2486 610 2511 versus
638 2470 857 2510 duodecim
887 2470 1039 2524 δρόμων
1070 2470 1290 2523 longitudi-

56 2550 150 2574 nem
167 2536 346 2574 metiaris
364 2548 492 2587 usque
514 2532 565 2572 ad
581 2533 804 2572 terminum
821 2536 896 2572 τῶν
913 2531 1172 2586 Αἰγιαλῶν,ἰη
1190 2547 1289 2572 eun-

56 2595 151 2635 dem
170 2595 306 2634 locum
322 2594 491 2634 incides.
511 2596 619 2634 Hinc
637 2594 805 2633 boream
823 2608 962 2632 versus
979 2607 1090 2633 nunc
1106 2593 1215 2633 nulla
1229 2603 1290 2634 est

56 2658 169 2706 urbs,
194 2657 328 2697 nullus
344 2658 471 2705 vicus,
490 2665 638 2710 praeter
661 2655 914 2707 Megadaslm
939 2656 1023 2695 sive
1042 2655 1291 2696 Mtclcdeeslza

56 2720 216 2772 (Owen
234 2721 249 2772 )
273 2720 357 2758 sive
378 2718 619 2770 Magadaxo
637 2718 783 2758 urbem
819 2719 896 2770 (2⁰
924 2717 961 2756 1'
981 2716 1033 2757 8''
1055 2717 1161 2770 lat.),
1200 2733 1291 2772 quae

56 2791 200 2822 octavo
216 2781 384 2821 demum
407 2789 500 2835 post
523 2782 622 2821 Chr.
647 2780 796 2820 saeeulo
824 2779 875 2819 ab
895 2779 1102 2820 Arabibus
1125 2780 1292 2821 condita

58 2853 117 2885 est
148 2845 325 2897 (Owen.
352 2859 395 2899 p.
424 2843 550 2899 356).
576 2843 759 2884 Eandem
794 2842 1058 2882 solitudinem
1087 2847 1162 2882 τῶν
1185 2841 1291 2884 Ἀπο-

59 2906 186 2948 κόπων
199 2916 239 2947 et
253 2911 328 2947 τῶν
346 2906 540 2961 Αἰγιαλῶν
557 2907 701 2960 priscis
718 2919 883 2959 quoque
899 2904 1155 2959 temporibus
1171 2904 1293 2945 fuisse

56 2984 81 3010 e
99 2970 261 3025 Periplo
286 2978 427 3009 nostro
450 2969 694 3022 colligimus
714 2970 907 3008 Ceterum
923 2968 1166 3008 Ptolemaeus
1187 2969 1294 3008 inter

58 3033 258 3086 AEgialum
290 3047 486 3086 magnum
519 3041 559 3072 et
596 3032 831 3086 Serapionis
864 3039 1030 3085 portum
1070 3031 1295 3085 interponit

60 3095 196 3135 sinum
231 3095 453 3149 quendam,
492 3095 534 3134 in
569 3108 652 3148 quo
687 3094 832 3134 Essina
868 3093 1118 3147 emporium,
1153 3107 1177 3133 a
1212 3093 1294 3133 fine

64 3156 201 3209 AEgiali
220 3157 475 3210 navigatione
489 3156 651 3196 dierum
666 3164 876 3210 quattuor,
894 3170 917 3195 a
928 3155 1159 3209 Sarapionis
1170 3164 1294 3209 portu

63 3219 184 3257 unius
217 3218 298 3258 diei
329 3234 453 3259 cursu
483 3219 687 3259 dissitum.
723 3220 854 3258 Totus
877 3218 945 3258 hic
977 3226 1130 3258 tractus
1156 3219 1293 3258 nescio

63 3293 145 3332 qua
161 3280 399 3320 confusione
414 3281 516 3321 male
532 3283 714 3321 intrusus
733 3290 807 3320 est.
825 3280 1070 3334 Errorisque
1092 3278 1294 3320 indicium

63 3340 218 3394 praebet
236 3342 531 3393 Agathemerus
560 3357 603 3397 p.
635 3344 711 3396 371
734 3342 800 3382 ed.
825 3341 1002 3391 Hoffm„
1032 3342 1104 3382 ubi
1128 3355 1137 3382 ε
1160 3342 1236 3393 Τῆς
1256 3341 1296 3381 δὲ

64 3401 251 3455 Βραχείας
267 3402 489 3455 θαλάσσης..
513 3404 587 3444 ἀπὸ
615 3403 770 3444 Ἑσινοῑὶ
800 3403 980 3458 ἐμπορίου
1000 3407 1066 3455 τῆς
1084 3404 1294 3458 Βαρῧαρίας

62 3464 89 3514 ἢ
107 3468 181 3503 τῶν
206 3461 377 3504 Ῥαπτῶν
394 3470 459 3517 τῆς
479 3467 749 3520 μητροπόλεως
765 3467 870 3516 κτλ.,
888 3467 991 3506 adeo
1007 3476 1052 3506 ut
1067 3468 1192 3506 Esina
1207 3466 1295 3506 fue-

65 3526 119 3566 rit
143 3524 194 3565 ad
212 3525 373 3566 initium
394 3530 518 3568 maris
539 3530 680 3568 Brevis
703 3531 842 3578 situm,
866 3529 1098 3582 emporium
1114 3529 1296 3584 Rhapto-

67 3603 159 3627 rum
193 3589 442 3642 metropolis*
460 3589 782 3631 mediterraneae.
803 3592 901 3630 Haec
925 3591 1086 3630 admitti
1108 3601 1294 3645 possunt,

66 3665 151 3689 non
169 3651 265 3689 item
283 3665 373 3703 quae
391 3651 544 3704 praebet
565 3652 820 3692 Ptolemaeus.
845 3652 1068 3692 Ponendus
1084 3653 1207 3705 igitur
1226 3655 1299 3694 iste

64 3711 254 3764 quinque
284 3711 447 3751 dierum
469 3714 582 3752 sinus
612 3714 668 3753 ita
697 3722 799 3762 erat,
832 3716 940 3754 utin
964 3714 1172 3768 Rhaptum
1201 3729 1299 3769 pro-

67 3774 325 3813 montorium
352 3773 569 3814 desineret.
601 3776 696 3826 Quo
731 3775 837 3815 sacto
859 3775 1103 3816 Ptolemaeus
1131 3791 1155 3817 a
1187 3778 1301 3819 Sara-

67 3836 191 3890 pione
206 3835 258 3876 ad
274 3836 479 3891 Rhaptum
505 3846 647 3877 nactus
665 3848 769 3878 esset
790 3835 981 3879 undecim
1005 3838 1167 3880 dierum
1186 3842 1300 3881 navi-

64 3899 290 3950 gationem,
310 3914 400 3952 quae
418 3899 470 3939 ad
489 3900 685 3940 tredecim
700 3900 786 3940 dies
802 3902 844 3941 in
861 3901 1021 3956 Periplo
1042 3912 1305 3958 computatos

70 3972 201 4014 prope
234 3960 488 4002 accederent.
511 3963 594 4014 Qui
629 3977 741 4002 nunc
774 3972 871 4003 sunt
896 3963 1006 4018 apud
1035 3965 1300 4006 Ptolemaeum

70 4020 157 4062 dies
190 4037 258 4063 sex
286 4038 308 4064 a
326 4025 546 4079 Serapione
568 4023 620 4065 ad
639 4025 863 4081 Rhaptum,
895 4034 982 4066 tum
1006 4027 1302 4078 responderent

1357 915 1513 970 δρόμοις
1535 925 1689 971 septem
1715 918 1894 968 Azaniae,
1919 917 1971 958 de
1993 921 2142 974 quibus
2165 937 2239 962 nos
2257 922 2343 976 jam
2362 926 2535 978 agimus,
2571 930 2586 983 ΙΙ

1353 1002 1410 1008 —
1430 991 1471 1019 2.
1501 977 1643 1019 et0’6
1670 979 1927 1036 Νίκωνος]
1954 983 2050 1022 Haee
2082 986 2202 1025 statio
2231 987 2448 1028 Ptolemaeo
2465 991 2541 1039 IV,
2568 1005 2592 1044 7

1357 1048 1527 1080 vocatur
1544 1041 1685 1093 Τονίκη
1707 1042 1890 1095 (Τωνίκη
1914 1057 1999 1084 var.
2021 1044 2112 1086 leet.
2133 1045 2145 1100 )
2173 1046 2352 1101 ἐμπόριον
2368 1080 2379 1098 ,
2404 1050 2518 1104 quod
2542 1067 2593 1092 ne

1356 1111 1501 1142 contra
1519 1111 1701 1143 mentem
1723 1104 1932 1144 Ptolemaei
1958 1114 2090 1146 mutes
2119 1108 2162 1147 in
2185 1108 2229 1149 τὸ
2259 1109 2357 1162 Νίκη
2383 1109 2491 1166 {pu-a,
2515 1114 2591 1154 im·

1356 1163 1471 1218 pedit
1489 1164 1590 1204 alius
1606 1163 1793 1218 ejusdem
1819 1166 1932 1207 locus
1954 1169 1989 1217 I,
2018 1182 2082 1222 17,
2107 1169 2179 1209 ubi
2207 1183 2215 1210 :
2243 1169 2425 1226 ἐμπόριον
2445 1174 2490 1214 τὸ
2519 1190 2587 1215 κα-

1356 1223 1546 1280 λούμενον
1580 1226 1725 1267 Τονίκι.
1764 1228 1814 1267 In
1843 1229 2005 1283 Periplo
2043 1244 2119 1284 pro
2152 1231 2324 1280 Νίκωνος
2355 1235 2594 1277 Grashofius

1360 1286 1434 1343 (in
1459 1288 1633 1329 Ptolem.
1659 1289 1866 1343 Wilbergi
1891 1305 1933 1345 p.
1972 1293 2055 1344 60)
2078 1293 2342 1334 scribendum
2367 1298 2596 1351 suspicatur

1357 1348 1548 1400 Νέκωνος,
1580 1370 1597 1385 ιι
1623 1358 1670 1390 ut
1697 1366 1850 1392 nomen
1880 1367 2001 1392 suum
2032 1353 2145 1393 locus
2165 1355 2229 1395 ille
2251 1359 2451 1411 acceperit
2471 1373 2495 1399 a
2514 1361 2595 1400 Ne-

1358 1412 1490 1452 chone
1507 1428 1616 1467 rege,
1642 1413 1758 1468 cujus
1781 1415 1916 1455 classis
1934 1430 1981 1456 ea
2009 1430 2175 1471 quoque
2194 1417 2284 1458 loca
2305 1420 2484 1473 attigisse
2509 1435 2596 1462 cre-

1357 1473 1493 1514 denda
1515 1484 1589 1516 est.
1626 1495 1642 1511 »
1678 1476 1806 1528 Quod
1834 1492 1956 1518 nemo
1979 1478 2226 1530 crediderit3
2263 1495 2397 1535 neque
2419 1481 2524 1523 soret
2547 1498 2596 1524 eo

1358 1536 1680 1590 confugiendum
1695 1570 1706 1588 ,
1730 1540 1763 1578 si
1783 1540 1875 1593 quis
1893 1541 2181 1595 AEgyptiorum
2204 1543 2261 1582 ibi
2278 1558 2382 1598 opus
2410 1559 2596 1599 quaeren-

1357 1598 1459 1638 dum
1476 1600 1739 1654 opinaretur3
1760 1616 1856 1641 nam
1877 1610 1922 1641 ut
1937 1603 2171 1657 Sarapionis
2189 1618 2341 1645 nomen
2362 1606 2403 1645 in
2419 1607 2595 1662 AEgypto

1358 1659 1548 1715 frequens
1563 1694 1573 1711 ‚
1596 1665 1654 1703 sie
1669 1665 1790 1703 etiam
1805 1666 1982 1704 Nicones
2002 1679 2098 1705 suos
2114 1666 2266 1707 habent
2280 1667 2595 1711 Ptolemaeorum

1358 1730 1560 1777 tempora,
1573 1733 1620 1764 ut
1634 1726 1747 1765 illum
1764 1729 1835 1780 qui
1844 1726 1920 1766 sub
1932 1727 2151 1768 Ptolemaeo
2164 1730 2379 1784 Epiphane
2392 1732 2505 1782 vixit,
2521 1747 2587 1787 ap.

1357 1784 1502 1838 Polyb.
1526 1786 1623 1835 XV,
1651 1787 1718 1836 33,
1739 1802 1762 1840 7
1782 1797 1823 1827 et
1838 1787 2013 1828 Diodor.
2033 1791 2135 1829 Exc.
2156 1791 2302 1830 Escur.
2324 1792 2367 1830 in
2391 1793 2460 1832 Fr.
2485 1794 2590 1834 Hist.

1358 1854 1389 1885 t.
1408 1847 1464 1895 II,
1484 1860 1527 1900 p.
1555 1848 1622 1888 30.
1655 1851 1711 1888 At
1730 1848 1860 1888 multo
1874 1849 2128 1903 probabilius
2148 1858 2209 1890 est
2224 1851 2300 1891 ista
2315 1853 2597 1906 emporiorum

1359 1910 1528 1949 nomina
1543 1924 1593 1949 ex
1613 1909 1817 1964 indigenis
1839 1911 1882 1950 in
1899 1926 2028 1965 graeca
2049 1926 2134 1952 esse
2150 1912 2325 1963 detorta,
2350 1914 2470 1954 sicuti
2493 1929 2533 1956 v.
2556 1931 2593 1958 c.

1359 1972 1615 2012 Dioscoridis
1645 1973 1821 2013 insulam
1847 1982 1888 2013 et
1909 1974 2080 2014 Zenobii
2103 1975 2254 2015 insulas
2286 1990 2338 2016 ex
2359 1977 2596 2018 nominibus

1359 2035 1532 2075 arabicis
1568 2037 1701 2076 Graeei
1733 2037 1810 2076 sibi
1839 2037 2106 2078 excuderant.
2142 2039 2247 2078 Nam
2281 2039 2595 2080 Ptolemaeorum

1361 2105 1476 2137 aetate
1498 2098 1538 2137 in
1572 2099 1727 2139 Azania
1757 2100 1942 2154 emporia
1964 2098 2132 2140 condita
2156 2114 2242 2139 esse
2264 2101 2369 2141 nihil
2396 2110 2456 2141 est
2484 2101 2596 2156 quod

1361 2159 1532 2199 suadere
1566 2163 1716 2214 possit3
1751 2162 1903 2215 Peripli
1930 2170 2067 2201 autem
2097 2163 2350 2216 temporibus
2380 2172 2419 2203 et
2455 2173 2594 2218 postea

1359 2236 1482 2260 omne
1498 2221 1620 2275 hujus
1635 2224 1812 2275 regionis
1828 2224 2123 2263 commerc1um
2139 2232 2227 2264 erat
2242 2239 2366 2279 penes
2379 2226 2593 2266 Muzenses
2639 2251 2644 2256 ·

1359 2284 1530 2331 Arabes,
1554 2285 1704 2337 quibus
1723 2286 1907 2339 emporia
1932 2287 2007 2325 ista
2038 2300 2061 2325 a
2076 2286 2313 2326 Sabaeorum
2338 2301 2432 2340 rege
2463 2288 2591 2328 eloca-

1357 2344 1524 2385 bantur.
1551 2348 1654 2398 Quae
1683 2345 1734 2386 de
1764 2347 1812 2386 iis
1835 2346 1959 2386 tradit
1980 2355 2126 2387 auctor
2155 2356 2308 2396 noster,
2330 2362 2380 2387 ex
2408 2348 2593 2388 Arabicis

1358 2409 1657 2447 mercatoribus
1678 2409 1847 2462 accepit.
1869 2410 2010 2462 Itaque
2030 2408 2169 2458 Τονίκη
2188 2408 2250 2447 vel
2268 2409 2397 2448 Τονίκι
2413 2423 2565 2449 nomen
2579 2441 2591 2460 ,

1357 2471 1419 2513 uti
1450 2471 1576 2523 magis
1602 2479 1662 2510 est
1697 2470 1937 2520 barbarum,
1962 2471 2019 2510 sic
2042 2485 2064 2510 a
2083 2471 2262 2522 genuino
2281 2470 2385 2510 absit
2407 2472 2591 2526 propius.

1363 2535 1396 2572 A
1414 2533 1635 2586 Sarapione
1649 2533 1805 2573 Tonice
1825 2547 1905 2572 sec.
1930 2532 2037 2573 Ptol.
2058 2531 2216 2572 tabulas
2243 2531 2366 2572 distat
2385 2531 2465 2583 45¹,
2493 2533 2595 2574 adeo

1359 2602 1405 2633 ut
1433 2594 1769 2648 componendum
1789 2594 1873 2634 fere
1898 2595 1950 2634 sit
1975 2609 2071 2634 cum
2100 2593 2202 2633 hod.
2241 2597 2362 2633 Torre
2380 2595 2421 2633 in
2445 2609 2593 2650 mappa

1359 2657 1535 2697 Owenii.
1567 2657 1582 2710 ss
1605 2680 1662 2687 —
1680 2656 1719 2697 5.
1743 2656 2004 2711 πλείονας]
2032 2670 2136 2705 vox,
2163 2669 2244 2708 qua
2278 2655 2420 2694 melius
2441 2669 2592 2705 careas,

1360 2734 1382 2759 e
1414 2718 1520 2759 male
1559 2719 1733 2774 repetito
1781 2718 1956 2765 πλείονες
1991 2726 2082 2758 orta
2113 2717 2291 2757 videtur.
2321 2717 2336 2771 ss
2362 2741 2420 2748 ——
2446 2718 2597 2772 Πυρα-

1360 2781 1491 2821 λάων
1524 2795 1560 2821 ν.
1591 2781 1671 2821 καὶ
1697 2781 1839 2832 τῆςλ.
1875 2781 2147 2835 διώρυγος]
2174 2781 2255 2820 Pro
2278 2778 2438 2830 καὶτῆς
2470 2779 2599 2820 codex

1361 2844 1515 2896 καίνης;
1544 2858 1627 2885 em.
1646 2844 1858 2884 Fabricius
1880 2852 1920 2883 et
1935 2841 2231 2884 Schwanbeck.
2249 2841 2428 2897 Pyralaae
2442 2841 2597 2894 insulae,

1361 2907 1527 2947 nonnisi
1557 2921 1579 2946 e
1612 2906 1776 2961 Periplo
1809 2914 1951 2946 nostro
1987 2914 2117 2956 notae,
2152 2904 2278 2945 hodie
2314 2914 2412 2946 sunt
2459 2907 2600 2947 insulae

1361 2968 1523 3010 Munda
1551 2977 1591 3008 et
1623 2972 1794 3018 Lamou,
1831 2982 1922 3022 quae
1956 2968 2064 3008 inter
2096 2981 2341 3020 magnorum
2380 2968 2601 3008 fluviorum

1363 3032 1467 3071 ostia
1485 3031 1584 3080 sitae,
1610 3039 1782 3084 angusto
1805 3039 1958 3080 meatu,
1981 3044 2105 3084 quem
2128 3030 2295 3084 διώρυγα
2318 3030 2465 3069 Noster
2483 3030 2597 3080 dicit,

1363 3109 1388 3135 a
1408 3095 1644 3135 continente
1660 3103 1700 3134 et
1722 3109 1746 3134 a
1765 3108 1807 3133 se
1829 3094 2006 3133 invicem
2022 3100 2274 3147 separantur.
2295 3092 2523 3131 Vincentus
2541 3094 2596 3142 II,

1363 3172 1406 3212 p.
1442 3161 1518 3211 167
1540 3157 1706 3211 proprie
1729 3155 1923 3196 dicendas
1946 3155 2075 3194 fuisse
2101 3155 2293 3208 opinatur
2312 3153 2518 3206 Πυραλίας,
2545 3153 2599 3193 is-

1365 3219 1485 3259 lands
1504 3219 1558 3271 os
1569 3219 1632 3258 the
1641 3219 1748 3272 fied·
1770 3232 1905 3265 ocean,
1929 3231 2058 3270 quum
2081 3216 2157 3255 sub
2186 3223 2391 3269 aequatore
2412 3214 2493 3254 fere
2514 3216 2599 3255 sitae

1364 3283 1461 3321 sint.
1498 3284 1601 3333 Quae
1624 3280 1675 3319 de
1711 3279 1839 3319 canali
1862 3279 2007 3333 peripli
2041 3278 2271 3317 Vincentus
2304 3276 2442 3330 habet,
2480 3277 2599 3317 sicuti

1364 3345 1442 3385 alia
1458 3344 1585 3383 multa
1601 3342 1783 3396 ejusdem
1807 3342 1884 3381 viri
1901 3340 2200 3393 diligentissimi
2216 3338 2287 3378 sed
2311 3337 2600 3394 ἀκριτικωτέρου

1365 3407 1417 3446 de
1433 3405 1633 3446 industria
1649 3405 1809 3444 omitto.
1829 3404 1918 3457 11——
1934 3407 1973 3443 6.
1995 3417 2071 3457 μικ
2085 3401 2163 3456 ρὸν
2189 3399 2347 3442 ἐπάνω
2366 3416 2401 3441 τ.
2430 3401 2456 3440 λ
2472 3401 2598 3456 ιῧὸς]

1366 3472 1416 3510 In
1429 3467 1761 3510 antecedentibus
1774 3480 1846 3506 ora
1855 3466 2061 3506 maritima
2072 3463 2383 3514 extendebatur,
2398 3471 2444 3503 ut
2454 3464 2602 3505 Noster

1368 3531 1536 3586 quidem
1556 3530 1668 3579 dicit,
1693 3529 1780 3583 παρ’
1800 3527 1914 3568 αὐτὸν
1936 3527 2002 3568 τὸν
2021 3527 2127 3567 mea.
2149 3525 2253 3566 Inde
2274 3534 2410 3566 autem
2430 3540 2454 3566 a
2477 3528 2599 3580 Pyra-

1368 3595 1441 3634 lais
1464 3593 1603 3633 insulis
1633 3605 1762 3645 usque
1790 3590 1843 3630 ad
1869 3589 2065 3643 angulum
2096 3589 2226 3638 sinus,
2258 3588 2325 3627 cui
2358 3587 2604 3638 thnguebar

1374 3656 1386 3712 (
1403 3656 1635 3696 Menuthias
1655 3656 1669 3706 )
1691 3655 1767 3693 ins.
1790 3651 1962 3706 objacet,
1985 3665 2067 3690 orae
2082 3649 2255 3690 directio
2270 3648 2449 3690 deflectit
2463 3663 2601 3689 versus

1372 3718 1603 3758 meridiem.
1643 3717 1760 3755 Hanc
1802 3715 1927 3768 igitur
1960 3714 2232 3753 mutationem
2268 3720 2411 3751 auctor
2450 3710 2602 3751 indicat

1372 3781 1505 3820 verbis
1531 3777 1662 3833 μικρὸν
1688 3776 1815 3817 ἐπάνω
1847 3778 1915 3816 τοῦ
1937 3775 2060 3825 λιὸὸς,
2084 3775 2113 3815 i.
2138 3789 2175 3814 e.
2202 3788 2275 3814 ora
2296 3788 2319 3813 a
2338 3773 2418 3812 libe
2446 3771 2600 3825 paullu-

1372 3843 1458 3883 lum
1484 3854 1621 3880 versus
1644 3848 1788 3879 notum
1812 3837 2067 3878 deflectente.
2094 3838 2285 3877 Ceterum
2308 3834 2429 3874 verba
2451 3833 2599 3887 Peripli

1372 3905 1547 3945 insolens
1566 3901 1762 3956 quiddam
1783 3900 1951 3948 habent,
1970 3907 2015 3939 ut
2030 3899 2106 3938 nisi
2125 3895 2288 3937 aliunde
2305 3894 2445 3948 adjuto
2460 3907 2600 3933 sensus

1373 3982 1455 4007 non
1480 3972 1628 4020 pateat.
1650 3965 1736 4003 Nec
1758 3963 1984 4015 refragarer
2006 3962 2037 4000 si
2060 3967 2287 3999 truncatam
2312 3956 2488 3996 auctoris
2507 3969 2599 3994 ora·

1374 4030 1526 4069 tionem
1547 4035 1726 4082 putares.
1752 4025 1954 4065 Disertius
1973 4022 2139 4061 dixisset
2152 4018 2293 4074 ,μικρὸν
2319 4016 2379 4059 ἐπὶ
2394 4017 2505 4058 νότον
2526 4015 2602 4057 ἀπὸ
