2782 4348
142 195 232 237 1⁴⁴
527 215 573 259 0

13 300 128 340 Pbot.
140 289 356 356 ἐγχωρίοις
374 289 591 352 λεγόμενοι
623 286 879 349 Κυνηγέται.
947 278 1078 334 Οὗτοι
1098 285 1168 332 διὰ
1195 284 1270 343 τὴν
1291 289 1374 334 νῦν

139 360 292 424 θηρίων
309 358 459 423 φορὰν,
483 358 537 415 ἢν
558 361 582 404 ὃ
599 357 721 410 τόπος
750 357 928 403 ἀπλετον
957 355 1096 418 φέριι,
1117 355 1161 400 δν
1178 361 1264 408 τοῖς
1286 355 1375 403 δέν·

140 431 255 493 δρεσι
293 431 511 486 σκηνοῦσιν
543 426 586 480 ἐξ
617 425 782 488 ἐνέδρας
812 423 856 470 δὲ
886 421 1124 486 ἀγρεύοντες
1163 423 1218 470 τὰ
1253 424 1377 488 θηρία

139 498 293 562 τροφὴν
328 497 487 548 ἑαυτοῖς
514 499 647 541 ταῦτα
687 497 919 540 ποιοῦνται.
945 500 947 502 ’
986 491 1084 540 Εἰσὶ
1115 492 1190 540 καὶ
1221 493 1378 549 τοξείας

94 578 116 607 ε
138 565 425 625 ἐπιστήμονες.
494 561 630 609 'Euam
650 559 694 606 δὲ
713 559 840 623 θήρας
862 560 1069 621 ἀπορῶσι,
1092 564 1179 615 τοῖς
1197 561 1376 627 δέρμασι

138 638 221 682 τῶν
243 629 614 697 προτεθηραμένων
640 628 717 686 τὴν
744 628 902 676 ἔνδειαν
929 631 1242 693 ἀναπληροῦσι,
1278 631 1375 696 βρί-

142 709 280 763 ξαντες
301 705 373 756 τὰς
407 703 562 765 βύρσας
593 702 666 748 καὶ
694 702 763 748 ἐπ’
786 703 1011 765 ἀνθρακιὰν
1042 703 1201 768 κούφην
1225 704 1377 752 3²:16«-

138 776 297 829 λόντες,
320 766 412 818 εἶτα
431 770 699 824 σποδίσαντες
715 770 789 818 καὶ
806 772 863 824 εἷς
883 771 1081 835 διαίρεσιν
1100 773 1340 835 ἀγαγόντες.

198 861 256 892 sa.
292 842 394 890 “On
417 840 524 903 μετὰ
546 840 641 894 τοὺς
676 841 936 904 εἰρημένους,
959 841 1068 889 πολὺ
1092 842 1248 889 τούτων
1277 845 1378 907 ἀφει-

11 986 123 1028 Diod.
135 974 382 1035 καλούμενοι
410 977 527 1030 Κυνη
556 973 615 1031 οὶ,
650 972 881 1036 σύμμετροι
904 971 978 1032 μὲν
1004 972 1114 1020 κατὰ
1135 972 1184 1020 τὸ
1201 976 1380 1032 πλῆθος,

139 1039 228 1103 βίον
265 1038 300 1084 δ’
332 1039 481 1084 οἰκεῖον
538 1054 680 1099 ιοντες
713 1039 766 1098 τῇ
794 1034 1072 1099 προσηγορία.
1140 1037 1382 1100 Θηριώδους

135 1109 215 1173 γὰρ
252 1107 375 1166 οὔσης
410 1111 484 1164 τῆς
517 1106 659 1171 χώρας
692 1107 764 1154 καὶ
798 1108 1010 1159 παντελῶς
1038 1108 1220 1169 λυπρᾶς,
1252 1108 1313 1154 ἔτι
1337 1106 1382 1154 δὲ

137 1180 298 1226 ὓδᾶτων
325 1177 459 1241 ῥύσεις
478 1176 738 1238 ναματιαίων
758 1175 934 1240 ἐχούσης
950 1176 1117 1239 ὀλίγας,
1139 1177 1383 1224 καθεύδουσι

137 1248 212 1311 μὲν
231 1248 299 1295 ἐπὶ
326 1250 408 1294 τῶν
442 1246 620 1310 δένδρων
653 1245 722 1293 διὰ
745 1246 815 1292 τὸν
850 1246 932 1292 ἀπὸ
961 1249 1043 1293 τῶν
1067 1246 1220 1311 Θηρίων
1240 1246 1380 1311 φόὸον,

70 1343 109 1374 15
137 1318 217 1364 ὑπὸ
250 1319 390 1373 δὲτὴν
423 1315 593 1373 ἑωθινὴν
616 1315 718 1379 πρὸς
746 1315 821 1369 τὰς
854 1315 1068 1379 συρρύσεις
1104 1319 1186 1362 τῶν
1220 1316 1380 1362 ὑδάτων

138 1389 228 1448 μεθ’
252 1387 392 1433 ὅπλων
413 1388 656 1450 φοιτῶντες,
689 1384 860 1437 ἑαυτοὺς
889 1385 1193 1448 ἀποκρύὸουσιν
1216 1387 1273 1437 εἰς
1303 1385 1380 1442 τὴν

137 1457 240 1514 ὕλην
276 1456 347 1503 καὶ
374 1455 644 1502 σκοπεύουσιν
677 1454 762 1501 ἀπὸ
795 1457 875 1500 τῶν
910 1454 1104 1518 δένδρων.
1176 1454 1299 1503 Κατὰ
1334 1455 1377 1501 δὲ

139 1526 210 1573 τὸν
231 1531 302 1572 τοῦ
336 1525 550 1585 καύματος
570 1523 729 1587 καιρὸν,
753 1523 988 1587 ἐρχομένων
1015 1527 1122 1587 βοῶν
1154 1543 1199 1570 τε
1222 1523 1375 1587 ἀγρίων

138 1594 211 1643 καὶ
238 1595 483 1657 παρδάλεων
514 1593 587 1640 καὶ
608 1597 692 1640 τῶν
726 1592 864 1638 ἄλλων
899 1591 1050 1655 θηρίων
1074 1593 1257 1650 πλήθους
1278 1594 1381 1657 πρὸς

73 1690 115 1721 20
139 1665 186 1711 τὸ
211 1664 354 1722 ποτὸν,
372 1668 503 1709 ταῦτα
524 1663 597 1724 μὲν
615 1662 682 1709 διὰ
702 1662 776 1719 τὴν
797 1662 1032 1726 ὓπερὸολὴν
1052 1668 1123 1710 τοῦ
1146 1682 1192 1710 τε
1214 1663 1379 1726 καύμα·

138 1753 207 1788 τος
223 1733 295 1782 καὶ
317 1732 456 1798 δίψους
477 1732 634 1795 λάὸρον
648 1732 927 1796 προσφέρεται
945 1733 992 1779 τὸ
1012 1733 1149 1795 ὑγρὸν,
1177 1732 1304 1797 μέχρι
1331 1732 1381 1780 ἂν

139 1806 385 1866 ἐμπλησθῇ,
423 1805 461 1849 οἱ
495 1803 531 1849 δ’
554 1802 767 1859 Αἰθίοπες,
791 1801 1018 1862 γινομένων
1050 1805 1184 1848 αὐτῶν
1221 1801 1381 1866 βαρέων

140 1875 212 1922 καὶ
235 1871 508 1929 δυσκινήτων,
536 1873 860 1928 καταπηδῶντες
891 1870 973 1917 ἀπὸ
998 1874 1079 1918 τῶν
1103 1871 1279 1936 δένδρων
1310 1872 1382 1918 καὶ

135 1942 343 2007 χρώμενοι
375 1939 506 1997 ξύλοις
532 1940 925 2005 πεπυρακτωμένοις
958 1940 1031 1987 καὶ
1067 1941 1216 1999 λίθοις,
1247 1941 1309 1988 ἔτι
1338 1942 1381 1988 δὲ

71 2030 112 2061 25
135 2012 357 2073 τοξεύμασι
378 2012 529 2075 ῥαδίως
547 2015 844 2058 καταπονοῦσι.
916 2009 1038 2058 Κατὰ
1058 2009 1102 2056 δὲ
1126 2011 1378 2071 συστήματα

134 2081 305 2135 ταύταις
342 2081 551 2145 χρώμενοι
589 2081 680 2133 ταῖς
713 2079 950 2141 κυνηγίαις,
984 2084 1294 2144 σαρκοφαγοῦσι
1326 2080 1381 2127 τὰ

135 2152 364 2217 ληφθέντα,
399 2151 472 2197 καὶ
508 2151 692 2203 σπανίως
726 2149 803 2211 μὲν
839 2150 919 2196 ὕπὸ
950 2152 1032 2195 τῶν
1067 2150 1375 2211 ἀλκιμωτάτων

134 2221 250 2286 ζῴων
272 2221 389 2268 αὐτοὶ
417 2220 745 2283 διαφθείρονται,
765 2218 818 2265 τὰ
852 2219 896 2265 δὲ
914 2218 1052 2265 πολλὰ
1086 2218 1195 2282 δόλῳ
1227 2219 1304 2275 τὴν
1332 2221 1380 2266 ἐκ

137 2291 229 2354 βίας
254 2289 464 2353 ὑπεροχὴν
483 2294 732 2353 χειροῦνται.
800 2289 903 2336 'an
935 2287 980 2334 δέ
1015 2307 1116 2335 ποτε
1148 2291 1230 2335 τῶν
1253 2308 1380 2347 κυνη-

68 2377 109 2407 ευ
133 2359 343 2422 γουμένων
375 2358 491 2424 ζῴων
529 2358 785 2420 σπανίζωσι,
820 2358 894 2411 τὰς
918 2357 1038 2421 δορὰς
1068 2360 1150 2404 τῶν
1183 2359 1380 2423 πρότερον

134 2429 394 2490 εἰλημμένων
430 2427 644 2492 βρέξαντες
685 2426 937 2474 ἐπιτιθέασιν
977 2427 1045 2473 ἐπὶ
1076 2432 1160 2490 πῦρ
1191 2428 1379 2475 ἁπαλόν·

136 2500 406 2552 σποδίσαντες
431 2499 473 2546 δὲ
501 2498 575 2552 τὰς
597 2498 760 2563 τρίχας,
783 2497 838 2545 τὰ
858 2497 1046 2561 δέρματα
1070 2498 1287 2563 διαιροῦσι,
1307 2498 1379 2546 καὶ

133 2570 414 2622 κατεσθίοντες
445 2568 742 2632 βεὸιασμένους
780 2569 1065 2631 ἀναπληροῦσι
1096 2566 1170 2624 τὴν
1203 2568 1377 2617 ἔνδειαν.

135 2637 243 2690 Τοὺς
266 2638 308 2682 δὲ
333 2637 510 2693 ἀνήὸους
533 2639 684 2690 παῖδας
704 2637 982 2700 γυμναῖουσιν
998 2637 1068 2683 ἐπὶ
1092 2637 1259 2684 σκοπὸν·
1274 2637 1380 2700 βάλ-

71 2722 112 2752 ³5
133 2708 237 2765 λειν,
262 2706 332 2751 καὶ
364 2706 501 2765 μόνοις
535 2705 698 2752 διδόασι
731 2706 886 2770 τροφὴν
909 2706 993 2758 τοῖς
1023 2708 1292 2768 ἐπιτυχοῦσι·
1318 2706 1380 2752 διὸ

135 2775 207 2822 καὶ
237 2775 469 2834 θαυμαστοὶ
491 2777 581 2827 ταῖς
610 2777 844 2838 εὐστοχίαις
867 2774 943 2821 ἀνδ
970 2772 978 2780 ’
1032 2775 1237 2836 γίνονται,
1272 2774 1378 2821 κοί).-

134 2847 257 2894 λιστα
281 2843 565 2903 διδασκόμενοι
583 2847 674 2896 ταῖς
693 2849 764 2890 τοῦ
782 2846 905 2904 λιμοῦ
930 2793 1130 2905 grande.

199 2929 256 2961 sa.
287 2911 456 2969 Ταύτης
479 2911 523 2957 δὲ
552 2916 626 2969 τῆς
643 2912 783 2975 χώρας
807 2915 862 2965 εἷς
886 2911 938 2958 τὰ
967 2911 1067 2975 πρὸς
1085 2910 1244 2972 δυσμὰς
1265 2911 1371 2976 μέρη

193 3092 306 3144 552,
324 3089 354 3132 l.
380 3103 418 3140 1,
454 3089 761 3147 Κυνηγέται]
791 3089 1082 3133 Artemidorus
1105 3089 1250 3132 eadem
1279 3104 1373 3131 nar-

136 3166 248 3204 rans,
262 3160 427 3208 gentem
438 3155 660 3208 Gymneeas
672 3161 791 3194 vocat
802 3167 869 3209 ap.
880 3153 1056 3194 Strabon
1065 3185 1074 3194 .
1084 3166 1127 3209 p.
1141 3166 1193 3207 77
1202 3165 1216 3193 1
1239 3165 1248 3193 :
1265 3151 1375 3193 Μετὰ

135 3215 178 3257 ’δὲ
192 3213 262 3267 τὴν
291 3213 484 3257 Ἐλέαν...
504 3214 545 3257 αἱ
562 3214 786 3272 Δημητρίου
804 3214 944 3258 σκοπαὶ
955 3215 1020 3257 καὶ
1040 3215 1168 3271 βωμοὶ
1181 3214 1370 3263 Κόνωνος·

138 3277 178 3320 ἐν
209 3278 250 3320 δὲ
268 3282 317 3336 τῇ
340 3278 531 3335 μεσογαίᾳ
558 3278 747 3335 καλάμων
772 3277 944 3320 Ἰνδικῶν
966 3278 1098 3334 φύεται
1121 3277 1281 3330 πλῆθος·
1306 3293 1375 3319 κα-

136 3341 266 3383 λεῖται
287 3340 328 3383 δὲ
351 3340 375 3394 ἢ
405 3343 518 3397 χώρα
547 3341 750 3398 Κορακίου·
774 3338 822 3395 ἦν
850 3341 891 3383 δέ
920 3356 976 3390 τις
1008 3340 1047 3383 ἐν
1076 3341 1184 3396 βάθει
1217 3338 1377 3396 Ἐνδέρα

138 3403 293 3459 Γυμνη
307 3407 399 3445 τῶν
431 3402 644 3459 ἀνθρώπων
674 3402 866 3455 κατοικία,
887 3403 1009 3454 τόξοις
1026 3403 1240 3460 χρωμένων
1260 3401 1380 3444 καλα-

140 3465 262 3520 μίνοις
291 3466 355 3506 καὶ
390 3466 747 3522 πεπυρακτωμένοις
780 3465 928 3515 ὀϊστοῖς
960 3465 1049 3514 κτλ.
1083 3466 1147 3507 Ne
1177 3472 1297 3521 putoe
1328 3462 1376 3505 il·

136 3525 210 3568 lud
227 3527 435 3582 Γυμνητῶν
458 3529 770 3585 corruptionem
786 3543 874 3571 esse
893 3530 1007 3571 vocis
1028 3531 1223 3583 κυνηγῶν,
1241 3526 1378 3569 obstat

137 3588 298 3632 Plinius
339 3591 410 3644 qni
458 3591 566 3632 inter
595 3591 771 3646 populos
814 3592 886 3646 qui
926 3591 1033 3633 ultra
1068 3592 1240 3633 Meroen
1279 3596 1378 3631 sunt

138 3651 366 3707 Gymnetas
396 3661 579 3694 recenset
610 3653 681 3694 lib.
709 3654 787 3705 VI,
821 3654 872 3695 35
904 3667 914 3695 ε
948 3653 1096 3703 Dochi,
1128 3650 1271 3694 deinde
1294 3654 1376 3707 Gy·

139 3724 290 3757 mactes
306 3730 464 3772 semper
485 3715 586 3756 nudi
602 3733 614 3763 ,·
637 3731 732 3757 mox
746 3717 922 3759 Andcroe
937 3736 950 3766 ,·
976 3717 1047 3758 ubi
1067 3715 1243 3759 Anderae
1263 3713 1375 3757 haud

138 3775 267 3820 dubie
283 3785 380 3819 sunt
404 3775 547 3818 incolae
575 3775 768 3832 Ἐνδέρας,
791 3793 914 3833 quam
932 3780 1028 3834 ipsis
1046 3778 1264 3834 Gymnetis
1285 3777 1375 3819 vin·

139 3836 251 3880 dicat
280 3837 584 3882 Artemidorus.
621 3838 797 3880 Eosdem
833 3840 1006 3882 Ptolem.
1038 3843 1114 3889 IV,
1147 3856 1188 3895 7,
1216 3854 1259 3896 p.
1294 3839 1373 3882 305

141 3899 380 3956 Πεσενδάρας
410 3908 528 3943 vocat
543 3899 745 3956 juxtaque
768 3901 1152 3957 Elephantophagos
1173 3910 1370 3954 recenset,

140 3962 252 4005 nulla
267 3962 373 4005 sacta
387 3963 599 4006 mentione
617 3964 887 4019 Gymnetum.
921 3965 1026 4005 Cum
1047 3965 1214 4006 Andcm
1234 3965 1373 4007 nescio

139 4039 194 4066 nn
216 4039 466 4082 componere
495 4025 613 4068 lieeat
643 4024 892 4067 hodiernum
909 4025 1140 4067 Anda-asse
1169 4027 1304 4067 locum
1331 4026 1371 4067 in

1108 185 1195 232 Ex
1226 185 1708 236 sentinemus

2582 195 2679 256 (θλ)

1444 294 1547 339 cota
1574 297 1808 341 nominant.
1866 299 1919 341 ui
1950 308 2122 357 propter
2152 299 2381 343 belluarum
2407 301 2680 358 frequentiam
2710 304 2782 332 ³⁹⁸*

1447 364 1578 418 (mm
1596 365 1837 409 innume-ns
1854 366 1935 409 fen
1950 369 2065 423 regio
2080 370 2098 423 )
2112 369 2158 410 in
2178 368 2397 411 arboribus
2410 370 2684 418 contubernia
2774 423 2775 426 Ἰ

1446 430 1630 475 babent:
1664 432 1739 475 sed
1767 448 1820 476 ex
1845 433 2008 477 insidiis
2028 435 2135 479 seras
2164 438 2332 493 capiunt
2364 447 2584 496 captasque
2603 441 2682 485 sibi

1446 500 1689 544 alimentum
1707 502 1879 547 faciunt.
1936 506 2163 561 Sagittarioe
2179 508 2303 549 etiam
2322 509 2421 550 artis
2438 512 2584 566 peritia
2612 525 2684 554 va·
2727 464 2782 710 ἰ

1446 568 1548 614 lent.
1604 572 1646 615 Si
1664 572 1814 616 accidit
1843 581 1890 616 ut
1910 576 2140 618 venationis
2163 586 2368 633 proventu
2396 590 2576 631 careant,
2597 581 2685 638 pel-
2747 606 2754 630 ·.

1445 638 1555 682 libus
1579 649 1677 683 ante
1709 650 1929 699 captorum
1959 644 2143 700 impiam
2177 646 2358 703 explent.
2416 650 2540 692 Coria
2570 652 2684 693 enim
2760 669 2764 677 “

1446 708 1696 762 madefacta,
1731 710 1891 754 levibus
1926 711 2151 756 admovent
2179 717 2346 772 prunis,
2380 717 2553 770 deinde,
2592 720 2685 777 pilis
2768 732 2782 762 ἰ

1445 777 1584 820 cinere
1603 778 1820 831 ambustis,
1841 781 1950 822 inter
1965 794 2011 822 se
2030 779 2346 838 dispertiuntur.

1505 845 1576 888 53.
1605 846 1845 902 Sequuntur
1865 847 1965 898 bos,
1988 847 2062 890 sed
2086 862 2161 905 per
2177 851 2435 896 intervallum
2467 855 2563 897 satis
2594 855 2686 900 lon·

1448 983 1679 1024 venatores
1710 982 1811 1026 dicti
1841 983 2054 1036 obtinent,
2085 1000 2265 1042 quorum
2293 1005 2491 1035 numerus
2516 995 2686 1051 quidem

1448 1056 1662 1110 modicus,
1686 1057 1759 1099 sed
1780 1058 2000 1115 peculiaris
2019 1060 2112 1103 vitae
2143 1063 2337 1107 ratio'est
2366 1079 2415 1108 ac
2435 1070 2596 1112 nomini
2624 1085 2689 1112 re-
2762 1057 2782 1085 ’ς

1447 1129 1672 1185 spondens.
1733 1133 1878 1185 Quum
1895 1132 2007 1174 enim
2024 1132 2120 1175 feris
2139 1141 2248 1176 terra
2262 1135 2315 1177 sit
2332 1136 2477 1181 intem
2494 1139 2686 1185 hon-ida-

1448 1217 1530 1259 que
1550 1217 1738 1260 prorsus,
1763 1212 1805 1245 et
1824 1218 1976 1261 paucas
1999 1205 2147 1248 habeat
2171 1221 2372 1263 aquarum
2394 1214 2685 1269 scaturigines,

1447 1277 1666 1320 arboribus
1680 1278 1905 1321 bestiarum
1926 1289 2040 1323 metu
2056 1295 2133 1338 per
2150 1291 2318 1325 noctem
2338 1284 2562 1329 insidentoe
2579 1302 2692 1341 som-

1447 1367 1550 1395 num
1565 1354 1751 1410 capiunt.
1790 1356 1915 1397 Mane
1930 1370 2026 1397 cum
2043 1357 2169 1399 armis
2178 1357 2232 1400 ad
2251 1359 2470 1402 confluxus
2487 1375 2688 1418 aquarum

1446 1426 1784 1483 proficiscuntur.
1846 1429 1926 1470 Hic
1948 1429 2056 1471 inter
2072 1429 2242 1473 srondoe
2256 1431 2384 1475 abditi
2400 1449 2449 1475 ex
2469 1435 2691 1479 arboribus

1448 1502 1616 1544 interim
1638 1502 1918 1559 speculantur.
1978 1504 2258 1548 Invalescente
2278 1515 2416 1549 autem
2441 1508 2538 1551 solis
2559 1519 2659 1555 aestu
2673 1543 2688 1564 ,

1446 1565 1589 1618 boves⁸
1608 1585 1787 1632 agrestoe
1819 1586 1861 1620 et
1895 1578 2082 1634 pardales
2113 1579 2285 1637 aliaeque
2309 1582 2404 1625 serae
2429 1598 2579 1639 magno
2612 1601 2690 1629 nu·
2775 1581 2782 1615 ³

1447 1664 1564 1692 mero
1582 1658 1774 1707 potatum
1801 1650 2019 1703 festinant,
2043 1661 2085 1694 et
2106 1662 2276 1710 propter
2292 1664 2415 1699 aestus
2444 1671 2492 1699 ac
2512 1659 2600 1700 sitis
2623 1674 2690 1703 ve-

1446 1723 1700 1767 hementiam
1718 1738 1901 1780 eousque
1934 1724 2095 1781 liquore
2127 1740 2170 1767 se
2193 1728 2470 1783 ingurgitant,
2502 1730 2604 1774 dum
2626 1747 2691 1775 sa·
2772 1780 2775 1782 ,

1447 1798 1586 1838 tietate
1621 1795 1927 1841 distendantur.
2002 1801 2200 1842 Gravatas
2243 1803 2381 1859 itaque
2417 1813 2458 1846 ct
2500 1819 2606 1861 aegre
2644 1822 2690 1850 se

1445 1879 1658 1914 moventes
1693 1872 1936 1930 AEthiopum
1974 1889 2122 1917 manus
2149 1891 2200 1918 ex
2237 1878 2456 1921 arboribus
2479 1879 2688 1924 desultans

1444 1947 1634 2002 praeustis
1665 1946 1839 1990 sudibus
1872 1948 2160 2007 lapidibusque
2187 1961 2229 1995 et
2245 1955 2401 2009 sagittis
2426 1955 2584 1999 invadit
2612 1972 2688 2000 nec

1446 2036 1597 2076 magno
1616 2023 1783 2077 negotio
1806 2024 2013 2079 profligat.
2072 2027 2190 2069 Hanc
2207 2029 2466 2072 venationem
2489 2030 2532 2072 in
2559 2036 2689 2072 eoetus

1445 2093 1659 2137 distributi
1678 2104 1896 2152 peragunt,
1924 2106 1966 2139 et
1990 2098 2044 2140 de
2066 2101 2254 2143 carnium
2289 2100 2429 2158 praeda
2450 2101 2684 2160 epulantur.

1444 2176 1620 2216 Perraro
1638 2174 1686 2216 fit
1719 2183 1767 2217 ut
1787 2189 1812 2217 a
1832 2175 1974 2217 bestiis
1994 2177 2118 2218 etiam
2150 2176 2411 2220 validissimis
2440 2179 2689 2223 interfician-
2779 2208 2782 2209 ν

1444 2257 1514 2290 tur
1536 2248 1638 2304 ipsi,
1662 2246 1869 2304 siquidem
1894 2247 1992 2293 dolo
2021 2250 2255 2306 superiores
2278 2249 2443 2294 illarum
2475 2252 2583 2296 vires
2604 2254 2689 2311 ple-

1445 2341 1623 2382 rumque
1648 2325 1863 2382 subigunt.
1926 2326 2088 2381 Quodsi
2122 2336 2293 2370 venatus
2322 2328 2503 2373 serarum
2521 2330 2686 2386 deficit,

1445 2401 1615 2442 exuvias
1632 2399 1797 2457 pridem
1815 2408 2030 2457 captarum
2048 2399 2297 2444 madefactas
2314 2401 2427 2445 lento
2446 2404 2531 2461 igni
2553 2406 2688 2464 impo-

1444 2481 1580 2524 nunt,
1618 2471 1794 2529 pilisque
1827 2471 1906 2514 sub
1934 2473 2073 2514 cinere
2104 2472 2328 2525 ambustis,
2366 2475 2479 2518 eoria
2513 2476 2621 2519 inter
2643 2492 2689 2521 se
2772 2496 2782 2549 γ

1445 2546 1651 2603 dispertiti
1670 2554 1815 2589 coacto
1837 2546 1989 2589 samem
2011 2547 2106 2589 cibo
2138 2547 2298 2591 sedant.
2357 2550 2598 2607 Impuberes
2614 2551 2686 2595 ad-
2770 2554 2782 2637 γ

1444 2620 1527 2662 huc
1548 2635 1699 2678 pueros
1715 2619 1871 2662 directe
1895 2620 2068 2676 jaculari
2088 2619 2265 2672 docent,
2302 2635 2379 2663 nec
2401 2622 2478 2663 nisi
2511 2636 2685 2679 scopum
2775 2638 2779 2639 ⁷

1443 2696 1705 2752 tangentibus
1723 2695 1951 2752 quidquam
1970 2695 2095 2737 edulii
2125 2696 2405 2752 suppeditant.
2467 2697 2576 2739 Hinc
2591 2712 2685 2739 esu·

1442 2772 1516 2813 riei
1536 2770 1712 2812 stimulis
1728 2770 1924 2827 praeclare
1946 2768 2082 2822 docti,
2108 2771 2149 2811 in
2170 2771 2399 2825 sagittarios
2431 2770 2547 2811 miroe
2565 2770 2686 2811 eerti-

1442 2842 1600 2885 tudinis
1617 2841 1814 2884 evadunt.

1503 2913 1553 2954 53
1585 2911 1717 2969 (Cap.
1755 2913 1807 2953 25
1826 2910 1858 2969 ).
1885 2910 1950 2954 Ab
1984 2911 2046 2953 his
2077 2912 2198 2967 longe
2231 2911 2283 2954 ad
2318 2926 2508 2954 occasum
2535 2914 2683 2955 remoti

1444 3095 1586 3131 Samen
1598 3090 1808 3146 provincia
1821 3089 1962 3140 situm,
1980 3090 2058 3130 nisi
2070 3091 2207 3146 potius
2220 3089 2383 3132 Endera
2396 3104 2548 3133 nomen
2559 3105 2682 3148 supe·

1445 3161 1529 3194 rest
1544 3153 1586 3194 in
1602 3151 1702 3194 hod.
1727 3152 1940 3208 provincia
1956 3151 2155 3193 Enderea.
2183 3151 2307 3209 Apud
2325 3153 2560 3196 Diodorum
2577 3168 2681 3209 quo·

1446 3229 1528 3269 que
1550 3229 1702 3255 nomen
1724 3213 1866 3269 populi
1894 3222 2140 3269 corruptum
2174 3223 2257 3266 est3
2286 3229 2400 3266 nam,
2432 3222 2636 3271 quantum
2658 3231 2684 3259 e

1448 3276 1653 3319 Dindorfii
1665 3277 1773 3318 varia
1786 3277 1959 3318 lectione
1970 3276 2279 3331 colligerelicet,
2298 3291 2451 3319 nomen
2465 3278 2627 3334 κυνηγοὶ
2638 3278 2682 3322 in
2738 3307 2740 3310 >

1446 3339 1561 3382 nullo
1581 3348 1639 3381 est
1661 3338 1825 3390 codice;
1847 3353 1956 3381 unus
1971 3340 2126 3395 pra-bct
2143 3345 2326 3396 κυνιγῶν,
2346 3341 2471 3383 ceteri
2493 3339 2678 3398 ἰνῦγονοι.

1446 3402 1624 3458 Poggius
1634 3411 1788 3453 autem,
1811 3410 1927 3443 vetus
1940 3401 2113 3444 Diodori
2132 3403 2348 3460 interpres,
2366 3403 2506 3446 nescio
2516 3418 2568 3446 an
2580 3418 2681 3447 con-

1447 3465 1555 3507 sulto
1572 3465 1773 3507 Strabone
1795 3480 1847 3507 an
1866 3464 1991 3507 codd.
2013 3467 2278 3519 auctoritate,
2295 3468 2418 3509 vertit
2438 3480 2449 3509 ι
2482 3466 2683 3525 reliquam
2729 3487 2733 3492 ·

1445 3526 1558 3569 circa
1572 3527 1769 3579 regionem
1777 3528 1991 3586 AEthiopes
1999 3538 2146 3579 tenent,
2163 3529 2237 3586 qui
2248 3532 2453 3585 Gymnecoe
2461 3538 2677 3574 vocantur.
2730 3572 2735 3577 ,

1446 3589 1634 3631 Fortasse
1657 3590 1699 3631 in
1733 3590 2038 3644 Agatharchide
2056 3600 2145 3634 erat
2165 3591 2203 3633 ot
2231 3591 2467 3648 καλούμενοι
2485 3591 2679 3649 Γυμνῆται

1445 3652 1609 3708 κυνηγοί
1619 3668 1629 3704 3
1666 3661 1776 3694 certe
1808 3653 1931 3695 simili
1954 3653 2082 3696 modo
2111 3668 2286 3710 sequens
2307 3668 2406 3710 gens
2429 3653 2539 3711 apud
2577 3656 2679 3699 Dio·
2725 3677 2731 3685 ·

1445 3712 1596 3756 dorum
1624 3713 1778 3756 dicitur
1805 3714 2116 3772 ἐλεφαντομάχοι
2135 3716 2311 3772 κυνηγοί.
2337 3715 2475 3758 Alium
2494 3717 2678 3773 Gymne·
2781 3751 2782 3755 ,

1445 3783 1534 3817 tum
1553 3776 1752 3832 populum
1781 3777 1990 3820 Pharusiis
2009 3778 2190 3839 vicinum
2209 3779 2252 3820 in
2271 3776 2514 3820 occidentali
2529 3778 2679 3823 Asi-tea
2724 3805 2727 3819 2
2773 3801 2782 3822 η

1444 3853 1515 3880 ora
1538 3839 1662 3881 habes
1693 3855 1759 3896 ap.
1786 3841 1965 3883 Plinium
1993 3842 2050 3892 V,
2075 3844 2116 3884 8.
2139 3845 2287 3896 11-7.
2314 3838 2417 3896 ἐπ’]
2439 3840 2475 3890 ἐς
2497 3842 2545 3884 Β.
2569 3842 2710 3886 Cum

1445 3902 1494 3942 iis
1516 3916 1606 3957 qua*
1630 3902 1682 3944 de
1707 3918 1933 3959 puerorum
1958 3904 2156 3945 exercitio
2181 3901 2392 3945 Diodorus
2420 3910 2462 3944 et
2497 3902 2675 3946 Artemi·

1444 3963 1573 4005 dorus
1605 3980 1671 4020 ap.
1700 3965 1832 4007 Strab.
1870 3963 2141 4020 subjungunt,
2176 3964 2231 4007 cl'.
2258 3979 2351 4021 quae
2372 3963 2583 4008 Diodorus
2612 3964 2671 4015 V,

1450 4029 1497 4068 18
1519 4036 1654 4068 narrat
1671 4027 1724 4068 de
1742 4028 1879 4083 pueris
1897 4027 2214 4083 Gymnesiarum
2238 4026 2478 4071 insularum.
