2782 4348
103 168 174 228 (³⁸,
189 166 256 229 ³⁹·)

105 271 176 317 καὶ
198 270 322 331 λιμὴν
347 272 360 332 (
386 264 494 316 οὗτοι
521 272 656 330 Κᾶρες
679 266 710 329 ),
733 270 853 322 νῆσος
887 269 980 318 Κῶς
1019 266 1089 311 καὶ
1126 267 1242 320 πόλις
1260 271 1331 317 καὶ

104 340 229 400 λιμὴν
250 339 447 391 κλειστός.
513 335 636 384 Κατὰ
652 339 782 380 ταῦτα
803 335 1068 395 Κεραμιακὸς
1087 335 1236 388 κόλπος
1260 343 1333 395 τῆς

105 410 291 472 Καρίας,
327 408 398 455 καὶ
423 410 543 462 νῆσος
577 403 753 466 Νίσυρος
783 403 853 448 καὶ
896 403 1038 463 λιμήν.
1108 404 1332 466 Ἔποὶνειμι

102 479 229 524 πάλιν
250 477 319 524 ἐπὶ
347 475 419 529 τὴν
437 473 624 535 ἤπειρον.
693 472 965 535 Ἀκρωτήριον
985 473 1091 534 ἱερὸν
1115 473 1331 535 Τριόπιον,

110 547 259 599 Κνίδος
279 545 395 595 πόλις
417 542 613 598 τΕλληνὶς
652 541 723 587 καὶ
757 541 876 605 χώρα
906 545 931 597 ἡ
968 538 1139 588 Ῥοδίων
1157 547 1183 598 ἠ
1217 545 1257 588 ἐν
1281 549 1332 607 τῇ

99 616 288 678 ἠπείρῳ,
314 616 474 663 Καῦνος
519 611 682 674 Καρικὴ
714 612 830 663 πόλις
863 610 934 656 καὶ
963 610 1088 670 λιμὴν
1127 613 1332 670 κλειστὸς,

101 681 322 746 Κρυασσὸς
347 680 617 744 ἀκρωτήριον.
687 680 830 731 Ῥόδος
849 679 956 725 κατὰ
975 685 1095 726 τοῦτο
1113 685 1235 736 νῆσος
1263 682 1335 728 καὶ

99 753 243 806 πόλις·
265 751 337 799 καὶ
358 752 540 814 τρίπολις
561 749 715 813 ἀρχαία
740 753 780 796 ἐν
806 752 911 811 αὐτῇ
927 787 939 809 ,
964 750 1101 802 πόλεις
1118 750 1227 796 αἵδε·
1246 747 1332 797 Ἴα-

99 825 248 884 λυσος,
273 821 445 881 Λίνδος,
484 821 705 882 Κάμειρος.
776 819 898 865 Κατὰ
918 818 960 865 δὲ
978 820 1050 874 τὴν
1072 820 1215 867 Ῥόδον
1247 819 1333 866 αἵδε

98 890 216 948 νῆσοί
236 893 335 936 εἰσιν
356 889 610 949 οἰκούμεναι·
632 889 844 949 Χάλκεια,
862 892 1014 944 Τῆλος,
1040 892 1074 935 Κ
1083 890 1193 946 άσος,
1214 891 1335 953 Κοίρ-

93 964 237 1012 παθος·
263 959 364 1017 αὕτη
387 959 585 1022 τρίπολις.
619 958 703 1006 Καὶ
727 963 747 1003 ὁ
775 958 1016 1020 παράπλους
1046 958 1225 1021 Καρίας,
1253 959 1335 1004 ἀπὸ

100 1023 341 1090 Μαιάνδρου
366 1034 555 1088 ποταμοῦ
578 1028 647 1074 ἐπὶ
674 1028 740 1074 τὸν
769 1028 1001 1091 Κρυασσὸν,
1024 1028 1048 1072 δ’
1065 1031 1151 1073 ἐστι
1172 1029 1332 1092 Καρίας

95 1098 369 1160 ἀκρωτήριον,
398 1098 468 1143 δύο
503 1101 685 1160 ἡμερῶν.
755 1098 977 1157 Ἔπάνειμι
1011 1097 1132 1143 πάλιν
1161 1098 1227 1143 ἐπὶ
1261 1098 1334 1154 τὴν

99 1167 282 1230 ἤπειρον,
306 1168 393 1214 ὅθεν
414 1168 713 1230 ἐξετραπόμην.

93 1328 165 1368 -alii
195 1327 246 1368 de
271 1327 466 1383 Calymna
487 1337 527 1369 et
554 1331 683 1378 Lero,
708 1328 775 1368 alii
803 1328 855 1369 de
884 1329 1080 1384 Calymna
1109 1329 1334 1382 vicinisque

94 1390 240 1430 ‘insulis
270 1391 545 1444 intelligebant
568 1389 652 1446 (V.
676 1390 823 1431 Strabo
839 1391 865 1431 l.
892 1391 919 1431 l.
940 1391 971 1447 ).
1000 1393 1237 1444 Utrumque
1259 1405 1334 1430 no-

94 1466 192 1492 men
229 1452 523 1506 conglutinavit
570 1451 881 1507 quodammodo
916 1462 1059 1493 auctor
1095 1455 1231 1508 Etym.
1270 1454 1329 1493 M.

91 1528 138 1569 ap,
159 1516 255 1564 486,
275 1514 325 1554 25
347 1527 357 1555 :
380 1514 582 1569 Κάλυμνος
601 1514 622 1554 ὁ
639 1514 677 1555 ἐν
697 1514 879 1571 Αἰγύπτῳ
898 1517 1002 1562 σῖτος
1019 1511 1104 1555 ἀντῖ
1125 1518 1193 1555 τοῦ
1211 1514 1336 1555 Καλό-

98 1590 217 1630 μνιος·
247 1575 272 1615 ὁ,
295 1574 369 1630 γὰρ
402 1575 647 1630 Φιλάδελφος
684 1575 725 1616 ἐκ
759 1576 1027 1617 Καλυδνῶν
1054 1577 1264 1632 μετήνεγκε
1289 1577 1334 1617 τὸ

89 1638 257 1693 σπέρμα.
276 1637 431 1678 Plinius
450 1636 645 1692 denique,
667 1637 848 1680 diversas
867 1638 999 1679 fontes
1015 1640 1189 1679 miscens
1204 1669 1215 1688 ,
1240 1653 1334 1693 per-

96 1714 237 1755 peram
257 1699 357 1740 duas
379 1700 531 1743 insulas
554 1709 738 1741 recenset
764 1701 1004 1756 Calymnam
1027 1709 1067 1741 et
1089 1699 1330 1755 Calydnam,

96 1764 173 1813 IV,
207 1763 257 1802 23
283 1776 292 1803 2
322 1762 499 1817 Calydna
520 1762 562 1803 in
585 1778 668 1818 qua
701 1763 900 1819 oppidum
934 1765 1063 1812 C00¹n;
1098 1763 1288 1816 Calymna
1307 1777 1334 1802 α

96 1838 178 1878 qua
200 1824 498 1880 Carpathum...
522 1826 644 1865 XXV
659 1825 763 1865 mill.
783 1832 911 1881 pass.
926 1825 1043 1866 Idem
1074 1840 1172 1866 vero
1199 1827 1254 1876 V,
1281 1826 1332 1865 36

92 1887 261 1926 nonnisi
291 1901 417 1927 unam
450 1886 660 1942 Calydnen
691 1897 907 1929 recenset:
941 1888 1112 1943 Calydne
1134 1903 1226 1929 cum
1260 1888 1334 1928 tri-

96 1948 171 1989 bus
201 1948 383 2005 oppidiS,
421 1950 574 1999 Notio,
609 1950 761 2004 Nisyro
779 1951 868 2007 (P),
893 1951 1136 1992 Mendetero.
1168 1954 1224 1992 At
1254 1959 1334 1990 tres

92 2011 180 2051 istae
211 2011 334 2052 urbes
366 2013 531 2053 nonnisi
565 2016 608 2052 in
653 2013 894 2068 Calymnam
937 2014 1112 2054 insulam
1155 2012 1330 2063 cadunt,

93 2087 224 2127 quum
246 2083 393 2129 praeter
411 2075 518 2115 hanc
535 2075 645 2116 nulla
664 2076 720 2116 ibi
741 2078 793 2116 sit
828 2076 960 2130 major
980 2077 1112 2116 insula
1130 2108 1139 2126 ‚
1171 2077 1222 2116 de
1253 2090 1333 2130 qua

94 2136 172 2176 tale
200 2137 300 2191 quid
333 2138 546 2193 praedicari
575 2139 844 2194 probabiliter
876 2140 1019 2193 possit.
1052 2139 1212 2179 Eodem
1239 2139 1334 2179 facit

95 2198 209 2252 quod
231 2200 342 2254 apud
372 2201 551 2241 Plininm
583 2201 662 2241 mel
695 2201 914 2254 Calydnas,
941 2200 1051 2255 apud
1087 2202 1331 2242 Strabonem

92 2261 430 2316 stephanumque
472 2263 553 2302 mel
597 2263 847 2316 Calymnium
889 2262 1151 2317 praedicatur.
1192 2264 1248 2302 Ut
1280 2263 1333 2303 ad

95 2322 299 2376 Scylacem
335 2332 530 2374 revertar,
571 2324 809 2365 Clausenius
845 2339 922 2379 pro
958 2325 1143 2380 Κάλυμνα
1172 2325 1333 2379 scripsit

94 2383 296 2434 ’Κάλυνδα;
322 2384 446 2438 idque
472 2387 663 2440 repetivit
684 2387 910 2436 Fabricius,
936 2387 1125 2440 probavit
1141 2386 1333 2439 Forbige-

96 2460 166 2485 rus
188 2449 243 2496 II,
263 2460 304 2501 p.
329 2448 424 2488 238.
451 2450 505 2488 At
525 2448 716 2503 Calyndae
738 2449 879 2489 insulae
901 2464 1024 2488 nemo
1042 2463 1227 2503 unquam
1250 2463 1334 2489 me-

93 2509 230 2549 minit.
258 2509 394 2550 Fluxit
414 2510 514 2550 illud
534 2526 583 2551 ex
603 2512 872 2552 hariolatione
891 2512 1066 2558 Berkelii
1088 2511 1141 2551 ad
1163 2512 1332 2566 Stepha-

93 2586 196 2611 num
219 2586 251 2611 s.
276 2587 314 2612 v.
343 2572 535 2612 Κάλυνδα.
558 2575 722 2614 Etenim
740 2589 870 2628 quum
885 2574 1068 2629 Calynda
1087 2574 1185 2614 urbs
1204 2576 1333 2615 Cariae

93 2634 393 2676 mediterranea
408 2637 450 2675 in
466 2636 676 2676 Strabonis
692 2636 904 2677 codicibus
916 2652 1131 2692 perperam
1147 2637 1333 2692 Κάλυμνα

87 2698 245 2751 ‘scripta
262 2698 334 2747 sit,
364 2697 489 2752 idque
505 2712 555 2738 ex
583 2698 750 2753 reliquis
771 2699 1009 2740 auctoribus
1041 2698 1332 2753 corrigendum

96 2775 181 2801 esse
194 2761 403 2802 Berkelius
420 2763 659 2812 monuisset,
678 2762 787 2803 idem
803 2762 962 2803 Berkel.
983 2762 1164 2803 Κάλυνδα
1180 2778 1332 2804 nomen

24 2855 26 2857 .
96 2822 206 2878 apud
241 2824 446 2879 Scylacem
484 2825 630 2879 reponi
658 2823 793 2878 jussit.
829 2818 925 2877 Quo
965 2824 1067 2879 quid
1089 2824 1171 2865 dici
1199 2827 1333 2880 potuit

92 2886 335 2927 oscitantius
350 2888 358 2927 l
381 2891 398 2940 Η
415 2912 472 2918 -
486 2887 518 2926 K
529 2903 552 2927 α
565 2887 612 2942 ρό
627 2902 650 2927 α
661 2902 678 2927 ν
692 2888 712 2926 δ
726 2903 749 2927 α
764 2889 778 2942 ]
801 2887 1016 2942 Καρόηνδα,
1035 2887 1167 2928 deleta
1177 2888 1292 2929 litera
1308 2905 1330 2941 η

97 2956 137 2988 et
169 2950 443 3005 suprascripta
468 2950 527 2990 lit.
556 2966 603 3000 α,
629 2950 760 2990 codex
789 2950 1018 3000 Parisinus;
1047 2951 1211 3005 Κρόινδα
1234 2952 1328 2992 cod.

97 3011 316 3062 Vatican.;
349 3027 429 3052 em.
471 3014 592 3052 Voss.
634 3012 750 3054 Ordo
779 3013 967 3053 locorum
998 3013 1201 3054 turbatus.
1234 3016 1332 3055 Esse

98 3071 273 3115 debebat
291 3076 412 3115 series
432 3088 441 3116 :
467 3075 695 3130 Caryanda,
718 3076 928 3130 Calymna,
951 3077 1052 3126 Cos,
1074 3076 1332 3117 Halicarnas-

96 3148 180 3175 sus.
202 3138 219 3189 Ι]
237 3134 459 3178 -Οῧτοι
490 3138 668 3194 Κᾶρες]
701 3153 757 3178 sc.
782 3137 1102 3193 caryandenses.
1129 3139 1192 3180 Cf.
1226 3139 1333 3181 infra

96 3198 224 3239 verba
249 3212 258 3239 ζ
284 3198 427 3255 Καρικὴ
449 3201 572 3248 πόλις.
594 3204 612 3253 Η
629 3225 684 3231 -
703 3201 781 3241 καὶ
819 3204 962 3252 νῆσος
999 3201 1236 3257 Νίσυρος]
1268 3218 1332 3242 συ-

101 3259 214 3310 νησὸς
245 3259 290 3312 δὴ
330 3258 434 3317 εὖρος
467 3263 612 3304 codex.
645 3263 753 3318 Σύμη
780 3266 894 3315 νῆσος
924 3263 988 3304 καὶ
1022 3263 1183 3319 Νίσυρος
1219 3264 1328 3320 conj.

98 3321 284 3372 Vossius,
306 3323 409 3365 bene
424 3356 434 3375 ,
457 3327 490 3366 si
512 3326 646 3366 literas
669 3327 829 3366 rimeris
848 3357 858 3376 ,
882 3325 987 3366 male
1006 3325 1143 3380 quoad
1167 3340 1332 3380 geogra-

99 3382 257 3435 phiam.
277 3387 295 3437 Η
312 3409 368 3416 —
388 3387 516 3442 ἱερὸν
533 3390 547 3443 ]
570 3388 677 3428 ludis
698 3388 889 3443 festisque
905 3402 996 3442 quae
1011 3389 1191 3443 Apollini
1214 3391 1333 3430 Trio-

99 3445 170 3500 pio
197 3445 520 3500 celebrabantur,
544 3458 591 3490 ut
610 3459 782 3491 constat.
804 3454 822 3503 11
839 3450 931 3502 -ἣ
958 3450 1002 3491 ἐν
1026 3454 1082 3507 τῇ
1105 3450 1168 3502 ἠπ
1181 3467 1196 3492 ε
1213 3452 1253 3507 ί,ρ
1266 3454 1328 3508 ῳ]

94 3506 166 3546 ’καὶ
186 3506 223 3546 ἐν
248 3510 296 3562 τῇ
322 3507 362 3559 ἡ.
388 3511 531 3552 codex.
557 3515 647 3552 Hoc
669 3514 701 3553 si
722 3514 946 3567 genuinum
983 3522 1063 3563 est,
1104 3514 1246 3555 scribae
1269 3530 1332 3555 ar-

102 3569 190 3621 guit
222 3577 451 3624 stuporem,
489 3575 560 3628 qui
597 3575 718 3615 verba
748 3574 908 3615 Ῥοδίων
940 3578 1051 3630 χώρα
1073 3575 1125 3618 ad
1158 3577 1332 3618 insulam

94 3639 283 3685 spectare
321 3634 500 3686 putavit,
529 3649 656 3689 quum
693 3635 744 3676 de
775 3636 1033 3677 Rhodiorum
1066 3639 1201 3693 περαίᾳ
1224 3639 1333 3680 dieta

99 3694 199 3733 sint.
219 3695 238 3745 ΙΙ
255 3693 509 3748 -Καρικὴ
534 3697 699 3751 πόλις]
723 3697 787 3738 Cs.
812 3697 1013 3738 Herodot.
1032 3700 1067 3748 I,
1098 3713 1174 3754 172
1194 3714 1203 3741 :
1226 3701 1272 3741 Οἱ
1292 3701 1333 3742 δὲ

103 3754 259 3795 Καύνιοι
280 3755 532 3810 αὐτόχθονες,
558 3759 706 3798 δοκεεῗν
738 3758 850 3813 ἐμοὶ,
880 3759 968 3800 εἶσί.
993 3759 1110 3800 Αὐτοὶ
1140 3764 1269 3817 μέντοι
1292 3764 1332 3804 ἐκ

104 3816 252 3870 Κρήτης
267 3818 358 3872 φασὶ
381 3817 494 3858 εἶναι·
518 3820 858 3875 προσκεχωρήκασι
881 3822 922 3862 δὲ
944 3821 1126 3876 γλῶσσαν
1153 3825 1218 3879 μὲν
1242 3826 1333 3880 πρὸς

103 3878 148 3917 τὸ
170 3879 331 3934 Καρικὸν
358 3879 464 3927 ἔθνος
493 3882 578 3921 κτλ.
605 3882 749 3924 Strabo
780 3883 896 3932 XIV,
917 3897 960 3938 p.
988 3884 1082 3925 652.
1103 3888 1121 3938 ΙΙ
1138 3910 1194 3918 —
1223 3886 1331 3928 Ῥό-

95 3941 215 3995 Δδος]
242 3944 344 3994 Quae
367 3943 409 3983 in
444 3942 559 3984 editt.
583 3944 799 3999 praefigitur
823 3946 1034 4001 inscriptio
1066 3948 1127 3988 vel
1155 3950 1294 3990 titulus
1317 3964 1326 3991 :

102 4000 297 4055 4ἹὈΔΟΣ,
320 4019 341 4045 a
364 4004 504 4046 codice
527 4006 652 4047 abest..
676 4009 692 4059 Η
709 4010 925 4059 -νῆσος
949 4008 1031 4048 καὶ
1056 4009 1224 4059 πόλις·
1253 4013 1331 4052 καὶ

1204 169 1513 218 PEBIPLUS.
2567 195 2622 235 73

1402 283 1523 323 Cares
1539 285 1571 336 ),
1591 279 1723 322 insula
1742 282 1821 322 Cos
1837 290 1878 322 et
1892 296 1991 323 uros
2007 297 2101 323 eum
2116 293 2242 338 portu
2262 287 2413 329 clauso.
2454 292 2626 337 Vicinus

1401 351 1465 391 his
1488 359 1528 391 et
1550 352 1810 392 Ceramiacus
1832 351 1946 391 sinus
1965 351 2094 391 Cariae
2115 360 2156 391 et
2179 353 2351 408 Nisyrus
2383 357 2513 399 insula
2531 374 2627 403 cum

1401 427 1540 473 portu.
1600 419 1739 460 Redeo
1759 419 1811 460 ad
1827 421 2121 460 continentem.
2181 422 2373 476 Sequitur
2389 438 2629 478 promonto-

1401 488 1511 527 rium
1535 502 1695 528 sacrum
1717 490 1935 543 Triopium
1949 519 1960 539 ,
1982 487 2140 529 Cnidus
2164 489 2261 529 urbs
2276 492 2432 541 Graeca,
2458 503 2498 534 et
2522 498 2630 538 Rho-

1402 554 1566 594 diorum
1584 556 1838 596 territorium
1856 557 1898 596 in
1910 556 2138 597 continenti
2154 557 2294 607 situm,
2313 559 2479 601 Caunus
2491 563 2632 606 Carica

1402 623 1501 663 urbs
1524 637 1618 662 cum
1645 632 1768 677 portu
1789 624 1949 674 clauso,
1975 625 2170 678 Cryassus
2195 629 2543 679 promontorium.
2570 633 2632 674 Ex

1403 692 1575 732 adverso
1595 692 1671 732 sita
1682 701 1742 732 est
1754 692 1924 732 Rhodus
1944 692 2077 732 insula
2092 701 2132 732 et
2149 692 2263 743 urbs,
2278 703 2319 734 et
2337 697 2504 751 antiqua
2529 699 2571 739 in
2587 715 2634 744 ea

1401 760 1561 814 tripolis
1573 768 1647 809 est,
1661 759 1784 800 urbes
1799 759 1949 800 scilicet
1960 760 2023 800 hae
2035 773 2044 801 :
2058 759 2227 816 IalySUS,
2243 762 2413 815 Lindus,
2429 766 2630 810 Camirus.

1403 830 1537 883 Prope
1572 826 1767 868 Rhodum
1798 827 1940 867 insulae
1961 827 2154 868 habitatae
2185 838 2280 869 sunt
2319 831 2380 871 hae
2407 845 2416 873 :
2446 834 2630 887 Chalcia,

1403 896 1541 947 Teius,
1565 897 1706 946 Casus,
1729 895 1958 951 Carpathus
1976 895 2109 936 tribus
2131 896 2328 939 instructa
2342 900 2526 943 urbibus.
2581 906 2635 944 Et

1403 968 1686 1021 p1·aetervectio
1710 966 1860 1016 Cariae,
1886 964 1984 1006 inde
2003 980 2027 1006 a
2044 965 2256 1006 Maeandro
2282 968 2407 1009 fluvio
2430 985 2558 1025 usque
2580 973 2634 1014 ad

1405 1037 1623 1091 Cryassum
1655 1036 1783 1076 Cariae
1804 1034 2141 1090 promontorium
2168 1033 2348 1076 duorum
2371 1046 2431 1078 est
2452 1038 2532 1079 diei
2544 1055 2629 1082 um.

1404 1103 1483 1144 Sed
1498 1118 1664 1144 rursum
1688 1118 1754 1144 me
1773 1102 1825 1144 ad
1841 1104 2122 1144 continentem
2141 1102 2323 1155 consero,
2348 1105 2458 1146 unde
2479 1106 2633 1161 digres-

1403 1187 1470 1212 sus
1490 1187 1616 1212 eram.

1406 1326 1629 1381 τρίπολις
1666 1324 1846 1380 ἀρχαία
1881 1325 1927 1365 ἐν
1963 1324 2109 1380 αὐτῇ]
2147 1328 2261 1377 νῆσος
2293 1327 2462 1381 τρίπολις
2495 1328 2635 1384 ἀρχαία

1404 1388 1515 1435 πόλις
1535 1388 1572 1428 ἐν
1592 1387 1688 1443 αὐτῇ·
1710 1387 1855 1428 codex.
1881 1389 1979 1428 Haec
1996 1396 2191 1442 corrupta
2206 1402 2291 1428 esse
2309 1388 2449 1442 liquet,
2473 1393 2635 1433 merito-

1405 1466 1485 1506 que
1515 1452 1676 1491 monuit
1697 1450 1950 1491 Niebuhrirus
1979 1450 2077 1507 (Κί.
2113 1450 2332 1504 Schrfften.
2356 1454 2377 1492 I
2393 1483 2404 1502 ,
2433 1467 2477 1508 p.
2505 1455 2633 1512 115).

1405 1515 1489 1567 Qui
1512 1521 1659 1569 putant
1689 1512 1832 1568 ἀρχαία
1863 1514 1974 1561 πόλις
1994 1512 2045 1554 de
2071 1513 2219 1554 Rhodo
2242 1514 2373 1555 insula
2405 1515 2486 1556 dici
2518 1518 2636 1560 sicuti

1403 1578 1534 1631 poetis
1579 1585 1620 1617 et
1661 1575 2003 1617 declamatoribus
2040 1575 2176 1617 dicere
2215 1576 2309 1617 licet
2344 1576 2487 1619 Εὕόοια
2528 1581 2638 1629 πόλις

1408 1639 1583 1694 (Eurip.
1600 1639 1632 1696 ),
1662 1639 1959 1691 Πελοπόννησος
1991 1638 2101 1686 πόλις
2135 1639 2307 1693 (Eurip.
2328 1640 2359 1693 ),
2385 1639 2531 1695 Κύπρος
2566 1644 2635 1683 πό-

1404 1701 1463 1749 λις
1493 1702 1678 1758 (Himer.
1706 1702 1794 1743 Ecl.
1824 1702 1922 1758 17.)
1951 1715 1961 1743 ι
2000 1702 2044 1742 hi
2072 1703 2208 1756 inepta
2232 1701 2384 1757 Scylaci
2417 1703 2632 1758 affingunt.

1406 1766 1520 1805 Licet
1544 1780 1708 1805 sensum
1733 1765 1902 1819 vulgatae
1934 1764 2086 1805 inferre
2112 1763 2239 1818 ejecta
2260 1779 2359 1805 voce
2377 1766 2510 1817 πόλις,
2533 1768 2635 1811 adeo

1404 1836 1450 1868 ut
1476 1829 1640 1869 nonnisi
1665 1828 1836 1883 τρίπολις
1865 1828 2051 1878 Rhodia,
2086 1842 2171 1868 non
2197 1828 2282 1882 ipsa
2313 1829 2435 1869 etiam
2466 1831 2635 1873 Rhodus

1403 1891 1503 1931 urbs
1540 1900 1908 1942 commemoretur;
1951 1890 2079 1932 modo
2111 1905 2164 1931 ne
2194 1891 2304 1931 illata
2329 1891 2406 1932 hac
2446 1894 2636 1936 emenda-

1403 1955 1516 1994 tione
1552 1970 1629 2010 pro
1665 1963 1907 2008 argumento
1947 1955 2074 1995 utaris
2113 1954 2265 2009 scripta
2301 1954 2388 1994 haee
2423 1970 2508 1996 esse
2543 1967 2636 1999 ante

1403 2031 1559 2057 annum
1593 2020 1700 2068 408,
1737 2033 1820 2073 quo
1854 2017 2021 2058 condita
2046 2016 2218 2057 Rhodus
2240 2024 2314 2057 est.
2348 2019 2483 2058 Immo
2506 2021 2635 2062 multo

1402 2080 1654 2134 probabilius
1684 2089 1744 2121 est
1777 2079 1925 2121 factam
1947 2095 2033 2121 esse
2057 2079 2193 2120 Rhodi
2226 2080 2340 2120 urbis
2365 2082 2631 2125 mentionem.

1402 2142 1507 2182 Nam
1533 2157 1584 2182 ne
1604 2142 1738 2182 dicam
1761 2143 1936 2196 reliquas
1954 2142 2104 2196 Peripli
2119 2149 2254 2196 partes
2273 2141 2374 2182 illud
2394 2150 2554 2199 tempus
2572 2161 2635 2187 ar-

1403 2217 1541 2256 guere,
1563 2218 1646 2258 quo
1667 2203 1837 2244 Rhodus
1856 2204 1956 2244 urbs
1971 2204 2203 2252 exsistebat,
2221 2203 2322 2243 illud
2337 2203 2472 2258 ips‘um
2492 2205 2634 2261 ἀρχαία

1403 2266 1674 2316 vocabulum,
1711 2281 1795 2320 quo
1822 2266 1918 2307 alias
1950 2280 2154 2320 nusquam
2187 2274 2331 2306 auctor
2362 2268 2507 2316 utitur,
2539 2272 2633 2311 satis

1403 2327 1555 2367 indicat
1571 2329 1724 2382 opponi
1744 2336 1920 2368 veterem
1936 2328 2117 2382 tripolim
2128 2327 2221 2367 urbi
2236 2329 2404 2368 recenti.
2423 2329 2633 2372 Fabricius

1402 2388 1544 2429 dedit:
1569 2392 1682 2440 νῆσος
1711 2389 1775 2429 καὶ
1806 2389 1935 2437 πόλις·
1960 2389 2104 2443 ἀρχαία
2132 2389 2324 2444 τρίπολις,
2356 2390 2420 2430 καὶ
2449 2390 2487 2431 ἐν
2518 2392 2629 2450 αὐτῇ.

1402 2451 1639 2491 Clausenius
1657 2452 1886 2506 suspicatur
1901 2465 1911 2492 ε
1928 2451 2098 2506 τρίπολις
2120 2450 2187 2505 [οὗ
2205 2452 2325 2506 πάνυ]
2345 2450 2487 2508 ἀρχαία
2505 2454 2629 2507 πόλις,

1401 2513 1556 2554 addens
1573 2515 1620 2554 iis
1643 2515 1807 2555 nonnisi
1827 2514 2021 2554 Rhodum
2035 2515 2181 2555 urbem
2197 2514 2369 2555 indicari
2383 2545 2395 2564 ,
2414 2516 2486 2569 qui
2503 2518 2632 2572 tripo-

1402 2575 1448 2615 lis
1472 2577 1538 2626 sit,
1560 2576 1645 2616 sive
1668 2591 1690 2616 e
1712 2576 1843 2616 tribus
1865 2576 2096 2617 civitatibus
2116 2584 2339 2617 convocata
2365 2577 2520 2619 civitas.
2543 2581 2560 2630 Η
2577 2605 2634 2612 —

1403 2638 1664 2693 Κάμειρος]
1691 2639 1868 2693 Κάμαρος
1903 2638 1997 2679 cod.
2018 2641 2109 2692 ΙΙ-
2138 2639 2384 2693 Χάλκεια]
2418 2640 2476 2680 sic
2510 2642 2632 2683 etiam

1401 2700 1547 2740 Strabo
1565 2701 1631 2751 X,
1656 2714 1698 2755 p.
1736 2703 1832 2749 488.
1854 2703 1972 2752 XIV,
2001 2715 2043 2755 p.
2069 2700 2164 2742 655.
2188 2700 2252 2741 Cf.
2285 2701 2395 2741 Mela
2411 2703 2477 2750 ΙΙ,
2498 2717 2538 2756 7,
2565 2718 2629 2745 11.

1402 2763 1542 2817 Steph.
1578 2778 1611 2803 5.
1647 2778 1704 2813 ν.;
1726 2761 1859 2814 Χαλκὴ
1890 2778 1955 2818 ap.
1977 2762 2168 2818 Thueyd.
2189 2764 2318 2813 VIII,
2351 2766 2420 2812 41.
2446 2766 2515 2812 44.
2553 2766 2630 2816 55;

1400 2824 1506 2865 Plin.
1529 2826 1604 2874 IV,
1627 2826 1695 2865 23.
1714 2826 1770 2874 V,
1794 2826 1861 2866 36.
1885 2827 2007 2865 Nunc
2037 2825 2192 2866 Chalki.
2214 2828 2232 2877 ΙΙ
2248 2825 2505 2881 -Κάσος]
2541 2829 2632 2882 κρά-

1402 2894 1466 2933 σος
1485 2886 1615 2927 codex
1630 2918 1640 2936 ,
1663 2901 1744 2927 em.
1765 2887 1998 2927 Salmasius.
2019 2888 2074 2926 V.
2093 2886 2237 2927 Strabo
2256 2887 2312 2937 X,
2331 2901 2374 2941 p.
2409 2890 2505 2940 498.
2524 2890 2629 2931 Plin.

1401 2951 1477 3000 IV,
1501 2951 1575 3000 233
1594 2949 1769 2991 Diodor.
1790 2951 1846 3000 V,
1870 2950 1936 2998 54.
1955 2949 2095 3004 Steph.
2117 2952 2165 2990 B.
2193 2964 2226 2990 s.
2249 2964 2289 2990 v.
2316 2950 2438 2991 Nunc
2456 2954 2580 2992 Kaso.
2603 2955 2619 3007 Η

1401 3013 1655 3068 Τρίπολις]
1679 3012 1824 3053 Strabo
1847 3014 1908 3063 X,
1931 3027 1973 3068 p.
1997 3014 2077 3066 489
2101 3011 2152 3052 de
2181 3012 2385 3067 Carpatho
2408 3026 2418 3053 ε
2439 3013 2630 3067 Τετράπο-

1401 3075 1461 3122 λις
1485 3076 1517 3114 δ’
1538 3074 1719 3130 ὑπῆρξεν,
1750 3075 1815 3115 καὶ
1837 3075 1961 3130 ὄνομα
1984 3073 2092 3129 εἶχεν
2116 3074 2371 3129 ἀξιόλογον...
2402 3075 2468 3129 μία
2488 3075 2528 3115 δὲ
2555 3080 2630 3115 τῶν

1402 3138 1554 3179 πόλεων
1590 3138 1767 3179 ἐκαλεῖτο
1806 3137 1990 3192 Νίσυρος,
2035 3137 2237 3192 ὁμονύμως
2271 3139 2319 3192 τῇ
2348 3141 2423 3177 τῶν
2456 3136 2630 3191 Νισύρων

1402 3202 1522 3258 νήσῳ.
1549 3201 1687 3243 Altera
1711 3201 1810 3241 urbs
1839 3210 1924 3241 erat
1959 3200 2229 3240 Posidonium
2263 3207 2363 3239 teste
2388 3198 2624 3240 Ptolemaeo.

1419 3269 1437 3319 ΙΙ
1454 3290 1510 3296 -
1533 3265 1810 3319 Κρυασσόν]
1837 3265 1894 3304 sic
1916 3265 2057 3318 scripsi
2078 3278 2155 3318 pro
2178 3263 2342 3316 Κράσον,
2369 3261 2482 3315 quod
2501 3261 2631 3307 codex

1401 3327 1568 3381 praebet.
1591 3327 1727 3379 Vulgo
1750 3326 1897 3378 legitur
1918 3325 2083 3380 Κράγον.
2111 3327 2165 3365 At
2200 3327 2370 3374 Cragum
2396 3332 2630 3378 promonto-

1402 3388 1509 3428 rium
1532 3387 1590 3445 (i.
1615 3403 1651 3428 e.
1678 3389 1796 3441 Cragi
1827 3388 1977 3427 montis
2001 3385 2234 3426 extremitas
2256 3385 2298 3424 in
2329 3398 2440 3424 mare
2461 3398 2629 3438 procur-

1401 3451 1543 3507 rens),
1566 3449 1678 3505 quod
1701 3465 1750 3490 eo
1765 3450 1932 3490 nomine
1955 3447 2055 3488 dicit
2073 3447 2228 3488 Plinius
2246 3447 2302 3497 V,
2323 3448 2392 3497 28,
2414 3446 2630 3488 Stadiasmi

1401 3528 1497 3554 vero
1525 3515 1709 3564 auct0r§
1742 3525 1822 3553 222
1842 3509 1919 3563 ιτὴν
1944 3509 2047 3565 ἱερὰν
2078 3509 2193 3564 ἄκραν
2218 3507 2472 3565 (etiamnum
2501 3508 2630 3550 Hiria

1401 3576 1463 3616 vel
1481 3575 1621 3617 Macri
1635 3575 1697 3614 vel
1725 3578 1765 3615 Ε
1755 3574 1833 3627 fta
1848 3573 1986 3629 Kavi)
2010 3580 2140 3629 vocat,
2172 3585 2302 3626 quum
2325 3572 2431 3611 inter
2457 3572 2628 3612 Telmi5-

1401 3653 1490 3678 sum
1510 3646 1550 3678 et
1569 3640 1712 3678 Patara
1731 3638 1854 3677 situm
1875 3638 1952 3686 sit,
1975 3651 1999 3676 a
2015 3643 2157 3676 nostro
2181 3634 2272 3674 loco
2291 3634 2498 3674 abhorret.
2525 3632 2627 3673 Dedi

1402 3700 1596 3754 Κρυασσόν
1638 3699 1784 3739 collato
1817 3699 2025 3753 'Stephano
2049 3711 2059 3738 :
2095 3697 2313 3752 Κρυασσός,
2339 3696 2447 3742 πόλις
2474 3695 2623 3748 Καρίας.

1402 3762 1608 3803 Plutarch.
1642 3761 1788 3801 Moral.
1811 3775 1853 3815 p.
1888 3764 1968 3810 246
1985 3792 1996 3811 ,
2015 3763 2055 3800 ‘D
2078 3773 2087 3800 ε
2109 3764 2184 3800 τῶν
2207 3760 2340 3814 Καρῶν
2365 3758 2400 3797 οἱ
2432 3757 2626 3810 Κρύασσαν

1405 3824 1518 3880 (sic)
1538 3823 1741 3871 οἰκοῦντες.
1757 3823 1935 3877 Polyaen.
1953 3824 2071 3872 VIII,
2092 3825 2142 3871 64
2160 3835 2169 3862 :
2189 3821 2225 3861 οἱ
2245 3820 2461 3875 Κρυασσεῖς.
2482 3817 2627 3858 Boekh.

1403 3889 1450 3927 C.
1469 3889 1503 3927 Ῑ.
1522 3889 1585 3937 II,
1608 3901 1651 3941 p.
1675 3887 1771 3940 397.
1797 3886 1898 3927 Aliis
1932 3885 2029 3926 urbs
2052 3893 2221 3925 vocatur
2243 3882 2344 3937 Κρὺα
2368 3880 2458 3935 (De
2477 3880 2628 3919 Caricis

1402 3949 1567 3989 urbium
1588 3948 1825 3988 nominibus
1850 3948 1891 3987 in
1916 3946 2159 4000 awogjuxta
2177 3945 2272 3984 alias
2290 3943 2453 3991 fornum,
2479 3954 2517 3980 v.
2538 3942 2628 3980 Μο-

1404 4026 1491 4052 vers
1507 4013 1561 4062 II,
1584 4026 1624 4066 p.
1645 4013 1742 4064 2o);
1763 4024 1799 4050 v.
1819 4009 1924 4050 Mela
1937 4012 1978 4059 J,
2003 4013 2074 4058 163
2095 4007 2196 4048 Plin.
2215 4007 2268 4055 V,
2288 4006 2364 4054 28;
2388 4002 2627 4044 Ptolemaeus
