2756 4354
57 139 144 200 (Μ)

0 242 21 304 {31
54 233 143 303 εἶχε
182 239 225 285 δὲ
259 239 405 295 νήσους
436 241 462 293 ἡ
501 236 625 296 λίμνη
663 239 768 297 τρεῖς
802 235 960 293 μείζους
998 239 1069 291 τῆς
1105 236 1278 298 Κέρνης.

51 307 141 371 Ἀφ’
162 301 218 354 ὧν
239 307 462 370 ἡμερήσιον
486 305 612 349 πλοῦν
631 302 935 364 κατανύσαντες
947 339 960 364 ,
986 306 1038 355 εἷς
1058 303 1125 348 τὸν
1149 304 1281 366 μυχὸν

53 381 125 433 τῆς
148 377 296 438 λίμνης
323 375 514 433 ἤλθομεν,
532 371 632 434 ὑπὲρ
661 372 713 428 ἣν
729 372 804 435 ὅρη
826 371 1003 433 μέγιστα
1028 372 1278 434 ὑπερέτεινε,

53 446 186 506 μεστὰ
211 443 432 507 ἀνθρώπων
452 441 621 504 ἀγρίων,
645 440 829 502 δέρματα
850 442 993 504 θήρεια
1018 441 1279 501 ἕνημμένων,

52 514 91 560 οἳ
125 515 283 577 πέτροις
306 512 524 574 βάλλοντες
556 510 770 573 ἀπήραξαν
791 514 927 571 ἡμᾶς,
956 510 1180 562 κωλύοντες
1213 513 1283 556 ἐκ·

52 584 190 639 ὅῆναι.

115 668 170 698 10.
196 650 381 696 Ἐκεῖθεν
415 647 607 699 πλέοντες
641 650 697 698 εἷς
727 646 862 706 ἕτερον
886 647 1065 707 ἤλθομεν
1097 647 1283 707 ποταμὸν

52 722 180 781 μέγαν
214 718 283 764 καὶ
317 718 495 774 πλατὺν,
520 717 699 778 γέμοντα
737 717 1009 779 κροκοδείλων
1041 717 1111 762 καὶ
1143 716 1283 762 ἵππων

51 787 282 848 ποταμίων.
335 785 462 833 εὈθεν
482 786 531 842 δὴ
553 786 676 831 πάλιν
699 786 1030 850 ἀποστρέψαντες
1050 788 1103 837 εἷς
1123 786 1283 848 Κέρνην

8 889 24 891 —r
52 857 352 916 ἐπανήλθομεν.

113 942 167 973 Ῑῐ.
188 926 367 972 Ἐκεῖθεν
389 925 430 975 δὲ
462 924 529 969 ἐπὶ
560 925 822 987 μεσημὸρίαν
847 924 1104 985 ἐπλεύσαμεν
1125 924 1283 970 δώδεκα

2 990 6 997 i
55 995 238 1057 ἡμέρας,
263 993 337 1050 τὴν
361 998 437 1055 γῆν
459 994 809 1056 παραλεγόμενοι,
829 995 880 1051 ἣν
909 1002 1048 1039 πᾶσαν
1067 993 1279 1055 κατῴκουν

51 1065 248 1117 Αἰθίοπες
276 1064 489 1126 φεύγοντες
523 1067 634 1123 ἡμᾶς
657 1064 728 1109 καὶ
749 1066 826 1125 οὐχ
861 1063 1154 1124 ὑπομένοντες·
1177 1062 1283 1108 ἀσύ-

53 1153 148 1182 νετα
169 1136 203 1179 δ’
227 1133 467 1198 ἐφθέγγοντο
487 1134 556 1187 καὶ
577 1140 659 1185 τοῖς
679 1133 765 1192 μεθ’
789 1137 906 1192 ἡμῶν
929 1133 1125 1185 Λιξίταις.

118 1221 173 1251 12.
213 1206 278 1265 Τῇ
315 1203 349 1248 δ’
380 1197 447 1250 οῧν
481 1203 696 1263 τελευταίᾳ
730 1201 868 1265 ἡμέρα
903 1202 1280 1264 προσωρμίσθημεν

53 1271 165 1333 ὄρεσι
189 1272 381 1334 μεγάλοις
403 1272 582 1319 δασέσιν.
649 1265 732 1317 ῗΗν
752 1271 793 1315 δὲ
817 1270 867 1314 τὰ
887 1274 967 1315 τῶν
990 1270 1162 1332 δένδρων
1182 1270 1282 1322 ξύλα

54 1341 186 1396 εὐώδη
211 1361 254 1387 τε
276 1342 346 1386 καὶ
368 1342 552 1387 ποικίλα.

118 1427 169 1457 13.
198 1409 553 1472 Περιπλεύσαντες
574 1407 616 1454 δὲ
638 1414 768 1454 ταῦτα
790 1408 950 1470 ἡμέρας
977 1408 1045 1454 δύο
1069 1408 1283 1469 ἐγινόμεθα

51 1550 238 1591 currant,
274 1542 466 1596 proclivis
499 1542 677 1596 suspicio
711 1550 772 1581 est
797 1541 882 1581 illas
914 1542 1020 1595 ipsas
1049 1542 1092 1580 in
1123 1541 1286 1595 Periplo

49 1612 192 1644 nostro
207 1603 427 1657 designari.
446 1603 620 1644 Obstare
636 1602 799 1643 videtur
815 1603 928 1657 quod
940 1604 1090 1643 Hanno
1109 1617 1184 1657 per
1200 1617 1285 1642 ma·
1314 1629 1317 1631 -

51 1680 178 1719 gnum
203 1666 375 1706 fluvium
391 1667 585 1720 navigans
605 1665 657 1706 ad
671 1680 738 1706 eas
755 1667 957 1721 pervenit.
978 1667 1139 1705 Verum
1156 1680 1286 1720 quum

50 1727 188 1767 multae
203 1728 243 1767 in
262 1728 342 1768 1100
353 1729 447 1768 sinu
465 1729 547 1768 sint
565 1742 784 1768 arenarum
796 1729 926 1768 taeniae
940 1760 950 1778 ‚
977 1742 1068 1782 quae
1084 1728 1170 1768 aliis
1185 1737 1288 1768 tem-

50 1789 222 1843 poribus
241 1790 327 1830 aliae
342 1805 428 1830 esse
444 1789 657 1840 solent‚·ad
670 1791 773 1830 ostia
791 1792 1020 1845 praesertim
1039 1805 1287 1843 magnorum

50 1851 272 1892 fluviorum
292 1865 300 1892 :
326 1851 593 1906 probabiliter
611 1846 787 1892 statuere
807 1853 901 1893 licet
920 1867 1062 1893 arenas
1079 1852 1177 1892 olim
1196 1867 1288 1907 par-

51 1920 135 1952 tem
151 1914 263 1953 sinus
280 1914 416 1968 paullo
436 1913 544 1953 infra
562 1914 724 1954 Cernen
741 1915 871 1955 multo
890 1916 1018 1968 magis
1035 1929 1159 1969 quam
1174 1929 1287 1955 nune

51 1973 301 2015 obstruxisse
317 2007 327 2025 ‚
350 1976 406 2015 ita
427 1983 474 2015 ut
496 1976 604 2015 inter
626 1990 769 2016 arenas
792 1985 833 2016 et
867 1978 1149 2017 continentem
1185 1991 1288 2016 non-

51 2037 129 2076 nisi
147 2037 357 2077 modieum
377 2039 554 2093 spatium
577 2038 895 2092 relinqueretur,
915 2039 1028 2093 quod
1045 2041 1195 2079 Hanno
1211 2053 1288 2093 pro

52 2100 157 2139 ostio
177 2100 338 2140 Chretis
364 2100 546 2139 fluminis
564 2100 717 2140 habere
747 2109 923 2155 poterat.
959 2102 1024 2141 Ab
1060 2101 1288 2141 insularum

22 2173 25 2175 “
50 2170 167 2216 parte
199 2162 353 2202 boreali
380 2176 511 2219 usque
543 2161 595 2201 ad
628 2164 822 2202 intimum
859 2165 971 2202 sinus
1001 2178 1207 2203 recessum
1246 2164 1289 2202 in

53 2234 202 2276 mappa
224 2225 307 2263 oris
328 2224 543 2263 maritimae
566 2237 690 2276 quam
706 2232 800 2263 ante
823 2225 962 2264 oculos
983 2225 1116 2264 habeo
1146 2223 1290 2279 (Cat-te

54 2284 102 2323 de
122 2285 162 2324 Ια
181 2287 266 2325 οὐτε
288 2285 534 2325 occidentale
550 2285 636 2326 d'A
627 2285 771 2340 frique
790 2286 935 2341 depuis
960 2286 993 2326 le
1015 2301 1093 2342 cap
1113 2287 1292 2340 Bojaclor

47 2347 276 2400 jusqa'alwe
296 2347 368 2386 iles
390 2346 438 2386 cle
468 2350 562 2394 Los,
584 2347 749 2402 publie'e
765 2362 851 2402 par
872 2347 987 2387 ordre
1014 2347 1071 2387 clu
1097 2348 1158 2387 roi
1174 2380 1184 2396 ,
1211 2358 1286 2389 etc.

59 2408 163 2459 1829
182 2406 213 2462 ),
237 2415 419 2447 trecenta
439 2407 522 2448 fere
541 2417 638 2448 sunt
658 2409 809 2459 stadia;
833 2408 946 2463 quod
963 2410 1006 2448 in
1029 2409 1178 2463 Peripli
1197 2409 1291 2465 ἣμε-

56 2468 186 2521 ρήσιον
215 2469 336 2510 πλοῦν
368 2471 464 2510 satis
501 2470 692 2524 quadrat.
719 2470 880 2523 Quodsi
914 2472 1025 2511 enim
1057 2472 1100 2510 in
1131 2481 1291 2513 antece-

55 2531 248 2571 dentibus
264 2563 274 2582 ,
310 2533 382 2572 ubi
420 2533 483 2572 vel
504 2541 601 2573 nota
633 2534 695 2574 vel
726 2534 887 2574 deserta
915 2534 1035 2574 litora
1070 2543 1290 2588 praeterna-

54 2592 311 2646 vigabantur,
359 2594 582 2647 quingenta
614 2594 698 2634 sere
740 2595 871 2635 stadia
903 2597 947 2635 in
989 2595 1076 2635 dies
1110 2597 1290 2650 singulos

25 2702 29 2708 ¹
55 2663 293 2709 computare
312 2655 473 2706 licebat,
498 2657 573 2696 alia
592 2658 696 2697 ratio
721 2666 782 2697 est
804 2657 902 2697 inde
930 2672 954 2697 a
975 2658 1108 2697 Cerne
1134 2659 1287 2711 insula,

55 2730 183 2770 quum
203 2717 369 2770 singulae
389 2718 519 2758 litoris
543 2727 677 2772 partes
695 2728 734 2758 et
753 2720 977 2759 fluviorum
1001 2721 1106 2759 ostia
1122 2729 1162 2760 et
1181 2722 1292 2762 insu-

54 2778 116 2828 lae,
130 2787 207 2819 ete.
216 2810 226 2828 ,
242 2788 429 2820 accurate
442 2780 739 2834 perscrutanda
750 2790 884 2821 essent
900 2798 909 2831 ;
928 2781 1039 2821 unde
1051 2781 1096 2820 fit
1107 2790 1153 2821 ut
1169 2784 1291 2823 unius

56 2839 136 2880 diei
148 2841 352 2894 navigatio
362 2840 447 2894 jam
464 2842 572 2881 inter
588 2843 667 2883 300
681 2851 720 2883 et
734 2846 815 2891 400
830 2843 961 2883 stadia
977 2858 1019 2883 se
1029 2845 1251 2885 contineat.
1272 2846 1287 2898 Η

55 2925 111 2933 -
141 2903 311 2957 μεστὰ]
347 2904 405 2943 sic
431 2904 583 2954 codex;
621 2905 816 2945 Gelenius
843 2905 1012 2946 dederat
1045 2906 1154 2960 μετὰ.
1189 2906 1203 2958 ΙΙ
1237 2932 1293 2938 —

57 2966 130 3020 ’δέρ
145 2982 266 3021 ματα
300 2967 464 3021 θήρεια
495 2967 573 3019 ἔνη
589 2969 812 3023 μμένων]
835 2969 898 3009 Cf.
922 2969 1097 3009 Diodor.
1119 2971 1195 3019 III,
1219 2973 1288 3023 49,

59 3029 82 3068 3
95 3044 106 3079 ;
128 3031 264 3070 Varro
284 3032 345 3070 De
376 3045 421 3070 re
450 3039 553 3071 rust.
575 3033 630 3081 II,
662 3045 733 3081 113
758 3033 1029 3086 Hippocrates
1052 3035 1114 3072 De
1143 3033 1292 3073 morbo

59 3105 174 3131 sacro
192 3106 234 3146 p.
259 3093 366 3142 3023
390 3093 497 3133 Mela
520 3095 560 3143 Ι,
581 3096 631 3144 8;
653 3095 818 3134 Movers
837 3095 864 3134 l.
887 3095 914 3134 l.
936 3097 992 3145 ΙΙ,
1013 3110 1054 3149 p.
1076 3098 1170 3143 466.
1194 3095 1287 3137 568.

62 3153 156 3194 580.
181 3160 194 3201 u
213 3154 437 3203 -λίθοις
459 3156 752 3210 βάλλοντες]
769 3157 944 3197 Diodor.
962 3157 990 3197 l.
1008 3158 1035 3197 l.
1053 3171 1061 3197 :
1082 3157 1305 3198 εὖθετώτα--

60 3230 120 3255 τοι
142 3216 232 3269 πρὸς
263 3218 405 3272 δρόμον
443 3219 507 3258 καὶ
535 3219 777 3259 λιθοὸολίαν.
812 3220 876 3260 Cf.
902 3234 994 3274 quae
1024 3220 1076 3260 de
1108 3221 1292 3275 Libybus

61 3280 318 3322 Balearidum
340 3284 438 3323 inss.
468 3293 607 3325 narrat
637 3285 747 3325 idem
765 3286 821 3335 V,
848 3288 895 3326 18
917 3294 958 3326 et
981 3286 1125 3326 Florus
1145 3289 1222 3337 III,
1249 3289 1289 3336 8,

63 3344 167 3383 sieut
190 3357 278 3396 quae
294 3344 345 3384 de
361 3347 569 3387 Gnanclzis
592 3348 782 3401 leguntur
801 3348 913 3403 apud
935 3349 1046 3399 Glas‚
1066 3364 1108 3404 p.
1133 3350 1200 3390 25.
1221 3365 1289 3404 71.

66 3406 117 3445 32
140 3413 180 3444 et
197 3406 310 3460 Riley
328 3408 555 3449 Schicksale
577 3425 616 3450 ιι.
637 3410 776 3451 Reisen
797 3426 850 3450 (m
870 3411 942 3451 det·
963 3413 1193 3452 IVestkz'iste
1211 3413 1298 3453 {md

70 3467 120 3506 im
153 3469 302 3507 Innern
330 3469 540 3521 Afrika’s,
578 3487 621 3527 p.
651 3487 750 3527 171,
777 3477 853 3526 194
870 3505 880 3524 ,
906 3475 1057 3515 citante
1087 3477 1293 3516 Moversio

65 3544 108 3584 p.
135 3529 229 3569 582.

123 3594 145 3643 g
173 3604 236 3631 10.
270 3591 432 3645 ἕτερον
463 3597 677 3651 ποταμὸν
698 3600 712 3649 ]
735 3599 975 3639 Bambotum
998 3600 1191 3654 Polybius
1225 3616 1290 3656 ap.

66 3656 171 3696 Plin.
189 3654 244 3701 V,
267 3666 283 3691 1
305 3663 420 3693 vocat
439 3668 447 3694 :
466 3657 633 3698 Flumen
650 3661 888 3701 Bambotum
904 3661 1120 3702 crocodilis
1145 3672 1183 3703 et
1204 3664 1295 3720 hip-

62 3713 298 3766 popotamis
328 3714 532 3767 rafinum.
554 3719 708 3759 Eadem
727 3735 777 3760 ex
798 3722 931 3762 Plinio
963 3723 1125 3764 Solinus
1149 3740 1185 3764 0.
1223 3739 1291 3779 27.

74 3793 90 3807 «
117 3774 197 3814 Sed
217 3775 434 3829 legendum
451 3781 707 3832 anotlmm,
727 3784 895 3824 nomine
911 3784 1018 3825 sacto
1037 3800 1085 3825 ex
1104 3789 1292 3828 Bamotlz.

67 3838 240 3877 Bamotlz
253 3852 325 3878 seu
338 3836 500 3892 ῃηῃηῂ
516 3842 718 3883 behemoth
730 3859 815 3884 esse
827 3846 1093 3901 hippopotam
1100 3864 1185 3899 um,
1196 3853 1220 3890 J
1222 3851 1291 3891 ob.

68 3900 136 3947 40,
159 3912 224 3948 10,
243 3900 291 3939 iis
311 3904 559 3954 argumentis
578 3904 746 3957 probavi
768 3907 808 3945 in
829 3906 933 3948 libro
949 3911 1011 3949 De
1034 3911 1292 3963 animalibus,

68 3973 158 4014 quae
176 3962 285 4003 viros
307 3963 583 4020 undecunque
601 3966 744 4008 doctos
767 3977 980 4011 traxerunt
1001 3972 1042 4011 in
1067 3987 1292 4015 assensum.

1162 136 1275 182 PER
1284 137 1471 185 IPLUS.

2549 173 2576 210 9

1353 247 1504 288 insulas
1522 248 1700 290 habebat
1723 258 1804 291 tres
1826 251 1958 291 Cerne
1987 252 2175 306 majores.
2237 259 2301 299 Ab
2327 261 2391 302 his
2409 263 2489 304 diei
2511 282 2582 308 na-

1353 314 1558 367 vigatione
1571 317 1751 371 perfecta
1766 318 2004 358 interiorem
2022 319 2132 360 lacus
2147 336 2348 366 recessum
2361 331 2580 384 attigimus,

1353 397 1478 437 supra
1499 398 1623 437 quem
1652 394 1813 426 montes
1845 387 2015 426 maximi
2046 390 2310 441 assurgebant
2338 395 2584 440 silvestribus

1353 451 1592 493 hominibus
1614 454 1768 505 referti,
1789 455 1912 511 pelles
1942 455 2091 496 ferinas
2110 458 2280 510 indutis,
2299 464 2368 515 qui
2396 479 2586 509 saxorum

1355 518 1544 573 conjectu
1573 521 1819 576 depellentes
1850 538 1927 565 nos
1949 525 2173 579 quominus
2202 528 2489 580 egrederemur
2519 549 2587 574 na-

1356 587 1474 627 vibus
1498 589 1819 643 impediverunt.

1415 669 1481 696 10.
1515 656 1623 695 Hinc
1646 657 1880 710 navigantes
1902 659 1946 698 in
1968 659 2094 700 alium
2110 662 2297 702 venimus
2316 664 2486 706 fluvium
2503 682 2588 708 ma-

1356 737 1484 776 gnum
1520 723 1754 778 latumque,
1795 726 1867 779 qui
1903 726 2048 780 plenus
2085 736 2172 768 erat
2207 731 2508 774 crocodilorum
2549 744 2589 775 et

1355 805 1559 846 equorum
1591 792 1864 833 fluviatilium.
1926 793 2029 834 Inde
2065 794 2203 836 denuo
2241 802 2391 840 reversi
2428 803 2586 843 Cernen

1355 863 1634 916 repetivimus.

1415 945 1480 971 11.
1511 932 1620 972 Hinc
1644 931 1860 972 meridiem
1879 946 2020 973 versus
2046 935 2322 987 navigavimus
2345 953 2417 993 per
2436 940 2591 983 duode-

1355 1003 1436 1042 cim
1452 1001 1557 1053 dies,
1573 1017 1688 1043 oram
1699 1003 1891 1057 legentes,
1907 1018 2031 1058 quam
2048 1019 2214 1045 omnem
2230 1008 2421 1050 tenebant
2434 1011 2590 1053 AEthio-

1354 1085 1426 1125 pes
1449 1070 1649 1124 fugientes
1680 1086 1755 1112 1105
1787 1087 1864 1112 1100
1893 1081 2189 1127 exspectantes.
2217 1076 2416 1129 Linguam
2446 1093 2591 1120 eorum

1357 1139 1419 1178 vel
1439 1139 1584 1179 Lixitae
1607 1139 1678 1193 qui
1708 1139 1925 1180 nobiscum
1954 1149 2091 1190 erant,
2123 1156 2208 1181 non
2241 1143 2530 1198 intelligebant.

1416 1220 1481 1248 12.
1509 1207 1666 1247 Ultimo
1686 1216 1823 1247 autem
1838 1208 1905 1248 die
1927 1208 1979 1249 ad
2002 1223 2171 1262 magnos
2187 1218 2227 1250 et
2245 1211 2411 1253 silvosos
2433 1223 2592 1255 montes

1355 1275 1603 1330 appulimus.
1665 1277 1795 1329 Ligna
1811 1277 2008 1317 arborum
2031 1277 2203 1318 odorata
2222 1288 2337 1319 erant
2354 1284 2593 1336 generisque

1355 1346 1472 1385 varii.

1417 1415 1482 1455 13,
1515 1415 1590 1454 His
1610 1414 1821 1455 montibus
1839 1414 1956 1455 bidui
1976 1416 2234 1469 navigatione
2253 1418 2433 1458 circuitis
2452 1419 2493 1458 in
2517 1420 2592 1459 im-

1359 1542 1469 1594 Ergo
1488 1540 1638 1580 fluvius
1659 1541 1835 1581 Bamoth
1857 1556 1929 1581 seu
1950 1541 2179 1582 Behemoth
2195 1551 2256 1582 est
2284 1543 2432 1583 fluvius
2451 1544 2596 1599 hippo·

1358 1603 1530 1656 potami.
1553 1622 1569 1637 »
1597 1604 1696 1643 Haec
1714 1605 1966 1643 BocuAR'Tns
1987 1604 2155 1658 optime.
2181 1603 2298 1643 Idem
2323 1605 2471 1644 fluvius
2500 1609 2595 1647 Pto-

1358 1664 1500 1704 lemaeo
1520 1679 1562 1719 p.
1586 1678 1684 1718 292,
1713 1679 1762 1719 17
1783 1665 1936 1705 dicitur
1958 1665 2049 1706 Νία.
2072 1665 2207 1705 Hodie
2229 1675 2291 1706 est
2311 1669 2491 1719 Sanagal
2511 1670 2594 1709 sive

1359 1727 1536 1778 Senegal,
1562 1729 1622 1768 uti
1645 1736 1756 1768 reete
1774 1736 1959 1768 statuunt
1976 1728 2313 1781 Bougainvillius,
2339 1730 2564 1771 Heerenius
2579 1764 2590 1781 ‚

1358 1791 1616 1839 Mannertus‚
1641 1791 1832 1844 Klugius,
1860 1791 2057 1841 Ukertus,
2082 1792 2326 1842 Moversius,
2352 1792 2433 1832 alii.
2455 1795 2516 1833 Ne
2542 1794 2594 1834 de

1360 1852 1538 1892 Gambia
1554 1867 1648 1892 cum
1668 1854 1873 1893 Bocharto
1886 1854 2053 1906 cogiteS,
2073 1845 2230 1907 reliqua
2245 1854 2395 1909 Peripli
2414 1858 2593 1897 narratio

1359 1913 1546 1968 impedit.
1573 1915 1776 1955 Gosselini
1800 1916 2002 1970 Gailiique
2021 1916 2231 1956 sententiae
2253 1931 2338 1957 non
2360 1926 2420 1957 est
2438 1933 2512 1958 cur
2532 1934 2594 1959 re-

1360 1986 1618 2017 censeantur.

1416 2042 1438 2091 8
1459 2053 1522 2080 11.
1544 2056 1658 2094 μεση
1672 2041 1758 2095 μὸρ
1775 2041 1858 2092 ίαν]
1882 2040 2115 2095 μεσημῧρίας
2130 2040 2243 2091 0οά.;
2258 2050 2304 2082 ut
2317 2045 2594 2086 accusativum

1359 2100 1529 2154 pluralis
1552 2104 1743 2151 Gesner.‚
1766 2111 1812 2142 ut
1832 2103 2058 2155 genitivum
2078 2102 2292 2156 singularis
2312 2105 2485 2159 Klugius
2508 2108 2592 2148 vul-

1361 2171 1494 2215 gatam
1514 2164 1617 2204 male
1644 2173 1826 2204 tuentur.
1855 2167 1868 2218 ῙΙ
1885 2189 1942 2194 -
1973 2164 2085 2204 ἀσύν
2100 2163 2177 2204 ετξ
2199 2165 2232 2202 δ’
2263 2166 2591 2222 ἐφθέγγοντο]

1367 2245 1383 2259 «ι
1407 2225 1497 2265 Alia
1515 2226 1638 2278 igitur
1660 2241 1756 2279 gens
1785 2240 1974 2266 sermone
2005 2227 2273 2282 moribusque
2301 2228 2466 2270 dissona
2488 2232 2593 2272 hane

1361 2301 1443 2327 orae
1458 2297 1615 2341 partem
1629 2287 1715 2341 jam
1728 2297 1816 2327 tum
1827 2289 2023 2342 temporis
2039 2289 2257 2330 incolebat.
2275 2293 2416 2341 Quum
2435 2293 2592 2333 AEthio-

1360 2363 1462 2403 pum
1481 2364 1633 2389 nomen
1662 2351 1725 2389 his
1758 2351 1884 2403 nigris
1914 2364 2134 2390 commune
2153 2353 2225 2401 sit,
2253 2353 2405 2392 mirum
2426 2369 2510 2394 non
2532 2365 2592 2396 est

1361 2411 1475 2464 quod
1510 2426 1663 2464 graecus
1698 2412 1900 2466 interpres
1922 2412 2110 2452 hocloco
2142 2413 2287 2453 eadem
2310 2429 2408 2454 voce
2444 2418 2587 2458 utitur.

1361 2474 1610 2526 Interpretes
1633 2487 1798 2526 quoque
1831 2472 2087 2524 Cadamosti,
2123 2475 2194 2528 qui
2226 2475 2334 2517 hanc
2354 2491 2469 2516 oram
2490 2492 2592 2532 prae-

1361 2542 1564 2575 terveetus
1582 2543 1657 2585 est,
1675 2535 1826 2575 horum
1849 2536 2064 2589 nigrorum
2082 2536 2262 2589 linguam
2283 2552 2367 2578 non
2388 2540 2592 2581 intellexe-

1360 2605 1474 2636 runt.
1497 2616 1512 2631 »
1541 2597 1757 2637 KLUGms.

1419 2661 1441 2710 ὃ
1468 2671 1530 2697 12.
1575 2659 1707 2712 ὄρεσι
1750 2659 1986 2713 μεγάλοις
2027 2661 2248 2713 δασέσιν]
2283 2662 2446 2702 Montes
2486 2664 2593 2704 silvis

1362 2721 1539 2761 virentes
1561 2721 1738 2774 intellige
1763 2736 1842 2777 cap
1864 2724 1908 2762 V
1904 2731 1978 2762 ert.
2005 2724 2042 2763 A
2077 2723 2209 2763 Cerne
2231 2724 2362 2764 insula
2383 2725 2594 2780 hucusque

1363 2798 1446 2824 orae
1467 2783 1683 2837 longitudo
1703 2792 1763 2824 est
1786 2783 2014 2825 stadiorum
2033 2786 2195 2825 circiter
2215 2789 2338 2836 4200,
2363 2786 2466 2828 adeo
2486 2798 2530 2829 ut
2552 2790 2594 2829 in

1363 2847 1543 2900 singulos
1566 2845 1653 2886 dies
1672 2846 1950 2901 computanda
1977 2848 2059 2887 sint
2077 2847 2207 2888 stadia
2227 2849 2322 2890 350.
2344 2850 2447 2890 Inde
2470 2866 2493 2891 a
2518 2867 2595 2908 cap

1367 2908 1552 2949 Corveiro
1585 2908 1715 2949 stadia
1735 2917 1832 2949 sunt
1864 2908 1917 2949 ad
1946 2909 2078 2960 50003
2115 2925 2238 2964 quem
2275 2919 2450 2953 tractum
2478 2915 2595 2969 Poly-

1362 2971 1455 3011 bius
1478 2986 1543 3026 ap.
1566 2971 1672 3011 Plin.
1693 2971 1720 3011 l.
1746 2971 1773 3011 l.
1804 2980 2007 3012 memorat
2028 2981 2222 3027 tanquam
2250 2973 2386 3014 sinum
2407 2991 2594 3028 magnam

1365 3038 1444 3075 616
1466 3034 1569 3074 mill.
1596 3048 1716 3090 pass.
1746 3033 1886 3090 (4928
1917 3034 2022 3075 stad.
2043 3034 2075 3090 ),
2102 3036 2173 3089 qui
2201 3050 2224 3075 a
2246 3036 2371 3077 borea
2393 3039 2595 3080 clauditur

1363 3097 1577 3137 Surrentio
1598 3097 1886 3150 promontorio
1909 3096 1922 3152 (
1942 3112 2020 3152 cap
2042 3098 2170 3137 Blane
2190 3098 2252 3138 vel
2273 3100 2408 3153 potius
2441 3115 2476 3140 c.
2506 3105 2595 3142 Cot·-

1363 3158 1648 3215 veiro).Idem
1661 3159 1773 3198 sinus
1794 3158 1904 3212 apud
1923 3159 2187 3199 Ptolemaeum
2200 3174 2242 3214 p.
2265 3173 2360 3213 292,
2386 3165 2408 3201 6
2427 3172 2594 3203 vocatur

1370 3221 1566 3276 Ἓσπέριος
1580 3218 1736 3271 κόλπος,
1753 3223 1905 3276 quippe
1920 3236 2042 3275 quem
2058 3221 2273 3261 meridiem
2286 3237 2425 3262 versus
2443 3224 2594 3265 claudit

1371 3282 1555 3339 Ἑσπέρου
1590 3284 1706 3338 Κέρας
1729 3283 1867 3337 ἅκρον;
1904 3284 1961 3322 sic
1983 3284 2094 3323 enim
2117 3292 2234 3323 vocat
2261 3288 2593 3338 promontorium

1363 3346 1530 3396 Viride,
1553 3345 1654 3385 dum
1688 3345 1798 3399 apud
1826 3347 2071 3385 Hannonem
2097 3344 2278 3399 Ἑσπέρου
2307 3347 2442 3401 Κέρας,
2475 3349 2593 3388 sicuti

1364 3409 1492 3449 Νότου
1521 3410 1657 3463 Κέρας,
1685 3423 1767 3447 11011
1787 3409 2061 3462 promontorii
2086 3416 2146 3448 est
2167 3423 2342 3460 nomen,
2362 3410 2431 3450 sed
2456 3412 2590 3461 sinus,

1365 3471 1416 3512 de
1435 3487 1518 3526 quo
1534 3486 1629 3511 mox
1650 3470 1895 3511 videbimus.

1422 3537 1443 3587 §
1463 3535 1527 3574 13.
1554 3534 1603 3589 ἐγ
1616 3534 1684 3573 ινό
1699 3535 1780 3588 μεθ
1795 3536 1848 3585 α]
1868 3533 2056 3588 γινόμεθα
2071 3532 2188 3573 editt.
2202 3542 2242 3574 et
2256 3533 2401 3584 codex,
2419 3543 2467 3574 ut
2485 3535 2595 3576 vidc-

1365 3605 1447 3637 tur.
1477 3598 1574 3637 Dies
1596 3596 1681 3636 duo
1704 3610 1833 3650 quum
1852 3611 1936 3636 non
1953 3597 1996 3635 in
2013 3597 2102 3650 ipso
2121 3596 2483 3637 circumflectendo
2502 3612 2596 3652 pro-

1365 3661 1574 3700 montorio
1611 3660 1817 3699 consumti
1854 3659 1958 3708 sint,
2003 3657 2075 3698 sed
2106 3659 2338 3712 pertineant
2379 3673 2507 3712 usque
2543 3659 2594 3698 ad

1366 3722 1583 3763 Gambiam
1612 3722 1813 3762 fluvium:
1842 3736 1920 3761 vox
1956 3721 2270 3776 περιπλεύσαντες
2292 3721 2443 3761 laxiore
2475 3735 2595 3760 sensu

1366 3784 1606 3832 adhibetur,
1646 3792 1687 3824 et
1717 3783 1923 3838 περίπλουν
1962 3784 2236 3838 promontorii
2280 3791 2321 3822 et
2358 3791 2593 3835 sequentem

1366 3849 1571 3888 montium
1595 3847 1817 3902 παράπλουν
1849 3845 2217 3901 comprehendens.
2241 3848 2499 3898 Quamquam
2526 3859 2595 3884 ne·

1367 3912 1451 3952 scio
1480 3925 1533 3951 an
1555 3911 1755 3964 scriptum
1792 3909 1917 3950 fuerit
1953 3908 2284 3963 παραπλεύσαντες
2318 3907 2357 3946 δὲ
2380 3909 2496 3946 ταῦτα
2519 3906 2590 3962 ἣμ.

1368 3975 1451 4026 δύο,
1478 3982 1549 4015 aut
1571 3973 1890 4028 περιπλεύσαντες
1913 3972 1953 4012 δὲ
1976 3975 2112 4022 ταῦτα,
2137 3970 2287 4025 [μετὰ]
2313 3969 2381 4024 ἣμ.
2406 3970 2472 4008 δύο
2500 3968 2560 4025 ἐγ.
