2808 4342
78 181 164 240 (14.)

75 300 135 329 225
162 284 391 345 Σειρηνίδες
415 281 566 343 Κίρκης
585 299 626 325 τε
647 283 762 334 ν’ἧσοι
781 279 1017 340 λεγόμεναι.

160 353 254 399 Εἰσὶ
275 354 308 397 δ’
333 351 470 396 ἐπάνω
492 348 565 408 μὲν
586 350 667 392 τῶν
688 350 916 407 Πελασγῶν
938 349 1162 411 Ὀμὸρικοί
1177 385 1247 408 ,...

161 420 227 473 οὒς
247 420 362 483 ᾤκισ’
385 421 458 463 οὑκ
483 417 641 478 Κίρκης
661 416 860 462 Ὀδυσσεῖ
876 417 1089 475 γενόμενος

161 492 357 547 Λατῖνος,
378 484 559 537 Αὔσονές
580 504 622 530 τε
649 484 861 545 μεσόγειον
882 487 1009 530 τόπον

159 558 337 618 ἔχοντες,
362 554 509 601 Αὔσων
530 553 597 605 οὒς
618 553 845 599 συνοικίσαι
866 555 1003 621 δοκεῖ,

157 625 388 675 Ὀδυσσέως
407 627 502 675 παῖς
524 623 594 668 καὶ
615 625 837 685 Καλυψοῦς
855 623 1086 684 γενόμενος.

161 694 233 740 Ἐν
252 700 334 745 τοῖς
358 692 486 737 ἔθνεσι
506 691 662 742 τούτοις
685 691 727 736 δὲ
748 691 896 751 Ῥώμη
922 693 1024 736 ’στὶν
1046 691 1161 743 πόλις

162 762 297 825 ἔχουσ’
318 761 541 824 ἐφάμιλλον
564 764 613 821 τῇ
641 761 811 820 δυνάμει
831 761 901 804 καὶ
926 761 1106 819 τοῦνομα
1122 796 1134 819 ,

158 832 304 893 ἄστρον
328 849 367 875 τι
389 829 520 875 κοινὸν
541 833 613 884 τῆς
636 829 732 884 ὅλης
758 828 998 889 οἰκουμένης
1013 865 1024 884 ,

158 903 198 946 ἐν
220 904 271 962 τῇ
290 898 448 960 Λατίνῃ
463 917 473 926 ·
495 898 712 957 Ῥωμύλον
736 898 770 942 δ’
790 897 918 954 αὐτὴν
940 898 1077 943 κτίσαι

70 986 130 1013 2:55
160 968 326 1029 θέμενον
352 970 421 1030 ἀφ’
445 969 570 1012 αὑτοῦ
596 986 696 1030 φασι
715 970 833 1012 τοῦτο
856 966 1051 1024 τοῦνομα.

159 1037 284 1084 Μετὰ
308 1035 349 1082 δὲ
369 1036 569 1088 Λατίνους
588 1036 698 1081 ἔστιν
719 1038 760 1080 ἓν
782 1035 969 1088 Ὀπικοῖς
990 1036 1105 1087 πόλις

159 1110 231 1163 τῆς
255 1106 476 1166 λεγομένης
495 1105 641 1166 λίμνης
664 1104 827 1166 Ἀόρνου
850 1106 1023 1161 πλησίον

164 1175 291 1235 Κύμη
305 1211 316 1231 ,
342 1176 536 1238 πρότερον
558 1175 608 1230 ἣν
631 1176 854 1226 Χαλκιδεῖς
874 1175 1106 1235 ἀπῴκισαν,

164 1237 235 1289 εἰτ’
262 1246 446 1296 Αἰολεῖς·
473 1237 553 1305 [οῧ
578 1243 800 1306 Κερὸέριόν
823 1263 862 1289 τι
883 1243 1086 1288 δείκνυται

73 643 135 673 230

76 1379 172 1420 225.
193 1381 330 1421 Circes
351 1379 494 1420 insulae
513 1378 567 1419 ad
584 1379 791 1420 Circeium
809 1393 966 1434 prom.;
987 1377 1208 1427 Sirenides,
1232 1385 1311 1417 tres

75 1455 210 1497 parvae
229 1440 372 1481 insulae
392 1449 487 1496 post
506 1441 715 1492 Misenum
732 1455 870 1496 prom.
895 1441 1003 1491 sitae,
1026 1440 1113 1480 aliis
1129 1439 1313 1494 Σιρηνοῦ-

77 1518 161 1552 σαι,
187 1501 371 1543 Sirenum
388 1502 550 1558 scopuli
571 1502 634 1543 vel
649 1512 783 1559 petrae
804 1503 818 1558 (
840 1501 942 1544 hod.
959 1501 1122 1551 Licosa,
1154 1501 1308 1549 Pietro,

77 1564 119 1604 la
137 1563 304 1605 Galetta
327 1563 360 1619 ).
377 1565 433 1604 V.
452 1563 598 1605 Strabo
623 1567 658 1614 Ι,
684 1579 727 1619 p.
753 1578 824 1605 22.
848 1566 925 1615 VI,
943 1579 986 1620 p.
1006 1565 1111 1614 258;
1138 1565 1308 1605 Aristot.

74 1626 172 1666 Mir.
195 1638 288 1677 1103
310 1625 414 1665 Ptol.
432 1627 511 1675 III,
534 1638 579 1675 13
596 1625 746 1679 Virgil.
766 1626 862 1666 AEn.
883 1639 924 1675 v,
948 1629 1048 1676 1643
1068 1625 1176 1666 Mela
1189 1627 1246 1676 II,
1269 1628 1310 1673 [μ

75 1688 139 1729 Cf.
161 1689 286 1728 Dion.
310 1688 392 1729 360
420 1688 561 1742 ibique
578 1689 769 1729 Eustath.
792 1689 808 1743 Η
831 1713 888 1719 -
905 1701 1002 1742 227.
1027 1689 1164 1744 ᾤκισεν
1185 1688 1313 1742 ὁκκιρ-

75 1766 143 1801 κης
153 1749 285 1790 codex
298 1765 309 1800 ;
327 1764 409 1790 cm.
425 1751 649 1791 Letronne.
668 1751 863 1792 Ceterum
878 1750 1077 1792 excidisse
1095 1751 1139 1791 in
1153 1760 1309 1792 antece.

75 1813 320 1853 Latinorum
330 1813 599 1862 mentionem,
615 1827 747 1868 quum
762 1812 816 1854 ad
830 1813 921 1864 hos,
938 1827 1025 1853 non
1040 1813 1094 1854 ad
1111 1813 1309 1864 Umbros,

75 1875 247 1916 Latinus
261 1875 477 1932 pertineat,
499 1890 547 1917 ac
573 1876 745 1917 omnino
764 1875 916 1918 diserta
938 1877 1043 1918 Latii
1063 1877 1218 1918 mentio
1241 1876 1313 1917 de-

74 1936 291 1988 sideretur,
317 1946 427 1978 recte
449 1938 592 1979 statuit
616 1938 857 1989 Cluverius,
882 1948 1078 1980 monente
1105 1939 1309 1981 Fabricio.

76 2001 138 2040 De
177 2000 314 2041 Latini
357 2001 600 2055 parentibus
634 2016 731 2042 cum
763 2002 916 2042 Nostro
949 2001 1107 2043 faciunt
1139 2002 1310 2043 Hesiod.

73 2062 230 2117 Theog.
252 2063 356 2104 1013
377 2071 418 2104 et
438 2063 634 2118 Stephan.
657 2078 698 2104 v.
722 2063 951 2119 Πραινέστη.
986 2065 1180 2106 Similiter
1195 2065 1313 2106 Tele-

73 2125 207 2166 machi
227 2133 269 2166 et
283 2126 420 2167 Circes
438 2125 571 2166 filium
598 2125 700 2167 dicit
716 2127 871 2182 Hygin.
894 2127 977 2168 fab.
1007 2140 1084 2180 127
1103 2135 1145 2167 et
1162 2127 1312 2168 Clinias

74 2200 140 2241 ap.
179 2189 362 2228 Festum.
390 2202 434 2243 p.
465 2190 547 2241 249
584 2187 653 2229 ed.
689 2189 750 2229 M.
789 2188 873 2230 Alii
904 2189 1025 2243 longe
1052 2189 1183 2229 aliter.
1213 2190 1229 2243 ΙΙ
1258 2214 1314 2220 --

77 2261 173 2302 229.
210 2248 411 2297 Αὖσωνοῦς
449 2250 683 2290 συνοικεῖσαι
711 2249 806 2290 cod.
833 2251 849 2303 Η
892 2274 949 2281 —
981 2251 1078 2291 231.
1110 2249 1206 2305 ῥώμ’
1234 2250 1313 2292 ἐστι

75 2310 169 2350 cod.
196 2311 212 2364 ss
231 2335 288 2342 —
309 2312 406 2360 234.
428 2310 544 2352 αύτὸν
564 2310 659 2352 cod.
679 2312 695 2365 ΙΙ
714 2335 771 2342 —
789 2312 993 2365 239-253.
1011 2314 1173 2352 Horum
1189 2313 1312 2354 series

75 2371 240 2413 turbata
258 2381 332 2413 est.
359 2375 464 2425 Quae
485 2381 579 2428 post
598 2373 724 2413 verba
747 2371 819 2414 εἶτ’
837 2373 991 2421 Αἰολεῖς
1013 2375 1130 2415 uncis
1145 2375 1307 2427 inclusi,

76 2434 118 2472 in
138 2433 280 2474 codice
308 2434 503 2487 leguntur
529 2449 569 2475 v.
594 2434 675 2474 252
712 2443 806 2490 post
826 2435 953 2476 verba
978 2435 1014 2475 οἱ
1037 2436 1238 2487 Φωκαεῖς;
1266 2452 1312 2478 ea

76 2504 214 2536 autem
237 2510 329 2551 quae
353 2510 428 2550 ego
451 2505 546 2552 post
571 2495 696 2537 verba
725 2496 762 2535 οἱ
793 2496 904 2538 Φωκ.
937 2497 1125 2538 cancellis
1155 2499 1308 2550 notavi,

76 2556 207 2598 codex
228 2557 352 2598 habet
365 2565 458 2612 post
473 2572 513 2598 v.
539 2556 611 2598 εἶτ’
633 2556 786 2605 Αἰολεῖς
798 2558 912 2599 hunc
927 2559 971 2598 in
989 2557 1164 2599 modum
1178 2568 1313 2601 muta-

77 2628 116 2659 ta
135 2628 175 2660 et
191 2621 359 2660 metrice
390 2628 587 2675 corrupta
608 2633 618 2661 :
643 2620 812 2675 μάλιστά
835 2621 870 2661 τ’
904 2620 1180 2677 εὖανδρουμένη
1214 2622 1312 2664 κατὰ

75 2679 144 2731 τὴν
177 2681 298 2722 Ἀσίαν
319 2681 429 2737 Κύμη
460 2683 614 2737 κειμένη
636 2682 759 2730 πόλις.
782 2685 899 2724 Patet
931 2682 1121 2724 ordinem
1147 2698 1310 2738 geogra-

76 2743 245 2799 phicum
261 2744 306 2784 in
330 2742 473 2784 codice
505 2757 656 2798 susque
674 2742 809 2798 deque
837 2744 1021 2786 mixtum
1047 2758 1148 2795 esse,
1180 2760 1313 2800 quum

76 2806 317 2848 Cerberium
346 2804 399 2845 ad
428 2806 581 2846 Cumas
612 2806 837 2863 pertineat,
873 2806 1024 2847 deinde
1045 2807 1235 2862 proxime
1255 2822 1315 2848 se-

78 2879 228 2924 quatur
255 2868 468 2925 Neapolis,
508 2883 635 2925 quam
669 2871 884 2926 excipiunt
917 2871 1153 2919 Samnitum
1179 2885 1253 2912 ora
1274 2881 1316 2913 et

78 2932 174 2973 dein
196 2933 399 2974 OEnotria
420 2933 613 2988 in'eaque
630 2933 732 2974 urbs
754 2933 866 2974 Elea.
885 2934 1003 2975 Hanc
1024 2935 1153 2988 igitur
1167 2934 1314 2975 seriem

76 2994 384 3050 transponendo
399 2995 672 3036 restituimus.
690 2995 822 3038 Aliter
835 3010 926 3037 rem
945 2997 1124 3037 instituit
1139 2997 1314 3038 Letron-

79 3058 187 3109 nius,
207 3059 279 3113 qui
307 3058 431 3099 verba
450 3055 493 3098 οῧ
513 3058 714 3114 Κερῧέριον
816 3058 1003 3101 Ὀδυσσέα
1019 3068 1114 3115 post
1138 3057 1212 3100 εἶτ’
1231 3059 1317 3102 Αἰο-

81 3119 162 3167 λεῖς
184 3121 382 3171 inseruit3
416 3120 566 3161 deinde
584 3131 678 3176 post
698 3122 824 3163 verba
841 3122 879 3163 οἱ
907 3123 1087 3171 Φωκαεῖς
1104 3123 1317 3166 collocavit

81 3181 206 3222 verba
229 3195 239 3222 :
264 3182 429 3236 μάλιστά
460 3183 493 3223 τ’
520 3182 798 3239 εὖανδρουμένη
832 3183 930 3226 κατὰ
961 3182 1031 3235 τὴν
1057 3183 1178 3225 Ἀσίαν
1202 3186 1312 3241 Κύμη

86 3243 103 3297 [
130 3242 205 3283 ’στι
222 3257 272 3284 ex
290 3246 423 3300 suppl.
442 3246 692 3302 Hoeschelii]
712 3248 866 3303 κειμένη
880 3280 891 3299 ,
916 3247 1020 3289 adeo
1038 3256 1086 3289 ut
1102 3259 1194 3304 post
1208 3250 1316 3290 Pho-

81 3319 256 3346 caeenses
276 3306 382 3347 Eleae
410 3309 548 3349 nescio
571 3323 656 3363 quo
683 3319 804 3365 pacto
835 3319 1117 3352 memorentur
1138 3313 1314 3353 Cumani

85 3367 275 3418 Asiatici,
309 3367 458 3410 deinde
494 3385 593 3412 vero
627 3381 770 3414 contra
805 3373 998 3415 ordinem
1026 3373 1316 3417 introducatur

87 3429 370 3470 Cumanorum
393 3431 620 3486 Opicorum
642 3433 804 3475 colonia
830 3435 1036 3490 Neapolis.
1058 3439 1121 3477 De
1141 3451 1223 3492 qua
1249 3452 1314 3478 re-

85 3504 181 3530 rum
195 3489 462 3533 adornatione
474 3493 705 3536 Meinekius
724 3508 734 3536 z
758 3513 774 3534 «
794 3499 851 3538 At
864 3499 1125 3554 transpositio
1140 3501 1316 3541 istorum

84 3565 297 3602 versuum,
319 3567 449 3607 quum
469 3568 544 3609 per
571 3570 757 3598 errorem
783 3572 868 3613 quo
888 3560 1035 3614 integri
1054 3575 1159 3616 saepe
1174 3576 1315 3603 versus

83 3615 177 3656 loco
195 3629 272 3655 suo
286 3615 388 3655 moti
406 3625 517 3667 sunt,
534 3616 640 3658 facta
656 3632 742 3659 esse
756 3634 842 3660 non
860 3623 1003 3676 possit,
1025 3621 1312 3665 difficillimum

86 3677 210 3717 habet
229 3676 491 3731 explicatum,
511 3692 588 3719 nec
605 3693 690 3734 quo
708 3682 879 3723 consilio
894 3683 1079 3724 instituta
1092 3684 1217 3739 fuerit
1232 3686 1314 3727 ullo

85 3748 206 3794 pacto
219 3747 352 3794 potest
365 3739 548 3794 intelligi.
566 3742 795 3785 Fen-endam
806 3753 942 3785 tamen
954 3755 1142 3801 putarem
1160 3757 1200 3789 et
1217 3763 1315 3791 casu

29 3855 31 3858 Α
86 3802 233 3842 factam
265 3801 462 3852 dicerem,
487 3803 520 3842 si
542 3810 679 3844 tamen
710 3806 766 3846 ita
793 3805 958 3848 dicendi
986 3808 1143 3863 legibus
1175 3811 1313 3868 aliquo

86 3862 213 3903 modo
239 3862 475 3904 consultum
499 3873 617 3905 esset.
647 3868 703 3907 At
722 3867 816 3908 vide
843 3869 946 3910 mihi
974 3870 1188 3914 infantiam
1214 3875 1315 3915 scri·

86 3926 215 3980 ptoris
243 3926 286 3965 in
303 3925 417 3967 hunc
436 3925 610 3968 modum
627 3927 892 3972 balbutientis
911 3944 921 3972 :
945 3931 986 3972 in
993 3933 1155 3987 finibus
1173 3938 1313 3977 OEno-

87 3987 260 4030 trionem
277 3988 363 4030 sica
388 3998 448 4031 est
467 3988 693 4033 Posidonia
710 3992 992 4046 Sybaritarum
1011 4005 1051 4037 et
1076 3997 1196 4039 Velia
1210 3998 1314 4040 Pho-

1015 181 1096 226 ΟΒ
1106 182 1191 227 BlS
1226 183 1594 232 DESCRIPTIO.
1657 233 1662 237 .

2522 206 2608 244 205

1373 292 1580 333 Sirenides
1599 294 1817 348 Circesque
1840 293 1959 334 dictae
1979 294 2134 334 insulae.

1375 360 1509 413 Supra
1526 360 1712 414 Pelasgos
1733 369 1870 401 autem
1889 361 2039 401 Umbri
2057 370 2153 401 sunt
2167 391 2233 411 ,...

1378 425 1545 474 Latini,
1566 441 1670 481 quos
1689 428 1902 468 constituit
1918 428 2063 482 Ulysse
2082 436 2123 468 et
2141 429 2259 469 Circe
2278 439 2396 472 natus

1378 494 1575 544 Latinus,
1601 497 1870 550 Ausonesque
1891 495 2238 536 mediterraneum
2259 496 2398 538 locum

1377 569 1585 610 tenentes,
1608 563 1752 602 Auson
1775 576 1879 616 quos
1900 562 2159 603 constituisse
2182 562 2358 615 videtur,

1375 628 1534 683 Ulyssis
1554 627 1662 671 filius
1679 643 1702 669 e
1723 629 1896 683 Calypso
1913 637 2166 683 procreatus.

1378 698 1428 735 In
1451 695 1515 736 his
1535 703 1672 736 autern
1692 696 1882 748 gentibus
1901 704 1962 736 est
1979 698 2112 736 Roma
2128 696 2227 737 urbs
2241 728 2252 748 ,

1377 763 1534 804 habens
1554 777 1630 818 par
1649 763 1844 817 potentiae
1865 763 1988 803 etiam
2008 777 2181 815 nomen,

1378 840 1536 872 astrum
1557 829 1771 886 quoddam
1789 845 2011 871 commune
2032 832 2157 872 totius
2177 833 2287 873 orbis
2302 866 2313 884 ,

1378 901 1424 940 in
1443 900 1561 941 Latio
1576 915 1587 949 ;
1612 898 1838 940 Romulum
1856 898 1966 939 illam
1986 899 2220 941 condidisse

1377 969 1662 1023 imponentem
1681 966 1733 1008 de
1751 981 1794 1007 se
1816 966 1954 1007 ferunt
1971 966 2099 1007 hocce
2119 982 2287 1009 nomen.

1378 1038 1478 1077 Post
1498 1037 1667 1077 Latinos
1686 1049 1784 1076 vero
1803 1043 1864 1076 est
1882 1035 1926 1075 in
1948 1035 2089 1090 Opicis
2110 1036 2209 1076 urbs
2223 1068 2235 1087 ,

1380 1108 1571 1155 Avernae,
1593 1118 1719 1158 quam
1737 1111 1899 1154 vocant,
1920 1103 2060 1158 paludi
2080 1105 2333 1159 propinqua,

1380 1174 1513 1213 Cuma
1526 1203 1538 1223 ,
1561 1173 1677 1227 prius
1696 1185 1822 1226 quam
1845 1170 2131 1212 Chalcidenses
2151 1173 2450 1226 condiderunt,

1382 1241 1532 1282 deinde
1553 1241 1712 1291 AEoles;
1742 1240 1844 1295 [ubi
1862 1240 2105 1282 Cerberium
2124 1241 2333 1296 quoddam
2353 1245 2597 1295 ostenditur,

1382 1375 1598 1416 caeensium
1613 1374 1787 1424 colonia,
1806 1384 1844 1415 et
1849 1374 2190 1431 frequentissima
2208 1375 2495 1418 Asiaticarum
2509 1379 2614 1420 cim·-

1384 1449 1519 1481 tatum
1537 1449 1598 1480 est
1612 1443 1736 1480 Cuma
1746 1457 1761 1488 ;
1780 1439 1833 1479 ab
1855 1438 1941 1479 illis
1961 1448 2097 1479 autem
2116 1454 2205 1495 quae
2216 1439 2274 1480 ad
2292 1442 2501 1482 Avernum
2524 1443 2616 1482 sitoe

1381 1512 1481 1543 sunt
1499 1501 1633 1543 Cumis
1645 1501 1842 1553 originem
1861 1500 1979 1542 ducit
1993 1501 2207 1557 Neapolis.
2224 1503 2310 1542 Nisi
2327 1503 2454 1556 igitur
2467 1505 2615 1559 proba·

1385 1565 1507 1605 bilior
1515 1563 1764 1605 emendandi
1774 1564 1877 1604 ratio
1887 1572 2048 1618 reperta
2064 1563 2202 1614 fuerit,
2217 1565 2439 1619 praestabit,
2450 1568 2612 1621 opinor,

1384 1641 1510 1667 suum
1522 1627 1683 1668 auctori
1698 1640 1882 1666 errorem
1900 1625 2150 1680 relinquere.
2177 1643 2192 1663 »
2221 1628 2317 1667 Haec
2338 1642 2437 1668 vero
2456 1629 2615 1670 incom⁰

1382 1688 1509 1730 moda
1517 1697 1667 1730 nostrae
1678 1689 1856 1729 rationes
1862 1687 1950 1742 jam
1961 1688 2231 1729 sustulerunt.
2243 1690 2374 1730 Causa
2388 1699 2523 1730 autem
2534 1699 2616 1732 tur-

1382 1751 1534 1792 barum
1551 1752 1596 1792 in
1613 1766 1663 1792 eo
1678 1749 1902 1806 quaerenda
1915 1765 2001 1791 esse
2018 1750 2196 1801 videtur,
2219 1750 2333 1806 quod
2351 1752 2501 1793 sciolus
2522 1755 2614 1807 qui-

1383 1813 1481 1855 dam
1492 1814 1617 1855 verba
1632 1822 1763 1869 poetae
1779 1811 1852 1854 εἶτ’
1876 1812 2029 1860 Αἰολεῖς
2042 1813 2272 1854 accuratius
2283 1812 2454 1854 definire
2469 1815 2614 1867 voluit,

1384 1886 1433 1917 ut
1451 1877 1575 1918 sciret
1587 1877 1730 1927 lector,
1752 1874 1868 1931 quod
1880 1883 2026 1931 sponte
2037 1874 2122 1916 fere
2135 1875 2390 1929 intelligitur,
2407 1876 2614 1918 AEolenses

1382 1938 1489 1990 illos,
1506 1939 1579 1994 qui
1590 1939 1741 1980 Cumas
1756 1938 1958 1989 venerint,
1976 1939 2184 1979 Cumanos
2201 1937 2326 1978 fuisse
2337 1938 2552 1980 Asiaticos.
2567 1940 2617 1981 Id

1386 2016 1483 2043 vero
1502 2001 1663 2043 efficere
1677 2001 1755 2042 sibi
1771 2001 1884 2042 visus
1902 2010 1963 2042 est
1975 1999 2261 2042 transferendo
2277 2000 2362 2041 huc
2376 2015 2468 2055 quae
2479 2011 2617 2056 postea

1383 2063 1437 2106 de
1460 2064 1634 2106 Phocaea
1656 2063 1935 2119 parenthetice
1955 2063 2065 2105 dicta
2085 2071 2204 2114 sunt,
2229 2063 2307 2103 nisi
2326 2063 2440 2118 quod
2458 2066 2616 2106 nomini

1383 2127 1550 2167 Φωκαία
1579 2126 1792 2167 substituit
1822 2141 1977 2167 nomen
2006 2126 2140 2181 Κύμη,
2167 2140 2317 2181 parum
2354 2127 2616 2168 considerans

1383 2196 1565 2228 metrum
1598 2188 1657 2228 sic
1684 2186 1968 2243 pessumdari3
1990 2185 2105 2241 quod
2128 2186 2341 2241 quomodo
2363 2188 2616 2230 Hoeschelius

1382 2248 1689 2291 restituendum
1719 2249 1926 2304 putaverit
1953 2262 2078 2303 supra
2108 2247 2302 2290 indicavi.
2342 2250 2532 2301 (Mirum
2564 2250 2616 2291 de

1382 2311 1463 2352 hoc
1474 2310 1758 2366 supplemento
1771 2325 1906 2365 neque
1921 2310 2197 2354 Letronnium
2211 2324 2345 2364 neque
2355 2311 2613 2353 Meinekium

1382 2373 1613 2423 monuisse,
1643 2373 1761 2427 quasi
1780 2372 1889 2427 Κύμη
1919 2370 1996 2412 ’στὶ
2030 2371 2183 2412 codicis
2205 2380 2308 2411 esset
2331 2371 2464 2412 lectio.
2485 2375 2502 2426 )
2522 2375 2613 2414 Jam

1385 2448 1482 2474 vero
1504 2435 1598 2475 satis
1619 2442 1731 2488 patet
1747 2434 1885 2488 ipsum
1907 2442 2070 2488 poetam
2085 2466 2096 2483 ,
2121 2434 2155 2473 si
2175 2432 2306 2473 fusius
2328 2433 2528 2488 explicare
2544 2449 2614 2475 vo-

1383 2499 1524 2540 luisset
1539 2499 1672 2539 AEoles
1689 2498 1778 2538 illos
1793 2512 1879 2538 esse
1899 2499 2107 2539 Cumanos
2123 2497 2322 2539 Asiaticos
2333 2528 2345 2548 ,
2366 2497 2411 2537 id
2427 2512 2513 2539 non
2531 2507 2615 2540 tam

1382 2561 1532 2616 ineptis
1547 2560 1756 2601 facturum
1772 2559 1896 2600 fuisse
1907 2559 2057 2609 verbis,
2075 2573 2168 2613 quae
2186 2558 2316 2598 nihilo
2333 2560 2616 2614 perspicuiora

1384 2622 1472 2663 fore
1497 2617 1643 2663 censeo
1661 2622 1695 2662 si
1716 2634 1814 2662 cum
1833 2619 2042 2661 Meinekio
2071 2619 2183 2660 dicas
2209 2632 2220 2660 :
2249 2639 2265 2655 α
2296 2621 2394 2660 Haec
2412 2619 2464 2661 de
2485 2621 2615 2662 Cuma

1382 2683 1539 2725 AEolica
1560 2698 1645 2739 quo
1671 2683 1842 2724 consilio
1870 2681 2079 2724 addiderit
2099 2682 2291 2738 scriptor,
2310 2681 2449 2737 paullo
2471 2683 2616 2724 melius

1383 2746 1633 2800 intelligetur
1659 2746 1693 2786 si
1732 2745 1944 2801 scripseris
1979 2757 1990 2785 ε
2028 2744 2196 2800 μάλιστα
2228 2745 2261 2784 δ’
2286 2743 2462 2799 εὕανδρος
2492 2744 2558 2800 μὲν
2591 2745 2616 2797 ἣ

1384 2809 1483 2849 κατὰ
1511 2807 1582 2861 τὴν
1620 2807 1741 2849 Ἀσίαν
1778 2807 1888 2863 Κύμη
1938 2805 2016 2847 ’στὶ
2050 2808 2203 2862 κειμένη
2237 2807 2362 2857 πόλις,
2400 2807 2484 2847 sive
2522 2822 2619 2848 cum

1383 2871 1653 2927 Bernhardyo
1673 2872 1689 2925 (
1705 2869 1826 2912 Anal.
1847 2870 1891 2910 in
1910 2883 2048 2924 geogr.
2069 2870 2173 2911 min.
2187 2884 2231 2925 p.
2258 2872 2281 2911 8
2294 2871 2585 2925 >proposueris
2603 2884 2614 2912 :

1386 2932 1458 2974 εἴτ’
1480 2933 1635 2981 Αἰολεῖς
1673 2932 1841 2988 μάλιστά
1862 2932 1896 2973 τ’
1935 2931 2212 2988 εὖανδρουμένη
2243 2948 2280 2973 κ.
2312 2947 2350 2973 τ.
2391 2931 2466 2973 Ἆσ.
2507 2933 2615 2988 Κύμη

1388 2995 1510 3050 [ποτὲ
1530 2998 1546 3052 ]
1565 2997 1719 3052 κειμένη
1738 2996 1864 3043 πόλις.
1905 2994 1922 3048 Η
1954 3018 2011 3025 -—
2027 2995 2124 3047 239.
2153 2993 2275 3035 Αἰολ
2289 3009 2304 3035 ε
2318 2996 2358 3042 ῖς
2379 2995 2395 3050 ]
2412 2995 2616 3036 AEolenses

1385 3059 1595 3110 Cumanos
1634 3073 1719 3100 una
1754 3072 1852 3100 cum
1900 3056 2235 3099 Chalcidensibus
2277 3066 2458 3098 recenset
2494 3058 2615 3098 etiam

1385 3124 1532 3165 Strabo
1551 3123 1610 3173 V,
1634 3136 1679 3179 p.
1702 3121 1807 3172 243,
1839 3134 1926 3162 non
1961 3135 2010 3162 eo
2039 3130 2176 3162 tamen
2210 3119 2337 3160 modo
2364 3133 2447 3173 quo
2468 3120 2616 3159 Noster

1385 3186 1501 3238 fecit;
1522 3200 1621 3227 nam
1656 3186 1714 3226 ita
1747 3183 1872 3225 habet
1904 3195 1914 3224 :
1949 3183 2083 3238 Κύμη,
2105 3182 2324 3223 Χαλκιδέων
2345 3181 2410 3221 καὶ
2435 3181 2614 3235 Κυμαίων

1384 3249 1645 3291 παλαιότατον
1668 3247 1829 3302 κτίσμα·
1863 3248 1995 3287 πασῶν
2017 3246 2092 3300 γάρ
2116 3243 2195 3285 ἐστι
2216 3243 2452 3298 πρεσὸυτάτη
2479 3247 2555 3283 τῶν
2572 3258 2614 3283 τε

1384 3311 1594 3351 Σικελικῶν
1617 3308 1683 3350 καὶ
1709 3312 1785 3349 τῶν
1807 3305 2094 3348 Ἰταλιωτίδων.
2122 3305 2170 3346 Οἱ
2193 3305 2233 3346 δὲ
2248 3305 2314 3345 τὸν
2335 3304 2475 3345 στόλον
2495 3305 2614 3360 ἄγον-.-

1384 3389 1467 3425 τες,
1501 3371 1707 3423 Ἱπποκλῆς
1727 3369 1749 3411 ὁ
1771 3369 1941 3425 Κυμαῖος
1969 3368 2035 3410 καὶ
2065 3368 2313 3423 Μεγασθένης
2339 3367 2359 3407 ὃ
2378 3367 2585 3415 Χαλκιδεὺς
2598 3400 2611 3419 ,

1385 3434 1731 3491 διωμολογήσαντο
1746 3431 1838 3487 πρὸς
1855 3433 1948 3486 σφᾶς
1967 3430 2114 3481 αὖτοὺς,
2130 3434 2204 3471 τῶν
2221 3429 2286 3486 μὲν
2304 3428 2478 3470 ἀποικίαν
2496 3427 2612 3479 εἷναι,

1384 3503 1459 3539 τῶν
1476 3498 1517 3538 δὲ
1534 3496 1604 3547 τὴν
1622 3494 1854 3550 ἐπωνυμίαν·
1871 3494 1957 3534 ὅθεν
1975 3496 2040 3534 νῦν
2059 3492 2125 3548 μὲν
2141 3491 2463 3548 προσαγορεύεται
2483 3491 2610 3546 Κύμη,

1384 3561 1510 3602 κτίσαι
1528 3561 1564 3599 δ’
1591 3555 1706 3608 αὐτὴν
1735 3556 1944 3603 ΧαλκιδεῖςΙ
1961 3556 2131 3596 δοκοῦσι.
2163 3555 2245 3597 Alii
2263 3554 2429 3595 nonnisi
2458 3554 2615 3596 Chalci-

1384 3623 1528 3664 denses
1566 3627 1820 3669 memorant,
1855 3619 1934 3659 nisi
1969 3616 2085 3673 quod
2121 3617 2373 3659 Eretrienses
2411 3617 2460 3657 iis
2477 3615 2614 3670 jungit

1384 3684 1608 3740 Dionysius
1643 3681 1735 3722 Hal.
1765 3681 1869 3731 VII,
1895 3681 1936 3721 3.
1969 3679 2069 3721 Vid.
2103 3677 2285 3735 Vellejus
2319 3681 2355 3729 I,
2391 3682 2431 3727 4,
2472 3678 2615 3718 Livius

1384 3750 1501 3797 VIII,
1523 3760 1592 3787 21.
1610 3744 1778 3801 Scymni
1799 3743 2057 3794 sententiam,
2076 3757 2156 3784 sec.
2176 3756 2303 3798 quam
2318 3741 2524 3783 AEolenses
2536 3753 2609 3793 po-

1384 3820 1466 3852 stea
1484 3808 1653 3849 demum
1670 3806 1928 3857 advenerint,
1950 3806 2105 3847 calculo
2121 3820 2198 3846 suo
2212 3804 2442 3860 probarunt
2459 3801 2608 3842 Salma-

1384 3874 1469 3915 sius
1491 3871 1544 3912 ad
1576 3870 1703 3912 Solin.
1728 3884 1773 3926 p.
1803 3883 1871 3924 72,
1897 3870 2113 3911 Cluverius
2132 3868 2224 3909 Ital.
2262 3875 2292 3907 t.
2325 3867 2381 3915 ΙΙ,
2406 3879 2448 3919 p.
2488 3866 2606 3914 1104,

1384 3934 1751 3983 Raoul-Rochette,
1773 3933 1917 3974 Etabl.
1943 3935 2019 3982 III,
2046 3947 2090 3986 p.
2115 3944 2205 3971 110.
2225 3929 2356 3970 Movit
2383 3940 2452 3966 eos
2481 3927 2608 3966 Euse-

1384 3999 1492 4051 bius,
1515 3998 1586 4053 qui
1607 3997 1650 4037 in
1669 3996 1877 4038 Chronico
1900 3996 2072 4036 Cumam
2091 3991 2271 4034 Italicam
2286 3987 2490 4031 conditam
2511 3986 2612 4027 dicit
