<?xml version="1.0" encoding="UTF-8"?>
<!DOCTYPE html PUBLIC "-//W3C//DTD XHTML 1.0 Transitional//EN"
    "http://www.w3.org/TR/xhtml1/DTD/xhtml1-transitional.dtd">
<html xmlns="http://www.w3.org/1999/xhtml" xml:lang="en" lang="en">
 <head>
  <title>
</title>
<meta http-equiv="Content-Type" content="text/html;charset=utf-8" />
  <meta name='ocr-system' content='tesseract 3.04.00' />
  <meta name='ocr-capabilities' content='ocr_page ocr_carea ocr_par ocr_line ocrx_word'/>
</head>
<body>
  <div class='ocr_page' id='page_1' title='image "./geographigraeci00mueluoft_0443.png"; bbox 0 0 2808 4342; ppageno 0'>
   <div class='ocr_carea' id='block_1_1' title="bbox 0 0 274 229">
    <p class='ocr_par' dir='ltr' id='par_1_1' title="bbox 0 0 274 235">
     <span class='ocr_line' id='line_1_1' title="bbox 11 34 27 61; baseline 0 -2"><span class='ocrx_word' id='word_1_1' title='bbox 11 34 27 61; x_wconf 67' lang='grc' dir='ltr'>ἑ,</span> 
     </span>
     <span class='ocr_line' id='line_1_2' title="bbox 0 0 274 229; baseline -0.007 -14"><span class='ocrx_word' id='word_1_2' title='bbox 0 0 26 199; x_wconf 68' lang='lat' dir='ltr'>l</span> <span class='ocrx_word' id='word_1_3' title='bbox 40 170 111 229; x_wconf 83' lang='lat'>(20,</span> <span class='ocrx_word' id='word_1_4' title='bbox 125 169 196 228; x_wconf 78' lang='lat'>21.)</span> <span class='ocrx_word' id='word_1_5' title='bbox 270 165 274 168; x_wconf 60' lang='grc'>’</span> 
     </span>
    </p>
   </div>
   <div class='ocr_carea' id='block_1_2' title="bbox 0 202 1276 1158">
    <p class='ocr_par' dir='ltr' id='par_1_2' title="bbox 0 202 1270 400">
     <span class='ocr_line' id='line_1_3' title="bbox 0 202 13 218; baseline 0 -9"><span class='ocrx_word' id='word_1_6' title='bbox 0 202 13 218; x_wconf 74' lang='lat'>..</span> 
     </span>
     <span class='ocr_line' id='line_1_4' title="bbox 39 262 1270 329; baseline -0.006 -12"><span class='ocrx_word' id='word_1_7' title='bbox 39 274 65 326; x_wconf 82' lang='grc' dir='ltr'>ἡ</span> <span class='ocrx_word' id='word_1_8' title='bbox 90 269 334 329; x_wconf 85' lang='grc' dir='ltr'>Ἀπολόγου,</span> <span class='ocrx_word' id='word_1_9' title='bbox 355 266 522 327; x_wconf 79' lang='grc' dir='ltr'>κειμένη</span> <span class='ocrx_word' id='word_1_10' title='bbox 552 262 660 309; x_wconf 82' lang='grc' dir='ltr'>κατὰ</span> <span class='ocrx_word' id='word_1_11' title='bbox 686 262 869 309; x_wconf 85' lang='grc' dir='ltr'>Πασίνου</span> <span class='ocrx_word' id='word_1_12' title='bbox 891 263 1074 325; x_wconf 82' lang='grc' dir='ltr'>Χάρακα</span> <span class='ocrx_word' id='word_1_13' title='bbox 1096 262 1167 308; x_wconf 66' lang='grc' dir='ltr'>καὶ</span> <span class='ocrx_word' id='word_1_14' title='bbox 1194 281 1270 309; x_wconf 92' lang='grc' dir='ltr'>πο-</span> 
     </span>
     <span class='ocr_line' id='line_1_5' title="bbox 36 337 422 400; baseline -0.008 -15"><span class='ocrx_word' id='word_1_15' title='bbox 36 339 168 398; x_wconf 77' lang='grc' dir='ltr'>ταμὸν</span> <span class='ocrx_word' id='word_1_16' title='bbox 187 337 422 400; x_wconf 76' lang='grc' dir='ltr'>Εὐφράτην.</span> 
     </span>
    </p>

    <p class='ocr_par' dir='ltr' id='par_1_3' title="bbox 102 399 1268 469">
     <span class='ocr_line' id='line_1_6' title="bbox 102 399 1268 469; baseline -0.009 -14"><span class='ocrx_word' id='word_1_17' title='bbox 102 425 157 454; x_wconf 81' lang='grc'>36.</span> <span class='ocrx_word' id='word_1_18' title='bbox 187 401 535 469; x_wconf 86' lang='grc' dir='ltr'>Παραπλεύσαντι</span> <span class='ocrx_word' id='word_1_19' title='bbox 567 402 609 447; x_wconf 82' lang='grc' dir='ltr'>δὲ</span> <span class='ocrx_word' id='word_1_20' title='bbox 643 405 763 447; x_wconf 80' lang='grc' dir='ltr'>τοῦτο</span> <span class='ocrx_word' id='word_1_21' title='bbox 788 400 834 447; x_wconf 86' lang='grc' dir='ltr'>τὸ</span> <span class='ocrx_word' id='word_1_22' title='bbox 861 401 997 460; x_wconf 87' lang='grc' dir='ltr'>στόμα</span> <span class='ocrx_word' id='word_1_23' title='bbox 1020 404 1090 446; x_wconf 78' lang='grc' dir='ltr'>τοῦ</span> <span class='ocrx_word' id='word_1_24' title='bbox 1113 399 1268 446; x_wconf 87' lang='grc' dir='ltr'>κόλπου</span> 
     </span>
    </p>

    <p class='ocr_par' dir='ltr' id='par_1_4' title="bbox 0 467 1274 538">
     <span class='ocr_line' id='line_1_7' title="bbox 0 467 1274 538; baseline -0.007 -16"><span class='ocrx_word' id='word_1_25' title='bbox 0 493 6 504; x_wconf 79' lang='lat'><strong><em>‘</em></strong></span> <span class='ocrx_word' id='word_1_26' title='bbox 41 476 148 537; x_wconf 82' lang='grc' dir='ltr'>μετὰ</span> <span class='ocrx_word' id='word_1_27' title='bbox 166 473 336 538; x_wconf 81' lang='grc' dir='ltr'>δρόμους</span> <span class='ocrx_word' id='word_1_28' title='bbox 356 471 395 525; x_wconf 82' lang='grc' dir='ltr'>ἓξ</span> <span class='ocrx_word' id='word_1_29' title='bbox 412 471 546 533; x_wconf 78' lang='grc' dir='ltr'>ἕτερον</span> <span class='ocrx_word' id='word_1_30' title='bbox 564 469 758 532; x_wconf 82' lang='grc' dir='ltr'>ἓμπόριόν</span> <span class='ocrx_word' id='word_1_31' title='bbox 780 471 866 515; x_wconf 79' lang='grc' dir='ltr'>ἐστι</span> <span class='ocrx_word' id='word_1_32' title='bbox 882 474 953 526; x_wconf 71' lang='grc' dir='ltr'>τῆς</span> <span class='ocrx_word' id='word_1_33' title='bbox 972 469 1172 532; x_wconf 83' lang='grc' dir='ltr'>Περσίδος</span> <span class='ocrx_word' id='word_1_34' title='bbox 1187 504 1200 528; x_wconf 87' lang='lat'>,</span> <span class='ocrx_word' id='word_1_35' title='bbox 1220 467 1274 513; x_wconf 78' lang='grc' dir='ltr'>τὰ</span> 
     </span>
    </p>

    <p class='ocr_par' dir='ltr' id='par_1_5' title="bbox 0 538 1273 745">
     <span class='ocr_line' id='line_1_8' title="bbox 0 538 1272 607; baseline -0.007 -15"><span class='ocrx_word' id='word_1_36' title='bbox 0 562 20 591; x_wconf 75' lang='lat'><strong>5</strong></span> <span class='ocrx_word' id='word_1_37' title='bbox 42 543 241 607; x_wconf 86' lang='grc' dir='ltr'>λεγόμενα</span> <span class='ocrx_word' id='word_1_38' title='bbox 276 539 465 601; x_wconf 86' lang='grc' dir='ltr'>Ὄμανα.</span> <span class='ocrx_word' id='word_1_39' title='bbox 533 539 819 602; x_wconf 82' lang='grc' dir='ltr'>Ἔξαρτίζεται</span> <span class='ocrx_word' id='word_1_40' title='bbox 841 539 883 584; x_wconf 86' lang='grc' dir='ltr'>δὲ</span> <span class='ocrx_word' id='word_1_41' title='bbox 918 542 972 591; x_wconf 85' lang='grc' dir='ltr'>εἷς</span> <span class='ocrx_word' id='word_1_42' title='bbox 993 538 1116 594; x_wconf 78' lang='grc' dir='ltr'>αὐτὴν</span> <span class='ocrx_word' id='word_1_43' title='bbox 1148 538 1272 593; x_wconf 84' lang='grc' dir='ltr'>συνή-</span> 
     </span>
     <span class='ocr_line' id='line_1_9' title="bbox 40 607 1273 672; baseline -0.006 -13"><span class='ocrx_word' id='word_1_44' title='bbox 40 611 244 669; x_wconf 38' lang='grc' dir='ltr'>θωςνοίπὸ</span> <span class='ocrx_word' id='word_1_45' title='bbox 286 610 360 671; x_wconf 80' lang='grc' dir='ltr'>μὲν</span> <span class='ocrx_word' id='word_1_46' title='bbox 400 609 653 672; x_wconf 84' lang='grc' dir='ltr'>Βαρυγάζων</span> <span class='ocrx_word' id='word_1_47' title='bbox 690 611 745 660; x_wconf 78' lang='grc' dir='ltr'>εἷς</span> <span class='ocrx_word' id='word_1_48' title='bbox 783 607 994 671; x_wconf 85' lang='grc' dir='ltr'>ἀμφότερα</span> <span class='ocrx_word' id='word_1_49' title='bbox 1034 612 1164 652; x_wconf 76' lang='grc' dir='ltr'>ταῦτα</span> <span class='ocrx_word' id='word_1_50' title='bbox 1200 609 1273 661; x_wconf 83' lang='grc' dir='ltr'>τῆς</span> 
     </span>
     <span class='ocr_line' id='line_1_10' title="bbox 41 675 1272 745; baseline -0.007 -16"><span class='ocrx_word' id='word_1_51' title='bbox 41 680 241 745; x_wconf 84' lang='grc' dir='ltr'>Περσίδος</span> <span class='ocrx_word' id='word_1_52' title='bbox 274 678 452 742; x_wconf 80' lang='grc' dir='ltr'>ἐμπόρια</span> <span class='ocrx_word' id='word_1_53' title='bbox 489 679 612 723; x_wconf 82' lang='grc' dir='ltr'>πλοῖα</span> <span class='ocrx_word' id='word_1_54' title='bbox 654 678 815 738; x_wconf 88' lang='grc' dir='ltr'>μεγάλα</span> <span class='ocrx_word' id='word_1_55' title='bbox 844 679 1004 738; x_wconf 83' lang='grc' dir='ltr'>χαλκοῦ</span> <span class='ocrx_word' id='word_1_56' title='bbox 1037 676 1107 722; x_wconf 79' lang='grc' dir='ltr'>καὶ</span> <span class='ocrx_word' id='word_1_57' title='bbox 1143 675 1272 728; x_wconf 85' lang='grc' dir='ltr'>ξύλων</span> 
     </span>
    </p>

    <p class='ocr_par' dir='ltr' id='par_1_6' title="bbox 3 745 1273 880">
     <span class='ocr_line' id='line_1_11' title="bbox 3 745 1273 809; baseline -0.006 -12"><span class='ocrx_word' id='word_1_58' title='bbox 3 786 8 790; x_wconf 87' lang='grc'><strong>-</strong></span> <span class='ocrx_word' id='word_1_59' title='bbox 41 750 295 797; x_wconf 85' lang='grc' dir='ltr'>σανταλίνων</span> <span class='ocrx_word' id='word_1_60' title='bbox 338 748 409 794; x_wconf 84' lang='grc' dir='ltr'>καὶ</span> <span class='ocrx_word' id='word_1_61' title='bbox 442 749 569 808; x_wconf 80' lang='grc' dir='ltr'>δοκῶν</span> <span class='ocrx_word' id='word_1_62' title='bbox 618 747 689 792; x_wconf 82' lang='grc' dir='ltr'>καὶ</span> <span class='ocrx_word' id='word_1_63' title='bbox 725 746 907 809; x_wconf 79' lang='grc' dir='ltr'>κεράτων</span> <span class='ocrx_word' id='word_1_64' title='bbox 942 745 1013 792; x_wconf 84' lang='grc' dir='ltr'>καὶ</span> <span class='ocrx_word' id='word_1_65' title='bbox 1051 745 1273 806; x_wconf 84' lang='grc' dir='ltr'>φαλάγγων</span> 
     </span>
     <span class='ocr_line' id='line_1_12' title="bbox 41 814 1273 880; baseline -0.005 -14"><span class='ocrx_word' id='word_1_66' title='bbox 41 819 280 880; x_wconf 79' lang='grc' dir='ltr'>σασαμίνων</span> <span class='ocrx_word' id='word_1_67' title='bbox 307 818 378 864; x_wconf 79' lang='grc' dir='ltr'>καὶ</span> <span class='ocrx_word' id='word_1_68' title='bbox 417 817 605 863; x_wconf 76' lang='grc' dir='ltr'>ἐὸενίνων</span> <span class='ocrx_word' id='word_1_69' title='bbox 627 853 638 873; x_wconf 84' lang='grc'><strong><em>,</em></strong></span> <span class='ocrx_word' id='word_1_70' title='bbox 666 819 721 870; x_wconf 80' lang='grc' dir='ltr'>εἷς</span> <span class='ocrx_word' id='word_1_71' title='bbox 745 817 787 862; x_wconf 85' lang='grc' dir='ltr'>δὲ</span> <span class='ocrx_word' id='word_1_72' title='bbox 826 816 877 861; x_wconf 84' lang='grc' dir='ltr'>τὰ</span> <span class='ocrx_word' id='word_1_73' title='bbox 900 814 1075 877; x_wconf 80' lang='grc' dir='ltr'>Ὀμανα</span> <span class='ocrx_word' id='word_1_74' title='bbox 1098 815 1168 862; x_wconf 79' lang='grc' dir='ltr'>καὶ</span> <span class='ocrx_word' id='word_1_75' title='bbox 1193 815 1273 860; x_wconf 83' lang='grc' dir='ltr'>ἀπὸ</span> 
     </span>
    </p>

    <p class='ocr_par' dir='ltr' id='par_1_7' title="bbox 0 884 1276 1158">
     <span class='ocr_line' id='line_1_13' title="bbox 0 884 1273 948; baseline -0.003 -14"><span class='ocrx_word' id='word_1_76' title='bbox 0 903 20 934; x_wconf 86' lang='grc' dir='ltr'>ο</span> <span class='ocrx_word' id='word_1_77' title='bbox 37 891 178 946; x_wconf 77' lang='grc' dir='ltr'>Κανῆς</span> <span class='ocrx_word' id='word_1_78' title='bbox 201 888 380 947; x_wconf 73' lang='grc' dir='ltr'>λίὸανος,</span> <span class='ocrx_word' id='word_1_79' title='bbox 405 887 476 933; x_wconf 78' lang='grc' dir='ltr'>καὶ</span> <span class='ocrx_word' id='word_1_80' title='bbox 501 886 569 931; x_wconf 85' lang='grc' dir='ltr'>ἀπ’</span> <span class='ocrx_word' id='word_1_81' title='bbox 595 884 792 945; x_wconf 79' lang='grc' dir='ltr'>Ὀμάνων</span> <span class='ocrx_word' id='word_1_82' title='bbox 816 888 871 938; x_wconf 86' lang='grc' dir='ltr'>εἷς</span> <span class='ocrx_word' id='word_1_83' title='bbox 893 886 968 941; x_wconf 81' lang='grc' dir='ltr'>τὴν</span> <span class='ocrx_word' id='word_1_84' title='bbox 993 886 1030 932; x_wconf 81' lang='lat' dir='ltr'>&#39;A</span> <span class='ocrx_word' id='word_1_85' title='bbox 1041 884 1187 948; x_wconf 75' lang='grc' dir='ltr'>ραὸίαν</span> <span class='ocrx_word' id='word_1_86' title='bbox 1211 888 1273 931; x_wconf 82' lang='grc' dir='ltr'>ἐν-</span> 
     </span>
     <span class='ocr_line' id='line_1_14' title="bbox 41 955 1273 1022; baseline -0.003 -18"><span class='ocrx_word' id='word_1_87' title='bbox 41 958 165 1005; x_wconf 86' lang='grc' dir='ltr'>τόπια</span> <span class='ocrx_word' id='word_1_88' title='bbox 190 957 327 1022; x_wconf 57' lang='lat' dir='ltr'>‘sarci-&amp;z</span> <span class='ocrx_word' id='word_1_89' title='bbox 350 956 546 1019; x_wconf 80' lang='grc' dir='ltr'>πλοιάρια</span> <span class='ocrx_word' id='word_1_90' title='bbox 562 993 573 1015; x_wconf 80' lang='lat'>,</span> <span class='ocrx_word' id='word_1_91' title='bbox 613 955 665 1000; x_wconf 80' lang='grc' dir='ltr'>τὰ</span> <span class='ocrx_word' id='word_1_92' title='bbox 694 956 896 1016; x_wconf 84' lang='grc' dir='ltr'>λεγόμενα</span> <span class='ocrx_word' id='word_1_93' title='bbox 922 955 1104 1018; x_wconf 82' lang='grc' dir='ltr'>μαδάρα.</span> <span class='ocrx_word' id='word_1_94' title='bbox 1174 957 1273 1002; x_wconf 68' lang='lat' dir='ltr'>Eta-</span> 
     </span>
     <span class='ocr_line' id='line_1_15' title="bbox 38 1024 1276 1091; baseline -0.004 -18"><span class='ocrx_word' id='word_1_95' title='bbox 38 1027 204 1091; x_wconf 77' lang='grc' dir='ltr'>φέρεται</span> <span class='ocrx_word' id='word_1_96' title='bbox 236 1026 278 1072; x_wconf 80' lang='grc' dir='ltr'>δὲ</span> <span class='ocrx_word' id='word_1_97' title='bbox 310 1026 396 1071; x_wconf 83' lang='grc' dir='ltr'>ἀπὸ</span> <span class='ocrx_word' id='word_1_98' title='bbox 421 1025 625 1087; x_wconf 79' lang='grc' dir='ltr'>ἑκατέρων</span> <span class='ocrx_word' id='word_1_99' title='bbox 648 1028 727 1070; x_wconf 79' lang='grc' dir='ltr'>τῶν</span> <span class='ocrx_word' id='word_1_100' title='bbox 752 1024 959 1086; x_wconf 79' lang='grc' dir='ltr'>ἐμπορίων</span> <span class='ocrx_word' id='word_1_101' title='bbox 985 1024 1039 1077; x_wconf 87' lang='grc' dir='ltr'>εἴς</span> <span class='ocrx_word' id='word_1_102' title='bbox 1072 1043 1115 1070; x_wconf 87' lang='grc' dir='ltr'>τε</span> <span class='ocrx_word' id='word_1_103' title='bbox 1144 1024 1276 1087; x_wconf 87' lang='grc' dir='ltr'>Βαρύ-</span> 
     </span>
     <span class='ocr_line' id='line_1_16' title="bbox 37 1094 1274 1158; baseline -0.003 -15"><span class='ocrx_word' id='word_1_104' title='bbox 37 1099 143 1158; x_wconf 82' lang='grc' dir='ltr'>γαζα</span> <span class='ocrx_word' id='word_1_105' title='bbox 175 1097 246 1142; x_wconf 82' lang='grc' dir='ltr'>καὶ</span> <span class='ocrx_word' id='word_1_106' title='bbox 280 1099 335 1148; x_wconf 86' lang='grc' dir='ltr'>εἷς</span> <span class='ocrx_word' id='word_1_107' title='bbox 367 1095 561 1158; x_wconf 72' lang='grc' dir='ltr'>Ἀραὸίαν</span> <span class='ocrx_word' id='word_1_108' title='bbox 586 1094 767 1152; x_wconf 82' lang='grc' dir='ltr'>πινικὸν,</span> <span class='ocrx_word' id='word_1_109' title='bbox 803 1094 906 1139; x_wconf 75' lang='grc' dir='ltr'>πολὺ</span> <span class='ocrx_word' id='word_1_110' title='bbox 941 1094 1036 1154; x_wconf 82' lang='grc' dir='ltr'>μὲν,</span> <span class='ocrx_word' id='word_1_111' title='bbox 1065 1101 1200 1157; x_wconf 84' lang='grc' dir='ltr'>χεῖρον</span> <span class='ocrx_word' id='word_1_112' title='bbox 1233 1094 1274 1139; x_wconf 82' lang='grc' dir='ltr'>δὲ</span> 
     </span>
    </p>
   </div>
   <div class='ocr_carea' id='block_1_3' title="bbox 46 1207 171 1214">
    <p class='ocr_par' dir='ltr' id='par_1_8' title="bbox 46 1207 171 1214">
     <span class='ocr_line' id='line_1_17' title="bbox 46 1207 171 1214; baseline 0 0"><span class='ocrx_word' id='word_1_113' title='bbox 46 1207 171 1214; x_wconf 95' lang='lat' dir='ltr'> </span> 
     </span>
    </p>
   </div>
   <div class='ocr_carea' id='block_1_4' title="bbox 9 1270 1279 2013">
    <p class='ocr_par' dir='ltr' id='par_1_9' title="bbox 9 1270 1279 2013">
     <span class='ocr_line' id='line_1_18' title="bbox 43 1270 1276 1328; baseline -0.006 -11"><span class='ocrx_word' id='word_1_114' title='bbox 43 1290 82 1317; x_wconf 94' lang='lat'>1.</span> <span class='ocrx_word' id='word_1_115' title='bbox 106 1274 130 1326; x_wconf 82' lang='grc' dir='ltr'>ἣ</span> <span class='ocrx_word' id='word_1_116' title='bbox 154 1274 194 1315; x_wconf 88' lang='lat' dir='ltr'>&#39;A</span> <span class='ocrx_word' id='word_1_117' title='bbox 206 1274 328 1315; x_wconf 84' lang='grc' dir='ltr'>πολό</span> <span class='ocrx_word' id='word_1_118' title='bbox 340 1289 366 1328; x_wconf 88' lang='grc' dir='ltr'>γ</span> <span class='ocrx_word' id='word_1_119' title='bbox 379 1288 399 1313; x_wconf 95' lang='grc' dir='ltr'>ο</span> <span class='ocrx_word' id='word_1_120' title='bbox 411 1288 432 1312; x_wconf 93' lang='grc' dir='ltr'>υ</span> <span class='ocrx_word' id='word_1_121' title='bbox 451 1274 466 1328; x_wconf 93' lang='grc'>]</span> <span class='ocrx_word' id='word_1_122' title='bbox 484 1273 744 1327; x_wconf 81' lang='lat' dir='ltr'>Emporium,</span> <span class='ocrx_word' id='word_1_123' title='bbox 759 1286 809 1312; x_wconf 84' lang='lat' dir='ltr'>ex</span> <span class='ocrx_word' id='word_1_124' title='bbox 824 1271 911 1311; x_wconf 88' lang='lat' dir='ltr'>aliis</span> <span class='ocrx_word' id='word_1_125' title='bbox 930 1271 1070 1325; x_wconf 81' lang='lat' dir='ltr'>graecis</span> <span class='ocrx_word' id='word_1_126' title='bbox 1090 1270 1276 1311; x_wconf 88' lang='lat' dir='ltr'>latinisve</span> 
     </span>
     <span class='ocr_line' id='line_1_19' title="bbox 40 1334 1279 1392; baseline -0.006 -13"><span class='ocrx_word' id='word_1_127' title='bbox 40 1337 325 1392; x_wconf 80' lang='lat' dir='ltr'>scriptoribus,</span> <span class='ocrx_word' id='word_1_128' title='bbox 348 1344 552 1390; x_wconf 75' lang='lat' dir='ltr'>quantum</span> <span class='ocrx_word' id='word_1_129' title='bbox 564 1335 664 1382; x_wconf 91' lang='lat' dir='ltr'>scio,</span> <span class='ocrx_word' id='word_1_130' title='bbox 683 1349 767 1374; x_wconf 88' lang='lat' dir='ltr'>non</span> <span class='ocrx_word' id='word_1_131' title='bbox 781 1342 941 1384; x_wconf 87' lang='lat' dir='ltr'>notum,</span> <span class='ocrx_word' id='word_1_132' title='bbox 959 1334 1105 1388; x_wconf 90' lang='lat' dir='ltr'>saepius</span> <span class='ocrx_word' id='word_1_133' title='bbox 1124 1347 1279 1372; x_wconf 90' lang='lat' dir='ltr'>memo-</span> 
     </span>
     <span class='ocr_line' id='line_1_20' title="bbox 39 1395 1272 1454; baseline -0.006 -13"><span class='ocrx_word' id='word_1_134' title='bbox 39 1409 155 1441; x_wconf 90' lang='lat' dir='ltr'>ratur</span> <span class='ocrx_word' id='word_1_135' title='bbox 162 1398 272 1454; x_wconf 90' lang='lat' dir='ltr'>apud</span> <span class='ocrx_word' id='word_1_136' title='bbox 282 1398 451 1447; x_wconf 81' lang='lat' dir='ltr'>Arabes,</span> <span class='ocrx_word' id='word_1_137' title='bbox 463 1398 534 1451; x_wconf 91' lang='lat' dir='ltr'>qui</span> <span class='ocrx_word' id='word_1_138' title='bbox 546 1405 694 1437; x_wconf 86' lang='lat' dir='ltr'>vocant</span> <span class='ocrx_word' id='word_1_139' title='bbox 705 1397 891 1445; x_wconf 81' lang='lat' dir='ltr'>Obollalz‚</span> <span class='ocrx_word' id='word_1_140' title='bbox 906 1395 1068 1444; x_wconf 79' lang='lat' dir='ltr'>Oboleh,</span> <span class='ocrx_word' id='word_1_141' title='bbox 1085 1395 1272 1446; x_wconf 78' lang='lat' dir='ltr'>Oboleglz.</span> 
     </span>
     <span class='ocr_line' id='line_1_21' title="bbox 9 1457 1273 1514; baseline -0.006 -11"><span class='ocrx_word' id='word_1_142' title='bbox 9 1459 11 1462; x_wconf 40' lang='lat'><em>⁴</em></span> <span class='ocrx_word' id='word_1_143' title='bbox 40 1464 125 1504; x_wconf 89' lang='lat' dir='ltr'>Sita</span> <span class='ocrx_word' id='word_1_144' title='bbox 146 1469 233 1502; x_wconf 85' lang='lat' dir='ltr'>erat</span> <span class='ocrx_word' id='word_1_145' title='bbox 264 1459 317 1501; x_wconf 88' lang='lat' dir='ltr'>ad</span> <span class='ocrx_word' id='word_1_146' title='bbox 352 1459 604 1514; x_wconf 85' lang='lat' dir='ltr'>Euphratem</span> <span class='ocrx_word' id='word_1_147' title='bbox 642 1459 779 1513; x_wconf 91' lang='lat' dir='ltr'>paullo</span> <span class='ocrx_word' id='word_1_148' title='bbox 813 1457 921 1498; x_wconf 90' lang='lat' dir='ltr'>infra</span> <span class='ocrx_word' id='word_1_149' title='bbox 958 1462 1091 1498; x_wconf 78' lang='lat' dir='ltr'>Basra</span> <span class='ocrx_word' id='word_1_150' title='bbox 1112 1457 1273 1497; x_wconf 91' lang='lat' dir='ltr'>urbem.</span> 
     </span>
     <span class='ocr_line' id='line_1_22' title="bbox 39 1517 1279 1576; baseline -0.005 -11"><span class='ocrx_word' id='word_1_151' title='bbox 39 1523 140 1565; x_wconf 84' lang='lat' dir='ltr'>Vid.</span> <span class='ocrx_word' id='word_1_152' title='bbox 165 1525 339 1576; x_wconf 86' lang='lat' dir='ltr'>Gregor.</span> <span class='ocrx_word' id='word_1_153' title='bbox 358 1521 482 1563; x_wconf 92' lang='lat' dir='ltr'>Abul.</span> <span class='ocrx_word' id='word_1_154' title='bbox 508 1521 671 1575; x_wconf 86' lang='lat' dir='ltr'>Pharaji</span> <span class='ocrx_word' id='word_1_155' title='bbox 691 1522 846 1561; x_wconf 89' lang='lat' dir='ltr'>Histor.</span> <span class='ocrx_word' id='word_1_156' title='bbox 868 1520 1030 1575; x_wconf 84' lang='lat' dir='ltr'>dynast.</span> <span class='ocrx_word' id='word_1_157' title='bbox 1053 1518 1120 1560; x_wconf 92' lang='lat' dir='ltr'>ed.</span> <span class='ocrx_word' id='word_1_158' title='bbox 1145 1517 1279 1560; x_wconf 90' lang='lat' dir='ltr'>Poko-</span> 
     </span>
     <span class='ocr_line' id='line_1_23' title="bbox 39 1580 1275 1639; baseline -0.006 -11"><span class='ocrx_word' id='word_1_159' title='bbox 39 1586 108 1629; x_wconf 68' lang='lat' dir='ltr'>ke.</span> <span class='ocrx_word' id='word_1_160' title='bbox 131 1588 268 1627; x_wconf 87' lang='lat' dir='ltr'>Oxon.</span> <span class='ocrx_word' id='word_1_161' title='bbox 297 1584 400 1625; x_wconf 85' lang='lat'>1663</span> <span class='ocrx_word' id='word_1_162' title='bbox 417 1598 460 1639; x_wconf 91' lang='lat' dir='ltr'>p.</span> <span class='ocrx_word' id='word_1_163' title='bbox 486 1596 586 1633; x_wconf 81' lang='lat'>1123</span> <span class='ocrx_word' id='word_1_164' title='bbox 606 1582 810 1623; x_wconf 89' lang='lat' dir='ltr'>Abulfeda</span> <span class='ocrx_word' id='word_1_165' title='bbox 828 1582 978 1623; x_wconf 91' lang='lat' dir='ltr'>Annal.</span> <span class='ocrx_word' id='word_1_166' title='bbox 994 1581 1183 1622; x_wconf 89' lang='lat' dir='ltr'>Moslem.</span> <span class='ocrx_word' id='word_1_167' title='bbox 1207 1580 1275 1621; x_wconf 91' lang='lat' dir='ltr'>ed.</span> 
     </span>
     <span class='ocr_line' id='line_1_24' title="bbox 41 1641 1274 1702; baseline -0.007 -12"><span class='ocrx_word' id='word_1_168' title='bbox 41 1648 179 1690; x_wconf 87' lang='lat' dir='ltr'>Reisk.</span> <span class='ocrx_word' id='word_1_169' title='bbox 206 1646 326 1701; x_wconf 85' lang='grc'>1754,</span> <span class='ocrx_word' id='word_1_170' title='bbox 342 1661 386 1702; x_wconf 90' lang='lat' dir='ltr'>p.</span> <span class='ocrx_word' id='word_1_171' title='bbox 414 1650 464 1700; x_wconf 89' lang='lat'>67</span> <span class='ocrx_word' id='word_1_172' title='bbox 481 1661 490 1695; x_wconf 93' lang='lat'>;</span> <span class='ocrx_word' id='word_1_173' title='bbox 513 1645 562 1686; x_wconf 94' lang='lat' dir='ltr'>El</span> <span class='ocrx_word' id='word_1_174' title='bbox 581 1643 745 1685; x_wconf 89' lang='lat' dir='ltr'>Masudi</span> <span class='ocrx_word' id='word_1_175' title='bbox 765 1643 1001 1683; x_wconf 79' lang='lat' dir='ltr'>Historical</span> <span class='ocrx_word' id='word_1_176' title='bbox 1012 1641 1176 1696; x_wconf 64' lang='lat' dir='ltr'>encycl„</span> <span class='ocrx_word' id='word_1_177' title='bbox 1197 1649 1274 1682; x_wconf 91' lang='lat' dir='ltr'>etc.</span> 
     </span>
     <span class='ocr_line' id='line_1_25' title="bbox 44 1702 1275 1764; baseline -0.007 -13"><span class='ocrx_word' id='word_1_178' title='bbox 44 1710 189 1751; x_wconf 83' lang='lat' dir='ltr'>transl.</span> <span class='ocrx_word' id='word_1_179' title='bbox 229 1710 288 1764; x_wconf 79' lang='lat' dir='ltr'>by-</span> <span class='ocrx_word' id='word_1_180' title='bbox 314 1707 509 1764; x_wconf 85' lang='lat' dir='ltr'>Sprengel</span> <span class='ocrx_word' id='word_1_181' title='bbox 534 1705 747 1763; x_wconf 90' lang='lat' dir='ltr'>(London</span> <span class='ocrx_word' id='word_1_182' title='bbox 774 1706 928 1757; x_wconf 86' lang='grc'>1841),</span> <span class='ocrx_word' id='word_1_183' title='bbox 954 1713 985 1744; x_wconf 93' lang='lat' dir='ltr'>t.</span> <span class='ocrx_word' id='word_1_184' title='bbox 1023 1706 1067 1753; x_wconf 90' lang='grc' dir='ltr'>Ι,</span> <span class='ocrx_word' id='word_1_185' title='bbox 1103 1718 1146 1758; x_wconf 87' lang='lat' dir='ltr'>p.</span> <span class='ocrx_word' id='word_1_186' title='bbox 1169 1702 1275 1756; x_wconf 78' lang='lat'><strong>2593</strong></span> 
     </span>
     <span class='ocr_line' id='line_1_26' title="bbox 42 1765 1276 1826; baseline -0.006 -13"><span class='ocrx_word' id='word_1_187' title='bbox 42 1772 180 1814; x_wconf 89' lang='lat' dir='ltr'>Edrisi</span> <span class='ocrx_word' id='word_1_188' title='bbox 215 1774 256 1822; x_wconf 90' lang='grc' dir='ltr'>Ι,</span> <span class='ocrx_word' id='word_1_189' title='bbox 294 1786 339 1826; x_wconf 90' lang='lat' dir='ltr'>p.</span> <span class='ocrx_word' id='word_1_190' title='bbox 377 1772 473 1819; x_wconf 85' lang='grc'>364.</span> <span class='ocrx_word' id='word_1_191' title='bbox 507 1771 613 1823; x_wconf 82' lang='grc'>369;</span> <span class='ocrx_word' id='word_1_192' title='bbox 650 1767 855 1810; x_wconf 90' lang='lat' dir='ltr'>Abulfeda</span> <span class='ocrx_word' id='word_1_193' title='bbox 890 1767 995 1806; x_wconf 90' lang='lat' dir='ltr'>Tab.</span> <span class='ocrx_word' id='word_1_194' title='bbox 1033 1780 1172 1820; x_wconf 81' lang='lat' dir='ltr'>geogr.</span> <span class='ocrx_word' id='word_1_195' title='bbox 1209 1765 1276 1806; x_wconf 92' lang='lat' dir='ltr'>ed.</span> 
     </span>
     <span class='ocr_line' id='line_1_27' title="bbox 42 1829 1275 1887; baseline -0.006 -12"><span class='ocrx_word' id='word_1_196' title='bbox 42 1833 336 1882; x_wconf 74' lang='lat' dir='ltr'>Wfistenseld,</span> <span class='ocrx_word' id='word_1_197' title='bbox 361 1847 404 1887; x_wconf 92' lang='lat' dir='ltr'>p.</span> <span class='ocrx_word' id='word_1_198' title='bbox 441 1846 509 1886; x_wconf 89' lang='lat'>70,</span> <span class='ocrx_word' id='word_1_199' title='bbox 534 1840 574 1872; x_wconf 88' lang='lat' dir='ltr'>et</span> <span class='ocrx_word' id='word_1_200' title='bbox 597 1832 668 1886; x_wconf 93' lang='lat' dir='ltr'>qui</span> <span class='ocrx_word' id='word_1_201' title='bbox 696 1830 834 1870; x_wconf 90' lang='lat' dir='ltr'>multis</span> <span class='ocrx_word' id='word_1_202' title='bbox 870 1829 922 1869; x_wconf 92' lang='lat' dir='ltr'>de</span> <span class='ocrx_word' id='word_1_203' title='bbox 957 1829 1036 1868; x_wconf 86' lang='lat' dir='ltr'>hoc</span> <span class='ocrx_word' id='word_1_204' title='bbox 1067 1829 1275 1883; x_wconf 90' lang='lat' dir='ltr'>emporio,</span> 
     </span>
     <span class='ocr_line' id='line_1_28' title="bbox 43 1892 1279 1952; baseline -0.006 -14"><span class='ocrx_word' id='word_1_205' title='bbox 43 1896 156 1952; x_wconf 89' lang='lat' dir='ltr'>quod</span> <span class='ocrx_word' id='word_1_206' title='bbox 167 1904 261 1951; x_wconf 88' lang='lat' dir='ltr'>post</span> <span class='ocrx_word' id='word_1_207' title='bbox 270 1894 497 1936; x_wconf 88' lang='lat' dir='ltr'>Teredonis</span> <span class='ocrx_word' id='word_1_208' title='bbox 510 1895 650 1935; x_wconf 89' lang='lat' dir='ltr'>ruinas</span> <span class='ocrx_word' id='word_1_209' title='bbox 670 1894 817 1934; x_wconf 82' lang='lat' dir='ltr'>florere</span> <span class='ocrx_word' id='word_1_210' title='bbox 832 1892 969 1947; x_wconf 87' lang='lat' dir='ltr'>coepit,</span> <span class='ocrx_word' id='word_1_211' title='bbox 989 1892 1173 1946; x_wconf 86' lang='lat' dir='ltr'>exponit,</span> <span class='ocrx_word' id='word_1_212' title='bbox 1193 1893 1279 1932; x_wconf 88' lang='lat' dir='ltr'>Rit-</span> 
     </span>
     <span class='ocr_line' id='line_1_29' title="bbox 42 1954 1279 2013; baseline -0.004 -14"><span class='ocrx_word' id='word_1_213' title='bbox 42 1965 121 2000; x_wconf 89' lang='lat' dir='ltr'>ter.</span> <span class='ocrx_word' id='word_1_214' title='bbox 144 1959 221 2008; x_wconf 86' lang='lat' dir='ltr'>IX,</span> <span class='ocrx_word' id='word_1_215' title='bbox 255 1971 299 2013; x_wconf 90' lang='lat' dir='ltr'>p.</span> <span class='ocrx_word' id='word_1_216' title='bbox 333 1960 425 2012; x_wconf 89' lang='lat'>167.</span> <span class='ocrx_word' id='word_1_217' title='bbox 461 1958 517 2007; x_wconf 91' lang='lat' dir='ltr'>X,</span> <span class='ocrx_word' id='word_1_218' title='bbox 548 1971 591 2012; x_wconf 87' lang='lat' dir='ltr'>p.</span> <span class='ocrx_word' id='word_1_219' title='bbox 620 1955 686 1997; x_wconf 85' lang='lat'>52.</span> <span class='ocrx_word' id='word_1_220' title='bbox 722 1958 795 1997; x_wconf 92' lang='lat'>181</span> <span class='ocrx_word' id='word_1_221' title='bbox 819 1970 880 2009; x_wconf 87' lang='lat' dir='ltr'>sq.</span> <span class='ocrx_word' id='word_1_222' title='bbox 915 1968 1007 2008; x_wconf 85' lang='lat'>177.</span> <span class='ocrx_word' id='word_1_223' title='bbox 1037 1955 1132 2008; x_wconf 75' lang='grc'>[1-</span> <span class='ocrx_word' id='word_1_224' title='bbox 1163 1954 1279 1995; x_wconf 82' lang='grc' dir='ltr'>κατὰ</span> 
     </span>
    </p>
   </div>
   <div class='ocr_carea' id='block_1_5' title="bbox 41 2026 1279 2124">
    <p class='ocr_par' dir='ltr' id='par_1_10' title="bbox 41 2026 1279 2124">
     <span class='ocr_line' id='line_1_30' title="bbox 1215 2026 1238 2051; baseline 0 0"><span class='ocrx_word' id='word_1_225' title='bbox 1215 2026 1238 2051; x_wconf 91' lang='grc' dir='ltr'>τ</span> 
     </span>
     <span class='ocr_line' id='line_1_31' title="bbox 41 2066 1279 2124; baseline -0.004 -14"><span class='ocrx_word' id='word_1_226' title='bbox 41 2069 261 2110; x_wconf 80' lang='grc' dir='ltr'>Πασίνου</span> <span class='ocrx_word' id='word_1_227' title='bbox 300 2069 488 2124; x_wconf 88' lang='grc' dir='ltr'>Χάρακα</span> <span class='ocrx_word' id='word_1_228' title='bbox 532 2068 657 2123; x_wconf 74' lang='grc' dir='ltr'>καὶ]</span> <span class='ocrx_word' id='word_1_229' title='bbox 705 2066 964 2108; x_wconf 79' lang='grc' dir='ltr'>καταπασίνου</span> <span class='ocrx_word' id='word_1_230' title='bbox 1004 2066 1116 2120; x_wconf 80' lang='grc' dir='ltr'>χώρα</span> <span class='ocrx_word' id='word_1_231' title='bbox 1167 2081 1279 2106; x_wconf 86' lang='grc' dir='ltr'>κακαι</span> 
     </span>
    </p>
   </div>
   <div class='ocr_carea' id='block_1_6' title="bbox 0 2126 1292 4045">
    <p class='ocr_par' dir='ltr' id='par_1_11' title="bbox 0 2126 1292 4045">
     <span class='ocr_line' id='line_1_32' title="bbox 43 2126 1280 2187; baseline -0.004 -15"><span class='ocrx_word' id='word_1_232' title='bbox 43 2132 63 2186; x_wconf 92' lang='grc'><strong>(</strong></span> <span class='ocrx_word' id='word_1_233' title='bbox 80 2130 186 2187; x_wconf 89' lang='lat' dir='ltr'>sic),</span> <span class='ocrx_word' id='word_1_234' title='bbox 229 2130 343 2186; x_wconf 92' lang='lat' dir='ltr'>quod</span> <span class='ocrx_word' id='word_1_235' title='bbox 383 2131 518 2186; x_wconf 90' lang='lat' dir='ltr'>prima</span> <span class='ocrx_word' id='word_1_236' title='bbox 552 2144 679 2170; x_wconf 87' lang='lat' dir='ltr'>manu</span> <span class='ocrx_word' id='word_1_237' title='bbox 713 2137 800 2169; x_wconf 87' lang='lat' dir='ltr'>erat</span> <span class='ocrx_word' id='word_1_238' title='bbox 831 2129 986 2183; x_wconf 85' lang='grc' dir='ltr'>χάρακα</span> <span class='ocrx_word' id='word_1_239' title='bbox 1013 2127 1092 2175; x_wconf 76' lang='grc' dir='ltr'>καὶ,</span> <span class='ocrx_word' id='word_1_240' title='bbox 1130 2126 1280 2167; x_wconf 90' lang='lat' dir='ltr'>deinde</span> 
     </span>
     <span class='ocr_line' id='line_1_33' title="bbox 43 2188 1280 2245; baseline -0.006 -10"><span class='ocrx_word' id='word_1_241' title='bbox 43 2193 149 2235; x_wconf 86' lang='lat' dir='ltr'>male</span> <span class='ocrx_word' id='word_1_242' title='bbox 169 2201 376 2234; x_wconf 86' lang='lat' dir='ltr'>mutatum</span> <span class='ocrx_word' id='word_1_243' title='bbox 390 2200 451 2233; x_wconf 91' lang='lat' dir='ltr'>est</span> <span class='ocrx_word' id='word_1_244' title='bbox 471 2193 514 2232; x_wconf 91' lang='lat' dir='ltr'>in</span> <span class='ocrx_word' id='word_1_245' title='bbox 529 2193 641 2245; x_wconf 81' lang='grc' dir='ltr'>χώρα</span> <span class='ocrx_word' id='word_1_246' title='bbox 659 2192 771 2230; x_wconf 82' lang='grc' dir='ltr'>κατά.</span> <span class='ocrx_word' id='word_1_247' title='bbox 798 2190 1014 2231; x_wconf 87' lang='lat' dir='ltr'>Salmasius</span> <span class='ocrx_word' id='word_1_248' title='bbox 1036 2188 1165 2228; x_wconf 90' lang='lat' dir='ltr'>voluit</span> <span class='ocrx_word' id='word_1_249' title='bbox 1183 2188 1280 2228; x_wconf 85' lang='grc' dir='ltr'>κατὰ</span> 
     </span>
     <span class='ocr_line' id='line_1_34' title="bbox 44 2250 1279 2310; baseline -0.007 -13"><span class='ocrx_word' id='word_1_250' title='bbox 44 2252 236 2297; x_wconf 81' lang='grc' dir='ltr'>Σπασίνου</span> <span class='ocrx_word' id='word_1_251' title='bbox 264 2257 398 2310; x_wconf 82' lang='grc' dir='ltr'>χώραν</span> <span class='ocrx_word' id='word_1_252' title='bbox 418 2255 529 2294; x_wconf 88' lang='grc' dir='ltr'>κατά.</span> <span class='ocrx_word' id='word_1_253' title='bbox 564 2254 626 2293; x_wconf 93' lang='lat' dir='ltr'>De</span> <span class='ocrx_word' id='word_1_254' title='bbox 648 2251 862 2306; x_wconf 87' lang='lat' dir='ltr'>scripturis</span> <span class='ocrx_word' id='word_1_255' title='bbox 882 2250 1075 2291; x_wconf 85' lang='grc' dir='ltr'>Σπασίνου</span> <span class='ocrx_word' id='word_1_256' title='bbox 1097 2258 1138 2289; x_wconf 90' lang='lat' dir='ltr'>et</span> <span class='ocrx_word' id='word_1_257' title='bbox 1159 2250 1279 2289; x_wconf 82' lang='grc' dir='ltr'>Πασί-</span> 
     </span>
     <span class='ocr_line' id='line_1_35' title="bbox 46 2312 1276 2373; baseline -0.007 -14"><span class='ocrx_word' id='word_1_258' title='bbox 46 2332 128 2369; x_wconf 87' lang='grc' dir='ltr'>νου,</span> <span class='ocrx_word' id='word_1_259' title='bbox 151 2332 328 2373; x_wconf 90' lang='lat' dir='ltr'>quarum</span> <span class='ocrx_word' id='word_1_260' title='bbox 356 2317 444 2357; x_wconf 86' lang='lat' dir='ltr'>haec</span> <span class='ocrx_word' id='word_1_261' title='bbox 459 2316 728 2370; x_wconf 83' lang='lat' dir='ltr'>frequentior,</span> <span class='ocrx_word' id='word_1_262' title='bbox 754 2314 834 2363; x_wconf 89' lang='lat' dir='ltr'>illa,</span> <span class='ocrx_word' id='word_1_263' title='bbox 860 2321 906 2352; x_wconf 90' lang='lat' dir='ltr'>ut</span> <span class='ocrx_word' id='word_1_264' title='bbox 925 2312 1101 2361; x_wconf 89' lang='lat' dir='ltr'>videtur,</span> <span class='ocrx_word' id='word_1_265' title='bbox 1127 2312 1276 2362; x_wconf 86' lang='lat' dir='ltr'>verior,</span> 
     </span>
     <span class='ocr_line' id='line_1_36' title="bbox 46 2373 1279 2434; baseline -0.007 -13"><span class='ocrx_word' id='word_1_266' title='bbox 46 2373 87 2421; x_wconf 83' lang='lat' dir='ltr'>v.</span> <span class='ocrx_word' id='word_1_267' title='bbox 112 2380 252 2434; x_wconf 86' lang='lat' dir='ltr'>Steph.</span> <span class='ocrx_word' id='word_1_268' title='bbox 276 2379 401 2419; x_wconf 91' lang='lat' dir='ltr'>Thes.</span> <span class='ocrx_word' id='word_1_269' title='bbox 427 2392 460 2418; x_wconf 89' lang='lat' dir='ltr'>s.</span> <span class='ocrx_word' id='word_1_270' title='bbox 492 2392 532 2417; x_wconf 94' lang='lat' dir='ltr'>v.</span> <span class='ocrx_word' id='word_1_271' title='bbox 565 2379 627 2416; x_wconf 92' lang='lat' dir='ltr'>De</span> <span class='ocrx_word' id='word_1_272' title='bbox 648 2376 734 2415; x_wconf 86' lang='lat' dir='ltr'>situ</span> <span class='ocrx_word' id='word_1_273' title='bbox 765 2383 805 2415; x_wconf 81' lang='lat' dir='ltr'>et</span> <span class='ocrx_word' id='word_1_274' title='bbox 832 2374 924 2414; x_wconf 89' lang='lat' dir='ltr'>fatis</span> <span class='ocrx_word' id='word_1_275' title='bbox 952 2374 1143 2414; x_wconf 84' lang='lat' dir='ltr'>Characis</span> <span class='ocrx_word' id='word_1_276' title='bbox 1165 2374 1279 2413; x_wconf 91' lang='lat' dir='ltr'>urbis</span> 
     </span>
     <span class='ocr_line' id='line_1_37' title="bbox 46 2436 1280 2491; baseline -0.006 -8"><span class='ocrx_word' id='word_1_277' title='bbox 46 2442 133 2483; x_wconf 89' lang='lat' dir='ltr'>vid.</span> <span class='ocrx_word' id='word_1_278' title='bbox 165 2442 322 2483; x_wconf 89' lang='lat' dir='ltr'>Plinius</span> <span class='ocrx_word' id='word_1_279' title='bbox 340 2442 417 2490; x_wconf 92' lang='lat' dir='ltr'>VI,</span> <span class='ocrx_word' id='word_1_280' title='bbox 447 2440 495 2480; x_wconf 87' lang='lat'>31</span> <span class='ocrx_word' id='word_1_281' title='bbox 523 2442 544 2491; x_wconf 64' lang='grc' dir='ltr'><strong>ς</strong></span> <span class='ocrx_word' id='word_1_282' title='bbox 572 2439 647 2479; x_wconf 88' lang='grc'>138</span> <span class='ocrx_word' id='word_1_283' title='bbox 675 2438 819 2490; x_wconf 70' lang='lat' dir='ltr'>Sillig„</span> <span class='ocrx_word' id='word_1_284' title='bbox 845 2436 956 2476; x_wconf 91' lang='lat' dir='ltr'>unde</span> <span class='ocrx_word' id='word_1_285' title='bbox 979 2436 1094 2476; x_wconf 87' lang='lat' dir='ltr'>facile</span> <span class='ocrx_word' id='word_1_286' title='bbox 1113 2445 1280 2490; x_wconf 87' lang='lat' dir='ltr'>apparet</span> 
     </span>
     <span class='ocr_line' id='line_1_38' title="bbox 0 2497 1281 2557; baseline -0.006 -11"><span class='ocrx_word' id='word_1_287' title='bbox 0 2531 1 2537; x_wconf 28' lang='grc' dir='ltr'><strong>κ</strong></span> <span class='ocrx_word' id='word_1_288' title='bbox 46 2519 134 2546; x_wconf 85' lang='grc'>0550</span> <span class='ocrx_word' id='word_1_289' title='bbox 154 2503 405 2545; x_wconf 91' lang='lat' dir='ltr'>hodiernum</span> <span class='ocrx_word' id='word_1_290' title='bbox 420 2502 654 2557; x_wconf 90' lang='lat' dir='ltr'>emporium</span> <span class='ocrx_word' id='word_1_291' title='bbox 667 2499 981 2540; x_wconf 74' lang='lat' dir='ltr'>Mohammamlz</span> <span class='ocrx_word' id='word_1_292' title='bbox 999 2499 1099 2551; x_wconf 83' lang='lat'>(300</span> <span class='ocrx_word' id='word_1_293' title='bbox 1117 2497 1185 2547; x_wconf 75' lang='lat'>24&#39;</span> <span class='ocrx_word' id='word_1_294' title='bbox 1201 2498 1281 2547; x_wconf 84' lang='grc'>34”</span> 
     </span>
     <span class='ocr_line' id='line_1_39' title="bbox 45 2559 1281 2617; baseline -0.006 -10"><span class='ocrx_word' id='word_1_295' title='bbox 45 2566 135 2617; x_wconf 90' lang='lat' dir='ltr'>lat.,</span> <span class='ocrx_word' id='word_1_296' title='bbox 158 2568 232 2615; x_wconf 83' lang='grc' dir='ltr'>48ο</span> <span class='ocrx_word' id='word_1_297' title='bbox 256 2564 321 2606; x_wconf 83' lang='grc'>16’</span> <span class='ocrx_word' id='word_1_298' title='bbox 342 2562 425 2613; x_wconf 71' lang='grc'>42”</span> <span class='ocrx_word' id='word_1_299' title='bbox 442 2563 554 2616; x_wconf 80' lang='lat' dir='ltr'>long.</span> <span class='ocrx_word' id='word_1_300' title='bbox 573 2563 694 2615; x_wconf 90' lang='lat' dir='ltr'>Gr.)‚</span> <span class='ocrx_word' id='word_1_301' title='bbox 720 2575 769 2601; x_wconf 93' lang='lat' dir='ltr'>eo</span> <span class='ocrx_word' id='word_1_302' title='bbox 791 2561 882 2601; x_wconf 93' lang='lat' dir='ltr'>loco</span> <span class='ocrx_word' id='word_1_303' title='bbox 901 2561 1025 2600; x_wconf 89' lang='lat' dir='ltr'>situm</span> <span class='ocrx_word' id='word_1_304' title='bbox 1045 2559 1117 2599; x_wconf 91' lang='lat' dir='ltr'>ubi</span> <span class='ocrx_word' id='word_1_305' title='bbox 1138 2563 1281 2600; x_wconf 78' lang='lat' dir='ltr'>Karun</span> 
     </span>
     <span class='ocr_line' id='line_1_40' title="bbox 49 2622 1281 2684; baseline -0.006 -15"><span class='ocrx_word' id='word_1_306' title='bbox 49 2627 64 2684; x_wconf 96' lang='lat'><strong>(</strong></span> <span class='ocrx_word' id='word_1_307' title='bbox 82 2628 244 2668; x_wconf 92' lang='lat' dir='ltr'>Eulaeus</span> <span class='ocrx_word' id='word_1_308' title='bbox 266 2635 451 2667; x_wconf 87' lang='lat' dir='ltr'>veterum</span> <span class='ocrx_word' id='word_1_309' title='bbox 475 2625 488 2680; x_wconf 94' lang='lat'>)</span> <span class='ocrx_word' id='word_1_310' title='bbox 514 2625 558 2664; x_wconf 92' lang='lat' dir='ltr'>in</span> <span class='ocrx_word' id='word_1_311' title='bbox 576 2624 806 2676; x_wconf 81' lang='lat' dir='ltr'>Pasitigrim</span> <span class='ocrx_word' id='word_1_312' title='bbox 827 2623 978 2663; x_wconf 90' lang='lat' dir='ltr'>influit.</span> <span class='ocrx_word' id='word_1_313' title='bbox 1002 2624 1057 2662; x_wconf 88' lang='lat' dir='ltr'>V.</span> <span class='ocrx_word' id='word_1_314' title='bbox 1095 2622 1281 2676; x_wconf 84' lang='lat' dir='ltr'>Chesney</span> 
     </span>
     <span class='ocr_line' id='line_1_41' title="bbox 46 2684 1278 2745; baseline -0.005 -14"><span class='ocrx_word' id='word_1_315' title='bbox 46 2694 198 2745; x_wconf 78' lang='lat' dir='ltr'>Survey</span> <span class='ocrx_word' id='word_1_316' title='bbox 222 2689 277 2744; x_wconf 83' lang='lat' dir='ltr'>of</span> <span class='ocrx_word' id='word_1_317' title='bbox 298 2689 363 2729; x_wconf 85' lang='lat' dir='ltr'>tlze</span> <span class='ocrx_word' id='word_1_318' title='bbox 382 2688 513 2729; x_wconf 79' lang='lat' dir='ltr'>rivers</span> <span class='ocrx_word' id='word_1_319' title='bbox 536 2687 731 2742; x_wconf 75' lang='lat' dir='ltr'>Euphrat</span> <span class='ocrx_word' id='word_1_320' title='bbox 757 2684 842 2725; x_wconf 85' lang='lat' dir='ltr'>and</span> <span class='ocrx_word' id='word_1_321' title='bbox 868 2684 1005 2736; x_wconf 82' lang='lat' dir='ltr'>Tigris</span> <span class='ocrx_word' id='word_1_322' title='bbox 1033 2687 1068 2734; x_wconf 92' lang='lat' dir='ltr'>I,</span> <span class='ocrx_word' id='word_1_323' title='bbox 1096 2698 1138 2739; x_wconf 89' lang='lat' dir='ltr'>p.</span> <span class='ocrx_word' id='word_1_324' title='bbox 1177 2698 1278 2734; x_wconf 76' lang='lat'>²003</span> 
     </span>
     <span class='ocr_line' id='line_1_42' title="bbox 46 2746 1278 2808; baseline -0.006 -14"><span class='ocrx_word' id='word_1_325' title='bbox 46 2754 250 2808; x_wconf 84' lang='lat' dir='ltr'>Droysen.</span> <span class='ocrx_word' id='word_1_326' title='bbox 264 2750 504 2791; x_wconf 84' lang='lat' dir='ltr'>Hellenism.</span> <span class='ocrx_word' id='word_1_327' title='bbox 521 2763 564 2804; x_wconf 91' lang='lat' dir='ltr'>p.</span> <span class='ocrx_word' id='word_1_328' title='bbox 580 2749 661 2790; x_wconf 86' lang='lat'>630</span> <span class='ocrx_word' id='word_1_329' title='bbox 673 2757 712 2788; x_wconf 86' lang='lat' dir='ltr'>et</span> <span class='ocrx_word' id='word_1_330' title='bbox 725 2762 805 2802; x_wconf 88' lang='lat'>710</span> <span class='ocrx_word' id='word_1_331' title='bbox 821 2761 882 2801; x_wconf 89' lang='lat' dir='ltr'>sq.</span> <span class='ocrx_word' id='word_1_332' title='bbox 901 2746 964 2787; x_wconf 90' lang='lat' dir='ltr'>Cf.</span> <span class='ocrx_word' id='word_1_333' title='bbox 983 2746 1198 2788; x_wconf 88' lang='lat' dir='ltr'>Salmasius</span> <span class='ocrx_word' id='word_1_334' title='bbox 1210 2747 1235 2787; x_wconf 92' lang='lat'>1.</span> <span class='ocrx_word' id='word_1_335' title='bbox 1251 2747 1278 2787; x_wconf 89' lang='lat' dir='ltr'>l.</span> 
     </span>
     <span class='ocr_line' id='line_1_43' title="bbox 46 2809 1278 2870; baseline -0.006 -14"><span class='ocrx_word' id='word_1_336' title='bbox 46 2828 90 2870; x_wconf 87' lang='lat' dir='ltr'>p.</span> <span class='ocrx_word' id='word_1_337' title='bbox 111 2815 207 2868; x_wconf 87' lang='grc'><strong>347.</strong></span> <span class='ocrx_word' id='word_1_338' title='bbox 225 2814 305 2868; x_wconf 86' lang='grc'>493</span> <span class='ocrx_word' id='word_1_339' title='bbox 322 2829 333 2863; x_wconf 86' lang='grc'>;</span> <span class='ocrx_word' id='word_1_340' title='bbox 349 2814 543 2853; x_wconf 88' lang='lat' dir='ltr'>Mannert</span> <span class='ocrx_word' id='word_1_341' title='bbox 555 2812 611 2860; x_wconf 91' lang='lat' dir='ltr'>V,</span> <span class='ocrx_word' id='word_1_342' title='bbox 631 2823 672 2860; x_wconf 84' lang='lat'>2,</span> <span class='ocrx_word' id='word_1_343' title='bbox 689 2824 732 2864; x_wconf 87' lang='lat' dir='ltr'>p.</span> <span class='ocrx_word' id='word_1_344' title='bbox 748 2812 845 2857; x_wconf 76' lang='grc'>421.</span> <span class='ocrx_word' id='word_1_345' title='bbox 865 2809 997 2848; x_wconf 90' lang='lat' dir='ltr'>Ritter</span> <span class='ocrx_word' id='word_1_346' title='bbox 1010 2810 1065 2858; x_wconf 90' lang='lat' dir='ltr'>X,</span> <span class='ocrx_word' id='word_1_347' title='bbox 1088 2823 1131 2863; x_wconf 90' lang='lat' dir='ltr'>p.</span> <span class='ocrx_word' id='word_1_348' title='bbox 1149 2809 1197 2848; x_wconf 87' lang='lat'>55</span> <span class='ocrx_word' id='word_1_349' title='bbox 1217 2824 1278 2864; x_wconf 90' lang='lat' dir='ltr'>sq.</span> 
     </span>
     <span class='ocr_line' id='line_1_44' title="bbox 104 2870 1282 2930; baseline -0.006 -11"><span class='ocrx_word' id='word_1_350' title='bbox 104 2880 133 2930; x_wconf 81' lang='lat'>§</span> <span class='ocrx_word' id='word_1_351' title='bbox 150 2882 218 2919; x_wconf 84' lang='lat'>36.</span> <span class='ocrx_word' id='word_1_352' title='bbox 236 2877 264 2918; x_wconf 89' lang='lat' dir='ltr'>l.</span> <span class='ocrx_word' id='word_1_353' title='bbox 285 2876 324 2917; x_wconf 87' lang='grc'>5.</span> <span class='ocrx_word' id='word_1_354' title='bbox 344 2874 401 2915; x_wconf 80' lang='lat'>’¹0</span> <span class='ocrx_word' id='word_1_355' title='bbox 413 2889 498 2930; x_wconf 89' lang='grc' dir='ltr'>μαν</span> <span class='ocrx_word' id='word_1_356' title='bbox 510 2874 556 2929; x_wconf 91' lang='grc' dir='ltr'>α]</span> <span class='ocrx_word' id='word_1_357' title='bbox 576 2872 675 2927; x_wconf 90' lang='lat' dir='ltr'>Ejus</span> <span class='ocrx_word' id='word_1_358' title='bbox 698 2870 969 2927; x_wconf 86' lang='lat' dir='ltr'>emporiijam</span> <span class='ocrx_word' id='word_1_359' title='bbox 988 2872 1177 2911; x_wconf 86' lang='lat' dir='ltr'>meminit</span> <span class='ocrx_word' id='word_1_360' title='bbox 1198 2873 1282 2912; x_wconf 92' lang='lat' dir='ltr'>No-</span> 
     </span>
     <span class='ocr_line' id='line_1_45' title="bbox 49 2934 1284 2994; baseline -0.006 -14"><span class='ocrx_word' id='word_1_361' title='bbox 49 2947 131 2980; x_wconf 87' lang='lat' dir='ltr'>ster</span> <span class='ocrx_word' id='word_1_362' title='bbox 149 2942 170 2993; x_wconf 85' lang='lat'>§</span> <span class='ocrx_word' id='word_1_363' title='bbox 193 2952 262 2994; x_wconf 79' lang='lat'>27.</span> <span class='ocrx_word' id='word_1_364' title='bbox 282 2941 483 2980; x_wconf 83' lang='lat' dir='ltr'>Praeterea</span> <span class='ocrx_word' id='word_1_365' title='bbox 503 2937 686 2978; x_wconf 89' lang='lat' dir='ltr'>occurrit</span> <span class='ocrx_word' id='word_1_366' title='bbox 700 2934 812 2990; x_wconf 90' lang='lat' dir='ltr'>apud</span> <span class='ocrx_word' id='word_1_367' title='bbox 832 2934 1099 2975; x_wconf 81' lang='lat' dir='ltr'>Ptolemaeum</span> <span class='ocrx_word' id='word_1_368' title='bbox 1121 2942 1162 2974; x_wconf 88' lang='lat' dir='ltr'>et</span> <span class='ocrx_word' id='word_1_369' title='bbox 1175 2935 1284 2974; x_wconf 88' lang='lat' dir='ltr'>Mar-</span> 
     </span>
     <span class='ocr_line' id='line_1_46' title="bbox 50 2995 1283 3053; baseline -0.005 -11"><span class='ocrx_word' id='word_1_370' title='bbox 50 3001 214 3042; x_wconf 88' lang='lat' dir='ltr'>cianum</span> <span class='ocrx_word' id='word_1_371' title='bbox 255 3009 296 3041; x_wconf 90' lang='lat' dir='ltr'>et</span> <span class='ocrx_word' id='word_1_372' title='bbox 324 3015 376 3042; x_wconf 86' lang='lat' dir='ltr'>ex</span> <span class='ocrx_word' id='word_1_373' title='bbox 409 2999 517 3040; x_wconf 79' lang='lat' dir='ltr'>Juba</span> <span class='ocrx_word' id='word_1_374' title='bbox 552 3013 619 3053; x_wconf 85' lang='lat' dir='ltr'>ap.</span> <span class='ocrx_word' id='word_1_375' title='bbox 644 2996 827 3038; x_wconf 89' lang='lat' dir='ltr'>Plinium</span> <span class='ocrx_word' id='word_1_376' title='bbox 845 2997 921 3045; x_wconf 90' lang='lat' dir='ltr'>VI,</span> <span class='ocrx_word' id='word_1_377' title='bbox 962 2996 1014 3036; x_wconf 86' lang='lat'>32</span> <span class='ocrx_word' id='word_1_378' title='bbox 1043 2998 1065 3048; x_wconf 71' lang='lat' dir='ltr'>S</span> <span class='ocrx_word' id='word_1_379' title='bbox 1091 2998 1184 3049; x_wconf 91' lang='grc'>149,</span> <span class='ocrx_word' id='word_1_380' title='bbox 1210 2995 1283 3036; x_wconf 91' lang='lat' dir='ltr'>ubi</span> 
     </span>
     <span class='ocr_line' id='line_1_47' title="bbox 0 3057 1283 3115; baseline -0.005 -13"><span class='ocrx_word' id='word_1_381' title='bbox 0 3083 1 3088; x_wconf 66' lang='lat'>=</span> <span class='ocrx_word' id='word_1_382' title='bbox 48 3063 146 3105; x_wconf 83' lang='lat' dir='ltr'>sic:</span> <span class='ocrx_word' id='word_1_383' title='bbox 184 3065 351 3104; x_wconf 79' lang='lat' dir='ltr'>Omanae</span> <span class='ocrx_word' id='word_1_384' title='bbox 381 3060 574 3115; x_wconf 80' lang='lat' dir='ltr'>(Arabiae</span> <span class='ocrx_word' id='word_1_385' title='bbox 607 3061 716 3113; x_wconf 89' lang='lat' dir='ltr'>sc.),</span> <span class='ocrx_word' id='word_1_386' title='bbox 751 3057 862 3114; x_wconf 82' lang='lat' dir='ltr'>quod</span> <span class='ocrx_word' id='word_1_387' title='bbox 893 3057 1055 3113; x_wconf 81' lang='lat' dir='ltr'>priores</span> <span class='ocrx_word' id='word_1_388' title='bbox 1093 3057 1283 3097; x_wconf 83' lang='lat' dir='ltr'>celebrem</span> 
     </span>
     <span class='ocr_line' id='line_1_48' title="bbox 44 3119 1285 3179; baseline -0.005 -15"><span class='ocrx_word' id='word_1_389' title='bbox 44 3133 214 3179; x_wconf 83' lang='lat' dir='ltr'>portum</span> <span class='ocrx_word' id='word_1_390' title='bbox 235 3123 460 3166; x_wconf 72' lang='lat' dir='ltr'>Carmaniae</span> <span class='ocrx_word' id='word_1_391' title='bbox 471 3122 621 3177; x_wconf 85' lang='lat' dir='ltr'>fecere,</span> <span class='ocrx_word' id='word_1_392' title='bbox 642 3120 746 3162; x_wconf 88' lang='lat' dir='ltr'>adeo</span> <span class='ocrx_word' id='word_1_393' title='bbox 762 3129 808 3161; x_wconf 93' lang='lat' dir='ltr'>ut</span> <span class='ocrx_word' id='word_1_394' title='bbox 826 3121 975 3161; x_wconf 86' lang='lat' dir='ltr'>Noster</span> <span class='ocrx_word' id='word_1_395' title='bbox 989 3128 1029 3159; x_wconf 91' lang='lat' dir='ltr'>et</span> <span class='ocrx_word' id='word_1_396' title='bbox 1043 3119 1285 3159; x_wconf 84' lang='lat' dir='ltr'>Ptolemaeus</span> 
     </span>
     <span class='ocr_line' id='line_1_49' title="bbox 52 3180 1285 3240; baseline -0.003 -16"><span class='ocrx_word' id='word_1_397' title='bbox 52 3183 192 3225; x_wconf 87' lang='lat' dir='ltr'>falsam</span> <span class='ocrx_word' id='word_1_398' title='bbox 225 3187 464 3240; x_wconf 88' lang='lat' dir='ltr'>opinionem</span> <span class='ocrx_word' id='word_1_399' title='bbox 494 3185 623 3226; x_wconf 89' lang='lat' dir='ltr'>secuti</span> <span class='ocrx_word' id='word_1_400' title='bbox 654 3184 805 3225; x_wconf 81' lang='lat' dir='ltr'>forent.</span> <span class='ocrx_word' id='word_1_401' title='bbox 843 3181 1050 3237; x_wconf 90' lang='lat' dir='ltr'>Equidem</span> <span class='ocrx_word' id='word_1_402' title='bbox 1087 3180 1285 3235; x_wconf 86' lang='lat' dir='ltr'>majorem</span> 
     </span>
     <span class='ocr_line' id='line_1_50' title="bbox 52 3244 1287 3289; baseline -0.002 -3"><span class='ocrx_word' id='word_1_403' title='bbox 52 3249 269 3288; x_wconf 84' lang='lat' dir='ltr'>mercatori</span> <span class='ocrx_word' id='word_1_404' title='bbox 301 3257 442 3289; x_wconf 88' lang='lat' dir='ltr'>nostro</span> <span class='ocrx_word' id='word_1_405' title='bbox 473 3247 599 3288; x_wconf 88' lang='lat' dir='ltr'>fidem</span> <span class='ocrx_word' id='word_1_406' title='bbox 631 3247 779 3288; x_wconf 87' lang='lat' dir='ltr'>habeo.</span> <span class='ocrx_word' id='word_1_407' title='bbox 803 3247 945 3287; x_wconf 88' lang='lat' dir='ltr'>Fuerit</span> <span class='ocrx_word' id='word_1_408' title='bbox 970 3244 1069 3285; x_wconf 91' lang='lat' dir='ltr'>urbs</span> <span class='ocrx_word' id='word_1_409' title='bbox 1100 3244 1287 3286; x_wconf 86' lang='lat' dir='ltr'>Arabum</span> 
     </span>
     <span class='ocr_line' id='line_1_51' title="bbox 54 3306 1287 3361; baseline 0 -14"><span class='ocrx_word' id='word_1_410' title='bbox 54 3308 343 3348; x_wconf 88' lang='lat' dir='ltr'>Omanitarum</span> <span class='ocrx_word' id='word_1_411' title='bbox 375 3310 558 3361; x_wconf 82' lang='lat' dir='ltr'>colonia,</span> <span class='ocrx_word' id='word_1_412' title='bbox 598 3309 775 3351; x_wconf 84' lang='lat' dir='ltr'>Nearchi</span> <span class='ocrx_word' id='word_1_413' title='bbox 811 3316 925 3349; x_wconf 88' lang='lat' dir='ltr'>aetate</span> <span class='ocrx_word' id='word_1_414' title='bbox 957 3308 1177 3348; x_wconf 89' lang='lat' dir='ltr'>recentior.</span> <span class='ocrx_word' id='word_1_415' title='bbox 1221 3306 1287 3348; x_wconf 92' lang='lat' dir='ltr'>Ab</span> 
     </span>
     <span class='ocr_line' id='line_1_52' title="bbox 56 3369 1287 3415; baseline 0 -5"><span class='ocrx_word' id='word_1_416' title='bbox 56 3370 160 3411; x_wconf 93' lang='lat' dir='ltr'>ostio</span> <span class='ocrx_word' id='word_1_417' title='bbox 183 3371 296 3411; x_wconf 85' lang='lat' dir='ltr'>sinus</span> <span class='ocrx_word' id='word_1_418' title='bbox 321 3373 471 3413; x_wconf 89' lang='lat' dir='ltr'>Persici</span> <span class='ocrx_word' id='word_1_419' title='bbox 502 3381 542 3415; x_wconf 90' lang='lat' dir='ltr'>et</span> <span class='ocrx_word' id='word_1_420' title='bbox 576 3371 742 3414; x_wconf 75' lang='lat' dir='ltr'>Asabon</span> <span class='ocrx_word' id='word_1_421' title='bbox 775 3371 988 3412; x_wconf 88' lang='lat' dir='ltr'>montibus</span> <span class='ocrx_word' id='word_1_422' title='bbox 1019 3385 1090 3412; x_wconf 86' lang='lat' dir='ltr'>sex</span> <span class='ocrx_word' id='word_1_423' title='bbox 1123 3369 1287 3411; x_wconf 89' lang='lat' dir='ltr'>dierum</span> 
     </span>
     <span class='ocr_line' id='line_1_53' title="bbox 54 3433 1289 3476; baseline 0.002 -4"><span class='ocrx_word' id='word_1_424' title='bbox 54 3434 134 3473; x_wconf 91' lang='lat' dir='ltr'>iter</span> <span class='ocrx_word' id='word_1_425' title='bbox 150 3433 234 3473; x_wconf 88' lang='lat' dir='ltr'>sive</span> <span class='ocrx_word' id='word_1_426' title='bbox 253 3433 362 3475; x_wconf 88' lang='grc'>3000</span> <span class='ocrx_word' id='word_1_427' title='bbox 391 3435 616 3476; x_wconf 88' lang='lat' dir='ltr'>stadiorum</span> <span class='ocrx_word' id='word_1_428' title='bbox 636 3436 701 3475; x_wconf 92' lang='lat' dir='ltr'>via</span> <span class='ocrx_word' id='word_1_429' title='bbox 718 3434 833 3474; x_wconf 90' lang='lat' dir='ltr'>ducit</span> <span class='ocrx_word' id='word_1_430' title='bbox 861 3433 945 3474; x_wconf 85' lang='lat' dir='ltr'>sere</span> <span class='ocrx_word' id='word_1_431' title='bbox 964 3433 1015 3474; x_wconf 87' lang='lat' dir='ltr'>ad</span> <span class='ocrx_word' id='word_1_432' title='bbox 1034 3433 1134 3474; x_wconf 88' lang='lat' dir='ltr'>hod.</span> <span class='ocrx_word' id='word_1_433' title='bbox 1159 3434 1289 3475; x_wconf 75' lang='lat' dir='ltr'>Telm-</span> 
     </span>
     <span class='ocr_line' id='line_1_54' title="bbox 21 3494 1289 3547; baseline 0.002 -13"><span class='ocrx_word' id='word_1_434' title='bbox 21 3522 23 3524; x_wconf 95' lang='lat'>-</span> <span class='ocrx_word' id='word_1_435' title='bbox 57 3494 134 3534; x_wconf 81' lang='lat' dir='ltr'>bar</span> <span class='ocrx_word' id='word_1_436' title='bbox 159 3494 322 3545; x_wconf 84' lang='lat' dir='ltr'>sinum,</span> <span class='ocrx_word' id='word_1_437' title='bbox 349 3497 416 3536; x_wconf 88' lang='lat' dir='ltr'>cui</span> <span class='ocrx_word' id='word_1_438' title='bbox 456 3496 680 3544; x_wconf 78' lang='lat' dir='ltr'>Tsehubar,</span> <span class='ocrx_word' id='word_1_439' title='bbox 726 3495 801 3536; x_wconf 76' lang='lat' dir='ltr'>Tiz</span> <span class='ocrx_word' id='word_1_440' title='bbox 839 3503 879 3534; x_wconf 91' lang='lat' dir='ltr'>et</span> <span class='ocrx_word' id='word_1_441' title='bbox 914 3498 1060 3547; x_wconf 76' lang='lat' dir='ltr'>Ptcrug</span> <span class='ocrx_word' id='word_1_442' title='bbox 1099 3495 1188 3536; x_wconf 89' lang='lat' dir='ltr'>loca</span> <span class='ocrx_word' id='word_1_443' title='bbox 1217 3494 1289 3536; x_wconf 90' lang='lat' dir='ltr'>ad-</span> 
     </span>
     <span class='ocr_line' id='line_1_55' title="bbox 52 3553 1286 3609; baseline 0.002 -14"><span class='ocrx_word' id='word_1_444' title='bbox 52 3553 205 3608; x_wconf 75' lang='lat' dir='ltr'>jacent.</span> <span class='ocrx_word' id='word_1_445' title='bbox 229 3556 292 3596; x_wconf 89' lang='lat' dir='ltr'>Ibi</span> <span class='ocrx_word' id='word_1_446' title='bbox 310 3557 433 3609; x_wconf 82' lang='lat' dir='ltr'>igitur</span> <span class='ocrx_word' id='word_1_447' title='bbox 448 3559 608 3598; x_wconf 90' lang='lat' dir='ltr'>Omana</span> <span class='ocrx_word' id='word_1_448' title='bbox 626 3558 704 3597; x_wconf 88' lang='lat' dir='ltr'>erit</span> <span class='ocrx_word' id='word_1_449' title='bbox 722 3556 973 3598; x_wconf 83' lang='lat' dir='ltr'>collocanda.</span> <span class='ocrx_word' id='word_1_450' title='bbox 991 3558 1084 3597; x_wconf 91' lang='lat' dir='ltr'>Non</span> <span class='ocrx_word' id='word_1_451' title='bbox 1106 3558 1160 3598; x_wconf 88' lang='lat' dir='ltr'>ita</span> <span class='ocrx_word' id='word_1_452' title='bbox 1182 3558 1286 3600; x_wconf 88' lang='grc'>01111-</span> 
     </span>
     <span class='ocr_line' id='line_1_56' title="bbox 58 3616 1291 3675; baseline 0.003 -18"><span class='ocrx_word' id='word_1_453' title='bbox 58 3626 148 3658; x_wconf 89' lang='lat' dir='ltr'>tum</span> <span class='ocrx_word' id='word_1_454' title='bbox 170 3616 369 3658; x_wconf 89' lang='lat' dir='ltr'>abludens</span> <span class='ocrx_word' id='word_1_455' title='bbox 390 3620 629 3659; x_wconf 86' lang='lat' dir='ltr'>Mannertus</span> <span class='ocrx_word' id='word_1_456' title='bbox 648 3620 806 3659; x_wconf 89' lang='lat' dir='ltr'>Omana</span> <span class='ocrx_word' id='word_1_457' title='bbox 829 3618 881 3658; x_wconf 90' lang='lat' dir='ltr'>ad</span> <span class='ocrx_word' id='word_1_458' title='bbox 906 3618 1008 3659; x_wconf 91' lang='lat' dir='ltr'>hod.</span> <span class='ocrx_word' id='word_1_459' title='bbox 1036 3622 1119 3675; x_wconf 84' lang='lat' dir='ltr'>Cap</span> <span class='ocrx_word' id='word_1_460' title='bbox 1147 3621 1291 3661; x_wconf 74' lang='lat' dir='ltr'>Tanka</span> 
     </span>
     <span class='ocr_line' id='line_1_57' title="bbox 58 3681 1289 3736; baseline 0.002 -15"><span class='ocrx_word' id='word_1_461' title='bbox 58 3681 194 3734; x_wconf 89' lang='lat' dir='ltr'>ponit.</span> <span class='ocrx_word' id='word_1_462' title='bbox 223 3681 375 3720; x_wconf 86' lang='lat' dir='ltr'>Contra</span> <span class='ocrx_word' id='word_1_463' title='bbox 407 3681 635 3720; x_wconf 89' lang='lat' dir='ltr'>Vincentus</span> <span class='ocrx_word' id='word_1_464' title='bbox 669 3682 829 3721; x_wconf 88' lang='lat' dir='ltr'>Omana</span> <span class='ocrx_word' id='word_1_465' title='bbox 869 3682 988 3736; x_wconf 88' lang='lat' dir='ltr'>ponit</span> <span class='ocrx_word' id='word_1_466' title='bbox 1017 3682 1125 3722; x_wconf 89' lang='lat' dir='ltr'>inter</span> <span class='ocrx_word' id='word_1_467' title='bbox 1157 3682 1289 3723; x_wconf 76' lang='lat' dir='ltr'>Islcim</span> 
     </span>
     <span class='ocr_line' id='line_1_58' title="bbox 55 3742 1290 3796; baseline 0.003 -13"><span class='ocrx_word' id='word_1_468' title='bbox 55 3750 101 3782; x_wconf 82' lang='lat' dir='ltr'>et</span> <span class='ocrx_word' id='word_1_469' title='bbox 124 3742 277 3783; x_wconf 76' lang='lat' dir='ltr'>Maksa</span> <span class='ocrx_word' id='word_1_470' title='bbox 297 3742 442 3782; x_wconf 88' lang='lat' dir='ltr'>fluvios</span> <span class='ocrx_word' id='word_1_471' title='bbox 458 3773 468 3791; x_wconf 94' lang='lat'>,</span> <span class='ocrx_word' id='word_1_472' title='bbox 497 3744 671 3796; x_wconf 88' lang='lat' dir='ltr'>Lapieus</span> <span class='ocrx_word' id='word_1_473' title='bbox 691 3742 866 3783; x_wconf 68' lang='lat' dir='ltr'>similite!</span> <span class='ocrx_word' id='word_1_474' title='bbox 905 3760 921 3781; x_wconf 91' lang='lat'>«</span> <span class='ocrx_word' id='word_1_475' title='bbox 947 3758 1002 3783; x_wconf 80' lang='lat' dir='ltr'>au</span> <span class='ocrx_word' id='word_1_476' title='bbox 1022 3743 1105 3784; x_wconf 81' lang='lat' dir='ltr'>sud</span> <span class='ocrx_word' id='word_1_477' title='bbox 1122 3743 1171 3785; x_wconf 88' lang='lat' dir='ltr'>de</span> <span class='ocrx_word' id='word_1_478' title='bbox 1187 3748 1290 3787; x_wconf 81' lang='lat' dir='ltr'>Jun-</span> 
     </span>
     <span class='ocr_line' id='line_1_59' title="bbox 58 3804 1287 3858; baseline 0.005 -15"><span class='ocrx_word' id='word_1_479' title='bbox 58 3804 148 3855; x_wconf 83' lang='lat' dir='ltr'>gin,</span> <span class='ocrx_word' id='word_1_480' title='bbox 188 3822 204 3842; x_wconf 91' lang='lat'>»</span> <span class='ocrx_word' id='word_1_481' title='bbox 251 3804 333 3853; x_wconf 83' lang='grc'>450</span> <span class='ocrx_word' id='word_1_482' title='bbox 365 3804 505 3844; x_wconf 86' lang='lat' dir='ltr'>stadiis</span> <span class='ocrx_word' id='word_1_483' title='bbox 538 3819 560 3844; x_wconf 83' lang='lat' dir='ltr'>a</span> <span class='ocrx_word' id='word_1_484' title='bbox 590 3818 726 3858; x_wconf 89' lang='lat' dir='ltr'>prom.</span> <span class='ocrx_word' id='word_1_485' title='bbox 759 3805 861 3845; x_wconf 74' lang='lat' dir='ltr'>Jask</span> <span class='ocrx_word' id='word_1_486' title='bbox 889 3805 1090 3846; x_wconf 84' lang='lat' dir='ltr'>orientem</span> <span class='ocrx_word' id='word_1_487' title='bbox 1128 3821 1287 3850; x_wconf 89' lang='lat' dir='ltr'>versus.</span> 
     </span>
     <span class='ocr_line' id='line_1_60' title="bbox 60 3866 1290 3921; baseline 0.006 -16"><span class='ocrx_word' id='word_1_488' title='bbox 60 3868 155 3918; x_wconf 89' lang='lat' dir='ltr'>Qua</span> <span class='ocrx_word' id='word_1_489' title='bbox 191 3866 233 3906; x_wconf 89' lang='lat' dir='ltr'>in</span> <span class='ocrx_word' id='word_1_490' title='bbox 269 3881 335 3916; x_wconf 90' lang='lat' dir='ltr'>re,</span> <span class='ocrx_word' id='word_1_491' title='bbox 371 3875 507 3921; x_wconf 85' lang='lat' dir='ltr'>spreto</span> <span class='ocrx_word' id='word_1_492' title='bbox 536 3867 697 3921; x_wconf 86' lang='lat' dir='ltr'>Periplo</span> <span class='ocrx_word' id='word_1_493' title='bbox 712 3898 723 3916; x_wconf 92' lang='lat'>,</span> <span class='ocrx_word' id='word_1_494' title='bbox 760 3875 992 3921; x_wconf 86' lang='lat' dir='ltr'>sequuntur</span> <span class='ocrx_word' id='word_1_495' title='bbox 1022 3869 1290 3912; x_wconf 82' lang='lat' dir='ltr'>Ptolemaeum</span> 
     </span>
     <span class='ocr_line' id='line_1_61' title="bbox 59 3926 1292 3984; baseline 0.006 -17"><span class='ocrx_word' id='word_1_496' title='bbox 59 3926 229 3983; x_wconf 87' lang='lat' dir='ltr'>ejusque</span> <span class='ocrx_word' id='word_1_497' title='bbox 244 3937 483 3970; x_wconf 87' lang='lat' dir='ltr'>sectatorem</span> <span class='ocrx_word' id='word_1_498' title='bbox 503 3930 783 3979; x_wconf 80' lang='lat' dir='ltr'>Marcianum3</span> <span class='ocrx_word' id='word_1_499' title='bbox 806 3943 1054 3984; x_wconf 89' lang='lat' dir='ltr'>quamquam</span> <span class='ocrx_word' id='word_1_500' title='bbox 1087 3931 1204 3973; x_wconf 87' lang='lat' dir='ltr'>facile</span> <span class='ocrx_word' id='word_1_501' title='bbox 1229 3934 1292 3974; x_wconf 90' lang='lat' dir='ltr'>in-</span> 
     </span>
     <span class='ocr_line' id='line_1_62' title="bbox 57 3989 1290 4045; baseline 0.004 -15"><span class='ocrx_word' id='word_1_502' title='bbox 57 3989 237 4044; x_wconf 63' lang='lat' dir='ltr'>(elligere</span> <span class='ocrx_word' id='word_1_503' title='bbox 256 3999 342 4032; x_wconf 89' lang='lat' dir='ltr'>erat</span> <span class='ocrx_word' id='word_1_504' title='bbox 362 3990 540 4031; x_wconf 87' lang='lat' dir='ltr'>rationes</span> <span class='ocrx_word' id='word_1_505' title='bbox 559 3990 711 4031; x_wconf 86' lang='lat' dir='ltr'>horum</span> <span class='ocrx_word' id='word_1_506' title='bbox 728 3991 1051 4045; x_wconf 86' lang='lat' dir='ltr'>perversissimas</span> <span class='ocrx_word' id='word_1_507' title='bbox 1073 4006 1173 4034; x_wconf 88' lang='lat' dir='ltr'>esse.</span> <span class='ocrx_word' id='word_1_508' title='bbox 1193 3994 1290 4036; x_wconf 89' lang='lat' dir='ltr'>Ete-</span> 
     </span>
    </p>
   </div>
   <div class='ocr_carea' id='block_1_7' title="bbox 873 161 1782 209">
    <p class='ocr_par' dir='ltr' id='par_1_12' title="bbox 873 161 1782 209">
     <span class='ocr_line' id='line_1_63' title="bbox 873 161 1782 209; baseline -0.001 -1"><span class='ocrx_word' id='word_1_509' title='bbox 873 161 1175 208; x_wconf 84' lang='lat' dir='ltr'>PERIPLUS</span> <span class='ocrx_word' id='word_1_510' title='bbox 1209 162 1399 208; x_wconf 83' lang='lat' dir='ltr'>MABIS</span> <span class='ocrx_word' id='word_1_511' title='bbox 1434 161 1782 209; x_wconf 83' lang='lat' dir='ltr'>ERYTHRAEI.</span> 
     </span>
    </p>
   </div>
   <div class='ocr_carea' id='block_1_8' title="bbox 2479 185 2566 224">
    <p class='ocr_par' dir='ltr' id='par_1_13' title="bbox 2479 185 2566 224">
     <span class='ocr_line' id='line_1_64' title="bbox 2479 185 2566 224; baseline 0.034 -3"><span class='ocrx_word' id='word_1_512' title='bbox 2479 185 2566 224; x_wconf 78' lang='lat'>285</span> 
     </span>
    </p>
   </div>
   <div class='ocr_carea' id='block_1_9' title="bbox 1336 269 2570 381">
    <p class='ocr_par' dir='ltr' id='par_1_14' title="bbox 1336 269 2570 381">
     <span class='ocr_line' id='line_1_65' title="bbox 1336 269 2570 332; baseline 0.009 -21"><span class='ocrx_word' id='word_1_513' title='bbox 1336 269 1419 324; x_wconf 86' lang='lat' dir='ltr'>logi</span> <span class='ocrx_word' id='word_1_514' title='bbox 1454 269 1628 322; x_wconf 88' lang='lat' dir='ltr'>dictum,</span> <span class='ocrx_word' id='word_1_515' title='bbox 1649 269 1769 326; x_wconf 85' lang='lat' dir='ltr'>juxta</span> <span class='ocrx_word' id='word_1_516' title='bbox 1803 271 1964 327; x_wconf 87' lang='lat' dir='ltr'>Spasini</span> <span class='ocrx_word' id='word_1_517' title='bbox 1989 272 2212 314; x_wconf 89' lang='lat' dir='ltr'>Characem</span> <span class='ocrx_word' id='word_1_518' title='bbox 2239 275 2292 318; x_wconf 89' lang='lat' dir='ltr'>ad</span> <span class='ocrx_word' id='word_1_519' title='bbox 2320 278 2570 332; x_wconf 87' lang='lat' dir='ltr'>Euphratem</span> 
     </span>
     <span class='ocr_line' id='line_1_66' title="bbox 1337 340 1479 381; baseline 0.007 -1"><span class='ocrx_word' id='word_1_520' title='bbox 1337 340 1479 381; x_wconf 90' lang='lat' dir='ltr'>situm.</span> 
     </span>
    </p>
   </div>
   <div class='ocr_carea' id='block_1_10' title="bbox 1337 408 2577 1150">
    <p class='ocr_par' dir='ltr' id='par_1_15' title="bbox 1337 408 2577 1150">
     <span class='ocr_line' id='line_1_67' title="bbox 1394 408 2573 467; baseline 0 -17"><span class='ocrx_word' id='word_1_521' title='bbox 1394 409 1464 450; x_wconf 87' lang='lat'>36.</span> <span class='ocrx_word' id='word_1_522' title='bbox 1494 408 1814 456; x_wconf 88' lang='lat' dir='ltr'>Praetervehenti</span> <span class='ocrx_word' id='word_1_523' title='bbox 1832 408 1936 450; x_wconf 91' lang='lat' dir='ltr'>illud</span> <span class='ocrx_word' id='word_1_524' title='bbox 1961 410 2075 450; x_wconf 91' lang='lat' dir='ltr'>sinus</span> <span class='ocrx_word' id='word_1_525' title='bbox 2100 411 2251 452; x_wconf 88' lang='lat' dir='ltr'>ostium</span> <span class='ocrx_word' id='word_1_526' title='bbox 2273 421 2366 467; x_wconf 87' lang='lat' dir='ltr'>post</span> <span class='ocrx_word' id='word_1_527' title='bbox 2393 428 2463 458; x_wconf 82' lang='lat' dir='ltr'>sex</span> <span class='ocrx_word' id='word_1_528' title='bbox 2487 415 2573 458; x_wconf 89' lang='lat' dir='ltr'>die-</span> 
     </span>
     <span class='ocr_line' id='line_1_68' title="bbox 1337 484 2575 543; baseline 0.005 -17"><span class='ocrx_word' id='word_1_529' title='bbox 1337 499 1434 526; x_wconf 88' lang='lat' dir='ltr'>rum</span> <span class='ocrx_word' id='word_1_530' title='bbox 1449 493 1619 527; x_wconf 82' lang='lat' dir='ltr'>c&#39;ursum</span> <span class='ocrx_word' id='word_1_531' title='bbox 1633 484 1747 527; x_wconf 88' lang='lat' dir='ltr'>aliud</span> <span class='ocrx_word' id='word_1_532' title='bbox 1761 486 1944 527; x_wconf 89' lang='lat' dir='ltr'>occurrit</span> <span class='ocrx_word' id='word_1_533' title='bbox 1958 486 2136 527; x_wconf 88' lang='lat' dir='ltr'>Persidis</span> <span class='ocrx_word' id='word_1_534' title='bbox 2151 489 2400 543; x_wconf 87' lang='lat' dir='ltr'>emporium,</span> <span class='ocrx_word' id='word_1_535' title='bbox 2415 493 2575 535; x_wconf 83' lang='lat' dir='ltr'>Omana</span> 
     </span>
     <span class='ocr_line' id='line_1_69' title="bbox 1338 559 2573 618; baseline 0.007 -18"><span class='ocrx_word' id='word_1_536' title='bbox 1338 559 1512 603; x_wconf 90' lang='lat' dir='ltr'>dictum.</span> <span class='ocrx_word' id='word_1_537' title='bbox 1571 560 1770 617; x_wconf 87' lang='lat' dir='ltr'>Expediri</span> <span class='ocrx_word' id='word_1_538' title='bbox 1789 575 1839 602; x_wconf 88' lang='lat' dir='ltr'>eo</span> <span class='ocrx_word' id='word_1_539' title='bbox 1860 561 1992 603; x_wconf 87' lang='lat' dir='ltr'>solent</span> <span class='ocrx_word' id='word_1_540' title='bbox 2012 577 2037 604; x_wconf 88' lang='lat' dir='ltr'>a</span> <span class='ocrx_word' id='word_1_541' title='bbox 2054 564 2267 618; x_wconf 86' lang='lat' dir='ltr'>Barygazis</span> <span class='ocrx_word' id='word_1_542' title='bbox 2286 565 2329 605; x_wconf 91' lang='lat' dir='ltr'>in</span> <span class='ocrx_word' id='word_1_543' title='bbox 2348 565 2471 607; x_wconf 88' lang='lat' dir='ltr'>ambo</span> <span class='ocrx_word' id='word_1_544' title='bbox 2485 566 2573 609; x_wconf 86' lang='lat' dir='ltr'>haee</span> 
     </span>
     <span class='ocr_line' id='line_1_70' title="bbox 1337 635 2574 694; baseline 0.006 -16"><span class='ocrx_word' id='word_1_545' title='bbox 1337 635 1518 678; x_wconf 84' lang='lat' dir='ltr'>Persidis</span> <span class='ocrx_word' id='word_1_546' title='bbox 1535 637 1721 692; x_wconf 89' lang='lat' dir='ltr'>emporia</span> <span class='ocrx_word' id='word_1_547' title='bbox 1735 637 1894 690; x_wconf 84' lang='lat' dir='ltr'>navigia</span> <span class='ocrx_word' id='word_1_548' title='bbox 1914 651 2061 692; x_wconf 83' lang='lat' dir='ltr'>magna</span> <span class='ocrx_word' id='word_1_549' title='bbox 2080 640 2169 679; x_wconf 89' lang='lat' dir='ltr'>aeris</span> <span class='ocrx_word' id='word_1_550' title='bbox 2183 671 2193 688; x_wconf 94' lang='lat'>‚</span> <span class='ocrx_word' id='word_1_551' title='bbox 2213 640 2421 694; x_wconf 85' lang='lat' dir='ltr'>lignorum</span> <span class='ocrx_word' id='word_1_552' title='bbox 2440 651 2574 685; x_wconf 89' lang='lat' dir='ltr'>santa-</span> 
     </span>
     <span class='ocr_line' id='line_1_71' title="bbox 1337 711 2575 770; baseline 0.006 -18"><span class='ocrx_word' id='word_1_553' title='bbox 1337 712 1535 763; x_wconf 90' lang='lat' dir='ltr'>linorum,</span> <span class='ocrx_word' id='word_1_554' title='bbox 1552 711 1749 763; x_wconf 88' lang='lat' dir='ltr'>trabium,</span> <span class='ocrx_word' id='word_1_555' title='bbox 1773 724 1993 764; x_wconf 89' lang='lat' dir='ltr'>cornuum,</span> <span class='ocrx_word' id='word_1_556' title='bbox 2011 714 2258 770; x_wconf 82' lang='lat' dir='ltr'>phalangum</span> <span class='ocrx_word' id='word_1_557' title='bbox 2278 718 2575 759; x_wconf 86' lang='lat' dir='ltr'>sasaminorum</span> 
     </span>
     <span class='ocr_line' id='line_1_72' title="bbox 1339 788 2567 845; baseline 0.006 -16"><span class='ocrx_word' id='word_1_558' title='bbox 1339 797 1379 829; x_wconf 85' lang='lat' dir='ltr'>et</span> <span class='ocrx_word' id='word_1_559' title='bbox 1400 788 1689 839; x_wconf 86' lang='lat' dir='ltr'>ebeninorum,</span> <span class='ocrx_word' id='word_1_560' title='bbox 1714 788 1758 829; x_wconf 90' lang='lat' dir='ltr'>in</span> <span class='ocrx_word' id='word_1_561' title='bbox 1787 790 1948 830; x_wconf 90' lang='lat' dir='ltr'>Omana</span> <span class='ocrx_word' id='word_1_562' title='bbox 1975 798 2111 831; x_wconf 89' lang='lat' dir='ltr'>autem</span> <span class='ocrx_word' id='word_1_563' title='bbox 2141 793 2263 833; x_wconf 89' lang='lat' dir='ltr'>etiam</span> <span class='ocrx_word' id='word_1_564' title='bbox 2283 808 2305 834; x_wconf 92' lang='lat' dir='ltr'>e</span> <span class='ocrx_word' id='word_1_565' title='bbox 2327 794 2437 835; x_wconf 91' lang='lat' dir='ltr'>Cane</span> <span class='ocrx_word' id='word_1_566' title='bbox 2456 795 2567 845; x_wconf 88' lang='lat' dir='ltr'>thus,</span> 
     </span>
     <span class='ocr_line' id='line_1_73' title="bbox 1339 864 2576 922; baseline 0.006 -17"><span class='ocrx_word' id='word_1_567' title='bbox 1339 874 1379 905; x_wconf 89' lang='lat' dir='ltr'>et</span> <span class='ocrx_word' id='word_1_568' title='bbox 1396 864 1447 905; x_wconf 88' lang='lat' dir='ltr'>ab</span> <span class='ocrx_word' id='word_1_569' title='bbox 1469 864 1641 906; x_wconf 89' lang='lat' dir='ltr'>Omanis</span> <span class='ocrx_word' id='word_1_570' title='bbox 1659 864 1703 905; x_wconf 89' lang='lat' dir='ltr'>in</span> <span class='ocrx_word' id='word_1_571' title='bbox 1729 864 1924 906; x_wconf 87' lang='lat' dir='ltr'>Arabiam</span> <span class='ocrx_word' id='word_1_572' title='bbox 1940 867 2117 922; x_wconf 81' lang='lat' dir='ltr'>propriae</span> <span class='ocrx_word' id='word_1_573' title='bbox 2139 867 2263 922; x_wconf 90' lang='lat' dir='ltr'>hujus</span> <span class='ocrx_word' id='word_1_574' title='bbox 2285 869 2363 910; x_wconf 92' lang='lat' dir='ltr'>loci</span> <span class='ocrx_word' id='word_1_575' title='bbox 2382 871 2576 913; x_wconf 86' lang='lat' dir='ltr'>naviculae</span> 
     </span>
     <span class='ocr_line' id='line_1_74' title="bbox 1339 940 2576 998; baseline 0.007 -18"><span class='ocrx_word' id='word_1_576' title='bbox 1339 940 1492 991; x_wconf 84' lang='lat' dir='ltr'>sutiles,</span> <span class='ocrx_word' id='word_1_577' title='bbox 1512 954 1603 996; x_wconf 85' lang='lat' dir='ltr'>quae</span> <span class='ocrx_word' id='word_1_578' title='bbox 1622 949 1823 982; x_wconf 88' lang='lat' dir='ltr'>vocantur</span> <span class='ocrx_word' id='word_1_579' title='bbox 1844 940 2026 983; x_wconf 87' lang='lat' dir='ltr'>madara.</span> <span class='ocrx_word' id='word_1_580' title='bbox 2086 945 2368 998; x_wconf 89' lang='lat' dir='ltr'>Importantur</span> <span class='ocrx_word' id='word_1_581' title='bbox 2388 961 2439 987; x_wconf 88' lang='lat' dir='ltr'>ex</span> <span class='ocrx_word' id='word_1_582' title='bbox 2460 955 2576 989; x_wconf 89' lang='lat' dir='ltr'>utro-</span> 
     </span>
     <span class='ocr_line' id='line_1_75' title="bbox 1340 1017 2574 1077; baseline 0.006 -20"><span class='ocrx_word' id='word_1_583' title='bbox 1340 1031 1421 1071; x_wconf 90' lang='lat' dir='ltr'>que</span> <span class='ocrx_word' id='word_1_584' title='bbox 1454 1018 1642 1072; x_wconf 90' lang='lat' dir='ltr'>emporio</span> <span class='ocrx_word' id='word_1_585' title='bbox 1684 1017 1728 1057; x_wconf 90' lang='lat' dir='ltr'>in</span> <span class='ocrx_word' id='word_1_586' title='bbox 1775 1019 1981 1073; x_wconf 84' lang='lat' dir='ltr'>Barygaza</span> <span class='ocrx_word' id='word_1_587' title='bbox 2027 1026 2067 1059; x_wconf 89' lang='lat' dir='ltr'>et</span> <span class='ocrx_word' id='word_1_588' title='bbox 2103 1020 2297 1061; x_wconf 89' lang='lat' dir='ltr'>Arabiam</span> <span class='ocrx_word' id='word_1_589' title='bbox 2346 1023 2574 1077; x_wconf 84' lang='lat' dir='ltr'>margaritae</span> 
     </span>
     <span class='ocr_line' id='line_1_76' title="bbox 1340 1093 2577 1150; baseline 0.006 -17"><span class='ocrx_word' id='word_1_590' title='bbox 1340 1093 1479 1134; x_wconf 87' lang='lat' dir='ltr'>multae</span> <span class='ocrx_word' id='word_1_591' title='bbox 1496 1102 1538 1135; x_wconf 87' lang='lat' dir='ltr'>at</span> <span class='ocrx_word' id='word_1_592' title='bbox 1546 1093 1702 1135; x_wconf 86' lang='lat' dir='ltr'>Indicis</span> <span class='ocrx_word' id='word_1_593' title='bbox 1716 1093 1945 1145; x_wconf 89' lang='lat' dir='ltr'>inferiores,</span> <span class='ocrx_word' id='word_1_594' title='bbox 1963 1109 2160 1150; x_wconf 88' lang='lat' dir='ltr'>purpura,</span> <span class='ocrx_word' id='word_1_595' title='bbox 2177 1098 2414 1139; x_wconf 89' lang='lat' dir='ltr'>vestimenta</span> <span class='ocrx_word' id='word_1_596' title='bbox 2428 1098 2480 1140; x_wconf 91' lang='lat' dir='ltr'>ad</span> <span class='ocrx_word' id='word_1_597' title='bbox 2498 1099 2577 1141; x_wconf 89' lang='lat' dir='ltr'>loci</span> 
     </span>
    </p>
   </div>
   <div class='ocr_carea' id='block_1_11' title="bbox 1346 1269 2638 3800">
    <p class='ocr_par' dir='ltr' id='par_1_16' title="bbox 1346 1269 2638 3800">
     <span class='ocr_line' id='line_1_77' title="bbox 1347 1269 2579 1330; baseline 0.006 -22"><span class='ocrx_word' id='word_1_598' title='bbox 1347 1270 1433 1309; x_wconf 89' lang='lat' dir='ltr'>nim</span> <span class='ocrx_word' id='word_1_599' title='bbox 1455 1284 1585 1324; x_wconf 87' lang='lat' dir='ltr'>quum</span> <span class='ocrx_word' id='word_1_600' title='bbox 1609 1269 1683 1310; x_wconf 59' lang='grc' dir='ltr'>Τίς</span> <span class='ocrx_word' id='word_1_601' title='bbox 1696 1270 1795 1309; x_wconf 90' lang='lat' dir='ltr'>urbs</span> <span class='ocrx_word' id='word_1_602' title='bbox 1810 1285 1832 1310; x_wconf 91' lang='lat' dir='ltr'>a</span> <span class='ocrx_word' id='word_1_603' title='bbox 1848 1273 1930 1326; x_wconf 51' lang='lat' dir='ltr'>(hp</span> <span class='ocrx_word' id='word_1_604' title='bbox 1945 1273 1995 1311; x_wconf 87' lang='lat' dir='ltr'><em>M</em></span> <span class='ocrx_word' id='word_1_605' title='bbox 1994 1271 2203 1312; x_wconf 76' lang='lat' dir='ltr'>assendom</span> <span class='ocrx_word' id='word_1_606' title='bbox 2217 1272 2323 1313; x_wconf 88' lang='lat' dir='ltr'>linea</span> <span class='ocrx_word' id='word_1_607' title='bbox 2338 1283 2447 1314; x_wconf 82' lang='lat' dir='ltr'>recta</span> <span class='ocrx_word' id='word_1_608' title='bbox 2461 1285 2579 1330; x_wconf 77' lang='lat' dir='ltr'>quat-</span> 
     </span>
     <span class='ocr_line' id='line_1_78' title="bbox 1347 1331 2576 1393; baseline 0.006 -22"><span class='ocrx_word' id='word_1_609' title='bbox 1347 1340 1441 1371; x_wconf 79' lang='lat' dir='ltr'>tuor</span> <span class='ocrx_word' id='word_1_610' title='bbox 1459 1331 1653 1386; x_wconf 85' lang='lat' dir='ltr'>gradibus</span> <span class='ocrx_word' id='word_1_611' title='bbox 1672 1331 1808 1382; x_wconf 89' lang='lat' dir='ltr'>distet,</span> <span class='ocrx_word' id='word_1_612' title='bbox 1827 1333 2069 1373; x_wconf 83' lang='lat' dir='ltr'>Ptolemaeus</span> <span class='ocrx_word' id='word_1_613' title='bbox 2085 1348 2108 1373; x_wconf 91' lang='lat' dir='ltr'>a</span> <span class='ocrx_word' id='word_1_614' title='bbox 2121 1335 2216 1374; x_wconf 89' lang='lat' dir='ltr'>Tisa</span> <span class='ocrx_word' id='word_1_615' title='bbox 2234 1334 2337 1375; x_wconf 87' lang='lat' dir='ltr'>urbe</span> <span class='ocrx_word' id='word_1_616' title='bbox 2357 1337 2373 1388; x_wconf 86' lang='lat'>(</span> <span class='ocrx_word' id='word_1_617' title='bbox 2381 1347 2475 1377; x_wconf 88' lang='lat'>1010</span> <span class='ocrx_word' id='word_1_618' title='bbox 2497 1338 2576 1393; x_wconf 91' lang='lat'>10&#39;)</span> 
     </span>
     <span class='ocr_line' id='line_1_79' title="bbox 1346 1392 2578 1449; baseline 0.005 -17"><span class='ocrx_word' id='word_1_619' title='bbox 1346 1392 1477 1448; x_wconf 84' lang='lat' dir='ltr'>usque</span> <span class='ocrx_word' id='word_1_620' title='bbox 1513 1393 1565 1433; x_wconf 92' lang='lat' dir='ltr'>ad</span> <span class='ocrx_word' id='word_1_621' title='bbox 1611 1392 1776 1434; x_wconf 78' lang='lat' dir='ltr'>Asabon</span> <span class='ocrx_word' id='word_1_622' title='bbox 1807 1392 1916 1448; x_wconf 75' lang='grc' dir='ltr'>(92ο</span> <span class='ocrx_word' id='word_1_623' title='bbox 1946 1393 2044 1447; x_wconf 88' lang='lat'>30&#39;)</span> <span class='ocrx_word' id='word_1_624' title='bbox 2075 1397 2407 1449; x_wconf 88' lang='lat' dir='ltr'>promontorium</span> <span class='ocrx_word' id='word_1_625' title='bbox 2440 1412 2578 1438; x_wconf 74' lang='lat' dir='ltr'>novem</span> 
     </span>
     <span class='ocr_line' id='line_1_80' title="bbox 1348 1454 2579 1510; baseline 0.006 -16"><span class='ocrx_word' id='word_1_626' title='bbox 1348 1454 1432 1495; x_wconf 88' lang='lat' dir='ltr'>fere</span> <span class='ocrx_word' id='word_1_627' title='bbox 1459 1454 1609 1509; x_wconf 84' lang='lat' dir='ltr'>gradus</span> <span class='ocrx_word' id='word_1_628' title='bbox 1643 1463 1849 1495; x_wconf 82' lang='lat' dir='ltr'>numerat.</span> <span class='ocrx_word' id='word_1_629' title='bbox 1888 1457 2090 1496; x_wconf 87' lang='lat' dir='ltr'>Praeterea</span> <span class='ocrx_word' id='word_1_630' title='bbox 2121 1457 2329 1510; x_wconf 81' lang='lat' dir='ltr'>ingentem</span> <span class='ocrx_word' id='word_1_631' title='bbox 2370 1458 2426 1500; x_wconf 89' lang='lat' dir='ltr'>ibi</span> <span class='ocrx_word' id='word_1_632' title='bbox 2459 1462 2579 1501; x_wconf 85' lang='lat' dir='ltr'>Para-</span> 
     </span>
     <span class='ocr_line' id='line_1_81' title="bbox 1347 1516 2581 1570; baseline 0.004 -14"><span class='ocrx_word' id='word_1_633' title='bbox 1347 1525 1513 1569; x_wconf 84' lang='lat' dir='ltr'>gontem</span> <span class='ocrx_word' id='word_1_634' title='bbox 1550 1517 1686 1556; x_wconf 91' lang='lat' dir='ltr'>sinum</span> <span class='ocrx_word' id='word_1_635' title='bbox 1719 1516 1839 1556; x_wconf 87' lang='lat' dir='ltr'>finxit</span> <span class='ocrx_word' id='word_1_636' title='bbox 1861 1517 1933 1570; x_wconf 90' lang='lat' dir='ltr'>qui</span> <span class='ocrx_word' id='word_1_637' title='bbox 1959 1517 2095 1557; x_wconf 89' lang='lat' dir='ltr'>nullus</span> <span class='ocrx_word' id='word_1_638' title='bbox 2118 1527 2192 1559; x_wconf 90' lang='lat' dir='ltr'>est.</span> <span class='ocrx_word' id='word_1_639' title='bbox 2217 1521 2308 1560; x_wconf 86' lang='lat' dir='ltr'>Jam</span> <span class='ocrx_word' id='word_1_640' title='bbox 2327 1534 2424 1559; x_wconf 90' lang='lat' dir='ltr'>vero</span> <span class='ocrx_word' id='word_1_641' title='bbox 2456 1523 2581 1563; x_wconf 90' lang='lat' dir='ltr'>Oma-</span> 
     </span>
     <span class='ocr_line' id='line_1_82' title="bbox 1348 1578 2580 1635; baseline 0.005 -17"><span class='ocrx_word' id='word_1_642' title='bbox 1348 1593 1401 1619; x_wconf 94' lang='lat' dir='ltr'>na</span> <span class='ocrx_word' id='word_1_643' title='bbox 1423 1578 1435 1634; x_wconf 95' lang='lat'>(</span> <span class='ocrx_word' id='word_1_644' title='bbox 1453 1589 1526 1633; x_wconf 89' lang='lat'>97⁰</span> <span class='ocrx_word' id='word_1_645' title='bbox 1555 1578 1651 1632; x_wconf 87' lang='lat'>30&#39;)</span> <span class='ocrx_word' id='word_1_646' title='bbox 1679 1578 1730 1618; x_wconf 93' lang='lat' dir='ltr'>ab</span> <span class='ocrx_word' id='word_1_647' title='bbox 1747 1578 1912 1619; x_wconf 77' lang='lat' dir='ltr'>Asabon</span> <span class='ocrx_word' id='word_1_648' title='bbox 1933 1593 2070 1634; x_wconf 83' lang='lat' dir='ltr'>prom.</span> <span class='ocrx_word' id='word_1_649' title='bbox 2092 1579 2243 1621; x_wconf 85' lang='lat' dir='ltr'>distare</span> <span class='ocrx_word' id='word_1_650' title='bbox 2265 1580 2364 1621; x_wconf 89' lang='lat' dir='ltr'>dicit</span> <span class='ocrx_word' id='word_1_651' title='bbox 2390 1582 2580 1635; x_wconf 84' lang='lat' dir='ltr'>gradibus</span> 
     </span>
     <span class='ocr_line' id='line_1_83' title="bbox 1348 1639 2577 1700; baseline 0.004 -19"><span class='ocrx_word' id='word_1_652' title='bbox 1348 1641 1556 1694; x_wconf 89' lang='lat' dir='ltr'>quinque;</span> <span class='ocrx_word' id='word_1_653' title='bbox 1594 1639 1707 1694; x_wconf 92' lang='lat' dir='ltr'>quod</span> <span class='ocrx_word' id='word_1_654' title='bbox 1728 1642 1823 1680; x_wconf 88' lang='lat' dir='ltr'>satis</span> <span class='ocrx_word' id='word_1_655' title='bbox 1859 1640 2034 1694; x_wconf 87' lang='lat' dir='ltr'>quadrat</span> <span class='ocrx_word' id='word_1_656' title='bbox 2064 1655 2159 1681; x_wconf 90' lang='lat' dir='ltr'>cum</span> <span class='ocrx_word' id='word_1_657' title='bbox 2192 1651 2390 1697; x_wconf 85' lang='lat' dir='ltr'>computu</span> <span class='ocrx_word' id='word_1_658' title='bbox 2414 1646 2577 1700; x_wconf 88' lang='lat' dir='ltr'>Peripli.</span> 
     </span>
     <span class='ocr_line' id='line_1_84' title="bbox 1347 1701 2580 1756; baseline 0.006 -15"><span class='ocrx_word' id='word_1_659' title='bbox 1347 1701 1471 1742; x_wconf 92' lang='lat' dir='ltr'>Unde</span> <span class='ocrx_word' id='word_1_660' title='bbox 1497 1711 1642 1756; x_wconf 90' lang='lat' dir='ltr'>sponte</span> <span class='ocrx_word' id='word_1_661' title='bbox 1677 1702 1831 1755; x_wconf 85' lang='lat' dir='ltr'>colligis</span> <span class='ocrx_word' id='word_1_662' title='bbox 1867 1702 2134 1743; x_wconf 84' lang='lat' dir='ltr'>Ptolemaeum</span> <span class='ocrx_word' id='word_1_663' title='bbox 2164 1703 2270 1744; x_wconf 89' lang='lat' dir='ltr'>hanc</span> <span class='ocrx_word' id='word_1_664' title='bbox 2301 1705 2534 1747; x_wconf 86' lang='lat' dir='ltr'>distantiam</span> <span class='ocrx_word' id='word_1_665' title='bbox 2558 1723 2580 1748; x_wconf 89' lang='lat' dir='ltr'>e</span> 
     </span>
     <span class='ocr_line' id='line_1_85' title="bbox 1348 1763 2581 1820; baseline 0.006 -18"><span class='ocrx_word' id='word_1_666' title='bbox 1348 1763 1510 1817; x_wconf 91' lang='lat' dir='ltr'>Periplo</span> <span class='ocrx_word' id='word_1_667' title='bbox 1527 1764 1663 1817; x_wconf 88' lang='lat' dir='ltr'>aliquo</span> <span class='ocrx_word' id='word_1_668' title='bbox 1682 1765 1812 1803; x_wconf 91' lang='lat' dir='ltr'>nostri</span> <span class='ocrx_word' id='word_1_669' title='bbox 1841 1764 1962 1804; x_wconf 88' lang='lat' dir='ltr'>simili</span> <span class='ocrx_word' id='word_1_670' title='bbox 1982 1766 2203 1819; x_wconf 87' lang='lat' dir='ltr'>accepisse,</span> <span class='ocrx_word' id='word_1_671' title='bbox 2221 1781 2392 1820; x_wconf 88' lang='lat' dir='ltr'>eamque</span> <span class='ocrx_word' id='word_1_672' title='bbox 2411 1769 2453 1807; x_wconf 92' lang='lat' dir='ltr'>in</span> <span class='ocrx_word' id='word_1_673' title='bbox 2469 1783 2581 1809; x_wconf 92' lang='lat' dir='ltr'>com-</span> 
     </span>
     <span class='ocr_line' id='line_1_86' title="bbox 1349 1825 2581 1885; baseline 0.006 -22"><span class='ocrx_word' id='word_1_674' title='bbox 1349 1825 1578 1864; x_wconf 89' lang='lat' dir='ltr'>mentitiam</span> <span class='ocrx_word' id='word_1_675' title='bbox 1597 1839 1714 1864; x_wconf 89' lang='lat' dir='ltr'>suam</span> <span class='ocrx_word' id='word_1_676' title='bbox 1733 1839 1815 1864; x_wconf 91' lang='lat' dir='ltr'>orae</span> <span class='ocrx_word' id='word_1_677' title='bbox 1837 1825 2151 1866; x_wconf 88' lang='lat' dir='ltr'>delineationem</span> <span class='ocrx_word' id='word_1_678' title='bbox 2171 1828 2435 1869; x_wconf 88' lang='lat' dir='ltr'>transtulisse.</span> <span class='ocrx_word' id='word_1_679' title='bbox 2458 1831 2581 1885; x_wconf 93' lang='lat' dir='ltr'>Quod</span> 
     </span>
     <span class='ocr_line' id='line_1_87' title="bbox 1349 1886 2582 1940; baseline 0.005 -14"><span class='ocrx_word' id='word_1_680' title='bbox 1349 1887 1618 1940; x_wconf 82' lang='lat' dir='ltr'>Paragontem</span> <span class='ocrx_word' id='word_1_681' title='bbox 1642 1886 1849 1927; x_wconf 76' lang='lat' dir='ltr'>Ptolemaei</span> <span class='ocrx_word' id='word_1_682' title='bbox 1871 1888 2006 1927; x_wconf 89' lang='lat' dir='ltr'>sinum</span> <span class='ocrx_word' id='word_1_683' title='bbox 2030 1889 2198 1937; x_wconf 76' lang='lat' dir='ltr'>attinet,</span> <span class='ocrx_word' id='word_1_684' title='bbox 2219 1890 2460 1930; x_wconf 85' lang='lat' dir='ltr'>Mannertus</span> <span class='ocrx_word' id='word_1_685' title='bbox 2488 1906 2582 1932; x_wconf 90' lang='lat' dir='ltr'>eum</span> 
     </span>
     <span class='ocr_line' id='line_1_88' title="bbox 1350 1949 2584 2004; baseline 0.005 -17"><span class='ocrx_word' id='word_1_686' title='bbox 1350 1962 1399 1988; x_wconf 86' lang='lat' dir='ltr'>ex</span> <span class='ocrx_word' id='word_1_687' title='bbox 1422 1949 1534 1989; x_wconf 87' lang='lat' dir='ltr'>arab.</span> <span class='ocrx_word' id='word_1_688' title='bbox 1567 1949 1680 1988; x_wconf 81' lang='lat' dir='ltr'>Balzr</span> <span class='ocrx_word' id='word_1_689' title='bbox 1704 1951 1835 1988; x_wconf 81' lang='lat' dir='ltr'>Oman</span> <span class='ocrx_word' id='word_1_690' title='bbox 1864 1957 2010 1988; x_wconf 90' lang='lat' dir='ltr'>natum</span> <span class='ocrx_word' id='word_1_691' title='bbox 2046 1964 2131 1988; x_wconf 88' lang='lat' dir='ltr'>esse</span> <span class='ocrx_word' id='word_1_692' title='bbox 2159 1951 2403 2004; x_wconf 86' lang='lat' dir='ltr'>suspicatur.</span> <span class='ocrx_word' id='word_1_693' title='bbox 2437 1953 2584 1993; x_wconf 89' lang='lat' dir='ltr'>Nescio</span> 
     </span>
     <span class='ocr_line' id='line_1_89' title="bbox 1351 2009 2583 2069; baseline 0.004 -19"><span class='ocrx_word' id='word_1_694' title='bbox 1351 2024 1403 2050; x_wconf 92' lang='lat' dir='ltr'>an</span> <span class='ocrx_word' id='word_1_695' title='bbox 1439 2025 1592 2051; x_wconf 89' lang='lat' dir='ltr'>nomen</span> <span class='ocrx_word' id='word_1_696' title='bbox 1627 2009 1714 2064; x_wconf 90' lang='lat' dir='ltr'>ejus</span> <span class='ocrx_word' id='word_1_697' title='bbox 1750 2011 1793 2051; x_wconf 91' lang='lat' dir='ltr'>in</span> <span class='ocrx_word' id='word_1_698' title='bbox 1817 2010 2020 2051; x_wconf 89' lang='lat' dir='ltr'>hodierno</span> <span class='ocrx_word' id='word_1_699' title='bbox 2053 2014 2197 2062; x_wconf 79' lang='lat' dir='ltr'>Purug</span> <span class='ocrx_word' id='word_1_700' title='bbox 2216 2012 2268 2052; x_wconf 89' lang='lat' dir='ltr'>ad</span> <span class='ocrx_word' id='word_1_701' title='bbox 2303 2013 2438 2053; x_wconf 90' lang='lat' dir='ltr'>sinum</span> <span class='ocrx_word' id='word_1_702' title='bbox 2463 2028 2583 2069; x_wconf 88' lang='lat' dir='ltr'>supra</span> 
     </span>
     <span class='ocr_line' id='line_1_90' title="bbox 1350 2074 2583 2130; baseline 0.003 -17"><span class='ocrx_word' id='word_1_703' title='bbox 1350 2082 1626 2113; x_wconf 86' lang='lat' dir='ltr'>memoratum</span> <span class='ocrx_word' id='word_1_704' title='bbox 1656 2081 1860 2128; x_wconf 90' lang='lat' dir='ltr'>superstes</span> <span class='ocrx_word' id='word_1_705' title='bbox 1902 2074 1968 2113; x_wconf 91' lang='lat' dir='ltr'>sit.</span> <span class='ocrx_word' id='word_1_706' title='bbox 2012 2074 2204 2114; x_wconf 90' lang='lat' dir='ltr'>Ceterum</span> <span class='ocrx_word' id='word_1_707' title='bbox 2242 2074 2398 2130; x_wconf 78' lang='grc' dir='ltr'>’Όμανα</span> <span class='ocrx_word' id='word_1_708' title='bbox 2433 2090 2583 2117; x_wconf 92' lang='lat' dir='ltr'>nomen</span> 
     </span>
     <span class='ocr_line' id='line_1_91' title="bbox 1350 2133 2578 2192; baseline 0.004 -19"><span class='ocrx_word' id='word_1_709' title='bbox 1350 2135 1393 2173; x_wconf 92' lang='lat' dir='ltr'>in</span> <span class='ocrx_word' id='word_1_710' title='bbox 1430 2133 1642 2175; x_wconf 90' lang='lat' dir='ltr'>codicibus</span> <span class='ocrx_word' id='word_1_711' title='bbox 1678 2133 1885 2175; x_wconf 87' lang='lat' dir='ltr'>Ptolemaei</span> <span class='ocrx_word' id='word_1_712' title='bbox 1908 2142 2153 2188; x_wconf 86' lang='lat' dir='ltr'>corruptum</span> <span class='ocrx_word' id='word_1_713' title='bbox 2192 2143 2252 2175; x_wconf 86' lang='lat' dir='ltr'>est</span> <span class='ocrx_word' id='word_1_714' title='bbox 2288 2136 2332 2175; x_wconf 90' lang='lat' dir='ltr'>in</span> <span class='ocrx_word' id='word_1_715' title='bbox 2367 2135 2578 2192; x_wconf 82' lang='grc' dir='ltr'>Νόμμανα,</span> 
     </span>
     <span class='ocr_line' id='line_1_92' title="bbox 1350 2195 2583 2252; baseline 0.004 -17"><span class='ocrx_word' id='word_1_716' title='bbox 1350 2196 1553 2251; x_wconf 71' lang='grc' dir='ltr'>Νόμὸανα,</span> <span class='ocrx_word' id='word_1_717' title='bbox 1573 2197 1778 2251; x_wconf 86' lang='grc' dir='ltr'>Κόμμανα,</span> <span class='ocrx_word' id='word_1_718' title='bbox 1800 2195 2006 2250; x_wconf 75' lang='grc' dir='ltr'>Κόμὸανα;</span> <span class='ocrx_word' id='word_1_719' title='bbox 2026 2210 2165 2236; x_wconf 87' lang='lat' dir='ltr'>veram</span> <span class='ocrx_word' id='word_1_720' title='bbox 2185 2198 2430 2252; x_wconf 89' lang='lat' dir='ltr'>scripturam</span> <span class='ocrx_word' id='word_1_721' title='bbox 2449 2213 2583 2240; x_wconf 88' lang='lat' dir='ltr'>serva-</span> 
     </span>
     <span class='ocr_line' id='line_1_93' title="bbox 1350 2257 2638 2313; baseline 0.002 -15"><span class='ocrx_word' id='word_1_722' title='bbox 1350 2260 1408 2298; x_wconf 89' lang='lat' dir='ltr'>vit</span> <span class='ocrx_word' id='word_1_723' title='bbox 1421 2259 1654 2299; x_wconf 90' lang='lat' dir='ltr'>Marcianus</span> <span class='ocrx_word' id='word_1_724' title='bbox 1666 2273 1709 2313; x_wconf 93' lang='lat' dir='ltr'>p.</span> <span class='ocrx_word' id='word_1_725' title='bbox 1737 2259 1788 2311; x_wconf 83' lang='lat'>37</span> <span class='ocrx_word' id='word_1_726' title='bbox 1801 2257 1922 2307; x_wconf 68' lang='lat' dir='ltr'>Mill„</span> <span class='ocrx_word' id='word_1_727' title='bbox 1940 2257 2012 2297; x_wconf 91' lang='lat' dir='ltr'>ubi</span> <span class='ocrx_word' id='word_1_728' title='bbox 2037 2257 2193 2313; x_wconf 75' lang='grc' dir='ltr'>’Όμανα</span> <span class='ocrx_word' id='word_1_729' title='bbox 2210 2257 2391 2313; x_wconf 81' lang='grc' dir='ltr'>ἐμπόριον</span> <span class='ocrx_word' id='word_1_730' title='bbox 2415 2264 2490 2300; x_wconf 87' lang='grc' dir='ltr'>τῶν</span> <span class='ocrx_word' id='word_1_731' title='bbox 2505 2260 2584 2301; x_wconf 80' lang='grc' dir='ltr'>ἐπι·</span> <span class='ocrx_word' id='word_1_732' title='bbox 2634 2275 2638 2279; x_wconf 81' lang='lat'><strong>·</strong></span> 
     </span>
     <span class='ocr_line' id='line_1_94' title="bbox 1350 2319 2578 2375; baseline 0.002 -15"><span class='ocrx_word' id='word_1_733' title='bbox 1350 2321 1501 2375; x_wconf 78' lang='grc' dir='ltr'>σήμων.</span> <span class='ocrx_word' id='word_1_734' title='bbox 1533 2322 1549 2375; x_wconf 75' lang='grc' dir='ltr'>Η</span> <span class='ocrx_word' id='word_1_735' title='bbox 1572 2346 1629 2351; x_wconf 89' lang='grc'>-</span> <span class='ocrx_word' id='word_1_736' title='bbox 1647 2322 1687 2361; x_wconf 92' lang='lat'>8.</span> <span class='ocrx_word' id='word_1_737' title='bbox 1714 2319 2040 2373; x_wconf 76' lang='grc' dir='ltr'>σανταλίνων]</span> <span class='ocrx_word' id='word_1_738' title='bbox 2065 2320 2285 2374; x_wconf 81' lang='grc' dir='ltr'>σαγαλίνων</span> <span class='ocrx_word' id='word_1_739' title='bbox 2310 2320 2466 2371; x_wconf 85' lang='lat' dir='ltr'>codex;</span> <span class='ocrx_word' id='word_1_740' title='bbox 2497 2336 2578 2362; x_wconf 92' lang='lat' dir='ltr'>em.</span> 
     </span>
     <span class='ocr_line' id='line_1_95' title="bbox 1350 2380 2582 2435; baseline 0 -12"><span class='ocrx_word' id='word_1_741' title='bbox 1350 2384 1566 2423; x_wconf 90' lang='lat' dir='ltr'>Salmasius</span> <span class='ocrx_word' id='word_1_742' title='bbox 1579 2382 1607 2422; x_wconf 95' lang='lat' dir='ltr'>l.</span> <span class='ocrx_word' id='word_1_743' title='bbox 1628 2382 1656 2422; x_wconf 92' lang='grc'>1.</span> <span class='ocrx_word' id='word_1_744' title='bbox 1677 2395 1720 2435; x_wconf 90' lang='lat' dir='ltr'>p.</span> <span class='ocrx_word' id='word_1_745' title='bbox 1743 2385 1838 2435; x_wconf 86' lang='lat'>726.</span> <span class='ocrx_word' id='word_1_746' title='bbox 1862 2383 1924 2420; x_wconf 89' lang='lat' dir='ltr'>De</span> <span class='ocrx_word' id='word_1_747' title='bbox 1947 2380 2089 2421; x_wconf 84' lang='lat' dir='ltr'>formis</span> <span class='ocrx_word' id='word_1_748' title='bbox 2102 2382 2327 2428; x_wconf 89' lang='grc' dir='ltr'>σαντάλινος</span> <span class='ocrx_word' id='word_1_749' title='bbox 2342 2390 2382 2422; x_wconf 91' lang='lat' dir='ltr'>et</span> <span class='ocrx_word' id='word_1_750' title='bbox 2401 2383 2582 2423; x_wconf 81' lang='grc' dir='ltr'>σανδάλι-</span> 
     </span>
     <span class='ocr_line' id='line_1_96' title="bbox 1350 2442 2584 2498; baseline 0.001 -13"><span class='ocrx_word' id='word_1_751' title='bbox 1350 2460 1412 2493; x_wconf 89' lang='grc' dir='ltr'>νος</span> <span class='ocrx_word' id='word_1_752' title='bbox 1434 2460 1472 2485; x_wconf 89' lang='lat' dir='ltr'>v.</span> <span class='ocrx_word' id='word_1_753' title='bbox 1499 2444 1638 2498; x_wconf 86' lang='lat' dir='ltr'>Steph.</span> <span class='ocrx_word' id='word_1_754' title='bbox 1662 2444 1785 2484; x_wconf 91' lang='lat' dir='ltr'>Thes.</span> <span class='ocrx_word' id='word_1_755' title='bbox 1804 2457 1843 2483; x_wconf 92' lang='lat' dir='ltr'>v.</span> <span class='ocrx_word' id='word_1_756' title='bbox 1869 2442 2072 2497; x_wconf 83' lang='grc' dir='ltr'>σαγάλινα.</span> <span class='ocrx_word' id='word_1_757' title='bbox 2104 2445 2166 2482; x_wconf 91' lang='lat' dir='ltr'>De</span> <span class='ocrx_word' id='word_1_758' title='bbox 2187 2457 2232 2483; x_wconf 89' lang='lat' dir='ltr'>re</span> <span class='ocrx_word' id='word_1_759' title='bbox 2247 2458 2287 2484; x_wconf 86' lang='lat' dir='ltr'>v.</span> <span class='ocrx_word' id='word_1_760' title='bbox 2315 2444 2445 2484; x_wconf 89' lang='lat' dir='ltr'>Ritter</span> <span class='ocrx_word' id='word_1_761' title='bbox 2465 2457 2475 2485; x_wconf 89' lang='lat'>:</span> <span class='ocrx_word' id='word_1_762' title='bbox 2494 2448 2584 2487; x_wconf 81' lang='lat' dir='ltr'>Das</span> 
     </span>
     <span class='ocr_line' id='line_1_97' title="bbox 1349 2502 2602 2562; baseline 0 -14"><span class='ocrx_word' id='word_1_763' title='bbox 1349 2507 1588 2548; x_wconf 77' lang='lat' dir='ltr'>Sandellzolz</span> <span class='ocrx_word' id='word_1_764' title='bbox 1620 2505 1858 2562; x_wconf 82' lang='lat' dir='ltr'>(Santalum</span> <span class='ocrx_word' id='word_1_765' title='bbox 1887 2505 2040 2553; x_wconf 81' lang='lat' dir='ltr'>album,</span> <span class='ocrx_word' id='word_1_766' title='bbox 2064 2505 2204 2553; x_wconf 86' lang='lat' dir='ltr'>Linn.‚</span> <span class='ocrx_word' id='word_1_767' title='bbox 2231 2505 2508 2547; x_wconf 74' lang='lat' dir='ltr'>Dsclzandana</span> <span class='ocrx_word' id='word_1_768' title='bbox 2528 2502 2602 2548; x_wconf 49' lang='lat' dir='ltr'>im*</span> 
     </span>
     <span class='ocr_line' id='line_1_98' title="bbox 1349 2566 2578 2623; baseline 0.001 -13"><span class='ocrx_word' id='word_1_769' title='bbox 1349 2570 1532 2617; x_wconf 69' lang='lat' dir='ltr'>Sanslsr„</span> <span class='ocrx_word' id='word_1_770' title='bbox 1560 2567 1728 2623; x_wconf 81' lang='lat' dir='ltr'>Zanpal</span> <span class='ocrx_word' id='word_1_771' title='bbox 1757 2567 1812 2607; x_wconf 87' lang='lat' dir='ltr'>im</span> <span class='ocrx_word' id='word_1_772' title='bbox 1841 2566 1991 2615; x_wconf 68' lang='lat' dir='ltr'>Arab„</span> <span class='ocrx_word' id='word_1_773' title='bbox 2019 2566 2269 2607; x_wconf 80' lang='lat' dir='ltr'>Dschandan</span> <span class='ocrx_word' id='word_1_774' title='bbox 2294 2567 2349 2607; x_wconf 88' lang='lat' dir='ltr'>im</span> <span class='ocrx_word' id='word_1_775' title='bbox 2376 2568 2521 2609; x_wconf 75' lang='lat' dir='ltr'>Hinda</span> <span class='ocrx_word' id='word_1_776' title='bbox 2539 2585 2578 2611; x_wconf 85' lang='grc' dir='ltr'>ιι.</span> 
     </span>
     <span class='ocr_line' id='line_1_99' title="bbox 1350 2628 2585 2685; baseline 0 -13"><span class='ocrx_word' id='word_1_777' title='bbox 1350 2629 1685 2685; x_wconf 82' lang='lat' dir='ltr'>Mongolisclzen)</span> <span class='ocrx_word' id='word_1_778' title='bbox 1725 2628 1767 2669; x_wconf 86' lang='lat' dir='ltr'>in</span> <span class='ocrx_word' id='word_1_779' title='bbox 1789 2628 1988 2670; x_wconf 82' lang='lat' dir='ltr'>Malabar</span> <span class='ocrx_word' id='word_1_780' title='bbox 2014 2628 2099 2669; x_wconf 85' lang='lat' dir='ltr'>und</span> <span class='ocrx_word' id='word_1_781' title='bbox 2128 2628 2237 2669; x_wconf 77' lang='lat' dir='ltr'>scine</span> <span class='ocrx_word' id='word_1_782' title='bbox 2276 2631 2320 2669; x_wconf 93' lang='lat' dir='ltr'><em>V</em></span> <span class='ocrx_word' id='word_1_783' title='bbox 2317 2629 2585 2682; x_wconf 77' lang='lat' dir='ltr'>erbreieungs-</span> 
     </span>
     <span class='ocr_line' id='line_1_100' title="bbox 1349 2690 2582 2750; baseline -0.002 -16"><span class='ocrx_word' id='word_1_784' title='bbox 1349 2695 1505 2750; x_wconf 80' lang='lat' dir='ltr'>sphoere</span> <span class='ocrx_word' id='word_1_785' title='bbox 1526 2694 1569 2732; x_wconf 90' lang='lat' dir='ltr'>in</span> <span class='ocrx_word' id='word_1_786' title='bbox 1589 2691 1722 2732; x_wconf 77' lang='lat' dir='ltr'>Erdls.</span> <span class='ocrx_word' id='word_1_787' title='bbox 1749 2699 1781 2731; x_wconf 92' lang='lat' dir='ltr'>t.</span> <span class='ocrx_word' id='word_1_788' title='bbox 1814 2692 1870 2740; x_wconf 90' lang='lat' dir='ltr'>V,</span> <span class='ocrx_word' id='word_1_789' title='bbox 1899 2705 1942 2746; x_wconf 92' lang='lat' dir='ltr'>p.</span> <span class='ocrx_word' id='word_1_790' title='bbox 1987 2690 2064 2732; x_wconf 88' lang='lat'>815</span> <span class='ocrx_word' id='word_1_791' title='bbox 2098 2705 2197 2745; x_wconf 57' lang='lat' dir='ltr'>sqq„</span> <span class='ocrx_word' id='word_1_792' title='bbox 2222 2691 2238 2745; x_wconf 78' lang='grc' dir='ltr'>Η</span> <span class='ocrx_word' id='word_1_793' title='bbox 2270 2693 2582 2748; x_wconf 85' lang='grc' dir='ltr'>-κεράτων]</span> 
     </span>
     <span class='ocr_line' id='line_1_101' title="bbox 1352 2752 2588 2809; baseline 0 -14"><span class='ocrx_word' id='word_1_794' title='bbox 1352 2754 1513 2808; x_wconf 86' lang='lat' dir='ltr'>Quodsi</span> <span class='ocrx_word' id='word_1_795' title='bbox 1538 2755 1668 2795; x_wconf 91' lang='lat' dir='ltr'>houm</span> <span class='ocrx_word' id='word_1_796' title='bbox 1689 2767 1847 2794; x_wconf 90' lang='lat' dir='ltr'>cornua</span> <span class='ocrx_word' id='word_1_797' title='bbox 1863 2752 1925 2792; x_wconf 92' lang='lat' dir='ltr'>vel</span> <span class='ocrx_word' id='word_1_798' title='bbox 1947 2752 2209 2808; x_wconf 84' lang='lat' dir='ltr'>elephantum</span> <span class='ocrx_word' id='word_1_799' title='bbox 2231 2752 2374 2793; x_wconf 84' lang='lat' dir='ltr'>dentes</span> <span class='ocrx_word' id='word_1_800' title='bbox 2389 2753 2588 2809; x_wconf 89' lang='lat' dir='ltr'>interpre-</span> 
     </span>
     <span class='ocr_line' id='line_1_102' title="bbox 1352 2813 2584 2869; baseline -0.001 -12"><span class='ocrx_word' id='word_1_801' title='bbox 1352 2818 1472 2866; x_wconf 90' lang='lat' dir='ltr'>teris,</span> <span class='ocrx_word' id='word_1_802' title='bbox 1505 2815 1681 2857; x_wconf 85' lang='lat' dir='ltr'>ofsendit</span> <span class='ocrx_word' id='word_1_803' title='bbox 1712 2829 1793 2855; x_wconf 87' lang='lat' dir='ltr'>vox</span> <span class='ocrx_word' id='word_1_804' title='bbox 1826 2814 1934 2854; x_wconf 87' lang='lat' dir='ltr'>inter</span> <span class='ocrx_word' id='word_1_805' title='bbox 1961 2814 2086 2868; x_wconf 79' lang='grc' dir='ltr'>δοκῶν</span> <span class='ocrx_word' id='word_1_806' title='bbox 2110 2822 2150 2854; x_wconf 88' lang='lat' dir='ltr'>et</span> <span class='ocrx_word' id='word_1_807' title='bbox 2186 2813 2400 2869; x_wconf 81' lang='grc' dir='ltr'>φαλάγγων</span> <span class='ocrx_word' id='word_1_808' title='bbox 2435 2815 2584 2857; x_wconf 85' lang='lat' dir='ltr'>media.</span> 
     </span>
     <span class='ocr_line' id='line_1_103' title="bbox 1353 2874 2588 2930; baseline -0.002 -11"><span class='ocrx_word' id='word_1_809' title='bbox 1353 2880 1492 2930; x_wconf 89' lang='lat' dir='ltr'>Quare</span> <span class='ocrx_word' id='word_1_810' title='bbox 1517 2886 1588 2919; x_wconf 91' lang='lat' dir='ltr'>aut</span> <span class='ocrx_word' id='word_1_811' title='bbox 1607 2877 1686 2918; x_wconf 89' lang='lat' dir='ltr'>alio</span> <span class='ocrx_word' id='word_1_812' title='bbox 1708 2890 1832 2917; x_wconf 90' lang='lat' dir='ltr'>sensu</span> <span class='ocrx_word' id='word_1_813' title='bbox 1857 2874 2138 2929; x_wconf 83' lang='lat' dir='ltr'>accipiendam</span> <span class='ocrx_word' id='word_1_814' title='bbox 2168 2889 2254 2915; x_wconf 88' lang='lat' dir='ltr'>esse</span> <span class='ocrx_word' id='word_1_815' title='bbox 2272 2883 2375 2930; x_wconf 90' lang='lat' dir='ltr'>puto</span> <span class='ocrx_word' id='word_1_816' title='bbox 2407 2884 2477 2916; x_wconf 86' lang='lat' dir='ltr'>aut</span> <span class='ocrx_word' id='word_1_817' title='bbox 2499 2891 2588 2916; x_wconf 88' lang='lat' dir='ltr'>mu·</span> 
     </span>
     <span class='ocr_line' id='line_1_104' title="bbox 1353 2932 2584 2994; baseline -0.002 -13"><span class='ocrx_word' id='word_1_818' title='bbox 1353 2939 1521 2981; x_wconf 88' lang='lat' dir='ltr'>tandam</span> <span class='ocrx_word' id='word_1_819' title='bbox 1543 2940 1586 2980; x_wconf 95' lang='lat' dir='ltr'>in</span> <span class='ocrx_word' id='word_1_820' title='bbox 1612 2942 1767 2994; x_wconf 82' lang='grc' dir='ltr'>κορμῶν</span> <span class='ocrx_word' id='word_1_821' title='bbox 1792 2937 1854 2978; x_wconf 88' lang='lat' dir='ltr'>vel</span> <span class='ocrx_word' id='word_1_822' title='bbox 1879 2936 2066 2991; x_wconf 83' lang='grc' dir='ltr'>κορμίων.</span> <span class='ocrx_word' id='word_1_823' title='bbox 2095 2937 2215 2977; x_wconf 87' lang='lat' dir='ltr'>Certe</span> <span class='ocrx_word' id='word_1_824' title='bbox 2248 2932 2412 2992; x_wconf 62' lang='grc' dir='ltr'>κορμοῦξ</span> <span class='ocrx_word' id='word_1_825' title='bbox 2442 2937 2584 2988; x_wconf 71' lang='grc' dir='ltr'>ἐδένου,</span> 
     </span>
     <span class='ocr_line' id='line_1_105' title="bbox 1353 2997 2586 3050; baseline -0.002 -8"><span class='ocrx_word' id='word_1_826' title='bbox 1353 3010 1522 3042; x_wconf 88' lang='lat' dir='ltr'>truncos</span> <span class='ocrx_word' id='word_1_827' title='bbox 1550 3001 1695 3050; x_wconf 89' lang='lat' dir='ltr'>ebeni,</span> <span class='ocrx_word' id='word_1_828' title='bbox 1732 3015 1754 3040; x_wconf 91' lang='lat' dir='ltr'>e</span> <span class='ocrx_word' id='word_1_829' title='bbox 1786 2999 1997 3040; x_wconf 83' lang='lat' dir='ltr'>Callixeno</span> <span class='ocrx_word' id='word_1_830' title='bbox 2033 2997 2198 3039; x_wconf 89' lang='lat' dir='ltr'>Rhodio</span> <span class='ocrx_word' id='word_1_831' title='bbox 2228 3007 2428 3039; x_wconf 88' lang='lat' dir='ltr'>memorat</span> <span class='ocrx_word' id='word_1_832' title='bbox 2461 3001 2586 3040; x_wconf 90' lang='lat' dir='ltr'>Athe-</span> 
     </span>
     <span class='ocr_line' id='line_1_106' title="bbox 1354 3060 2584 3118; baseline -0.002 -13"><span class='ocrx_word' id='word_1_833' title='bbox 1354 3078 1466 3105; x_wconf 87' lang='lat' dir='ltr'>naeus</span> <span class='ocrx_word' id='word_1_834' title='bbox 1483 3065 1540 3114; x_wconf 91' lang='lat' dir='ltr'>V,</span> <span class='ocrx_word' id='word_1_835' title='bbox 1562 3077 1591 3118; x_wconf 92' lang='lat' dir='ltr'>p</span> <span class='ocrx_word' id='word_1_836' title='bbox 1633 3075 1730 3112; x_wconf 86' lang='lat'>201,</span> <span class='ocrx_word' id='word_1_837' title='bbox 1753 3064 1804 3103; x_wconf 93' lang='lat' dir='ltr'>A.</span> <span class='ocrx_word' id='word_1_838' title='bbox 1835 3062 1850 3115; x_wconf 76' lang='grc' dir='ltr'>Η</span> <span class='ocrx_word' id='word_1_839' title='bbox 1888 3085 1945 3092; x_wconf 90' lang='grc'>-</span> <span class='ocrx_word' id='word_1_840' title='bbox 1964 3060 2270 3116; x_wconf 82' lang='grc' dir='ltr'>φαλάγγων]</span> <span class='ocrx_word' id='word_1_841' title='bbox 2297 3060 2360 3101; x_wconf 88' lang='lat' dir='ltr'>Cf.</span> <span class='ocrx_word' id='word_1_842' title='bbox 2383 3061 2584 3102; x_wconf 88' lang='lat' dir='ltr'>Herodot.</span> 
     </span>
     <span class='ocr_line' id='line_1_107' title="bbox 1354 3120 2586 3180; baseline -0.004 -13"><span class='ocrx_word' id='word_1_843' title='bbox 1354 3128 1431 3176; x_wconf 88' lang='lat' dir='ltr'>III,</span> <span class='ocrx_word' id='word_1_844' title='bbox 1453 3140 1506 3180; x_wconf 88' lang='lat'>97</span> <span class='ocrx_word' id='word_1_845' title='bbox 1526 3138 1536 3166; x_wconf 76' lang='lat'>2</span> <span class='ocrx_word' id='word_1_846' title='bbox 1558 3124 1754 3177; x_wconf 78' lang='grc' dir='ltr'>διηκοσίας</span> <span class='ocrx_word' id='word_1_847' title='bbox 1771 3123 1974 3178; x_wconf 84' lang='grc' dir='ltr'>φάλαγγας</span> <span class='ocrx_word' id='word_1_848' title='bbox 1997 3121 2140 3162; x_wconf 74' lang='grc' dir='ltr'>ἐὸἑνου.</span> <span class='ocrx_word' id='word_1_849' title='bbox 2163 3123 2266 3162; x_wconf 91' lang='lat' dir='ltr'>Sunt</span> <span class='ocrx_word' id='word_1_850' title='bbox 2282 3120 2406 3161; x_wconf 87' lang='lat' dir='ltr'>fustes</span> <span class='ocrx_word' id='word_1_851' title='bbox 2435 3122 2497 3161; x_wconf 88' lang='lat' dir='ltr'>vel</span> <span class='ocrx_word' id='word_1_852' title='bbox 2516 3121 2586 3162; x_wconf 86' lang='lat' dir='ltr'>ba-</span> 
     </span>
     <span class='ocr_line' id='line_1_108' title="bbox 1355 3182 2585 3239; baseline -0.004 -10"><span class='ocrx_word' id='word_1_853' title='bbox 1355 3188 1436 3229; x_wconf 87' lang='lat' dir='ltr'>culi</span> <span class='ocrx_word' id='word_1_854' title='bbox 1470 3196 1633 3229; x_wconf 86' lang='lat' dir='ltr'>teretes.</span> <span class='ocrx_word' id='word_1_855' title='bbox 1674 3186 1812 3227; x_wconf 91' lang='lat' dir='ltr'>Schol.</span> <span class='ocrx_word' id='word_1_856' title='bbox 1854 3184 1990 3239; x_wconf 89' lang='lat' dir='ltr'>Apoll.</span> <span class='ocrx_word' id='word_1_857' title='bbox 2027 3184 2107 3224; x_wconf 92' lang='lat' dir='ltr'>Rh.</span> <span class='ocrx_word' id='word_1_858' title='bbox 2131 3185 2186 3233; x_wconf 92' lang='lat' dir='ltr'>II,</span> <span class='ocrx_word' id='word_1_859' title='bbox 2221 3182 2299 3231; x_wconf 89' lang='grc'>845</span> <span class='ocrx_word' id='word_1_860' title='bbox 2330 3196 2338 3223; x_wconf 89' lang='grc'>;</span> <span class='ocrx_word' id='word_1_861' title='bbox 2364 3182 2513 3237; x_wconf 80' lang='grc' dir='ltr'>φάλαγξ</span> <span class='ocrx_word' id='word_1_862' title='bbox 2540 3184 2585 3224; x_wconf 77' lang='grc' dir='ltr'>τὸ</span> 
     </span>
     <span class='ocr_line' id='line_1_109' title="bbox 1357 3245 2582 3306; baseline -0.006 -14"><span class='ocrx_word' id='word_1_863' title='bbox 1357 3250 1537 3306; x_wconf 78' lang='grc' dir='ltr'>ἐπίμηκες</span> <span class='ocrx_word' id='word_1_864' title='bbox 1576 3249 1641 3290; x_wconf 79' lang='grc' dir='ltr'>καὶ</span> <span class='ocrx_word' id='word_1_865' title='bbox 1663 3247 1903 3303; x_wconf 79' lang='grc' dir='ltr'>στρογγύλον</span> <span class='ocrx_word' id='word_1_866' title='bbox 1941 3245 2068 3293; x_wconf 82' lang='grc' dir='ltr'>ξύλον.</span> <span class='ocrx_word' id='word_1_867' title='bbox 2107 3245 2288 3299; x_wconf 72' lang='lat' dir='ltr'>Hesyeh.</span> <span class='ocrx_word' id='word_1_868' title='bbox 2325 3257 2334 3284; x_wconf 74' lang='grc' dir='ltr'>ε</span> <span class='ocrx_word' id='word_1_869' title='bbox 2363 3245 2582 3300; x_wconf 81' lang='grc' dir='ltr'>φαλάγγια,</span> 
     </span>
     <span class='ocr_line' id='line_1_110' title="bbox 1357 3305 2583 3368; baseline -0.007 -14"><span class='ocrx_word' id='word_1_870' title='bbox 1357 3312 1580 3368; x_wconf 77' lang='grc' dir='ltr'>στρογγύλα</span> <span class='ocrx_word' id='word_1_871' title='bbox 1606 3310 1699 3358; x_wconf 90' lang='grc' dir='ltr'>ξύλα</span> <span class='ocrx_word' id='word_1_872' title='bbox 1729 3308 1794 3349; x_wconf 76' lang='grc' dir='ltr'>καὶ</span> <span class='ocrx_word' id='word_1_873' title='bbox 1815 3307 2028 3363; x_wconf 82' lang='grc' dir='ltr'>σύμμετρα.</span> <span class='ocrx_word' id='word_1_874' title='bbox 2050 3305 2114 3347; x_wconf 89' lang='lat' dir='ltr'>Cf.</span> <span class='ocrx_word' id='word_1_875' title='bbox 2140 3306 2306 3347; x_wconf 77' lang='lat' dir='ltr'>Salmas.</span> <span class='ocrx_word' id='word_1_876' title='bbox 2325 3305 2352 3346; x_wconf 94' lang='lat' dir='ltr'>l.</span> <span class='ocrx_word' id='word_1_877' title='bbox 2372 3306 2397 3346; x_wconf 92' lang='lat' dir='ltr'>l.</span> <span class='ocrx_word' id='word_1_878' title='bbox 2419 3321 2461 3360; x_wconf 90' lang='lat' dir='ltr'>p.</span> <span class='ocrx_word' id='word_1_879' title='bbox 2485 3320 2583 3360; x_wconf 78' lang='lat'>727.</span> 
     </span>
     <span class='ocr_line' id='line_1_111' title="bbox 1364 3366 2586 3429; baseline -0.004 -15"><span class='ocrx_word' id='word_1_880' title='bbox 1364 3375 1452 3429; x_wconf 73' lang='lat'>11—-</span> <span class='ocrx_word' id='word_1_881' title='bbox 1471 3390 1511 3427; x_wconf 90' lang='lat'>9.</span> <span class='ocrx_word' id='word_1_882' title='bbox 1532 3387 1657 3413; x_wconf 91' lang='grc' dir='ltr'>σασα</span> <span class='ocrx_word' id='word_1_883' title='bbox 1673 3387 1700 3426; x_wconf 87' lang='grc' dir='ltr'>μ</span> <span class='ocrx_word' id='word_1_884' title='bbox 1715 3371 1755 3411; x_wconf 85' lang='grc' dir='ltr'>ίν</span> <span class='ocrx_word' id='word_1_885' title='bbox 1768 3370 1855 3424; x_wconf 88' lang='grc' dir='ltr'>ων]</span> <span class='ocrx_word' id='word_1_886' title='bbox 1871 3369 1929 3409; x_wconf 88' lang='lat' dir='ltr'>sic</span> <span class='ocrx_word' id='word_1_887' title='bbox 1942 3367 2093 3418; x_wconf 86' lang='lat' dir='ltr'>codex;</span> <span class='ocrx_word' id='word_1_888' title='bbox 2115 3367 2308 3422; x_wconf 87' lang='grc' dir='ltr'>σησάμινα</span> <span class='ocrx_word' id='word_1_889' title='bbox 2324 3366 2416 3414; x_wconf 85' lang='grc' dir='ltr'>ξύλα</span> <span class='ocrx_word' id='word_1_890' title='bbox 2429 3382 2586 3409; x_wconf 86' lang='lat' dir='ltr'>memo·</span> 
     </span>
     <span class='ocr_line' id='line_1_112' title="bbox 1356 3428 2587 3487; baseline -0.007 -9"><span class='ocrx_word' id='word_1_891' title='bbox 1356 3444 1421 3478; x_wconf 88' lang='lat' dir='ltr'>rat</span> <span class='ocrx_word' id='word_1_892' title='bbox 1432 3434 1599 3478; x_wconf 88' lang='lat' dir='ltr'>Cosmas</span> <span class='ocrx_word' id='word_1_893' title='bbox 1609 3432 1892 3487; x_wconf 88' lang='lat' dir='ltr'>Indopleustes</span> <span class='ocrx_word' id='word_1_894' title='bbox 1910 3446 1921 3480; x_wconf 91' lang='lat'>;</span> <span class='ocrx_word' id='word_1_895' title='bbox 1942 3444 2068 3485; x_wconf 90' lang='lat' dir='ltr'>porro</span> <span class='ocrx_word' id='word_1_896' title='bbox 2083 3443 2106 3470; x_wconf 91' lang='lat' dir='ltr'>e</span> <span class='ocrx_word' id='word_1_897' title='bbox 2121 3428 2362 3470; x_wconf 85' lang='lat' dir='ltr'>Dioscoride</span> <span class='ocrx_word' id='word_1_898' title='bbox 2370 3429 2587 3487; x_wconf 88' lang='lat' dir='ltr'>Salmasius</span> 
     </span>
     <span class='ocr_line' id='line_1_113' title="bbox 1358 3489 2586 3547; baseline -0.007 -7"><span class='ocrx_word' id='word_1_899' title='bbox 1358 3498 1401 3540; x_wconf 92' lang='lat' dir='ltr'>ll.</span> <span class='ocrx_word' id='word_1_900' title='bbox 1419 3497 1539 3539; x_wconf 89' lang='lat' dir='ltr'>affert</span> <span class='ocrx_word' id='word_1_901' title='bbox 1557 3497 1644 3538; x_wconf 88' lang='lat' dir='ltr'>haec</span> <span class='ocrx_word' id='word_1_902' title='bbox 1665 3508 1676 3537; x_wconf 89' lang='grc'>;</span> <span class='ocrx_word' id='word_1_903' title='bbox 1692 3493 1786 3535; x_wconf 81' lang='grc' dir='ltr'>ἔνιοι</span> <span class='ocrx_word' id='word_1_904' title='bbox 1805 3491 1846 3533; x_wconf 76' lang='grc' dir='ltr'>δὲ</span> <span class='ocrx_word' id='word_1_905' title='bbox 1860 3493 2054 3546; x_wconf 85' lang='grc' dir='ltr'>σησάμινα</span> <span class='ocrx_word' id='word_1_906' title='bbox 2075 3491 2098 3542; x_wconf 87' lang='grc' dir='ltr'>ἢ</span> <span class='ocrx_word' id='word_1_907' title='bbox 2115 3490 2298 3532; x_wconf 86' lang='grc' dir='ltr'>ἀκάνθινα</span> <span class='ocrx_word' id='word_1_908' title='bbox 2311 3489 2424 3542; x_wconf 88' lang='grc' dir='ltr'>ξύλα,</span> <span class='ocrx_word' id='word_1_909' title='bbox 2444 3490 2586 3547; x_wconf 81' lang='grc' dir='ltr'>ἐμφερῆ</span> 
     </span>
     <span class='ocr_line' id='line_1_114' title="bbox 1359 3553 2589 3611; baseline -0.007 -9"><span class='ocrx_word' id='word_1_910' title='bbox 1359 3561 1453 3602; x_wconf 85' lang='grc' dir='ltr'>ὄντα</span> <span class='ocrx_word' id='word_1_911' title='bbox 1465 3592 1476 3611; x_wconf 90' lang='grc'><strong><em>,</em></strong></span> <span class='ocrx_word' id='word_1_912' title='bbox 1500 3558 1587 3600; x_wconf 75' lang='grc' dir='ltr'>ἀντὶ</span> <span class='ocrx_word' id='word_1_913' title='bbox 1608 3557 1735 3599; x_wconf 75' lang='grc' dir='ltr'>ἐδένου</span> <span class='ocrx_word' id='word_1_914' title='bbox 1758 3555 1948 3597; x_wconf 74' lang='grc' dir='ltr'>πωλοῦσι.</span> <span class='ocrx_word' id='word_1_915' title='bbox 1965 3555 2050 3594; x_wconf 89' lang='grc' dir='ltr'>Νο5</span> <span class='ocrx_word' id='word_1_916' title='bbox 2068 3554 2258 3594; x_wconf 87' lang='lat' dir='ltr'>novimus</span> <span class='ocrx_word' id='word_1_917' title='bbox 2277 3566 2481 3594; x_wconf 88' lang='lat' dir='ltr'>sesamum</span> <span class='ocrx_word' id='word_1_918' title='bbox 2499 3553 2589 3594; x_wconf 87' lang='lat' dir='ltr'>her-</span> 
     </span>
     <span class='ocr_line' id='line_1_115' title="bbox 1358 3614 2587 3674; baseline -0.007 -11"><span class='ocrx_word' id='word_1_919' title='bbox 1358 3622 1455 3663; x_wconf 88' lang='lat' dir='ltr'>bam</span> <span class='ocrx_word' id='word_1_920' title='bbox 1477 3621 1696 3674; x_wconf 91' lang='lat' dir='ltr'>oleumque</span> <span class='ocrx_word' id='word_1_921' title='bbox 1721 3617 1994 3666; x_wconf 81' lang='lat' dir='ltr'>sesaminum3</span> <span class='ocrx_word' id='word_1_922' title='bbox 2020 3629 2111 3670; x_wconf 89' lang='lat' dir='ltr'>quae</span> <span class='ocrx_word' id='word_1_923' title='bbox 2135 3630 2232 3656; x_wconf 87' lang='lat' dir='ltr'>vero</span> <span class='ocrx_word' id='word_1_924' title='bbox 2258 3614 2367 3669; x_wconf 85' lang='lat' dir='ltr'>ligna</span> <span class='ocrx_word' id='word_1_925' title='bbox 2385 3616 2466 3656; x_wconf 90' lang='lat' dir='ltr'>sint</span> <span class='ocrx_word' id='word_1_926' title='bbox 2483 3629 2587 3656; x_wconf 88' lang='lat' dir='ltr'>sesa-</span> 
     </span>
     <span class='ocr_line' id='line_1_116' title="bbox 1359 3677 2584 3734; baseline -0.008 -8"><span class='ocrx_word' id='word_1_927' title='bbox 1359 3686 1473 3725; x_wconf 89' lang='lat' dir='ltr'>mina</span> <span class='ocrx_word' id='word_1_928' title='bbox 1504 3697 1626 3724; x_wconf 90' lang='lat' dir='ltr'>nemo</span> <span class='ocrx_word' id='word_1_929' title='bbox 1655 3681 1791 3722; x_wconf 89' lang='lat' dir='ltr'>adhuc</span> <span class='ocrx_word' id='word_1_930' title='bbox 1815 3678 2037 3734; x_wconf 87' lang='lat' dir='ltr'>expedivit.</span> <span class='ocrx_word' id='word_1_931' title='bbox 2063 3680 2202 3731; x_wconf 89' lang='lat' dir='ltr'>Quare</span> <span class='ocrx_word' id='word_1_932' title='bbox 2225 3678 2418 3718; x_wconf 86' lang='lat' dir='ltr'>intactam</span> <span class='ocrx_word' id='word_1_933' title='bbox 2440 3677 2584 3730; x_wconf 89' lang='lat' dir='ltr'>reliqui</span> 
     </span>
     <span class='ocr_line' id='line_1_117' title="bbox 1359 3739 2584 3800; baseline -0.009 -12"><span class='ocrx_word' id='word_1_934' title='bbox 1359 3747 1584 3800; x_wconf 83' lang='lat' dir='ltr'>vulgatam,</span> <span class='ocrx_word' id='word_1_935' title='bbox 1606 3758 1729 3799; x_wconf 91' lang='lat' dir='ltr'>quam</span> <span class='ocrx_word' id='word_1_936' title='bbox 1743 3749 1992 3798; x_wconf 81' lang='lat' dir='ltr'>praepostera</span> <span class='ocrx_word' id='word_1_937' title='bbox 2008 3739 2155 3795; x_wconf 91' lang='lat' dir='ltr'>judicii</span> <span class='ocrx_word' id='word_1_938' title='bbox 2175 3739 2472 3781; x_wconf 88' lang='lat' dir='ltr'>confidentiain</span> <span class='ocrx_word' id='word_1_939' title='bbox 2497 3753 2584 3788; x_wconf 83' lang='grc' dir='ltr'>σησ.</span> 
     </span>
    </p>
   </div>
   <div class='ocr_carea' id='block_1_12' title="bbox 1359 3797 2584 3988">
    <p class='ocr_par' dir='ltr' id='par_1_17' title="bbox 1359 3797 2584 3988">
     <span class='ocr_line' id='line_1_118' title="bbox 1359 3797 2584 3858; baseline -0.01 -10"><span class='ocrx_word' id='word_1_940' title='bbox 1359 3809 1533 3848; x_wconf 88' lang='lat' dir='ltr'>mutavit</span> <span class='ocrx_word' id='word_1_941' title='bbox 1554 3805 1736 3847; x_wconf 88' lang='lat' dir='ltr'>Stukius.</span> <span class='ocrx_word' id='word_1_942' title='bbox 1763 3805 1779 3858; x_wconf 73' lang='lat' dir='ltr'>{l</span> <span class='ocrx_word' id='word_1_943' title='bbox 1807 3828 1863 3834; x_wconf 93' lang='lat'>—</span> <span class='ocrx_word' id='word_1_944' title='bbox 1885 3819 1926 3857; x_wconf 87' lang='lat'>9.</span> <span class='ocrx_word' id='word_1_945' title='bbox 1951 3801 2006 3843; x_wconf 83' lang='grc' dir='ltr'>τὰ</span> <span class='ocrx_word' id='word_1_946' title='bbox 2030 3801 2188 3857; x_wconf 74' lang='grc' dir='ltr'>’Ὂμαν</span> <span class='ocrx_word' id='word_1_947' title='bbox 2203 3802 2254 3855; x_wconf 89' lang='grc' dir='ltr'>α]</span> <span class='ocrx_word' id='word_1_948' title='bbox 2278 3798 2346 3849; x_wconf 77' lang='grc' dir='ltr'>τὴν</span> <span class='ocrx_word' id='word_1_949' title='bbox 2366 3798 2519 3852; x_wconf 75' lang='grc' dir='ltr'>’Όμανα</span> <span class='ocrx_word' id='word_1_950' title='bbox 2542 3797 2584 3837; x_wconf 89' lang='grc'>11.</span> 
     </span>
     <span class='ocr_line' id='line_1_119' title="bbox 1362 3861 2583 3921; baseline -0.012 -9"><span class='ocrx_word' id='word_1_951' title='bbox 1362 3872 1388 3913; x_wconf 86' lang='grc'>1.</span> <span class='ocrx_word' id='word_1_952' title='bbox 1414 3870 1542 3912; x_wconf 81' lang='lat' dir='ltr'>codex</span> <span class='ocrx_word' id='word_1_953' title='bbox 1558 3901 1568 3919; x_wconf 95' lang='lat'>,</span> <span class='ocrx_word' id='word_1_954' title='bbox 1598 3877 1638 3909; x_wconf 89' lang='lat' dir='ltr'>et</span> <span class='ocrx_word' id='word_1_955' title='bbox 1661 3882 1757 3908; x_wconf 87' lang='lat' dir='ltr'>mox</span> <span class='ocrx_word' id='word_1_956' title='bbox 1780 3865 1885 3917; x_wconf 84' lang='grc' dir='ltr'>Κανὴ</span> <span class='ocrx_word' id='word_1_957' title='bbox 1906 3880 1983 3921; x_wconf 89' lang='lat' dir='ltr'>pro</span> <span class='ocrx_word' id='word_1_958' title='bbox 2002 3865 2143 3916; x_wconf 85' lang='grc' dir='ltr'>Κανῆς.</span> <span class='ocrx_word' id='word_1_959' title='bbox 2172 3865 2187 3918; x_wconf 79' lang='lat' dir='ltr'>ll</span> <span class='ocrx_word' id='word_1_960' title='bbox 2206 3887 2262 3894; x_wconf 92' lang='lat'>-—</span> <span class='ocrx_word' id='word_1_961' title='bbox 2286 3876 2348 3901; x_wconf 93' lang='lat'>11.</span> <span class='ocrx_word' id='word_1_962' title='bbox 2371 3861 2583 3914; x_wconf 79' lang='grc' dir='ltr'>μαδάρα]</span> 
     </span>
     <span class='ocr_line' id='line_1_120' title="bbox 1364 3921 2583 3988; baseline -0.011 -15"><span class='ocrx_word' id='word_1_963' title='bbox 1364 3934 1513 3988; x_wconf 82' lang='grc' dir='ltr'>μαδάρα</span> <span class='ocrx_word' id='word_1_964' title='bbox 1547 3946 1587 3971; x_wconf 84' lang='grc' dir='ltr'>τε</span> <span class='ocrx_word' id='word_1_965' title='bbox 1620 3929 1733 3980; x_wconf 87' lang='grc' dir='ltr'>0οᾶ.;</span> <span class='ocrx_word' id='word_1_966' title='bbox 1767 3944 1819 3970; x_wconf 91' lang='grc'>30</span> <span class='ocrx_word' id='word_1_967' title='bbox 1855 3926 2080 3984; x_wconf 76' lang='grc' dir='ltr'>μαδάραταΡ</span> <span class='ocrx_word' id='word_1_968' title='bbox 2118 3927 2133 3979; x_wconf 79' lang='grc'>11</span> <span class='ocrx_word' id='word_1_969' title='bbox 2168 3949 2225 3956; x_wconf 94' lang='grc'>-</span> <span class='ocrx_word' id='word_1_970' title='bbox 2258 3936 2322 3964; x_wconf 83' lang='lat'>12.</span> <span class='ocrx_word' id='word_1_971' title='bbox 2362 3921 2583 3975; x_wconf 77' lang='grc' dir='ltr'>Βαρύγαζαν</span> 
     </span>
    </p>
   </div>
   <div class='ocr_carea' id='block_1_13' title="bbox 1362 3983 2584 4049">
    <p class='ocr_par' dir='ltr' id='par_1_18' title="bbox 1362 3983 2584 4049">
     <span class='ocr_line' id='line_1_121' title="bbox 1362 3983 2584 4049; baseline -0.011 -13"><span class='ocrx_word' id='word_1_972' title='bbox 1362 3997 1405 4036; x_wconf 85' lang='grc'>11.</span> <span class='ocrx_word' id='word_1_973' title='bbox 1434 3995 1459 4036; x_wconf 93' lang='grc' dir='ltr'>Ι.</span> <span class='ocrx_word' id='word_1_974' title='bbox 1481 4002 1519 4035; x_wconf 89' lang='lat' dir='ltr'>et</span> <span class='ocrx_word' id='word_1_975' title='bbox 1552 3993 1702 4049; x_wconf 89' lang='lat' dir='ltr'>passim</span> <span class='ocrx_word' id='word_1_976' title='bbox 1731 3991 1876 4032; x_wconf 85' lang='lat' dir='ltr'>codex.</span> <span class='ocrx_word' id='word_1_977' title='bbox 1901 3990 2066 4043; x_wconf 91' lang='lat' dir='ltr'>Ubique</span> <span class='ocrx_word' id='word_1_978' title='bbox 2093 3986 2281 4030; x_wconf 88' lang='lat' dir='ltr'>dedimus</span> <span class='ocrx_word' id='word_1_979' title='bbox 2303 3985 2348 4024; x_wconf 72' lang='grc' dir='ltr'>τὰ</span> <span class='ocrx_word' id='word_1_980' title='bbox 2370 3983 2584 4038; x_wconf 80' lang='grc' dir='ltr'>Βαρύγαζα.</span> 
     </span>
    </p>
   </div>
  </div>
 </body>
</html>
