2808 4342
195 229 285 269 262
573 237 614 278 0

193 341 289 381 κος,
314 315 350 369 ὦ
367 323 552 385 χρῶνται
582 317 686 380 πρὸς
721 314 875 373 κόσμον
908 310 981 356 καὶ
1012 312 1070 361 εἷς
1107 306 1319 369 συγκοπὴν
1342 307 1433 355 ἀντὶ

193 370 465 452 νομίσματος,
490 388 561 434 καὶ
586 386 785 447 μελίεφθα
804 382 945 443 χαλκᾶ
970 378 1026 431 εἷς
1047 396 1092 424 τε
1112 378 1260 441 ἕψησιν
1283 376 1355 423 καὶ
1378 379 1435 430 εἷς

196 459 409 522 συγκοπὴν
426 456 579 522 ψελίων
602 453 672 499 καὶ
691 448 984 512 περισκελίδων
1000 445 1085 492 τισὶ
1104 449 1186 493 τῶν
1209 449 1433 508 γυναικῶν,

197 530 270 576 καὶ
299 529 464 590 σίδηρος
497 528 519 570 ὁ
555 519 849 577 δαπανώμενος
879 516 936 568 εἷς
964 533 1010 562 τι
1029 515 1188 579 λόγχας
1217 515 1317 578 πρὸς
1344 515 1436 569 τοὺς

155 618 175 648 ο
196 598 421 662 ἐλέφαντας
467 593 537 639 καὶ
574 589 626 635 τὰ
669 589 777 633 ἄλλα
812 585 935 648 Θηρία
978 584 1051 632 καὶ
1088 585 1181 638 τοὺς
1215 584 1433 646 πολίμους.

192 667 378 728 ,Ὁμοίως
408 662 448 709 δὲ
473 660 544 707 καὶ
570 657 748 703 πελύκια
781 657 993 718 προχωρεῖ
1016 654 1088 702 καὶ
1117 654 1330 718 σκέπαρνα
1365 655 1437 702 καὶ

194 737 399 797 μάχαιραι
422 730 493 776 καὶ
526 726 706 789 ποτήρια
746 727 888 788 χαλκᾶ
912 722 1148 787 στρογγύλα
1179 724 1342 785 μεγάλα
1365 724 1436 770 καὶ

195 803 383 864 δηνάριον
414 798 552 859 ὀλίγον
576 796 679 861 πρὸς
696 794 790 847 τοὺς
806 795 1110 855 ἐπιδημοῦντας
1128 792 1201 839 καὶ
1218 786 1322 847 οἶνος
1346 796 1434 841 Λα·

193 872 353 928 δικηνὸς
391 869 462 915 καὶ
506 866 706 919 Ἰταλικὸς
744 866 792 911 οὗ
830 862 957 917 πολὺς
978 863 1050 910 καὶ
1075 862 1214 910 ἔλαιον
1237 865 1282 909 οὗ
1313 862 1434 909 πολύ·

151 965 169 987 υ
192 944 252 1005 τῷ
283 939 326 986 δὲ
353 940 516 1002 βασιλεῖ
553 934 837 1000 ἀργυρώματα
877 933 949 980 καὶ
971 931 1234 996 χρυσώματα
1275 935 1435 996 τοπικῷ

198 1011 342 1075 ῥυθμῷ
393 1005 763 1066 κατεσκευασμένα
806 1003 878 1051 καὶ
919 1001 1098 1064 ἱματίων
1150 1000 1328 1048 ἀὸόλλαι
1368 1002 1440 1048 καὶ

192 1079 397 1127 καυνάκαι
413 1078 555 1133 ἁπλοῖ,
575 1077 621 1122 οὗ
637 1076 791 1121 πολλοῦ
813 1073 1023 1119 δὲταῦτα.
1093 1070 1276 1132 Ὁμοίως
1301 1070 1342 1116 δὲ
1366 1069 1439 1117 καὶ

194 1149 276 1195 ἀπὸ
318 1150 400 1194 τῶν
425 1146 508 1193 ἔσω
550 1145 686 1195 τόπων
713 1147 787 1200 τῆς
828 1141 1052 1205 Ἀραὸικῆς
1077 1141 1241 1204 σίδηρος
1274 1139 1443 1193 Ἰνδικὸς

192 1218 263 1265 καὶ
282 1217 488 1278 στόμωμα
508 1207 580 1261 καὶ
603 1214 754 1261 ὃθόνιον
773 1212 949 1261 Ἰνδικὸν
968 1211 1015 1258 τὸ
1030 1211 1306 1275 πλατύτερον,
1326 1215 1354 1268 ἡ
1370 1211 1440 1256 λε-

192 1354 374 1411 pretiosa
405 1352 576 1394 murrha
606 1365 698 1406 quae
716 1364 767 1391 ex
801 1348 1020 1390 Carmania
1044 1356 1086 1388 et
1115 1346 1237 1388 India
1265 1346 1442 1388 advehe·

194 1415 335 1466 batur,
373 1413 447 1456 sed
487 1415 641 1455 vitrum
672 1411 939 1453 mun-binum
971 1408 1286 1466 accipiendum,
1328 1407 1442 1464 quod

195 1479 242 1520 in
271 1477 459 1534 Diospoli
500 1476 691 1532 AEgyptia
721 1474 775 1515 ad
819 1473 1095 1514 imitationem
1125 1471 1443 1513 murrhinorum

195 1541 334 1583 fiebat.
358 1539 552 1582 Meminit
580 1537 739 1579 Plinius
772 1536 1013 1593 (XXXVI,
1055 1535 1142 1589 67)
1173 1532 1297 1588 hujus
1328 1547 1443 1575 mur-

194 1603 308 1645 rhini
347 1602 442 1643 vitri
458 1631 471 1652 ,
512 1607 559 1641 ut
601 1607 644 1640 et
672 1598 903 1649 obsidiani,
940 1595 1056 1653 quod
1094 1597 1218 1638 etiam
1253 1596 1443 1638 imitaba-

195 1674 265 1709 tur
306 1663 486 1721 lapidem
522 1661 788 1703 obsidianum
822 1660 866 1702 id
905 1660 1114 1716 AEthiopia
1149 1661 1380 1701 inventum.
1421 1679 1438 1695 ι

196 1726 264 1770 Ad
310 1728 561 1769 imitationes
611 1726 706 1767 istas
741 1722 960 1767 reserenda
1012 1724 1139 1765 etiam
1188 1731 1286 1764 sunt
1320 1722 1446 1764 verba

195 1790 400 1846 Propertii
421 1790 500 1839 W,
538 1788 586 1838 5,
608 1791 662 1828 26
695 1800 704 1828 :
723 1787 879 1843 pocula
901 1785 1077 1827 Parthis
1088 1783 1206 1837 focis
1237 1792 1378 1833 cocta,
1404 1791 1446 1825 et

196 1852 385 1894 Athenai
408 1852 493 1900 xl,
518 1864 562 1906 p.
586 1851 666 1899 464
686 1850 734 1890 Β.
766 1847 982 1902 Quidnam
1004 1848 1268 1903 potissimum
1290 1854 1445 1887 veteres

198 1912 408 1956 murt-ham
443 1910 653 1962 dixerint,
686 1910 870 1951 sexcenti
902 1909 1091 1950 certatim
1125 1907 1341 1949 enucleare
1359 1915 1445 1948 stu-

197 1976 343 2019 dentes
390 1975 434 2016 in
471 1973 771 2015 diversissimas
812 1971 1006 2013 abierunt
1037 1972 1275 2012 sententias.
1325 1972 1448 2018 Nunc

198 2040 309 2080 inter
333 2038 445 2079 viros
465 2035 614 2078 doctos
641 2037 740 2077 satis
762 2043 923 2077 constat
942 2034 1163 2076 murrbina
1191 2049 1242 2075 ex
1268 2048 1319 2075 eo
1343 2033 1447 2075 sacta

198 2115 285 2143 esse
294 2099 428 2156 lapide
435 2113 560 2155 quem
573 2099 807 2154 germanice
819 2111 1014 2139 vocamus
1022 2097 1273 2154 Flussspath
1288 2096 1447 2154 (spato-

198 2163 371 2216 fluore).
399 2163 463 2203 Ex
484 2161 691 2203 veteribus
721 2160 901 2201 maxime
922 2173 962 2200 v.
984 2158 1143 2201 Plinius
1165 2160 1396 2209 xxxxn,
1422 2173 1447 2213 7

202 2239 295 2281 sqq.
340 2225 543 2266 xxxm.
571 2237 767 2279 prooem.;
803 2222 974 2263 Sueton.
995 2222 1092 2263 Oct.
1123 2235 1163 2262 c.
1194 2234 1271 2275 71³
1294 2221 1449 2263 Seneca

199 2285 277 2340 Ep.
303 2286 406 2336 123;
426 2284 605 2327 Martial.
622 2285 699 2334 IV,
723 2286 792 2326 86.
814 2284 933 2334 XIV,
956 2283 1037 2334 433
1063 2283 1221 2338 Digaet.
1241 2284 1446 2335 XXXIII,

203 2360 276 2397 10,
318 2348 358 2389 3.
385 2348 588 2397 XXXIV,
623 2359 667 2397 2,
696 2360 769 2400 19;
806 2347 915 2388 inter
942 2346 1194 2387 recentiore·
1225 2359 1235 2386 :
1277 2345 1448 2388 Roziere

200 2409 396 2451 Me'moire
418 2424 495 2451 sur
515 2409 572 2451 les
589 2423 711 2451 vases
733 2408 943 2450 murrhins
959 2409 1082 2465 qu'on
1099 2408 1319 2466 opportuit
1327 2408 1450 2464 judis

199 2487 246 2512 en
267 2463 430 2537 Egypte
450 2481 490 2513 et
518 2486 593 2513 sur
612 2486 716 2513 ceux
743 2471 817 2528 qui
838 2470 1218 2528 s'yfabriquaient,
1242 2473 1285 2513 in
1304 2474 1446 2513 Descr.

200 2534 249 2575 de
268 2534 378 2587 I'Eg.
407 2543 511 2576 tom.
528 2536 607 2586 VI,
626 2548 669 2590 p.
694 2547 775 2589 227
795 2548 908 2590 sqq.;
929 2533 1079 2576 doctus
1098 2534 1255 2589 Anglus
1275 2535 1319 2576 in
1341 2534 1452 2576 aas·

200 2596 310 2638 sicul
339 2597 515 2638 Journal
550 2599 671 2647 1810,
708 2597 779 2638 ubi
804 2611 846 2652 p.
874 2599 956 2652 472
993 2610 1003 2638 z
1045 2616 1062 2632 ι
1087 2595 1131 2638 If
1146 2610 1230 2651 you
1258 2610 1452 2651 compare

202 2658 284 2699 this
316 2658 567 2714 description
602 2659 756 2712 (Plinii
779 2673 838 2699 sc.
858 2661 873 2712 )
897 2659 999 2700 with
1023 2659 1093 2700 tbe
1115 2672 1229 2699 vasoe
1251 2658 1298 2700 as
1323 2659 1451 2700 fluor-

204 2719 323 2774 spath
348 2719 455 2760 from
478 2720 731 2775 Derbyshire
746 2751 757 2771 ,
782 2734 867 2775 you
898 2720 979 2761 will
1004 2735 1107 2761 soon
1140 2720 1191 2761 be
1222 2721 1453 2764 convinced

205 2781 255 2822 os
270 2782 381 2823 what
396 2783 465 2823 the
485 2784 702 2824 mun-hine
724 2798 826 2839 cups
858 2798 968 2825 were
987 2783 1229 2839 composed.
1259 2804 1276 2821 ι
1308 2785 1450 2837 Corsi,

207 2844 323 2885 DeIIe
355 2844 490 2900 μίση-ε
528 2845 693 2886 antiche
732 2860 776 2901 p.
821 2850 925 2896 106;
965 2847 1166 2887 Tbierscb
1216 2847 1345 2888 [seber
1386 2847 1454 2890 die

210 2908 329 2947 Vasa
351 2906 566 2947 mur-rhina
596 2906 670 2947 der
691 2907 817 2949 Alten
843 2908 886 2948 in
921 2908 1137 2949 Abhandl.
1173 2908 1216 2950 d.
1251 2910 1450 2952 Μῶα-11η.

214 2968 357 3011 Akad.
382 2969 549 3019 1835,1.
567 2982 611 3024 p.
626 2969 825 3024 443·509.
847 2969 1079 3011 Witzschel
1092 2971 1133 3010 in
1147 2971 1316 3026 Pauly's
1334 2972 1454 3015 Rea!-

212 3031 362 3086 encytl.
381 3032 436 3081 V,
453 3045 497 3086 p.
515 3031 613 3073 253.
635 3032 652 3085 ΙΙ
671 3055 729 3063 -
743 3045 781 3072 1.
801 3034 863 3073 De
878 3031 1114 3073 aurichalco
1135 3047 1172 3072 v.
1202 3031 1358 3088 disput.
1380 3036 1455 3077 Be-

209 3092 407 3136 ckmanni
442 3092 495 3134 ad
528 3094 703 3136 Aristot.
728 3095 826 3136 Mir.
851 3108 894 3150 p.
932 3095 1010 3136 132
1032 3109 1130 3150 sqq,
1154 3093 1272 3149 cujus
1294 3110 1455 3139 summa

209 3157 343 3213 capita
364 3164 558 3212 excerpta
573 3156 700 3198 habes
722 3156 765 3198 in
782 3157 924 3213 Stepb.
943 3157 1071 3199 Thes.
1089 3172 1124 3198 s.
1145 3171 1184 3198 v.
1208 3157 1452 3213 ὀρείχαλκος.

215 3220 232 3274 ΙΙ
257 3232 374 3261 —2.
402 3219 644 3275 μελίεφθα
672 3219 862 3276 χαλκᾶ]
889 3218 956 3262 Cr.
990 3222 1015 3274 S
1044 3222 1069 3263 8
1100 3219 1286 3276 μελίεφθα
1318 3221 1452 3277 ὀλίγα.

211 3281 392 3323 Aliunde
409 3280 463 3323 de
478 3282 543 3323 his
565 3297 651 3324 non
666 3290 843 3324 constat.
864 3283 1096 3324 Vincentus
1118 3282 1147 3325 Ι.
1168 3283 1197 3325 1.
1218 3297 1261 3339 p.
1280 3287 1363 3340 740
1382 3300 1455 3327 cu·

211 3357 334 3398 prum
354 3358 455 3386 cum
479 3344 598 3386 melle
619 3353 787 3387 coctum
817 3360 905 3387 oese
923 3346 1174 3402 suspicatur,
1195 3346 1259 3388 vel
1285 3355 1334 3389 ut
1355 3348 1457 3390 mal·

212 3405 355 3447 leabile
375 3406 492 3448 fieret
522 3407 584 3448 vel
609 3416 769 3449 certum
801 3406 1009 3463 quendam
1044 3407 1224 3452 traheret
1255 3408 1452 3451 colorem.

197 3468 436 3522 'Comparat
464 3469 710 3525 χολόὸαφον,
730 3469 845 3526 quod
860 3469 1090 3526 Hesychius
1110 3469 1231 3512 assert
1248 3469 1301 3513 de
1325 3485 1456 3528 cupro

215 3528 296 3569 bile
318 3529 469 3571 bovina
489 3533 635 3583 tincto,
653 3542 700 3575 ut
716 3547 866 3575 aureus
888 3533 1002 3575 fieret
1023 3532 1153 3576 color.
1178 3534 1277 3576 Haec
1293 3547 1458 3591 persua·

215 3588 314 3632 dere
336 3592 435 3632 mihi
458 3607 540 3634 non
573 3597 705 3650 potui.
748 3598 863 3638 Patet
885 3610 1118 3638 sermonem
1142 3610 1229 3638 esse
1255 3596 1309 3639 de
1327 3611 1458 3655 cupro

216 3650 384 3703 ductili,
415 3655 611 3709 purgatis
649 3656 891 3709 diligentius
926 3658 1013 3710 igni
1044 3658 1168 3701 vitiis
1205 3659 1460 3716 excoctisque

220 3713 300 3766 (ut
317 3712 474 3756 Plinius
497 3716 553 3756 ait
571 3719 602 3769 ),
627 3717 731 3759 adeo
750 3727 795 3759 ut
818 3719 930 3770 ollae,
960 3721 1144 3773 armillae,
1165 3720 1243 3763 alia
1261 3718 1304 3763 id
1330 3734 1459 3776 genus

218 3773 400 3832 supellex
413 3776 510 3818 inde
525 3787 690 3833 possent
713 3781 878 3822 excudi.
899 3785 1043 3838 ltaque
1063 3784 1105 3825 in
1126 3791 1306 3826 mentem
1322 3785 1460 3826 venire

217 3838 347 3894 possit
365 3837 444 3894 leg.
468 3853 584 3881 esse:
610 3842 790 3897 περίεφθα
813 3844 873 3885 vel
895 3846 1094 3900 πυρίεφθα.
1121 3849 1175 3889 At
1200 3847 1234 3888 si
1255 3845 1333 3888 tale
1357 3846 1459 3903 quid

223 3900 430 3953 voluisset,
455 3901 626 3945 dixisset
646 3914 791 3947 auctor
815 3908 1013 3963 περίεφοον
1036 3909 1203 3964 χαλκόν.
1232 3911 1282 3951 111
1299 3908 1459 3965 vulgata

224 3977 301 4005 vox
323 3963 510 4021 μελίεφθα
530 3966 773 4010 substantivi
794 3968 929 4011 locum
951 3970 1124 4013 obtinet.
1150 3976 1292 4026 Quare
1321 3973 1460 4015 nescio

224 4039 275 4065 an
293 4027 347 4068 ita
366 4035 544 4070 statuere
563 4028 695 4073 liceat.
715 4033 1079 4086 Quemadmodum
1097 4035 1118 4076 ὅ
1136 4035 1285 4090 χαλκὸς
1306 4034 1329 4077 ὁ
1344 4034 1461 4092 χυτδς

940 189 1226 257 ΑΝοΝΥΜι
1262 205 1580 265 (Annum,
1612 206 1695 255 m·
1725 206 1997 268 reama)

2619 207 2734 270 (aa)

1501 315 1689 373 Diospoli
1708 315 1978 367 fabricantur,
2002 330 2130 373 pon-o
2154 315 2385 358 orichalcus
2398 346 2411 366 ,
2440 330 2523 372 quo
2545 314 2598 358 ad
2617 331 2744 361 mun-

1502 379 1605 422 dum
1638 389 1816 424 utuntur
1836 390 1878 423 et
1897 381 2074 424 dissecto
2093 396 2173 438 pro
2192 383 2440 424 numismate
2453 414 2464 433 ,
2493 382 2742 440 meliepbtba

1502 462 1615 491 aenea
1631 457 1723 491 tum
1736 448 1790 492 ad
1805 463 1927 492 usum
1945 450 2174 507 coquinum
2187 459 2277 494 tum
2288 450 2341 493 ad
2352 450 2678 506 concidendum,
2692 460 2741 497 ut

1502 515 1663 559 armilla
1682 529 1734 559 ex
1757 517 1806 559 iis
1833 526 1875 560 et
1906 517 2111 562 seminalia
2132 519 2378 563 mulieribus
2409 522 2663 578 quibusdam
2686 521 2745 566 fa·
2793 559 2808 566 -

1507 587 1643 637 ciant3
1665 587 1763 629 item
1783 586 1940 631 serrum
1958 589 2074 645 quod
2093 589 2342 647 impendunt
2363 591 2407 632 in
2425 591 2583 634 lanceas
2602 600 2747 635 contra

1508 654 1746 712 elephantos
1776 657 2038 714 reliquasque
2067 658 2173 701 seras
2194 667 2235 702 et
2257 661 2299 701 in
2330 660 2489 704 bellica.
2549 664 2749 704 Praeterea

1505 724 1628 767 etiam
1645 724 1846 782 bipennes
1861 727 2139 783 importantur
2156 735 2198 770 et
2210 742 2374 771 secures
2385 738 2425 772 et
2438 728 2561 785 gladii
2579 739 2620 773 et
2637 745 2749 774 :enea

1506 794 1655 851 pocula
1673 795 1856 838 rotunda
1875 810 2107 853 magnaque
2120 828 2133 850 ,
2157 797 2315 840 denarii
2334 800 2455 855 pauci
2472 801 2514 841 in
2535 814 2658 842 usum
2677 815 2749 857 pe·

1507 864 1772 920 regrinorum
1784 896 1796 916 ,
1825 866 1970 908 vinum
1988 866 2273 910 Laodicenum
2284 878 2323 911 et
2337 869 2524 911 Italicum
2542 884 2627 912 non
2643 869 2751 912 mul·
2796 871 2798 873 ’

1508 940 1622 985 tum,
1646 932 1725 974 olei
1756 934 1876 989 copia
1895 934 2068 988 exigua5
2108 936 2195 990 regi
2228 945 2367 979 autem
2398 937 2634 980 asseruntur
2656 952 2751 981 vasa

1508 1009 1701 1056 argentea
1729 1009 1770 1043 et
1797 1015 1924 1043 aurea
1954 1000 2009 1043 ad
2038 1001 2117 1044 loci
2149 1016 2309 1046 morem
2342 1012 2384 1047 et
2403 1005 2749 1048 consuetudinem

1510 1070 1713 1122 laborata,
1751 1078 1794 1112 et
1823 1069 1877 1112 de
1909 1070 2091 1112 voetibus
2125 1071 2267 1114 abollae
2287 1081 2330 1115 et
2360 1088 2551 1117 caunacae
2584 1077 2752 1118 sincerae

1511 1139 1682 1196 quidem
1701 1154 1787 1182 nau
1808 1141 1946 1195 magni
1977 1149 2115 1183 tamen
2136 1142 2274 1197 pretii.
2299 1142 2493 1186 Similiter
2509 1158 2561 1186 ex
2580 1145 2750 1187 interio-

1513 1209 1631 1251 ribus
1642 1205 1803 1250 Arium<
1813 1208 1914 1251 locis
1929 1209 2179 1266 importatur
2198 1209 2354 1251 serrum
2365 1210 2560 1254 Indicum
2578 1214 2750 1265 etacioe,

1513 1346 1599 1386 sive
1635 1359 1807 1402 cuprum
1863 1344 2097 1386 caldarium
2150 1345 2375 1387 vocabatur
2425 1346 2601 1402 τρόχιος,
2640 1347 2754 1403 quod

1514 1422 1655 1449 massae
1676 1405 1765 1462 ejus
1784 1406 1917 1449 forma
1945 1421 2019 1449 sua
2039 1406 2219 1449 rotunda
2236 1408 2399 1463 τρόχους
2419 1408 2672 1460 referebant,
2696 1412 2756 1454 sic

1513 1469 1676 1512 laminae
1706 1470 1824 1526 cupri
1859 1469 2025 1511 ductilis
2067 1470 2262 1527 (plaques
2290 1470 2340 1512 de
2369 1471 2539 1529 cuive-e)
2573 1472 2757 1529 μελίεφθα

1513 1532 1595 1574 dici
1616 1540 1822 1589 poterant,
1842 1532 1959 1588 quod
1979 1532 2153 1575 sormam
2170 1533 2370 1575 haberent
2388 1535 2575 1575 tenuium
2595 1535 2757 1591 placen-

1514 1604 1652 1637 tarum
1686 1594 1804 1636 melle
1846 1603 2083 1646 coctarum,
2119 1596 2333 1651 πεμμάτων
2367 1595 2596 1652 μελιέφθων.
2651 1599 2668 1653 ΙΙ
2701 1623 2757 1642 —-=

1515 1659 1557 1700 3.
1579 1658 1804 1714 ψελίων]
1828 1658 1887 1699 sic
1905 1656 2062 1708 codex3
2095 1657 2269 1713 ψελλίων
2308 1658 2444 1713 vulgo.
2469 1660 2486 1713 ΙΙ
2509 1683 2567 1691 -·
2601 1661 2642 1702 3.
2681 1677 2755 1704 πε-

1516 1719 1858 1776 ρισκελίδων]
1874 1721 2125 1762 Etiamnunc
2142 1720 2371 1777 Abyssiniae
2382 1720 2575 1762 mulieres
2586 1721 2756 1766 semina·

1515 1782 1623 1823 libus
1650 1781 1829 1836 gaudere
1857 1796 1906 1823 ex
1947 1783 2108 1824 Bruceo
2138 1782 2273 1840 (Voy.
2300 1785 2387 1834 111,
2422 1797 2466 1839 p.
2501 1782 2584 1840 54)
2617 1794 2760 1829 monet

1516 1844 1761 1887 Vincentus.
1778 1846 1828 1886 In
1843 1845 2082 1887 universum
2097 1845 2150 1887 de
2170 1846 2251 1887 boc
2272 1853 2518 1887 ornamento
2548 1859 2588 1887 ν.
2609 1848 2757 1892 Horat.

1515 1907 1596 1962 Ep.
1621 1908 1658 1957 1,
1688 1920 1736 1962 17
1759 1906 1900 1962 ibique
1920 1907 2147 1963 Porphyr.;
2169 1910 2337 1950 Petron.
2357 1909 2480 1949 Satir.
2503 1912 2555 1964 67
2569 1926 2580 1961 ;
2596 1910 2761 1953 Tertul-

1516 1967 1613 2012 lian.
1637 1970 1700 2011 De
1722 1969 1823 2011 cult.
1842 1968 1941 2011 sem.
1963 1971 2020 2022 11,
2048 1971 2095 2011 13
2111 1986 2122 2021 3
2140 1971 2337 2026 Cyprian.
2359 1970 2467 2012 Hab.
2489 1973 2595 2028 orig.
2616 1987 2654 2014 c.
2680 1977 2758 2026 163

1517 2030 1706 2073 Clemens
1726 2031 1843 2075 Alex.
1867 2030 2030 2087 Paedag.
2051 2034 2107 2083 H,
2134 2045 2209 2083 123
2231 2032 2377 2075 Pollux
2395 2034 2551 2076 Onom.
2578 2036 2634 2085 11,
2663 2038 2757 2090 194.

1517 2095 1575 2146 V,
1611 2108 1714 2146 ¹003
1751 2094 1962 2137 Plutarch.
1987 2096 2098 2137 Mor.
2135 2109 2178 2151 p.
2207 2098 2301 2147 142,
2336 2097 2391 2147 C;
2426 2097 2677 2139 Boissonade
2707 2097 2762 2140 ad

1517 2157 1652 2199 Nicet.
1676 2158 1783 2211 Eug.
1814 2165 1847 2199 t.
1872 2159 1936 2207 11,
1967 2171 2011 2213 p.
2045 2157 2114 2208 51,
2153 2156 2207 2199 ad
2236 2158 2429 2200 Aristan.
2454 2173 2498 2215 p.
2534 2162 2630 2215 507.
2658 2162 2674 2215 ΙΙ
2704 2184 2762 2195 -

1519 2222 1562 2270 4.
1588 2218 1663 2268 εἴς
1697 2234 1751 2261 τε
1788 2219 2014 2275 λόγχας]
2040 2219 2208 2262 Velim:
2239 2219 2291 2269 εἰς
2322 2221 2476 2277 λόγχας
2505 2224 2599 2279 πρός
2626 2238 2667 2265 τε
2698 2222 2760 2266 u.

1525 2283 1541 2338 ΙΙ
1575 2306 1632 2315 -
1665 2284 1706 2325 8.
1753 2282 2073 2339 Δαδικηνός]
2102 2283 2162 2324 sic
2193 2282 2308 2335 cod.;
2355 2285 2590 2339 Λαοδικηνός
2621 2286 2759 2343 vulgo.

1526 2365 1543 2382 ι
1568 2344 1677 2387 Illud
1698 2359 1750 2386 ex
1772 2344 1883 2400 vulgi
1898 2345 2199 2388 consuetudine
2218 2354 2363 2388 natum
2381 2346 2646 2404 probaverim
2666 2363 2763 2392 nam

1521 2407 1700 2451 Ladicia
1711 2409 1856 2450 tritum
1865 2416 1926 2450 est
1935 2408 2160 2450 serioribus
2173 2408 2345 2451 saeculis.
2364 2430 2381 2447 ι
2397 2412 2682 2454 Buaununr.
2696 2410 2762 2455 Cf.

1521 2471 1662 2527 Steph.
1679 2471 1806 2513 Thes.
1831 2485 1871 2512 v.
1893 2471 2113 2513 Λαοδίκεια.
2131 2471 2279 2514 Strabo
2297 2473 2416 2525 xvl,
2433 2487 2477 2530 p.
2496 2474 2574 2528 751
2598 2486 2609 2516 ε
2626 2474 2764 2516 Aaou·

1522 2549 1620 2575 κεια·
1646 2538 1778 2590 χῶρον
1812 2532 1960 2589 ἔχουσα
1995 2534 2204 2576 πολῦοινον
2227 2534 2320 2590 πρὸς
2353 2538 2403 2593 τῇ
2428 2535 2533 2595 ἄλλῃ
2566 2535 2766 2595 εὐκαρπείᾳ.

1521 2596 1614 2645 Τοῖς
1631 2596 1699 2653 μὲν
1719 2592 1788 2638 οὖν
1818 2595 2123 2652 Ἀλεξανδρεῦσιν
2141 2597 2235 2650 αὕτη
2250 2598 2409 2653 παρέχει
2424 2598 2470 2641 τὸ
2492 2598 2677 2642 πλεῖστον
2696 2602 2765 2643 τοῦ
2804 2647 2805 2650 ¹

1524 2657 1649 2710 οἴνου,
1674 2658 1720 2700 τὸ
1738 2658 2010 2714 ὑπερκείμενον
2034 2661 2102 2711 τῆς
2129 2659 2278 2707 πόλεως
2297 2660 2384 2715 ὄρος
2405 2662 2480 2702 πᾶν
2513 2660 2763 2716 κατάμπιλον

1525 2720 1670 2776 ἔχουσι
1691 2721 1805 2776 μέχρι
1825 2721 1966 2775 σχεδόν
1989 2736 2027 2762 τι
2049 2725 2125 2762 τῶν
2141 2725 2328 2776 κορυφῶν.
2361 2722 2377 2775 ΙΙ
2403 2744 2461 2753 ·—
2486 2733 2552 2767 12.
2573 2723 2763 2764 καυνά-

1523 2783 1639 2838 και]
1661 2783 1851 2837 γαυνάκαι
1878 2782 1922 2823 h.
1943 2781 1971 2823 l.
1997 2781 2127 2823 codex
2143 2812 2155 2833 ,
2180 2780 2252 2822 sed
2279 2781 2386 2823 infra
2414 2783 2615 2827 καυνάκαι.
2640 2785 2765 2829 Utra-

1523 2858 1604 2900 que
1616 2845 1820 2900 scriptura
1833 2844 2016 2886 occurrit
2029 2859 2040 2895 ς
2057 2845 2251 2900 γαυνάκας
2263 2844 2547 2901 πολυτιμήτους
2558 2845 2686 2889 habes
2694 2861 2763 2905 ap.
2788 2834 2798 2862 ζ’

1523 2906 1655 2949 Clem.
1671 2906 1737 2949 Al.
1756 2905 1918 2962 Pa‘dag.
1937 2908 1993 2958 11,
2014 2910 2063 2957 4;
2084 2908 2278 2962 γαυνάκας
2300 2906 2576 2965 ἀμπεχόμενον
2594 2923 2662 2967 ap.
2675 2910 2767 2953 Sui-
2790 2934 2792 2938 ·

1524 2968 1621 3011 dam
1633 2977 1673 3011 et
1687 2971 1891 3011 Zonaram
1903 2984 1938 3011 s.
1955 2983 2014 3020 v.;
2030 2984 2214 3022 gaunace
2225 2985 2292 3027 ap.
2310 2971 2492 3013 Varron.
2511 2973 2575 3013 De
2593 2970 2620 3013 l.
2640 2971 2667 3014 l.
2685 2972 2763 3025 tv,

1524 3046 1567 3088 p.
1588 3035 1641 3082 46
1671 3031 1739 3073 ed.
1761 3033 1853 3088 Bip.
1876 3032 2061 3087 Reliquis
2078 3041 2138 3074 oet
2162 3034 2365 3085 καυνάκης,
2390 3033 2502 3075 laenae
2524 3048 2652 3088 genus
2674 3033 2766 3077 bar-

1525 3094 1728 3136 baricum.
1743 3093 1845 3135 vid.
1867 3095 2134 3150 Aristophan.
2156 3097 2284 3151 Vesp.
2308 3096 2428 3146 1132,
2450 3094 2596 3137 Suidas
2614 3110 2654 3137 v.
2673 3110 2765 3138 καυ-

1526 3157 1667 3209 νάκης;
1703 3155 1848 3198 Pollux
1870 3158 1975 3206 VII,
1998 3157 2067 3210 59.
2097 3161 2172 3206 60;
2199 3157 2422 3200 Athena-us
2451 3157 2569 3208 XIV,
2595 3171 2638 3213 p.
2664 3161 2762 3202 622.

1527 3218 1628 3261 Aliis
1653 3227 1824 3260 vocatur
1844 3219 1967 3260 etiam
1992 3220 2113 3259 vestis
2138 3219 2316 3273 stragula
2337 3219 2390 3261 ab
2407 3219 2533 3261 altera
2551 3226 2667 3275 parte
2689 3219 2764 3263 vit·

1527 3281 1627 3323 losa.
1643 3283 1698 3323 V.
1721 3281 1899 3337 Hesycb.
1917 3295 1950 3323 s.
1971 3294 2009 3322 v.
2032 3290 2073 3322 et
2086 3283 2252 3324 Arrian.
2270 3284 2375 3338 Exp.
2397 3282 2512 3325 Alex.
2536 3282 2613 3333 VI,
2632 3295 2703 3338 29,
2719 3283 2772 3330 8.,

1532 3344 1639 3398 ΙΙ-ο
1651 3343 1673 3384 ὗ
1702 3359 1729 3386 π
1740 3360 1761 3385 ο
1770 3344 1795 3385 λ
1806 3344 1832 3385 λ
1843 3360 1865 3385 ο
1877 3347 1898 3385 ὖ
1914 3345 1927 3399 ]
1943 3343 1987 3384 οὗ
2002 3344 2133 3386 πολλὰ
2149 3344 2294 3387 malint
2308 3344 2501 3387 Stucltius
2513 3353 2554 3387 et
2567 3344 2764 3390 Schmu-

1528 3405 1647 3448 beck.
1671 3409 1760 3461 ss—
1784 3408 1848 3448 13.
1875 3405 1964 3448 ἀπὸ
1989 3408 2110 3463 τῶν]
2139 3408 2198 3449 sic
2218 3406 2453 3458 rectecod.;
2476 3406 2626 3450 ἐπὶτῶν
2644 3405 2712 3452 edi
2752 3402 2767 3466 *¹

1526 3492 1585 3502 —
1623 3470 1814 3525 σίδηρος
1858 3468 2094 3526 Ἰνδικὸς]
2139 3471 2201 3511 De
2236 3472 2322 3512 acie
2357 3469 2501 3513 Indica
2530 3484 2570 3513 v.
2610 3468 2766 3520 Ctoetd‘

1527 3546 1571 3589 p.
1597 3536 1654 3577 80
1667 3565 1678 3585 ,
1697 3537 1737 3584 4.
1754 3533 1911 3577 Arabes
1925 3547 2092 3590 quoque
2103 3542 2235 3590 poetae
2258 3534 2465 3576 celebrant
2478 3549 2597 3577 enses
2606 3548 2658 3577 ex

1528 3595 1620 3651 lybe
1638 3596 1784 3639 Indico
1802 3599 1819 3650 (
1837 3596 2131 3640 Molmnnadan
2148 3599 2180 3651 ).
2199 3597 2264 3640 Cf.
2282 3598 2439 3640 Plinius
2457 3598 2657 3651 XXXIV,
2677 3598 2730 3649 41

1528 3662 1600 3701 Ex
1623 3660 1812 3701 omnibus
1844 3670 1981 3702 nectem
2006 3660 2223 3714 generibus
2242 3660 2390 3718 palma
2407 3660 2541 3703 Serico
2551 3659 2750 3715 fi’rmm

1529 3721 1651 3763 Plura
1677 3722 1763 3764 vid.
1785 3724 1826 3763 in
1843 3722 2008 3764 Edrisio
2029 3724 2071 3774 1,
2091 3737 2136 3779 p.
2158 3723 2209 3765 65
2230 3722 2298 3765 ed.
2318 3722 2506 3765 Jaubert.
2544 3725 2658 3768 Inter

1529 3792 1660 3826 ctatus
1679 3799 1742 3840 gr.
1771 3786 1980 3842 chymicos
2006 3794 2137 3828 exstat
2154 3787 2225 3843 qui
2248 3786 2330 3840 agit
2352 3786 2437 3842 περὶ
2460 3786 2581 3841 βαφῆς
2603 3784 2681 3827 ‘M
2794 3778 2806 3791 '

1530 3848 1710 3903 σιδήρου,
1732 3857 1928 3891 monente
1946 3848 2142 3891 Salmasio
2158 3847 2211 3890 ad
2231 3847 2360 3891 Solin.
2388 3862 2431 3904 p.
2458 3849 2555 3904 763.
2574 3849 2637 3889 De

1531 3910 1683 3952 sci-rum
1703 3911 1895 3953 Indicum
1919 3912 2027 3954 inter
2046 3925 2201 3954 merces
2218 3919 2453 3953 recensetur
2475 3911 2517 3952 in
2533 3906 2748 3953 Pandectii

1531 3975 1592 4014 De
1614 3973 1713 4015 locis
1731 3973 1862 4015 Indiae
1882 3988 1974 4030 quae
1994 3973 2091 4016 ferri
2117 3972 2279 4015 fodinas
2297 3987 2410 4015 nunc
2428 3971 2598 4022 habent,
2612 3968 2765 4027 ponta
2805 4021 2808 4024 Ι

1530 4035 1908 4079 docetRittertom.
1923 4038 1999 4088 111,
2013 4037 2066 4079 V.
2084 4037 2160 4077 vl.
2180 4037 2196 4090 11
2217 4059 2272 4068 -
2287 4039 2353 4085 14.
2372 4034 2584 4077 ὀθόνιον
2611 4030 2803 4074 ’tvm-.-
