2808 4342
93 158 252 220 ‹m›

50 281 54 285 ·
87 262 210 316 νῆσον
241 257 419 320 μικρὰν,
448 253 581 316 ὀλίγον
618 254 834 315 διέχουσαν
870 257 943 311 τῆς
963 255 1160 318 ἠπείρου,
1197 255 1315 302 ἄλλοι

20 889 57 919 10

88 328 233 376 εἴκοσι.
299 323 438 384 Λιμὴν
463 321 542 368 ὑπὸ
563 326 614 385 τῇ
634 324 781 379 νησῒδι.
851 324 934 371 Καὶ
959 322 1068 370 ἔνθεν
1093 326 1148 376 εἰς
1170 325 1316 380 Χηλὰς

88 397 248 443 στάδιοι
266 393 431 439 εἴκοσιν.
501 391 603 438 Ἀπὸ
625 393 779 448 Χηλῶν
803 391 1052 454 ὀγδοήκοντα
1075 392 1146 438 καὶ
1169 392 1314 439 ἑκατὸν

85 463 230 524 ἵναπερ
263 459 493 522 Σαγγάριος
522 460 707 519 ποταμὸς
737 459 929 506 ἐσὸάλλει
952 464 1007 513 εἷς
1041 460 1111 507 τὸν
1139 461 1311 508 Πόντον.

88 530 270 579 Ἐνθένδε
294 531 349 581 εἷς
370 532 443 574 τοῦ
468 526 619 575 Ὑπίου
639 528 711 580 τὰς
735 528 907 582 ἐκὸολᾲς
929 529 1046 575 ἄλλοι
1067 528 1314 589 ὀγδοήκοντα

83 600 154 645 καὶ
172 596 331 645 ἑκατόν.
399 599 472 649 Εἷς
495 595 539 642 δὲ
563 596 733 643 Λίλλιον
754 597 949 660 ἐμπόριον
975 596 1057 644 ἀπὸ
1080 601 1150 643 τοῦ
1168 597 1314 645 Ὑπίου

83 667 241 714 στάδιοι
264 664 421 713 ἑκατόν·
450 666 520 711 καὶ
540 665 712 712 ἀπὸτοῦ
732 665 903 713 Λιλλίου
935 668 990 719 εἷς
1019 664 1194 712 Ἔλαιον
1220 665 1314 722 ἑξή-

82 755 222 784 κοντα.
292 735 475 782 Ἐνθένδε
497 737 534 788 ἐς
552 734 732 792 Κάλητα
748 770 761 795 ,
797 734 900 782 ἄλλο
929 734 1122 798 ἐμπόριον
1138 770 1151 794 ,
1187 733 1315 781 εἴκοσι

81 807 152 853 καὶ
175 805 336 852 ἑκατόν.
406 804 504 851 Ἀπὸ
528 804 717 861 Κάλητος
743 806 782 857 ἐς
815 803 950 852 Λύκον
966 803 1152 864 ποταμὸν
1176 804 1315 866 ὀγδοή-

82 894 219 922 κοντα·
249 874 332 920 ἀπὸ
366 873 408 920 δὲ
431 873 570 921 Λύκου
591 877 644 927 εἷς
664 874 922 938 Ἡράκλειαν
945 874 1063 920 πόλιν
1089 873 1314 929 Ἑλληνίδα

81 938 292 1007 Δωρῖκὴν,
313 943 542 1005 Μεγαρέων
568 943 759 1001 ἄποικον,
783 943 940 990 στάδιοι
959 942 1102 989 εἴκοσι·
1119 947 1159 990 ἐν
1184 943 1314 1007 Ἤρα-

10 1035 19 1037 ⁴
80 1013 195 1076 κλείᾳ
220 1012 343 1075 ὅρμος
359 1013 517 1059 ναυσίν.

81 1187 154 1214 nes
171 1174 208 1214 ἐν
233 1178 287 1228 τῷ
304 1173 485 1228 Περίπλῳ
507 1187 573 1228 ap.
603 1173 731 1214 schol.
752 1174 944 1228 Apollon.
968 1176 1024 1223 H,
1049 1178 1143 1228 672,
1174 1174 1314 1228 etipse

81 1235 323 1289 Apollonius
339 1235 477 1275 Rhod.
499 1237 555 1286 11,
578 1235 660 1277 350
685 1244 725 1276 et
744 1236 944 1290 673-717,
962 1235 1034 1276 ubi
1056 1238 1314 1289 Argonautas

80 1297 339 1351 Thyniadem
359 1297 534 1338 insulam
559 1298 602 1338 in
618 1297 819 1338 honorem
839 1297 1062 1352 Apollinis,
1089 1299 1157 1352 qui
1179 1298 1314 1352 primo

82 1373 201 1399 mane
225 1360 323 1414 ipsis
344 1360 549 1414 apparuit,
578 1358 702 1400 Ἕώου
729 1357 970 1407 ’Λπόλλωνος
990 1360 1164 1400 insulam
1182 1371 1315 1400 vocas-

5 1432 8 1435 ’
81 1435 147 1471 se,
177 1421 318 1475 ibique
340 1421 582 1462 Concordiae
613 1422 812 1477 templum
842 1421 1059 1463 aedificasse
1091 1430 1314 1463 narrantur

83 1482 165 1538 (Cf.
182 1482 407 1533 Herodor„
432 1483 483 1523 fr.
509 1486 598 1537 48).
620 1486 781 1525 Fanum
797 1485 998 1540 Apollinis
1017 1486 1059 1525 in
1080 1486 1211 1525 insula
1228 1499 1314 1525 esse

79 1553 219 1589 narrat
241 1544 369 1595 schol.
392 1544 527 1599 Apoll.
553 1545 710 1585 Plinius
730 1547 807 1596 VI,
835 1547 881 1586 13
903 1559 911 1585 :
938 1546 1177 1601 Apollonia,
1210 1547 1312 1600 Thy-

80 1605 173 1646 nias
189 1605 320 1654 dicta,
342 1615 387 1645 ut
402 1605 725 1658 distingueretur
740 1608 793 1647 ab
809 1622 855 1646 ecc
877 1622 966 1662 quae
981 1616 1041 1647 est
1066 1607 1108 1646 in
1126 1611 1310 1662 Europa,

79 1668 215 1709 distat
232 1682 259 1707 a
273 1667 500 1708 continente
509 1667 707 1724 passibas
722 1668 846 1717 mille,
862 1668 1045 1720 cingitur
1059 1668 1192 1708 tribas
1207 1669 1309 1709 mill.

80 1730 296 1771 Ambitum
324 1729 411 1784 ejus
435 1745 459 1784 7
481 1730 711 1771 stadiorum
739 1729 840 1771 dicit
860 1731 1061 1785 Nymphis
1091 1745 1156 1785 ap.
1182 1731 1310 1772 schol.

81 1792 217 1846 Apoll.
256 1792 284 1833 l.
319 1792 346 1832 l.
390 1793 548 1833 Urbem
586 1791 776 1844 Θυνιάδα,
823 1792 1159 1833 Heracleotarum
1203 1793 1312 1834 colo-

79 1854 206 1905 niam,
227 1855 271 1894 in
282 1868 329 1895 ea
341 1862 542 1899 memorat
554 1852 841 1910 Anonymus'S
857 1858 904 1905 6;
929 1854 1153 1909 Bithynida
1168 1855 1314 1897 urbem

58 1953 67 1962 ,
80 1915 180 1957 dicit
193 1916 314 1957 Mela.
336 1916 471 1957 Hodie
486 1917 620 1957 insula
633 1917 787 1971 Kefhen
805 1916 959 1958 Adasi.
981 1919 1018 1958 A
1033 1916 1156 1972 Calpa
1181 1917 1234 1958 ad
1253 1919 1314 1959 in-

80 1978 209 2019 sulam
239 1993 318 2019 sec.
345 1979 510 2020 Arrian.
531 1987 572 2018 et
591 1981 743 2019 Anom.
780 1986 876 2020 sunt
894 1978 1024 2020 stadia
1042 1982 1120 2030 403
1142 1981 1313 2022 Marcia-

79 2053 158 2079 nus
174 2043 226 2081 60
244 2039 374 2080 stadia
391 2040 527 2081 habet.
554 2042 570 2094 Η
591 2066 647 2071 -
669 2055 707 2080 2.
731 2041 778 2080 λι
794 2039 881 2096 μὴν
901 2040 990 2082 ὑπὸ
1024 2043 1084 2097 τῇ
1109 2056 1160 2094 νη
1177 2043 1309 2097 σῖδι]

80 2101 144 2142 Cf.
166 2102 302 2157 Apoll.
327 2102 408 2143 Rh.
438 2105 495 2152 H,
519 2102 600 2144 350
620 2117 629 2143 :
656 2103 787 2154 Νήσου
807 2102 991 2154 Θυνήιδος
1018 2105 1137 2158 ὅρμον
1158 2105 1309 2156 ἵκησθε.

85 2163 100 2216 ΙΙ
125 2187 181 2194 -—
195 2177 235 2204 2.
254 2164 439 2219 Χηλὰς]
460 2167 619 2205 Locum
635 2172 868 2204 memorant
886 2165 1038 2217 Geogr.
1059 2167 1312 2206 Ravennates

79 2233 119 2265 et
145 2226 250 2267 Tab.
270 2227 600 2280 Peutingeriana,
619 2227 662 2265 in
682 2239 763 2280 qua
781 2240 805 2265 a
832 2225 928 2266 Psili
956 2225 1085 2265 fluvio
1105 2239 1236 2279 usque
1259 2227 1312 2267 ad

79 2286 225 2328 Chelas
240 2289 305 2328 via
322 2296 382 2328 est
398 2287 572 2327 millium
597 2301 648 2341 27
669 2288 746 2340 (Σ
769 2287 846 2327 136
865 2285 991 2340 stad.)
1010 2301 1021 2337 3
1042 2287 1246 2341 navigatio
1268 2290 1311 2329 in

79 2349 160 2390 hoc
194 2350 313 2390 litore
336 2350 526 2390 laciniato
549 2364 629 2389 sec.
662 2349 886 2390 Arrianum
913 2347 1010 2388 inde
1033 2362 1057 2388 a
1087 2348 1183 2388 Psili
1208 2348 1313 2389 foret

81 2415 162 2452 260
197 2411 442 2452 stadiorum.
475 2414 675 2452 Praeterea
707 2414 950 2465 Anonymus
979 2423 989 2450 :
1030 2409 1123 2461 αὕτη
1163 2409 1263 2451 ἐστὶν
1287 2409 1311 2461 ἣ

80 2472 272 2528 λεγομένη
292 2472 420 2525 Χηλαὶ
441 2472 665 2523 Μηδιανῶν,
688 2471 801 2526 quod
815 2470 980 2512 aliunde
996 2485 1082 2511 non
1103 2471 1308 2511 novimus.

83 2536 122 2576 5.
145 2534 232 2576 εΥπ
247 2536 257 2575 ι’
268 2551 288 2575 o
300 2536 344 2589 υ]
364 2533 528 2576 Ὑππίου
540 2533 634 2574 cod.
646 2541 686 2573 et
697 2532 815 2574 editt.
836 2532 995 2573 Eodem
1007 2532 1133 2573 modo
1152 2533 1312 2575 codices

78 2597 285 2637 Ptolemaei
307 2611 348 2651 p.
384 2597 479 2646 312,
509 2599 558 2636 16
588 2594 765 2644 Ὑππίου,
798 2592 979 2644 Ὑπτίου,
1010 2593 1175 2634 Ἢππίου
1202 2595 1219 2647 (
1235 2608 1311 2648 vgo

73 2659 179 2703 ,olim
201 2658 388 2712 Ἱππίου>;
407 2672 534 2714 porro
548 2657 763 2713 Hyppium
777 2656 882 2697 Tab.
899 2657 1106 2710 Peuting.,
1123 2656 1312 2712 Hippion

79 2721 231 2775 Geogr.
243 2723 343 2761 RaV.
350 2751 362 2771 ,
375 2728 416 2760 at
428 2719 565 2767 Ὕπιος
576 2726 723 2774 praeter
734 2720 1002 2774 Anonymum
1010 2719 1312 2759 etMarcianum

79 2782 222 2838 Scylax
254 2784 276 2834 §
302 2796 370 2835 90,
411 2781 604 2836 Apollon.
630 2781 766 2822 Rhod.
791 2783 856 2831 II,
880 2781 959 2835 795
985 2794 994 2821 :
1028 2781 1313 2836 βαθυρρείοντος

80 2843 140 2899 ὑφ’
160 2844 353 2899 εἱαμεναῖς
383 2841 556 2894 Ὑπίοιο,
575 2845 784 2884 Domitius
807 2843 1058 2885 Callistratus
1072 2844 1179 2884 libro
1198 2853 1312 2884 sexto

81 2907 178 2962 Περὶ
198 2905 424 2962 Ἡρακλείας
441 2921 507 2962 ap.
526 2907 718 2961 Stephan.
737 2921 776 2948 v.
797 2904 948 2957 ε’Υπιος,
967 2908 1165 2946 Memnon
1181 2921 1217 2947 c.
1240 2910 1308 2954 42.

81 2971 269 3024 Denique
301 2970 387 3024 ipse
421 2969 620 3010 Arrianus
654 2970 670 3022 (
694 2970 734 3009 in
762 2969 1001 3016 Βιθυνιακοῖς
1027 2968 1079 3009 sr.
1122 2971 1174 3017 44
1198 2971 1214 3022 )
1242 2983 1309 3023 ap.

81 3032 268 3072 Eustath.
294 3031 346 3071 ad
367 3030 416 3071 Il.
443 3046 482 3081 ε,
512 3031 589 3072 150
619 3044 628 3071 :
666 3031 706 3072 ἐκ
731 3030 771 3071 δὲ
806 3034 872 3082 τῆς
893 3030 980 3072 ὕπὸ
1010 3029 1146 3078 Ὕπιος
1166 3030 1187 3070 ὁ
1211 3031 1311 3086 παρὰ

90 3092 270 3149 Ἀρριανῷ
311 3094 496 3148 ποταμός.
528 3094 729 3149 Nymphis
764 3093 1004 3135 Heracleota
1035 3094 1157 3134 etiam
1190 3092 1311 3134 “I'moc

82 3156 150 3210 ὄρη
174 3157 418 3197 memoravit
446 3171 527 3197 sec.
549 3157 689 3211 Steph.
717 3157 745 3197 l.
770 3157 797 3197 l.
817 3156 880 3197 Cf.
912 3155 1039 3196 schol.
1070 3156 1205 3211 Apoll.
1228 3157 1308 3197 Rh.

83 3219 139 3267 ΙΙ,
165 3222 244 3271 794
264 3232 273 3258 :
295 3219 454 3274 ᾤκισται
473 3218 513 3259 δὲ
530 3218 631 3273 παρὰ
649 3224 703 3275 τῷ
718 3224 880 3275 ποταμῷ
897 3218 934 3260 ἐν
955 3222 1002 3275 τῇ
1022 3218 1141 3274 Θυνίᾳ
1164 3219 1228 3259 καὶ
1242 3220 1312 3261 πό-

83 3279 142 3326 λις
177 3278 293 3321 Ὗπαὶ
322 3280 531 3335 λεγομένη.
572 3279 617 3321 Ὁ
650 3281 690 3322 δὲ
709 3281 846 3329 υΥπιος
882 3282 1106 3337 ὠνόμασται
1139 3281 1214 3323 ἀπὸ
1245 3284 1312 3323 τοῦ

84 3342 356 3396 καταφέρεσθαι
375 3340 450 3382 ἀπὸ
466 3346 542 3383 τῶν
566 3341 708 3384 Ὑπίων
724 3344 837 3399 ὀρῶν.
857 3345 1050 3386 Ceterum
1064 3346 1223 3399 Hypius
1236 3346 1313 3385 ssu-

85 3404 175 3443 vius
186 3404 329 3457 nequit
344 3418 429 3444 esse
448 3403 549 3444 hod.
568 3408 769 3454 Isara-sa,
792 3415 839 3447 ut
856 3408 1059 3447 Gautticri
1074 3421 1246 3462 mappae,
1269 3418 1314 3449 ut

86 3465 263 3515 videtur,
271 3465 440 3507 fidentes
451 3466 640 3507 nonnulli
652 3476 797 3522 putant
810 3485 820 3518 ;
832 3477 891 3509 est
906 3469 1036 3511 Melon
1052 3469 1114 3519 ss.,
1130 3470 1181 3510 ad
1190 3485 1313 3525 quem

86 3527 482 3581 locuscognominis.
505 3552 561 3559 —
577 3531 626 3568 In
647 3530 730 3570 tab.
748 3531 1106 3584 Peutingerianaa
1119 3532 1313 3586 Sangario

86 3589 138 3629 ad
159 3589 342 3643 Hypium
357 3598 629 3631 numerantur
659 3591 770 3632 milia
799 3592 874 3645 393
899 3593 1011 3646 quod
1033 3608 1056 3633 a
1077 3607 1172 3634 vero
1193 3594 1312 3649 longe

87 3650 255 3690 recedit.
284 3650 525 3691 Ptolemaeus
547 3665 713 3706 quoque
732 3651 964 3694 distantiam
992 3653 1099 3695 hanc
1120 3661 1170 3704 3l3
1194 3657 1306 3710 grad.

87 3726 172 3751 esse
196 3719 374 3752 statuens
390 3711 564 3751 nimium
583 3714 736 3767 posuit.
764 3714 780 3766 ΙΙ
806 3737 863 3744 -
879 3729 918 3768 7.
937 3714 1169 3771 Λίλλιον]
1202 3720 1313 3759 Ano-

89 3788 237 3827 nymus
270 3773 394 3813 habet
416 3772 465 3820 εἰς
487 3773 646 3815 Λιλεοῦν
667 3783 706 3815 et
739 3774 814 3816 ἀπὸ
833 3775 987 3827 Λιλεοῦ,
1013 3791 1191 3831 quorum
1212 3779 1313 3820 illud

88 3836 200 3876 haud
214 3832 339 3876 dubie
356 3835 622 3876 scribendum
641 3845 701 3877 est
717 3836 767 3885 εἰς
784 3837 944 3888 Λιλεόν;
965 3839 1075 3893 apud
1092 3842 1312 3882 Arrianum

88 3906 225 3939 autem
246 3912 323 3953 pro
351 3898 520 3939 ΛίΛΛιον
544 3899 829 3953 reponendum
848 3909 950 3955 puto
973 3901 1157 3952 ΛίΛΑιον,
1183 3917 1312 3957 quum

90 3960 319 4000 formarum
345 3959 500 4007 Λίλαιος
525 3968 565 4001 et
580 3960 713 4008 Λιλεὸς
735 3960 946 4002 diversitas
966 3963 1065 4003 nihil
1084 3964 1226 4006 habeat
1250 3967 1310 4006 in-

969 154 1266 202 PERIPLUS
1299 155 1488 203 ΡΟΝΤΙ
1519 157 1756 205 EUXlNI.

2005 79 2017 100 s

2527 178 2611 217 383

1384 263 1564 314 loniam,
1592 265 1767 306 insulam
1799 266 2012 319 exiguam,
2047 279 2131 306 non
2151 268 2295 321 procul
2327 283 2350 308 a
2383 273 2615 315 continente

1385 322 1584 372 remotam
1604 363 1614 382 ,
1651 332 1727 373 alia
1761 333 1920 386 viginti.
1980 324 2053 372 Est
2085 341 2229 387 portus
2260 334 2336 374 sub
2368 336 2443 376 hac
2470 339 2614 381 insula.

1385 400 1493 439 Hinc
1514 399 1568 439 ad
1589 399 1734 440 Chelas
1769 400 1910 453 viginti
1933 398 2078 440 stadia.
2139 402 2175 441 A
2198 400 2331 441 Chelis
2351 417 2478 458 usque
2500 406 2551 446 ad
2574 408 2615 448 id

1385 465 1490 515 loci,
1515 466 1588 506 ubi
1607 466 1824 519 Sangarius
1847 466 1997 506 fluvius
2019 466 2062 506 in
2078 462 2257 506 Pontum
2277 468 2427 518 influit,
2449 481 2615 514 centum

1386 541 1426 573 et
1447 533 1669 587 octoginta.
1727 532 1830 573 Inde
1850 532 1903 572 ad
1920 533 2044 587 Hypii
2067 534 2170 574 ostia
2184 565 2195 584 ,
2218 534 2294 575 alia
2314 544 2477 577 centum
2496 548 2536 579 et
2551 555 2617 580 oc·
2651 585 2653 588 ,

1384 602 1556 654 toginta.
1613 601 1679 642 Ab
1715 601 1852 655 Hypio
1888 600 1941 641 ad
1974 601 2139 642 Lillium
2181 604 2412 658 emporium
2452 615 2615 647 centum

1384 667 1529 718 stadia,
1544 676 1584 708 et
1602 682 1626 708 a
1644 667 1765 709 Lillio
1780 667 1833 709 ad
1848 667 2006 709 Elaeum
2017 668 2148 710 stadia
2165 672 2387 726 sexaginta.
2449 673 2551 715 Inde
2566 675 2618 715 ad

1385 737 1580 788 Caletem,
1591 736 1702 778 aliud
1713 738 1962 792 emporium,
1973 747 2137 780 centum
2154 748 2194 780 et
2209 741 2364 795 viginti.
2428 744 2464 784 A
2481 743 2617 785 Calete

1385 805 1438 847 ad
1451 809 1610 862 Lycum
1630 806 1805 847 fluvium
1836 809 2056 861 octoginta.
2117 811 2152 850 A
2166 811 2276 864 Lyco
2291 810 2343 851 ad
2361 812 2613 863 Heracleam,

1384 874 1532 915 urbem
1567 875 1754 916 Graecam
1791 875 1986 916 Doricam
2001 907 2011 925 ,
2051 878 2353 931 Megarensium
2386 879 2588 921 coloniam
2601 912 2612 931 ,

1386 942 1528 996 viginti
1551 941 1702 992 stadia;
1724 942 1768 982 in
1786 943 1982 984 Heraclea
2003 945 2122 985 statio
2139 946 2321 986 navium.

1384 1172 1506 1222 soliti,
1523 1186 1570 1212 ac
1581 1172 1711 1212 simile
1723 1186 1861 1225 graecae
1878 1173 2005 1223 urbis,
2022 1174 2177 1222 Λιλαίας
2193 1175 2234 1214 in
2250 1175 2446 1226 Phocide,
2464 1191 2614 1220 nomen

1383 1242 1531 1275 notum
1546 1235 1612 1274 sit.
1640 1234 1810 1275 Lilaeum
1827 1235 1935 1275 inter
1957 1235 2105 1276 fluvios
2119 1237 2319 1291 Bithyniae
2338 1247 2520 1280 recenset
2535 1240 2614 1281 Pli-

1383 1297 1476 1335 nius
1496 1297 1552 1346 V,
1586 1296 1654 1345 43.
1680 1296 1860 1338 Aliunde
1892 1296 1943 1336 de
1972 1306 2113 1338 nostro
2131 1299 2317 1352 emporio
2336 1313 2420 1339 non
2441 1310 2611 1342 constat.

1383 1358 1575 1398 Ceterum
1590 1358 1698 1398 inter
1716 1359 1899 1414 Hypium
1922 1366 1961 1398 et
1985 1359 2154 1399 Lilaeum
2178 1361 2420 1414 Anonymus
2438 1362 2617 1416 interpo-

1382 1422 1445 1460 nit
1466 1419 1557 1460 Δίαν
1580 1419 1710 1470 πόλιν,
1731 1425 1784 1462 60
1807 1419 1946 1461 stadiis
1968 1435 1991 1460 a
2012 1421 2164 1476 Hypio,
2187 1424 2241 1469 40
2272 1421 2412 1462 stadiis
2437 1423 2488 1463 ab
2507 1424 2615 1464 Elaeo

1383 1480 1620 1521 distantem.
1640 1483 1875 1522 Marcianus
1897 1495 2062 1536 quoque
2095 1496 2117 1522 e
2137 1483 2336 1537 Menippo
2357 1483 2503 1525 eodem
2526 1485 2616 1526 loco

1382 1552 1679 1585 commemorat
1701 1544 1792 1584 Δίαν
1813 1544 1942 1594 πόλιν,
1972 1543 2069 1594 sed,
2095 1545 2217 1586 missa
2245 1546 2454 1586 mentione
2480 1547 2613 1598 Lilaei,

1382 1614 1475 1660 post
1495 1606 1616 1646 Diam
1639 1606 1775 1647 statim
1797 1607 1953 1647 Elaeum
1977 1615 2192 1647 memorat.
2218 1606 2280 1647 Cf.
2306 1608 2445 1662 Steph.
2478 1610 2574 1663 Byz.
2603 1623 2613 1649 :

1383 1666 1471 1717 Δῖα,
1496 1667 1606 1714 πόλις
1624 1667 1798 1715 Βιθυνίας
1819 1668 1909 1722 πρὸς
1923 1672 1977 1723 τῷ
1994 1668 2146 1723 Πόντῳ.
2171 1667 2413 1709 Ptolemaeus
2428 1683 2504 1723 pro
2524 1671 2614 1710 Δίαν

1383 1728 1496 1768 πόλιν
1508 1729 1633 1769 habet
1653 1728 1739 1776 Διὸς
1756 1729 1886 1780 πόλιν,
1911 1738 1952 1770 at
1969 1743 2054 1769 non
2070 1743 2145 1770 suo
2157 1730 2332 1784 positam
2354 1730 2460 1771 loco.
2485 1733 2616 1772 Series

1384 1791 1420 1830 ei
1436 1790 1522 1830 haec
1537 1798 1596 1830 est
1620 1803 1629 1829 z
1701 1798 1706 1803 '

1390 1884 1525 1927 Ὑπίου
1544 1887 1720 1940 ποταμοῦ
1741 1883 1918 1934 ἐκὸολαὶ,
2250 1884 2322 1926 580
2339 1885 2420 1936 4ο’,
2439 1888 2512 1935 420
2532 1887 2615 1935 45’.

1388 1946 1536 1988 Ἐλάτα
1564 1947 1577 2004 (
1593 1948 1619 1988 l.
1645 1946 1835 2001 Ἔλαίου)
1859 1948 2035 2001 ποταμοῦ
2065 1945 2222 1986 ἐκὸολαὶ
2242 1946 2314 1988 58⁰
2331 1947 2412 1998 40',
2431 1949 2505 1997 43⁰
2526 1968 2541 1987 »

1382 2010 1468 2058 Διὸς
1495 2010 1605 2058 πόλις
2255 2008 2326 2051 58⁰
2341 2008 2422 2061 4³5¹,
2442 2012 2515 2060 430
2531 2013 2614 2054 20'.

1389 2070 1598 2128 Ἡράκλεια
1620 2072 1770 2112 Πόντου
2249 2071 2320 2125 590
2381 2092 2418 2123 n,
2440 2074 2513 2122 430
2534 2074 2613 2115 30’.

1382 2167 1449 2208 Ad
1466 2168 1587 2206 Diam
1608 2166 1752 2206 urbem
1771 2165 1879 2221 (non
1899 2164 1950 2204 ad
1966 2166 2106 2215 Tium,
2122 2173 2168 2205 ut
2181 2166 2346 2204 Movers
2372 2167 2509 2208 Pleoen.
2532 2168 2612 2208 Col.

1381 2241 1424 2281 p.
1452 2227 1557 2282 299)
1581 2226 1730 2267 referas
1752 2239 1904 2268 nomen
1927 2224 2029 2274 Δίας,
2052 2226 2193 2266 uxoris
2210 2225 2370 2276 Phinei,
2392 2241 2456 2281 ap.
2485 2229 2612 2269 schol.

1382 2289 1517 2343 Apoll.
1535 2289 1614 2329 Rh.
1633 2290 1688 2338 Π,
1715 2290 1808 2342 178,
1826 2287 1905 2327 nisi
1921 2300 2083 2327 mecum
2102 2301 2180 2341 pro
2195 2286 2284 2334 Δίας
2298 2289 2502 2341 corrigere
2518 2290 2617 2330 velis

1388 2349 1548 2400 Ἰδαίας;
1568 2364 1663 2390 nam
1688 2348 1809 2390 Ἰδαία
1838 2362 1903 2402 ap.
1927 2348 2170 2403 Apollodor.
2189 2356 2230 2388 et
2245 2362 2312 2403 ap.
2330 2350 2464 2403 ipsum
2483 2351 2610 2392 schol.

1381 2414 1462 2467 Ap.
1476 2413 1531 2462 H,
1551 2414 1629 2461 14o
1639 2412 1726 2452 haec
1735 2411 1880 2452 Phinei
1897 2424 2003 2450 uxor
2022 2418 2203 2451 vocatur.
2225 2411 2240 2463 ΙΙ
2255 2434 2311 2440 —
2324 2425 2362 2464 7.
2382 2411 2548 2453 ’Έλαιο
2562 2428 2580 2453 ν
2597 2415 2613 2469 ]

1382 2475 1439 2514 sic
1454 2475 1575 2516 etiam
1591 2475 1810 2529 Menippus
1827 2473 2040 2522 Marciani,
2055 2473 2126 2527 qui
2141 2487 2165 2513 a
2182 2474 2259 2512 Dia
2275 2473 2378 2513 urbe
2389 2473 2441 2514 ad
2456 2474 2611 2516 Elaeum

1382 2551 1467 2577 esse
1485 2536 1586 2577 dicit
1605 2551 1658 2590 90
1673 2536 1803 2576 stadia
1819 2567 1830 2586 ,
1856 2549 1984 2593 quum
2013 2548 2090 2576 100
2109 2543 2327 2575 numerent
2356 2537 2554 2581 Arrianus
2574 2547 2614 2579 et

1381 2601 1640 2654 AnonymuS‚
1685 2597 1800 2652 cujus
1824 2597 1954 2637 codex
1991 2596 2041 2644 εἰς
2076 2595 2256 2636 Ἐλαιοῦν
2286 2596 2454 2650 praebet.
2496 2598 2613 2640 Idem

1382 2662 1531 2702 fluvius
1558 2661 1719 2716 Byleum
1757 2662 1800 2700 in
1820 2660 1924 2700 Tab.
1959 2659 2166 2713 Peuting„
2205 2658 2361 2699 Bileum
2394 2660 2437 2698 in
2459 2661 2613 2714 Geogr.

1382 2727 1565 2765 Ravenn.
1588 2731 1760 2764 vocatur
1785 2730 1992 2776 corrupte.
2015 2720 2140 2776 Apud
2168 2719 2343 2761 Ptolem.
2367 2734 2443 2774 pro
2467 2719 2612 2763 Ἐλάτα

1381 2787 1527 2842 reponi
1549 2785 1706 2826 Ἐλαίου
1719 2783 1842 2840 jussit
1854 2783 2071 2825 Salmasius
2086 2783 2128 2823 in
2148 2783 2320 2823 Exerco.
2337 2781 2442 2822 Plin.
2460 2797 2502 2837 p.
2516 2788 2609 2826 618.

1383 2850 1467 2902 Qui
1486 2856 1799 2904 repraesentatur
1813 2847 1856 2886 in
1872 2860 2001 2886 numo
2017 2859 2082 2900 ap.
2106 2843 2261 2885 Eckhel
2279 2846 2333 2902 D.
2357 2845 2409 2884 N.
2434 2845 2513 2885 vol.
2535 2849 2610 2896 III,

1381 2926 1425 2966 p.
1468 2913 1543 2952 168
1574 2910 1723 2952 fluvius
1765 2908 2008 2949 recumbens
2037 2921 2132 2947 cum
2165 2906 2384 2962 epigraphe
2419 2906 2614 2948 ΕΔΑΤΗΣ

1382 2972 1578 3014 ΜΙΔΑΩΝ
1588 3003 1599 3021 ,
1618 2986 1714 3012 eum
1739 2970 1792 3011 ad
1813 2985 1887 3010 nos
1915 2970 2018 3010 nihil
2044 2969 2246 3023 pertinere
2274 2976 2397 3022 patet.
2419 2969 2550 3009 Elaeus
2570 2972 2609 3010 in

1381 3050 1494 3076 mare
1519 3035 1638 3084 exiit,
1654 3034 1725 3074 ubi
1747 3032 1957 3074 Hamilton
1987 3033 2029 3071 in
2060 3044 2207 3085 mappa
2236 3038 2350 3070 notat
2365 3030 2613 3071 hodiernum

1384 3097 1573 3139 Clzuvalli
1601 3095 1758 3146 Iskelelz
1775 3099 1843 3136 Sa.
1876 3095 1891 3148 ΙΙ
1911 3118 1967 3124 -
1991 3096 2030 3134 8.
2051 3092 2246 3143 Κάλητα
2261 3123 2270 3131 .
2290 3121 2300 3132 .
2340 3090 2608 3147 ἐμπόριον]

1381 3159 1623 3202 Accuratius
1652 3156 1873 3197 dicendum
1893 3164 1978 3195 erat
1999 3155 2179 3210 ἐμπόριον
2203 3153 2266 3193 καὶ
2287 3154 2475 3207 ποταμόν,
2500 3163 2546 3194 ut
2569 3156 2611 3195 in

1382 3222 1580 3277 Menippo
1601 3218 1814 3262 Marciani.
1839 3216 2047 3270 Anonymi
2067 3214 2197 3255 codex
2222 3214 2301 3254 hoc
2318 3213 2407 3254 loco
2423 3214 2610 3256 lacunam

1383 3285 1507 3326 habet
1521 3315 1531 3333 ‚
1556 3291 1736 3324 ceterum
1758 3279 1810 3320 de
1836 3278 2004 3318 nomine
2031 3276 2126 3317 facit
2156 3290 2253 3317 cum
2276 3276 2468 3326 Arriano,
2491 3277 2609 3318 sicuti

1383 3346 1622 3388 Eustathius
1640 3342 1691 3384 ad
1707 3343 1832 3382 Dion.
1865 3340 1961 3394 793,
1986 3339 2058 3393 qui
2078 3353 2102 3378 a
2119 3337 2261 3379 Rheba
2277 3351 2407 3392 usque
2432 3338 2484 3378 ad
2503 3339 2614 3380 Calc-

1385 3418 1468 3449 tem
1487 3407 1583 3448 olim
1603 3405 1771 3459 Thynos
1790 3402 1989 3443 habitasse
2019 3402 2036 3454 (
2054 3415 2103 3440 ex
2136 3399 2301 3441 Arriani
2327 3399 2576 3454 Bithyniacis
2593 3401 2607 3456 )

1384 3478 1537 3511 narrat.
1556 3470 1807 3521 Corruptum
1820 3478 1971 3504 nomen
1991 3471 2051 3503 est
2069 3477 2136 3518 ap.
2152 3462 2408 3503 Marcianum
2421 3463 2462 3502 in
2479 3463 2609 3515 Κάλη-
2694 3507 2701 3513 ¹

1384 3549 1451 3583 πα,
1463 3547 1529 3586 ap.
1540 3528 1772 3571 Diodorum
1782 3528 1877 3575 XII,
1892 3539 1943 3580 72
1954 3526 1994 3566 in
2006 3525 2182 3579 Κάχητα,
2194 3539 2259 3580 ap.
2273 3523 2464 3579 Thucyd.
2477 3526 2606 3579 IV,74

1383 3598 1425 3636 in
1451 3595 1623 3645 Κάληκα,
1649 3590 1756 3645 apud
1787 3591 1999 3629 Memnon.
2027 3603 2063 3628 c.
2094 3588 2145 3628 23
2170 3587 2214 3627 in
2247 3586 2444 3639 Κάλλητα.
2477 3587 2610 3627 Hodie

1384 3656 1580 3704 Kokolalz,
1602 3668 1684 3693 non
1698 3666 1794 3693 vero
1813 3650 1957 3691 Alabli
1976 3650 2047 3704 qui
2080 3650 2268 3706 proxime
2297 3658 2390 3704 post
2429 3649 2609 3690 KoA-olah

1384 3721 1484 3761 fluv.
1514 3717 1712 3771 sequitur.
1744 3715 1759 3767 11
1797 3738 1852 3744 —-
1884 3729 1925 3767 9.
1959 3713 2144 3768 Λύκον]
2169 3713 2292 3754 Hunc
2321 3712 2472 3752 omittit
2499 3712 2605 3750 Mar-

1386 3784 1525 3823 cianus
1540 3795 1549 3829 ;
1567 3784 1794 3817 memorant
1804 3776 1962 3830 Scylax,
1980 3771 2172 3831 Apollon.
2187 3775 2266 3815 Rh.
2282 3775 2336 3823 ΙΙ,
2353 3775 2430 3826 724
2450 3771 2607 3811 Αύκοιο

1397 3842 1526 3897 ῥέεθρα
1551 3839 1614 3880 καὶ
1643 3837 1909 3892 ἇνΟεμοεισίδα
1935 3838 2077 3892 λίμνην
2117 3837 2338 3891 δερκόμενοι
2363 3833 2606 3887 παρέμειὸον,

1384 3904 1495 3945 schol
1515 3901 1716 3957 Ap011.11‚
1736 3900 1830 3941 650.
1847 3903 1941 3954 752,
1960 3901 2091 3955 Orph.
2111 3903 2267 3952 Argon.
2283 3898 2376 3951 752,
2390 3896 2607 3935 Tab.Peu-

1385 3968 1504 4020 tii-ig„
1525 3967 1675 4017 Geogr.
1709 3965 1808 4003 Rav.
1833 3971 1872 4003 et
1896 3963 2049 4003 Plinius
2074 3963 2149 4010 VI,
2173 3974 2208 4010 1,
2231 3960 2300 4013 qui
2321 3972 2466 4013 parum
2495 3970 2611 3998 accu-
