2808 4342
742 94 785 138 ⁶
843 59 846 61 ,

224 174 314 216 272

225 273 307 319 τῶν
330 269 468 317 τόπων
502 236 650 330 ἔλεξας
671 266 862 316 πλεῖστος
885 263 1047 324 (ἥσσων
1078 261 1122 307 δὲ
1145 265 1217 308 τοῦ
1238 261 1465 309 Ἀδουλιτι·

226 340 326 400 κοῦ)
348 338 419 384 καὶ
439 336 652 400 ῥινόκερως
667 334 739 380 καὶ
755 331 917 394 χελώνη
937 330 1128 392 διάφορος
1147 330 1254 390 μετὰ
1276 329 1352 386 τὴν
1377 330 1461 379 Ἰν.

227 406 344 464 δικὴν
366 405 439 453 καὶ
460 405 655 453 ναύπλιος
676 401 825 461 ὀλίγος.

298 492 357 523 18.
382 473 471 522 Καὶ
493 471 639 534 σχεδὸν
661 465 980 514 τελευταιότατᾶ
1002 467 1091 512 ἐστι
1110 470 1241 513 ταῦτα
1263 466 1317 513 τὰ
1337 467 1467 527 ἒμπό·

135 568 140 574 ·
184 562 208 592 ς
230 564 299 611 μα
318 547 390 600 τῆς
411 540 595 596 Ἀζανίας
627 541 699 592 τῆς
721 538 763 581 ἐν
785 534 926 589 δεξιοῖς
948 534 1031 581 ἀπὸ
1051 534 1249 596 Βερνίκης
1277 537 1466 603 ἠπείρου·

223 617 247 661 ὁ
267 612 347 676 γὰρ
374 609 480 671 μετὰ
506 606 671 656 τούτους
690 602 783 656 τοὺς
815 603 964 657 τόπους
985 606 1165 658 ὠκεανὸς
1198 607 1467 671 ἀνερεύνητος

225 681 283 728 ὢν
304 683 358 732 εἷς
380 679 454 733 τὴν
475 675 588 722 δύσιν
612 673 880 734 ἀνακάμπτει
901 675 974 720 καὶ
995 680 1079 728 τοῖς
1101 677 1465 740 ἀπεστραμμένοις

224 749 366 811 μέρεσι
397 749 470 802 τῆς
498 742 720 796 Αἰθιοπίας
751 742 824 789 καὶ
853 742 1015 801 Λιὸύης
1036 744 1109 790 καὶ
1129 743 1323 808 Ἀφρικῆς
1354 746 1464 793 κατὰ

220 817 290 863 τὸν
309 816 425 862 νότον
445 811 726 877 παρεκτείνων
748 814 801 865 εἰς
822 811 899 870 τὴν
923 812 1110 878 ἑσπέριον
1137 814 1364 878 συμμίσγει
1389 816 1463 862 Oi·

163 896 202 926 10
219 887 399 933 λασσαν.

282 972 338 1003 19.
374 955 456 1002 Ἐκ
477 953 521 1001 δὲ
550 957 632 1000 τῶν
671 952 895 1014 εὐωνύμων
919 952 1120 1016 Βερνίκης
1153 953 1236 1000 ἀπὸ
1256 953 1463 1019 Μυὸςὸρ-

221 1043 300 1086 μου
327 1022 418 1071 δυσὶ
442 1022 607 1086 δρόμοις
634 1020 663 1078 ἢ
688 1022 821 1086 τρισὶν
843 1024 900 1075 εἰς
925 1020 999 1078 τὴν
1023 1022 1227 1077 ἀνατολὴν
1262 1022 1463 1069 διαπλεύ-

218 1112 336 1141 σαντι
354 1094 424 1140 τὸν
446 1092 751 1156 παρακείμενον
774 1092 929 1139 κόλπον
948 1091 1076 1155 ὅρμος
1095 1091 1206 1137 ἐστὶν
1230 1090 1364 1156 ἕτερος
1388 1091 1462 1138 καὶ

217 1163 425 1227 φρούριον,
447 1162 470 1209 8
498 1162 664 1224 λέγεται
696 1160 837 1217 Λευκὴ
868 1160 1019 1222 κώμη,
1044 1162 1096 1207 δι’
1115 1155 1163 1218 ἧς
1189 1159 1331 1226 [ὁδός]
1350 1163 1459 1207 ἐστιν

158 1248 195 1279 15
218 1235 274 1287 εἷς
294 1234 461 1296 Πέτραν
477 1232 578 1296 πρὸς
595 1232 811 1294 Μαλίχαν,
835 1231 1012 1292 βασιλέα
1033 1230 1307 1278 Ναὸαταίων.
1334 1228 1460 1294 Ἔχει

271 1397 296 1448 S
321 1408 387 1449 19.
417 1398 510 1434 τῶν
550 1392 817 1448 εὗωνῦμων
857 1392 1123 1447 Βερνίκης]
1148 1393 1374 1447 Hucusque
1413 1391 1462 1432 τὰ

216 1456 320 1507 δεξιὰ
345 1457 421 1499 ἀπὸ
445 1455 625 1512 Βερνίκης
654 1455 953 1511 descripserat;
980 1454 1205 1496 Arabicum
1228 1455 1332 1495 latus
1350 1469 1463 1495 nunc

216 1518 499 1575 descripturus
527 1517 703 1573 appellat
738 1516 787 1558 τὰ
821 1516 999 1571 εὐώνυμα
1042 1516 1242 1571 Βερνίκης,
1277 1516 1307 1557 i.
1340 1519 1384 1557 e.'
1414 1515 1462 1557 τὰ

217 1579 395 1636 εὖώνυμα
417 1579 493 1621 ἀπὸ
514 1579 735 1634 Βερενίκης,
759 1593 852 1634 quoe
865 1592 892 1618 α
908 1577 1095 1618 Berenice
1106 1577 1388 1633 proficiscenti
1406 1577 1466 1618 ad

215 1642 407 1685 dextram
431 1651 545 1691 sunt,
574 1642 653 1682 nisi
673 1642 753 1683 hoc
785 1641 921 1696 ipsum
942 1654 1147 1695 reponens
1171 1640 1248 1694 legi
1271 1639 1367 1681 velis
1390 1653 1400 1681 :
1420 1638 1462 1681 ἐκ

216 1704 259 1747 δὲ
270 1709 346 1746 τῶν
362 1704 568 1760 εὗωνῦμων
581 1703 657 1745 ἀπὸ
674 1704 856 1759 Βερνίκης
870 1703 894 1755 ἢ
908 1703 1158 1758 Μυοσόρμου.
1178 1702 1311 1744 Aliter
1324 1702 1460 1744 locum

215 1769 513 1824 interpretatur
538 1768 721 1808 Ritterus
746 1768 845 1817 XII,
867 1780 910 1821 p.
935 1780 1027 1816 122,
1045 1767 1111 1806 cui
1136 1773 1245 1806 recte
1271 1765 1460 1820 obloqui-

214 1838 284 1871 tur
298 1829 644 1871 schwanbeckius
657 1829 686 1870 l.
705 1829 732 1870 l.
751 1843 794 1884 p.
815 1830 912 1870 322.
929 1829 946 1881 ΙΙ
961 1852 1019 1859 —
1034 1831 1100 1876 14.
1119 1829 1150 1868 Δ
1163 1824 1274 1878 ευκὴ
1296 1829 1359 1867 κώ
1373 1829 1457 1884 μη]

212 1893 406 1934 Meminit
424 1891 512 1946 ejus
530 1891 678 1933 Strabo
693 1905 736 1946 p.
759 1893 856 1945 780,
882 1890 953 1930 ubi
976 1889 1105 1931 AElius
1131 1889 1273 1931 Gallus
1289 1889 1460 1945 Cleopa-

214 1954 269 1996 tri
305 1954 466 1995 solvens
495 1962 587 2010 post
613 1951 854 2009 quindecim
886 1951 1051 1992 dierum
1077 1953 1378 2005 navigationem
1405 1952 1460 1993 ob

215 2018 342 2058 maris
363 2016 544 2072 pericula
573 2016 789 2057 exitiosam
818 2013 871 2055 ad
888 2016 1054 2056 Leucen
1076 2015 1234 2055 Comen
1256 2014 1460 2070 appulisse

214 2087 408 2121 narratur
430 2092 439 2120 ε
459 2077 598 2119 Πολλὰ
615 2077 656 2119 δὲ
680 2078 814 2119 παθὼν
835 2077 900 2118 καὶ
919 2076 1238 2132 ταλαιπωρηῦεὶς,
1263 2092 1461 2118 πεντεκαι·

216 2142 420 2190 δεκαταῖος
449 2136 554 2193 ἧκεν
577 2140 628 2189 εἰς
660 2138 806 2191 Λευκὴν
830 2141 966 2195 κώμην
1001 2142 1069 2191 τῆς
1101 2139 1334 2180 Ναὸαταίων
1366 2143 1455 2195 γῆς,

218 2202 426 2260 ἕμπορεῖον
447 2205 581 2259 μέγα..
610 2202 736 2243 Τοῦτο
759 2202 794 2241 δ’
834 2200 1095 2256 ἀπειργάσατο
1116 2199 1141 2252 ὴ
1172 2203 1241 2241 τοῦ
1264 2201 1458 2243 Συλλαίου

213 2266 328 2307 κακία
347 2269 415 2307 τοῦ
440 2268 538 2321 πεζῇ
559 2264 751 2320 φήσαντος
774 2262 960 2304 ἀνόδευτα
987 2261 1089 2304 εἶναι
1110 2265 1379 2319 στρατοπέδοις
1409 2264 1460 2314 εἰς

212 2326 284 2379 τὴν
304 2326 450 2380 Λευκὴν
470 2329 624 2384 κώμην,
648 2326 699 2375 εἰς
727 2328 775 2380 ἣν
799 2325 864 2367 καὶ
893 2324 930 2373 ἐξ
948 2320 992 2376 ἧς
1010 2325 1048 2366 οἱ
1070 2325 1367 2382 καμηλέμποροι
1392 2342 1457 2368 το·

214 2391 341 2448 σοότῳ
363 2390 503 2443 πλήθει
523 2389 671 2446 ἀνδρῶν
697 2388 763 2430 καὶ
781 2388 971 2444 καμήλων
988 2387 1187 2429 ὁδεύουσιν
1202 2387 1381 2444 ἀσφαλῶς
1395 2390 1460 2431 καὶ

213 2452 381 2510 εὖπόρως
399 2453 450 2501 εἷς
472 2453 618 2509 Πέτραν
635 2452 701 2493 καὶ
722 2450 764 2492 ἐκ
793 2451 953 2506 Πέτρας,
983 2453 1082 2492 ὥστε
1103 2449 1155 2507 μὴ
1173 2452 1359 2507 διαφέρειν
1382 2469 1458 2508 μη-

211 2516 274 2559 δὲν
298 2517 570 2573 στρατοπέδου.
606 2516 642 2556 Ε
673 2522 808 2555 cetera
839 2513 1054 2555 Strabonis
1079 2514 1316 2555 narratione
1346 2523 1459 2570 patet

210 2581 336 2621 situm
353 2579 476 2620 fuisse
490 2578 723 2634 emporium
733 2578 775 2617 in
790 2584 973 2618 extrema
980 2575 1139 2617 ditione
1147 2577 1455 2619 Nabataeorum.

211 2640 328 2681 Idem
349 2641 553 2694 colligitur
570 2655 593 2681 e
607 2641 757 2681 Cosma
775 2638 942 2694 Indopl.
968 2640 1024 2688 11,
1047 2652 1090 2693 p.
1114 2638 1206 2688 143,
1225 2638 1295 2678 ubi
1313 2641 1458 2680 Auxu-

213 2704 408 2743 mitarum
422 2718 492 2743 rex
509 2702 632 2743 dicit:
650 2701 723 2742 Καὶ
733 2702 848 2757 πέραν
862 2700 903 2742 δὲ
915 2703 982 2753 τῆς
997 2699 1181 2755 Ἐρυθρᾶς
1193 2700 1388 2753 θαλάσσης
1399 2701 1457 2742 οἰ·

213 2767 375 2812 κοῦντας
391 2764 585 2819 Ἀραῦίτας
604 2764 669 2805 καὶ
685 2763 1028 2811 Κιναιδοκολπίτας
1043 2763 1261 2818 στράτευμα
1279 2763 1456 2805 ναυτικὸν

214 2827 281 2868 καὶ
302 2827 457 2874 πεζικὸν
482 2827 792 2882 διαπεμψάμενος
810 2826 876 2866 καὶ
898 2826 1083 2874 ὑποτάξας
1111 2825 1234 2867 αὐτῶν
1253 2826 1341 2875 τοὺς
1354 2827 1459 2882 βασι-

136 2915 141 2919 -
213 2888 319 2939 λίας,
343 2890 480 2944 φόρους
502 2892 569 2940 τῆς
589 2891 662 2942 γῆς
680 2888 808 2929 τελεῖν
831 2887 1026 2938 ἐκέλευσα,
1061 2888 1127 2928 καὶ
1146 2888 1342 2929 ὁδεύεσθαι
1372 2890 1456 2946 μετ’

214 2949 367 3007 εἰρήνης
389 2951 455 2992 καὶ
476 2950 672 2993 πλέεσθαι.
714 2948 803 2990 Ἀπὸ
826 2949 868 2990 δὲ
890 2950 1075 3001 Λεὺκης
1097 2950 1267 3005 Κώμης
1297 2952 1368 3000 ἕως
1391 2957 1457 3005 τῆς

212 3014 368 3057 Σαὸέων
377 3015 508 3071 χώρας
525 3012 762 3070 ἐπολέμησα.
775 3015 978 3055 Praeterea
985 3013 1148 3054 Leucon
1161 3015 1318 3055 Comen
1331 3015 1455 3058 habes

213 3090 281 3133 ap.
307 3078 461 3131 Geogr.
493 3078 678 3118 Ravenn.
709 3078 772 3125 11,
799 3079 840 3126 6,
870 3075 940 3116 ubi
977 3075 1101 3115 series
1128 3077 1344 3117 nominum
1370 3078 1455 3120 hare

213 3148 275 3182 est
310 3153 322 3182 ι
346 3142 486 3192 Negra
513 3138 679 3195 (Νέγλα
707 3138 850 3194 steph.
885 3139 1002 3193 Byz.,
1021 3134 1147 3190 Ἐγρά
1159 3137 1397 3179 Strabonis?
1420 3142 1452 3195 )‚

218 3200 408 3255 Tasmm,
430 3203 586 3256 Egram
607 3200 775 3256 (Ἔγρα,
794 3202 868 3240 260
889 3197 996 3240 Ptol.
1011 3198 1044 3254 ),
1061 3203 1275 3240 Sacamum
1298 3200 1454 3254 (Σόακα

214 3268 292 3306 260
314 3262 377 3305 15'
395 3263 502 3305 Ptol.
525 3263 593 3318 ἲ),
614 3266 786 3310 Cornan,
806 3265 1059 3310 Leucocome,
1081 3264 1240 3310 Corone,
1259 3262 1449 3311 Salaeim,

214 3328 321 3367 Gera
337 3327 353 3379 (
369 3325 471 3367 bod.
492 3330 616 3378 Serg?
633 3325 667 3381 ),
702 3323 864 3366 Taboca
897 3322 972 3379 (h.
1007 3322 1184 3378 Tebuk).
1211 3323 1454 3365 Ptolemaeus

213 3397 255 3429 et
274 3388 505 3445 Stephanus
529 3390 627 3444 Byz.
651 3384 798 3438 Λευκὴν
825 3388 962 3442 κώμην
991 3400 1077 3427 non
1100 3395 1351 3438 memorant,
1374 3389 1451 3430 nisi

214 3450 320 3492 sorte
342 3460 461 3507 putes
490 3466 568 3508 pro
595 3464 728 3506 graeco
749 3449 919 3491 nomine
943 3448 995 3490 ab
1017 3446 1162 3491 iisdem
1182 3447 1341 3491 laudari
1364 3464 1453 3492 ara-

213 3510 355 3553 bicum
384 3517 547 3562 Auara,
578 3514 600 3554 8
623 3513 704 3555 ἐστι
732 3512 831 3554 κατὰ
863 3511 1024 3567 Ἄραὸας
1048 3511 1113 3553 καὶ
1147 3511 1287 3567 Σύρους
1317 3511 1449 3564 λευκή.

217 3574 394 3629 (Steph.
416 3577 463 3615 B.
493 3589 532 3616 v.
562 3574 705 3631 Λὸαρα.
727 3575 793 3618 cf.
825 3575 1003 3617 Bochart
1021 3576 1075 3617 G.
1100 3576 1142 3617 S.
1166 3577 1223 3627 11,
1253 3588 1290 3627 1,
1314 3589 1353 3618 ε.
1375 3589 1451 3626 22;

215 3636 417 3679 Gesenius
438 3638 563 3679 Thes.
590 3654 626 3680 s.
659 3654 698 3680 v.
732 3653 808 3689 ‘an
843 3639 874 3694 ).
904 3638 1043 3680 Refert
1061 3638 1292 3695 Stephanus
1318 3642 1452 3681 Auara

213 3698 363 3741 urbem
374 3699 427 3740 ab
441 3703 564 3741 Areta
575 3702 732 3742 Obodae
751 3702 835 3743 filio
851 3702 1060 3743 conditam
1077 3717 1179 3754 esse,
1194 3700 1454 3758 fabulamque

215 3759 270 3803 de
282 3761 442 3816 origine
456 3760 571 3802 urbis
585 3761 715 3813 addit,
733 3779 781 3804 ex
795 3778 876 3819 qua
891 3764 1095 3818 colligitur
1109 3763 1161 3806 ad
1178 3766 1316 3807 Auara
1332 3762 1454 3806 fuisse

211 3821 298 3866 albi
315 3821 466 3865 coloris
485 3823 725 3879 scopulum3
748 3839 847 3865 num
871 3840 967 3866 vero
995 3827 1200 3867 maritima
1219 3825 1357 3876 suerit,
1378 3839 1454 3867 nec

212 3899 285 3938 ne,
304 3884 421 3937 urbs,
442 3893 484 3927 et
496 3899 674 3942 quanam
695 3887 736 3927 in
753 3888 919 3941 regione
938 3889 989 3929 sit
1004 3888 1257 3940 collocanda,
1276 3902 1360 3930 non
1372 3896 1452 3929 tra-

212 3946 346 3991 ditur.
366 3949 554 3991 Fortasse
577 3950 702 4004 igitur
728 3949 814 3991 haec
833 3953 968 3992 Auara
995 3951 1046 3991 ad
1071 3967 1147 3993 nos
1168 3952 1340 3994 omnino
1366 3965 1451 3993 non

215 4011 409 4065 pertinet.
428 4012 598 4054 Certum
631 4020 693 4054 est
713 4026 737 4053 a
760 4012 922 4069 Periplo
937 4013 1108 4055 alienam
1128 4030 1214 4057 esse
1234 4017 1371 4057 Auara
1394 4011 1453 4055 lo·

964 160 1246 208 ΑΝοΝΥΜι
1285 150 1601 220 (Annum,
1635 163 1720 212 m·
1752 165 2028 228 rmrrua)

1500 1082 1502 1085 ·
1527 1065 1728 1119 vigaveris
1745 1065 1884 1107 sinum
1899 1065 2154 1121 adjacentem
2168 1099 2180 1118 ,
2197 1067 2302 1110 alius
2329 1079 2391 1113 est

2682 171 2787 235 (u.)-

1531 285 1584 314 οι
1606 271 1707 315 locis
1742 273 1852 316 ebur
1876 274 2127 331 plurimum,
2158 274 2232 316 sed
2263 274 2479 318 Adulitico*
2500 275 2700 332 inferius,
2730 290 2772 327 α
2788 241 2799 247 —

1531 339 1773 383 rhinoceros
1797 350 1839 383 et
1857 341 2022 384 testudo
2039 351 2132 400 post
2157 342 2344 385 Indicam
2364 345 2534 399 insignis
2555 353 2596 388 et
2613 348 2771 406 naupm

1530 407 1766 464 paululum.
2758 440 2793 458 I.-

1593 476 1659 518 18.
1691 476 1746 517 Et
1759 475 1847 519 hae'c
1863 475 1949 519 sere
1961 477 2108 520 ultima
2134 488 2234 521 sunt
2254 481 2441 536 emporia
2457 483 2619 524 Azania:
2635 486 2798 531 conti-2:4-

1531 552 1692 603 nentis,
1729 566 1824 608 quae
1860 567 1884 594 a
1916 554 2114 596 Berenice
2138 555 2414 611 proficiscenti
2438 571 2464 599 a
2492 554 2650 601 'dextra
2690 560 2802 604 052⁸?

1528 632 1636 674 Nam
1675 641 1773 689 post
1808 632 1896 676 haec
1931 633 2022 677 loca
2052 649 2258 688 οεειιιιιε,
2293 637 2574 695 inexploratus
2608 640 2768 693 adhue,

1529 725 1673 755 versus
1690 727 1884 755 occasum
1905 714 2130 756 inflectitur
2158 724 2200 758 et
2218 714 2340 773 juxta
2363 731 2525 761 aversas
2554 718 2771 777 AEuuiopiae

1527 802 1571 835 et
1590 793 1733 849 Libyae
1750 802 1791 836 et
1806 793 1957 837 Africa
1984 803 2121 851 partes
2143 796 2433 840 meridionales
2454 807 2646 842 extensus
2661 802 2770 843 occi·

1529 871 1683 915 deutali
1701 875 1806 917 mari
1820 875 2129 918 commiscetur.
2791 861 2800 874 J

1588 967 1655 1008 19.
1680 956 1717 996 A
1747 954 1922 997 sinistris
1954 970 2052 997 vero
2082 958 2324 1011 Berenices,
2343 970 2563 1017 postquam
2592 976 2615 1004 a
2634 964 2772 1018 Myos-
2790 969 2808 985 '³

1527 1009 1678 1051 hormo
1698 1009 1816 1051 bidui
1844 1010 1907 1052 vel
1936 1010 2066 1052 tridui
2085 1025 2210 1054 cursu
2227 1014 2430 1058 orientem
2456 1031 2596 1059 versus
2624 1032 2771 1074 perna·
2790 1035 2808 1071 a>

2459 1081 2549 1114 rtus
2569 1081 2611 1115 et
2629 1073 2770 1116 castel·
2794 1073 2796 1080 '

1526 1120 1630 1172 lum,
1650 1119 1766 1177 quod
1783 1130 1954 1163 vocatur
1970 1124 2226 1164 Leucecome
2242 1124 2328 1166 sive
2429 1140 2478 1168 us
2500 1128 2630 1180 vicus,
2657 1129 2769 1170 unde

1527 1178 1592 1218 via
1642 1185 1706 1218 est
1744 1177 1786 1218 in
1832 1179 1996 1219 Petram
2041 1177 2189 1219 urbem
2232 1178 2287 1220 ad
2339 1181 2585 1235 Malicham,
2629 1198 2769 1239 regem

1527 1232 1838 1275 Nabataeorum.
1913 1232 2032 1275 Idem
2063 1248 2161 1275 vero
2189 1234 2305 1277 locus
2332 1236 2457 1278 etiam
2497 1241 2672 1294 emporii
2709 1242 2768 1282 vi·

1533 1406 1647 1442 cum,
1665 1393 1736 1447 qui
1761 1390 1874 1447 apud
1892 1391 2160 1433 Ptolemaeum
2190 1394 2246 1442 V,
2274 1406 2323 1447 17
2345 1394 2452 1435 inter
2474 1394 2770 1438 mediterranea
2789 1410 2808 1425 ³

1533 1454 1697 1496 Arabiae
1718 1456 1884 1496 Petraeoe
1903 1453 2071 1510 oppida,
2097 1469 2181 1495 non
2204 1455 2259 1496 ita
2275 1455 2394 1509 longe
2408 1471 2432 1497 a
2454 1458 2572 1499 Petra
2589 1458 2691 1499 urbe
2709 1457 2771 1499 di·
2788 1496 2791 1498 ,

1532 1518 1677 1570 stans(
1695 1520 1768 1557 660
1789 1515 1854 1559 10’
1869 1515 1980 1570 long.
2003 1527 2077 1570 290
2095 1515 2163 1566 40’
2180 1516 2251 1558 lat.
2268 1517 2301 1573 )‚
2319 1527 2555 1560 recensetur
2575 1519 2589 1574 (
2607 1522 2668 1561 Dc
2686 1535 2771 1576 quo
2793 1548 2808 1574 ·¹.

1533 1578 1587 1619 cs.
1611 1579 1716 1620 Tab.
1735 1579 1926 1632 Peuting.
1946 1580 2028 1628 XI,
2050 1580 2113 1628 D;
2139 1580 2270 1619 Notit.
2292 1578 2440 1633 dignit.
2461 1580 2527 1621 ed.
2550 1583 2768 1624 Panciroll.
2802 1607 2808 1614 -

1536 1645 1658 1682 1602.
1681 1640 1752 1683 sol.
1774 1655 1823 1695 91
1842 1671 1853 1691 ‚
1875 1641 1992 1682 Nilus
2005 1641 2235 1697 Doxopatr.
2254 1642 2296 1683 iu
2311 1644 2554 1685 Assemanni
2571 1644 2766 1688 Biblioth.
2799 1649 2808 1686 f

1531 1703 1693 1744 Orient.
1735 1711 1767 1744 t.
1810 1704 1898 1755 111,
1927 1718 1970 1760 p.
2006 1718 2064 1753 11,
2103 1700 2174 1744 ffil.
2202 1705 2344 1761 594),
2389 1719 2411 1746 a
2442 1708 2602 1748 Rittero
2632 1716 2770 1752 autem
2796 1690 2808 1759 fl

1533 1764 1661 1821 (XII,
1682 1780 1725 1821 p.
1752 1779 1844 1806 121.
1868 1765 1978 1823 127)
1999 1780 2215 1822 perperam
2238 1781 2334 1809 cum
2351 1776 2489 1810 nostra
2505 1772 2772 1826 componitur
2797 1749 2808 1817 l,

1532 1828 1669 1868 Leuce
1686 1828 1831 1878 Come,
1846 1842 1971 1883 quam
1991 1828 2235 1879 Bochartus‚
2257 1829 2516 1871 D'Anvillius
2534 1831 2694 1887 (Descr.
2714 1833 2772 1876 du
2802 1822 2808 1895 1

1526 1888 1637 1942 ςυζΙὲ
1663 1889 1798 1931 Arab.
1823 1890 1867 1931 in
1897 1892 2024 1932 Me'm.
2053 1905 2129 1931 sur
2149 1882 2339 1948 I'E‘gypte
2365 1906 2459 1935 ane.
2486 1894 2617 1936 Paris.
2647 1899 2768 1951 1766,
2805 1898 2808 1920 ¹

1529 1963 1571 2005 p.
1594 1951 1673 2000 243
1691 1950 1706 2008 )
1744 1959 1785 1993 et
1806 1949 2078 2005 Quatremere
2096 1953 2113 2006 (
2132 1953 2327 1994 Me'moire
2356 1969 2432 1995 sur·
2462 1955 2518 1997 les
2537 1957 2772 2001 Nabaeeens

1530 2013 1572 2053 in
1587 2014 1764 2055 Journal
1779 2014 2005 2071 Asiaeique
2038 2015 2142 2056 1835
2164 2023 2266 2056 tom.
2292 2016 2388 2067 XV,
2406 2030 2449 2072 p.
2476 2021 2525 2059 16
2547 2018 2562 2075 )
2598 2026 2639 2061 et
2666 2020 2772 2063 Νοὸί

1528 2074 1786 2130 desVergers
1796 2076 1973 2130 (At-ahie
1984 2091 2026 2133 p.
2044 2077 2360 2131 58)etRitterus
2379 2078 2492 2134 (XII,
2506 2093 2550 2136 p.
2571 2082 2647 2123 123
2657 2083 2771 2139 sqq.)

1529 2137 1572 2178 in
1588 2137 1790 2179 hodierna
1811 2141 1990 2180 Hauara
2020 2146 2145 2195 portu
2166 2148 2277 2181 recte
2306 2140 2408 2182 mihi
2435 2141 2628 2184 videntur
2645 2158 2771 2198 agno·

1527 2213 1656 2241 scere.
1679 2201 1924 2242 Mannertus
1956 2201 2063 2256 (vl,
2089 2214 2127 2251 1,
2144 2214 2187 2257 p.
2216 2201 2264 2243 51
2282 2200 2295 2257 )
2316 2200 2368 2242 de
2386 2201 2487 2244 hod.
2510 2204 2645 2246 Janbo
2658 2207 2770 2260 cogi·

1529 2262 1644 2311 tavit,
1662 2262 1931 2316 Gosselinus(
1950 2261 2004 2303 ad
2019 2276 2125 2305 vers.
2143 2262 2237 2317 gall.
2253 2263 2446 2306 strabon.
2468 2273 2500 2308 t.
2516 2267 2573 2318 V,
2593 2280 2636 2323 p.
2658 2268 2768 2325 292)

1527 2332 1568 2365 et
1599 2323 1771 2366 Jomard
1805 2315 1994 2380 (leudes
2015 2328 2152 2378 gc'ogr.
2175 2339 2252 2366 sur
2279 2325 2480 2377 l'Arabie,
2501 2341 2545 2384 p.
2584 2330 2661 2380 143
2686 2330 2771 2385 )de

1527 2387 1705 2435 Moilala,
1743 2387 1977 2428 Vincentus
2014 2389 2030 2440 (
2054 2387 2082 2429 l.
2099 2386 2128 2428 l.
2161 2389 2218 2437 11,
2241 2402 2285 2443 p.
2320 2389 2400 2430 258
2422 2389 2436 2445 )
2472 2397 2512 2431 et
2542 2390 2766 2435 Wellsted.

1529 2451 1546 2503 (
1574 2453 1701 2492 Trav.
1728 2450 1771 2491 in
1793 2450 1947 2500 Arab„
1973 2451 2036 2502 H,
2060 2463 2104 2507 p.
2133 2450 2241 2507 ¹37)
2268 2449 2320 2493 de
2339 2450 2519 2504 Aimme,
2547 2453 2770 2499 Reicbhan·

1528 2511 1607 2553 dus
1628 2511 1681 2553 de
1714 2511 1876 2554 Israhel
1898 2516 2053 2562 Antar,
2090 2512 2267 2571 Rt'ippell
2297 2516 2314 2569 (
2337 2515 2452 2557 Reise
2482 2515 2526 2558 ἰιι
2551 2517 2706 2574 Abyss.
2729 2520 2766 2572 1,

1527 2588 1570 2630 p.
1595 2576 1676 2624 248
1697 2574 1712 2631 )
1751 2574 1803 2616 de
1831 2574 1933 2617 hod.
1974 2575 2135 2632 Wedjh.
2168 2578 2548 2630 Quas-sententias
2563 2594 2640 2622 cur
2675 2589 2770 2638 post

1527 2638 1734 2678 Ritterum
1769 2636 1911 2678 denuo
1933 2638 1975 2678 in
1998 2652 2170 2679 examen
2201 2653 2410 2691 vocemus,
2437 2655 2558 2683 causa
2584 2656 2669 2684 non
2688 2652 2765 2687 est.
2791 2645 2795 2649 ’

1527 2701 1589 2740 De
1611 2699 1816 2740 hodierno
1839 2702 2018 2741 Hauara
2051 2699 2144 2741 vide
2175 2699 2312 2742 Edrisi
2339 2703 2380 2752 1,
2413 2716 2456 2759 p.
2478 2703 2559 2745 332
2572 2734 2586 2756 ,
2607 2704 2680 2747 ubi
2704 2721 2768 2749 re-

1525 2770 1775 2803 censentur:
1800 2761 1841 2802 e!
1863 2751 2007 2803 Aouid
2022 2770 2167 2818 portus
2195 2778 2219 2804 e
2241 2765 2407 2818 regione
2426 2768 2588 2808 Nomas:
2607 2767 2766 2822 insulae,
2803 2779 2808 2783 ⁴

1525 2823 1677 2865 deinde
1692 2822 1909 2866 meridiem
1921 2838 2062 2866 versus
2086 2827 2196 2867 Tena
2210 2834 2369 2881 portus,
2394 2835 2483 2869 tum
2498 2828 2653 2885 Araus.
2676 2839 2766 2875 tum
2787 2837 2788 2840 ’
2805 2855 2808 2856 ⁷

1527 2889 1691 2938 Ham-a,
1727 2907 1745 2923 ι
1770 2886 1903 2941 bourg
1934 2885 2072 2928 habite
2092 2901 2167 2943 par
2184 2887 2256 2928 dee
2277 2888 2427 2930 chet-iss
2455 2890 2527 2945 qui
2548 2890 2779 2947 possedeat
2806 2898 2808 2903 '

1525 2949 1629 2991 dans
1656 2950 1747 2991 leur
1777 2949 1984 3007 voisinage
2011 2962 2094 2991 une
2123 2950 2234 2992 mine
2274 2948 2329 2991 οὺ
2354 2950 2400 2992 ils
2426 2950 2662 3009 fabriquent
2694 2954 2766 3000 den

1526 3027 1640 3054 vasoe
1651 3028 1702 3054 en
1727 3021 1850 3063 terre,
1875 3012 1947 3067 qui
1966 3011 2055 3054 sont
2070 3026 2127 3054 un
2151 3011 2263 3068 objet
2284 3012 2565 3057 considerable
2578 3014 2766 3075 d'expor-

1526 3077 1671 3116 tation.
1702 3077 1796 3116 Non
1829 3074 1912 3115 loin
1935 3082 1976 3115 et
2007 3088 2060 3115 au
2083 3073 2185 3115 midi
2207 3073 2260 3115 de
2281 3089 2328 3116 ce
2359 3074 2493 3130 bourg
2510 3084 2571 3118 est
2589 3076 2627 3119 la
2645 3093 2764 3123 mou·

1526 3145 1646 3191 tagne
1677 3135 1729 3177 de
1755 3135 1971 3177 Radhoua.
2000 3155 2017 3171 ι
2045 3137 2080 3176 Ε
2099 3137 2267 3189 regione
2292 3138 2442 3177 Ham-a
2463 3136 2541 3179 loci
2563 3138 2668 3195 (qui
2693 3156 2761 3184 vo·

1525 3207 1643 3239 catur
1665 3200 1786 3239 etiam
1817 3197 2158 3238 Dar-caeselian.
2192 3198 2247 3237 V.
2283 3197 2491 3240 Wellsted
2534 3202 2661 3244 va.
2696 3205 2763 3256 11,

1523 3274 1567 3316 p.
1598 3261 1674 3301 158
1702 3262 1718 3313 )
1741 3259 1872 3300 insula
1887 3257 1995 3314 jacet
2015 3258 2216 3308 Hassani,
2240 3258 2334 3301 albo
2357 3274 2434 3302 suo
2448 3260 2587 3304 colore
2600 3266 2763 3323 conspi-

1523 3337 1601 3364 cua
1627 3322 1823 3379 (Scetzen
1849 3322 1890 3362 in
1914 3323 2075 3363 Manae.
2095 3321 2356 3378 Correspond.
2387 3324 2508 3375 1813,
2531 3332 2564 3366 t.
2581 3325 2770 3382 xxvu,

1524 3400 1568 3442 p.
1601 3386 1652 3440 75
1672 3386 1704 3442 ),
1726 3385 1777 3426 ad
1796 3385 2094 3426 extremitatem
2116 3383 2428 3428 meridionalem
2449 3386 2564 3430 sinus
2584 3388 2726 3446 scopul

1523 3447 1856 3504 periculosissimi
1888 3447 1971 3501 (V.
1994 3445 2290 3501 Agatharchid.
2312 3462 2353 3504 p.
2382 3449 2495 3506 182),
2517 3449 2634 3506 cujus
2653 3449 2742 3508 trgi

1524 3510 1659 3551 ciendi
1681 3511 1959 3552 necessitatem
1981 3509 2248 3551 adventantes
2262 3525 2313 3552 ex
2332 3511 2485 3554 Arabia
2506 3521 2641 3555 nauta:
2659 3513 2722 3556 eff
2752 3527 2764 3535 ²

1523 3573 1687 3627 giebant
1715 3575 1869 3614 Leuces
1893 3574 2040 3613 Comes
2059 3573 2140 3613 situ
2160 3581 2490 3628 peropportuno.
2524 3575 2680 3618 Ruinas

1524 3638 1674 3677 mmm
1685 3644 1843 3677 exstare
1854 3634 2310 3678 audivitWellstedius.
2332 3637 2421 3690 11-
2438 3639 2503 3687 14.
2522 3635 2662 3694 ὁδὸς]
2674 3638 2764 3682 Voo'

1523 3714 1614 3740 cem
1644 3698 1888 3755 supplerunt
1911 3697 2123 3739 Fabricius
2143 3706 2184 3739 et
2198 3697 2494 3742 Schwanbeck.
2518 3713 2562 3756 p.
2582 3701 2678 3750 341.
2759 3695 2765 3702 ”

1523 3776 1570 3802 re
1592 3761 1646 3803 cs.
1665 3761 1858 3803 Strabon.
1878 3760 1907 3802 l.
1929 3759 1957 3802 l.
1978 3769 2019 3802 et
2030 3768 2119 3802 not.
2139 3758 2192 3801 ad
2211 3760 2558 3814 Agathan-ebidem
2573 3762 2600 3805 l.
2618 3762 2645 3805 l.
2668 3764 2686 3819 ΙΙ
2707 3814 2710 3817 ι

1528 3825 1594 3865 15.
1619 3823 1857 3879 Μαλίχαν
1881 3824 1896 3879 ]
1919 3825 2071 3878 Regem
2089 3820 2212 3878 hujus
2231 3823 2435 3876 nominis,
2457 3825 2529 3880 qui
2558 3825 2600 3867 in
2620 3825 2661 3867 N
2718 3870 2730 3878 Ι
2794 3866 2795 3873 ,

1522 3895 1707 3942 tempora
1731 3886 1866 3937 cadat,
1898 3884 2065 3928 aliunde
2094 3899 2181 3927 non
2208 3886 2414 3928 novimus.
2450 3886 2547 3943 (De
2568 3886 2655 3929 aliis
2757 3927 2766 3944 ‚

1522 3950 1638 3991 lichis
1658 3951 1741 3991 sive
1754 3949 1940 4000 Malchis„
1960 3947 2250 3990 Nabataeorum
2270 3947 2450 4002 regibus,
2472 3948 2566 3991 vide
2584 3940 2808 3992 interca-³³⁴

1496 4010 1499 4012 ’
1522 4013 1607 4054 lum
1633 4028 1699 4069 ap.
1730 4014 1925 4054 Vincent.
1947 4013 2012 4063 11,
2044 4024 2087 4067 p.
2115 3998 2213 4066 273.
2240 4009 2305 4053 Cf.
2330 4008 2603 4065 Quatremere
2620 4007 2651 4053 l.
2671 4007 2752 4074 Ι...)
