2808 4342
687 109 734 156 Ο

227 211 320 252 8⁰0

122 306 132 317 ⁶
213 305 367 368 ·ἕτερος
381 252 564 355 τόποςῖὸ
578 300 729 362 Κομὰρ
746 297 980 359 λεγόμενον,
997 298 1040 342 ἐν
1055 289 1092 359 ᾧ
1110 294 1226 358 τόπῳ
1245 294 1430 359 βριάριόν
1443 298 1468 322 ⁸

234 376 324 422 ἰστι
345 372 416 419 καὶ
438 370 589 432 λιμὴν,
607 371 664 421 εἰς
682 367 728 414 ὃν
753 369 791 412 ot
815 363 1056 427 βουλόμενοι
1077 365 1148 411 τδν
1171 363 1472 424 pinon-aab-

231 446 316 496 τοῖς
346 442 492 505 χρόνον
523 439 624 501 ἱεροὶ
649 435 836 498 γενέσθαι
867 433 1084 497 ἐρχόμενοι
1106 431 1379 480 ἀπολούονται
1400 435 1473 481 καὶ

228 517 351 576 χῆροι
371 511 557 572 μένωσιν
579 509 719 552 αὗτοῧ·
733 503 780 551 τὸ
797 501 841 549 δὲ
859 503 961 550 αὐτὸ
976 502 1048 550 καὶ
1065 504 1268 565 γυναῖκες·
1287 505 1465 567 ἱστορεῖ·

184 595 207 624 ε
227 600 297 628 ται
314 582 395 642 γὰρ
416 577 491 632 τὴν
511 575 599 622 θεὸν
620 575 704 620 ἐκεῖ
722 573 936 633 ἐπιμεῖναι
962 571 1072 620 κατά
1097 591 1190 620 τινα
1212 572 1361 637 χρόνον
1396 573 1468 620 καὶ

228 648 541 695 ἀπολελοῦσθαι.

292 733 346 762 ιο.
384 712 486 760 Ἀπὸ
507 711 551 759 δὲ
584 715 658 758 τοῦ
683 709 874 774 Κομαρεὶ
903 710 1140 759 ἐκτείνουσα
1161 711 1292 776 (πρὸς
1310 711 1379 759 τὸν
1405 710 1471 758 νό·

226 784 323 843 τον)
342 782 462 843 χώρα
480 779 608 843 μέχρι
630 778 825 842 Κόλχων,
841 771 927 843 ἕνῇ
946 778 1203 840 κολύμὸησις
1219 783 1290 826 τοῦ
1308 783 1471 826 πινικοῧ

226 849 334 896 ἐστίν
350 867 362 879 ·
379 847 462 895 ἀπὸ
495 847 537 894 δὲ
566 847 879 911 κατακρισίμων
918 847 1242 911 κατεργάζεται·
1286 846 1366 893 ὕπὸ
1395 847 1466 894 τὸν

167 934 206 966 ιο
228 917 403 983 βασιλέα
424 916 634 965 Πανδίονᾶ
655 918 760 963 ἔστι.
829 915 955 964 Μετὰ
973 915 1017 963 δὲ
1044 916 1231 982 Κόλχους
1257 915 1471 982 ἐκδέχεται

224 985 630 1051 πρότεροςάἷγιαλὸς
650 988 690 1032 ἓν
710 986 853 1048 κόλπῳ
873 985 1078 1045 κείμενος,
1106 984 1213 1046 ἔχων
1239 986 1374 1046 χῶρον
1402 1002 1470 1044 με-

226 1055 406 1118 σόγειον,
428 1057 649 1117 λεγόμενον
673 1055 886 1118 Ἀργάλου·
919 1056 961 1100 ἐν
995 1053 1053 1100 ἑνὶ
1074 1054 1188 1115 τόπῳ
1202 1056 1224 1078 *
1247 1052 1471 1115 τερονεῖται

226 1229 352 1273 quem
370 1216 414 1258 in
433 1216 537 1258 meis
548 1215 709 1271 mappis
724 1228 810 1256 non
826 1214 1009 1256 invenio.
1031 1214 1047 1268 Ι]
1062 1237 1121 1245 --
1140 1226 1178 1255 1.
1197 1212 1250 1254 τὶ)
1271 1212 1332 1253 Κο
1346 1210 1406 1268 μὰ
1419 1212 1469 1267 ρ]

225 1288 366 1335 postea
382 1278 509 1321 habes
528 1277 715 1334 Κομαρεὶ,
737 1275 852 1334 quod
870 1277 995 1318 etiam
1007 1276 1053 1318 h.
1070 1276 1100 1318 l.
1120 1275 1245 1318 fuerit
1269 1289 1474 1331 reponen-

225 1341 343 1383 dum.
365 1345 455 1397 11-
470 1342 523 1397 βρ
534 1342 579 1382 ιά
592 1356 668 1397 ριο
680 1356 701 1382 ν
720 1341 736 1396 ]
758 1347 977 1395 corrupte;
994 1338 1172 1395 φροῦριον
1183 1336 1293 1393 conj.
1309 1336 1470 1387 Stuck.;

227 1403 329 1460 ἱερὸν
349 1406 502 1446 Lassen
519 1406 557 1455 1,
587 1417 632 1459 p.
662 1403 739 1457 159
759 1411 801 1444 et
818 1401 1099 1444 Schwanbeck
1119 1416 1162 1458 p.
1195 1401 1294 1451 330,
1319 1401 1469 1456 aptius,

225 1480 480 1521 quamquam
502 1466 665 1507 mireris
679 1465 936 1507 notissimam
952 1477 1096 1506 vocem
1111 1471 1197 1505 tam
1219 1463 1322 1504 mire
1336 1462 1474 1503 detor·

225 1536 326 1570 tam.
361 1529 533 1570 Fuerit:
570 1527 610 1569 ἐν
632 1525 667 1585 ᾧ
693 1528 739 1569 τὸ
762 1526 937 1583 Κομαρεὶ
958 1526 1075 1582 ἄκρον
1107 1525 1174 1568 καὶ
1209 1524 1346 1580 λιμήν.
1377 1526 1393 1578 ΙΙ
1415 1548 1472 1556 --

229 1590 271 1631 3.
296 1590 475 1645 γενέσθαι
503 1592 622 1646 χῆροι
658 1590 835 1645 μένουσιν
866 1587 1000 1639 αὐτοῦ,
1035 1587 1122 1630 ἐκεῖ
1148 1587 1356 1643 ἐρχόμενοι
1381 1585 1475 1628 ἀπο-

225 1651 409 1693 λοῦονται
439 1651 593 1703 codex;
624 1650 754 1707 ejecta
779 1666 819 1692 ν.
855 1650 936 1700 καὶ,
964 1650 1219 1707 transposuit
1241 1649 1468 1691 Fabricius.

231 1719 246 1763 Ι
271 1736 329 1744 -
360 1712 401 1754 5.
424 1710 496 1764 τὴν
521 1713 608 1755 θεὸν
639 1711 726 1755 ἐκεῖ
744 1712 807 1755 ἐπὶ
840 1716 964 1768 μῆνας
984 1713 1083 1755 κατά
1108 1726 1196 1753 τινα
1217 1711 1362 1767 χρόνον
1393 1709 1478 1752 ἐκεῖ

226 1773 514 1817 ἅπολελοῦσθαι
530 1775 663 1818 codex
677 1793 689 1828 3
711 1790 793 1819 em.
818 1774 1114 1818 Schwanbeck.
1132 1776 1220 1816 Dea
1233 1782 1372 1835 autem
1386 1788 1469 1816 sec.

224 1837 399 1880 Bohlen.
437 1837 537 1880 Ind.
572 1840 609 1890 1,
643 1853 688 1895 p.
710 1852 764 1893 27
805 1846 867 1879 est
902 1837 1003 1879 Kali
1017 1869 1028 1886 ,
1054 1835 1116 1878 vel
1141 1844 1189 1878 ut
1216 1836 1471 1893 probabilius

225 1907 365 1941 censet
383 1901 552 1941 Iassen.
578 1898 775 1942 Iud-Ale.
803 1901 838 1949 Ι,
860 1913 903 1955 p.
937 1899 1015 1942 158
1035 1898 1226 1948 Ku‘mari,
1250 1899 1354 1941 Sivae
1373 1913 1472 1940 con-

221 1961 314 2017 jux.
349 1961 626 2018 Exspectabas
653 1976 805 2003 nomen
838 1960 926 2003 deae
951 1962 994 2002 in
1030 1960 1190 2018 periplo
1222 1962 1468 2012 memorari;

228 2038 357 2080 quare
378 2025 558 2067 scribere
579 2026 718 2067 malim
747 2039 756 2066 :
778 2023 848 2076 τὴν
873 2024 960 2066 θεὸν
977 2024 1148 2081 Κομαρεὶ
1171 2025 1354 2080 μείνασαν
1373 2026 1471 2067 κατά

227 2101 263 2128 τ.
288 2102 355 2143 χρ.
385 2086 471 2129 ἐκεῖ
482 2086 646 2130 ἀπολελ.

283 2151 308 2203 S
336 2154 420 2201 59,
453 2150 481 2192 l.
512 2165 554 2205 7.
591 2149 885 2191 ἐκτείνουσα
919 2148 1036 2205 πρὸς
1058 2164 1093 2191 τ.
1129 2150 1271 2191 νότον
1299 2152 1467 2207 χώρα]

227 2210 366 2253 Verba
381 2211 474 2266 πρὸς
490 2211 559 2253 τὸν
577 2211 689 2252 νότον
709 2210 842 2252 codex
858 2210 982 2251 habet
1003 2218 1097 2266 post
1114 2224 1153 2252 v.
1174 2212 1467 2267 κατεργάζεται.

226 2274 291 2314 Ex
307 2287 402 2315 vera
420 2273 609 2315 locorum
623 2274 784 2314 ratione
798 2271 1026 2314 dicendum
1040 2280 1129 2314 erat
1145 2272 1238 2328 πρὸς
1255 2271 1468 2326 ἀνατολὴν,

222 2343 268 2376 at
282 2349 375 2391 quae
395 2340 490 2392 post
506 2334 718 2391 Nelcynda
734 2336 972 2390 emporium
988 2343 1220 2390 sequuntur
1234 2350 1370 2392 neque
1385 2337 1471 2393 ipse

226 2396 330 2438 vidit
347 2405 507 2448 auctor,
542 2411 678 2453 neque
699 2397 753 2438 ab
774 2396 862 2438 aliis
881 2397 1139 2438 accuratiora
1159 2398 1332 2453 accepit,
1366 2398 1471 2442 adeo

225 2468 272 2500 ut
301 2458 529 2501 admodum
552 2474 653 2515 vaga
685 2460 738 2501 sit
758 2458 1006 2516 descriptio,
1026 2473 1152 2515 quam
1188 2459 1354 2502 erudire
1385 2477 1470 2504 non

225 2523 356 2564 nostri
371 2531 447 2565 ωε.
467 2523 713 2564 Mannertus
733 2523 790 2573 V,
818 2536 856 2573 1,
883 2537 927 2579 p.
946 2522 1026 2564 223
1050 2530 1097 2564 ut
1125 2522 1261 2565 verbis
1282 2523 1374 2579 πρὸς
1402 2525 1469 2566 τὸν

225 2584 339 2625 νότον
372 2598 539 2625 sensum
573 2585 848 2640 intorqueret,
892 2592 1105 2626 auctorem
1141 2584 1195 2627 ab
1226 2585 1469 2629 occidentali

224 2645 378 2687 Indicae
409 2645 635 2702 peninsulae
662 2646 787 2687 latere
811 2646 950 2688 subito
972 2646 1210 2689 transiliisse
1230 2649 1387 2689 censuit
1417 2650 1468 2691 ad

227 2708 331 2748 latus
360 2708 637 2758 occidentale;
658 2724 707 2751 ac
731 2709 904 2765 Καμαρεὶ
918 2724 1003 2751 non
1037 2709 1138 2751 hod.
1162 2710 1346 2751 Comorin
1368 2711 1466 2763 dici,

224 2769 295 2810 sed
317 2772 650 2825 promontorium
676 2771 889 2826 Calymne,
925 2787 950 2813 a
967 2786 1053 2827 quo
1082 2771 1299 2814 meridiem
1329 2787 1480 2816 versus·

225 2831 450 2872 Pandionis
470 2847 643 2886 regnum
662 2835 901 2888 pertineret.
915 2835 1038 2875 Mitto
1056 2833 1205 2875 similia
1221 2834 1396 2877 aliorum
1410 2836 1471 2878 lu-

227 2891 375 2934 dibria.
399 2894 591 2934 Ceterum
615 2896 749 2935 oratio
766 2896 807 2935 in
829 2895 987 2936 laciniis
1008 2897 1160 2937 nostris
1180 2896 1353 2939 vacillat.
1375 2899 1390 2951 ΙΙ
1412 2923 1470 2935 -—

227 2956 268 2997 3.
293 2956 381 3010 μέγ,
394 2970 436 3010 ρι
460 2955 489 2995 Κ
500 2955 687 3011 όλχων]
707 2959 768 2997 De
783 2956 1032 2998 Colchorum
1047 2959 1129 2999 situ
1143 2973 1289 3011 magna
1305 2969 1468 3003 senten·

226 3016 377 3057 tiarum
406 3017 593 3058 varietas.
624 3017 784 3070 Quodsi
809 3017 931 3059 verba
954 3019 1103 3074 Peripli
1126 3021 1355 3074 sequimur,
1377 3024 1469 3065 Col·

226 3077 294 3119 chi
310 3085 430 3120 erant
448 3076 501 3119 ad
521 3078 701 3119 confinia
731 3086 886 3120 tractus
907 3080 1129 3135 sequentis,
1156 3081 1197 3120 in
1218 3094 1303 3134 quo
1338 3081 1468 3137 Ἀργά-

222 3138 298 3181 λου
318 3139 457 3182 locum
490 3140 642 3182 Noster
663 3148 882 3190 memorat,
901 3148 940 3180 et
954 3153 1078 3195 quem
1099 3141 1342 3183 ptoloma-us
1367 3145 1466 3187 dicit

224 3202 364 3243 sinum
392 3202 639 3256 Argaricum
674 3216 747 3244 seu
782 3203 1003 3258 Agaricum
1040 3204 1331 3260 (Palkslmi),
1358 3209 1466 3264 Cory

222 3264 544 3321 promontorio(
571 3263 615 3306 h.
645 3267 1001 3320 numanam-Kar)
1023 3281 1047 3308 a
1069 3267 1164 3308 sinu
1180 3266 1374 3309 Colchico
1403 3270 1466 3311 ‹li-

224 3334 420 3368 remtum.
456 3325 616 3368 Eodem
650 3325 762 3378 facit,
797 3326 912 3383 quod
947 3330 1258 3385 margaritarum
1295 3332 1467 3389 piscatio

224 3389 403 3430 maxime
425 3389 604 3444 pertinet
628 3388 680 3431 ad
700 3388 903 3445 objectam
923 3392 1032 3448 Cory
1048 3392 1337 3448 promontorio
1353 3395 1465 3436 insu·

224 3449 307 3491 lam
330 3453 527 3493 Marmar.
546 3454 678 3494 Porro
694 3466 825 3508 quum
848 3454 1071 3511 Dionysius
1086 3456 1179 3497 Per.
1205 3468 1220 3496 1
1233 3457 1309 3505 148
1325 3454 1434 3499 dicat
1452 3471 1462 3500 :

224 3511 326 3566 παρὰ
345 3513 513 3568 τέρματα
532 3514 705 3563 Κωλίδος
721 3513 806 3567 αἴης
825 3515 1007 3570 itemque
1026 3530 1064 3556 v.
1094 3517 1174 3571 592
1190 3517 1463 3573 Taprobanen

226 3574 398 3628 appellet
422 3575 620 3625 Κωλιάδος
651 3578 828 3633 μεγάλην
848 3581 982 3630 νῆσον,
1007 3593 1083 3620 nec
1110 3594 1195 3621 non
1216 3579 1364 3622 Strabo
1389 3581 1467 3622 Κω-

225 3633 382 3683 λιακοὶις
401 3639 416 3688 (
441 3637 658 3687 Koma-tob<
690 3638 815 3681 codd.
838 3643 852 3693 )
875 3655 897 3681 e
922 3641 1089 3695 regione
1105 3641 1370 3699 Taprobanes
1383 3644 1464 3686 col-

222 3694 434 3746 locaverit,
474 3700 715 3741 Ptolemaeus
743 3700 923 3757 denique
943 3702 1089 3746 habeat
1112 3703 1221 3761 Κῶρυ
1252 3704 1369 3760 ἄκρον
1401 3707 1464 3746 καὶ

225 3756 466 3815 Καλλιγικόν
487 3761 504 3813 (
526 3771 709 3817 corrupt.
743 3778 791 3803 ex
834 3763 1036 3806 Κωλιακόν
1057 3770 1073 3820 )
1096 3779 1106 3807 2
1128 3765 1240 3809 baud
1257 3766 1466 3823 improba·

226 3818 363 3862 biliter
398 3835 518 3863 voces
551 3822 682 3878 Κῶρυ,
718 3825 863 3875 Κωλὶς,
898 3827 1047 3883 Κόλχοι
1074 3826 1258 3883 ejusdem
1285 3830 1464 3871 nominis

227 3882 358 3925 varias
377 3882 531 3926 formas
554 3899 642 3927 csse
663 3898 800 3929 censet
822 3889 1076 3943 Vince-nus;
1099 3899 1139 3932 et
1159 3905 1292 3949 quum
1315 3891 1357 3933 in
1385 3893 1463 3933 llu-

225 3944 438 3988 ›ni-ceram
454 3947 508 3988 sit
523 3948 748 3990 Romi-coil
761 3951 777 4003 (
795 3951 910 3991 Rami
930 3952 1125 4007 templum
1149 3953 1181 4009 ¹),
1208 3954 1249 3995 in
1266 3968 1317 3995 eo
1331 3954 1463 4011 ipsum

227 4005 378 4063 Κόλχοι
398 4007 536 4051 locum
565 4011 761 4068 reperisse
789 4012 864 4053 sibi
888 4012 1063 4056 videtur.
1094 4015 1186 4068 Alii,
1212 4025 1255 4058 ut
1277 4015 1464 4059 ιΙἋηνίΙ·

969 193 1257 242 anonym
1293 178 1602 256 (samam,
1638 196 1721 246 m·
1754 199 2025 260 raama)

2617 201 2762 264 (³³33

1541 304 1646 349 alius
1657 308 1845 364 sequitur
1858 307 1973 351 locus
1989 309 2155 351 Comari
2165 307 2316 359 dictus,
2335 309 2405 350 ubi
2425 310 2671 368 Chmaripm
2743 312 2754 322 ⁴

1543 372 1696 416 coriam
1711 382 1773 416 est
1792 388 1842 417 ae
1858 383 2020 431 portus,
2041 374 2095 418 ad
2112 390 2238 432 quem
2266 378 2338 432 qui
2370 391 2445 433 per
2466 377 2671 434 reliquum
2707 430 2725 444 l
2756 431 2758 433 .

1541 446 1705 498 tempus
1738 442 1844 484 sacri
1872 456 1960 484 ease
1991 442 2152 493 volunt,
2186 442 2447 486 conferentes
2478 459 2523 487 se
2554 445 2739 488 abluo.»
2756 459 2766 496 ss

1543 508 1684 566 ibique
1713 518 1928 553 remanent
1958 510 2089 554 vidui.
2148 510 2267 554 Idem
2302 513 2495 556 mulieres
2526 529 2695 571 quoque
2725 511 2768 576 ⁴

1541 576 1683 627 ciunt;
1704 575 1891 619 videlicet
1908 577 1987 620 dea
2000 577 2222 635 aliquando
2243 579 2300 621 ib·
2323 590 2579 624 commorata
2597 593 2637 624 et
2652 583 2708 626 lat
2738 575 2753 621 ἰ’

1544 656 1631 685 esse
1648 642 1908 699 perhibetur.
2753 659 2755 661 ·

1599 709 1669 764 59.
1699 712 1738 753 Α
1758 711 1926 753 Comari
1948 710 2196 766 (meridiem
2220 712 2389 768 versus)
2412 715 2525 769 regio
2546 715 2731 759 extendit

1543 791 1673 834 usque
1702 776 1756 820 ad
1788 778 1987 831 Colchos,
2021 778 2075 821 ad
2109 794 2235 836 quam
2265 781 2579 835 margaritarum
2611 784 2750 839 pisca

1541 854 1624 896 αις
1659 844 1925 888 condemnati
1955 847 1991 888 ei
2025 860 2195 903 operam
2230 856 2406 899 navant;
2438 849 2489 890 ad
2525 849 2704 894 Pandio
2725 882 2739 888 -

1542 928 1681 969 regem
1713 915 1929 976 pertinet.-
1965 917 2065 958 Post
2086 916 2263 959 Colchos
2288 926 2425 960 autem
2457 919 2569 961 aliud
2598 922 2734 977 sequi·
2761 919 2770 932 '

1541 982 1637 1024 litus
1665 983 1708 1023 in
1729 983 1825 1023 sinu
1853 983 2062 1038 positum,
2086 984 2224 1027 locum
2248 986 2404 1029 habens
2435 988 2711 1032 meditem-ane

1542 1051 1610 1092 cui
1630 1049 1769 1105 Argali
1785 1063 1954 1092 nomen.
2013 1052 2063 1091 In
2082 1064 2168 1092 uno
2183 1051 2262 1094 hoc
2282 1053 2373 1095 loco
2389 1066 2537 1097 nentur
2555 1060 2746 1112 margarit

1547 1209 1640 1260 lius,
1662 1207 1836 1259 Rennel,
1860 1207 2094 1249 Robertson
2124 1208 2301 1252 Colchos
2318 1221 2482 1266 ponunt
2499 1214 2573 1260 ubi
2590 1230 2704 1258 nunc

1546 1271 1759 1313 Cillecarre
1786 1270 1902 1312 locus
1940 1270 2048 1312 infra
2073 1272 2183 1327 Cory
2213 1286 2351 1328 prom.
2392 1288 2532 1317 versus
2570 1279 2757 1321 meridie

1545 1334 1673 1375 fluvio
1706 1332 1913 1389 adjacens.
1950 1332 2080 1375 Aliter
2114 1334 2380 1378 statuendum
2411 1345 2494 1388 est,
2524 1339 2558 1380 si
2578 1340 2754 1383 Ptolem'

1542 1397 1723 1439 rationes
1740 1397 1861 1452 sequi
1880 1396 2070 1447 mavelis;
2095 1397 2129 1438 is
2151 1398 2263 1439 enim
2282 1398 2455 1441 Colchus
2476 1402 2518 1443 in
2539 1402 2678 1446 medio
2691 1405 2741 1446 sit

1543 1457 1739 1501 Colchico
1758 1457 1944 1500 collocat.
1965 1460 2028 1500 Ita
2050 1458 2174 1501 babet
2194 1461 2292 1510 vlt,
2315 1474 2352 1512 1,
2376 1475 2424 1504 ιο
2448 1475 2457 1504 :
2758 1463 2763 1468 ’

1584 1545 1737 1600 Καρέων
1761 1542 1801 1585 ἐν
1817 1544 1953 1600 κόλπῳ
1974 1545 2176 1602 Κολχικῷ,
2200 1545 2239 1587 ἐν
2254 1543 2289 1603 ᾧ
2317 1547 2553 1604 κολῦμὸησις
2576 1557 2739 1596 πινικοῦ.
2764 1579 2769 1594 ,·

1653 1633 1891 1689 Σωσίκουραι
1913 1635 1930 1687 (
1954 1633 2231 1688 Tueicorin.·’)

1657 1694 1807 1750 Κόλχοι
1826 1696 1843 1749 (
1862 1694 2007 1751 C'oile’)
2031 1693 2230 1751 ἐμπόριον,
2325 1701 2491 1739 1220-
2510 1703 2581 1743 15⁰

1654 1756 1838 1809 Σιωλῆνος
1857 1771 1943 1799 ποτ.
1966 1755 2124 1798 ἐκδολαί
2327 1763 2425 1811 124⁰
2437 1786 2495 1794 —
2513 1766 2584 1814 14⁰

1541 1837 1771 1881 secundum
1803 1852 1896 1895 quae
1931 1838 2074 1881 Colchi
2108 1841 2387 1896 componendi
2418 1842 2553 1887 forent
2594 1847 2657 1891 vel
2697 1871 2713 1886 ε
2754 1877 2769 1885 -,

1546 1901 1780 1952 Tutikon'n,
1798 1901 1877 1951 vel,
1902 1900 2015 1957 quod
2032 1902 2188 1954 malim,
2206 1917 2302 1944 cum
2323 1905 2423 1957 Coil,
2441 1907 2556 1963 quod
2569 1911 2724 1954 noul·v
2744 1942 2758 1963 ⁴·

1540 1977 1565 2004 a
1586 1963 1804 2005 Tutikorin
1822 1963 1962 2015 distat,
1982 1963 2053 2005 scd
2078 1964 2131 2006 ab
2146 1979 2219 2006 ora
2237 1966 2375 2021 paullo
2400 1970 2603 2014 remotius
2615 1974 2708 2032 est(
2724 1963 2784 2019 Vs

1541 2025 1673 2068 Ritter
1683 2027 1739 2078 V,
1755 2040 1800 2083 p.
1826 2026 1948 2083 516).
1972 2026 2176 2083 Benseyus
2194 2026 2374 2084 denique
2387 2044 2466 2086 pro
2484 2032 2647 2076 Colchis
2673 2057 2679 2073 ι
2727 2031 2755 2072 .⁴
2777 2019 2787 2045 ⁴·

1540 2085 1786 2129 hodiernam
1806 2087 1953 2130 urbem
1976 2088 2168 2139 Calcaud,
2184 2103 2275 2145 quze
2293 2094 2496 2135 sententia
2507 2109 2602 2137 cum
2618 2107 2784 2155 geogr-5

1539 2149 1721 2205 phorum
1750 2150 1995 2193 testimoniis
2022 2166 2108 2193 non
2131 2152 2387 2195 concilianda
2408 2157 2573 2199 nonnisi
2602 2159 2703 2202 nom
2731 2170 2790 2212 ⁸»ss

1540 2211 1687 2253 nititur
1700 2212 1985 2255 similitudine.
2002 2214 2125 2255 Sinus
2139 2214 2332 2270 Κολχικδς
2345 2218 2470 2260 etiam
2485 2233 2598 2262 nunc
2617 2222 2774 2266 Kolkle

1540 2274 1656 2316 sinus
1675 2273 1896 2331 'Apyoeptqu
1912 2274 2123 2331 hodieque
2140 2276 2365 2330 Attingam·
2382 2288 2568 2333 vocatur,
2589 2291 2636 2325 ut
2654 2285 2723 2327 Rit
2750 2280 2793 2327 -13‘

1541 2349 1612 2378 rus
1626 2337 1683 2389 V,
1700 2351 1744 2393 p.
1768 2337 1848 2379 516
1863 2336 2004 2380 tradit.
2027 2339 2077 2379 In
2094 2337 2252 2380 Tabula
2269 2340 2459 2397 Peuting.
2478 2350 2677 2388 notantur
2732 2370 2739 2384 ι
2761 2339 2764 2342 ’

1540 2398 1609 2440 cla·
1629 2398 1843 2449 Indorum,
1862 2398 1978 2456 quod
1992 2413 2059 2457 ap.
2077 2400 2231 2455 Geogr.
2253 2402 2356 2443 Rav.
2378 2403 2442 2455 11,
2467 2416 2486 2445 1
2507 2404 2609 2448 abiit
2619 2407 2662 2449 in
2715 2430 2723 2444 ι

1533 2459 1839 2516 pissendorum.
1863 2462 2007 2517 11-9.
2029 2463 2431 2522 κατακρισίμων]
2450 2465 2575 2514 Notea
2601 2482 2645 2509 v
2685 2489 2690 2504 ι
2744 2493 2747 2504 .

1541 2521 1644 2565 lum.
1661 2522 1951 2579 Subjiciuntur
1965 2525 2007 2565 in
2026 2523 2121 2567 cod.
2143 2524 2268 2568 verba
2282 2526 2375 2582 πρὸς
2393 2526 2461 2569 τὸν
2477 2529 2606 2582 νότον,
2621 2529 2676 2574 de
2688 2538 2747 2591 q*

1540 2585 1618 2628 bus
1630 2585 1719 2641 jam
1746 2587 2003 2628 monuimus.
2030 2588 2079 2628 In
2109 2595 2290 2629 mentem
2314 2598 2481 2632 venerat
2502 2590 2598 2634 sort.
2622 2583 2761 2642 suino

1542 2646 1616 2689 ἀπὸ
1639 2647 1680 2690 δὲ
1706 2649 1993 2704 κατακρισῖμων
2022 2650 2297 2704 κατεργάζεται
2323 2653 2399 2693 τῶν
2422 2652 2514 2709 πρὸς
2539 2654 2721 2709 θάνατον,
2737 2647 2747 2661 ⁴

1540 2710 1876 2752 hocconcoeseris
1889 2725 1967 2767 pro
1978 2714 2054 2751 τῶν
2068 2709 2130 2752 ἐπὶ
2139 2712 2306 2769 θανάτῳ.
2324 2714 2385 2755 De
2396 2716 2710 2771 margaritarum

1539 2773 1721 2814 §catione
1750 2787 1791 2814 ν.
1814 2786 1908 2828 quae
1929 2773 2051 2814 citavi
2073 2772 2126 2814 ad
2145 2773 2294 2816 Isidori
2321 2774 2468 2832 fragm.
2489 2791 2532 2835 p.
2561 2780 2658 2823 255.
2680 2782 2698 2838 Ι]
2758 2779 2759 2782 ’

1543 2848 1559 2875 1
1571 2848 1608 2875 1.
1630 2835 1719 2890 πρό
1731 2850 1752 2877 τ
1764 2850 1780 2877 ε
1793 2836 1886 2892 ρος]
1905 2849 1985 2877 vox
2001 2845 2187 2892 suspecta
2202 2854 2212 2888 ;
2231 2838 2368 2880 nullus
2382 2841 2570 2896 sequitur
2582 2843 2725 2887 δεύτιω
2748 2847 2749 2850 ’

1538 2896 1609 2939 sed
1629 2898 1671 2939 in
1686 2906 1843 2940 antece.
1859 2897 1912 2939 de
1926 2898 2104 2955 Παραλίᾳ
2119 2914 2254 2941 sermo
2269 2910 2371 2953 erat,
2388 2917 2513 2959 quam
2527 2905 2561 2946 si
2577 2906 2701 2950 etiam
2724 2930 2745 2942 «-

1538 2959 1677 3014 γιαλὸν
1690 2959 1997 3012 dicerelicebat,
2012 2961 2092 3002 hoc
2110 2961 2201 3004 loco
2212 2977 2289 3019 pro
2305 2965 2485 3021 πρότερος
2493 2968 2624 3023 possis
2636 2969 2714 3013 lu
2735 2974 2739 2976 ’

1540 3022 1760 3063 Ptolemaeo
1775 3022 1843 3063 hic
1859 3021 2036 3080 αἰγιαλὸς
2051 3033 2111 3066 est
2126 3024 2273 3066 κόλπου
2285 3030 2353 3067 τοῦ
2375 3026 2596 3084 Ἀργαρικοῦ
2610 3033 2628 3084 (
2642 3029 2705 3073 ’0

1539 3082 1650 3124 λικοῦ
1685 3098 1723 3125 v.
1749 3084 1776 3125 l.
1804 3087 1820 3138 )
1844 3092 1968 3139 atque
1990 3086 2102 3140 χώρα
2129 3086 2355 3138 Πανδίονος,
2389 3088 2486 3131 inde
2503 3104 2527 3132 a
2551 3090 2659 3147 Κῶρυ
2678 3106 2707 3150 p

1540 3146 1750 3186 montorio
1783 3149 1798 3199 (
1825 3149 1923 3187 125⁰
1955 3146 2023 3188 25'
2041 3171 2096 3178 —
2130 3149 2199 3188 13⁰
2218 3148 2337 3203 2ο’),
2370 3159 2462 3206 post
2491 3152 2605 3208 quod
2619 3155 2697 3198 sita
2726 3183 2742 3192 -

1544 3204 1735 3262 Ἀργείρου
1758 3210 1774 3261 (
1800 3206 1974 3263 ’Λγάρου,
2004 3207 2163 3263 ’Λγανοῦ
2188 3224 2227 3251 v.
2250 3210 2311 3268 l.)
2346 3212 2456 3263 πόλις
2488 3214 2502 3271 (
2527 3215 2625 3258 1250
2647 3216 2688 3268 [ρ’
2755 3263 2758 3266 Δ

1542 3272 1613 3319 140
1632 3269 1700 3313 3ο’
1722 3269 1738 3327 )
1762 3278 1803 3311 et
1825 3269 1978 3326 Σαλοῦρ
1997 3270 2180 3328 ἐμπόριον
2200 3274 2213 3330 (
2242 3277 2338 3316 1250
2358 3276 2426 3319 3ο’
2440 3301 2497 3310 -
2523 3280 2593 3321 150
2613 3280 2681 3324 3ο’
2694 3280 2735 3349 >3

1536 3356 1592 3364 —
1611 3345 1626 3373 1
1639 3346 1676 3374 1.
1698 3336 1795 3389 χῶρ
1808 3334 1885 3390 ον]
1908 3338 2039 3390 χῶραν
2064 3337 2266 3392 μεσόγειον
2284 3338 2499 3396 λεγόμενον
2512 3341 2659 3387 codex.
2692 3352 2698 3364 ⁵
2720 3368 2724 3377 ·

1535 3395 1589 3436 sis
1598 3395 1719 3438 etiam
1744 3397 1902 3452 εχώραν
1922 3428 1950 3439 ..
1964 3396 2197 3454 λεγομένην.
2220 3400 2432 3444 Fabricius
2448 3418 2529 3447 scr.
2546 3404 2693 3464 λεγόμι
2726 3414 2740 3425 ’“

1534 3455 1587 3498 ad
1615 3455 1791 3513 αἰγιαλὸς
1814 3473 1954 3500 vocem
1979 3460 2174 3504 reserens.
2205 3464 2221 3518 ΙΙ
2244 3487 2301 3495 -
2323 3477 2388 3507 12.
2414 3463 2460 3507 ἐν
2484 3465 2552 3508 ἐνὶ
2582 3468 2635 3510 τό
2646 3467 2732 3528 περ·

1535 3534 1617 3561 πιν
1633 3520 1754 3576 ικδν]
1773 3521 1933 3564 Inclusa
1949 3523 2160 3580 supplevi3
2185 3540 2263 3582 pro
2279 3524 2348 3579 τὴν
2367 3526 2498 3571 codex
2517 3530 2671 3586 praebet
2702 3555 2712 3562 ·
2737 3578 2739 3581 ,

1534 3582 1661 3623 Vocis
1676 3586 1887 3639 τερονεῖται
1906 3585 2141 3628 emendatio
2155 3589 2436 3645 perambigua.
2458 3591 2595 3634 Possis
2611 3593 2654 3636 in
2680 3616 2685 3628 ·
2706 3596 2739 3646 „j
2800 3586 2801 3590 Ἰ

1532 3646 1775 3687 sententiam
1796 3659 1805 3687 :
1832 3645 1870 3687 ἔν
1887 3646 1944 3688 ἑνὶ
1962 3648 1976 3704 [
1992 3649 2117 3706 τούτῳ
2131 3652 2217 3707 τῷ]
2238 3652 2346 3709 τόπῳ
2363 3651 2378 3708 [
2397 3650 2437 3694 ἔν
2449 3652 2576 3695 obem}
2589 3653 2661 3698 ὃὶί
2720 3649 2739 3666 “

1534 3706 1692 3748 ὠνεῖται
1711 3709 1756 3749 το
1775 3741 1802 3750 ..
1822 3711 1987 3752 πινικόν.
2010 3713 2216 3769 Suspicari
2236 3715 2360 3756 etiam
2380 3714 2472 3758 licet
2494 3715 2607 3760 hunc
2625 3718 2668 3761 iu
2694 3718 2729 3750 «⁶

1534 3769 1636 3811 dum
1664 3784 1672 3812 :
1699 3771 1738 3813 ἔν
1764 3771 1820 3813 {vl
1835 3774 1941 3831 τόπῳ
1959 3774 1974 3829 [
1993 3773 2109 3828 αὗτῆς
2123 3776 2367 3831 τιτραίνεται,
2386 3776 2424 3820 ἐν
2444 3778 2485 3820 δὲ
2501 3779 2671 3838 ἱ]τίρῳν
2703 3766 2732 3818 f
2760 3767 2801 3806 'J

1536 3831 1580 3873 τδ
1615 3865 1641 3873 ..
1669 3834 1833 3886 πινικδν,
1866 3844 2077 3892 praeeunte
2101 3837 2320 3890 Salmasio,
2343 3841 2414 3896 qui
2438 3841 2481 3882 in
2504 3842 2692 3886 Exercc.»
2720 3870 2728 3891 e

1535 3909 1577 3949 p.
1602 3909 1678 3949 791
1703 3898 1917 3953 proposuit
1941 3912 1951 3941 z
1971 3897 2011 3941 ἔν
2035 3898 2093 3941 {vl
2113 3900 2221 3957 τόπῳ
2238 3904 2455 3957 περονεΐται
2474 3904 2493 3955 (
2503 3896 2677 3961 person?
2704 3902 2735 3951 ij
2805 3877 2808 3982 ἰ

1535 3956 1630 3998 ‹lt-l».
1654 3962 1858 4013 περονᾶται
1875 3962 1891 4014 )
1910 3961 1999 4016 παρ’
2035 3959 2155 4013 ἀκτὴν
2188 3965 2256 4014 τῆς
2295 3962 2406 4014 ἸΙπ.;
2441 3963 2492 4006 ad
2524 3962 2667 4008 Tertul
2694 3991 2711 4018 χ
2733 4008 2745 4017 ,
2806 3983 2808 4014 t

1538 4018 1552 4073 (
1574 4021 1635 4059 Do
1657 4022 1750 4076 pall.
1785 4037 1824 4078 p.
1853 4026 1934 4065 218
1956 4023 1969 4078 >
2006 4032 2143 4065 autem
2177 4038 2253 4081 pro
2274 4027 2490 4082 περονεΐται
2507 4025 2653 4069 maluit
2676 4075 2680 4079 ,
2720 4050 2722 4056 ·
2743 4077 2747 4082 ,η

2323 1639 2422 1678 1220
2436 1662 2491 1672 —-
2511 1643 2581 1690 14⁰
2603 1642 2670 1685 30¹
