2808 4342
509 267 1027 417 ,ΑΡΡΙΑΝΟΥ

446 538 607 634 IN
641 531 722 628 Δ
754 531 794 626 1
832 528 932 625 K
962 527 1109 625 H.

736 761 853 772 .--

169 926 198 960 i.
219 923 271 958 De
299 917 428 956 accolis
450 915 531 953 indi
545 914 768 952 occidentem
791 921 926 953 versus,
951 910 1148 952 Assaeenis.
1177 907 1359 945 Astacenis
1372 910 1410 944 et

211 971 355 1013 Nssaeis.
370 986 413 995 —
433 970 466 1002 2.
484 967 589 1002 Fines
613 964 742 1001 lndiae.
762 966 847 998 Eam
863 961 1001 997 indiam
1025 969 1104 1006 qum
1116 958 1162 994 ad
1184 957 1410 993 occidentem

210 1020 339 1062 vergit,
356 1014 554 1056 Alexander
568 1017 606 1049 et
619 1013 723 1048 multi
738 1021 823 1047 cum
838 1019 882 1046 eo
903 1008 1091 1049 viden-nnn
1113 1006 1159 1042 de
1174 1006 1274 1042 ludia
1295 1006 1412 1041 orien-

212 1072 286 1102 tem
299 1074 422 1101 versus
442 1063 547 1108 pauci
573 1062 805 1106 scripserunt.
822 1077 865 1085 —
884 1058 920 1092 S.
940 1057 1130 1092 variorum
1143 1055 1188 1091 de
1209 1053 1321 1089 india
1334 1062 1409 1089 ma·

214 1114 402 1159 gnitudine
430 1111 627 1148 sententiae.
645 1128 688 1135 -
711 1108 920 1143 fluviorum
941 1105 1043 1149 copia
1062 1107 1100 1139 et
1130 1101 1351 1147 magnitudo.
1371 1120 1409 1129 -

214 1166 247 1200 4.
265 1163 416 1199 Nomina
430 1160 634 1196 fluviorum.
645 1156 755 1192 indus
772 1159 809 1192 et
824 1158 1055 1198 Gangescum
1069 1154 1151 1188 Nilo
1165 1155 1202 1188 et
1216 1153 1308 1187 lstro
1318 1159 1412 1187 coru-

214 1215 403 1259 parantur.
415 1229 457 1236 —
472 1211 505 1243 5.
532 1211 621 1243 item
636 1209 681 1244 de
694 1205 808 1241 iluviis
822 1204 970 1239 Indicis.
993 1200 1226 1246 negastheuis
1240 1200 1415 1235 sententia

218 1261 265 1296 de
285 1258 568 1305 expeditionibus
582 1259 786 1291 exterorum
801 1254 839 1288 in
863 1251 1014 1291 Indiam,
1036 1250 1215 1295 praecipue
1230 1249 1357 1285 Bacchi
1379 1252 1416 1284 et

219 1309 393 1345 Herculis.
410 1325 451 1333 —
471 1307 504 1341 6.
523 1304 593 1339 Sila
607 1303 756 1343 fluvius3
776 1301 895 1347 pluvia
920 1301 959 1335 in
976 1299 1099 1341 indiaz
1114 1299 1184 1333 ceti
1201 1297 1414 1338 fluviorum3

219 1359 320 1394 color
335 1355 521 1392 indorum.
544 1372 586 1379 —
604 1354 638 1387 7.
662 1354 757 1394 Quot
772 1351 844 1385 sint
859 1349 967 1384 tndiae
992 1351 1126 1392 gentes.
1144 1346 1300 1382 Historia
1315 1346 1418 1381 indo-

220 1415 314 1442 rum.
331 1405 470 1440 Primos
483 1401 594 1437 indos
607 1399 778 1436 nomades
792 1407 834 1433 ac
852 1397 946 1433 teres
969 1397 1013 1433 ad
1031 1396 1219 1431 cultiorem
1236 1396 1344 1430 vitam
1359 1394 1418 1429 ad·

219 1456 320 1490 duxit
336 1452 507 1488 Bacchus.
522 1469 564 1476 -
576 1452 607 1484 8·
617 1453 726 1492 Reges
735 1446 905 1482 indorum
915 1450 994 1491 post
1003 1445 1191 1481 Bacchum.
1203 1446 1256 1479 De
1266 1444 1419 1478 Hercule

221 1504 390 1540 narratio.
418 1505 468 1537 De
484 1499 682 1543 margaritis
700 1497 841 1532 indicis.
862 1514 904 1521 -
918 1498 951 1531 9.
983 1496 1061 1530 vita
1080 1495 1198 1530 brevis
1212 1494 1418 1535 hominum3

222 1555 446 1598 praematurae
470 1550 603 1593 nuptia!
619 1548 656 1582 in
685 1545 851 1585 Pandam,
875 1545 1029 1579 Hercule
1054 1546 1210 1579 auctore.
1245 1544 1422 1578 Numerus

224 1609 349 1643 regum
370 1602 409 1634 et
421 1606 598 1633 annorum
617 1605 638 1630 a
663 1594 804 1630 Baccho
828 1593 872 1627 ad
887 1592 1170 1627 Sandracottam.
1187 1594 1324 1626 Praeter
1337 1594 1423 1627 Bac·

226 1650 347 1689 chum.
364 1646 556 1682 Herculem
578 1648 614 1679 et
630 1642 873 1679 Alexandrum
890 1641 1068 1676 neminem
1084 1641 1120 1674 in
1138 1639 1274 1674 indiam
1286 1638 1426 1684 expedi-

226 1698 360 1733 tionem
373 1694 508 1736 iecisse,
524 1702 639 1738 neque
653 1691 762 1727 Indos
783 1691 877 1736 ipsos
892 1690 928 1724 in
943 1690 1027 1724 alias
1041 1691 1175 1733 gentes.
1187 1707 1230 1714 —
1252 1690 1303 1723 io.
1330 1691 1425 1731 Quo-

228 1745 338 1779 modo
354 1743 431 1779 indi
464 1746 625 1778 mortuos
648 1741 841 1775 honorant.
875 1742 924 1774 De
954 1738 1097 1772 urbium
1129 1737 1362 1773 multitudine
1388 1740 1426 1772 et

229 1793 369 1829 ratione
390 1801 447 1827 eas
473 1788 726 1829 construendir,
754 1788 800 1823 de
828 1786 1093 1822 Palimbothris.
1122 1787 1235 1821 Nemo
1258 1786 1297 1820 in
1325 1785 1426 1821 India

230 1850 364 1876 servus.
386 1859 422 1865 -
450 1841 503 1875 ti.
520 1842 663 1883 septem
675 1836 846 1871 indorum
858 1835 1002 1869 ordines
1019 1846 1028 1866 ι
1044 1833 1227 1878 sophistam
1241 1833 1426 1877 agricolam

230 1893 389 1934 {astures
399 1891 435 1923 et
449 1890 647 1922 venatores.
664 1886 950 1927 Interponuntur
966 1882 1128 1925 quaedam
1149 1881 1196 1916 de
1217 1882 1355 1924 magnis
1368 1884 1427 1916 ln·

230 1938 300 1972 ‹lioe
315 1937 511 1971 arboribus.
528 1954 569 1961 —-
586 1936 637 1969 12.
650 1933 824 1974 Artifices,
838 1934 1068 1972 mercatores,
1084 1933 1202 1965 nautae
1213 1930 1429 1974 naviumque

231 1986 440 2023 architectiz
465 1984 617 2024 militesz
642 1983 879 2026 inspectoresz
910 1980 1100 2025 principes.
1132 1978 1326 2014 Adduntur
1347 1988 1431 2023 pau·

231 2045 273 2072 ca
286 2035 349 2069 has
364 2034 524 2069 tribusin
538 2032 745 2067 universum
758 2029 962 2075 spectantia.
981 2047 1024 2054 —
1040 2028 1091 2063 15.
1109 2028 1258 2063 venatio
1269 2027 1432 2071 elephan-

235 2088 371 2119 torum.
388 2101 430 2109 —
461 2084 512 2117 14.
547 2085 596 2116 De
624 2083 753 2115 natura
768 2078 1051 2123 elephantorum.
1072 2095 1115 2103 —
1142 2077 1195 2111 is.
1222 2080 1271 2112 De
1289 2076 1430 2119 tigride,

235 2132 396 2169 formicis
425 2139 552 2166 aurum
570 2127 838 2168 effodientibus,
854 2127 1023 2171 psittacis,
1051 2126 1174 2167 simiis.
1197 2126 1431 2170 serpentibus.

235 2181 364 2218 suedie}
386 2180 573 2215 ludorum.
591 2197 634 2204 —
646 2178 699 2212 ie.
717 2177 874 2211 Vestitus
886 2178 923 2210 et
944 2183 1063 2212 armat
1082 2173 1184 2210 irena
1198 2182 1435 2217 equorum.—

237 2230 293 2264 1⁷.
322 2231 480 2272 corpora
500 2225 695 2262 indorum:
712 2223 841 2268 quibus
860 2221 1072 2257 animalibus
1095 2221 1173 2255 indi
1189 2220 1272 2255 vehi
1285 2221 1434 2262 soleant.

238 2277 456 2322 Elephantus
470 2274 626 2318 pretium
640 2270 863 2307 concubitus.
882 2272 932 2304 De
947 2270 1090 2313 nuptiis.
1109 2272 1189 2312 Quo
1202 2269 1283 2304 cibo
1297 2278 1437 2305 vescan-

239 2329 300 2361 tur
314 2326 404 2360 indi.
420 2323 602 2359 Transitus
629 2320 675 2356 ad
690 2318 951 2364 expeditionem
968 2319 1139 2354 navalem.
1154 2336 1198 2344 —
1214 2319 1263 2352 ¹8.
1280 2318 1437 2353 Trierar·

238 2373 297 2410 chl
312 2376 347 2407 et
364 2370 525 2418 praelecti
539 2370 678 2409 classis;
694 2377 793 2403 sacra
807 2370 843 2401 et
858 2367 1066 2408 certamina,
1082 2369 1272 2410 antequam
1286 2366 1440 2401 solveret

240 2418 451 2456 Alexander.
470 2436 513 2443 —
527 2419 581 2453 19.
598 2418 776 2451 Numerus
802 2414 957 2449 miiitum
971 2418 1008 2449 et
1024 2414 1181 2450 navium.
1201 2413 1383 2456 Navigatio
1401 2414 1440 2448 in

240 2469 344 2506 indo.
362 2488 404 2495 —
417 2470 473 2503 20.
492 2464 685 2502 Alexandri
700 2464 915 2500 desiderium
937 2463 1172 2506 navigationis
1190 2471 1255 2507 per
1269 2470 1369 2497 mare
1383 2465 1442 2497 ln·

241 2519 362 2554 dicum
379 2519 415 2552 in
431 2516 590 2552 Persiam
618 2524 748 2559 usqum
777 2512 939 2556 ejusdem
957 2515 1063 2548 aestus
1077 2511 1122 2548 de
1136 2510 1320 2557 praelecto,
1336 2521 1442 2555 quem

241 2567 328 2603 lenit
341 2563 532 2602 Nearchus.
557 2567 651 2599 cura
673 2564 790 2599 classis
804 2572 824 2597 a
842 2562 1007 2598 Nearcho
1031 2564 1204 2606 suscepta,
1224 2561 1320 2596 unde
1345 2569 1443 2596 com·

244 2616 363 2652 munis
376 2616 510 2651 lotitia.
530 2631 567 2640 -
583 2614 622 2648 21
635 2639 643 2647 ,
670 2616 820 2656 Tempus
838 2620 912 2655 quo
928 2610 1108 2646 Nearchus
1121 2609 1280 2645 solverit.
1296 2609 1443 2645 Initium

245 2662 493 2706 mvigationis.
524 2665 643 2697 stura.
672 2665 854 2695 caumara.
879 2660 1050 2695 Coreatis.
1077 2658 1235 2694 crocala.
1253 2661 1411 2693 Animas
1432 2671 1442 2692 z

243 2713 334 2747 lxus.
367 2713 496 2746 Portus
532 2709 733 2745 Alexandri.
764 2709 920 2743 Bibacta.
956 2707 1118 2750 Sangala.
1163 2709 1261 2742 flora
1293 2707 1444 2743 Nearchi

246 2766 312 2804 per
325 2757 400 2793 dies
414 2760 542 2792 niv.
556 2775 598 2783 -
625 2759 680 2792 22.
709 2759 824 2792 vento
852 2755 1004 2790 adverso
1023 2755 1226 2790 remittente
1247 2755 1344 2790 ultro
1356 2756 1443 2790 clas·

247 2808 293 2842 sis
321 2805 564 2851 progreditur.
596 2808 719 2841 Domo
749 2805 875 2839 insula.
903 2808 1072 2847 Saranga.
1110 2804 1241 2838 Sacala.
1269 2806 1446 2839 Moronto-

250 2856 335 2891 bara
360 2858 396 2890 et
411 2855 601 2890 merum
614 2857 749 2897 portus.
777 2855 917 2888 ostium
942 2854 1066 2888 Arabis
1080 2854 1206 2887 amnis.
1222 2871 1264 2878 —
1278 2855 1333 2888 23.
1352 2855 1437 2888 Ont-

271 2965 311 3012 Ῑ.
331 2962 400 3011 Τὰ
420 2962 496 3016 ἔξω
517 2960 648 3008 Ἰνδοῦ
670 2963 859 3019 ποταμοῦ
877 2959 930 3004 τὰ
949 2959 1048 3021 πρὸς
1072 2960 1248 3020 ἑσπέρην
1268 2960 1358 3005 ἔστε
1380 2959 1447 3005 ἐπὶ

209 3032 398 3094 ποταμὸν
432 3033 620 3095 Κωφῆνα
648 3026 896 3084 ,Ἀστακηνοὶ
931 3028 1001 3073 καὶ
1031 3027 1300 3084 Ἀσσακηνοὶ,
1332 3029 1448 3074 ἔθνεα

211 3101 389 3158 Ἰνδικὰ,
409 3099 678 3147 ἐποικέουσιν.
749 3099 799 3159 (2)
827 3097 935 3142 Ἀλλ’
963 3095 1055 3143 οὔτε
1080 3097 1252 3157 μεγάλοι
1275 3095 1327 3141 τὰ
1355 3097 1449 3142 σώ-

270 3276 475 3318 Codicum
502 3274 639 3329 siglae:
668 3277 726 3323 A,
745 3272 842 3316 cod.
875 3273 1086 3314 Parisinus
1113 3271 1243 3326 1753;
1275 3274 1323 3321 B,
1349 3272 1452 3322 4565

219 3343 260 3389 C,
284 3341 413 3393 14075
432 3341 487 3387 D,
511 3338 638 3387 14383
657 3339 707 3387 L,
723 3334 854 3377 codex
870 3334 1187 3385 Laurentianus,
1203 3348 1227 3375 a
1242 3334 1456 3375 Gronovio

216 3401 401 3443 collatus.
426 3398 621 3442 Codiccm
654 3401 691 3441 A
719 3397 895 3440 contulit
917 3396 1142 3438 Debueras
1158 3403 1321 3447 nostem
1346 3394 1455 3437 idem

219 3463 371 3502 formas
403 3461 625 3503 verborum
649 3461 819 3510 ionicas,
854 3473 957 3515 quas
984 3472 1202 3515 usurpasse
1231 3459 1455 3501 Arrianum

220 3525 341 3563 certis
359 3523 555 3579 exemplis
570 3522 785 3579 probatur,
804 3522 1042 3578 ubicunque
1062 3536 1087 3563 a
1103 3520 1248 3563 scribis
1266 3520 1457 3575 neglectoe

222 3593 372 3634 essent,
396 3586 587 3626 roetituit.
624 3588 719 3638 Qua
737 3583 789 3625 de
810 3599 856 3626 re
884 3583 1078 3626 lectorem
1109 3581 1378 3626 mandamus
1404 3581 1456 3624 ad

224 3647 548 3690 Anuotationem
566 3648 751 3688 criticam
788 3647 862 3703 (p.
892 3648 1037 3690 XXVI
1065 3661 1157 3703 sqq.
1181 3645 1216 3704 ),
1236 3659 1360 3702 quam
1383 3648 1461 3687 Ar·

225 3709 331 3762 riani
350 3708 544 3764 operibus
559 3709 782 3750 Dt‘ibnerus
800 3710 991 3765 praefixit.

282 3772 319 3823 1,
352 3783 391 3813 1.
415 3769 500 3812 tete
514 3785 599 3812 om.
619 3772 742 3812 BCD.
768 3773 786 3825 ll
808 3796 864 3803 —
897 3786 937 3813 2.
964 3771 1025 3814 ἐπὶ
1046 3772 1114 3813 τὸν
1134 3770 1308 3828 ποταμὸν
1327 3771 1416 3812 LD.
1440 3771 1457 3824 ΙΙ

228 3859 286 3867 -
316 3846 362 3877 2.
400 3832 612 3890 Κωφῆνα
640 3835 655 3889 ]
680 3832 836 3874 Eadem
879 3836 1057 3876 nominis
1088 3835 1221 3877 forma
1253 3834 1296 3875 in
1326 3831 1460 3875 Anah.

230 3898 308 3947 IV,
329 3908 398 3939 22.
426 3896 484 3947 V,
508 3909 527 3937 1
545 3911 558 3948 ;
573 3910 641 3952 ap.
669 3895 905 3938 Philostrat.
921 3899 1008 3939 Vit.
1031 3897 1168 3954 Apoll.
1191 3898 1257 3949 11,
1287 3899 1328 3939 6.
1348 3897 1389 3939 8.
1411 3910 1463 3950 9;

231 3958 399 4015 Joseph.
426 3960 527 4000 Ant.
550 3956 657 3998 Jud.
678 3958 724 4007 1,
757 3960 836 4008 δίη
856 3957 1024 4000 Suidam
1057 3975 1090 4000 s.
1127 3973 1167 4001 v.
1199 3967 1241 4001 et
1265 3960 1466 4001 Zonaram

235 4034 280 4075 p.
304 4021 426 4075 1275.
451 4019 589 4076 Κώφης
606 4027 775 4062 vocatur
792 4034 859 4076 ap.
881 4021 1071 4063 Strabon.
1095 4036 1137 4078 p.
1162 4026 1243 4077 697
1263 4036 1344 4077 sq.;
1370 4020 1469 4062 Dio-

1874 326 2292 407 ARRIANI
2701 403 2709 412 .

1476 516 2125 625 HISTORIA
2210 482 2778 633 INDICA.'·‘³‡-i

2030 750 2158 760 ——.

1520 918 1577 947 ‘m
1603 922 1613 944 ι
1645 910 1783 954 Pagala.
1810 910 1962 946 cabana.
1993 911 2139 953 mesiae
2167 912 2215 947 ibi
2244 916 2357 949 castra
2385 914 2487 959 ponit
2521 915 2712 953 Nearchus.
2757 936 2770 954 ψ

1522 958 1692 994 Leonnati
1707 958 1872 1003 proelium
1886 968 1969 995 cum
1982 960 2101 996 oritis.
2116 961 2287 997 Remissio
2297 964 2486 998 nautarum
2497 965 2713 1009 segniorum.
2760 959 2779 989 *ἱ

1521 1025 1565 1033 -
1591 1009 1644 1042 24.
1665 1010 1835 1043 ‘romerus
1861 1006 2008 1047 tiuvim:
2022 1008 2214 1055 descriptio
2226 1011 2428 1054 accolarum
2442 1015 2480 1048 st
2499 1021 2617 1057 pugna
2632 1024 2716 1052 eum
2783 1004 2786 1013 '

1524 1056 1576 1090 iis.
1593 1074 1636 1081 —
1651 1057 1707 1091 2⁵.
1736 1056 1881 1091 Malana.
1911 1056 2112 1100 longitudo
2128 1058 2359 1101 navigationis
2386 1062 2518 1104 prater
2536 1063 2718 1106 regionem

1523 1104 1751 1140 Arabitarum
1769 1108 1806 1141 et
1820 1105 2014 1141 oritarum.
2041 1106 2278 1141 memorabilia
2302 1106 2348 1142 de
2370 1107 2498 1143 umbra
2513 1111 2550 1145 et
2562 1112 2667 1147 astris
2679 1113 2716 1147 in

1525 1153 1579 1188 his
1609 1154 1827 1198 regionibus.
1857 1172 1900 1181 —
1921 1154 1975 1190 28.
2007 1154 2180 1190 Gadrosii.
2216 1157 2484 1193 lcnratomot
2501 1169 2512 1191 ι
2544 1159 2716 1203 Bagisara.

1525 1202 1656 1239 Pasira.
1680 1204 1790 1239 coita.
1815 1203 1957 1246 calyba.
1985 1204 2148 1239 carmine
2176 1203 2243 1239 ins.
2268 1204 2374 1240 Cissa.
2394 1205 2529 1241 carbis.
2546 1209 2719 1246 Hosarna.

1529 1270 1568 1277 —
1583 1252 1639 1287 27.
1650 1252 1845 1297 nydmeoe,
1854 1253 1973 1288 classis
1985 1252 2202 1296 gubernator
2215 1255 2400 1288 assumtus.
2410 1254 2583 1291 nalomm
2594 1258 2719 1294 Barna.

1528 1301 1773 1336 Dendrobosa.
1800 1302 1949 1346 cophas.
1966 1302 2091 1344 cyizaz
2108 1302 2194 1336 urbs
2214 1310 2410 1345 anonyma.
2426 1312 2532 1348 quam
2547 1305 2724 1342 marchas
2775 1322 2779 1323 ⁷

1527 1350 1735 1395 capiendam
1765 1354 1898 1387 censet.
1923 1369 1966 1376 —
1995 1352 2051 1386 28.
2066 1353 2175 1395 Capta
2189 1351 2279 1386 urbe
2293 1353 2330 1386 et
2357 1350 2500 1397 direpto
2524 1351 2719 1397 frumento.

1529 1400 1709 1436 Nearchus
1734 1399 1892 1435 discedit.
1926 1399 2032 1443 nagia
2060 1400 2360 1444 promontorium.
2389 1418 2431 1426 —
2452 1402 2506 1436 29.
2543 1402 2722 1439 Talmena.
2805 1443 2807 1446 Α

1529 1449 1710 1484 canasida.
1754 1449 1891 1483 Miseria
1923 1448 2109 1483 exercitus.
2141 1450 2285 1483 canate.
2329 1449 2436 1484 Taoei.
2474 1450 2647 1494 Dagasira.
2683 1469 2726 1479 -

1531 1499 1586 1532 ³0.
1603 1498 1754 1532 Balaenae
1769 1497 1915 1532 classem
1931 1500 2079 1532 terrent.
2101 1499 2231 1532 Rarum
2247 1497 2381 1532 ossibus
2390 1497 2518 1534 domus
2534 1500 2726 1535 exslmtm·
2805 1505 2808 1512 ·

1535 1549 1607 1580 tur.
1624 1564 1666 1571 —
1681 1547 1734 1580 Si.
1756 1546 1819 1588 De·
1835 1545 1977 1582 Nosalis.
1993 1545 2107 1580 insula
2124 1544 2291 1580 fabulosa.
2309 1562 2346 1570 -
2364 1547 2424 1580 ³2.
2444 1549 2641 1582 cannata.
2664 1550 2728 1583 Da-
2778 1575 2790 1581 -

1532 1593 1596 1630 dis.
1623 1596 1769 1636 uaceta.
1785 1594 2074 1638 promontorium
2095 1594 2246 1635 Arabiae.
2270 1597 2307 1629 et
2320 1594 2450 1629 ostium
2465 1595 2561 1630 sinus
2579 1596 2727 1631 Persici.
2786 1613 2791 1616 ⁴

1534 1643 1748 1687 Disceptatio
1767 1642 1916 1677 Nearchi
1938 1651 2020 1677 cum
2046 1642 2258 1679 Onesicrito.
2283 1661 2325 1669 ·-
2350 1644 2404 1677 π.
2425 1645 2616 1686 Neoptana.
2633 1646 2729 1680 Ana·

1533 1693 1600 1726 mis
1612 1690 1756 1731 fluviusz
1770 1691 1981 1730 Harmoaiaz
1993 1691 2159 1726 ciaoeiarii
2173 1691 2315 1735 quidam
2331 1691 2495 1727 incidunt
2506 1693 2541 1726 in
2553 1695 2730 1735 Granum.

1534 1740 1595 1785 qui
1612 1739 1770 1775 Nearcho
1794 1749 1868 1774 non
1887 1740 2012 1784 procul
2031 1748 2105 1774 esse
2119 1743 2232 1774 castra
2250 1738 2436 1774 Alexandri
2455 1739 2576 1776 refert.
2592 1739 2732 1790 Subdu·
2785 1741 2786 1744 ’

1535 1790 1604 1825 ctis
1610 1788 1649 1823 in
1661 1791 1795 1823 terram
1809 1788 1969 1831 navibus,
1982 1790 2095 1823 castra
2103 1789 2325 1823 muniuntur.
2340 1806 2382 1814 —
2396 1789 2448 1822 34.
2467 1788 2631 1833 Regionis
2640 1783 2734 1834 pro'-

1538 1838 1652 1873 rectus
1683 1836 1775 1872 clam
1795 1837 1957 1872 Nearcho
1987 1837 2104 1871 classis
2121 1837 2315 1871 adventum
2343 1837 2547 1873 Alexandro
2575 1838 2732 1875 nuntiat.

1538 1884 1720 1921 Nearchus
1734 1884 1973 1920 Alexandrum
1988 1885 2169 1920 convenit.
2184 1903 2226 1911 —
2240 1886 2294 1919 ³5.
2319 1885 2508 1920 Alexandri
2523 1894 2606 1921 cum
2624 1887 2733 1922 Near-

1539 1933 1609 1969 cho
1620 1932 1849 1977 colloquium.
1878 1951 1920 1959 —
1935 1934 1994 1968 56.
2014 1933 2229 1968 Continuata
2244 1933 2405 1969 Nearcho
2419 1942 2505 1969 cura
2519 1933 2647 1969 elassis.
2665 1935 2734 1970 lie·
2806 1946 2808 1958 2

1541 1982 1637 2018 ditus
1660 1982 1882 2027 periculosus
1895 1982 1941 2017 ad
1956 1982 2114 2017 classem.
2132 2001 2170 2007 —
2192 1983 2248 2018 ³⁷.
2266 1986 2390 2018 Denuo
2406 1985 2519 2027 eoepta
2544 1982 2735 2026 navigatio.

1542 2032 1683 2073 organa
1707 2032 1744 2065 et
1758 2032 1903 2065 oaracta
1933 2030 2076 2070 insulan
2093 2030 2296 2075 sepulcrum
2316 2030 2479 2074 erythro
2495 2030 2607 2075 regin
2623 2031 2738 2067 insuia

1548 2080 1716 2122 Neptuno
1729 2086 1827 2114 sacra
1838 2078 1923 2121 3alia
1938 2079 2070 2121 insuia;
2087 2079 2215 2121 Pylora
2228 2079 2360 2117 insula:
2377 2079 2537 2114 sisidone
2546 2078 2736 2124 oppidumz

1543 2127 1660 2162 Tarsia
1673 2126 1978 2171 promontorium3
1998 2127 2114 2163 insula
2141 2131 2270 2163 cataea.
2287 2146 2326 2154 —
2350 2129 2404 2163 38.
2427 2129 2530 2163 Fines
2543 2127 2740 2163 cannanlae

1548 2178 1586 2211 et
1600 2175 1773 2214 Persidisz
1789 2175 1978 2218 longitudo
2003 2176 2236 2219 navigationis
2250 2179 2383 2222 preter
2395 2176 2630 2213 carmaniam.
2649 2179 2742 2211 Pn-

1543 2231 1596 2259 sis
1611 2236 1622 2257 x
1637 2224 1724 2266 nasg
1754 2224 1975 2266 cecandrus;
1998 2224 2066 2259 alia
2085 2225 2218 2265 insulaz
2247 2225 2367 2261 ochus
2390 2234 2514 2268 monn
2540 2228 2741 2273 Apostanac
2805 2230 2808 2236 ·

1546 2276 1711 2315 Gogana;
1730 2275 1847 2307 Areon
1865 2271 2009 2315 fluvius;
2022 2273 2158 2309 sitacus
2172 2273 2221 2314 tta
2233 2277 2346 2309 castra
2362 2274 2641 2313 ummah-³⁹.
2659 2274 2742 2309 nie·

1546 2321 1633 2357 ratis
1647 2321 1734 2356 urbs
1761 2323 1798 2355 et
1813 2318 1903 2355 fossa
1928 2323 2146 2363 Heratemis;
2167 2321 2296 2358 fluvius
2310 2322 2493 2366 Padagrus
2506 2325 2543 2359 et
2561 2323 2660 2367 regio
2674 2324 2744 2358 tte·

1546 2369 1717 2411 sambriaz
1736 2370 1855 2405 Taoke
1870 2372 1908 2405 et
1918 2369 2046 2406 fluvius
2056 2371 2200 2413 Granis;
2216 2372 2351 2407 balaena
2358 2374 2500 2407 mortua
2513 2370 2747 2413 describiturg

1549 2418 1730 2461 Rhogonis
1744 2421 1780 2453 et
1791 2419 1940 2454 Brizana
1957 2422 2154 2459 torrentes:
2173 2419 2298 2455 fluvius
2313 2420 2444 2457 Arosis.
2456 2439 2499 2446 —
2509 2421 2563 2455 40.
2578 2419 2746 2463 mugitu·v

1549 2466 1598 2502 do
1625 2467 1859 2511 navigationis
1885 2470 2016 2511 praeter
2039 2468 2240 2507 Persidemz
2265 2469 2391 2514 triplex
2419 2468 2550 2506 divisio
2574 2466 2745 2508 Persidist

1549 2516 1640 2556 oxii.
1654 2515 1766 2551 Mardi
1780 2517 1967 2558 etcossaei‚
1984 2517 2163 2552 montium
2187 2518 2328 2559 incola.
2354 2518 2399 2554 ab
2428 2516 2629 2555 Alexandro
2643 2515 2743 2553 victi.

1553 2583 1595 2590 —
1625 2565 1682 2599 41.
1713 2567 1862 2601 susum
1883 2577 1893 2599 x
1914 2566 2131 2608 cataderbis.
2148 2569 2383 2610 Margastanaz
2400 2566 2520 2603 brevia
2534 2564 2747 2611 periculosas

1551 2613 1682 2647 ostium
1698 2613 1904 2658 Euphratis:
1933 2614 2111 2650 Diridotis.
2130 2634 2170 2640 —
2188 2617 2243 2650 42.
2260 2618 2330 2651 Iter
2350 2624 2372 2651 a
2387 2615 2538 2651 Diridoti
2553 2622 2617 2659 pes·
2631 2613 2750 2649 heum

1551 2662 1595 2696 ad
1614 2662 1827 2705 Pasitigrim.
1857 2662 1979 2706 Aginis
2007 2671 2128 2707 pagus.
2149 2663 2352 2706 Longitudo
2365 2662 2598 2707 navigationis
2616 2661 2748 2704 preter

1554 2710 1749 2745 susianam.
1768 2711 1903 2746 Deinde
1920 2712 2107 2754 navigatur
2122 2720 2185 2756 per
2196 2712 2409 2756 Pasitigrim.
2425 2709 2574 2746 adverso
2588 2707 2748 2749 flumine.

1557 2767 1670 2801 usque
1684 2758 1729 2792 ad
1755 2762 1902 2804 pontem
1926 2769 2032 2803 quem
2050 2759 2245 2796 Alexander
2259 2769 2342 2795 cum
2357 2758 2513 2795 exercitu
2541 2756 2749 2796 transienn

1554 2807 1615 2840 ubi
1634 2806 1713 2841 finis
1730 2810 1782 2842 est
1794 2808 2041 2851 navigationis.
2060 2827 2097 2834 —-
2112 2810 2170 2843 45.
2190 2811 2239 2845 De
2253 2807 2462 2853 quibusdam
2479 2805 2625 2843 tet-vidis
2641 2807 2678 2842 et
2692 2804 2751 2839 iu·

1556 2854 1661 2889 cultis
1676 2855 1879 2898 regionibus
1896 2859 1995 2891 extra
2006 2856 2158 2899 indiam,
2175 2858 2352 2902 praecipue
2369 2855 2494 2891 Arabia
2515 2857 2552 2890 et
2565 2853 2696 2891 Attica.

2786 2394 2808 2667 mansan—‘m‘-
2802 2373 2808 2379 .
2798 2340 2808 2363 ...-

1576 2964 1610 3004 1.
1643 2966 1747 3017 Quae
1778 2973 1894 3006 extra
1927 2963 2081 3006 Indum
2114 2978 2277 3006 amnem
2310 2963 2578 3006 Occidentem
2613 2978 2754 3006 versus

1521 3041 1616 3074 sunt
1644 3034 1831 3088 regiones
1859 3033 1912 3075 ad
1944 3034 2184 3090 Cophenem
2208 3034 2377 3075 fluvium
2408 3046 2538 3089 usquc
2563 3034 2752 3075 Astaccni

1522 3110 1644 3155 atquc
1675 3103 1889 3153 Assaceni,
1914 3101 2067 3143 Indicae
2098 3109 2262 3155 gentes,
2295 3100 2495 3142 incolunt.
2557 3103 2621 3154 (2)
2650 3102 2755 3143 Sunt

1526 3285 1615 3327 nys.
1653 3284 1667 3311 1
1681 3274 1781 3320 ¹403
1818 3270 1922 3312 Plin.
1949 3271 2024 3319 VI,
2061 3282 2128 3309 21.
2166 3270 2235 3310 23.
2273 3270 2334 3310 De
2357 3276 2530 3324 utraque
2553 3268 2685 3311 forma
2704 3282 2758 3312 .v.

1527 3333 1713 3375 Eustath.
1746 3331 1797 3374 ad
1826 3334 1998 3389 Dionys.
2020 3330 2155 3373 Hodie
2171 3331 2345 3380 Kaboul,
2367 3330 2420 3373 dc
2441 3344 2526 3387 quo
2546 3345 2586 3373 ν.
2608 3327 2779 3387 nitier..

1526 3397 1623 3446 vn,
1639 3410 1681 3451 p.
1704 3409 1781 3450 ¹97
1800 3409 1890 3451 sqq.
1905 3395 1982 3444 111,
2005 3396 2101 3443 420.
2118 3394 2173 3444 V,
2192 3396 2296 3447 [0493
2319 3394 2470 3435 Lasseu
2491 3392 2589 3435 lad.
2606 3392 2700 3437 Ale.
2774 3390 2782 3398 ⁹

1526 3473 1569 3515 p.
1610 3472 1662 3512 29
1697 3466 1784 3499 not.
1815 3460 1831 3512 ΙΙ
1871 3482 1927 3491 --
1968 3455 2256 3509 Ἀστακηνοὶ
2287 3455 2368 3497 καὶ
2409 3450 2738 3510 Ἆσσακηνόὶ,

1528 3521 1592 3563 καὶ
1615 3520 1714 3563 lieo.
1739 3536 1824 3563 om.
1848 3522 1901 3562 D.
1928 3522 1989 3562 De
2011 3520 2225 3562 Assacenis
2243 3520 2444 3562 Arrianus
2462 3518 2569 3561 dixit
2586 3520 2630 3562 iu
2650 3515 2808 3618 KRP-'fi

1529 3584 1595 3626 ΑΙ.
1621 3586 1696 3635 IV,
1714 3585 1783 3626 25.
1802 3585 1870 3635 3ο,
1886 3585 1943 3634 V,
1965 3597 2033 3634 20,
2054 3583 2150 3624 item
2166 3580 2219 3624 de
2235 3575 2468 3639 Aspasiis'et
2480 3582 2641 3625 Guraeis
2656 3578 2785 3639 eim..

1530 3645 1625 3688 dem
1649 3656 1801 3689 tractus
1826 3645 1965 3698 Indis;
1987 3649 2284 3689 Astacenorum
2300 3659 2399 3688 vero
2414 3645 2592 3697 mentio,
2610 3657 2702 3702 qu·
2714 3611 2808 3704 hij}

1533 3709 1709 3751 Anabasi
1734 3708 1991 3751 desideratur
2021 3723 2155 3765 neque
2177 3707 2423 3763 corrigendo
2445 3705 2656 3750 inserenda
2675 3694 2808 3773 αξ

1535 3770 1712 3822 videtur,
1737 3772 1919 3813 occurrit
1950 3770 2062 3828 apud
2083 3770 2275 3814 Strabon.
2297 3784 2340 3827 p.
2368 3772 2448 3825 698
2478 3783 2487 3811 :
2509 3769 2567 3811 Τὰ
2588 3768 2630 3812 si
2650 3770 2808 3826 tan-5324,

1537 3832 1578 3880 ξῦ
1603 3834 1748 3874 τούτων
1771 3839 1847 3875 τῶν
1879 3834 1984 3875 δυεῖν
2007 3837 2191 3890 ποταμῶν
2223 3831 2379 3887 ἔχουσιν
2405 3827 2694 3884 Ἀστακηνοί
2751 3881 2765 3889 2
2804 3840 2808 3845 ²

1537 3894 1601 3935 καὶ
1620 3895 1812 3935 Μααιανοὶ
1834 3895 1899 3936 καὶ
1920 3894 2085 3936 Νυσαῖοι
2109 3894 2174 3936 καὶ
2195 3892 2401 3936 Ὕππάσιοι
2417 3893 2509 3948 (vel
2531 3892 2667 3949 potius
2684 3886 2764 3937 'h-
2797 3907 2808 3914 ·

1538 3957 1689 4007 πάσιοι;
1713 3957 1870 4007 Histoi,
1899 3954 2093 4006 Titianoi,
2114 3953 2316 3997 δπ”Ασίων
2333 3953 2458 3996 codd.
2477 3954 2509 4010 )·
2537 3952 2611 3995 εἶτ’
2630 3948 2656 4005 ἡ
2677 3945 2764 3993 Ἅθ-

1540 4023 1707 4060 σακανοῦ
1729 4019 1743 4076 (
1765 4018 1879 4075 quod
1896 4033 1939 4075 p.
1958 4022 2033 4073 691
2055 4026 2298 4075 corruptum
2322 4026 2382 4060 est
2403 4018 2448 4059 in
2469 4013 2711 4059 Moumvos
2726 4009 2765 4069 2,
