<?xml version="1.0" encoding="UTF-8"?>
<!DOCTYPE html PUBLIC "-//W3C//DTD XHTML 1.0 Transitional//EN"
    "http://www.w3.org/TR/xhtml1/DTD/xhtml1-transitional.dtd">
<html xmlns="http://www.w3.org/1999/xhtml" xml:lang="en" lang="en">
 <head>
  <title>
</title>
<meta http-equiv="Content-Type" content="text/html;charset=utf-8" />
  <meta name='ocr-system' content='tesseract 3.04.00' />
  <meta name='ocr-capabilities' content='ocr_page ocr_carea ocr_par ocr_line ocrx_word'/>
</head>
<body>
  <div class='ocr_page' id='page_1' title='image "./geographigraeci00mueluoft/geographigraeci00mueluoft_0713.png"; bbox 0 0 2808 4342; ppageno 0'>
   <div class='ocr_carea' id='block_1_1' title="bbox 45 161 170 223">
    <p class='ocr_par' dir='ltr' id='par_1_1' title="bbox 34 143 170 223">
     <span class='ocr_line' id='line_1_1' title="bbox 45 161 170 223; baseline 0 -15"><span class='ocrx_word' id='word_1_1' title='bbox 45 161 170 223; x_wconf 59' lang='lat'><strong>1352.)</strong></span> 
     </span>
    </p>
   </div>
   <div class='ocr_carea' id='block_1_2' title="bbox 9 262 1243 1977">
    <p class='ocr_par' dir='ltr' id='par_1_2' title="bbox 9 262 1243 544">
     <span class='ocr_line' id='line_1_2' title="bbox 9 262 1235 336; baseline 0.014 -30"><span class='ocrx_word' id='word_1_2' title='bbox 9 291 16 303; x_wconf 82' lang='lat'><strong>·</strong></span> <span class='ocrx_word' id='word_1_3' title='bbox 48 282 82 314; x_wconf 64' lang='grc' dir='ltr'>,ς</span> <span class='ocrx_word' id='word_1_4' title='bbox 113 263 339 326; x_wconf 86' lang='grc' dir='ltr'>ἀρχόμενος</span> <span class='ocrx_word' id='word_1_5' title='bbox 362 263 436 324; x_wconf 86' lang='grc' dir='ltr'>μὲν</span> <span class='ocrx_word' id='word_1_6' title='bbox 461 265 653 326; x_wconf 81' lang='grc' dir='ltr'>μεγέθους</span> <span class='ocrx_word' id='word_1_7' title='bbox 673 267 740 325; x_wconf 79' lang='grc' dir='ltr'>ἀ’,</span> <span class='ocrx_word' id='word_1_8' title='bbox 764 262 852 316; x_wconf 67' lang='grc' dir='ltr'>εἶτα</span> <span class='ocrx_word' id='word_1_9' title='bbox 871 271 940 330; x_wconf 76' lang='grc'>.6’,</span> <span class='ocrx_word' id='word_1_10' title='bbox 963 273 1032 319; x_wconf 77' lang='grc' dir='ltr'>καὶ</span> <span class='ocrx_word' id='word_1_11' title='bbox 1053 273 1142 330; x_wconf 78' lang='grc' dir='ltr'>ἑξῆς</span> <span class='ocrx_word' id='word_1_12' title='bbox 1162 295 1235 336; x_wconf 85' lang='grc' dir='ltr'>με·</span> 
     </span>
     <span class='ocr_line' id='line_1_3' title="bbox 38 331 1243 405; baseline 0.016 -33"><span class='ocrx_word' id='word_1_13' title='bbox 38 341 61 385; x_wconf 62' lang='grc'><strong><em>’</em></strong></span> <span class='ocrx_word' id='word_1_14' title='bbox 69 349 135 384; x_wconf 84' lang='grc' dir='ltr'>ους</span> <span class='ocrx_word' id='word_1_15' title='bbox 156 331 212 392; x_wconf 80' lang='grc' dir='ltr'>γ’,</span> <span class='ocrx_word' id='word_1_16' title='bbox 231 331 414 392; x_wconf 76' lang='grc' dir='ltr'>ἀμείὸων</span> <span class='ocrx_word' id='word_1_17' title='bbox 436 333 507 378; x_wconf 76' lang='grc' dir='ltr'>καὶ</span> <span class='ocrx_word' id='word_1_18' title='bbox 527 334 574 380; x_wconf 87' lang='grc' dir='ltr'>τὸ</span> <span class='ocrx_word' id='word_1_19' title='bbox 595 335 724 396; x_wconf 87' lang='grc' dir='ltr'>ὄνομα</span> <span class='ocrx_word' id='word_1_20' title='bbox 748 338 819 386; x_wconf 79' lang='grc' dir='ltr'>καὶ</span> <span class='ocrx_word' id='word_1_21' title='bbox 837 337 999 403; x_wconf 86' lang='grc' dir='ltr'>Ἴστρος</span> <span class='ocrx_word' id='word_1_22' title='bbox 1020 343 1243 405; x_wconf 69' lang='grc' dir='ltr'>καλούμε-Ι</span> 
     </span>
     <span class='ocr_line' id='line_1_4' title="bbox 39 401 1232 472; baseline 0.013 -28"><span class='ocrx_word' id='word_1_23' title='bbox 39 442 41 444; x_wconf 78' lang='grc'><strong>,</strong></span> <span class='ocrx_word' id='word_1_24' title='bbox 74 401 111 460; x_wconf 88' lang='grc'>),</span> <span class='ocrx_word' id='word_1_25' title='bbox 137 401 219 446; x_wconf 85' lang='grc' dir='ltr'>ἀπὸ</span> <span class='ocrx_word' id='word_1_26' title='bbox 242 402 284 446; x_wconf 87' lang='grc' dir='ltr'>δὲ</span> <span class='ocrx_word' id='word_1_27' title='bbox 308 401 460 454; x_wconf 86' lang='grc' dir='ltr'>δύσεως</span> <span class='ocrx_word' id='word_1_28' title='bbox 488 406 546 465; x_wconf 86' lang='grc' dir='ltr'>τῷ</span> <span class='ocrx_word' id='word_1_29' title='bbox 579 403 716 469; x_wconf 78' lang='grc' dir='ltr'>Ῥήνῳ</span> <span class='ocrx_word' id='word_1_30' title='bbox 739 412 931 472; x_wconf 82' lang='grc' dir='ltr'>ποταμῷ.</span> <span class='ocrx_word' id='word_1_31' title='bbox 1001 412 1087 458; x_wconf 80' lang='grc' dir='ltr'>Καὶ</span> <span class='ocrx_word' id='word_1_32' title='bbox 1107 416 1133 468; x_wconf 82' lang='grc' dir='ltr'>ἡ</span> <span class='ocrx_word' id='word_1_33' title='bbox 1159 413 1232 472; x_wconf 85' lang='grc' dir='ltr'>μὲν</span> 
     </span>
     <span class='ocr_line' id='line_1_5' title="bbox 41 468 1233 544; baseline 0.013 -32"><span class='ocrx_word' id='word_1_34' title='bbox 41 491 42 494; x_wconf 43' lang='grc'><strong>“</strong></span> <span class='ocrx_word' id='word_1_35' title='bbox 92 468 324 533; x_wconf 81' lang='grc' dir='ltr'>περιγραφὴ</span> <span class='ocrx_word' id='word_1_36' title='bbox 340 473 411 526; x_wconf 75' lang='grc' dir='ltr'>τῆς</span> <span class='ocrx_word' id='word_1_37' title='bbox 432 471 573 534; x_wconf 83' lang='grc' dir='ltr'>χώρας</span> <span class='ocrx_word' id='word_1_38' title='bbox 591 473 717 527; x_wconf 74' lang='grc' dir='ltr'>οὕτως</span> <span class='ocrx_word' id='word_1_39' title='bbox 733 475 834 539; x_wconf 84' lang='grc' dir='ltr'>ἔχει·</span> <span class='ocrx_word' id='word_1_40' title='bbox 854 476 906 523; x_wconf 81' lang='grc' dir='ltr'>τὰ</span> <span class='ocrx_word' id='word_1_41' title='bbox 926 477 967 523; x_wconf 83' lang='grc' dir='ltr'>δὲ</span> <span class='ocrx_word' id='word_1_42' title='bbox 987 479 1094 524; x_wconf 81' lang='grc' dir='ltr'>κατὰ</span> <span class='ocrx_word' id='word_1_43' title='bbox 1112 481 1233 544; x_wconf 79' lang='grc' dir='ltr'>μέρος</span> 
     </span>
    </p>

    <p class='ocr_par' dir='ltr' id='par_1_3' title="bbox 28 555 1227 1977">
     <span class='ocr_line' id='line_1_6' title="bbox 64 555 182 597; baseline 0.034 -16"><span class='ocrx_word' id='word_1_44' title='bbox 64 555 182 597; x_wconf 86' lang='grc' dir='ltr'>ομεν.</span> 
     </span>
     <span class='ocr_line' id='line_1_7' title="bbox 47 605 1227 676; baseline 0.011 -24.923"><span class='ocrx_word' id='word_1_45' title='bbox 47 621 113 652; x_wconf 67' lang='lat'>³2.</span> <span class='ocrx_word' id='word_1_46' title='bbox 150 605 249 652; x_wconf 91' lang='grc' dir='ltr'>Ἀπὸ</span> <span class='ocrx_word' id='word_1_47' title='bbox 279 610 359 652; x_wconf 84' lang='grc' dir='ltr'>τῶν</span> <span class='ocrx_word' id='word_1_48' title='bbox 384 609 566 656; x_wconf 75' lang='grc' dir='ltr'>ε’κὸολῶν</span> <span class='ocrx_word' id='word_1_49' title='bbox 587 615 659 656; x_wconf 91' lang='grc' dir='ltr'>τοῦ</span> <span class='ocrx_word' id='word_1_50' title='bbox 683 610 835 668; x_wconf 82' lang='grc' dir='ltr'>Ῥήνου</span> <span class='ocrx_word' id='word_1_51' title='bbox 865 619 1079 676; x_wconf 77' lang='grc' dir='ltr'>ποταμοῦ,</span> <span class='ocrx_word' id='word_1_52' title='bbox 1104 635 1227 667; x_wconf 83' lang='grc' dir='ltr'>τουτ-</span> 
     </span>
     <span class='ocr_line' id='line_1_8' title="bbox 66 673 1227 742; baseline 0.011 -23.715"><span class='ocrx_word' id='word_1_53' title='bbox 66 691 101 718; x_wconf 90' lang='grc' dir='ltr'>ιν</span> <span class='ocrx_word' id='word_1_54' title='bbox 122 673 204 719; x_wconf 82' lang='grc' dir='ltr'>ἀπὸ</span> <span class='ocrx_word' id='word_1_55' title='bbox 224 679 294 720; x_wconf 90' lang='grc' dir='ltr'>τοῦ</span> <span class='ocrx_word' id='word_1_56' title='bbox 317 677 538 738; x_wconf 85' lang='grc' dir='ltr'>λεγομένου</span> <span class='ocrx_word' id='word_1_57' title='bbox 555 679 753 738; x_wconf 86' lang='grc' dir='ltr'>δυσμικοῦ</span> <span class='ocrx_word' id='word_1_58' title='bbox 774 680 976 741; x_wconf 87' lang='grc' dir='ltr'>στόματος</span> <span class='ocrx_word' id='word_1_59' title='bbox 995 685 1141 742; x_wconf 83' lang='grc' dir='ltr'>αὐτοῦ,</span> <span class='ocrx_word' id='word_1_60' title='bbox 1171 688 1227 738; x_wconf 89' lang='grc' dir='ltr'>εἷς</span> 
     </span>
     <span class='ocr_line' id='line_1_9' title="bbox 42 741 1223 817; baseline 0.012 -30"><span class='ocrx_word' id='word_1_61' title='bbox 42 741 168 803; x_wconf 47' lang='grc' dir='ltr'>’νίδρου</span> <span class='ocrx_word' id='word_1_62' title='bbox 197 749 387 806; x_wconf 79' lang='grc' dir='ltr'>ποταμοῦ</span> <span class='ocrx_word' id='word_1_63' title='bbox 422 745 595 799; x_wconf 78' lang='grc' dir='ltr'>ἐκὸολὰς</span> <span class='ocrx_word' id='word_1_64' title='bbox 633 748 801 810; x_wconf 34' lang='grc' dir='ltr'>στάδιοι·</span> <span class='ocrx_word' id='word_1_65' title='bbox 826 749 910 808; x_wconf 85' lang='grc' dir='ltr'>τπ’,</span> <span class='ocrx_word' id='word_1_66' title='bbox 948 752 1169 813; x_wconf 52' lang='grc' dir='ltr'>[στάδιοῧ</span> <span class='ocrx_word' id='word_1_67' title='bbox 1186 756 1223 817; x_wconf 91' lang='grc'>].</span> 
     </span>
     <span class='ocr_line' id='line_1_10' title="bbox 68 806 1227 882; baseline 0.011 -26"><span class='ocrx_word' id='word_1_68' title='bbox 68 809 90 856; x_wconf 91' lang='grc' dir='ltr'>ὸ</span> <span class='ocrx_word' id='word_1_69' title='bbox 113 811 156 857; x_wconf 85' lang='grc' dir='ltr'>δὲ</span> <span class='ocrx_word' id='word_1_70' title='bbox 173 812 350 874; x_wconf 81' lang='grc' dir='ltr'>Οὗίδρου</span> <span class='ocrx_word' id='word_1_71' title='bbox 370 806 557 873; x_wconf 79' lang='grc' dir='ltr'>ποταμοῦ</span> <span class='ocrx_word' id='word_1_72' title='bbox 577 817 631 867; x_wconf 85' lang='grc' dir='ltr'>εἷς</span> <span class='ocrx_word' id='word_1_73' title='bbox 651 819 936 882; x_wconf 88' lang='grc' dir='ltr'>Μαραρμανὸν</span> <span class='ocrx_word' id='word_1_74' title='bbox 955 821 1101 881; x_wconf 84' lang='grc' dir='ltr'>λιμένα</span> <span class='ocrx_word' id='word_1_75' title='bbox 1124 825 1227 869; x_wconf 89' lang='grc' dir='ltr'>στά-</span> 
     </span>
     <span class='ocr_line' id='line_1_11' title="bbox 39 878 1225 950; baseline 0.013 -28"><span class='ocrx_word' id='word_1_76' title='bbox 39 896 66 923; x_wconf 93' lang='grc' dir='ltr'>-ι</span> <span class='ocrx_word' id='word_1_77' title='bbox 86 878 159 935; x_wconf 89' lang='grc' dir='ltr'>τν’,</span> <span class='ocrx_word' id='word_1_78' title='bbox 180 881 338 927; x_wconf 82' lang='grc' dir='ltr'>στάδιοι</span> <span class='ocrx_word' id='word_1_79' title='bbox 356 881 433 929; x_wconf 88' lang='grc' dir='ltr'>σν’.</span> <span class='ocrx_word' id='word_1_80' title='bbox 499 882 599 929; x_wconf 86' lang='grc' dir='ltr'>Ἀπὸ</span> <span class='ocrx_word' id='word_1_81' title='bbox 614 879 661 930; x_wconf 43' lang='grc' dir='ltr'>μδὲ</span> <span class='ocrx_word' id='word_1_82' title='bbox 680 889 968 950; x_wconf 84' lang='grc' dir='ltr'>Μαραρμανοῦ</span> <span class='ocrx_word' id='word_1_83' title='bbox 988 890 1149 949; x_wconf 84' lang='grc' dir='ltr'>λιμένος</span> <span class='ocrx_word' id='word_1_84' title='bbox 1171 895 1225 944; x_wconf 81' lang='grc' dir='ltr'>εἷς</span> 
     </span>
     <span class='ocr_line' id='line_1_12' title="bbox 69 947 1221 1019; baseline 0.013 -27"><span class='ocrx_word' id='word_1_85' title='bbox 69 947 187 994; x_wconf 85' lang='grc' dir='ltr'>ασίου</span> <span class='ocrx_word' id='word_1_86' title='bbox 199 954 390 1010; x_wconf 85' lang='grc' dir='ltr'>ποταμοῦ</span> <span class='ocrx_word' id='word_1_87' title='bbox 408 951 577 1005; x_wconf 73' lang='grc' dir='ltr'>ἐκὸολὰς</span> <span class='ocrx_word' id='word_1_88' title='bbox 590 953 667 999; x_wconf 83' lang='grc' dir='ltr'>εἶσὶ</span> <span class='ocrx_word' id='word_1_89' title='bbox 684 955 839 1002; x_wconf 84' lang='grc' dir='ltr'>στάδιοι</span> <span class='ocrx_word' id='word_1_90' title='bbox 853 956 957 1019; x_wconf 84' lang='grc' dir='ltr'>χνε’,</span> <span class='ocrx_word' id='word_1_91' title='bbox 975 960 1130 1005; x_wconf 81' lang='grc' dir='ltr'>στάδιοι</span> <span class='ocrx_word' id='word_1_92' title='bbox 1147 961 1221 1009; x_wconf 83' lang='grc' dir='ltr'>υο’.</span> 
     </span>
     <span class='ocr_line' id='line_1_13' title="bbox 68 1015 1224 1084; baseline 0.013 -24"><span class='ocrx_word' id='word_1_93' title='bbox 68 1015 89 1061; x_wconf 90' lang='grc' dir='ltr'>ὸ</span> <span class='ocrx_word' id='word_1_94' title='bbox 121 1015 165 1061; x_wconf 87' lang='grc' dir='ltr'>δὲ</span> <span class='ocrx_word' id='word_1_95' title='bbox 201 1020 280 1063; x_wconf 83' lang='grc' dir='ltr'>τῶν</span> <span class='ocrx_word' id='word_1_96' title='bbox 317 1023 386 1064; x_wconf 88' lang='grc' dir='ltr'>τοῦ</span> <span class='ocrx_word' id='word_1_97' title='bbox 410 1019 609 1080; x_wconf 83' lang='grc' dir='ltr'>Ἀμασίου</span> <span class='ocrx_word' id='word_1_98' title='bbox 635 1028 826 1084; x_wconf 88' lang='grc' dir='ltr'>ποταμοῦ</span> <span class='ocrx_word' id='word_1_99' title='bbox 853 1025 1035 1072; x_wconf 77' lang='grc' dir='ltr'>ἐκὸολῶν</span> <span class='ocrx_word' id='word_1_100' title='bbox 1069 1029 1125 1080; x_wconf 85' lang='grc' dir='ltr'>εἷς</span> <span class='ocrx_word' id='word_1_101' title='bbox 1151 1029 1224 1082; x_wconf 78' lang='grc' dir='ltr'>τὰς</span> 
     </span>
     <span class='ocr_line' id='line_1_14' title="bbox 77 1083 1218 1159; baseline 0.013 -30"><span class='ocrx_word' id='word_1_102' title='bbox 77 1083 124 1137; x_wconf 85' lang='grc' dir='ltr'>ὰς</span> <span class='ocrx_word' id='word_1_103' title='bbox 152 1090 222 1131; x_wconf 82' lang='grc' dir='ltr'>τοῦ</span> <span class='ocrx_word' id='word_1_104' title='bbox 255 1089 378 1133; x_wconf 80' lang='grc' dir='ltr'>αὑτοῦ</span> <span class='ocrx_word' id='word_1_105' title='bbox 401 1094 589 1150; x_wconf 87' lang='grc' dir='ltr'>ποταμοῦ</span> <span class='ocrx_word' id='word_1_106' title='bbox 625 1092 782 1139; x_wconf 85' lang='grc' dir='ltr'>στάδιοι</span> <span class='ocrx_word' id='word_1_107' title='bbox 805 1094 919 1156; x_wconf 59' lang='lat' dir='ltr'>find,</span> <span class='ocrx_word' id='word_1_108' title='bbox 944 1096 1101 1142; x_wconf 84' lang='grc' dir='ltr'>στάδιοι</span> <span class='ocrx_word' id='word_1_109' title='bbox 1123 1099 1218 1159; x_wconf 58' lang='grc' dir='ltr'>,ατ’.</span> 
     </span>
     <span class='ocr_line' id='line_1_15' title="bbox 47 1153 1222 1227; baseline 0.012 -29"><span class='ocrx_word' id='word_1_110' title='bbox 47 1153 86 1199; x_wconf 91' lang='grc' dir='ltr'>ὸ</span> <span class='ocrx_word' id='word_1_111' title='bbox 122 1153 164 1200; x_wconf 82' lang='grc' dir='ltr'>δὲ</span> <span class='ocrx_word' id='word_1_112' title='bbox 202 1155 399 1216; x_wconf 82' lang='grc' dir='ltr'>Ἀμασίου</span> <span class='ocrx_word' id='word_1_113' title='bbox 432 1163 620 1220; x_wconf 86' lang='grc' dir='ltr'>ποταμοῦ</span> <span class='ocrx_word' id='word_1_114' title='bbox 657 1160 838 1207; x_wconf 78' lang='grc' dir='ltr'>ἒκὸολῶν</span> <span class='ocrx_word' id='word_1_115' title='bbox 867 1165 922 1215; x_wconf 88' lang='grc' dir='ltr'>εἷς</span> <span class='ocrx_word' id='word_1_116' title='bbox 954 1164 1222 1227; x_wconf 82' lang='grc' dir='ltr'>Οὗῖσούργιος</span> 
     </span>
     <span class='ocr_line' id='line_1_16' title="bbox 45 1224 1221 1294; baseline 0.01 -26"><span class='ocrx_word' id='word_1_117' title='bbox 45 1227 177 1283; x_wconf 87' lang='grc' dir='ltr'>ταμοῦ</span> <span class='ocrx_word' id='word_1_118' title='bbox 213 1224 387 1278; x_wconf 76' lang='grc' dir='ltr'>ἕκὸολὰς</span> <span class='ocrx_word' id='word_1_119' title='bbox 422 1227 578 1274; x_wconf 88' lang='grc' dir='ltr'>στάδιοι</span> <span class='ocrx_word' id='word_1_120' title='bbox 601 1227 678 1290; x_wconf 71' lang='grc' dir='ltr'>(ρξ’,</span> <span class='ocrx_word' id='word_1_121' title='bbox 702 1230 888 1290; x_wconf 86' lang='grc' dir='ltr'>[στάδιοι</span> <span class='ocrx_word' id='word_1_122' title='bbox 905 1233 924 1254; x_wconf 89' lang='lat'><strong>*</strong></span> <span class='ocrx_word' id='word_1_123' title='bbox 943 1233 978 1294; x_wconf 91' lang='grc'>].</span> <span class='ocrx_word' id='word_1_124' title='bbox 1045 1232 1146 1279; x_wconf 90' lang='grc' dir='ltr'>Ἀπὸ</span> <span class='ocrx_word' id='word_1_125' title='bbox 1179 1234 1221 1280; x_wconf 83' lang='grc' dir='ltr'>δὲ</span> 
     </span>
     <span class='ocr_line' id='line_1_17' title="bbox 94 1291 1220 1363; baseline 0.011 -26.468"><span class='ocrx_word' id='word_1_126' title='bbox 94 1291 274 1339; x_wconf 74' lang='grc' dir='ltr'>ἕκὸολῶν</span> <span class='ocrx_word' id='word_1_127' title='bbox 302 1298 373 1341; x_wconf 89' lang='grc' dir='ltr'>τοῦ</span> <span class='ocrx_word' id='word_1_128' title='bbox 395 1297 666 1358; x_wconf 80' lang='grc' dir='ltr'>Οὐϊσούργιος</span> <span class='ocrx_word' id='word_1_129' title='bbox 687 1304 876 1360; x_wconf 87' lang='grc' dir='ltr'>ποταμοῦ</span> <span class='ocrx_word' id='word_1_130' title='bbox 899 1300 967 1346; x_wconf 81' lang='grc' dir='ltr'>ἐπὶ</span> <span class='ocrx_word' id='word_1_131' title='bbox 989 1301 1063 1353; x_wconf 83' lang='grc' dir='ltr'>τὰς</span> <span class='ocrx_word' id='word_1_132' title='bbox 1085 1302 1220 1363; x_wconf 84' lang='grc' dir='ltr'>πηγὰς</span> 
     </span>
     <span class='ocr_line' id='line_1_18' title="bbox 77 1360 1218 1432; baseline 0.011 -28"><span class='ocrx_word' id='word_1_133' title='bbox 77 1360 200 1406; x_wconf 80' lang='grc' dir='ltr'>αὐτοῦ</span> <span class='ocrx_word' id='word_1_134' title='bbox 217 1367 407 1422; x_wconf 88' lang='grc' dir='ltr'>ποταμοῦ</span> <span class='ocrx_word' id='word_1_135' title='bbox 425 1363 584 1411; x_wconf 89' lang='grc' dir='ltr'>στάδιοι</span> <span class='ocrx_word' id='word_1_136' title='bbox 604 1365 736 1429; x_wconf 50' lang='grc' dir='ltr'>,αψπζ</span> <span class='ocrx_word' id='word_1_137' title='bbox 754 1367 911 1414; x_wconf 91' lang='grc' dir='ltr'>στάδιοι</span> <span class='ocrx_word' id='word_1_138' title='bbox 926 1369 1025 1432; x_wconf 56' lang='lat'>1⁰0(-</span> <span class='ocrx_word' id='word_1_139' title='bbox 1063 1369 1160 1416; x_wconf 87' lang='grc' dir='ltr'>Ἀπὸ</span> <span class='ocrx_word' id='word_1_140' title='bbox 1177 1370 1218 1416; x_wconf 82' lang='grc' dir='ltr'>δὲ</span> 
     </span>
     <span class='ocr_line' id='line_1_19' title="bbox 48 1429 1218 1497; baseline 0.007 -20"><span class='ocrx_word' id='word_1_141' title='bbox 48 1429 252 1492; x_wconf 82' lang='grc' dir='ltr'>,ἴσούργιος</span> <span class='ocrx_word' id='word_1_142' title='bbox 268 1437 455 1492; x_wconf 85' lang='grc' dir='ltr'>ποταμοῦ</span> <span class='ocrx_word' id='word_1_143' title='bbox 477 1435 531 1486; x_wconf 89' lang='grc' dir='ltr'>εἷς</span> <span class='ocrx_word' id='word_1_144' title='bbox 545 1431 709 1488; x_wconf 74' lang='grc' dir='ltr'>Ἄλὸιος</span> <span class='ocrx_word' id='word_1_145' title='bbox 723 1442 912 1497; x_wconf 88' lang='grc' dir='ltr'>ποταμοῦ</span> <span class='ocrx_word' id='word_1_146' title='bbox 925 1437 1098 1490; x_wconf 73' lang='grc' dir='ltr'>ἐκὸολὰς</span> <span class='ocrx_word' id='word_1_147' title='bbox 1117 1439 1218 1485; x_wconf 83' lang='grc' dir='ltr'>στά·</span> 
     </span>
     <span class='ocr_line' id='line_1_20' title="bbox 47 1497 1219 1563; baseline 0.009 -20"><span class='ocrx_word' id='word_1_148' title='bbox 47 1521 49 1525; x_wconf 32' lang='lat' dir='ltr'>r</span> <span class='ocrx_word' id='word_1_149' title='bbox 79 1497 187 1559; x_wconf 79' lang='grc' dir='ltr'>χκε’,</span> <span class='ocrx_word' id='word_1_150' title='bbox 209 1500 388 1560; x_wconf 88' lang='grc' dir='ltr'>[στάδιοι</span> <span class='ocrx_word' id='word_1_151' title='bbox 401 1501 456 1563; x_wconf 72' lang='lat'>*].</span> <span class='ocrx_word' id='word_1_152' title='bbox 495 1501 594 1548; x_wconf 89' lang='grc' dir='ltr'>Ἀπὸ</span> <span class='ocrx_word' id='word_1_153' title='bbox 615 1502 654 1548; x_wconf 83' lang='grc' dir='ltr'>δὲ</span> <span class='ocrx_word' id='word_1_154' title='bbox 673 1508 752 1551; x_wconf 81' lang='grc' dir='ltr'>τῶν</span> <span class='ocrx_word' id='word_1_155' title='bbox 773 1505 951 1552; x_wconf 79' lang='grc' dir='ltr'>ἐκὸολῶν</span> <span class='ocrx_word' id='word_1_156' title='bbox 968 1510 1037 1552; x_wconf 88' lang='grc' dir='ltr'>τοῦ</span> <span class='ocrx_word' id='word_1_157' title='bbox 1055 1505 1219 1560; x_wconf 76' lang='grc' dir='ltr'>Ἄλὸιος</span> 
     </span>
     <span class='ocr_line' id='line_1_21' title="bbox 38 1567 1218 1638; baseline 0.009 -27"><span class='ocrx_word' id='word_1_158' title='bbox 38 1570 173 1627; x_wconf 28' lang='grc' dir='ltr'>,αμοῦ</span> <span class='ocrx_word' id='word_1_159' title='bbox 187 1567 254 1614; x_wconf 84' lang='grc' dir='ltr'>ἐπὶ</span> <span class='ocrx_word' id='word_1_160' title='bbox 267 1569 339 1622; x_wconf 87' lang='grc' dir='ltr'>τὰς</span> <span class='ocrx_word' id='word_1_161' title='bbox 354 1571 491 1631; x_wconf 87' lang='grc' dir='ltr'>πηγὰς</span> <span class='ocrx_word' id='word_1_162' title='bbox 503 1576 573 1616; x_wconf 88' lang='grc' dir='ltr'>τοῦ</span> <span class='ocrx_word' id='word_1_163' title='bbox 592 1574 716 1619; x_wconf 79' lang='grc' dir='ltr'>αὐτοῦ</span> <span class='ocrx_word' id='word_1_164' title='bbox 731 1579 917 1635; x_wconf 87' lang='grc' dir='ltr'>ποταμοῦ</span> <span class='ocrx_word' id='word_1_165' title='bbox 935 1575 1092 1621; x_wconf 87' lang='grc' dir='ltr'>στάδιοι</span> <span class='ocrx_word' id='word_1_166' title='bbox 1110 1577 1218 1638; x_wconf 46' lang='lat' dir='ltr'>,aaz</span> 
     </span>
     <span class='ocr_line' id='line_1_22' title="bbox 64 1636 1218 1706; baseline 0.009 -26.803"><span class='ocrx_word' id='word_1_167' title='bbox 64 1636 141 1680; x_wconf 89' lang='grc' dir='ltr'>διοι</span> <span class='ocrx_word' id='word_1_168' title='bbox 175 1637 266 1700; x_wconf 54' lang='grc' dir='ltr'>Ιγτ’.</span> <span class='ocrx_word' id='word_1_169' title='bbox 337 1639 458 1686; x_wconf 85' lang='grc' dir='ltr'>Κατὰ</span> <span class='ocrx_word' id='word_1_170' title='bbox 490 1644 609 1686; x_wconf 89' lang='grc' dir='ltr'>τοῦτο</span> <span class='ocrx_word' id='word_1_171' title='bbox 630 1641 679 1687; x_wconf 90' lang='grc' dir='ltr'>τὸ</span> <span class='ocrx_word' id='word_1_172' title='bbox 705 1642 824 1706; x_wconf 83' lang='grc' dir='ltr'>μέρος</span> <span class='ocrx_word' id='word_1_173' title='bbox 846 1647 1001 1689; x_wconf 86' lang='grc' dir='ltr'>κεῖνται</span> <span class='ocrx_word' id='word_1_174' title='bbox 1032 1647 1148 1699; x_wconf 77' lang='grc' dir='ltr'>ν’ῆσοι</span> <span class='ocrx_word' id='word_1_175' title='bbox 1177 1647 1218 1690; x_wconf 79' lang='grc' dir='ltr'>αἱ</span> 
     </span>
     <span class='ocr_line' id='line_1_23' title="bbox 42 1705 1218 1767; baseline 0.008 -18"><span class='ocrx_word' id='word_1_176' title='bbox 42 1705 234 1765; x_wconf 45' lang='grc' dir='ltr'>’σύμεναι</span> <span class='ocrx_word' id='word_1_177' title='bbox 257 1707 466 1761; x_wconf 87' lang='grc' dir='ltr'>Σαξόνων.</span> <span class='ocrx_word' id='word_1_178' title='bbox 538 1709 635 1756; x_wconf 74' lang='grc' dir='ltr'>Εἰσὶ</span> <span class='ocrx_word' id='word_1_179' title='bbox 658 1711 694 1754; x_wconf 89' lang='grc' dir='ltr'>δ’</span> <span class='ocrx_word' id='word_1_180' title='bbox 715 1713 780 1755; x_wconf 86' lang='grc' dir='ltr'>ἐπ’</span> <span class='ocrx_word' id='word_1_181' title='bbox 802 1711 925 1763; x_wconf 83' lang='grc' dir='ltr'>αὐτὰς</span> <span class='ocrx_word' id='word_1_182' title='bbox 947 1712 1028 1757; x_wconf 83' lang='grc' dir='ltr'>ἀπὸ</span> <span class='ocrx_word' id='word_1_183' title='bbox 1051 1716 1123 1767; x_wconf 74' lang='grc' dir='ltr'>τῆς</span> <span class='ocrx_word' id='word_1_184' title='bbox 1145 1714 1218 1757; x_wconf 79' lang='grc' dir='ltr'>ἐκ·-</span> 
     </span>
     <span class='ocr_line' id='line_1_24' title="bbox 57 1775 1151 1841; baseline 0.005 -20.845"><span class='ocrx_word' id='word_1_185' title='bbox 57 1777 104 1830; x_wconf 77' lang='grc' dir='ltr'>ἦς</span> <span class='ocrx_word' id='word_1_186' title='bbox 121 1779 190 1826; x_wconf 88' lang='grc' dir='ltr'>τοῦ</span> <span class='ocrx_word' id='word_1_187' title='bbox 210 1775 578 1836; x_wconf 66' lang='grc' dir='ltr'>Ἀλὸιοςοποταμοῦ</span> <span class='ocrx_word' id='word_1_188' title='bbox 599 1778 758 1824; x_wconf 88' lang='grc' dir='ltr'>στάδιοι</span> <span class='ocrx_word' id='word_1_189' title='bbox 776 1779 855 1841; x_wconf 85' lang='grc' dir='ltr'>ψν’,</span> <span class='ocrx_word' id='word_1_190' title='bbox 874 1781 891 1840; x_wconf 88' lang='grc'>[</span> <span class='ocrx_word' id='word_1_191' title='bbox 909 1780 1066 1826; x_wconf 89' lang='grc' dir='ltr'>στάδιοι</span> <span class='ocrx_word' id='word_1_192' title='bbox 1083 1782 1151 1841; x_wconf 71' lang='lat'>*].</span> 
     </span>
     <span class='ocr_line' id='line_1_25' title="bbox 42 1841 1218 1907; baseline 0.003 -19"><span class='ocrx_word' id='word_1_193' title='bbox 42 1857 100 1888; x_wconf 79' lang='grc'>33.</span> <span class='ocrx_word' id='word_1_194' title='bbox 128 1842 227 1888; x_wconf 85' lang='grc' dir='ltr'>Ἀπὸ</span> <span class='ocrx_word' id='word_1_195' title='bbox 247 1844 288 1888; x_wconf 85' lang='grc' dir='ltr'>δὲ</span> <span class='ocrx_word' id='word_1_196' title='bbox 312 1848 382 1889; x_wconf 89' lang='grc' dir='ltr'>τοῦ</span> <span class='ocrx_word' id='word_1_197' title='bbox 404 1841 570 1896; x_wconf 76' lang='grc' dir='ltr'>Ἄλὸιος</span> <span class='ocrx_word' id='word_1_198' title='bbox 584 1852 773 1904; x_wconf 89' lang='grc' dir='ltr'>ποταμοῦ</span> <span class='ocrx_word' id='word_1_199' title='bbox 796 1847 1007 1907; x_wconf 83' lang='grc' dir='ltr'>ἐκδέχεται</span> <span class='ocrx_word' id='word_1_200' title='bbox 1023 1851 1049 1903; x_wconf 86' lang='grc' dir='ltr'>ἡ</span> <span class='ocrx_word' id='word_1_201' title='bbox 1069 1850 1218 1893; x_wconf 77' lang='grc' dir='ltr'>καλου-</span> 
     </span>
     <span class='ocr_line' id='line_1_26' title="bbox 106 1910 1217 1977; baseline 0.005 -21"><span class='ocrx_word' id='word_1_202' title='bbox 106 1910 320 1973; x_wconf 77' lang='grc' dir='ltr'>Κιμὸρικὴ</span> <span class='ocrx_word' id='word_1_203' title='bbox 333 1912 579 1975; x_wconf 82' lang='grc' dir='ltr'>χερσόνησος</span> <span class='ocrx_word' id='word_1_204' title='bbox 595 1914 769 1976; x_wconf 85' lang='grc' dir='ltr'>μεγίστη</span> <span class='ocrx_word' id='word_1_205' title='bbox 790 1916 1064 1977; x_wconf 79' lang='grc' dir='ltr'>τυγχάνουσα.</span> <span class='ocrx_word' id='word_1_206' title='bbox 1131 1916 1217 1962; x_wconf 77' lang='grc' dir='ltr'>Καὶ</span> 
     </span>
    </p>
   </div>
   <div class='ocr_carea' id='block_1_3' title="bbox 0 2070 1219 2375">
    <p class='ocr_par' dir='ltr' id='par_1_4' title="bbox 0 2070 1219 2375">
     <span class='ocr_line' id='line_1_27' title="bbox 0 2070 1219 2129; baseline 0.005 -18"><span class='ocrx_word' id='word_1_207' title='bbox 0 2070 1 2097; x_wconf 51' lang='lat' dir='ltr'>l</span> <span class='ocrx_word' id='word_1_208' title='bbox 43 2090 52 2107; x_wconf 87' lang='lat'><strong>·</strong></span> <span class='ocrx_word' id='word_1_209' title='bbox 87 2071 307 2112; x_wconf 89' lang='lat' dir='ltr'>Ptolemaeo</span> <span class='ocrx_word' id='word_1_210' title='bbox 339 2086 384 2128; x_wconf 91' lang='lat' dir='ltr'>p.</span> <span class='ocrx_word' id='word_1_211' title='bbox 417 2076 510 2127; x_wconf 78' lang='grc'><strong>149,</strong></span> <span class='ocrx_word' id='word_1_212' title='bbox 554 2088 621 2116; x_wconf 90' lang='grc'>20.</span> <span class='ocrx_word' id='word_1_213' title='bbox 667 2075 684 2129; x_wconf 72' lang='lat'>11</span> <span class='ocrx_word' id='word_1_214' title='bbox 719 2099 777 2106; x_wconf 90' lang='lat'>—-</span> <span class='ocrx_word' id='word_1_215' title='bbox 800 2089 838 2116; x_wconf 89' lang='lat'>1.</span> <span class='ocrx_word' id='word_1_216' title='bbox 871 2076 1035 2117; x_wconf 84' lang='lat' dir='ltr'><strong>Inclusa</strong></span> <span class='ocrx_word' id='word_1_217' title='bbox 1055 2091 1078 2117; x_wconf 85' lang='lat' dir='ltr'>e</span> <span class='ocrx_word' id='word_1_218' title='bbox 1110 2091 1219 2117; x_wconf 89' lang='lat' dir='ltr'>mar-</span> 
     </span>
     <span class='ocr_line' id='line_1_28' title="bbox 1 2131 1216 2193; baseline 0.007 -22"><span class='ocrx_word' id='word_1_219' title='bbox 1 2146 2 2149; x_wconf 50' lang='lat'><em>*</em></span> <span class='ocrx_word' id='word_1_220' title='bbox 48 2131 100 2172; x_wconf 91' lang='lat' dir='ltr'>ali</span> <span class='ocrx_word' id='word_1_221' title='bbox 120 2140 219 2173; x_wconf 86' lang='lat' dir='ltr'>nota</span> <span class='ocrx_word' id='word_1_222' title='bbox 241 2133 496 2189; x_wconf 83' lang='lat' dir='ltr'>irrepserint,</span> <span class='ocrx_word' id='word_1_223' title='bbox 527 2144 574 2176; x_wconf 90' lang='lat' dir='ltr'>ut</span> <span class='ocrx_word' id='word_1_224' title='bbox 589 2151 681 2191; x_wconf 85' lang='lat' dir='ltr'>quae</span> <span class='ocrx_word' id='word_1_225' title='bbox 700 2137 848 2178; x_wconf 87' lang='lat' dir='ltr'>similia</span> <span class='ocrx_word' id='word_1_226' title='bbox 875 2152 998 2193; x_wconf 84' lang='lat' dir='ltr'>supra</span> <span class='ocrx_word' id='word_1_227' title='bbox 1027 2139 1216 2192; x_wconf 81' lang='lat' dir='ltr'>legimus,</span> 
     </span>
     <span class='ocr_line' id='line_1_29' title="bbox 87 2192 1214 2254; baseline 0.006 -19.714"><span class='ocrx_word' id='word_1_228' title='bbox 87 2192 178 2235; x_wconf 90' lang='grc' dir='ltr'>α’...</span> <span class='ocrx_word' id='word_1_229' title='bbox 214 2194 301 2249; x_wconf 86' lang='grc' dir='ltr'>β’...</span> <span class='ocrx_word' id='word_1_230' title='bbox 332 2194 374 2248; x_wconf 83' lang='grc' dir='ltr'>γ’</span> <span class='ocrx_word' id='word_1_231' title='bbox 397 2195 528 2237; x_wconf 87' lang='lat' dir='ltr'>codex</span> <span class='ocrx_word' id='word_1_232' title='bbox 549 2198 673 2239; x_wconf 89' lang='lat' dir='ltr'>habet</span> <span class='ocrx_word' id='word_1_233' title='bbox 702 2198 744 2254; x_wconf 85' lang='grc' dir='ltr'>γ’</span> <span class='ocrx_word' id='word_1_234' title='bbox 767 2198 804 2253; x_wconf 88' lang='grc' dir='ltr'>β’</span> <span class='ocrx_word' id='word_1_235' title='bbox 822 2198 876 2250; x_wconf 86' lang='grc' dir='ltr'>α’;</span> <span class='ocrx_word' id='word_1_236' title='bbox 914 2214 996 2240; x_wconf 90' lang='lat' dir='ltr'>em.</span> <span class='ocrx_word' id='word_1_237' title='bbox 1023 2200 1214 2241; x_wconf 87' lang='lat' dir='ltr'>Hudson.</span> 
     </span>
     <span class='ocr_line' id='line_1_30' title="bbox 40 2255 1011 2315; baseline 0.009 -22"><span class='ocrx_word' id='word_1_238' title='bbox 40 2274 48 2291; x_wconf 83' lang='grc' dir='ltr'>ι</span> <span class='ocrx_word' id='word_1_239' title='bbox 80 2256 261 2310; x_wconf 84' lang='grc' dir='ltr'>μεγέθους</span> <span class='ocrx_word' id='word_1_240' title='bbox 283 2255 377 2297; x_wconf 91' lang='lat' dir='ltr'>cod.</span> <span class='ocrx_word' id='word_1_241' title='bbox 401 2259 560 2313; x_wconf 83' lang='grc' dir='ltr'>μεγέθος</span> <span class='ocrx_word' id='word_1_242' title='bbox 579 2260 596 2313; x_wconf 90' lang='grc'>(</span> <span class='ocrx_word' id='word_1_243' title='bbox 612 2259 693 2315; x_wconf 89' lang='lat' dir='ltr'>sic)</span> <span class='ocrx_word' id='word_1_244' title='bbox 706 2275 718 2309; x_wconf 91' lang='lat'>;</span> <span class='ocrx_word' id='word_1_245' title='bbox 739 2274 820 2300; x_wconf 91' lang='lat' dir='ltr'>em.</span> <span class='ocrx_word' id='word_1_246' title='bbox 842 2261 1011 2301; x_wconf 88' lang='lat' dir='ltr'>Hoesch.</span> 
     </span>
     <span class='ocr_line' id='line_1_31' title="bbox 36 2319 1210 2375; baseline 0.005 -16"><span class='ocrx_word' id='word_1_247' title='bbox 36 2343 47 2360; x_wconf 50' lang='grc' dir='ltr'><strong>ς</strong></span> <span class='ocrx_word' id='word_1_248' title='bbox 76 2322 142 2360; x_wconf 84' lang='grc'>32.</span> <span class='ocrx_word' id='word_1_249' title='bbox 169 2319 414 2361; x_wconf 86' lang='lat' dir='ltr'>Ptolemaeus</span> <span class='ocrx_word' id='word_1_250' title='bbox 425 2322 481 2371; x_wconf 91' lang='grc' dir='ltr'>Π,</span> <span class='ocrx_word' id='word_1_251' title='bbox 504 2335 554 2362; x_wconf 92' lang='lat'>10</span> <span class='ocrx_word' id='word_1_252' title='bbox 573 2321 709 2363; x_wconf 78' lang='grc' dir='ltr'>’.Μετὰ</span> <span class='ocrx_word' id='word_1_253' title='bbox 720 2322 787 2370; x_wconf 82' lang='grc' dir='ltr'>τὰς</span> <span class='ocrx_word' id='word_1_254' title='bbox 797 2326 864 2363; x_wconf 84' lang='grc' dir='ltr'>τοῦ</span> <span class='ocrx_word' id='word_1_255' title='bbox 887 2321 1026 2375; x_wconf 80' lang='grc' dir='ltr'>Ῥήνου</span> <span class='ocrx_word' id='word_1_256' title='bbox 1039 2323 1210 2372; x_wconf 75' lang='grc' dir='ltr'>ἐκὸολάς·</span> 
     </span>
    </p>
   </div>
   <div class='ocr_carea' id='block_1_4' title="bbox 983 2406 1140 2436">
    <p class='ocr_par' dir='ltr' id='par_1_5' title="bbox 983 2406 1140 2436">
     <span class='ocr_line' id='line_1_32' title="bbox 983 2406 1140 2436; baseline -0.006 -1"><span class='ocrx_word' id='word_1_257' title='bbox 983 2406 1140 2436; x_wconf 74' lang='lat' dir='ltr'>Mat-clun.</span> 
     </span>
    </p>
   </div>
   <div class='ocr_carea' id='block_1_5' title="bbox 0 2408 1125 2554">
    <p class='ocr_par' dir='ltr' id='par_1_6' title="bbox 0 2408 1125 2554">
     <span class='ocr_line' id='line_1_33' title="bbox 0 2408 323 2490; baseline 0.006 -16"><span class='ocrx_word' id='word_1_258' title='bbox 0 2408 1 2487; x_wconf 49' lang='lat' dir='ltr'>l</span> <span class='ocrx_word' id='word_1_259' title='bbox 35 2435 137 2490; x_wconf 87' lang='grc' dir='ltr'>δρου</span> <span class='ocrx_word' id='word_1_260' title='bbox 164 2434 323 2476; x_wconf 74' lang='grc' dir='ltr'>ἐκὸολαί</span> 
     </span>
     <span class='ocr_line' id='line_1_34' title="bbox 393 2500 1125 2554; baseline 0.008 -15"><span class='ocrx_word' id='word_1_261' title='bbox 393 2504 402 2507; x_wconf 67' lang='grc'><strong>“</strong></span> <span class='ocrx_word' id='word_1_262' title='bbox 455 2503 530 2554; x_wconf 88' lang='grc'><strong>270</strong></span> <span class='ocrx_word' id='word_1_263' title='bbox 561 2500 629 2544; x_wconf 89' lang='grc'>20’</span> <span class='ocrx_word' id='word_1_264' title='bbox 690 2501 763 2551; x_wconf 91' lang='grc'><strong>540</strong></span> <span class='ocrx_word' id='word_1_265' title='bbox 794 2502 863 2544; x_wconf 83' lang='lat'>20&#39;</span> <span class='ocrx_word' id='word_1_266' title='bbox 920 2504 1002 2545; x_wconf 87' lang='lat'>380</span> <span class='ocrx_word' id='word_1_267' title='bbox 1019 2504 1125 2545; x_wconf 88' lang='lat' dir='ltr'>stad.</span> 
     </span>
    </p>
   </div>
   <div class='ocr_carea' id='block_1_6' title="bbox 1 2558 1211 2926">
    <p class='ocr_par' dir='ltr' id='par_1_7' title="bbox 1 2558 1107 2663">
     <span class='ocr_line' id='line_1_35' title="bbox 1 2558 1107 2622; baseline 0.01 -25"><span class='ocrx_word' id='word_1_268' title='bbox 1 2563 3 2622; x_wconf 30' lang='grc' dir='ltr'>ξ</span> <span class='ocrx_word' id='word_1_269' title='bbox 44 2559 228 2614; x_wconf 74' lang='grc' dir='ltr'>ναρμανὶς</span> <span class='ocrx_word' id='word_1_270' title='bbox 246 2558 366 2615; x_wconf 78' lang='grc' dir='ltr'>λιμὴν</span> <span class='ocrx_word' id='word_1_271' title='bbox 455 2565 530 2604; x_wconf 88' lang='grc'><strong>280</strong></span> <span class='ocrx_word' id='word_1_272' title='bbox 691 2563 763 2613; x_wconf 86' lang='grc'><strong>540</strong></span> <span class='ocrx_word' id='word_1_273' title='bbox 794 2564 862 2614; x_wconf 85' lang='grc'>45’</span> <span class='ocrx_word' id='word_1_274' title='bbox 920 2565 1107 2608; x_wconf 84' lang='lat'><strong>350·250</strong></span> 
     </span>
     <span class='ocr_line' id='line_1_36' title="bbox 45 2620 340 2663; baseline 0.007 -2"><span class='ocrx_word' id='word_1_275' title='bbox 45 2621 156 2662; x_wconf 82' lang='grc' dir='ltr'>ασίου</span> <span class='ocrx_word' id='word_1_276' title='bbox 179 2620 340 2663; x_wconf 75' lang='grc' dir='ltr'>ἒκὸολαί</span> 
     </span>
    </p>

    <p class='ocr_par' dir='ltr' id='par_1_8' title="bbox 2 2669 1114 2745">
     <span class='ocr_line' id='line_1_37' title="bbox 2 2669 1114 2745; baseline 0.008 -21"><span class='ocrx_word' id='word_1_277' title='bbox 2 2669 7 2734; x_wconf 69' lang='grc' dir='ltr'>Ι</span> <span class='ocrx_word' id='word_1_278' title='bbox 35 2718 37 2723; x_wconf 25' lang='lat'><strong>⁴</strong></span> <span class='ocrx_word' id='word_1_279' title='bbox 370 2732 373 2733; x_wconf 13' lang='lat'><em>⁷</em></span> <span class='ocrx_word' id='word_1_280' title='bbox 471 2691 545 2742; x_wconf 80' lang='lat'>290</span> <span class='ocrx_word' id='word_1_281' title='bbox 703 2690 775 2730; x_wconf 86' lang='lat'>55⁰</span> <span class='ocrx_word' id='word_1_282' title='bbox 930 2690 1114 2745; x_wconf 79' lang='lat'>655-470</span> 
     </span>
    </p>

    <p class='ocr_par' dir='ltr' id='par_1_9' title="bbox 2 2735 1211 2865">
     <span class='ocr_line' id='line_1_38' title="bbox 2 2735 1211 2808; baseline 0.007 -21"><span class='ocrx_word' id='word_1_283' title='bbox 2 2735 4 2742; x_wconf 52' lang='grc'><em>’</em></span> <span class='ocrx_word' id='word_1_284' title='bbox 36 2745 162 2801; x_wconf 75' lang='grc' dir='ltr'>,ηγαὶ</span> <span class='ocrx_word' id='word_1_285' title='bbox 176 2749 244 2787; x_wconf 87' lang='grc' dir='ltr'>τοῦ</span> <span class='ocrx_word' id='word_1_286' title='bbox 261 2751 438 2803; x_wconf 80' lang='grc' dir='ltr'>ποταμοῦ</span> <span class='ocrx_word' id='word_1_287' title='bbox 470 2750 543 2790; x_wconf 89' lang='grc'><strong>320</strong></span> <span class='ocrx_word' id='word_1_288' title='bbox 700 2751 773 2792; x_wconf 90' lang='grc'><strong>520</strong></span> <span class='ocrx_word' id='word_1_289' title='bbox 932 2753 1211 2808; x_wconf 84' lang='grc'><strong>(2350-1600)</strong></span> 
     </span>
     <span class='ocr_line' id='line_1_39' title="bbox 25 2808 409 2865; baseline 0.008 -17"><span class='ocrx_word' id='word_1_290' title='bbox 25 2816 27 2818; x_wconf 84' lang='grc'><strong>’</strong></span> <span class='ocrx_word' id='word_1_291' title='bbox 47 2808 222 2863; x_wconf 77' lang='grc' dir='ltr'>σούργιος</span> <span class='ocrx_word' id='word_1_292' title='bbox 233 2813 409 2865; x_wconf 80' lang='grc' dir='ltr'>ποταμοῦ</span> 
     </span>
    </p>

    <p class='ocr_par' dir='ltr' id='par_1_10' title="bbox 28 2870 1015 2926">
     <span class='ocr_line' id='line_1_40' title="bbox 28 2870 1015 2926; baseline 0.009 -17"><span class='ocrx_word' id='word_1_293' title='bbox 28 2870 135 2910; x_wconf 89' lang='grc' dir='ltr'>ολαί</span> <span class='ocrx_word' id='word_1_294' title='bbox 474 2875 548 2915; x_wconf 87' lang='lat'>31⁰</span> <span class='ocrx_word' id='word_1_295' title='bbox 636 2916 646 2926; x_wconf 67' lang='grc'><strong>,</strong></span> <span class='ocrx_word' id='word_1_296' title='bbox 705 2876 777 2917; x_wconf 87' lang='grc'><strong>550</strong></span> <span class='ocrx_word' id='word_1_297' title='bbox 812 2876 878 2917; x_wconf 85' lang='grc'>15’</span> <span class='ocrx_word' id='word_1_298' title='bbox 935 2876 1015 2917; x_wconf 84' lang='grc'><strong>560</strong></span> 
     </span>
    </p>
   </div>
   <div class='ocr_carea' id='block_1_7' title="bbox 30 2932 547 2989">
    <p class='ocr_par' dir='ltr' id='par_1_11' title="bbox 30 2932 547 2989">
     <span class='ocr_line' id='line_1_41' title="bbox 30 2932 547 2989; baseline 0.004 -16"><span class='ocrx_word' id='word_1_299' title='bbox 30 2957 37 2967; x_wconf 81' lang='lat'>-·</span> <span class='ocrx_word' id='word_1_300' title='bbox 74 2932 153 2988; x_wconf 58' lang='grc' dir='ltr'>ιγαὶ</span> <span class='ocrx_word' id='word_1_301' title='bbox 165 2935 232 2974; x_wconf 83' lang='grc' dir='ltr'>τοῦ</span> <span class='ocrx_word' id='word_1_302' title='bbox 248 2936 424 2989; x_wconf 80' lang='grc' dir='ltr'>ποταμοῦ</span> <span class='ocrx_word' id='word_1_303' title='bbox 474 2936 547 2985; x_wconf 88' lang='grc'><strong>340</strong></span> 
     </span>
    </p>
   </div>
   <div class='ocr_carea' id='block_1_8' title="bbox 42 2994 306 3043">
    <p class='ocr_par' dir='ltr' id='par_1_12' title="bbox 42 2994 306 3043">
     <span class='ocr_line' id='line_1_42' title="bbox 42 2994 306 3043; baseline 0.004 -8"><span class='ocrx_word' id='word_1_304' title='bbox 42 2995 122 3043; x_wconf 72' lang='grc' dir='ltr'>ὄιος</span> <span class='ocrx_word' id='word_1_305' title='bbox 146 2994 306 3037; x_wconf 70' lang='grc' dir='ltr'>ἐκὸολαί</span> 
     </span>
    </p>
   </div>
   <div class='ocr_carea' id='block_1_9' title="bbox 706 2938 1209 2994">
    <p class='ocr_par' dir='ltr' id='par_1_13' title="bbox 706 2938 1209 2994">
     <span class='ocr_line' id='line_1_43' title="bbox 706 2938 1209 2994; baseline 0.008 -16"><span class='ocrx_word' id='word_1_306' title='bbox 706 2939 777 2979; x_wconf 89' lang='grc'><strong>520</strong></span> <span class='ocrx_word' id='word_1_307' title='bbox 810 2938 878 2980; x_wconf 82' lang='grc'>30’</span> <span class='ocrx_word' id='word_1_308' title='bbox 934 2940 1209 2994; x_wconf 87' lang='lat'><strong>(1780-1600)</strong></span> 
     </span>
    </p>
   </div>
   <div class='ocr_carea' id='block_1_10' title="bbox 470 3061 544 3101">
    <p class='ocr_par' dir='ltr' id='par_1_14' title="bbox 470 3061 544 3101">
     <span class='ocr_line' id='line_1_44' title="bbox 470 3061 544 3101; baseline 0 0"><span class='ocrx_word' id='word_1_309' title='bbox 470 3061 544 3101; x_wconf 81' lang='lat'>310</span> 
     </span>
    </p>
   </div>
   <div class='ocr_carea' id='block_1_11' title="bbox 8 3102 551 3177">
    <p class='ocr_par' dir='ltr' id='par_1_15' title="bbox 8 3102 551 3177">
     <span class='ocr_line' id='line_1_45' title="bbox 8 3102 551 3177; baseline 0.009 -18"><span class='ocrx_word' id='word_1_310' title='bbox 8 3102 9 3120; x_wconf 15' lang='grc' dir='ltr'><em>Χ</em></span> <span class='ocrx_word' id='word_1_311' title='bbox 30 3144 37 3150; x_wconf 44' lang='grc'><strong>0</strong></span> <span class='ocrx_word' id='word_1_312' title='bbox 58 3120 154 3175; x_wconf 83' lang='grc' dir='ltr'>ηγαὶ</span> <span class='ocrx_word' id='word_1_313' title='bbox 169 3123 236 3162; x_wconf 82' lang='grc' dir='ltr'>τοῦ</span> <span class='ocrx_word' id='word_1_314' title='bbox 250 3124 425 3177; x_wconf 79' lang='grc' dir='ltr'>ποταμοῦ</span> <span class='ocrx_word' id='word_1_315' title='bbox 477 3124 551 3177; x_wconf 85' lang='lat'>39⁰</span> 
     </span>
    </p>
   </div>
   <div class='ocr_carea' id='block_1_12' title="bbox 703 3062 1008 3166">
    <p class='ocr_par' dir='ltr' id='par_1_16' title="bbox 703 3062 1008 3166">
     <span class='ocr_line' id='line_1_46' title="bbox 703 3062 1008 3104; baseline 0.003 -2"><span class='ocrx_word' id='word_1_316' title='bbox 703 3062 774 3103; x_wconf 88' lang='lat'>56⁰</span> <span class='ocrx_word' id='word_1_317' title='bbox 808 3062 872 3104; x_wconf 87' lang='lat'>15&#39;</span> <span class='ocrx_word' id='word_1_318' title='bbox 930 3062 1008 3104; x_wconf 82' lang='lat'>625</span> 
     </span>
     <span class='ocr_line' id='line_1_47' title="bbox 709 3124 777 3166; baseline 0.029 -2"><span class='ocrx_word' id='word_1_319' title='bbox 709 3124 777 3166; x_wconf 84' lang='lat'>50&#39;</span> 
     </span>
    </p>
   </div>
   <div class='ocr_carea' id='block_1_13' title="bbox 932 3187 1079 3195">
    <p class='ocr_par' dir='ltr' id='par_1_17' title="bbox 932 3187 1079 3195">
     <span class='ocr_line' id='line_1_48' title="bbox 932 3187 1079 3195; baseline 0 1147"><span class='ocrx_word' id='word_1_320' title='bbox 932 3187 1079 3195; x_wconf 95' lang='lat' dir='ltr'> </span> 
     </span>
    </p>
   </div>
   <div class='ocr_carea' id='block_1_14' title="bbox 17 3199 1227 3996">
    <p class='ocr_par' dir='ltr' id='par_1_18' title="bbox 17 3199 1227 3996">
     <span class='ocr_line' id='line_1_49' title="bbox 30 3199 1090 3254; baseline 0.006 -18"><span class='ocrx_word' id='word_1_321' title='bbox 30 3247 31 3250; x_wconf 11' lang='grc' dir='ltr'><strong>Ἴ</strong></span> <span class='ocrx_word' id='word_1_322' title='bbox 934 3203 1043 3254; x_wconf 89' lang='grc'><strong>2570</strong></span> <span class='ocrx_word' id='word_1_323' title='bbox 1087 3199 1090 3203; x_wconf 69' lang='grc'><strong>’</strong></span> 
     </span>
     <span class='ocr_line' id='line_1_50' title="bbox 31 3266 1206 3337; baseline 0.007 -21"><span class='ocrx_word' id='word_1_324' title='bbox 31 3266 99 3323; x_wconf 76' lang='grc' dir='ltr'>εἰς</span> <span class='ocrx_word' id='word_1_325' title='bbox 130 3273 370 3330; x_wconf 82' lang='grc' dir='ltr'>Οὖίδρου]</span> <span class='ocrx_word' id='word_1_326' title='bbox 396 3275 455 3317; x_wconf 89' lang='lat' dir='ltr'>sie</span> <span class='ocrx_word' id='word_1_327' title='bbox 483 3277 598 3327; x_wconf 68' lang='lat' dir='ltr'>cod„</span> <span class='ocrx_word' id='word_1_328' title='bbox 623 3293 708 3319; x_wconf 90' lang='lat' dir='ltr'>non</span> <span class='ocrx_word' id='word_1_329' title='bbox 743 3279 794 3328; x_wconf 86' lang='grc' dir='ltr'>εἰς</span> <span class='ocrx_word' id='word_1_330' title='bbox 825 3284 893 3322; x_wconf 89' lang='grc' dir='ltr'>τοῦ</span> <span class='ocrx_word' id='word_1_331' title='bbox 924 3282 1047 3337; x_wconf 83' lang='grc' dir='ltr'>ἰ’δρου,</span> <span class='ocrx_word' id='word_1_332' title='bbox 1073 3292 1119 3323; x_wconf 90' lang='lat' dir='ltr'>ut</span> <span class='ocrx_word' id='word_1_333' title='bbox 1146 3285 1206 3324; x_wconf 88' lang='lat' dir='ltr'>M.</span> 
     </span>
     <span class='ocr_line' id='line_1_51' title="bbox 33 3334 1208 3399; baseline 0.009 -25"><span class='ocrx_word' id='word_1_334' title='bbox 33 3365 44 3378; x_wconf 92' lang='lat'><strong>.</strong></span> <span class='ocrx_word' id='word_1_335' title='bbox 72 3337 87 3390; x_wconf 78' lang='grc' dir='ltr'>Η</span> <span class='ocrx_word' id='word_1_336' title='bbox 115 3361 173 3367; x_wconf 90' lang='grc'><strong>-</strong></span> <span class='ocrx_word' id='word_1_337' title='bbox 190 3351 232 3390; x_wconf 89' lang='lat'>9.</span> <span class='ocrx_word' id='word_1_338' title='bbox 265 3334 340 3376; x_wconf 83' lang='grc' dir='ltr'>ἀπὸ</span> <span class='ocrx_word' id='word_1_339' title='bbox 371 3334 411 3375; x_wconf 81' lang='grc' dir='ltr'>δὲ</span> <span class='ocrx_word' id='word_1_340' title='bbox 430 3339 497 3375; x_wconf 84' lang='grc' dir='ltr'>τοῦ</span> <span class='ocrx_word' id='word_1_341' title='bbox 522 3336 629 3392; x_wconf 83' lang='grc' dir='ltr'>ἰ’δρου</span> <span class='ocrx_word' id='word_1_342' title='bbox 657 3339 751 3380; x_wconf 91' lang='lat' dir='ltr'>cod.</span> <span class='ocrx_word' id='word_1_343' title='bbox 782 3341 797 3394; x_wconf 85' lang='grc' dir='ltr'>ΙΙ</span> <span class='ocrx_word' id='word_1_344' title='bbox 818 3366 875 3372; x_wconf 92' lang='lat'><strong>—</strong></span> <span class='ocrx_word' id='word_1_345' title='bbox 891 3359 931 3396; x_wconf 85' lang='lat'>9.</span> <span class='ocrx_word' id='word_1_346' title='bbox 954 3344 1208 3399; x_wconf 77' lang='grc' dir='ltr'>Μαναρμανὶν</span> 
     </span>
     <span class='ocr_line' id='line_1_52' title="bbox 18 3394 1209 3458; baseline 0.012 -27"><span class='ocrx_word' id='word_1_347' title='bbox 18 3396 74 3449; x_wconf 75' lang='lat'>,¹¹-</span> <span class='ocrx_word' id='word_1_348' title='bbox 92 3397 181 3451; x_wconf 73' lang='grc'>11-</span> <span class='ocrx_word' id='word_1_349' title='bbox 195 3410 213 3437; x_wconf 91' lang='lat'>1</span> <span class='ocrx_word' id='word_1_350' title='bbox 224 3410 261 3438; x_wconf 89' lang='lat'>1.</span> <span class='ocrx_word' id='word_1_351' title='bbox 284 3394 321 3436; x_wconf 89' lang='lat' dir='ltr'>’A</span> <span class='ocrx_word' id='word_1_352' title='bbox 337 3411 397 3451; x_wconf 87' lang='grc' dir='ltr'>μα</span> <span class='ocrx_word' id='word_1_353' title='bbox 410 3411 433 3436; x_wconf 93' lang='grc' dir='ltr'>σ</span> <span class='ocrx_word' id='word_1_354' title='bbox 444 3397 455 3436; x_wconf 79' lang='grc' dir='ltr'><strong><em>ἱ</em></strong></span> <span class='ocrx_word' id='word_1_355' title='bbox 466 3412 486 3436; x_wconf 95' lang='grc' dir='ltr'>ο</span> <span class='ocrx_word' id='word_1_356' title='bbox 499 3399 536 3453; x_wconf 86' lang='grc' dir='ltr'>υ]</span> <span class='ocrx_word' id='word_1_357' title='bbox 554 3398 619 3439; x_wconf 93' lang='lat' dir='ltr'>Ad</span> <span class='ocrx_word' id='word_1_358' title='bbox 635 3399 748 3440; x_wconf 90' lang='lat' dir='ltr'>hunc</span> <span class='ocrx_word' id='word_1_359' title='bbox 762 3402 934 3443; x_wconf 82' lang='lat' dir='ltr'>fluvium</span> <span class='ocrx_word' id='word_1_360' title='bbox 950 3405 1209 3458; x_wconf 88' lang='lat' dir='ltr'>suspicantur</span> 
     </span>
     <span class='ocr_line' id='line_1_53' title="bbox 17 3459 1210 3514; baseline 0.007 -15"><span class='ocrx_word' id='word_1_361' title='bbox 17 3465 20 3472; x_wconf 89' lang='grc'><em>“</em></span> <span class='ocrx_word' id='word_1_362' title='bbox 47 3460 177 3500; x_wconf 85' lang='lat' dir='ltr'>tinere</span> <span class='ocrx_word' id='word_1_363' title='bbox 195 3459 380 3501; x_wconf 85' lang='lat' dir='ltr'>Amisam</span> <span class='ocrx_word' id='word_1_364' title='bbox 399 3459 562 3510; x_wconf 89' lang='lat' dir='ltr'>urbem,</span> <span class='ocrx_word' id='word_1_365' title='bbox 587 3475 714 3514; x_wconf 86' lang='lat' dir='ltr'>quam</span> <span class='ocrx_word' id='word_1_366' title='bbox 736 3476 759 3502; x_wconf 93' lang='lat' dir='ltr'>e</span> <span class='ocrx_word' id='word_1_367' title='bbox 779 3463 990 3504; x_wconf 88' lang='lat' dir='ltr'>Marciano</span> <span class='ocrx_word' id='word_1_368' title='bbox 1007 3475 1210 3507; x_wconf 88' lang='lat' dir='ltr'>memorat</span> 
     </span>
     <span class='ocr_line' id='line_1_54' title="bbox 18 3516 1207 3580; baseline 0.008 -19"><span class='ocrx_word' id='word_1_369' title='bbox 18 3516 23 3566; x_wconf 49' lang='lat' dir='ltr'>&#39;J</span> <span class='ocrx_word' id='word_1_370' title='bbox 38 3521 165 3577; x_wconf 86' lang='lat' dir='ltr'>phan.</span> <span class='ocrx_word' id='word_1_371' title='bbox 189 3523 288 3576; x_wconf 85' lang='lat' dir='ltr'><strong>Byz.</strong></span> <span class='ocrx_word' id='word_1_372' title='bbox 320 3534 330 3561; x_wconf 89' lang='lat'><strong>:</strong></span> <span class='ocrx_word' id='word_1_373' title='bbox 357 3520 510 3576; x_wconf 75' lang='grc' dir='ltr'>Ἀμισα,</span> <span class='ocrx_word' id='word_1_374' title='bbox 545 3522 656 3570; x_wconf 81' lang='grc' dir='ltr'>πόλις</span> <span class='ocrx_word' id='word_1_375' title='bbox 679 3523 904 3578; x_wconf 84' lang='grc' dir='ltr'>Γερμανίας.</span> <span class='ocrx_word' id='word_1_376' title='bbox 926 3525 1147 3580; x_wconf 77' lang='grc' dir='ltr'>Μαρκιανὸς</span> <span class='ocrx_word' id='word_1_377' title='bbox 1169 3527 1207 3570; x_wconf 80' lang='grc' dir='ltr'>ἔν</span> 
     </span>
     <span class='ocr_line' id='line_1_55' title="bbox 39 3579 1207 3638; baseline 0.006 -15.894"><span class='ocrx_word' id='word_1_378' title='bbox 39 3598 55 3630; x_wconf 91' lang='grc' dir='ltr'>ς</span> <span class='ocrx_word' id='word_1_379' title='bbox 84 3582 159 3624; x_wconf 86' lang='grc' dir='ltr'>ἀπὸ</span> <span class='ocrx_word' id='word_1_380' title='bbox 181 3579 335 3638; x_wconf 86' lang='grc' dir='ltr'>Ῥώμης</span> <span class='ocrx_word' id='word_1_381' title='bbox 358 3581 420 3623; x_wconf 79' lang='grc' dir='ltr'>ἐπὶ</span> <span class='ocrx_word' id='word_1_382' title='bbox 438 3581 504 3630; x_wconf 82' lang='grc' dir='ltr'>τὰς</span> <span class='ocrx_word' id='word_1_383' title='bbox 520 3582 731 3638; x_wconf 78' lang='grc' dir='ltr'>διασήμους</span> <span class='ocrx_word' id='word_1_384' title='bbox 756 3584 899 3633; x_wconf 83' lang='grc' dir='ltr'>πόλεις.</span> <span class='ocrx_word' id='word_1_385' title='bbox 923 3587 980 3627; x_wconf 88' lang='lat' dir='ltr'>V.</span> <span class='ocrx_word' id='word_1_386' title='bbox 999 3589 1207 3628; x_wconf 87' lang='lat' dir='ltr'>variorum</span> 
     </span>
     <span class='ocr_line' id='line_1_56' title="bbox 31 3644 1227 3701; baseline 0.004 -16"><span class='ocrx_word' id='word_1_387' title='bbox 31 3644 190 3694; x_wconf 13' lang='lat' dir='ltr'>‘&#39;tentias</span> <span class='ocrx_word' id='word_1_388' title='bbox 208 3658 275 3699; x_wconf 87' lang='lat' dir='ltr'>ap.</span> <span class='ocrx_word' id='word_1_389' title='bbox 293 3644 493 3698; x_wconf 86' lang='lat' dir='ltr'>Forbiger</span> <span class='ocrx_word' id='word_1_390' title='bbox 510 3647 587 3695; x_wconf 92' lang='lat' dir='ltr'>III,</span> <span class='ocrx_word' id='word_1_391' title='bbox 609 3660 652 3700; x_wconf 90' lang='lat' dir='ltr'>p.</span> <span class='ocrx_word' id='word_1_392' title='bbox 671 3646 765 3699; x_wconf 84' lang='lat'><strong>378.</strong></span> <span class='ocrx_word' id='word_1_393' title='bbox 786 3648 882 3701; x_wconf 89' lang='grc'><strong>407.</strong></span> <span class='ocrx_word' id='word_1_394' title='bbox 910 3647 926 3701; x_wconf 83' lang='grc' dir='ltr'>ΙΙ</span> <span class='ocrx_word' id='word_1_395' title='bbox 945 3672 1002 3679; x_wconf 91' lang='grc'><strong>-</strong></span> <span class='ocrx_word' id='word_1_396' title='bbox 1020 3649 1085 3689; x_wconf 80' lang='lat'>13.</span> <span class='ocrx_word' id='word_1_397' title='bbox 1105 3646 1227 3690; x_wconf 50' lang='lat' dir='ltr'>Mul?</span> 
     </span>
     <span class='ocr_line' id='line_1_57' title="bbox 31 3705 1207 3752; baseline 0.005 -6"><span class='ocrx_word' id='word_1_398' title='bbox 31 3726 35 3740; x_wconf 71' lang='grc' dir='ltr'>ι</span> <span class='ocrx_word' id='word_1_399' title='bbox 87 3707 317 3747; x_wconf 85' lang='lat' dir='ltr'>hinumeri</span> <span class='ocrx_word' id='word_1_400' title='bbox 343 3705 560 3748; x_wconf 72' lang='lat' dir='ltr'>differunt.</span> <span class='ocrx_word' id='word_1_401' title='bbox 594 3709 802 3748; x_wconf 79' lang='lat' dir='ltr'>Posterior</span> <span class='ocrx_word' id='word_1_402' title='bbox 819 3708 872 3749; x_wconf 85' lang='lat' dir='ltr'>ad</span> <span class='ocrx_word' id='word_1_403' title='bbox 897 3710 1105 3751; x_wconf 87' lang='lat' dir='ltr'>Ptolemaei</span> <span class='ocrx_word' id='word_1_404' title='bbox 1143 3726 1207 3752; x_wconf 87' lang='lat' dir='ltr'>ra·</span> 
     </span>
     <span class='ocr_line' id='line_1_58' title="bbox 47 3767 1207 3825; baseline 0.005 -17"><span class='ocrx_word' id='word_1_405' title='bbox 47 3783 103 3808; x_wconf 79' lang='lat' dir='ltr'>ies</span> <span class='ocrx_word' id='word_1_406' title='bbox 123 3783 253 3824; x_wconf 87' lang='lat' dir='ltr'>prope</span> <span class='ocrx_word' id='word_1_407' title='bbox 277 3767 449 3809; x_wconf 87' lang='lat' dir='ltr'>accedit.</span> <span class='ocrx_word' id='word_1_408' title='bbox 476 3769 491 3822; x_wconf 80' lang='grc' dir='ltr'>Η</span> <span class='ocrx_word' id='word_1_409' title='bbox 525 3793 582 3799; x_wconf 89' lang='lat'>--—</span> <span class='ocrx_word' id='word_1_410' title='bbox 605 3772 670 3818; x_wconf 85' lang='grc'>14.</span> <span class='ocrx_word' id='word_1_411' title='bbox 700 3768 751 3817; x_wconf 87' lang='grc' dir='ltr'>εἰς</span> <span class='ocrx_word' id='word_1_412' title='bbox 773 3769 938 3825; x_wconf 79' lang='grc' dir='ltr'>Οὗργίου</span> <span class='ocrx_word' id='word_1_413' title='bbox 964 3780 1004 3812; x_wconf 91' lang='lat' dir='ltr'>et</span> <span class='ocrx_word' id='word_1_414' title='bbox 1025 3769 1119 3813; x_wconf 89' lang='lat' dir='ltr'>dein</span> <span class='ocrx_word' id='word_1_415' title='bbox 1145 3773 1207 3814; x_wconf 87' lang='lat' dir='ltr'>bis</span> 
     </span>
     <span class='ocr_line' id='line_1_59' title="bbox 28 3831 1211 3886; baseline 0.005 -16"><span class='ocrx_word' id='word_1_416' title='bbox 28 3832 186 3886; x_wconf 79' lang='grc' dir='ltr'>ουργίου</span> <span class='ocrx_word' id='word_1_417' title='bbox 208 3831 320 3882; x_wconf 89' lang='lat' dir='ltr'>cod.;</span> <span class='ocrx_word' id='word_1_418' title='bbox 342 3846 423 3872; x_wconf 89' lang='lat' dir='ltr'>em.</span> <span class='ocrx_word' id='word_1_419' title='bbox 450 3831 569 3872; x_wconf 80' lang='lat' dir='ltr'>editt.</span> <span class='ocrx_word' id='word_1_420' title='bbox 599 3832 614 3885; x_wconf 80' lang='grc' dir='ltr'>ΙΙ</span> <span class='ocrx_word' id='word_1_421' title='bbox 642 3856 697 3862; x_wconf 86' lang='lat'>-—-</span> <span class='ocrx_word' id='word_1_422' title='bbox 727 3835 791 3874; x_wconf 88' lang='lat'>18.</span> <span class='ocrx_word' id='word_1_423' title='bbox 823 3831 971 3873; x_wconf 73' lang='grc' dir='ltr'>Ἀλὸίου</span> <span class='ocrx_word' id='word_1_424' title='bbox 994 3834 1088 3875; x_wconf 90' lang='lat' dir='ltr'>cod.</span> <span class='ocrx_word' id='word_1_425' title='bbox 1123 3835 1211 3876; x_wconf 89' lang='lat' dir='ltr'>ubi-</span> 
     </span>
     <span class='ocr_line' id='line_1_60' title="bbox 55 3893 1210 3953; baseline 0.003 -17.954"><span class='ocrx_word' id='word_1_426' title='bbox 55 3924 66 3935; x_wconf 87' lang='lat'><strong>.</strong></span> <span class='ocrx_word' id='word_1_427' title='bbox 91 3893 353 3934; x_wconf 81' lang='lat' dir='ltr'>Intervallum</span> <span class='ocrx_word' id='word_1_428' title='bbox 368 3893 420 3933; x_wconf 85' lang='lat' dir='ltr'>ab</span> <span class='ocrx_word' id='word_1_429' title='bbox 442 3894 547 3934; x_wconf 87' lang='lat' dir='ltr'>ostio</span> <span class='ocrx_word' id='word_1_430' title='bbox 562 3893 614 3934; x_wconf 90' lang='lat' dir='ltr'>ad</span> <span class='ocrx_word' id='word_1_431' title='bbox 634 3893 764 3935; x_wconf 86' lang='lat' dir='ltr'>sontes</span> <span class='ocrx_word' id='word_1_432' title='bbox 779 3895 893 3936; x_wconf 79' lang='lat' dir='ltr'>Albis</span> <span class='ocrx_word' id='word_1_433' title='bbox 908 3896 1022 3937; x_wconf 89' lang='lat' dir='ltr'>ssuvii</span> <span class='ocrx_word' id='word_1_434' title='bbox 1037 3912 1210 3953; x_wconf 83' lang='lat' dir='ltr'>excerp-.</span> 
     </span>
     <span class='ocr_line' id='line_1_61' title="bbox 55 3955 430 3996; baseline 0 0"><span class='ocrx_word' id='word_1_435' title='bbox 55 3957 237 3996; x_wconf 87' lang='lat' dir='ltr'>omisisse</span> <span class='ocrx_word' id='word_1_436' title='bbox 257 3955 430 3996; x_wconf 78' lang='lat' dir='ltr'>videtur.</span> 
     </span>
    </p>
   </div>
   <div class='ocr_carea' id='block_1_15' title="bbox 714 168 1809 250">
    <p class='ocr_par' dir='ltr' id='par_1_19' title="bbox 714 168 1809 250">
     <span class='ocr_line' id='line_1_62' title="bbox 714 168 1809 250; baseline 0.016 -36"><span class='ocrx_word' id='word_1_437' title='bbox 714 168 1007 219; x_wconf 86' lang='lat' dir='ltr'>PERIPLUS</span> <span class='ocrx_word' id='word_1_438' title='bbox 1039 174 1230 222; x_wconf 83' lang='lat' dir='ltr'>MARlS</span> <span class='ocrx_word' id='word_1_439' title='bbox 1264 178 1504 250; x_wconf 73' lang='lat' dir='ltr'><strong>EXTEBI.</strong></span> <span class='ocrx_word' id='word_1_440' title='bbox 1541 182 1716 231; x_wconf 79' lang='lat' dir='ltr'>LlssER</span> <span class='ocrx_word' id='word_1_441' title='bbox 1749 187 1809 232; x_wconf 90' lang='lat'>11.</span> 
     </span>
    </p>
   </div>
   <div class='ocr_carea' id='block_1_16' title="bbox 1305 205 2532 354">
    <p class='ocr_par' dir='ltr' id='par_1_20' title="bbox 1305 205 2532 354">
     <span class='ocr_line' id='line_1_63' title="bbox 2442 205 2528 246; baseline 0.047 -4"><span class='ocrx_word' id='word_1_442' title='bbox 2442 205 2528 246; x_wconf 73' lang='lat'>555</span> 
     </span>
     <span class='ocr_line' id='line_1_64' title="bbox 1305 286 2532 354; baseline 0.017 -27"><span class='ocrx_word' id='word_1_443' title='bbox 1305 286 1422 329; x_wconf 90' lang='lat' dir='ltr'>dium</span> <span class='ocrx_word' id='word_1_444' title='bbox 1455 303 1610 342; x_wconf 89' lang='lat' dir='ltr'>unum,</span> <span class='ocrx_word' id='word_1_445' title='bbox 1645 301 1787 348; x_wconf 85' lang='lat' dir='ltr'>postea</span> <span class='ocrx_word' id='word_1_446' title='bbox 1821 292 1932 346; x_wconf 91' lang='lat' dir='ltr'>duo,</span> <span class='ocrx_word' id='word_1_447' title='bbox 1969 310 2016 337; x_wconf 90' lang='lat' dir='ltr'>ac</span> <span class='ocrx_word' id='word_1_448' title='bbox 2058 296 2207 340; x_wconf 88' lang='lat' dir='ltr'>deinde</span> <span class='ocrx_word' id='word_1_449' title='bbox 2250 302 2327 343; x_wconf 85' lang='lat' dir='ltr'>tria</span> <span class='ocrx_word' id='word_1_450' title='bbox 2336 317 2348 354; x_wconf 68' lang='grc' dir='ltr'>ς</span> <span class='ocrx_word' id='word_1_451' title='bbox 2380 317 2532 349; x_wconf 86' lang='lat' dir='ltr'>nomen</span> 
     </span>
    </p>
   </div>
   <div class='ocr_carea' id='block_1_17' title="bbox 1304 374 2532 436">
    <p class='ocr_par' dir='ltr' id='par_1_21' title="bbox 1304 374 2532 436">
     <span class='ocr_line' id='line_1_65' title="bbox 1304 374 2532 436; baseline 0.015 -23"><span class='ocrx_word' id='word_1_452' title='bbox 1304 374 1425 414; x_wconf 89' lang='lat' dir='ltr'>etiam</span> <span class='ocrx_word' id='word_1_453' title='bbox 1449 383 1580 417; x_wconf 87' lang='lat' dir='ltr'>mutat</span> <span class='ocrx_word' id='word_1_454' title='bbox 1607 391 1656 418; x_wconf 80' lang='lat' dir='ltr'>ac</span> <span class='ocrx_word' id='word_1_455' title='bbox 1678 379 1782 419; x_wconf 87' lang='lat' dir='ltr'>Ister</span> <span class='ocrx_word' id='word_1_456' title='bbox 1809 379 2091 436; x_wconf 84' lang='lat' dir='ltr'>appellatur);</span> <span class='ocrx_word' id='word_1_457' title='bbox 2116 383 2167 424; x_wconf 91' lang='lat' dir='ltr'>ab</span> <span class='ocrx_word' id='word_1_458' title='bbox 2198 385 2411 429; x_wconf 87' lang='lat' dir='ltr'>occidente</span> <span class='ocrx_word' id='word_1_459' title='bbox 2433 403 2532 431; x_wconf 85' lang='lat' dir='ltr'>vero</span> 
     </span>
    </p>
   </div>
   <div class='ocr_carea' id='block_1_18' title="bbox 1299 458 2530 603">
    <p class='ocr_par' dir='ltr' id='par_1_22' title="bbox 1299 458 2530 603">
     <span class='ocr_line' id='line_1_66' title="bbox 1301 458 2530 524; baseline 0.015 -26"><span class='ocrx_word' id='word_1_460' title='bbox 1301 458 1446 501; x_wconf 90' lang='lat' dir='ltr'>Rheno</span> <span class='ocrx_word' id='word_1_461' title='bbox 1469 461 1610 503; x_wconf 85' lang='lat' dir='ltr'>fluvio.</span> <span class='ocrx_word' id='word_1_462' title='bbox 1670 466 1731 505; x_wconf 91' lang='lat' dir='ltr'>Ac</span> <span class='ocrx_word' id='word_1_463' title='bbox 1757 465 1947 508; x_wconf 83' lang='lat' dir='ltr'>universa</span> <span class='ocrx_word' id='word_1_464' title='bbox 1967 466 2136 522; x_wconf 84' lang='lat' dir='ltr'>quidem</span> <span class='ocrx_word' id='word_1_465' title='bbox 2157 471 2334 524; x_wconf 83' lang='lat' dir='ltr'>regionis</span> <span class='ocrx_word' id='word_1_466' title='bbox 2354 474 2530 517; x_wconf 87' lang='lat' dir='ltr'>circum-</span> 
     </span>
     <span class='ocr_line' id='line_1_67' title="bbox 1299 541 2414 603; baseline 0.013 -23"><span class='ocrx_word' id='word_1_467' title='bbox 1299 541 1467 596; x_wconf 86' lang='lat' dir='ltr'>scriptio</span> <span class='ocrx_word' id='word_1_468' title='bbox 1488 544 1547 584; x_wconf 90' lang='lat' dir='ltr'>sic</span> <span class='ocrx_word' id='word_1_469' title='bbox 1564 558 1606 585; x_wconf 88' lang='lat' dir='ltr'>se</span> <span class='ocrx_word' id='word_1_470' title='bbox 1624 544 1773 597; x_wconf 80' lang='lat' dir='ltr'>habet;</span> <span class='ocrx_word' id='word_1_471' title='bbox 1791 561 1903 589; x_wconf 92' lang='lat' dir='ltr'>nunc</span> <span class='ocrx_word' id='word_1_472' title='bbox 1921 549 2079 603; x_wconf 84' lang='lat' dir='ltr'>singula</span> <span class='ocrx_word' id='word_1_473' title='bbox 2098 552 2414 595; x_wconf 85' lang='lat' dir='ltr'>recensebimus.</span> 
     </span>
    </p>
   </div>
   <div class='ocr_carea' id='block_1_19' title="bbox 1295 630 2529 1135">
    <p class='ocr_par' dir='ltr' id='par_1_23' title="bbox 1295 630 2529 1135">
     <span class='ocr_line' id='line_1_68' title="bbox 1353 630 2529 696; baseline 0.014 -27"><span class='ocrx_word' id='word_1_474' title='bbox 1353 630 1422 670; x_wconf 85' lang='lat'>32.</span> <span class='ocrx_word' id='word_1_475' title='bbox 1454 630 1520 672; x_wconf 88' lang='lat' dir='ltr'>Ab</span> <span class='ocrx_word' id='word_1_476' title='bbox 1539 633 1652 673; x_wconf 87' lang='lat' dir='ltr'>ostiis</span> <span class='ocrx_word' id='word_1_477' title='bbox 1673 634 1805 675; x_wconf 89' lang='lat' dir='ltr'>Rheni</span> <span class='ocrx_word' id='word_1_478' title='bbox 1822 636 1959 693; x_wconf 87' lang='lat' dir='ltr'>fluvii,</span> <span class='ocrx_word' id='word_1_479' title='bbox 1980 637 2060 679; x_wconf 92' lang='lat' dir='ltr'>hoc</span> <span class='ocrx_word' id='word_1_480' title='bbox 2081 647 2142 679; x_wconf 89' lang='lat' dir='ltr'>est</span> <span class='ocrx_word' id='word_1_481' title='bbox 2159 639 2211 680; x_wconf 86' lang='lat' dir='ltr'>ab</span> <span class='ocrx_word' id='word_1_482' title='bbox 2230 654 2302 681; x_wconf 86' lang='lat' dir='ltr'>ore</span> <span class='ocrx_word' id='word_1_483' title='bbox 2315 641 2402 696; x_wconf 85' lang='lat' dir='ltr'>ejus</span> <span class='ocrx_word' id='word_1_484' title='bbox 2420 644 2529 684; x_wconf 88' lang='lat' dir='ltr'>occi-</span> 
     </span>
     <span class='ocr_line' id='line_1_69' title="bbox 1295 715 2527 787; baseline 0.013 -31"><span class='ocrx_word' id='word_1_485' title='bbox 1295 715 1446 759; x_wconf 88' lang='lat' dir='ltr'>dentali</span> <span class='ocrx_word' id='word_1_486' title='bbox 1459 717 1586 771; x_wconf 89' lang='lat' dir='ltr'>dicto,</span> <span class='ocrx_word' id='word_1_487' title='bbox 1603 720 1656 761; x_wconf 86' lang='lat' dir='ltr'>ad</span> <span class='ocrx_word' id='word_1_488' title='bbox 1673 723 1774 762; x_wconf 88' lang='lat' dir='ltr'>ostia</span> <span class='ocrx_word' id='word_1_489' title='bbox 1789 722 1910 764; x_wconf 83' lang='lat' dir='ltr'>Vidri</span> <span class='ocrx_word' id='word_1_490' title='bbox 1928 724 2042 765; x_wconf 86' lang='lat' dir='ltr'>fluvii</span> <span class='ocrx_word' id='word_1_491' title='bbox 2058 726 2187 768; x_wconf 83' lang='lat' dir='ltr'>stadia</span> <span class='ocrx_word' id='word_1_492' title='bbox 2203 728 2284 770; x_wconf 87' lang='lat'>380</span> <span class='ocrx_word' id='word_1_493' title='bbox 2299 728 2458 783; x_wconf 77' lang='lat' dir='ltr'>[stadia</span> <span class='ocrx_word' id='word_1_494' title='bbox 2469 730 2527 787; x_wconf 85' lang='lat'>*].</span> 
     </span>
     <span class='ocr_line' id='line_1_70' title="bbox 1297 806 2527 871; baseline 0.013 -25"><span class='ocrx_word' id='word_1_495' title='bbox 1297 808 1333 847; x_wconf 92' lang='lat' dir='ltr'><strong>A</strong></span> <span class='ocrx_word' id='word_1_496' title='bbox 1359 806 1494 848; x_wconf 89' lang='lat' dir='ltr'>Vidro</span> <span class='ocrx_word' id='word_1_497' title='bbox 1512 809 1640 850; x_wconf 89' lang='lat' dir='ltr'>fluvio</span> <span class='ocrx_word' id='word_1_498' title='bbox 1673 810 1726 851; x_wconf 86' lang='lat' dir='ltr'>ad</span> <span class='ocrx_word' id='word_1_499' title='bbox 1752 813 2060 855; x_wconf 84' lang='lat' dir='ltr'>Mararmanum</span> <span class='ocrx_word' id='word_1_500' title='bbox 2083 825 2250 870; x_wconf 88' lang='lat' dir='ltr'>portum</span> <span class='ocrx_word' id='word_1_501' title='bbox 2268 818 2398 860; x_wconf 83' lang='lat' dir='ltr'>stadia</span> <span class='ocrx_word' id='word_1_502' title='bbox 2421 820 2501 862; x_wconf 89' lang='grc'><strong>350</strong></span> <span class='ocrx_word' id='word_1_503' title='bbox 2515 851 2527 871; x_wconf 88' lang='grc'><strong>,</strong></span> 
     </span>
     <span class='ocr_line' id='line_1_71' title="bbox 1295 894 2529 955; baseline 0.012 -21"><span class='ocrx_word' id='word_1_504' title='bbox 1295 894 1424 936; x_wconf 88' lang='lat' dir='ltr'>stadia</span> <span class='ocrx_word' id='word_1_505' title='bbox 1449 896 1545 937; x_wconf 83' lang='lat'><strong>250.</strong></span> <span class='ocrx_word' id='word_1_506' title='bbox 1575 900 1612 938; x_wconf 92' lang='lat' dir='ltr'><strong>A</strong></span> <span class='ocrx_word' id='word_1_507' title='bbox 1626 899 1888 941; x_wconf 84' lang='lat' dir='ltr'>Mararmano</span> <span class='ocrx_word' id='word_1_508' title='bbox 1906 910 2031 955; x_wconf 91' lang='lat' dir='ltr'>portu</span> <span class='ocrx_word' id='word_1_509' title='bbox 2050 901 2101 942; x_wconf 85' lang='lat' dir='ltr'>ad</span> <span class='ocrx_word' id='word_1_510' title='bbox 2121 905 2223 945; x_wconf 82' lang='lat' dir='ltr'>ostia</span> <span class='ocrx_word' id='word_1_511' title='bbox 2246 907 2399 947; x_wconf 83' lang='lat' dir='ltr'>Amasii</span> <span class='ocrx_word' id='word_1_512' title='bbox 2415 907 2529 950; x_wconf 90' lang='lat' dir='ltr'>ssuvii</span> 
     </span>
     <span class='ocr_line' id='line_1_72' title="bbox 1300 983 2529 1042; baseline 0.011 -19"><span class='ocrx_word' id='word_1_513' title='bbox 1300 991 1396 1024; x_wconf 90' lang='lat' dir='ltr'>sunt</span> <span class='ocrx_word' id='word_1_514' title='bbox 1418 983 1548 1026; x_wconf 89' lang='lat' dir='ltr'>stadia</span> <span class='ocrx_word' id='word_1_515' title='bbox 1570 985 1673 1038; x_wconf 86' lang='lat'>655,</span> <span class='ocrx_word' id='word_1_516' title='bbox 1700 987 1831 1028; x_wconf 85' lang='lat' dir='ltr'>stadia</span> <span class='ocrx_word' id='word_1_517' title='bbox 1864 991 1960 1042; x_wconf 88' lang='grc'>470.</span> <span class='ocrx_word' id='word_1_518' title='bbox 2020 990 2086 1031; x_wconf 89' lang='lat' dir='ltr'>Ab</span> <span class='ocrx_word' id='word_1_519' title='bbox 2108 992 2221 1032; x_wconf 87' lang='lat' dir='ltr'>ostiis</span> <span class='ocrx_word' id='word_1_520' title='bbox 2240 995 2392 1034; x_wconf 87' lang='lat' dir='ltr'>Amasii</span> <span class='ocrx_word' id='word_1_521' title='bbox 2414 995 2529 1037; x_wconf 86' lang='lat' dir='ltr'>fluvii</span> 
     </span>
     <span class='ocr_line' id='line_1_73' title="bbox 1297 1073 2526 1135; baseline 0.011 -22"><span class='ocrx_word' id='word_1_522' title='bbox 1297 1073 1351 1114; x_wconf 83' lang='lat' dir='ltr'>ad</span> <span class='ocrx_word' id='word_1_523' title='bbox 1371 1073 1502 1115; x_wconf 89' lang='lat' dir='ltr'>fontes</span> <span class='ocrx_word' id='word_1_524' title='bbox 1535 1074 1718 1129; x_wconf 88' lang='lat' dir='ltr'>ejusdem</span> <span class='ocrx_word' id='word_1_525' title='bbox 1753 1077 1869 1117; x_wconf 87' lang='lat' dir='ltr'>fluvii</span> <span class='ocrx_word' id='word_1_526' title='bbox 1896 1077 2025 1119; x_wconf 87' lang='lat' dir='ltr'>stadia</span> <span class='ocrx_word' id='word_1_527' title='bbox 2064 1080 2173 1121; x_wconf 84' lang='lat'><strong>2350</strong></span> <span class='ocrx_word' id='word_1_528' title='bbox 2187 1112 2199 1130; x_wconf 91' lang='lat'><em>,</em></span> <span class='ocrx_word' id='word_1_529' title='bbox 2238 1082 2367 1124; x_wconf 86' lang='lat' dir='ltr'>stadia</span> <span class='ocrx_word' id='word_1_530' title='bbox 2406 1085 2526 1135; x_wconf 86' lang='lat'><strong>1300,</strong></span> 
     </span>
    </p>
   </div>
   <div class='ocr_carea' id='block_1_20' title="bbox 1284 1160 2530 1224">
    <p class='ocr_par' dir='ltr' id='par_1_24' title="bbox 1284 1160 2530 1224">
     <span class='ocr_line' id='line_1_74' title="bbox 1284 1160 2530 1224; baseline 0.011 -24"><span class='ocrx_word' id='word_1_531' title='bbox 1284 1160 1358 1201; x_wconf 74' lang='lat' dir='ltr'>vAb</span> <span class='ocrx_word' id='word_1_532' title='bbox 1390 1163 1503 1203; x_wconf 89' lang='lat' dir='ltr'>ostiis</span> <span class='ocrx_word' id='word_1_533' title='bbox 1525 1165 1680 1204; x_wconf 86' lang='lat' dir='ltr'>Amasii</span> <span class='ocrx_word' id='word_1_534' title='bbox 1718 1165 1830 1206; x_wconf 86' lang='lat' dir='ltr'>fluvii</span> <span class='ocrx_word' id='word_1_535' title='bbox 1855 1165 1907 1206; x_wconf 91' lang='lat' dir='ltr'>ad</span> <span class='ocrx_word' id='word_1_536' title='bbox 1944 1168 2047 1208; x_wconf 88' lang='lat' dir='ltr'>ostia</span> <span class='ocrx_word' id='word_1_537' title='bbox 2081 1170 2270 1224; x_wconf 85' lang='lat' dir='ltr'>Visurgis</span> <span class='ocrx_word' id='word_1_538' title='bbox 2302 1172 2415 1213; x_wconf 88' lang='lat' dir='ltr'>fluvii</span> <span class='ocrx_word' id='word_1_539' title='bbox 2453 1181 2530 1214; x_wconf 87' lang='lat' dir='ltr'>sta-</span> 
     </span>
    </p>
   </div>
   <div class='ocr_carea' id='block_1_21' title="bbox 1258 1248 2525 1313">
    <p class='ocr_par' dir='ltr' id='par_1_25' title="bbox 1258 1248 2525 1313">
     <span class='ocr_line' id='line_1_75' title="bbox 1258 1248 2525 1313; baseline 0.012 -26"><span class='ocrx_word' id='word_1_540' title='bbox 1258 1283 1261 1286; x_wconf 30' lang='lat'><strong>.</strong></span> <span class='ocrx_word' id='word_1_541' title='bbox 1291 1248 1360 1290; x_wconf 90' lang='lat' dir='ltr'>dia</span> <span class='ocrx_word' id='word_1_542' title='bbox 1384 1249 1478 1302; x_wconf 89' lang='grc'><strong>560,</strong></span> <span class='ocrx_word' id='word_1_543' title='bbox 1500 1251 1672 1305; x_wconf 81' lang='lat' dir='ltr'>[stadia</span> <span class='ocrx_word' id='word_1_544' title='bbox 1690 1253 1746 1308; x_wconf 85' lang='lat'>*].</span> <span class='ocrx_word' id='word_1_545' title='bbox 1806 1255 1872 1296; x_wconf 87' lang='lat' dir='ltr'>Ab</span> <span class='ocrx_word' id='word_1_546' title='bbox 1891 1257 2004 1296; x_wconf 87' lang='lat' dir='ltr'>ostiis</span> <span class='ocrx_word' id='word_1_547' title='bbox 2023 1257 2139 1297; x_wconf 86' lang='lat' dir='ltr'>fluvii</span> <span class='ocrx_word' id='word_1_548' title='bbox 2157 1259 2345 1313; x_wconf 85' lang='lat' dir='ltr'>Visurgis</span> <span class='ocrx_word' id='word_1_549' title='bbox 2367 1259 2420 1301; x_wconf 89' lang='lat' dir='ltr'>ad</span> <span class='ocrx_word' id='word_1_550' title='bbox 2437 1260 2525 1302; x_wconf 85' lang='lat' dir='ltr'>son-</span> 
     </span>
    </p>
   </div>
   <div class='ocr_carea' id='block_1_22' title="bbox 1289 1336 2527 1653">
    <p class='ocr_par' dir='ltr' id='par_1_26' title="bbox 1289 1336 2527 1653">
     <span class='ocr_line' id='line_1_76' title="bbox 1290 1336 2525 1401; baseline 0.008 -24"><span class='ocrx_word' id='word_1_551' title='bbox 1290 1345 1350 1378; x_wconf 85' lang='lat' dir='ltr'>tes</span> <span class='ocrx_word' id='word_1_552' title='bbox 1366 1336 1550 1392; x_wconf 86' lang='lat' dir='ltr'>ejusdem</span> <span class='ocrx_word' id='word_1_553' title='bbox 1568 1339 1683 1379; x_wconf 90' lang='lat' dir='ltr'>fluvii</span> <span class='ocrx_word' id='word_1_554' title='bbox 1702 1339 1833 1380; x_wconf 84' lang='lat' dir='ltr'>stadia</span> <span class='ocrx_word' id='word_1_555' title='bbox 1854 1343 1974 1395; x_wconf 83' lang='lat'><strong>1780,</strong></span> <span class='ocrx_word' id='word_1_556' title='bbox 1994 1341 2125 1383; x_wconf 86' lang='lat' dir='ltr'>stadia</span> <span class='ocrx_word' id='word_1_557' title='bbox 2143 1347 2261 1384; x_wconf 87' lang='lat'><strong>1600.</strong></span> <span class='ocrx_word' id='word_1_558' title='bbox 2299 1347 2336 1386; x_wconf 88' lang='lat' dir='ltr'><strong>A</strong></span> <span class='ocrx_word' id='word_1_559' title='bbox 2358 1347 2525 1401; x_wconf 83' lang='lat' dir='ltr'>Visurgi</span> 
     </span>
     <span class='ocr_line' id='line_1_77' title="bbox 1289 1422 2527 1486; baseline 0.009 -24"><span class='ocrx_word' id='word_1_560' title='bbox 1289 1423 1417 1464; x_wconf 88' lang='lat' dir='ltr'>fluvio</span> <span class='ocrx_word' id='word_1_561' title='bbox 1435 1422 1488 1464; x_wconf 86' lang='lat' dir='ltr'>ad</span> <span class='ocrx_word' id='word_1_562' title='bbox 1506 1425 1610 1464; x_wconf 89' lang='lat' dir='ltr'>ostia</span> <span class='ocrx_word' id='word_1_563' title='bbox 1631 1424 1746 1466; x_wconf 89' lang='lat' dir='ltr'>Albis</span> <span class='ocrx_word' id='word_1_564' title='bbox 1767 1425 1882 1465; x_wconf 90' lang='lat' dir='ltr'>ssuvii</span> <span class='ocrx_word' id='word_1_565' title='bbox 1904 1425 2035 1468; x_wconf 86' lang='lat' dir='ltr'>stadia</span> <span class='ocrx_word' id='word_1_566' title='bbox 2050 1428 2129 1481; x_wconf 88' lang='grc'>925</span> <span class='ocrx_word' id='word_1_567' title='bbox 2146 1459 2158 1479; x_wconf 91' lang='grc'><strong>,</strong></span> <span class='ocrx_word' id='word_1_568' title='bbox 2191 1429 2353 1483; x_wconf 87' lang='lat' dir='ltr'>[stadia</span> <span class='ocrx_word' id='word_1_569' title='bbox 2366 1431 2387 1451; x_wconf 83' lang='lat'><strong>*</strong></span> <span class='ocrx_word' id='word_1_570' title='bbox 2403 1433 2437 1486; x_wconf 92' lang='lat'>].</span> <span class='ocrx_word' id='word_1_571' title='bbox 2462 1432 2527 1474; x_wconf 90' lang='lat' dir='ltr'>Ab</span> 
     </span>
     <span class='ocr_line' id='line_1_78' title="bbox 1292 1491 2522 1569; baseline 0.008 -23"><span class='ocrx_word' id='word_1_572' title='bbox 1292 1507 1406 1547; x_wconf 86' lang='lat' dir='ltr'>ostiis</span> <span class='ocrx_word' id='word_1_573' title='bbox 1424 1491 1539 1548; x_wconf 82' lang='lat' dir='ltr'>Albis</span> <span class='ocrx_word' id='word_1_574' title='bbox 1557 1507 1672 1547; x_wconf 88' lang='lat' dir='ltr'>fluvii</span> <span class='ocrx_word' id='word_1_575' title='bbox 1694 1507 1746 1548; x_wconf 90' lang='lat' dir='ltr'>ad</span> <span class='ocrx_word' id='word_1_576' title='bbox 1767 1507 1899 1549; x_wconf 86' lang='lat' dir='ltr'>fontes</span> <span class='ocrx_word' id='word_1_577' title='bbox 1919 1507 2103 1563; x_wconf 86' lang='lat' dir='ltr'>ejusdem</span> <span class='ocrx_word' id='word_1_578' title='bbox 2120 1512 2233 1552; x_wconf 84' lang='lat' dir='ltr'>fluvii</span> <span class='ocrx_word' id='word_1_579' title='bbox 2252 1512 2382 1554; x_wconf 84' lang='lat' dir='ltr'>stadia</span> <span class='ocrx_word' id='word_1_580' title='bbox 2401 1514 2522 1569; x_wconf 88' lang='lat'><strong>5370,</strong></span> 
     </span>
     <span class='ocr_line' id='line_1_79' title="bbox 1289 1594 2521 1653; baseline 0.006 -18"><span class='ocrx_word' id='word_1_581' title='bbox 1289 1594 1419 1635; x_wconf 89' lang='lat' dir='ltr'>stadia</span> <span class='ocrx_word' id='word_1_582' title='bbox 1451 1596 1573 1636; x_wconf 88' lang='grc'><strong>3300.</strong></span> <span class='ocrx_word' id='word_1_583' title='bbox 1645 1597 1797 1637; x_wconf 85' lang='lat' dir='ltr'>Contra</span> <span class='ocrx_word' id='word_1_584' title='bbox 1831 1596 1938 1637; x_wconf 86' lang='lat' dir='ltr'>hanc</span> <span class='ocrx_word' id='word_1_585' title='bbox 1975 1606 2134 1652; x_wconf 87' lang='lat' dir='ltr'>partem</span> <span class='ocrx_word' id='word_1_586' title='bbox 2164 1598 2351 1653; x_wconf 82' lang='lat' dir='ltr'>adjacent</span> <span class='ocrx_word' id='word_1_587' title='bbox 2379 1601 2521 1642; x_wconf 87' lang='lat' dir='ltr'>insulae</span> 
     </span>
    </p>
   </div>
   <div class='ocr_carea' id='block_1_23' title="bbox 1290 1680 2522 1820">
    <p class='ocr_par' dir='ltr' id='par_1_27' title="bbox 1290 1680 2522 1820">
     <span class='ocr_line' id='line_1_80' title="bbox 1290 1680 2522 1735; baseline 0.004 -14"><span class='ocrx_word' id='word_1_588' title='bbox 1290 1681 1498 1721; x_wconf 86' lang='lat' dir='ltr'>Saxonum</span> <span class='ocrx_word' id='word_1_589' title='bbox 1534 1680 1756 1735; x_wconf 79' lang='lat' dir='ltr'>appellatae.</span> <span class='ocrx_word' id='word_1_590' title='bbox 1815 1681 1882 1722; x_wconf 92' lang='lat' dir='ltr'>Ab</span> <span class='ocrx_word' id='word_1_591' title='bbox 1921 1683 2024 1722; x_wconf 91' lang='lat' dir='ltr'>ostio</span> <span class='ocrx_word' id='word_1_592' title='bbox 2054 1697 2150 1723; x_wconf 86' lang='lat' dir='ltr'>vero</span> <span class='ocrx_word' id='word_1_593' title='bbox 2181 1683 2295 1724; x_wconf 90' lang='lat' dir='ltr'>Albis</span> <span class='ocrx_word' id='word_1_594' title='bbox 2325 1684 2438 1725; x_wconf 86' lang='lat' dir='ltr'>fluvii</span> <span class='ocrx_word' id='word_1_595' title='bbox 2469 1685 2522 1726; x_wconf 85' lang='lat' dir='ltr'>ad</span> 
     </span>
     <span class='ocr_line' id='line_1_81' title="bbox 1290 1762 2071 1820; baseline 0.004 -18"><span class='ocrx_word' id='word_1_596' title='bbox 1290 1763 1397 1817; x_wconf 89' lang='lat' dir='ltr'>ipsas</span> <span class='ocrx_word' id='word_1_597' title='bbox 1417 1771 1513 1802; x_wconf 88' lang='lat' dir='ltr'>sunt</span> <span class='ocrx_word' id='word_1_598' title='bbox 1536 1763 1665 1803; x_wconf 90' lang='lat' dir='ltr'>stadia</span> <span class='ocrx_word' id='word_1_599' title='bbox 1682 1762 1762 1816; x_wconf 88' lang='lat'>750</span> <span class='ocrx_word' id='word_1_600' title='bbox 1776 1794 1788 1813; x_wconf 91' lang='lat'><em>‚</em></span> <span class='ocrx_word' id='word_1_601' title='bbox 1816 1763 1984 1816; x_wconf 78' lang='lat' dir='ltr'>[stadia</span> <span class='ocrx_word' id='word_1_602' title='bbox 1998 1763 2018 1783; x_wconf 86' lang='lat'><strong>*</strong></span> <span class='ocrx_word' id='word_1_603' title='bbox 2038 1765 2071 1820; x_wconf 93' lang='grc'>].</span> 
     </span>
    </p>
   </div>
   <div class='ocr_carea' id='block_1_24' title="bbox 1292 1846 2520 1969">
    <p class='ocr_par' dir='ltr' id='par_1_28' title="bbox 1292 1846 2520 1969">
     <span class='ocr_line' id='line_1_82' title="bbox 1349 1846 2520 1903; baseline 0.006 -17"><span class='ocrx_word' id='word_1_604' title='bbox 1349 1848 1417 1887; x_wconf 89' lang='grc'>33.</span> <span class='ocrx_word' id='word_1_605' title='bbox 1450 1849 1547 1887; x_wconf 91' lang='lat' dir='ltr'>Post</span> <span class='ocrx_word' id='word_1_606' title='bbox 1563 1846 1700 1887; x_wconf 90' lang='lat' dir='ltr'>Albim</span> <span class='ocrx_word' id='word_1_607' title='bbox 1717 1847 1890 1887; x_wconf 86' lang='lat' dir='ltr'>fluvium</span> <span class='ocrx_word' id='word_1_608' title='bbox 1910 1850 2096 1903; x_wconf 88' lang='lat' dir='ltr'>sequitur</span> <span class='ocrx_word' id='word_1_609' title='bbox 2109 1850 2376 1892; x_wconf 88' lang='lat' dir='ltr'>chersonesus</span> <span class='ocrx_word' id='word_1_610' title='bbox 2394 1851 2520 1892; x_wconf 85' lang='lat' dir='ltr'>maxi-</span> 
     </span>
     <span class='ocr_line' id='line_1_83' title="bbox 1292 1913 2517 1969; baseline 0.003 -14"><span class='ocrx_word' id='word_1_611' title='bbox 1292 1929 1360 1955; x_wconf 91' lang='lat' dir='ltr'>ma</span> <span class='ocrx_word' id='word_1_612' title='bbox 1381 1913 1589 1956; x_wconf 90' lang='lat' dir='ltr'>Cimbrica</span> <span class='ocrx_word' id='word_1_613' title='bbox 1621 1914 1834 1969; x_wconf 88' lang='lat' dir='ltr'>appellata.</span> <span class='ocrx_word' id='word_1_614' title='bbox 1894 1917 1947 1955; x_wconf 90' lang='lat' dir='ltr'>Et</span> <span class='ocrx_word' id='word_1_615' title='bbox 1972 1916 2024 1956; x_wconf 91' lang='lat' dir='ltr'>ab</span> <span class='ocrx_word' id='word_1_616' title='bbox 2047 1917 2160 1958; x_wconf 90' lang='lat' dir='ltr'>ostiis</span> <span class='ocrx_word' id='word_1_617' title='bbox 2187 1918 2303 1960; x_wconf 92' lang='lat' dir='ltr'>Albis</span> <span class='ocrx_word' id='word_1_618' title='bbox 2330 1918 2446 1959; x_wconf 91' lang='lat' dir='ltr'>fluvii</span> <span class='ocrx_word' id='word_1_619' title='bbox 2466 1918 2517 1959; x_wconf 89' lang='lat' dir='ltr'>ad</span> 
     </span>
    </p>
   </div>
   <div class='ocr_carea' id='block_1_25' title="bbox 1343 2041 2514 2131">
    <p class='ocr_par' dir='ltr' id='par_1_29' title="bbox 1343 2041 2514 2131">
     <span class='ocr_line' id='line_1_84' title="bbox 1343 2041 2514 2131; baseline 0.001 -14"><span class='ocrx_word' id='word_1_620' title='bbox 1343 2041 1766 2128; x_wconf 42' lang='lat' dir='ltr'>§33.l·³tolemaeusll‚</span> <span class='ocrx_word' id='word_1_621' title='bbox 1786 2074 2151 2129; x_wconf 74' lang='grc' dir='ltr'>ιοεΚιμὸρικῆς</span> <span class='ocrx_word' id='word_1_622' title='bbox 2174 2077 2514 2131; x_wconf 83' lang='grc' dir='ltr'>Χερσονήσου·</span> 
     </span>
    </p>
   </div>
   <div class='ocr_carea' id='block_1_26' title="bbox 1280 2159 2491 2621">
    <p class='ocr_par' dir='ltr' id='par_1_30' title="bbox 2281 2159 2433 2188">
     <span class='ocr_line' id='line_1_85' title="bbox 2281 2159 2433 2188; baseline 0 -1"><span class='ocrx_word' id='word_1_623' title='bbox 2281 2159 2433 2188; x_wconf 72' lang='lat' dir='ltr'>Marcian.</span> 
     </span>
    </p>

    <p class='ocr_par' dir='ltr' id='par_1_31' title="bbox 1284 2195 1688 2251">
     <span class='ocr_line' id='line_1_86' title="bbox 1284 2195 1688 2251; baseline 0.005 -17"><span class='ocrx_word' id='word_1_624' title='bbox 1284 2201 1318 2238; x_wconf 86' lang='lat' dir='ltr'>I.</span> <span class='ocrx_word' id='word_1_625' title='bbox 1415 2196 1439 2247; x_wconf 83' lang='grc' dir='ltr'>ἣ</span> <span class='ocrx_word' id='word_1_626' title='bbox 1484 2195 1579 2251; x_wconf 81' lang='grc' dir='ltr'>μετὰ</span> <span class='ocrx_word' id='word_1_627' title='bbox 1621 2195 1688 2236; x_wconf 88' lang='grc' dir='ltr'>τὸν</span> 
     </span>
    </p>

    <p class='ocr_par' dir='ltr' id='par_1_32' title="bbox 1281 2256 2456 2373">
     <span class='ocr_line' id='line_1_87' title="bbox 1414 2256 2456 2313; baseline 0.004 -15"><span class='ocrx_word' id='word_1_628' title='bbox 1414 2257 1542 2298; x_wconf 71' lang='grc' dir='ltr'>’Άλῦιν</span> <span class='ocrx_word' id='word_1_629' title='bbox 1571 2256 1686 2311; x_wconf 77' lang='grc' dir='ltr'>ἐξοχή</span> <span class='ocrx_word' id='word_1_630' title='bbox 1716 2258 1790 2298; x_wconf 90' lang='grc'><strong>320</strong></span> <span class='ocrx_word' id='word_1_631' title='bbox 1942 2258 2014 2299; x_wconf 92' lang='grc'><strong>560</strong></span> <span class='ocrx_word' id='word_1_632' title='bbox 2045 2258 2114 2299; x_wconf 90' lang='grc'>50’</span> <span class='ocrx_word' id='word_1_633' title='bbox 2171 2259 2351 2313; x_wconf 87' lang='grc'><strong>570-400</strong></span> <span class='ocrx_word' id='word_1_634' title='bbox 2435 2263 2456 2301; x_wconf 97' lang='lat' dir='ltr'>I</span> 
     </span>
     <span class='ocr_line' id='line_1_88' title="bbox 1281 2317 1681 2373; baseline 0.013 -12"><span class='ocrx_word' id='word_1_635' title='bbox 1281 2323 1337 2361; x_wconf 93' lang='grc' dir='ltr'>ΙΙ.</span> <span class='ocrx_word' id='word_1_636' title='bbox 1413 2318 1436 2370; x_wconf 84' lang='grc' dir='ltr'>ἣ</span> <span class='ocrx_word' id='word_1_637' title='bbox 1455 2318 1582 2373; x_wconf 77' lang='grc' dir='ltr'>ἐφεξῆς</span> <span class='ocrx_word' id='word_1_638' title='bbox 1602 2317 1681 2365; x_wconf 77' lang='grc' dir='ltr'>ἐξο-</span> 
     </span>
    </p>

    <p class='ocr_par' dir='ltr' id='par_1_33' title="bbox 1280 2381 2474 2497">
     <span class='ocr_line' id='line_1_89' title="bbox 1413 2381 2474 2435; baseline 0.006 -15"><span class='ocrx_word' id='word_1_639' title='bbox 1413 2381 1469 2435; x_wconf 82' lang='grc' dir='ltr'>χή</span> <span class='ocrx_word' id='word_1_640' title='bbox 1713 2381 1786 2422; x_wconf 86' lang='grc'><strong>350</strong></span> <span class='ocrx_word' id='word_1_641' title='bbox 1943 2381 2015 2423; x_wconf 91' lang='grc'>580</span> <span class='ocrx_word' id='word_1_642' title='bbox 2045 2381 2112 2424; x_wconf 86' lang='lat'>20&#39;</span> <span class='ocrx_word' id='word_1_643' title='bbox 2172 2387 2405 2426; x_wconf 88' lang='lat'><strong>1600-1100</strong></span> <span class='ocrx_word' id='word_1_644' title='bbox 2432 2387 2474 2426; x_wconf 94' lang='lat' dir='ltr'>II</span> 
     </span>
     <span class='ocr_line' id='line_1_90' title="bbox 1280 2441 1986 2497; baseline -0.001 -14"><span class='ocrx_word' id='word_1_645' title='bbox 1280 2445 1357 2483; x_wconf 93' lang='lat' dir='ltr'><strong>III.</strong></span> <span class='ocrx_word' id='word_1_646' title='bbox 1408 2442 1431 2493; x_wconf 84' lang='grc' dir='ltr'>ἣ</span> <span class='ocrx_word' id='word_1_647' title='bbox 1469 2442 1524 2483; x_wconf 75' lang='grc' dir='ltr'>ἔτι</span> <span class='ocrx_word' id='word_1_648' title='bbox 1553 2441 1680 2497; x_wconf 75' lang='grc' dir='ltr'>ἐφεξῆς</span> <span class='ocrx_word' id='word_1_649' title='bbox 1984 2460 1986 2462; x_wconf 65' lang='grc'>’</span> 
     </span>
    </p>

    <p class='ocr_par' dir='ltr' id='par_1_34' title="bbox 1422 2503 2434 2559">
     <span class='ocr_line' id='line_1_91' title="bbox 1422 2503 2434 2559; baseline 0.003 -15"><span class='ocrx_word' id='word_1_650' title='bbox 1422 2503 1679 2559; x_wconf 80' lang='grc' dir='ltr'>καὶᾶρκτικω-</span> <span class='ocrx_word' id='word_1_651' title='bbox 2429 2542 2434 2547; x_wconf 92' lang='grc'>.</span> 
     </span>
    </p>

    <p class='ocr_par' dir='ltr' id='par_1_35' title="bbox 1418 2566 2491 2621">
     <span class='ocr_line' id='line_1_92' title="bbox 1418 2566 2491 2621; baseline 0.005 -16"><span class='ocrx_word' id='word_1_652' title='bbox 1418 2567 1513 2618; x_wconf 87' lang='grc' dir='ltr'>τάτη</span> <span class='ocrx_word' id='word_1_653' title='bbox 1715 2566 1790 2619; x_wconf 85' lang='lat'>39⁰</span> <span class='ocrx_word' id='word_1_654' title='bbox 1948 2566 2020 2621; x_wconf 82' lang='lat'>59⁰</span> <span class='ocrx_word' id='word_1_655' title='bbox 2048 2566 2114 2608; x_wconf 83' lang='lat'>30&#39;</span> <span class='ocrx_word' id='word_1_656' title='bbox 2174 2568 2402 2616; x_wconf 59' lang='lat'><strong>145041150</strong></span> <span class='ocrx_word' id='word_1_657' title='bbox 2431 2571 2491 2610; x_wconf 86' lang='lat'>111</span> 
     </span>
    </p>
   </div>
   <div class='ocr_carea' id='block_1_27' title="bbox 1278 2626 1670 2730">
    <p class='ocr_par' dir='ltr' id='par_1_36' title="bbox 1278 2626 1670 2730">
     <span class='ocr_line' id='line_1_93' title="bbox 1278 2626 1666 2668; baseline 0 -2"><span class='ocrx_word' id='word_1_658' title='bbox 1278 2629 1333 2667; x_wconf 89' lang='lat' dir='ltr'>V.</span> <span class='ocrx_word' id='word_1_659' title='bbox 1407 2627 1452 2668; x_wconf 88' lang='grc' dir='ltr'>τὸ</span> <span class='ocrx_word' id='word_1_660' title='bbox 1486 2626 1666 2668; x_wconf 81' lang='grc' dir='ltr'>ἀνατολι·</span> 
     </span>
     <span class='ocr_line' id='line_1_94' title="bbox 1405 2689 1670 2730; baseline -0.004 0"><span class='ocrx_word' id='word_1_661' title='bbox 1405 2691 1578 2730; x_wconf 82' lang='grc' dir='ltr'>κώτατον</span> <span class='ocrx_word' id='word_1_662' title='bbox 1606 2689 1670 2729; x_wconf 82' lang='grc' dir='ltr'>αὔ-</span> 
     </span>
    </p>
   </div>
   <div class='ocr_carea' id='block_1_28' title="bbox 1276 2754 1663 2992">
    <p class='ocr_par' dir='ltr' id='par_1_37' title="bbox 1403 2754 1471 2802">
     <span class='ocr_line' id='line_1_95' title="bbox 1403 2754 1471 2802; baseline 0.015 -10"><span class='ocrx_word' id='word_1_663' title='bbox 1403 2754 1471 2802; x_wconf 85' lang='grc' dir='ltr'>τῆς</span> 
     </span>
    </p>

    <p class='ocr_par' dir='ltr' id='par_1_38' title="bbox 1276 2811 1663 2992">
     <span class='ocr_line' id='line_1_96' title="bbox 1276 2811 1662 2868; baseline 0.003 -16"><span class='ocrx_word' id='word_1_664' title='bbox 1276 2814 1352 2853; x_wconf 91' lang='lat' dir='ltr'>IV.</span> <span class='ocrx_word' id='word_1_665' title='bbox 1400 2812 1424 2863; x_wconf 82' lang='grc' dir='ltr'>ἡ</span> <span class='ocrx_word' id='word_1_666' title='bbox 1465 2813 1560 2868; x_wconf 83' lang='grc' dir='ltr'>μετὰ</span> <span class='ocrx_word' id='word_1_667' title='bbox 1592 2811 1662 2864; x_wconf 84' lang='grc' dir='ltr'>τὴν</span> 
     </span>
     <span class='ocr_line' id='line_1_97' title="bbox 1400 2873 1663 2930; baseline 0.004 -14"><span class='ocrx_word' id='word_1_668' title='bbox 1400 2873 1539 2930; x_wconf 80' lang='grc' dir='ltr'>ἐξοχὴν</span> <span class='ocrx_word' id='word_1_669' title='bbox 1559 2877 1663 2930; x_wconf 86' lang='grc' dir='ltr'>πρώ-</span> 
     </span>
     <span class='ocr_line' id='line_1_98' title="bbox 1402 2936 1584 2992; baseline 0 -15"><span class='ocrx_word' id='word_1_670' title='bbox 1402 2952 1448 2989; x_wconf 87' lang='grc' dir='ltr'>τη</span> <span class='ocrx_word' id='word_1_671' title='bbox 1467 2936 1584 2992; x_wconf 78' lang='grc' dir='ltr'>ἐξοχή</span> 
     </span>
    </p>
   </div>
   <div class='ocr_carea' id='block_1_29' title="bbox 1275 2998 1664 3051">
    <p class='ocr_par' dir='ltr' id='par_1_39' title="bbox 1275 2998 1664 3051">
     <span class='ocr_line' id='line_1_99' title="bbox 1275 2998 1664 3051; baseline 0.003 -13"><span class='ocrx_word' id='word_1_672' title='bbox 1275 3000 1350 3039; x_wconf 87' lang='lat' dir='ltr'>VI.</span> <span class='ocrx_word' id='word_1_673' title='bbox 1397 2998 1422 3050; x_wconf 84' lang='grc' dir='ltr'>ἣ</span> <span class='ocrx_word' id='word_1_674' title='bbox 1434 2999 1507 3040; x_wconf 72' lang='grc' dir='ltr'>ὑπὸ</span> <span class='ocrx_word' id='word_1_675' title='bbox 1522 2999 1664 3051; x_wconf 75' lang='grc' dir='ltr'>ταύτην</span> 
     </span>
    </p>
   </div>
   <div class='ocr_carea' id='block_1_30' title="bbox 1717 2751 2457 2807">
    <p class='ocr_par' dir='ltr' id='par_1_40' title="bbox 1717 2751 2457 2807">
     <span class='ocr_line' id='line_1_100' title="bbox 1717 2751 2457 2807; baseline 0.003 -16"><span class='ocrx_word' id='word_1_676' title='bbox 1717 2753 1790 2799; x_wconf 89' lang='grc'><strong>400</strong></span> <span class='ocrx_word' id='word_1_677' title='bbox 1824 2751 1888 2791; x_wconf 89' lang='lat'>15&#39;</span> <span class='ocrx_word' id='word_1_678' title='bbox 1946 2751 2018 2805; x_wconf 90' lang='grc'><strong>590</strong></span> <span class='ocrx_word' id='word_1_679' title='bbox 2051 2753 2118 2795; x_wconf 87' lang='grc' dir='ltr'>3ο’</span> <span class='ocrx_word' id='word_1_680' title='bbox 2174 2754 2355 2807; x_wconf 88' lang='grc'><strong>720-520</strong></span> <span class='ocrx_word' id='word_1_681' title='bbox 2418 2756 2457 2793; x_wconf 91' lang='lat' dir='ltr'><strong>V</strong></span> 
     </span>
    </p>
   </div>
   <div class='ocr_carea' id='block_1_31' title="bbox 1722 2936 2472 2990">
    <p class='ocr_par' dir='ltr' id='par_1_41' title="bbox 1722 2936 2472 2990">
     <span class='ocr_line' id='line_1_101' title="bbox 1722 2936 2472 2990; baseline 0.003 -13"><span class='ocrx_word' id='word_1_682' title='bbox 1722 2938 1795 2990; x_wconf 86' lang='grc'><strong>390</strong></span> <span class='ocrx_word' id='word_1_683' title='bbox 1825 2936 1894 2978; x_wconf 86' lang='lat'>20&#39;</span> <span class='ocrx_word' id='word_1_684' title='bbox 1952 2937 2024 2979; x_wconf 83' lang='grc'><strong>580</strong></span> <span class='ocrx_word' id='word_1_685' title='bbox 2060 2938 2123 2979; x_wconf 87' lang='lat'>15&#39;</span> <span class='ocrx_word' id='word_1_686' title='bbox 2180 2940 2361 2983; x_wconf 86' lang='grc'><strong>650-550</strong></span> <span class='ocrx_word' id='word_1_687' title='bbox 2413 2942 2472 2981; x_wconf 92' lang='lat' dir='ltr'>IV</span> 
     </span>
    </p>
   </div>
   <div class='ocr_carea' id='block_1_32' title="bbox 1274 3060 2503 3302">
    <p class='ocr_par' dir='ltr' id='par_1_42' title="bbox 1274 3060 2485 3178">
     <span class='ocr_line' id='line_1_102' title="bbox 1403 3060 2485 3116; baseline 0.003 -15"><span class='ocrx_word' id='word_1_688' title='bbox 1403 3060 1530 3116; x_wconf 81' lang='grc' dir='ltr'>ἐφεξῆς</span> <span class='ocrx_word' id='word_1_689' title='bbox 1711 3063 1784 3116; x_wconf 82' lang='grc'><strong>370</strong></span> <span class='ocrx_word' id='word_1_690' title='bbox 1941 3062 2012 3116; x_wconf 89' lang='grc'><strong>570</strong></span> <span class='ocrx_word' id='word_1_691' title='bbox 2163 3063 2398 3106; x_wconf 85' lang='lat'><strong>2000-1500</strong></span> <span class='ocrx_word' id='word_1_692' title='bbox 2425 3065 2485 3104; x_wconf 92' lang='lat' dir='ltr'>VI</span> 
     </span>
     <span class='ocr_line' id='line_1_103' title="bbox 1274 3122 1675 3178; baseline 0.002 -16"><span class='ocrx_word' id='word_1_693' title='bbox 1274 3125 1372 3164; x_wconf 86' lang='lat' dir='ltr'><strong>VII.</strong></span> <span class='ocrx_word' id='word_1_694' title='bbox 1405 3122 1675 3178; x_wconf 84' lang='grc' dir='ltr'>ἣπρὸςάνατο-</span> 
     </span>
    </p>

    <p class='ocr_par' dir='ltr' id='par_1_43' title="bbox 1402 3184 1664 3239">
     <span class='ocr_line' id='line_1_104' title="bbox 1402 3184 1664 3239; baseline -0.008 -14"><span class='ocrx_word' id='word_1_695' title='bbox 1402 3185 1472 3233; x_wconf 83' lang='grc' dir='ltr'>λὰς</span> <span class='ocrx_word' id='word_1_696' title='bbox 1495 3184 1664 3239; x_wconf 80' lang='grc' dir='ltr'>ἔπιστρο·</span> 
     </span>
    </p>

    <p class='ocr_par' dir='ltr' id='par_1_44' title="bbox 1399 3244 2503 3302">
     <span class='ocr_line' id='line_1_105' title="bbox 1399 3244 2503 3302; baseline 0.005 -18"><span class='ocrx_word' id='word_1_697' title='bbox 1399 3247 1451 3302; x_wconf 76' lang='grc' dir='ltr'>φή</span> <span class='ocrx_word' id='word_1_698' title='bbox 1713 3246 1785 3286; x_wconf 79' lang='grc'><strong>350</strong></span> <span class='ocrx_word' id='word_1_699' title='bbox 1944 3244 2015 3298; x_wconf 86' lang='grc'><strong>570</strong></span> <span class='ocrx_word' id='word_1_700' title='bbox 2174 3247 2378 3300; x_wconf 83' lang='grc'><strong>1060-750</strong></span> <span class='ocrx_word' id='word_1_701' title='bbox 2423 3249 2503 3289; x_wconf 86' lang='lat' dir='ltr'>VII</span> 
     </span>
    </p>
   </div>
   <div class='ocr_carea' id='block_1_33' title="bbox 2141 3306 2429 3316">
    <p class='ocr_par' dir='ltr' id='par_1_45' title="bbox 2141 3306 2429 3316">
     <span class='ocr_line' id='line_1_106' title="bbox 2141 3306 2429 3316; baseline 0 1026"><span class='ocrx_word' id='word_1_702' title='bbox 2141 3306 2429 3316; x_wconf 95' lang='lat' dir='ltr'> </span> 
     </span>
    </p>
   </div>
   <div class='ocr_carea' id='block_1_34' title="bbox 2167 3323 2403 3376">
    <p class='ocr_par' dir='ltr' id='par_1_46' title="bbox 2167 3323 2403 3376">
     <span class='ocr_line' id='line_1_107' title="bbox 2167 3323 2403 3376; baseline 0.004 -13"><span class='ocrx_word' id='word_1_703' title='bbox 2167 3323 2403 3376; x_wconf 84' lang='lat'><strong>8050·5970</strong></span> 
     </span>
    </p>
   </div>
   <div class='ocr_carea' id='block_1_35' title="bbox 1272 3402 2502 4015">
    <p class='ocr_par' dir='ltr' id='par_1_47' title="bbox 1272 3402 2502 4015">
     <span class='ocr_line' id='line_1_108' title="bbox 1275 3402 2501 3452; baseline -0.001 -6"><span class='ocrx_word' id='word_1_704' title='bbox 1275 3405 1413 3446; x_wconf 86' lang='lat' dir='ltr'>Verba</span> <span class='ocrx_word' id='word_1_705' title='bbox 1434 3404 1640 3446; x_wconf 85' lang='lat' dir='ltr'>Ptolemaei</span> <span class='ocrx_word' id='word_1_706' title='bbox 1667 3406 1721 3444; x_wconf 89' lang='lat' dir='ltr'>ita</span> <span class='ocrx_word' id='word_1_707' title='bbox 1742 3402 1853 3452; x_wconf 85' lang='lat' dir='ltr'>dedi,</span> <span class='ocrx_word' id='word_1_708' title='bbox 1887 3412 1933 3444; x_wconf 93' lang='lat' dir='ltr'>ut</span> <span class='ocrx_word' id='word_1_709' title='bbox 1955 3404 1996 3443; x_wconf 88' lang='lat' dir='ltr'>in</span> <span class='ocrx_word' id='word_1_710' title='bbox 2017 3403 2228 3444; x_wconf 81' lang='lat' dir='ltr'>codicibus</span> <span class='ocrx_word' id='word_1_711' title='bbox 2250 3413 2290 3444; x_wconf 90' lang='lat' dir='ltr'>et</span> <span class='ocrx_word' id='word_1_712' title='bbox 2308 3405 2501 3446; x_wconf 85' lang='lat' dir='ltr'>editioni-</span> 
     </span>
     <span class='ocr_line' id='line_1_109' title="bbox 1275 3465 2502 3522; baseline -0.001 -13"><span class='ocrx_word' id='word_1_713' title='bbox 1275 3467 1352 3509; x_wconf 88' lang='lat' dir='ltr'>bus</span> <span class='ocrx_word' id='word_1_714' title='bbox 1385 3467 1523 3522; x_wconf 81' lang='lat' dir='ltr'>graecis</span> <span class='ocrx_word' id='word_1_715' title='bbox 1555 3474 1715 3506; x_wconf 85' lang='lat' dir='ltr'>tantum</span> <span class='ocrx_word' id='word_1_716' title='bbox 1744 3480 1828 3506; x_wconf 91' lang='lat' dir='ltr'>non</span> <span class='ocrx_word' id='word_1_717' title='bbox 1852 3465 2044 3506; x_wconf 88' lang='lat' dir='ltr'>omnibus</span> <span class='ocrx_word' id='word_1_718' title='bbox 2071 3465 2147 3519; x_wconf 87' lang='lat' dir='ltr'>legi</span> <span class='ocrx_word' id='word_1_719' title='bbox 2168 3465 2314 3506; x_wconf 89' lang='lat' dir='ltr'>solent.</span> <span class='ocrx_word' id='word_1_720' title='bbox 2352 3466 2502 3508; x_wconf 81' lang='lat' dir='ltr'>Differt</span> 
     </span>
     <span class='ocr_line' id='line_1_110' title="bbox 1274 3526 2500 3581; baseline -0.001 -11"><span class='ocrx_word' id='word_1_721' title='bbox 1274 3529 1326 3570; x_wconf 87' lang='lat' dir='ltr'>ab</span> <span class='ocrx_word' id='word_1_722' title='bbox 1345 3530 1407 3570; x_wconf 85' lang='lat' dir='ltr'>his</span> <span class='ocrx_word' id='word_1_723' title='bbox 1433 3527 1563 3569; x_wconf 86' lang='lat' dir='ltr'>codex</span> <span class='ocrx_word' id='word_1_724' title='bbox 1586 3541 1755 3581; x_wconf 82' lang='lat' dir='ltr'>graecus,</span> <span class='ocrx_word' id='word_1_725' title='bbox 1780 3526 1889 3567; x_wconf 90' lang='lat' dir='ltr'>unde</span> <span class='ocrx_word' id='word_1_726' title='bbox 1904 3526 2028 3567; x_wconf 86' lang='lat' dir='ltr'>ducta</span> <span class='ocrx_word' id='word_1_727' title='bbox 2048 3535 2143 3567; x_wconf 90' lang='lat' dir='ltr'>sunt</span> <span class='ocrx_word' id='word_1_728' title='bbox 2165 3526 2288 3568; x_wconf 87' lang='lat' dir='ltr'>latina</span> <span class='ocrx_word' id='word_1_729' title='bbox 2310 3527 2500 3569; x_wconf 88' lang='lat' dir='ltr'>editionis</span> 
     </span>
     <span class='ocr_line' id='line_1_111' title="bbox 1273 3587 2499 3645; baseline -0.002 -13"><span class='ocrx_word' id='word_1_730' title='bbox 1273 3590 1595 3645; x_wconf 85' lang='lat' dir='ltr'>Argentinensis‚</span> <span class='ocrx_word' id='word_1_731' title='bbox 1621 3590 1662 3629; x_wconf 92' lang='lat' dir='ltr'>in</span> <span class='ocrx_word' id='word_1_732' title='bbox 1686 3603 1767 3643; x_wconf 88' lang='lat' dir='ltr'>qua</span> <span class='ocrx_word' id='word_1_733' title='bbox 1801 3597 1894 3643; x_wconf 91' lang='lat' dir='ltr'>post</span> <span class='ocrx_word' id='word_1_734' title='bbox 1915 3603 2076 3630; x_wconf 90' lang='lat' dir='ltr'>versum</span> <span class='ocrx_word' id='word_1_735' title='bbox 2099 3588 2122 3641; x_wconf 85' lang='grc' dir='ltr'>ἣ</span> <span class='ocrx_word' id='word_1_736' title='bbox 2148 3589 2243 3645; x_wconf 81' lang='grc' dir='ltr'>μετὰ</span> <span class='ocrx_word' id='word_1_737' title='bbox 2264 3587 2334 3641; x_wconf 82' lang='grc' dir='ltr'>τὴν</span> <span class='ocrx_word' id='word_1_738' title='bbox 2361 3588 2499 3644; x_wconf 80' lang='grc' dir='ltr'>ἐξοχὴν</span> 
     </span>
     <span class='ocr_line' id='line_1_112' title="bbox 1273 3649 2501 3708; baseline -0.003 -14"><span class='ocrx_word' id='word_1_739' title='bbox 1273 3655 1402 3708; x_wconf 83' lang='grc' dir='ltr'>πρώτη</span> <span class='ocrx_word' id='word_1_740' title='bbox 1427 3649 1540 3706; x_wconf 78' lang='grc' dir='ltr'>ἐξοχὴ</span> <span class='ocrx_word' id='word_1_741' title='bbox 1571 3666 1702 3691; x_wconf 88' lang='lat' dir='ltr'>novus</span> <span class='ocrx_word' id='word_1_742' title='bbox 1737 3665 1875 3691; x_wconf 85' lang='lat' dir='ltr'>versus</span> <span class='ocrx_word' id='word_1_743' title='bbox 1907 3650 2073 3691; x_wconf 89' lang='lat' dir='ltr'>additur</span> <span class='ocrx_word' id='word_1_744' title='bbox 2097 3652 2165 3692; x_wconf 89' lang='lat' dir='ltr'>hic</span> <span class='ocrx_word' id='word_1_745' title='bbox 2195 3664 2206 3692; x_wconf 78' lang='lat' dir='ltr'><strong><em>z</em></strong></span> <span class='ocrx_word' id='word_1_746' title='bbox 2233 3655 2331 3703; x_wconf 66' lang='lat' dir='ltr'>Quae</span> <span class='ocrx_word' id='word_1_747' title='bbox 2359 3651 2501 3692; x_wconf 77' lang='lat' dir='ltr'>deinde</span> 
     </span>
     <span class='ocr_line' id='line_1_113' title="bbox 1272 3712 2498 3770; baseline -0.002 -15"><span class='ocrx_word' id='word_1_748' title='bbox 1272 3716 1534 3770; x_wconf 70' lang='lat' dir='ltr'>subsequitur</span> <span class='ocrx_word' id='word_1_749' title='bbox 1550 3716 1622 3761; x_wconf 76' lang='grc'>400</span> <span class='ocrx_word' id='word_1_750' title='bbox 1642 3715 1729 3754; x_wconf 83' lang='grc'><strong>580.</strong></span> <span class='ocrx_word' id='word_1_751' title='bbox 1755 3712 1879 3766; x_wconf 90' lang='lat' dir='ltr'>Apud</span> <span class='ocrx_word' id='word_1_752' title='bbox 1902 3713 2080 3767; x_wconf 85' lang='lat' dir='ltr'>reliquos</span> <span class='ocrx_word' id='word_1_753' title='bbox 2099 3714 2337 3768; x_wconf 85' lang='lat' dir='ltr'>interpretes</span> <span class='ocrx_word' id='word_1_754' title='bbox 2356 3712 2498 3753; x_wconf 87' lang='lat' dir='ltr'>latinos</span> 
     </span>
     <span class='ocr_line' id='line_1_114' title="bbox 1274 3774 2494 3830; baseline -0.002 -14"><span class='ocrx_word' id='word_1_755' title='bbox 1274 3790 1402 3830; x_wconf 89' lang='lat' dir='ltr'>usque</span> <span class='ocrx_word' id='word_1_756' title='bbox 1424 3775 1475 3816; x_wconf 86' lang='lat' dir='ltr'>ad</span> <span class='ocrx_word' id='word_1_757' title='bbox 1494 3775 1695 3815; x_wconf 89' lang='lat' dir='ltr'>borealem</span> <span class='ocrx_word' id='word_1_758' title='bbox 1719 3774 1949 3815; x_wconf 85' lang='lat' dir='ltr'>chersonesi</span> <span class='ocrx_word' id='word_1_759' title='bbox 1969 3776 2263 3816; x_wconf 87' lang='lat' dir='ltr'>extremitatem</span> <span class='ocrx_word' id='word_1_760' title='bbox 2292 3787 2375 3813; x_wconf 90' lang='lat' dir='ltr'>non</span> <span class='ocrx_word' id='word_1_761' title='bbox 2399 3781 2494 3823; x_wconf 85' lang='lat' dir='ltr'>tres,</span> 
     </span>
     <span class='ocr_line' id='line_1_115' title="bbox 1273 3834 2497 3892; baseline -0.003 -14"><span class='ocrx_word' id='word_1_762' title='bbox 1273 3838 1345 3879; x_wconf 87' lang='lat' dir='ltr'>sed</span> <span class='ocrx_word' id='word_1_763' title='bbox 1364 3846 1557 3892; x_wconf 85' lang='lat' dir='ltr'>quattuor</span> <span class='ocrx_word' id='word_1_764' title='bbox 1582 3846 1831 3877; x_wconf 67' lang='lat' dir='ltr'>eoetensaeones</span> <span class='ocrx_word' id='word_1_765' title='bbox 1852 3838 1868 3889; x_wconf 92' lang='lat'>(</span> <span class='ocrx_word' id='word_1_766' title='bbox 1886 3838 1945 3877; x_wconf 90' lang='lat' dir='ltr'>sic</span> <span class='ocrx_word' id='word_1_767' title='bbox 1959 3836 2139 3877; x_wconf 88' lang='lat' dir='ltr'>reddunt</span> <span class='ocrx_word' id='word_1_768' title='bbox 2164 3835 2229 3883; x_wconf 80' lang='grc' dir='ltr'>τὰς</span> <span class='ocrx_word' id='word_1_769' title='bbox 2250 3834 2412 3889; x_wconf 79' lang='grc' dir='ltr'>ἐξοχὰς)</span> <span class='ocrx_word' id='word_1_770' title='bbox 2434 3849 2497 3874; x_wconf 85' lang='lat' dir='ltr'>re-</span> 
     </span>
     <span class='ocr_line' id='line_1_116' title="bbox 1276 3897 2498 3952; baseline -0.003 -11"><span class='ocrx_word' id='word_1_771' title='bbox 1276 3908 1506 3941; x_wconf 83' lang='lat' dir='ltr'>censentur.</span> <span class='ocrx_word' id='word_1_772' title='bbox 1524 3901 1614 3940; x_wconf 88' lang='lat' dir='ltr'>Jam</span> <span class='ocrx_word' id='word_1_773' title='bbox 1636 3908 1682 3939; x_wconf 84' lang='lat' dir='ltr'>ut</span> <span class='ocrx_word' id='word_1_774' title='bbox 1697 3900 1739 3939; x_wconf 92' lang='lat' dir='ltr'>in</span> <span class='ocrx_word' id='word_1_775' title='bbox 1762 3898 1920 3952; x_wconf 84' lang='lat' dir='ltr'>vulgata</span> <span class='ocrx_word' id='word_1_776' title='bbox 1935 3898 2173 3949; x_wconf 81' lang='lat' dir='ltr'>subsistam,</span> <span class='ocrx_word' id='word_1_777' title='bbox 2194 3897 2432 3939; x_wconf 87' lang='lat' dir='ltr'>Ptolemaeus</span> <span class='ocrx_word' id='word_1_778' title='bbox 2459 3906 2498 3937; x_wconf 86' lang='lat' dir='ltr'>ct</span> 
     </span>
     <span class='ocr_line' id='line_1_117' title="bbox 1275 3959 2496 4015; baseline -0.004 -12"><span class='ocrx_word' id='word_1_779' title='bbox 1275 3963 1507 4005; x_wconf 85' lang='lat' dir='ltr'>Marcianus</span> <span class='ocrx_word' id='word_1_780' title='bbox 1522 3962 1562 4001; x_wconf 91' lang='lat' dir='ltr'>in</span> <span class='ocrx_word' id='word_1_781' title='bbox 1572 3976 1622 4002; x_wconf 93' lang='lat' dir='ltr'>eo</span> <span class='ocrx_word' id='word_1_782' title='bbox 1635 3962 1913 4011; x_wconf 88' lang='lat' dir='ltr'>consentiunt,</span> <span class='ocrx_word' id='word_1_783' title='bbox 1924 3959 2036 4015; x_wconf 93' lang='lat' dir='ltr'>quod</span> <span class='ocrx_word' id='word_1_784' title='bbox 2048 3969 2199 4015; x_wconf 90' lang='lat' dir='ltr'>septem</span> <span class='ocrx_word' id='word_1_785' title='bbox 2210 3959 2322 4014; x_wconf 85' lang='lat' dir='ltr'>quasi</span> <span class='ocrx_word' id='word_1_786' title='bbox 2336 3959 2496 4014; x_wconf 80' lang='lat' dir='ltr'>punctis</span> 
     </span>
    </p>
   </div>
  </div>
 </body>
</html>
