2808 4342
235 226 324 265 ⁴22
564 252 604 290 ο

233 319 300 367 ὅτε
318 318 371 366 τὰ
395 320 612 366 τελευταῖα
630 316 703 363 σὺν
723 315 859 377 Σεύθῃ
880 317 940 378 τῷ
954 314 1095 377 Θρᾳκὶ
1113 315 1375 378 ἐστράτευσε·
1395 319 1469 365 καὶ

232 389 326 452 περὶ
343 391 417 444 τῆς
432 387 724 448 ἀλιμενότητος
738 387 810 431 τοῦ
824 382 981 446 χωρίου
996 382 1132 429 πολλὰ
1146 383 1391 448 ἀνέγραψεν,
1405 384 1468 433 ὅτι

232 459 405 503 ἐνταῦθα
421 456 610 503 ίκπίπτει
630 454 682 499 τὰ
708 454 838 498 πλοῖα
861 454 1037 514 χειμῶνι
1058 452 1310 516 βιαζόμενα,
1334 455 1407 502 καὶ
1430 459 1468 503 οἱ

230 526 396 588 Θρᾷκες
421 527 458 570 ot
479 524 715 586 πρόσχωροι
736 520 801 567 ὅτι
818 519 923 584 ὑπὲρ
949 523 1032 567 τῶν
1058 522 1267 586 ναυαγίων
1290 525 1332 571 ἐν
1352 526 1468 589 σφίσι

188 617 209 645 ι
231 594 520 655 διαμάχονται.

292 677 347 707 ss.
370 653 504 710 Οὗτος
526 658 567 703 δ’
580 659 603 702 ὁ
627 657 932 719 Σαλμυδησσὸς
949 659 1136 722 αἰγιαλὸς
1156 661 1223 726 ἐφ’
1236 662 1466 710 ἑπτακόσια

225 729 371 775 στάδια
403 725 637 788 τεναγώδης
660 725 766 788 ἄγαν
786 728 858 774 καὶ
876 729 1187 792 δυσπρόσορμος
1209 731 1398 793 άλίμενός
1419 752 1465 780 τε

222 798 431 848 παντελῶς
452 795 764 858 παρατέταται,
786 798 876 851 ταῖς
892 798 1036 845 ναυσὶν
1051 799 1299 862 ἐχθρότατος
1320 801 1460 855 τόπος.

285 880 342 913 90.
378 863 478 911 Ἀπὸ
496 865 540 910 δὲ
567 865 876 926 Σαλμυδησσοῦ
907 868 964 920 εἷς
986 868 1181 931 Φρυγίαν
1204 869 1279 925 τὴν
1309 869 1381 916 καὶ
1396 871 1464 917 λε·

161 960 199 990 w
223 934 400 996 γομένην
418 934 574 982 Φιλίαν
589 970 602 992 ,
636 935 707 982 καὶ
727 936 964 990 Βυζαντίων
985 937 1140 1001 χωρίον
1170 938 1243 985 καὶ
1273 939 1464 1004 ἀκρωτή-

223 1022 327 1065 ριον,
345 1005 504 1050 στάδιοι
526 1003 596 1061 τι’,
621 1003 739 1065 μίλια
757 1005 847 1066 μα’,
865 1006 920 1067 γ’.
988 1006 1090 1054 Ἀπὸ
1109 1006 1152 1054 δὲ
1175 1007 1366 1071 Φρυγίας
1387 1011 1462 1064 τῆς

221 1074 350 1136 [καὶ]
388 1073 545 1126 Φιλίας
588 1075 628 1126 ἐς
662 1074 851 1129 Κυανέας
879 1075 972 1133 ἤτοι
1009 1076 1153 1130 Κύλας
1188 1077 1345 1124 στάδιοι
1377 1078 1458 1138 τκ’,

218 1144 336 1203 μίλια
362 1143 450 1203 μ6’,
470 1161 495 1188 Δ
512 1143 522 1159 ’
544 1143 599 1199 ς’.
666 1138 803 1192 Αἶται
825 1145 869 1191 δὲ
886 1148 928 1192 αἱ
955 1145 1143 1193 Κυάνεαι
1165 1146 1294 1207 εἰσὶν,
1316 1147 1363 1201 ἃς
1387 1147 1462 1194 λε’-

216 1230 356 1274 γουσιν
379 1214 416 1259 οἳ
437 1212 609 1269 ποιηταὶ
628 1214 844 1275 πλαγκτὰς
861 1215 995 1262 πάλαι
1018 1208 1124 1262 εἶναι
1138 1253 1151 1275 ,
1176 1216 1249 1263 καὶ
1271 1216 1340 1263 διὰ
1371 1218 1462 1263 τού-

157 1301 194 1331 ιε
216 1302 298 1330 των
317 1282 483 1347 πρώτην
499 1287 602 1329 ναῦν
619 1284 799 1347 περάσαι
814 1284 888 1341 τὴν
907 1285 1041 1349 Ἀργὼ
1054 1323 1065 1344 ,
1080 1286 1173 1343 ἥτις
1193 1288 1250 1340 εἷς
1271 1287 1461 1350 Κόλχους

217 1353 380 1403 Ἰάσονα
404 1354 576 1416 ἤγαγεν.
644 1353 744 1401 Ἀπὸ
775 1355 816 1401 δὲ
846 1356 1042 1403 Κυανέων
1067 1357 1123 1409 εἰς
1155 1356 1201 1403 τὸ
1230 1356 1363 1419 Ἱερὸν
1387 1362 1458 1403 τοῦ

215 1423 310 1477 Διὸς
328 1425 505 1486 Οὐρίου,
529 1425 571 1470 ἕν
593 1416 628 1488 ᾧ
650 1423 696 1470 τὸ
731 1424 868 1485 στόμα
891 1429 965 1470 τοῦ
987 1425 1174 1485 Πόντου,
1213 1426 1372 1472 στάδιοι
1392 1426 1457 1487 μ’,

215 1492 335 1553 μίλια
370 1494 420 1551 ε’,
447 1493 508 1553 γ’.
578 1492 681 1540 Ἀπὸ
712 1493 755 1540 δὲ
790 1498 862 1540 τοῦ
896 1496 1007 1557 ἱεροῦ
1031 1496 1086 1547 είς
1120 1494 1269 1555 λιμένα
1291 1495 1460 1559 Δάφνης

213 1566 286 1619 τῆς
310 1561 579 1622 Μαινομένης
606 1561 675 1608 τὸν
706 1566 778 1608 νῦν
797 1563 1021 1624 λεγόμενον
1051 1564 1274 1622 Σωσθένην
1299 1564 1459 1612 στάδιοι

149 1648 191 1679 20
206 1631 274 1691 μ’,
291 1632 409 1691 μίλια
428 1631 476 1688 ε’,
496 1632 553 1694 γ’.
620 1631 721 1678 Ἀπὸ
749 1630 792 1678 δὲ
818 1632 1058 1686 Σωσθένους
1081 1635 1137 1687 εἷς
1158 1633 1207 1680 τὸ
1227 1634 1450 1689 Βυζάντιον

211 1700 370 1747 στάδιοι
387 1701 450 1758 π’,
470 1702 590 1762 μίλια
615 1701 658 1759 ι’,
677 1700 724 1746 ι’
743 1701 798 1755 ς’.
865 1702 979 1749 Τάδε
998 1702 1138 1749 καὶτὰ
1153 1704 1235 1749 ἀπὸ
1256 1708 1327 1751 τοῦ
1351 1707 1460 1752 Βοσ·

210 1770 336 1833 πόρου
369 1774 440 1816 τοῦ
483 1770 721 1833 Κιμμερίου
756 1772 1014 1833 καλουμένου
1043 1774 1111 1818 ἰπὶ
1143 1772 1358 1837 Βόσπορον
1387 1774 1457 1820 τὸν

209 1839 391 1904 Θρᾴκιον
413 1839 487 1886 καὶ
508 1840 750 1895 Βυζάντιον.

271 1925 330 1956 ⁹1.
369 1907 506 1969 Ὁμοῦ
539 1909 622 1955 ἀπὸ
640 1914 711 1955 τοῦ
731 1911 843 1972 ἱεροῦ
863 1910 1067 1971 στόματος
1089 1915 1160 1958 τοῦ
1178 1910 1345 1975 Ἴστρου
1374 1931 1455 1959 πο-

147 1994 189 2024 25
213 1982 345 2039 ταμοῦ
361 2013 376 2039 ,
406 1978 483 2032 ἕως
505 1982 579 2024 τοῦ
598 1977 728 2042 Ἱεροῦ
747 1980 842 2031 Διὸς
872 1980 1024 2042 Οὐρίου
1044 1980 1364 2042 ἤτοι-στόματος
1382 1986 1453 2028 τοῦ

212 2047 377 2096 Πόντου
401 2048 562 2094 στάδιοι
582 2047 710 2111 “rm'’
730 2047 850 2107 μίλια
874 2051 982 2106 υπε’,
1007 2049 1060 2111 γ’.

272 2116 374 2165 Ἀπὸ
407 2117 451 2164 δὶ
481 2117 757 2182 Βορυσθένους
788 2122 979 2178 ποταμοῦ
1003 2122 1074 2164 τοῦ
1105 2119 1176 2165 καὶ
1200 2119 1454 2182 Δανάπρεως

102 2233 121 2260 .
207 2185 463 2246 καλουμένου
486 2184 561 2238 ἕως
578 2189 649 2231 τοῦ
672 2187 783 2248 ἱεροῦ
803 2185 899 2238 Διὸς
918 2186 1073 2247 Οὐρίου
1090 2187 1250 2233 στάδιοι
1267 2187 1366 2249 lays,
1390 2188 1454 2247 μί-

204 2256 276 2300 λια
328 2256 418 2315 μς·’,
440 2254 487 2300 ι’
505 2254 561 2308 ς’.

144 2345 186 2376 30
270 2258 372 2371 ’ᾸΡπὸ
405 2324 447 2370 δὲ
472 2326 691 2388 Χερσῶνος
721 2324 798 2377 ἕως
818 2328 891 2371 τοῦ
910 2324 1043 2388 Ἱεροῦ
1063 2325 1160 2379 Διὸς
1178 2325 1333 2389 Οὐρίου
1358 2327 1452 2374 στά-

207 2397 283 2441 διοι
302 2394 425 2457 semi,
451 2394 569 2455 μίλια
591 2395 751 2458 ,αρπς’,
780 2394 820 2439 ε’
842 2394 903 2447 ς’.

267 2463 369 2511 Ἀπὸ
392 2462 436 2509 δὲ
462 2466 536 2519 τῆς
562 2463 776 2528 Πορθμίας
798 2462 964 2525 κώμης,
990 2468 1064 2521 τῆς
1092 2464 1135 2510 ἐν
1155 2466 1215 2528 τῷ
1235 2463 1344 2511 τέλει
1377 2469 1451 2523 τῆς

208 2533 411 2597 Εὐρώπης
431 2533 552 2596 [τῶν]
577 2537 649 2580 τοῦ
680 2533 840 2581 Πόντου
858 2530 1024 2597 μερῶν,
1045 2537 1117 2591 τῆς
1139 2536 1180 2581 ἐν
1204 2538 1265 2599 τῷ
1290 2535 1448 2600 στομίῳ

205 2606 277 2659 τῆς
300 2601 539 2655 Μαιώτιδος
570 2602 719 2663 λίμνης
752 2602 971 2663 κειμένης,
1002 2603 1096 2660 ἤτοι
1120 2602 1336 2669 Βοσπόρου
1375 2610 1448 2652 τοῦ

141 2688 182 2718 as
206 2670 439 2733 Κιμμερίου
474 2671 757 2732 καλουμένου,
791 2672 868 2725 ἕως
898 2676 969 2719 τοῦ
1000 2675 1109 2736 ἱεροῦ
1137 2674 1234 2725 Διὸς
1266 2673 1445 2736 Οὐρίου,

206 2740 366 2787 στάδιοι
388 2741 543 2803 ΠαΙαρᾏ
568 2741 687 2800 μίλια
708 2742 838 2803 ,αυπ’.

267 2808 444 2869 Λέγεται
468 2810 512 2855 δὲ
530 2813 603 2866 τῆς
628 2810 832 2874 Εὐρώπης
855 2815 877 2858 ὁ
891 2811 1137 2874 παράπλους
1155 2812 1241 2865 ἴσος
1262 2805 1367 2858 εἶναι
1386 2816 1445 2876 τῷ

204 2877 394 2940 περίπλῳ
408 2881 482 2933 τῆς
509 2880 713 2934 Ποντικῆς
731 2882 813 2923 τῶν
830 2883 902 2935 τῆς
922 2880 1059 2932 Ἀσίας
1086 2884 1239 2943 μερῶν.

265 2963 323 2995 92.
359 2946 460 2994 ’Λπὸ
505 2946 548 2993 δὲ
584 2950 656 2993 τοῦ
692 2949 800 3009 ἱεροῦ
845 2948 942 3000 Διὸς
974 2949 1129 3010 Οὐρίου
1162 2949 1237 3002 ἕως
1272 2950 1443 3011 Ἀμισοῦ

139 3033 183 3064 ιο
203 3016 362 3064 στάδιοι
381 3015 502 3080 ,δχξ’,
530 3016 648 3077 μίλια
670 3016 788 3078 χκα’,
810 3017 866 3076 γ’.

265 3085 366 3133 Ἀπὸ
394 3085 439 3131 δὲ
464 3084 633 3147 Ἀμισοῦ
670 3085 744 3137 ἕως
768 3089 838 3131 τοῦ
860 3085 1038 3138 Φάσεως
1063 3090 1251 3145 ποταμοῦ
1282 3088 1440 3134 στάδιοι

204 3152 338 3217 ,γω6’,
357 3154 476 3215 μίλια
495 3154 575 3218 (ρξ’.

263 3223 363 3271 Ἀπὸ
389 3223 433 3270 δὲ
458 3227 531 3270 τοῦ
551 3223 731 3276 Φάσεως
758 3228 949 3285 ποταμοῦ
978 3225 1055 3277 ἕως
1076 3228 1148 3270 τοῦ
1171 3225 1340 3285 στομίου
1363 3229 1438 3283 τῆς

202 3292 437 3347 Μαιώτιδος
472 3292 623 3354 λίμνης
668 3293 761 3350 ἤτοι
801 3294 1030 3358 Ἀχιλλείου
1087 3293 1233 3355 κώμης
1278 3295 1436 3340 στάδιοι

108 3392 119 3403 .
137 3382 178 3414 45
203 3362 296 3426 ,δκί
313 3362 431 3423 μίλια
447 3362 565 3425 ‹pk-¹,
588 3363 635 3407 ε’
651 3363 707 3415 ς’.

255 3499 278 3550 ς
296 3501 367 3546 90,
385 3496 412 3537 1.
440 3510 506 3539 ιο.
527 3497 741 3554 Φιλίαν]
759 3499 851 3540 Hoc
870 3512 1023 3539 nomen
1042 3513 1065 3540 e
1080 3499 1261 3554 Scymno
1275 3498 1354 3553 723
1375 3498 1436 3539 in-

197 3560 385 3599 seruerit.
404 3559 469 3599 καὶ
485 3568 579 3601 ante
600 3560 819 3609 Βυζαντίων
842 3560 982 3602 abesse
999 3560 1094 3602 velit
1107 3558 1311 3602 Meineke.
1336 3561 1351 3614 ΙΙ
1381 3583 1437 3591 -

201 3632 270 3662 12.
286 3620 353 3661 καὶ
371 3621 539 3662 inserui.
563 3623 580 3675 ss
600 3645 656 3654 —
671 3623 883 3678 Φιλίας]
905 3623 1024 3664 sicex
1037 3630 1192 3664 anteco.
1217 3620 1342 3663 scrib.
1359 3635 1436 3677 pro

195 3684 265 3735 τῆς
284 3681 429 3731 Φιλίας
450 3683 619 3725 codicis.
643 3686 715 3727 Sin
735 3687 887 3736 minus,
914 3686 956 3726 in
976 3694 1132 3727 antece.
1164 3684 1252 3740 lege
1267 3683 1431 3726 Φιλίαν.

195 3745 382 3801 Utraque
414 3744 547 3787 forma
565 3746 700 3788 obvia.
736 3749 792 3789 V.
818 3756 906 3789 not.
931 3747 983 3789 ad
1017 3750 1184 3804 Scymn.
1208 3754 1251 3790 et
1265 3747 1431 3790 Arx-ian.

199 3809 215 3862 ΙΙ
241 3830 298 3840 -
319 3820 385 3849 12.
401 3806 510 3860 ἤτοι
541 3807 636 3849 Κῦλ
648 3824 698 3857 ας
715 3811 730 3865 ]
749 3811 839 3851 Hoc
850 3810 962 3852 unde
980 3810 1170 3852 additum
1191 3810 1258 3861 sit,
1281 3809 1432 3851 nescio.

194 3871 381 3912 Fortasse
414 3871 458 3912 in
486 3870 595 3913 libro
618 3872 761 3913 vitiato
797 3873 963 3921 Κυανέας
991 3874 1049 3914 sic
1074 3874 1247 3929 scriptas
1280 3873 1432 3929 reperit

194 3934 455 3989 Anonymus.
481 3935 626 3989 Margo
660 3932 814 3976 codicis
846 3947 857 3976 ε
893 3935 979 3990 περὶ
1014 3940 1090 3977 τῶν
1129 3934 1308 3977 Κυανέων
1345 3931 1432 3986 ἤτοι

193 3994 428 4050 Πλαγκτῶν.
446 3996 525 4050 ΙΙ-
538 4009 604 4051 17.
625 3995 671 4039 ἔν
697 3994 748 4053 ᾧ]
763 3997 901 4052 ἵναπερ
912 3996 1221 4053 Arrian.,quod
1237 3998 1428 4039 inAnon.

195 4057 332 4099 intulit
364 4059 550 4101 Vossius.
575 4060 593 4114 Π
618 4083 675 4092 -
715 4073 781 4115 19.
820 4060 907 4101 τὸν
939 4063 1022 4102 νῦν
1055 4060 1095 4102 λ.
1137 4060 1429 4111 Σωσθένην]
1455 4056 1457 4058 ’

1357 216 1644 266 ANONYMI

2610 235 2774 300 (ts—17.)

1539 330 1799 384 processisse.
1860 334 1924 374 De
1959 335 2270 391 importunitate
2304 354 2472 397 quoque
2503 342 2591 397 ejus
2623 353 2780 389 tractus

1538 417 1667 459 multa
1684 418 1885 474 prodidit,
1905 421 2019 476 quod
2042 424 2202 479 navigit
2219 433 2458 484 tempestate
2474 430 2615 473 adacta
2637 446 2687 473 eo
2702 432 2781 488 eji-

1536 502 1713 555 ciantur,
1747 518 1795 546 ac
1825 508 2072 549 contermini
2099 508 2281 551 Thr-oa
2306 511 2361 553 de
2391 515 2592 571 naufragii
2627 518 2781 570 tabulis

1535 585 1745 628 intersoec
1770 586 2013 644 decertent(
2029 594 2099 632 Ex
2121 591 2343 647 Arrian..s
2367 594 2466 649 37).

1591 670 1660 724 89.
1695 671 1812 714 Litus
1831 673 2152 730 Salmydessium
2183 677 2235 719 ad
2267 692 2350 733 700
2371 680 2609 725 extenditur
2625 684 2771 736 stadia,

1533 736 1761 782 admodum
1770 741 2032 797 paludosum,
2042 744 2158 788 aditu
2164 745 2346 797 difficile,
2360 750 2608 807 penitusque
2615 753 2775 811 impor-

1533 808 1900 859 tuosum,‘nevibus
1909 810 2023 854 iocus
2034 813 2341 857 inimicissimus
2350 819 2367 870 (
2371 820 2408 858 E
2409 818 2565 874 perieg.
2579 822 2772 878 724·27).

1589 887 1659 928 90.
1690 878 1724 918 A
1751 876 2012 934 Salmydesso
2039 879 2093 923 ed
2112 882 2349 940 Phrygiam,
2380 899 2472 941 quae
2498 888 2623 930 etiam
2641 889 2774 933 Phili·

1532 944 1702 999 dicitur,
1720 949 2014 1004 Byzantiorum
2032 953 2235 1011 oppidum
2256 965 2298 998 et
2312 961 2666 1014 promontorium,
2691 971 2774 1006 sta·

1531 1021 1600 1064 dia
1617 1024 1714 1077 310,
1732 1026 1844 1068 milia
1862 1030 1912 1078 41
1932 1031 1967 1082 ς.
2027 1030 2064 1071 A
2082 1029 2259 1087 Phrygi·
2273 1033 2359 1075 sive
2373 1033 2505 1076 Phili·
2522 1034 2575 1076 ad
2590 1035 2772 1091 Cyaneas

1530 1096 1616 1137 sive
1637 1097 1756 1153 Cyias
1775 1098 1905 1141 stadia
1931 1100 2027 1152 320,
2050 1102 2161 1144 milia
2190 1106 2245 1153 42
2264 1108 2300 1156 ξ.
2360 1107 2434 1148 Ηιε
2463 1115 2563 1149 sunt
2581 1107 2768 1163 Cyanee,

1530 1183 1633 1224 quas
1661 1180 1793 1227 poetae
1830 1173 2045 1229 quondam
2073 1176 2267 1218 erraticas
2300 1176 2424 1220 tuisse
2456 1180 2667 1236 inquiunt,
2697 1196 2771 1239 per

1529 1256 1633 1297 quas
1662 1245 1785 1286 etiam
1815 1247 1994 1302 primam
2027 1250 2140 1304 Argo
2173 1264 2337 1302 navem,
2370 1265 2462 1307 quae
2495 1253 2689 1297 Jesonem
2718 1256 2770 1299 ad

1529 1317 1705 1359 Colchos
1726 1320 1937 1375 perduxit,
1958 1324 2166 1365 transiisse
2192 1325 2323 1366 aiunt.
2384 1328 2420 1368 A
2447 1327 2620 1383 Cyaneis
2639 1329 2693 1372 ud
2712 1330 2769 1372 sa-

1530 1405 1631 1432 num
1645 1394 1760 1435 Jovis
1781 1395 1892 1446 Urii,
1917 1395 1970 1437 ad
1998 1396 2112 1452 quod
2135 1406 2196 1439 est
2211 1412 2257 1439 os
2284 1400 2423 1450 Ponti,
2450 1400 2580 1443 stadia
2599 1404 2668 1454 40,
2689 1405 2769 1445 mi·

1529 1464 1581 1509 lia
1597 1467 1620 1509 5
1639 1468 1671 1518 ξ.
1732 1469 1769 1509 A
1798 1468 1894 1510 sano
1913 1469 1993 1510 hoc
2009 1470 2061 1511 ad
2088 1478 2258 1527 portum
2281 1472 2478 1528 Daphnes
2506 1477 2768 1529 Insanieutts,

1528 1542 1600 1597 qui
1630 1556 1744 1584 nunc
1772 1543 1993 1585 Sosthenes
2011 1543 2180 1596 dicitur,
2200 1544 2331 1587 stedia
2360 1549 2431 1597 4ο,
2453 1548 2564 1590 miiia
2593 1551 2614 1591 5
2636 1558 2671 1606 ᾗ.
2733 1558 2767 1596 Α

1526 1617 1727 1659 Sosthene
1750 1616 1803 1658 ad
1821 1618 2066 1673 Byzantium
2088 1616 2218 1659 stadia
2245 1627 2342 1661 sunt
2363 1620 2527 1663 circiter
2555 1625 2624 1675 80,
2657 1626 2767 1669 milia

1532 1703 1582 1732 10
1604 1693 1638 1731 Ξ.
1698 1690 1796 1743 Haec
1828 1697 1925 1731 sunt
1942 1689 2032 1731 loce
2055 1689 2152 1731 inde
2169 1704 2190 1731 a
2211 1692 2397 1748 Bosporo
2416 1679 2641 1738 Cimmerio
2655 1697 2768 1742 dicto

1527 1775 1657 1817 usque
1691 1761 1743 1803 ad
1776 1763 2010 1818 Bosporum
2036 1762 2264 1804 Thracium
2293 1778 2341 1805 ac
2383 1765 2627 1820 Byzantium
2663 1768 2681 1821 (
2697 1771 2767 1811 Ex

1526 1834 1710 1877 Arriano
1730 1837 1753 1889 S
1776 1836 1880 1891 37).

1581 1922 1651 1962 91.
1676 1910 1727 1949 In
1756 1922 1917 1950 summa
1936 1922 1960 1950 a
1987 1910 2113 1950 Sacro
2147 1910 2239 1951 Istri
2261 1911 2368 1951 ostio
2392 1924 2522 1967 usque
2547 1911 2599 1953 ad
2624 1911 2766 1956 senum

1522 1984 1637 2025 Jovis
1654 1984 1746 2025 Urii
1774 1985 1861 2026 sive
1888 1998 2019 2041 usque
2049 1983 2101 2026 ed
2120 1998 2167 2026 os
2187 1986 2324 2037 Ponti,
2349 1994 2447 2028 sunt
2475 1985 2607 2028 stedia
2639 1988 2764 2038 3640,

1524 2053 1636 2095 milia
1659 2053 1741 2104 485
1770 2054 1806 2101 ἑ.

1579 2130 1616 2169 Α
1634 2126 1890 2183 Borysthene
1909 2135 2048 2169 nutem
2068 2127 2211 2178 fluvio,
2233 2129 2306 2183 qui
2325 2129 2448 2170 etiam
2470 2130 2677 2187 Danapris
2694 2130 2759 2172 di·

1522 2195 1646 2245 citur,
1678 2208 1809 2250 usque
1838 2193 1892 2236 ad
1914 2194 2056 2236 sanum
2075 2196 2189 2236 Jovis
2202 2196 2295 2237 Urii
2327 2195 2458 2239 stedia
2491 2197 2615 2250 5600,
2651 2199 2764 2242 milia

1523 2265 1614 2373 742
1626 2293 1845 2372 ³(ihersone
1865 2344 1994 2386 usque
2008 2329 2061 2372 ad
2082 2330 2224 2373 sanum
2251 2331 2367 2373 Jovis
2379 2333 2473 2374 Urii
2487 2332 2619 2377 stadie
2634 2337 2760 2391 8900,

1567 2398 1607 2439 ‘ii
1777 2401 1813 2440 ³.

1520 2400 1840 2510 ¹¹¹¹A¹¹Pgffi3usfia
1856 2469 1962 2520 vico,
1981 2469 2052 2525 qui
2071 2470 2112 2510 in
2125 2470 2303 2512 termino
2317 2471 2495 2528 Europae
2509 2471 2562 2514 ad
2580 2474 2763 2517 Pontum

1519 2559 1561 2599 in
1586 2559 1692 2601 ostio
1720 2557 1927 2601 Maeotidis
1951 2558 2114 2615 paludis
2132 2560 2217 2601 sive
2246 2561 2420 2616 Bospori
2453 2560 2554 2603 dicti
2576 2563 2758 2607 Cimme-

1517 2646 1567 2686 rii
1598 2645 1764 2696 insidet,
1794 2659 1924 2701 usque
1952 2645 2005 2687 ad
2041 2645 2182 2687 sanum
2202 2647 2317 2688 Jovis
2340 2647 2431 2688 Urii
2452 2646 2582 2689 stadia
2607 2661 2756 2700 11100,
2800 2684 2808 2709 7

1516 2731 1627 2773 milia
1648 2734 1767 2781 1480.

1571 2819 1762 2874 Europaei
1776 2819 1896 2860 Ponti
1913 2819 2195 2874 praetervectio
2208 2816 2363 2859 dicitur
2373 2818 2539 2874 aequaiis
2552 2833 2641 2863 esse
2651 2834 2756 2878 prae.

1514 2886 1754 2928 tervectioni
1770 2886 1951 2928 Pontiae
1965 2917 1976 2937 ,
1998 2899 2090 2941 quae
2110 2886 2151 2926 in
2176 2886 2283 2927 Asiae
2298 2884 2770 2942 partibus.ci'.sq·l.§92.

1570 2968 1639 3009 92.
1674 2958 1710 2997 A
1746 2954 1842 2996 sano
1878 2954 1993 2995 Jovis
2022 2954 2113 2995 Urii
2149 2967 2280 3009 usque
2309 2953 2361 2995 ad
2392 2954 2583 2997 Amisum
2625 2954 2757 2999 sudi·

1514 3027 1639 3075 4660,
1663 3023 1774 3065 milia
1798 3027 1874 3065 621
1904 3027 1935 3079 ;.

1571 3092 1637 3133 Ab
1669 3093 1813 3134 Amiso
1838 3105 1970 3146 usque
1995 3090 2047 3132 ad
2075 3091 2227 3133 Phasin
2260 3091 2435 3133 fluvium
2462 3089 2593 3133 stedia
2621 3092 2752 3146 3802,
2807 3099 2808 3102 ’

1513 3161 1624 3202 milia
1652 3162 1746 3214 507.

1569 3234 1605 3272 Α
1633 3230 1751 3271 Phasi
1787 3230 1913 3270 ssuvio
1941 3243 2071 3284 usquc
2099 3229 2149 3270 ad
2177 3230 2330 3270 ostium
2358 3229 2564 3271 Maeotidis
2591 3229 2754 3287 paludis

1508 3298 1593 3339 sive
1616 3296 1668 3339 ed
1692 3298 1826 3338 vicum
1854 3295 2084 3338 Achilleum
2105 3295 2234 3337 stadia
2255 3297 2379 3348 4025,
2406 3297 2516 3339 milia
2534 3298 2614 3339 536
2631 3301 2666 3348 3.

1508 3495 1625 3539 Alter
1643 3499 1888 3549 Anonymus
1906 3495 1922 3547 (
1941 3495 2002 3534 De
2028 3492 2188 3535 ambitu
2206 3493 2327 3535 Ponti
2346 3495 2370 3546 S
2390 3495 2444 3548 2)
2463 3494 2563 3535 item
2578 3493 2743 3537 Sosthe-

1508 3559 1624 3599 nium
1645 3561 1699 3607 40
1720 3556 1861 3598 stadiis
1886 3556 1937 3597 ab
1959 3556 2087 3598 Hiero
2110 3555 2266 3598 distans
2290 3563 2507 3607 memorat,
2541 3554 2613 3598 sed
2644 3556 2748 3600 nitatt

1508 3620 1573 3661 ine
1587 3619 1639 3661 de
1655 3619 1850 3676 Daphnes
1865 3627 1990 3675 portu
2008 3618 2145 3661 habet.
2171 3617 2303 3674 quue
2322 3626 2453 3669 recte,
2474 3631 2605 3674 quum
2621 3617 2688 3661 hic
2700 3618 2746 3661 in

1507 3683 1618 3733 Asia,
1646 3681 1743 3724 iilud
1767 3683 1809 3723 in
1838 3683 2006 3738 Europa
2025 3695 2074 3723 ex
2093 3680 2247 3723 advero
2270 3681 2396 3722 situm
2420 3686 2540 3722 esset.
2563 3679 2629 3722 Cf.
2650 3686 2742 3722 not.

1505 3744 1555 3785 ad
1580 3746 1744 3787 Arrian.
1766 3748 1789 3798 S
1809 3746 1877 3799 37.

1564 3810 1677 3861 Sol,
1695 3807 1723 3849 Ι.
1738 3822 1807 3862 29.
1825 3806 1940 3863 ψμς·’
1957 3808 1972 3863 ]
1989 3807 2061 3863 ψμ.
2079 3805 2289 3858 cod.;em.
2307 3804 2620 3859 vomu-31.
2641 3801 2707 3861 ῃδ

1503 3869 1564 3922 ηυ’
1599 3869 1714 3921 cod.;
1752 3885 1835 3911 em.
1874 3871 1997 3912 Voss.
2042 3867 2202 3911 Eodem
2239 3865 2366 3910 modo
2397 3866 2558 3909 Pontici
2592 3866 2681 3923 peri

1503 3947 1715 3975 mensuras
1736 3933 1907 3989 exponit
1930 3931 2033 3974 alter
2047 3934 2309 3988 Anonymus,
2335 3930 2413 3972 nisi
2442 3926 2556 3985 quod
2576 3942 2633 3970 nu

1502 3994 1589 4049 ejus
1615 3996 1655 4036 in
1686 3995 1829 4037 codice
1843 3995 2123 4051 corruptiores
2138 4002 2249 4036 sunt.
2267 3991 2377 4034 Vide
2396 3990 2517 4033 infra.
2738 4019 2743 4027 f

1558 4061 1581 4111 S
1614 4063 1683 4107 92,
1709 4058 1736 4100 Ι.
1764 4060 1832 4107 44.
1874 4056 2157 4113 Ἀχιλλείου
2198 4054 2391 4111 κώμης]
2413 4055 2667 4095 Memorntut·
2682 4061 2736 4093 ex
