2808 4342
703 127 745 169 0

244 224 334 263 ⁴4⁴

302 331 362 364 u.
393 313 493 361 Ἀπὸ
510 312 582 367 τῆς
605 309 747 360 Φαίας
765 308 820 359 εἰς
837 304 908 351 τὸν
929 305 1125 352 Διόνυσον
1146 300 1306 349 στάδιοι
1328 301 1380 363 ζ’·
1403 303 1469 348 ἐν·

240 387 378 429 niella
397 378 500 447 [ἐν]
521 382 713 441 ἀριστερᾷ
734 372 934 434 κατάγου.

303 467 361 497 ts.
389 449 489 496 Ἀπὸ
503 452 573 494 τοῦ
591 444 789 493 Διονύσου
817 443 873 494 εἰς
894 439 1155 504 Χερρόνησον
1173 439 1332 486 στάδιοι
1354 438 1407 502 ζ’.

301 536 358 566 ιο.
388 517 486 565 Ἀπὸ
520 512 779 577 Χερρονήσου
813 510 882 557 ἰπὶ
918 509 993 565 τὴν
1029 508 1194 572 Ἄζσριν
1233 508 1391 556 στάδιοι
1419 509 1470 573 ρ’·

196 601 219 631 s
240 591 419 635 ἐντεῦθεν
438 583 628 645 ἀναχθεὶς
644 579 873 644 παράπλιε·
890 578 1039 642 πέτραι
1057 578 1160 625 εἰσὶν
1171 577 1342 642 ὑψηλαί·
1362 576 1471 643 ὕδωρ

239 656 326 718 ἔχει
347 673 418 700 και
440 651 628 710 ποταμὸν
645 650 792 710 μέγαν.

301 740 359 771 ⁴7.
397 720 496 769 Ἀπὸ
518 724 590 775 τῆς
631 719 837 781 Ἀζάριδος
870 716 1212 781 παραπλεύσαντι
1246 716 1301 764 τὰ
1327 718 1471 781 παρά-

235 812 332 854 γαια
356 794 410 844 εἷς
431 790 596 853 Δᾶρνην
616 789 772 836 στάδιοι
794 789 870 852 ρν’.

233 927 301 968 dic
316 927 381 968 ich
400 925 637 974 erwaehnte,
654 923 802 979 gerade
821 924 869 965 15
886 922 1053 965 Stadien
1073 937 1154 964 von
1173 922 1271 964 dem
1294 922 1473 965 Winkel

233 989 366 1031 ‹liaeer
391 988 526 1030 Bucht
547 987 745 1030 eutsernt.
771 1004 787 1025 ι
825 989 1090 1042 Quamquam
1107 984 1275 1027 fontana
1289 997 1395 1040 aqua
1412 994 1474 1027 est

236 1054 400 1094 ἅνακτυν
414 1051 514 1106 ὕδωρ
530 1066 541 1101 ;
559 1050 746 1092 συνακτον
767 1063 866 1091 vero
876 1047 979 1104 ὕδωρ
991 1062 1099 1104 aqua
1111 1048 1154 1089 in
1165 1048 1359 1090 concavis
1373 1047 1474 1090 locis

237 1115 297 1157 vel
319 1115 506 1156 cisternis
524 1113 709 1156 collecta.
728 1113 922 1154 Ceterum
941 1111 1055 1153 locus
1073 1110 1139 1152 ille
1156 1124 1181 1152 a
1205 1109 1333 1152 Wadi
1357 1113 1473 1153 Tem·

238 1177 370 1219 mineh
385 1176 509 1218 distat
530 1175 674 1218 stadiis
691 1176 848 1226 3ο·4ο;
867 1173 980 1231 apud
995 1173 1261 1216 Ptolemaeum
1280 1172 1475 1216 distantia

234 1242 342 1283 inter
354 1239 566 1284 Paliurum
580 1248 621 1282 et
631 1238 824 1282 Phthiam
837 1246 898 1280 est
911 1236 1043 1279 5'sive
1055 1240 1109 1287 4ο
1125 1235 1209 1278 sere
1227 1235 1471 1279 stadiorum.

234 1306 384 1347 Noster
394 1303 517 1345 habet
530 1301 662 1344 stadia
682 1314 735 1355 90
750 1316 761 1351 ;
778 1314 871 1355 quae
886 1299 1018 1342 multo
1030 1298 1191 1353 longius
1206 1312 1283 1340 nos
1296 1297 1473 1343 ducunt.

235 1370 291 1409 At
307 1365 535 1408 stadiorum
558 1364 720 1406 numeri
742 1363 783 1403 in
806 1362 887 1403 hoc
908 1369 1042 1403 tractu
1065 1360 1168 1402 male
1184 1360 1351 1402 habent.
1368 1362 1473 1403 Nam

235 1443 260 1470 a
285 1427 412 1470 Wadi
438 1426 665 1470 Temmineh
694 1423 747 1467 ad
774 1427 857 1466 lias
893 1433 934 1465 ee
960 1424 1037 1466 Tin
1058 1423 1143 1464 sive
1172 1423 1474 1464 Chersonesum

237 1490 343 1532 linoe
357 1499 466 1532 recta
488 1497 585 1530 sunt
603 1487 734 1530 stadia
758 1500 852 1537 120,
874 1485 952 1535 vel,
977 1486 1011 1527 si
1029 1486 1143 1527 sinus
1162 1484 1327 1539 legeris,
1345 1483 1476 1527 stadia

167 1596 173 1605 .
237 1551 321 1593 sere
344 1555 444 1602 180,
468 1551 571 1592 dum
595 1548 706 1606 apud
725 1550 925 1590 Nostrum
946 1554 1148 1604 putantur
1169 1555 1233 1589 ter
1254 1547 1476 1602 nonaginta

236 1615 321 1656 sive
342 1628 424 1668 270
442 1613 586 1656 stadia.
601 1615 742 1667 Quare
755 1611 937 1668 suspicio
951 1619 1013 1653 est
1029 1624 1108 1667 pro
1123 1609 1163 1666 ι]
1179 1618 1242 1653 ter
1257 1610 1475 1666 legendum

235 1691 322 1719 ease
350 1676 397 1725 ξ’.

292 1742 404 1793 544.
431 1738 515 1780 τὸν
534 1738 770 1779 Διόνυσον
791 1738 806 1793 ]
830 1737 971 1778 Fuerit
988 1734 1034 1777 ⁴:¹0
1049 1734 1263 1786 Διονύσιον,
1282 1743 1477 1778 monente

238 1802 508 1844 Hoffmann&
528 1803 664 1843 Locus
681 1799 848 1842 aliunde
869 1814 954 1841 non
974 1806 1112 1840 notus.
1135 1799 1151 1850 ΙΙ
1168 1797 1274 1854 -ῑζ
1294 1799 1384 1854 ]sic
1405 1813 1475 1840 co-

239 1863 341 1915 dex;
360 1863 402 1913 ς’
419 1865 557 1918 Iriart.
576 1864 682 1905 Dein
704 1861 882 1918 ἀριστερὰ
900 1860 1015 1911 cod„
1033 1861 1186 1902 omisso
1206 1859 1262 1902 ἐν.
1278 1884 1336 1892 -
1354 1878 1371 1900 ι
1390 1862 1478 1903 Nec

238 1940 368 1983 pauca
382 1926 531 1968 Bacchi
564 1925 662 1967 culti
686 1926 793 1966 inter
814 1925 956 1966 ruinas
976 1924 1156 1979 Cyrenes
1173 1931 1334 1964 exstant
1357 1923 1478 1964 vesti-

238 1990 319 2044 gia,
339 1997 461 2045 atque
484 1989 694 2045 parietina:
715 1988 856 2044 templi
887 1986 1022 2029 eidem
1052 1984 1230 2027 dedicati
1261 1986 1478 2027 Teuchiris

239 2059 483 2094 cernuntur.
507 2053 640 2107 Caput
654 2049 835 2106 denique
855 2049 1002 2092 Bacchi
1023 2049 1064 2090 in
1092 2048 1230 2090 numis
1245 2048 1478 2103 Cyrenaicis

238 2114 409 2156 obvium
434 2122 511 2156 est.
536 2134 553 2150 -
585 2114 783 2155 Tamen
804 2115 884 2154 Res
898 2114 1050 2169 Cyren.
1074 2125 1118 2168 p.
1140 2114 1239 2164 289.

296 2180 319 2230 S
343 2179 413 2220 ⁴5.
434 2175 819 2231 Χερρόννησον]
842 2174 908 2216 Cf.
936 2173 1043 2216 Ptol.
1068 2186 1078 2215 :
1097 2172 1337 2228 Χερσόνησος
1362 2173 1481 2229 μεγά-

238 2238 306 2292 λη.
335 2237 483 2280 Strabo
521 2251 564 2293 p.
604 2237 714 2279 838:
744 2237 843 2292 ἄκρα
879 2237 1118 2292 Χερσόνησος
1146 2235 1286 2291 λιμένα
1316 2234 1475 2290 ἔχουσα.

238 2302 328 2343 Sec.
348 2299 528 2343 Plinium
547 2301 603 2350 V,
622 2300 663 2351 5,
681 2301 704 2353 S
721 2299 774 2341 32
793 2299 1082 2341 aChersoneso
1093 2297 1144 2340 ad
1161 2297 1477 2340 Catabathmum

238 2370 335 2405 sunt
357 2367 439 2404 216
469 2362 627 2413 millia,
667 2376 739 2403 seu
770 2364 876 2418 1728
915 2360 1044 2403 stadia
1078 2363 1095 2415 (
1121 2374 1228 2416 ¹7¹0
1259 2360 1364 2402 stad.
1394 2375 1477 2403 sec.

237 2424 454 2468 Stadiasm.
476 2425 509 2483 ).
549 2425 781 2481 Stephanus
816 2427 915 2481 Byz.
951 2439 991 2467 v.
1028 2424 1317 2480 Χερρόνησος...
1345 2423 1479 2466 Ἔστιν

238 2488 271 2530 ε’
291 2488 402 2537 πόλις
420 2488 559 2541 Λιὸὗης
592 2488 784 2544 Χέρρουρα
816 2488 1036 2544 καλουμένη
1052 2519 1063 2538 ,
1088 2488 1140 2537 ὡς
1180 2486 1417 2542 Ἀλέξανδρος
1439 2486 1479 2529 ἐν

238 2551 409 2591 Λιὸυκῶν
434 2550 574 2606 τρίτῳ·
614 2567 630 2588 α
656 2549 789 2605 ἔχεται
818 2551 1056 2607 Χερρόνησος
1077 2550 1203 2606 ὄνομα
1230 2550 1475 2605 Χέρρουρα.»

241 2613 363 2669 Apud
387 2613 593 2669 Scylacem
617 2614 634 2667 (
656 2628 693 2655 v.
727 2629 770 2670 p.
795 2617 848 2664 42
871 2623 912 2656 et
932 2615 984 2657 83
1006 2616 1022 2668 )
1054 2612 1169 2655 locus
1192 2612 1319 2654 modo
1340 2613 1481 2670 Χερρό-

241 2690 354 2727 νησος
373 2675 500 2716 modo
523 2676 755 2731 Χερρόνησοι
773 2677 985 2733 pluraliter
1015 2676 1279 2733 (propterea,
1311 2678 1478 2732 opinor,

240 2736 354 2792 quod
374 2738 415 2779 in
432 2737 534 2779 duas
552 2738 668 2793 ἄκρας
681 2740 765 2780 exit
782 2753 918 2794 prom.
943 2747 982 2779 ct
1008 2738 1086 2779 Tin
1103 2741 1316 2792 >vocatum
1337 2738 1483 2781 addito

239 2807 514 2852 cognomento
533 2801 641 2841 varie
660 2809 859 2855 corrupto
884 2814 894 2842 ε
919 2799 1122 2855 Ἀχιτίὸες,
1151 2799 1324 2851 Ἀντίδες,
1355 2799 1482 2842 Ἀλιά-

241 2861 316 2909 δις.
345 2863 442 2914 Quo
466 2862 632 2902 nomine
663 2861 789 2902 alludi
821 2862 873 2904 ad
896 2866 1103 2913 Antaeum,
1126 2864 1280 2918 quippe
1294 2876 1417 2918 quem
1438 2864 1481 2905 iu

241 2925 351 2967 lma
374 2924 445 2979 (in
463 2922 562 2966 hod.
586 2923 714 2966 Wadi
735 2927 925 2972 Arsema,
948 2933 992 2965 ut
1015 2933 1160 2980 putant
1182 2926 1224 2981 )‚
1243 2926 1352 2967 circa
1375 2925 1482 2968 hanc

242 2986 450 3041 regionem
478 2985 695 3043 ponenda,
727 2986 931 3028 habitasse
956 2986 1141 3027 nonnulli
1178 2985 1379 3042 prodant,
1413 3002 1481 3029 su·

242 3050 428 3106 spicatur
450 3049 588 3091 Pacho
603 3062 646 3105 p.
667 3048 738 3091 85.
764 3050 914 3090 Fateor
929 3049 1029 3090 mihi
1053 3063 1219 3104 quoque
1239 3050 1280 3090 in
1302 3059 1480 3092 mentem

244 3112 399 3154 venisse
416 3110 528 3168 apud
552 3110 759 3167 Scylacem
787 3109 1005 3166 legendum
1040 3111 1136 3153 sort.
1161 3124 1249 3152 esse
1277 3109 1477 3164 ’Λντηίδες

242 3178 297 3218 At
307 3182 466 3231 praetat,
483 3174 617 3216 missis
635 3173 798 3225 sabulis,
815 3188 838 3215 e
853 3174 1099 3231 geographia
1114 3188 1264 3216 nomen
1281 3183 1479 3231 repetere,

241 3236 347 3280 adeo
362 3246 410 3280 ιιι
427 3237 672 3280 Chersonesi
687 3251 711 3279 a
731 3237 925 3293 proximo
941 3236 1033 3279 loco
1050 3235 1171 3279 dictae
1197 3237 1280 3278 sint
1303 3235 1483 3291 Ἀχιλίτι-

241 3300 302 3348 ὂες
329 3299 407 3351 vel,
435 3301 469 3342 si
498 3300 641 3352 mavis,
686 3298 926 3352 Ἇζιλὶτιδες,
959 3299 1020 3342 vel
1039 3298 1234 3356 denique,
1258 3299 1371 3355 quod
1394 3299 1480 3355 jam

242 3364 506 3405 Burmannus
519 3371 806 3420 proposuerat,
829 3361 1059 3419 Ἆζιρίτιῧεςς
1077 3361 1230 3405 etenim
1250 3362 1292 3404 in
1310 3363 1481 3418 propin·

243 3438 327 3478 quo
344 3433 404 3466 est
420 3426 532 3480 regio
548 3425 609 3467 vel
626 3425 740 3467 locus
759 3425 915 3481 Ἄζιρις,
940 3425 1109 3481 Ἀζαρις,
1134 3424 1300 3482 Ἄζιρος,
1330 3424 1479 3475 Ἆζιλις,

246 3486 389 3535 ’Ἁζυλις
426 3488 439 3541 (
457 3489 497 3529 in
530 3487 631 3530 hod.
668 3487 795 3530 Wadi
818 3487 959 3542 Aglu‘k
974 3491 991 3543 )
1009 3487 1169 3540 dictus;
1203 3501 1337 3544 neque
1370 3487 1480 3529 aliud

245 3562 471 3602 cognomen
509 3551 673 3592 subesse
712 3552 755 3592 in
788 3551 979 3607 Χέρρουρα
1010 3550 1024 3607 (
1062 3549 1290 3606 Ἀχέρρουρα
1322 3552 1337 3603 )
1369 3550 1479 3606 apud

243 3610 494 3665 Stephanum
511 3621 637 3714 puto3
628 3630 636 3638 ·
655 3628 782 3668 quare
802 3616 843 3654 in
860 3613 1023 3669 Scylace
1037 3627 1115 3670 pro
1131 3612 1239 3668 'Alo
1244 3613 1353 3661 ἰτιόες
1369 3612 1478 3654 ιιοΙιιί

247 3672 423 3714 seribere
450 3672 507 3721 Ἀζ
512 3674 621 3715 nsaw
667 3676 907 3718 ‚Herodoti
936 3676 1092 3732 Ἄζιριν,
1117 3675 1352 3719 Callimachi
1387 3675 1481 3724 at.-

244 3733 308 3774 λιν
336 3732 352 3790 (
364 3747 405 3776 v.
438 3737 462 3788 S
484 3739 571 3790 42)
595 3691 701 3778 idssem
722 3752 807 3779 esse
834 3754 984 3780 nomen
1003 3755 1050 3781 ac
1075 3739 1225 3796 Ἄζαοιν
1246 3736 1477 3789 Stadiasmi,

246 3794 391 3844 Ἀζιλιν
423 3796 628 3839 Ptolemaei
665 3799 735 3853 (v.
766 3803 788 3852 S
812 3803 864 3849 46
882 3801 895 3857 )
929 3815 1074 3843 omnes
1105 3801 1299 3851 fatentur,
1336 3814 1478 3842 serum

245 3871 375 3912 quum
400 3857 536 3901 locum
558 3859 610 3901 ab
626 3831 840 3902 Herodoto
862 3872 1134 3905 memoratum
1150 3862 1201 3905 ad
1225 3861 1327 3905 hod.
1354 3864 1399 3904 ΙΙ
1398 3861 1482 3904 mli

252 3919 478 3962 Temmineh
495 3921 660 3977 plurimi
677 3922 870 3973 reserant,
897 3924 956 3965 vel
968 3924 1075 3966 duos
1089 3925 1355 3980 cognomines
1370 3923 1480 3966 locos

245 3982 445 4024 exstitisse
468 3991 617 4039 putant
638 3984 700 4025 vel
729 3985 981 4042 geographos
1003 3995 1164 4028 nostros
1192 3998 1368 4036 curasse;
1389 3999 1481 4041 per·

247 4054 409 4096 peram,
426 4045 457 4085 si
477 4044 577 4100 quid
603 4045 744 4097 vide-03
771 4062 863 4089 nam
890 4048 987 4089 nihil
1011 4050 1120 4098 cogit
1150 4058 1196 4090 ut
1220 4049 1414 4091 Thersos
1437 4049 1478 4089 io

1363 200 1653 249 ANoNYMt

1597 312 1667 360 44.
1699 312 1735 352 A
1761 309 1883 353 Pha·-
1899 309 1953 352 ad
1980 310 2228 368 Dionysium
2258 311 2521 374 (ᾼιονῦσιον)
2547 310 2678 362 stadia
2699 318 2776 370 903

1542 376 1640 420 inde
1662 376 1716 420 ad
1736 378 1943 420 sinistram
1961 386 2116 422 teneas.

1599 446 1670 496 45.
1702 449 1739 489 A
1762 446 1962 503 Dionysio
1980 444 2035 488 ad
2057 446 2360 491 Chersonesum
2377 449 2506 491 stadia
2526 463 2595 504 90.

1592 519 1662 567 46.
1695 518 1732 559 A
1765 516 2025 559 Chersoneso
2042 515 2096 558 ad
2129 516 2280 559 Azarin
2310 516 2443 560 stadia
2473 532 2579 569 100;
2603 518 2702 560 hinc
2731 515 2791 570 in·-

1541 583 1671 627 altum
1689 593 1853 627 evectus
1867 580 2185 642 praeternaviga;
2202 598 2298 626 nam
2313 584 2428 628 oelsoe
2441 585 2499 628 ibi
2515 595 2612 628 sunt
2629 593 2787 644 petrns

1541 666 1690 709 aquam
1709 652 1824 694 locus
1841 652 1966 695 habet
1983 661 2024 695 et
2044 653 2221 695 fluvium
2244 666 2456 707 magnum.

1599 725 1670 777 47.
1702 721 1768 765 Ab
1789 723 1909 765 Auri
1926 722 2045 778 juxta
2074 730 2226 764 terram
2247 736 2391 764 rursus
2423 721 2780 779 putten-naviganti

1541 787 1594 831 ad
1610 791 1779 832 Darnen
1796 788 1927 832 stadia
1946 790 2025 834 150
2043 789 2164 845 (deb.
2201 790 2298 832 250.
2318 794 2332 843 )

1540 925 1775 980 proximam
1793 923 1941 966 Plateae
1952 924 2094 966 insula·
2111 940 2243 975 oram,
2263 940 2347 967 non
2371 926 2522 968 veroin
2538 922 2784 970 Chersoued

1541 986 1751 1041 regionem
1791 986 1870 1028 150
1907 984 2038 1028 stadia
2065 986 2285 1030 distantem
2331 987 2536 1043 trajecisse
2571 996 2783 1044 putemus.

1541 1050 1674 1090 Porro
1691 1047 1794 1089 nihil
1816 1056 1878 1090 est
1905 1057 1953 1090 ut
1970 1048 2145 1091 fluvium
2167 1049 2345 1092 Aziridis
2376 1051 2418 1092 in
2443 1049 2673 1093 Temmineh
2694 1058 2783 1092 tor-

1542 1119 1659 1153 rente
1679 1111 1992 1166 invoetigemus,
2012 1124 2143 1167 quum
2161 1120 2312 1168 praesto
2337 1113 2389 1154 sit
2407 1112 2430 1154 ὁ
2453 1113 2571 1170 μέγας
2593 1112 2746 1170 ποταμὸ
2779 1134 2782 1139 ·

1542 1186 1666 1228 quem
1689 1171 1941 1214 Stadiasmus
1961 1171 2014 1214 ad
2049 1173 2267 1215 Azaridem
2305 1173 2502 1225 collocat3
2526 1174 2633 1218 adde
2667 1186 2789 1232 quo-¹

1541 1233 1595 1276 ad
1629 1234 1846 1277 Azaridem
1878 1236 2000 1277 etiam
2031 1249 2144 1277 nunc
2174 1244 2235 1277 est
2267 1235 2384 1278 beata
2420 1237 2556 1291 regio,
2585 1250 2710 1294 quam
2739 1240 2778 1278 i'

1540 1298 1788 1339 Temmineh
1805 1297 1905 1339 valle
1919 1296 2207 1340 disideramus.
2226 1298 2328 1340 Illuc
2350 1307 2550 1341 revertor.
2575 1300 2765 1344 Lustravi

1542 1359 1846 1402 Chersonesum
1862 1360 2053 1402 Barthius
2062 1377 2075 1413 ;
2092 1359 2197 1402 vidit
2216 1360 2349 1403 solum
2368 1361 2529 1418 pascuis
2543 1359 2782 1417 abundansg

1543 1422 1692 1464 veteris
1725 1421 1869 1479 oppidi
1894 1422 1957 1464 vel
1982 1422 2061 1464 vici
2092 1422 2260 1477 vestigia
2289 1422 2439 1465 frustra
2469 1424 2789 1480 circumspexit

1544 1484 1714 1526 sortasse
1733 1493 1871 1526 tamen
1902 1483 1952 1527 ad
1978 1484 2289 1527 meridionalem
2310 1485 2587 1541 promontorii
2612 1484 2626 1542 (
2649 1487 2734 1528 aas
2767 1508 2790 1520 -ι

1550 1546 1629 1589 Tin
1648 1549 1840 1604 >partem
1859 1547 1958 1590 olim
1974 1547 2099 1589 fuisse
2114 1546 2315 1604 oppidum
2338 1546 2461 1589 fuisse
2472 1555 2631 1599 censet,
2653 1562 2753 1605 quui
2768 1579 2786 1595 -,

1544 1618 1665 1665 aptus
1687 1610 1746 1652 ibi
1769 1611 1935 1652 navium
1951 1611 2116 1651 stationi
2132 1610 2246 1652 locus
2260 1609 2432 1653 concedi
2453 1609 2657 1653 videatur.
2678 1611 2763 1666 Qu

1544 1670 1623 1713 bus
1644 1670 1754 1714 addo
1772 1671 1886 1728 quod
1904 1671 1957 1714 ad
1978 1670 2088 1714 idem
2104 1671 2208 1713 latus
2225 1671 2356 1715 insula
2370 1686 2453 1715 orae
2470 1672 2676 1729 proxima,
2691 1686 2749 1731 qu

1543 1735 1685 1775 ruinas
1711 1734 1858 1786 habet,
1882 1749 1907 1776 a
1934 1734 2124 1790 Smythio
2159 1742 2341 1776 notatur.
2376 1736 2578 1777 Praeterea
2603 1748 2656 1777 ex
2677 1737 2701 1791 S
2728 1738 2773 1789 4

1544 1794 1750 1851 colligitur
1772 1796 2076 1839 Chersonesum
2101 1796 2238 1838 locum
2258 1797 2300 1837 in
2330 1795 2407 1838 hac
2434 1803 2565 1852 parte,
2582 1810 2668 1840 non
2688 1811 2738 1839 v--
2768 1802 2770 1806 ’

1544 1858 1587 1899 ἰιι
1607 1858 1760 1902 boreali
1789 1859 1914 1902 latere
1943 1860 2068 1901 situm
2097 1858 2237 1901 fuisse.
2266 1861 2415 1902 Portus
2438 1859 2495 1901 ibi
2515 1860 2582 1901 vix
2600 1873 2706 1917 unq
2755 1884 2773 1896 ι·

1545 1921 1696 1972 suerit3
1726 1920 1843 1978 cujus
1858 1923 1930 1978 qui
1945 1923 2224 1964 meminerunt
2244 1921 2387 1978 Scylax
2410 1930 2452 1964 et
2472 1921 2637 1974 Strabo,
2654 1937 2730 1979 qu·
2754 1947 2773 1960 ιι

1545 1985 1700 2027 nullam
1736 1985 1886 2028 saciant
1923 1984 2091 2028 Azilidis
2121 1994 2266 2042 portus
2300 1985 2577 2035 mentionem.
2607 1986 2775 2043 suspici·

1545 2055 1607 2089 est
1632 2047 1878 2091 Chersonesi
1912 2046 2081 2090 Azilidis
2112 2056 2154 2089 et
2172 2046 2340 2090 Azilidis
2363 2055 2511 2104 portus
2542 2048 2784 2092 memoriam

1546 2111 1765 2154 confundi.
2039 2118 2049 2128 ⁸

1602 2177 1625 2228 S
1647 2179 1718 2219 ⁴6.
1748 2173 1940 2230 Ἄζαριν
1959 2174 1975 2229 ]
2001 2180 2049 2205 2²
2070 2173 2189 2229 ζάρην
2215 2180 2256 2215 et
2277 2175 2301 2227 S
2323 2175 2377 2223 46
2397 2178 2444 2205 να
2464 2172 2616 2228 ζάριδος
2636 2172 2784 2219 codex.

1546 2235 1617 2278 ubi
1638 2251 1659 2278 ν
1678 2251 1702 2279 e
1717 2236 1868 2293 spiritu
1888 2243 2033 2278 natum
2047 2234 2237 2287 videtum
2262 2234 2412 2284 ’Ᾰζυλις
2430 2233 2446 2291 (
2466 2233 2623 2287 atum,
2648 2235 2755 2286 Ἇξυλ
2781 2261 2791 2270 ⁴

1547 2314 1588 2341 v.
1605 2298 1664 2354 l.)
1686 2300 1799 2355 κώμη
1821 2298 2082 2341 Ptolemaeus.
2102 2298 2266 2339 Nomen
2282 2305 2323 2339 et
2340 2296 2420 2339 loci
2434 2305 2476 2339 et
2492 2297 2671 2353 regionis
2692 2298 2787 2345 suit'

1546 2360 2024 2418 Steph.13yz.:’m:o„z;,
2057 2359 2169 2410 πόλις
2198 2359 2358 2413 Διὸὖης·
2377 2358 2416 2402 οἱ
2436 2358 2479 2402 δὲ
2501 2359 2589 2416 περὶ
2614 2360 2762 2404 Σαλλι

1548 2440 1593 2467 ot
1597 2441 1654 2467 ιον
1677 2424 1721 2467 οὗ
1746 2424 1877 2476 πόλιν,
1900 2423 2005 2466 ἀλλὰ
2023 2424 2142 2467 τόπον
2157 2423 2251 2480 φασὶ
2263 2422 2329 2465 καὶ
2348 2421 2525 2480 ποταμὸν
2544 2421 2663 2466 εἶναι.
2682 2423 2750 2468 Τιν
2782 2452 2790 2459 2-

1547 2486 1589 2529 δὲ
1610 2487 1747 2544 Ἅζιριν
1769 2486 1866 2543 μετὰ
1880 2489 1948 2529 τοῦ
1971 2486 2162 2543 ρλέγουσι
2179 2485 2247 2527 τὸν
2261 2489 2392 2542 χῶρον
2413 2483 2488 2542 (ut
2504 2485 2742 2531 Herodotus
2750 2490 2791 2543 >a

1547 2550 1675 2607 Χάραξ
1695 2549 1736 2592 δὲ
1756 2550 1904 2606 Ἄζιρον
1926 2549 2048 2606 λέγει.
2081 2547 2127 2591 Ὅ
2143 2548 2304 2602 πολίτης
2342 2546 2543 2602 Ἆζιλίτης.
2567 2547 2634 2592 Cf.
2662 2563 2688 2593 e
2758 2573 2783 2602 v,

1549 2622 1638 2656 not.
1671 2612 1741 2656 ad.
1770 2615 1881 2667 §4²-
1903 2611 1970 2655 Ad
2009 2612 2184 2654 sormam
2221 2611 2368 2668 ’λζαρις
2410 2611 2601 2668 proxime
2630 2625 2742 2654 asu·
2773 2607 2793 2658 ,3

1550 2677 1744 2731 Synesius
1758 2690 1826 2731 ep.
1849 2678 1872 2725 4
1896 2687 1907 2717 :
1931 2674 2170 2731 λιμενίσκιον
2192 2674 2342 2729 χαρίεν·
2368 2671 2551 2730 Ἀζάριον,
2572 2671 2703 2730 οἶμαι,
2751 2701 2769 2707 ,.

1548 2737 1699 2781 λοῦσιν.
1739 2736 1937 2780 Ponenda
1981 2737 2114 2779 Aziris
2152 2750 2187 2777 s.
2239 2736 2381 2778 Azaris
2428 2734 2482 2778 ad
2514 2734 2615 2779 hod.
2660 2736 2775 2780 Wad
2787 2746 2791 2754 ⁴

1549 2800 1705 2854 Agldk,
1730 2800 1800 2842 ubi
1815 2800 1966 2842 fluvius
1989 2798 2051 2841 vel
2066 2798 2203 2855 potius
2218 2806 2378 2840 torrens
2399 2796 2414 2856 (
2432 2812 2563 2855 quum
2577 2813 2670 2856 quoe
2689 2814 2719 2857 p
2750 2822 2758 2837 .

1549 2864 1639 2919 prie
1654 2864 1824 2905 flumina
1839 2862 2052 2914 dicuntur,
2078 2862 2120 2903 in
2141 2869 2228 2903 tota
2244 2860 2321 2903 hac
2338 2875 2411 2903 ora
2429 2875 2516 2904 non
2531 2861 2616 2904 sint
2635 2860 2760 2907 obvia
2784 2867 2787 2910 Ϊ

1549 2925 1631 2968 lato
1659 2926 1766 2967 ostio
1785 2925 1892 2976 exit,
1913 2924 1935 2966 ὁ
1970 2924 2088 2981 μέγας
2120 2923 2293 2978 ποταμὸς
2324 2922 2556 2966 Stadiasmi.
2589 2924 2606 2980 ΙΙ
2629 2948 2686 2958 -
2718 2924 2737 2968 ὃ
2762 2948 2790 2982 ‚⁴

1550 2992 1627 3030 τεῦ
1641 2989 1660 3030 0
1674 3003 1690 3029 ε
1704 3005 1723 3030 ν
1744 2989 1757 3045 ]
1780 3002 1837 3030 sc.
1855 3002 1879 3030 a
1905 2985 2165 3043 Χερσονήσου.
2185 2986 2393 3028 Nimirum
2418 2984 2471 3028 ad
2489 2986 2719 3029 extremitat
2756 3010 2760 3024 ι

1551 3065 1689 3107 prom.
1715 3053 1800 3092 Bas
1831 3050 1870 3092 c!
1900 3050 1978 3093 Tin
2002 3058 2044 3091 et
2075 3049 2254 3091 maxime
2279 3047 2330 3090 ad
2363 3046 2671 3091 meridionalem
2699 3049 2773 3106 ej·>

1550 3122 1706 3169 partem
1726 3112 1919 3169 permulti
1941 3121 2039 3153 sunt
2068 3110 2247 3167 scopuli;
2268 3108 2380 3152 unde
2401 3109 2523 3153 simul
2548 3110 2751 3168 intelligi·-
2788 3123 2790 3127 ·

1550 3175 1852 3216 Chersonesum
1886 3173 2022 3215 locum
2048 3172 2099 3215 ad
2136 3172 2445 3215 meridionalem
2473 3186 2610 3229 prom.
2628 3187 2737 3230 par

1549 3250 1636 3277 esse
1653 3234 1955 3278 collocandum.
1982 3234 2152 3278 Accedit
2174 3234 2287 3291 quod
2314 3235 2373 3278 sic
2393 3232 2561 3277 demum
2585 3242 2729 3278 recte

1550 3295 1647 3338 bere
1680 3305 1853 3353 possunt
1880 3295 2011 3338 stadia
2045 3310 2144 3348 ιοο;
2181 3311 2276 3338 nam
2305 3310 2327 3338 a
2350 3294 2503 3338 boreali
2531 3310 2581 3338 ex
2659 3318 2678 3332 ι·
2740 3343 2746 3346 ⁷,
2797 3334 2800 3338 Α

1548 3359 1824 3415 promontorii
1848 3372 1978 3415 usque
1999 3357 2053 3401 ad
2082 3359 2232 3402 Azarin
2261 3358 2425 3400 nonnisi
2448 3372 2503 3414 70
2522 3367 2620 3402 sunt
2639 3372 2659 3402 s
2710 3363 2753 3422 2⁴¹
2796 3364 2801 3372 ⁵

1555 3424 1571 3473 ΙΙ
1591 3445 1646 3453 -
1670 3420 1727 3477 Ιχ
1738 3422 1811 3478 τι]
1841 3420 2001 3477 ἔχουσαι
2023 3420 2089 3463 καὶ
2108 3420 2282 3478 ποταμὸν
2318 3422 2417 3477 μέγα
2445 3419 2602 3472 codex,
2627 3419 2716 3477 ‘KH
2792 3454 2793 3457 η

1549 3483 1615 3526 καὶ
1630 3483 1731 3527 πλατ
1733 3483 1825 3526 ανδν
1842 3485 1962 3541 μέγαν
1975 3483 2085 3541 conj.
2104 3486 2313 3527 Letronne
2326 3487 2462 3527 Poene.
2471 3497 2607 3537 geogr.
2623 3496 2669 3540 p.
2685 3469 2742 3531 3η
2780 3512 2797 3539 ¹.

1606 3549 1720 3600 §⁴7-
1747 3546 2184 3604 παραπλεύσαντι]
2206 3545 2473 3602 παραπλεύσας
2489 3543 2642 3596 codex,
2677 3554 2733 3606 ug*

1552 3618 1593 3651 to
1613 3612 1636 3663 S
1655 3611 1706 3659 45
1731 3609 1868 3651 malim
1890 3609 1972 3652 sere
1990 3610 2186 3665 παράπλεε
2217 3606 2323 3658 αυοις
2344 3607 2392 3651 τὰ
2412 3623 2454 3651 π.
2445 3638 2475 3661 .,
2509 3614 2699 3664 parent·

1551 3671 1856 3727 dictum‚1l·t‹‘z
1879 3674 2171 3729 παράγαια]
2203 3671 2250 3714 τὰ
2276 3671 2472 3728 πατάγαια
2493 3668 2641 3722 codex,
2680 3692 2712 3703 ·=
2772 3714 2783 3725 5

1551 3737 1740 3779 Mannert
1761 3736 1816 3785 Χ,
1847 3748 1889 3787 2,
1914 3749 1958 3792 p.
1986 3750 2039 3791 79
2060 3736 2182 3777 vertit
2204 3733 2272 3776 die
2297 3731 2563 3786 nmndungen
2585 3731 2600 3790 (
2618 3700 2701 3775 ἱει-

1549 3802 1697 3853 sans),
1718 3812 1896 3854 eumque
1916 3806 2080 3840 secutus
2098 3797 2278 3841 Gailius.
2298 3797 2423 3839 litam
2440 3793 2636 3838 stridenti
2664 3816 2673 3845 ς
2695 3836 2726 3856 5
2751 3812 2755 3816 ’
2791 3825 2795 3860 s

1548 3876 1763 3918 percussa,
1789 3875 1930 3902 vocem
1950 3860 2115 3903 lexicis‘
2105 3860 2227 3902 inseri
2246 3858 2413 3915 jubens.
2436 3856 2653 3902 Letronni·
2688 3898 2703 3906 ,.
2779 3871 2782 3875 ·

1551 3937 1594 3979 p.
1618 3925 1714 3965 313.
1732 3923 1936 3965 Marmei-ti
1962 3922 2338 3978 intcipretntiooem
2358 3920 2480 3962 etiam
2499 3917 2550 3961 ad
2567 3933 2622 3961 e

1550 3987 1650 4027 dum
1674 3988 1808 4028 locum
1841 3986 2006 4042 Peiipli.
2028 3998 2133 4026 mar.
2155 3983 2323 4039 Ῑ·“,·ι)11ιι.
2349 3997 2391 4039 p.
2414 3971 2739 4035 acsindlnbd

1551 4049 1639 4090 luit.
1663 4053 1925 4104 Quamquam
1957 4047 2058 4089 nihil
2088 4055 2175 4088 etat
2194 4060 2268 4088 cm
2294 4059 2397 4086 nova
2425 4044 2510 4086 ltaec
2532 4051 2573 4086 et
2599 4042 2682 4084 int·
