2808 4342
235 179 326 219 sto
698 130 737 170 ο

295 293 375 325 su.
412 267 781 327 Ἀπὸιαλαμύδης
791 267 848 319 εἰς
867 268 997 327 Κριοῦ
1013 262 1222 310 Μίτωπον
1234 262 1396 309 στάδιοι
1409 261 1468 312 λ’.

235 340 500 423 ἀκρωτήριώ
510 341 620 384 ἐστιν
643 334 811 400 ὑψηλόν·
836 331 923 396 ἔχει
946 330 1058 395 ὕδωρ
1078 330 1151 377 καὶ
1173 329 1374 394 ὕφορμον.

295 428 374 459 aas.
410 407 510 455 Ἀπὸ
540 408 605 469 Κρ
608 423 670 451 ιου
707 401 916 451 Μιτώπου
950 399 1175 463 περίπλους
1206 401 1263 453 et<
1304 398 1471 447 Βίεννον

234 480 393 527 στάδιοι
419 475 492 522 ιδ’·
515 474 662 534 λιμένα
686 471 773 533 ἔχει
794 469 867 516 ιιαὶ
889 467 1015 532 ὕδωρ.

297 564 375 596 ⁸³⁶.
409 544 508 592 Ἀπὸ
524 542 690 590 Βιέννου
707 540 764 591 nic
774 536 1064 602 Φαλᾶσαρναν
1077 536 1237 585 στάδιοι
1250 535 1326 592 σξ’·
1347 536 1475 600 ὅρμος

236 618 359 673 ἐστιν,
376 613 585 675 ἐμπόριον,
599 608 718 661 πόλις
728 606 906 655 παλαιά·
921 610 1046 663 νῆσος
1062 605 1107 653 δὲ
1131 604 1215 653 ἀπὸ
1239 605 1418 653 σταδίων
1438 605 1470 660 ξ’

236 684 524 743 ’1ουσάγουρα,
560 677 774 742 βλέπουσα
805 676 909 741 πρὸς
933 675 1150 730 ἀνατολάς·
1188 675 1276 739 ἔχει
1310 677 1474 737 λιμένα·

236 754 321 814 ἔχει
341 751 382 796 δὲ
402 748 508 812 ἱερὸν
527 747 783 800 Ἀπόλλωνος
799 747 842 793 ἕν
863 749 924 809 τῷ
941 745 1091 807 λιμένι·
1111 744 1199 792 ἔστι
1212 744 1255 791 δὲ
1277 744 1351 792 καὶ
1367 743 1475 803 ἄλλη

234 826 354 878 νῆσος
389 818 472 864 ἀπὸ
505 816 683 864 σταδίων
712 815 782 878 γ’·
823 815 1014 863 καλεῖται
1046 814 1197 872 Μέση,
1235 812 1308 860 καὶ
1345 812 1474 877 ὅρμον

179 907 218 938 ιο
235 911 253 938 ε
256 908 336 954 χει
352 892 379 944 ἡ
395 889 436 934 δὲ
456 886 574 951 τρίτη
594 886 787 933 καλεῖται
803 886 943 943 Μύλη·
968 887 990 931 ὁ
1010 884 1053 932 δὲ
1071 887 1200 937 πλους
1220 882 1359 946 βαθύς·
1378 884 1476 946 ἀγο-

236 958 352 1024 ρὰν*
330 977 433 1022 εχει.

147 1146 151 1150 ι
235 1092 330 1137 see‘li
341 1100 382 1134 et
396 1093 441 1133 V
438 1090 587 1133 lieleias
606 1091 799 1132 vicumn
820 1087 995 1131 Abouta
1010 1086 1107 1128 mile
1122 1086 1231 1128 from
1240 1086 1310 1127 the
1322 1084 1481 1127 church

237 1155 287 1198 ol'
298 1154 482 1209 flaghios
511 1154 721 1195 Antonius
757 1153 780 1193 1
801 1151 936 1193 arrive
958 1157 1001 1191 at
1027 1148 1204 1191 another
1233 1147 1282 1189 os
1305 1146 1486 1202 Haghios

237 1216 499 1271 Gheorghios
520 1214 606 1258 and
627 1215 713 1257 also
737 1222 780 1255 at
798 1213 868 1255 the
889 1212 1054 1255 ancient
1071 1212 1148 1253 site
1166 1210 1217 1253 os
1230 1209 1365 1252 which
1384 1211 1406 1251 1
1419 1222 1486 1251 am

239 1282 283 1322 in
306 1278 465 1321 search.
490 1279 531 1320 It
568 1279 602 1319 is
623 1275 801 1319 situated
835 1290 891 1317 on
913 1274 984 1316 the
1012 1274 1185 1316 summit
1213 1271 1262 1315 os
1279 1271 1348 1314 the
1371 1269 1487 1325 ridge

238 1343 425 1385 between
438 1348 523 1382 two
535 1340 712 1396 valleys:
725 1354 781 1381 on
797 1338 867 1380 the
883 1345 1058 1379 western
1069 1334 1153 1378 and
1170 1335 1313 1377 south·
1312 1341 1487 1376 western

239 1404 348 1447 sides
369 1403 419 1446 of
428 1404 499 1445 the
521 1404 603 1459 city
630 1402 701 1444 the
723 1401 836 1443 walls
859 1414 953 1456 may
974 1399 1027 1441 be
1055 1398 1195 1441 traced
1217 1397 1282 1439 for
1299 1397 1415 1439 three
1439 1410 1489 1437 or

242 1468 338 1509 four
360 1465 555 1508 hunderd
574 1477 729 1522 paces:
751 1478 807 1505 on
822 1463 892 1504 the
913 1470 999 1503 east
1016 1463 1038 1502 1
1058 1460 1183 1502 could
1197 1460 1295 1515 only
1316 1459 1488 1500 observe

240 1530 354 1571 them
378 1528 444 1569 sor
456 1527 585 1569 about
599 1541 681 1567 one
695 1524 890 1567 hunderd
907 1537 1046 1580 paces,
1062 1522 1184 1564 while
1202 1536 1259 1563 on
1277 1521 1348 1563 the
1364 1521 1487 1563 south

243 1591 314 1632 the
329 1589 446 1644 tidge
465 1603 673 1639 narrows,
690 1587 774 1629 and
798 1587 869 1628 the
888 1585 1002 1637 wall,
1021 1584 1217 1641 adapting
1238 1582 1352 1625 itself
1359 1591 1403 1625 to
1419 1583 1489 1625 the

242 1653 404 1696 natural
424 1652 598 1694 saturos
618 1650 670 1693 of
691 1651 761 1693 the
782 1650 871 1701 hill,
894 1649 968 1691 has
993 1657 1069 1691 not
1094 1662 1118 1690 a
1143 1647 1283 1702 length
1307 1646 1357 1689 of
1372 1661 1489 1689 more

245 1716 346 1763 than
376 1714 516 1757 fifteen
542 1729 592 1756 or
613 1721 768 1770 twenty
787 1726 923 1769 paces.
941 1711 1033 1753 The
1058 1710 1192 1752 whole
1211 1711 1394 1764 seeming
1410 1710 1489 1752 cir·

244 1780 330 1820 cuit
349 1777 398 1819 os
415 1778 528 1819 these
551 1777 665 1819 walls
686 1784 839 1818 cannot
867 1774 993 1816 much
1015 1772 1168 1815 exceed
1199 1772 1291 1815 half
1316 1787 1341 1814 a
1360 1772 1486 1814 mile:

245 1840 341 1891 still,
372 1839 568 1897 possibly,
608 1839 679 1880 the
709 1839 792 1894 city
821 1836 955 1891 might
987 1835 1139 1877 extend
1166 1834 1326 1876 further
1348 1842 1392 1876 to
1421 1834 1490 1875 the

244 1902 385 1944 north.
411 1900 696 1943 Foundations
718 1899 767 1941 of
781 1899 850 1941 the
868 1897 980 1939 walls
1009 1897 1057 1939 of
1076 1896 1286 1951 buildings
1307 1910 1377 1938 are
1394 1911 1489 1938 seen

245 1973 289 2007 to
318 1964 387 2006 the
408 1964 533 2005 south
561 1962 611 2004 of
629 1963 700 2004 the
732 1961 890 2003 church
916 1959 967 2001 os
993 1959 1176 2014 Haghios
1213 1958 1487 2013 Gheorghios.

249 2025 311 2068 Os
323 2026 394 2067 the
417 2025 528 2067 walls
547 2025 686 2066 which
706 2024 864 2066 remain
887 2022 956 2064 the
974 2030 1036 2078 st)
1039 2021 1103 2063 le
1093 2036 1126 2062 ts
1150 2021 1315 2062 ancient
1333 2021 1491 2075 though

249 2089 320 2129 the
353 2088 637 2130 construction
671 2088 705 2127 is
733 2094 806 2127 not
828 2100 926 2141 very
958 2084 1133 2125 massive
1153 2096 1162 2124 :
1185 2084 1254 2124 the
1271 2083 1396 2124 chisel
1419 2083 1492 2125 has

248 2159 323 2193 not
344 2150 449 2192 been
472 2149 574 2191 used
601 2149 666 2191 sor
681 2164 759 2204 any
782 2148 832 2189 os
841 2148 910 2189 the
926 2155 1066 2188 stonoe
1086 2159 1097 2187 :
1118 2146 1189 2187 the
1206 2147 1308 2187 sizoe
1327 2145 1377 2187 of
1385 2153 1494 2187 most

248 2211 424 2253 orthem
443 2225 514 2253 are
544 2219 683 2266 pretty
713 2208 850 2264 nearly
873 2209 943 2249 the
968 2222 1081 2249 same
1095 2238 1106 2258 ,
1131 2206 1214 2247 and
1233 2207 1330 2262 they
1354 2221 1424 2248 are
1442 2207 1494 2248 all

247 2271 482 2329 polygonal.
498 2272 590 2313 The
608 2270 818 2312 thickness
833 2269 883 2311 os
892 2270 960 2311 the
981 2269 1074 2310 wall
1089 2270 1122 2309 is
1140 2268 1268 2310 about
1282 2267 1378 2310 four
1396 2268 1491 2311 feet.

246 2359 303 2366 —
318 2336 339 2376 1
351 2348 530 2390 suppose
544 2335 659 2376 these
673 2342 716 2375 to
741 2333 792 2374 be
803 2333 981 2373 remains
992 2330 1318 2387 ofCalamyde...
1334 2333 1356 2372 Ι
1370 2330 1495 2389 know

247 2397 298 2440 os
331 2412 387 2439 no
425 2397 546 2438 other
565 2398 648 2453 city
685 2394 926 2437 mentioned
957 2396 1000 2436 in
1040 2409 1120 2450 any
1145 2394 1310 2435 ancient
1337 2394 1492 2445 writer,

248 2459 384 2500 which
407 2473 470 2500 we
489 2457 615 2500 could
647 2457 700 2499 be
721 2456 962 2499 authorized
977 2465 1021 2499 to
1039 2456 1153 2512 place
1182 2456 1303 2507 here;
1323 2455 1407 2497 and
1427 2456 1496 2497 the

248 2523 322 2563 site
337 2536 476 2577 agrees
498 2520 696 2578 persectly
718 2520 820 2561 with
839 2519 950 2562 what
966 2534 1027 2561 we
1053 2519 1167 2560 learn
1195 2518 1245 2560 os
1267 2517 1497 2575 Kalamyde

249 2584 357 2626 from
373 2585 444 2625 the
461 2584 627 2635 author,
650 2583 746 2625 who
769 2583 889 2624 alone
911 2583 983 2624 has
1005 2580 1207 2623 recorded
1223 2580 1293 2623 the
1315 2595 1437 2623 name
1454 2582 1497 2623 ot

250 2646 331 2687 this
350 2647 448 2702 city.
472 2664 487 2684 ι»
518 2648 535 2700 ῃ
555 2670 614 2678 -
629 2647 820 2687 στάδιοι
843 2648 909 2687 ον’
927 2646 943 2700 ]
961 2645 1021 2686 sic
1042 2642 1175 2686 codex
1194 2651 1403 2699 corrupte.
1427 2644 1496 2685 Li·

251 2722 329 2749 nea
344 2716 454 2749 recta
474 2722 498 2749 a
521 2708 626 2749 Lissi
649 2709 781 2749 ruinis
803 2707 856 2749 ad
874 2706 1116 2763 Calamydes
1132 2705 1284 2748 rudera
1301 2714 1396 2747 sunt
1415 2704 1499 2747 sere

253 2774 308 2812 60
329 2768 482 2821 stadia,
508 2770 739 2811 secundum
766 2785 882 2811 oram
903 2771 1067 2812 circiter
1087 2783 1142 2824 70
1155 2785 1167 2820 ;
1182 2769 1282 2811 hinc
1299 2766 1352 2810 ad
1378 2769 1497 2810 Criu·

252 2840 450 2887 metopon
482 2832 534 2872 ad
559 2836 612 2880 4ο
632 2834 648 2886 (
666 2833 719 2874 3ο
743 2847 825 2874 sec.
862 2832 1011 2887 Stad.)
1038 2831 1183 2875 stadia.
1220 2831 1374 2872 Nostro
1408 2830 1499 2872 loco

253 2893 520 2935 scribendum
557 2895 635 2934 erit
668 2895 815 2935 στάδιοι
849 2895 898 2945 ν’,
938 2909 1029 2949 quae
1075 2895 1282 2936 lenissima
1313 2901 1373 2935 est
1407 2907 1499 2935 mu·

255 2956 372 3007 tatio,
396 2956 472 2997 etsi
501 2969 644 2997 verum
671 2971 755 2997 non
772 2957 891 3011 plane
915 2958 1161 3011 assequitur.

311 3021 334 3071 S
354 3021 451 3061 334.
486 3016 563 3059 ἀπὸ
601 3017 836 3073 Καλαμύδην
867 3016 1013 3059 codex.
1056 3020 1072 3071 Η
1099 3042 1154 3048 -
1177 3018 1291 3071 Κριοῦ
1324 3019 1499 3072 μέτωπον

255 3094 394 3137 prom.
421 3081 660 3122 etiamnunc
691 3083 800 3123 Cavo
819 3080 919 3122 Krio
947 3079 1189 3136 appellatur.

312 3145 336 3197 S
364 3148 460 3187 335.
481 3143 714 3200 Βίεννον]
735 3143 885 3195 Βίενον,
906 3142 1080 3196 at5336
1096 3140 1172 3184 ἀπὸ
1196 3142 1352 3183 Βίεννον
1373 3143 1385 3198 (
1405 3144 1496 3199 sic)

255 3205 403 3255 codex.
416 3207 578 3248 Locum
592 3207 884 3260 cognominem
899 3204 1079 3247 vidimus
1086 3218 1210 3260 supra
1223 3207 1245 3257 S
1264 3205 1360 3246 320.
1377 3206 1499 3261 Apud

255 3267 523 3310 Ptolemaeum
538 3277 632 3325 post
650 3269 950 3324 Criumetopon
970 3268 1061 3324 (5οο
1095 3268 1174 3309 35’.
1234 3268 1308 3317 340
1343 3270 1415 3321 ιο)
1458 3270 1499 3310 in

258 3330 515 3374 Occidentali
534 3330 660 3373 latere
682 3339 916 3387 sequuntur
935 3344 946 3373 ζ

377 3420 605 3477 Ἰναχώριον
982 3421 1054 3461 52⁰
1085 3419 1166 3461 35'.
1228 3419 1301 3470 34ο
1334 3418 1415 3461 3ο’.

382 3482 572 3540 Ῥαμνοῦς
591 3484 712 3541 λιμήν
982 3484 1055 3524 52⁰
1088 3483 1167 3526 30'.
1230 3482 1303 3532 34⁰
1335 3480 1417 3523 35¹.

375 3546 614 3601 Χερσόνησος
986 3545 1058 3587 52⁰
1090 3546 1169 3587 30'.
1231 3545 1303 3595 34ο
1335 3544 1417 3586 3ο’.

377 3607 618 3663 Φαλάσαρνα
995 3608 1067 3648 52⁰
1097 3610 1176 3649 nol.
1238 3606 1311 3656 34⁰
1338 3608 1417 3655 [00¹.

265 3704 457 3757 Quorum
471 3705 610 3757 priora
620 3702 709 3745 loca
723 3705 803 3745 tria
814 3718 897 3745 non
913 3712 1116 3746 memorat
1131 3706 1391 3759 Anonymus,
1401 3700 1503 3743 dum

266 3764 412 3807 Bienni
433 3766 592 3807 mentio
608 3765 721 3821 apud
743 3765 1011 3808 Ptolemaeum
1026 3765 1298 3816 desideratur,
1323 3764 1401 3806 nisi
1422 3764 1505 3806 sor·

267 3834 372 3868 tasse
389 3826 477 3867 Ἴνα
486 3827 634 3883 χωρίον
651 3828 734 3882 (sic
747 3843 797 3869 ex
816 3829 974 3883 optimo
990 3827 1083 3870 cod.
1102 3827 1229 3871 Palat.
1246 3826 1502 3883 scripserim)

267 3896 515 3945 corruptum
529 3898 589 3931 est
599 3903 652 3931 ex
662 3889 801 3932 Βίεννα
812 3891 975 3946 χωρίον,
993 3890 1106 3947 quod
1119 3899 1235 3933 tanto
1246 3889 1402 3932 facilius
1415 3887 1503 3931 fieri

269 3951 405 4006 potuit
415 3964 546 4007 quum
557 3952 581 4008 β
592 3951 709 3995 litera
720 3953 762 3995 in
770 3952 876 3996 Ptol.
892 3967 1035 3995 vocem
1045 3952 1109 3995 ἶνα
1120 3951 1345 4010 praecedam
1359 3965 1504 4009 quam-

270 4025 395 4067 quam
411 4012 700 4058 distantiarum
722 4024 827 4059 notae
850 4030 935 4058 non
954 4015 1176 4073 quadrant.
1197 4017 1352 4058 Contra
1381 4016 1504 4057 Paul:-

1358 155 1654 205 ANONYm

1602 271 1701 321 334.
1738 273 1777 314 Δ
1796 270 2019 327 onhmydn
2033 270 2089 315 ad
2105 272 2428 328 &iu-Metopon
2443 272 2575 315 stadia
2594 274 2664 317 3ο.
2700 283 2706 294 ·
2752 296 2756 309 ⁹

1546 338 1800 381 montorium
1815 345 1878 379 at
1893 332 2122 391 exodum·
2141 338 2425 397 habetaquam
2443 348 2486 382 et
2502 354 2727 386 recessum·
2751 355 2768 374 1⁹·

1602 404 1700 448 335.
1727 408 1767 449 A
1789 406 1913 448 Criu·
1894 406 2088 462 -Metopo'
2115 406 2298 464 petiplnfl
2330 407 2385 451 ad
2407 409 2615 451 Biennum
2632 417 2710 451 sta·
2756 410 2758 412 ’

1544 489 1640 516 rum
1667 486 1733 516 ta.
1794 475 1969 515 Portum
1982 472 2108 515 habet
2129 480 2172 516 et
2187 486 2356 530 aquam.
2759 469 2764 474 “

1603 542 1706 584 336.
1741 543 1775 584 Α
1799 541 1960 583 Bienno
1988 539 2042 582 ad
2070 539 2360 584 Phalasarnam
2392 542 2523 586 stadia
2548 548 2627 586 160
2648 540 2771 599 (ρξ,

1545 610 1610 653 Ibi
1628 609 1751 652 statio
1772 617 1848 661 est,
1875 609 2139 665 emporium,
2162 608 2263 650 urbs
2279 609 2471 665 antiqua3
2495 610 2627 654 insula
2648 619 2736 653 aut
2755 614 2758 616 ’

1547 677 1705 720 distans
1720 682 1775 721 60
1801 676 1949 730 stadia,
1965 679 2179 732 Iusagura,
2197 685 2384 733 spectans
2398 678 2599 723 orientem
2622 694 2712 723 vers
2740 707 2741 713 ,
2763 706 2768 718 ι

1547 747 1671 791 habet
1695 755 1887 804 portium
1910 746 2092 789 habetet
2112 746 2254 788 sanum
2282 746 2485 803 Apollinis
2515 747 2569 790 ad
2611 772 2618 784 ·
2638 772 2656 786 .,

1547 815 1622 858 E'st
1635 824 1678 858 et
1690 814 1770 857 alia
1780 814 1914 857 insula
1926 815 1944 869 (
1957 813 2114 857 distans
2133 814 2148 872 )
2166 814 2296 856 stadia
2320 815 2361 857 3.
2421 817 2728 860 Vooeturuoee

1547 882 1766 925 stationem
1801 880 1942 924 habet.
1999 882 2141 939 Tertia
2191 891 2361 924 vocatur
2401 882 2532 939 Myle;
2585 884 2747 940 naviga

1547 949 1772 1008 profunda3
1794 948 1933 991 sorum
1954 947 2093 991 habet.
2763 946 2774 957 ³

1551 1083 1666 1140 leyus
1705 1090 1844 1125 censet
1875 1081 2018 1138 oppidi
2059 1095 2212 1123 nomen
2256 1078 2483 1138 Ἰναχωρίον
2519 1083 2743 1141 depravatu

1551 1154 1694 1203 postea
1723 1159 1811 1187 osse
1831 1145 1876 1186 in
1917 1143 2198 1200 Ἐννεαχωρία,
2233 1141 2349 1199 quod
2378 1158 2491 1186 nunc
2523 1153 2586 1188 est
2611 1148 2739 1202 region

1552 1222 1707 1251 nomen
1732 1206 2044 1249 mediterraneae
2057 1237 2068 1258 ,
2117 1221 2203 1248 non
2231 1205 2336 1248 adeo
2361 1205 2482 1261 louge
2509 1206 2562 1249 ab
2590 1221 2639 1252 ω
2658 1208 2746 1253 Ιίιοι

1551 1279 1684 1328 parte,
1700 1271 1768 1313 cui
1783 1270 2035 1312 Inacborion
2050 1269 2258 1313 Ptolemaei
2273 1268 2526 1312 accensenda
2550 1279 2670 1315 αισι.
2693 1274 2761 1315 Ε’-

1551 1348 1701 1392 parum
1732 1334 1833 1375 mihi
1855 1333 2103 1391 probantur,
2126 1347 2258 1390 quum
2294 1331 2432 1374 Ἐννέα
2459 1332 2587 1389 χωρία
2607 1334 2755 1388 (Νοιν

1546 1395 1654 1453 pagi
1668 1397 1701 1451 ),
1725 1410 1878 1437 nomen
1896 1396 2054 1451 regioni
2083 1393 2542 1452 peraocommodatum,
2562 1396 2623 1437 sic
2649 1410 2743 1439 corr

1552 1466 1672 1514 ptum
1684 1472 1771 1500 esse
1787 1458 2006 1500 verisimile
2016 1472 2102 1500 non
2114 1458 2181 1500 sit.
2195 1458 2390 1500 Ceterum
2405 1456 2576 1499 ubinam
2587 1458 2691 1500 situs
2705 1459 2746 1501 su

1555 1522 1610 1563 rit
1635 1522 1818 1564 Biennus
1848 1515 2016 1563 nonnisi
2048 1536 2071 1563 e
2093 1518 2310 1563 Stadiasmi
2339 1529 2540 1576 computu
2573 1521 2725 1576 colligit

1554 1597 1685 1640 quum
1696 1584 1918 1641 Pashleyus
1941 1584 2050 1627 hanc
2066 1597 2183 1626 oram
2198 1591 2283 1624 no‘n
2302 1581 2464 1624 adierit.

1611 1649 1633 1700 S
1653 1651 1748 1691 336.
1773 1646 2136 1703 Φαλάσαρναν]
2156 1645 2420 1702 Φαλάνσαραν
2438 1644 2552 1697 ood.;
2570 1660 2651 1688 em.
2667 1648 2762 1690 Gai

1555 1706 1625 1760 τὴν
1641 1709 1905 1766 Φαλάσαρναν
1928 1710 2051 1751 etiam
2077 1707 2222 1764 Polyb.
2255 1708 2416 1759 xxm,
2445 1707 2511 1757 15,
2536 1707 2587 1759 ὃς
2612 1706 2743 1765 pleriq

1555 1769 1604 1811 τὰ
1640 1770 1896 1827 Φαλάσαρνα.
1932 1773 1988 1813 V.
2024 1778 2114 1813 not.
2139 1769 2193 1812 ad
2224 1768 2379 1825 Scylac.
2408 1771 2508 1824 547
2548 1783 2591 1826 p.
2618 1772 2688 1823 41,

1555 1830 1781 1875 dicendum
1805 1842 1894 1875 erat
1912 1833 2033 1875 Plinii
2048 1834 2151 1886 (IV,
2174 1831 2255 1888 20)
2277 1830 2442 1873 codices
2463 1831 2664 1875 fluctuare
2689 1832 2735 1875 in

1555 1894 1819 1938 Phalasarna
1833 1904 1874 1938 et
1895 1894 2165 1944 Phalasarne,
2192 1893 2303 1950 apud
2323 1893 2591 1937 Ptolemaeum
2613 1908 2712 1938 vero
2740 1918 2751 1931 ι
2764 1919 2777 1944 2

1556 1955 1668 1999 ‹110oe
1678 1956 2083 2015 witbergipraebere
2093 1955 2714 2012 Φαλάαρνα,ψαλαάρνα.αιωιι
2771 1946 2778 1960 ·

1557 2022 1832 2077 corruptiora.
1857 2019 1969 2062 Urbs
1980 2021 2023 2061 in
2035 2019 2118 2061 hoc
2134 2018 2277 2060 insulae
2294 2018 2420 2059 latere
2437 2018 2619 2062 maxima
2638 2018 2731 2075 (Pol
2759 2019 2762 2021 ’
2783 2055 2785 2058 .

1556 2083 1712 2126 rheniae
1724 2082 1880 2134 navale,
1904 2086 1959 2126 60
1974 2081 2117 2124 stadiis
2130 2081 2184 2124 ab
2201 2095 2249 2123 ea
2274 2079 2446 2132 distans,
2466 2079 2607 2137 λιμῦνα
2621 2080 2721 2123 ιλιι·
2782 2126 2789 2136 ¹.

1557 2145 1714 2188 habens
1734 2155 1776 2189 et
1797 2146 1940 2188 sanum
1969 2146 2112 2187 Dianae
2145 2145 2379 2200 Dictynnae.
2418 2144 2474 2187 V.
2517 2142 2663 2200 Scylax
2693 2143 2723 2187 l.
2780 2137 2788 2144 ⁴

1561 2207 1738 2264 Dionys.
1760 2222 1839 2263 119
1853 2222 1898 2263 p.
1910 2210 2009 2258 242,
2026 2206 2174 2249 Strabo
2189 2221 2233 2262 p.
2255 2205 2366 2262 479)
2381 2206 2460 2248 sita
2471 2205 2623 2249 eratad
2638 2205 2759 2249 hodi

1558 2283 1661 2311 num
1684 2270 1812 2312 Katri
1834 2270 1987 2311 vicum.
2006 2268 2175 2325 Amplas
2193 2281 2287 2323 qua:
2307 2275 2532 2323 supersunt
2546 2268 2688 2311 ruinas
2711 2268 2733 2311 l*
2754 2294 2758 2301 ι

1559 2330 1756 2375 describit
1766 2331 1987 2388 Pashleyus
2000 2333 2057 2383 11,
2073 2345 2117 2387 p.
2133 2335 2279 2386 ⁶²·72·
2295 2332 2345 2372 In
2360 2328 2591 2373 Stadiasmo
2604 2343 2662 2374 ιιιι
2676 2353 2693 2367 ιἸ
2717 2352 2733 2367 ιι
2763 2377 2766 2379 ,

1561 2392 1614 2443 a?
1635 2394 1858 2437 mutandus
1887 2395 1930 2435 in
1955 2392 2024 2449 ρξ’.
2062 2394 2080 2448 ΙΙ
2112 2417 2170 2424 -
2202 2390 2562 2451 Ἰουσάγουρα]
2588 2394 2631 2448 Q
2683 2422 2695 2427 -
2744 2414 2751 2426 ι

1561 2470 1662 2498 ιιιιιιι
1678 2458 1830 2499 rectius
1850 2470 2004 2498 nomen
2026 2455 2174 2498 habeat
2192 2454 2305 2511 apud
2323 2454 2503 2497 Plinium
2513 2455 2591 2508 1v,
2607 2457 2698 2511 nos
2715 2459 2743 2500 6
2762 2478 2767 2490 ·

1565 2518 1933 2576 Circumvectisque
1964 2517 2249 2575 Criumetopon
2271 2526 2353 2559 eres
2374 2515 2582 2575 (insulae)
2605 2518 2720 2561 uus
2738 2561 2744 2566 ,

1562 2595 1634 2623 rus
1653 2583 1671 2636 (
1687 2582 1747 2624 sic
1767 2581 1887 2624 editt.
1905 2579 2034 2623 ecod.
2053 2580 2323 2637 perantiquo;
2344 2580 2469 2622 ceteri
2491 2582 2679 2627 :Acuca
2698 2602 2705 2615 ι

1564 2646 1851 2698 Acusagonus,
1889 2645 2190 2696 Acausagores,
2225 2642 2506 2697 Musagoroe).
2529 2641 2636 2684 Mela
2657 2643 2716 2694 11,
2760 2682 2766 2690 ‚y

1562 2715 1603 2746 et
1631 2721 1736 2762 quas
1757 2709 2003 2759 Musagorus
2038 2719 2203 2746 numero
2220 2713 2319 2755 ems,
2354 2718 2434 2746 uno
2452 2712 2587 2745 tamen
2602 2703 2736 2747 vocab

1562 2767 1792 2825 appellant.
1809 2768 2030 2824 Pashleyus
2048 2765 2222 2808 indicari
2235 2773 2353 2822 putat
2369 2763 2470 2808 hod.
2483 2764 2739 2824 Elaphones‘

1565 2830 1635 2871 vix
1653 2830 1707 2873 3ο
1724 2829 1855 2873 stadia
1877 2844 1901 2872 a
1923 2830 2194 2885 Criumetopo
2215 2827 2441 2881 distantes·
2459 2826 2503 2870 id
2520 2827 2693 2871 suadere

1564 2890 1661 2934 dem
1693 2892 1818 2934 verba
1851 2891 1973 2935 Plinii
2003 2900 2191 2949 possent,
2222 2890 2488 2947 quantumvis
2506 2904 2607 2946 vaga
2627 2890 2737 2945 sint3

1564 2954 1743 2997 alienum
1768 2954 1846 2996 tale
1868 2953 1971 3011 quid
2002 2969 2026 2996 a
2053 2962 2204 2996 nostrae
2236 2954 2490 3010 periegescos
2526 2958 2568 2995 et
2605 2972 2613 2986 ·
2654 2971 2661 2986 ·
2702 2973 2706 2986 ι

1566 3016 1703 3059 verbis
1725 3016 1912 3068 disertis,
1945 3031 2037 3073 quae
2063 3016 2228 3058 nonnisi
2253 3014 2306 3057 ad
2331 3013 2576 3057 hodiernam
2662 3035 2670 3048 e

1565 3078 1658 3134 adj..
1660 3090 1798 3121 centes
1813 3079 1966 3121 insulas
1988 3078 2133 3121 referri
2148 3086 2337 3135 possunt,
2368 3085 2414 3118 ut
2435 3083 2545 3118 recte
2561 3074 2648 3131 iam
2665 3089 2685 3117 s
2724 3093 2744 3122 ι’,
2799 3096 2800 3099 “

1566 3143 1823 3183 Mannertus.
1848 3142 2031 3196 Sequens
2052 3141 2182 3182 insula
2202 3141 2328 3190 Mese,
2349 3150 2538 3194 quaenam
2551 3138 2621 3189 sit,
2637 3138 2672 3179 si
2697 3157 2701 3163 ·
2745 3166 2752 3174 ⁴.
2803 3135 2804 3138 '

1566 3203 1713 3259 peripli
1733 3218 1895 3259 premas
1910 3235 1921 3253 ,
1949 3204 2108 3253 nescim
2129 3204 2161 3243 si
2185 3202 2387 3243 distantiae
2409 3208 2549 3243 notam
2568 3213 2718 3256 parum
2806 3203 2807 3206 ’

1566 3272 1752 3305 curatam
1774 3278 1860 3306 esse
1882 3274 2022 3320 putes,
2054 3263 2107 3305 de
2133 3262 2232 3306 hod.
2267 3261 2453 3305 Pundico
2473 3263 2655 3318 cogitare
2688 3262 2745 3315 ti»

1565 3325 1676 3381 Myle
1698 3335 1835 3368 autem
1864 3328 1880 3380 (
1898 3326 2014 3379 Μόλη
2043 3326 2172 3369 codex
2190 3329 2222 3380 ),
2255 3339 2385 3381 quum
2407 3340 2432 3367 a
2449 3325 2578 3367 Trete
2600 3323 2655 3370 50
2806 3323 2808 3331 ⁴

1567 3386 1695 3439 absit,
1716 3387 1932 3431 relerenda
1949 3388 1999 3431 ad
2021 3388 2265 3430 hodiernam
2290 3386 2555 3441 Megalonesi,
2572 3388 2642 3430 cui
2693 3385 2728 3420 ·'

1568 3450 1700 3504 genda
1720 3453 1964 3501 Prasonest,·
1986 3465 2081 3493 nam
2104 3450 2207 3492 duas
2228 3449 2358 3506 Mylas
2378 3448 2501 3491 fuisse
2513 3447 2674 3492 docet·
2710 3426 2750 3468 3

1568 3512 1648 3555 1.1.
1676 3525 1686 3554 :
1725 3513 1842 3555 cinca
1873 3528 1961 3555 eam
2004 3514 2224 3570 (Cretam)
2247 3521 2343 3554 ante
2368 3511 2738 3570 Peloponnesum
2741 3553 2744 3554 ⁷

1572 3578 1728 3630 Corycoe
1750 3576 1827 3630 (h.
1847 3576 2038 3618 Grabusa
2061 3578 2095 3631 ),
2117 3574 2289 3617 totidem
2313 3573 2452 3630 Myloe.
2476 3574 2493 3630 ΙΙ
2511 3596 2569 3608 -
2598 3571 2751 3630 βλίθ

1571 3638 1657 3694 σα]
1672 3636 1774 3693 quid
1786 3637 1863 3680 sibi
1877 3638 1988 3690 velit,
2002 3636 2113 3680 haud
2125 3637 2352 3695 perspicio;
2365 3635 2656 3679 dica-enuere·-
2705 3657 2710 3669 ·
2734 3632 2742 3648 ³

1571 3703 1625 3742 rit
1636 3709 1803 3757 portum
1821 3701 1963 3743 insulae
1976 3714 2117 3743 versus
2132 3710 2270 3743 ortum
2283 3708 2480 3756 spectare.
2503 3700 2578 3755 11-
2596 3697 2705 3757 ἀγ

1575 3762 1721 3820 ἀγόραν
1745 3762 1891 3815 codex,
1913 3762 2071 3821 ἀγωρὰν
2093 3763 2250 3815 Iriart.;
2272 3762 2447 3805 mutavit
2466 3761 2639 3815 Gailius,
2673 3781 2679 3793 ·
2705 3783 2729 3814 2
2755 3808 2761 3811 Α

1575 3842 1627 3868 an
1647 3836 1773 3878 recte,
1794 3840 1924 3882 quum
1944 3824 2022 3868 sori
2045 3826 2202 3868 mentio
2221 3826 2264 3867 in
2288 3824 2462 3867 insulam
2481 3824 2601 3867 istam
2622 3823 2698 3877 vix¹
2717 3842 2721 3853 ·

1575 3889 1682 3940 drct,
1707 3904 1754 3931 ac
1776 3889 1950 3931 omnino
1964 3886 2167 3944 ejusmodi
2184 3888 2343 3930 notatio
2365 3887 2408 3929 in
2423 3885 2646 3929 stadiasmo
2693 3886 2721 3895 ’

1578 3953 1743 3994 nautico
1772 3966 1857 3994 non
1879 3960 2083 3994 occurrat.
2121 3952 2307 3993 Fortasse
2338 3957 2426 3991 erat
2452 3962 2462 3991 :
2485 3948 2557 3991 δπ.
2580 3947 2620 4005 β.
2648 3974 2651 3978 r
2720 3945 2721 3948 ’

1578 4017 1688 4072 (pro
1720 4029 1805 4070 quo
1827 4015 1979 4072 passim
2005 4012 2200 4058 scribitur
2232 4010 2434 4070 ἀγκύραιν)
2460 4009 2583 4067 [οὒκ]
2620 4008 2642 4052 1
2686 4008 2707 4063 ⁷.
