2808 4342
0 0 64 116 Ξ..

0 116 24 234 ξ,

0 232 13 260 Ξ

102 191 192 253 (ω)

102 296 250 359 ὅάρου,
281 293 537 354 Σούππαρα,
574 283 785 337 Καλλίενα
817 289 956 346 πόλις,
981 291 1051 336 ἐπὶ
1084 293 1164 336 τῶν
1189 294 1333 354 Σαρα-

100 364 224 424 γάνου
261 365 330 408 τοῦ
374 357 649 422 πρεσὸυτέρου
686 357 844 420 χρόνων
895 359 1091 422 ἐμπόριον
1140 360 1331 419 ἔνθεσμον

99 432 338 493 γενόμενον·
366 427 473 488 μετὰ
494 427 575 490 γὰρ
604 426 651 473 τὸ
685 433 913 489 κατασχεῖν
949 427 1078 484 αὐτὴν
1115 429 1331 485 Σανδᾶνην

100 498 282 554 ἐκωλύθη
314 497 381 543 ἐπὶ
408 496 535 553 πολὺ,
557 495 628 541 καὶ
654 494 733 557 γὰρ
766 493 819 540 τὰ
849 498 895 542 ἐκ
932 496 1063 558 τύχης
1088 499 1142 550 εἷς
1166 498 1332 549 τούτους

0 608 3 609 ⁷
58 589 78 618 ε,
101 568 190 620 τοὺς
210 566 357 618 τόπους
379 565 652 611 εἷσὸάλλοντα
673 567 799 610 πλοῖα
820 563 1049 621 Ἑλληνικὰ
1076 567 1180 625 μετὰ
1203 568 1332 629 φυλα-

103 640 177 692 κῆς
198 637 251 686 εἷς
273 634 498 696 Βαρύγαζα
519 633 744 695 εἰσάγεται,

160 721 219 753 53.
257 703 378 751 Μετὰ
398 703 440 750 δὲ
468 702 700 750 Καλλίεναν
725 702 833 748 ἄλλα
860 703 1037 766 ἐμπόρια
1068 704 1221 751 τοπικὰ
1247 703 1333 761 Σή-

100 775 236 831 μυλλα
258 772 329 819 καὶ
350 771 606 835 Μανδαγόρα
629 771 700 817 καὶ
721 772 1031 832 Παλαιπάτμαι
1051 772 1123 818 καὶ
1147 774 1334 828 Μελιζει-

920 188 1211 236 PEBIPLUS
1248 187 1439 236 MARIS
1473 190 1824 236 ERYTHRAEI.

2541 212 2628 252 291>

1398 307 1498 354 post
1517 302 1731 354 Barygaza
1742 300 1819 340 sita
1833 298 1914 340 hoc
1925 312 1968 340 se
1983 299 2371 354 excipiuntordine:
2392 306 2629 366 (Acabaru)

1404 366 1615 423 Suppara,
1650 366 1830 408 Galliena
1852 365 1953 407 urbs
1982 379 2075 420 quae
2099 367 2310 422 Saraganae
2335 373 2505 414 senioris
2534 384 2633 417 tem-

1402 433 1575 486 poribus
1593 434 1827 489 emporium
1846 432 1925 474 fuit
1945 432 2192 487 legitimum,
2214 436 2285 476 sed
2304 446 2519 493 postquam
2538 444 2635 486 San-

1403 498 1530 541 danes
1561 514 1650 542 eam
1671 501 1853 542 obtinuit
1867 531 1878 551 ,
1899 514 2147 556 magnopere
2176 505 2398 559 praepedita
2420 516 2504 558 est3
2540 525 2633 552 nam

1403 568 1437 608 si
1457 568 1519 609 vel
1538 568 1644 610 forte
1665 568 1833 610 fortuna
1854 569 1898 610 in
1919 569 2008 610 haec
2025 569 2115 611 loca
2147 586 2269 613 naves
2299 575 2542 618 Graeeanicae
2569 594 2637 634 ap-

1403 635 1576 690 pellunt,
1599 650 1695 677 cum
1721 635 1908 677 custodia
1924 638 2125 693 Barygaza
2144 638 2424 683 deducuntur.

1461 705 1529 746 53.
1554 707 1651 747 Post
1680 705 1900 747 Gallienam
1934 706 2011 748 alia
2040 718 2269 763 sequuntur
2287 711 2472 754 locorum
2499 729 2637 770 empo-

1402 774 1466 816 ria
1498 787 1507 815 z
1539 773 1739 830 Semylla,
1775 775 2053 830 Mandagora,
2078 778 2353 835 Palaepatmae,
2382 783 2633 837 Melizigara,

97 959 343 1013 relinquitur
370 956 575 1012 Ἄκαὸάρου
599 956 766 998 aliunde
797 956 990 1011 explicari
1013 957 1171 1011 nequit.
1203 956 1337 998 Ptole-

95 1035 222 1061 maeus
239 1021 297 1061 ita
314 1019 439 1061 habet
456 1021 554 1070 VII,
580 1033 617 1069 1,
638 1019 659 1060 5
681 1032 691 1060 ε

208 1123 243 1165 N
246 1124 395 1179 αμάδου
415 1138 503 1164 ποτ.
531 1122 690 1164 ἐκῦολαὶ

209 1186 363 1240 Νουσαρ
370 1186 434 1227 ίπα

210 1247 462 1289 Πουλιποῦλα

797 1124 895 1163 1120
934 1139 950 1160 »
990 1127 1134 1177 -—17⁰
1156 1122 1225 1171 45¹

796 1187 893 1225 1120
912 1183 1049 1226 30’--
1067 1187 1136 1225 160
1158 1185 1225 1227 30’

792 1248 890 1287 1120
910 1245 1044 1288 30¹-
1063 1248 1132 1287 160

467 1334 696 1389 Ἀριακῆς
721 1334 970 1375 Σαδινῶν·

213 1424 392 1478 Σουπάρα
444 1440 450 1445 ·
802 1426 900 1464 1120
919 1422 1054 1465 30¹—-
1074 1422 1143 1463 15⁰
1162 1423 1228 1465 30¹

212 1486 371 1540 Γοάριος
393 1487 569 1539 ποταμοῦ
596 1484 753 1525 ἒκὸολαί
804 1487 901 1525 1120
922 1485 1055 1526 15'—-
1074 1487 1142 1526 15⁰
1165 1485 1230 1527 10'

98 1581 147 1619 In
184 1591 333 1633 mappa
364 1577 667 1631 Berghausiana
699 1578 807 1616 inter
831 1579 1057 1618 Bas-outsch
1088 1587 1129 1618 et
1157 1582 1324 1627 Surate,

98 1640 259 1694 longius
276 1648 416 1680 tamen
435 1639 487 1680 ab
503 1653 576 1679 ora
597 1646 782 1679 remotus
804 1647 972 1679 notatur
1000 1639 1114 1679 locus
1136 1639 1338 1680 Caddera-

101 1717 210 1743 man.
234 1703 333 1743 Haec
350 1702 491 1743 omnia
526 1716 550 1742 a
580 1709 723 1741 nostro
748 1699 962 1756 Ἀκαδάρου
988 1702 1158 1741 nomine
1191 1702 1335 1743 aliena.

102 1766 197 1805 Non
218 1764 297 1805 loci
312 1795 323 1815 ,
349 1763 420 1804 sed
442 1764 547 1817 regis
578 1777 732 1803 nomen
754 1762 919 1803 subesse
941 1771 1060 1818 putat
1091 1763 1337 1805 Schwanbe-

105 1825 243 1875 ckius',
264 1833 312 1865 ut
331 1837 454 1879 supra
476 1824 639 1864 monui.
663 1825 751 1877 Ego
781 1824 1058 1879 corruptelam
1087 1824 1252 1865 subesse
1272 1840 1339 1866 su-

103 1887 254 1941 spicor.
281 1887 398 1927 Verti
430 1885 545 1940 quasi
567 1885 611 1925 in
634 1885 774 1939 graecis
802 1894 907 1926 esset
927 1899 936 1926 :
957 1885 1096 1926 τοπικόι
1115 1886 1155 1927 δὲ
1178 1886 1340 1942 ἐμπόρια

104 1948 202 1989 κατὰ
223 1947 268 1989 τὸ
288 1946 369 2000 ἑξῆς
392 1948 547 2002 κείμενα
572 1945 646 1988 ἀπὸ
673 1947 944 2003 Βαρυ[γάζων]
967 1948 1189 2003 Σούππαρα.
1220 1950 1339 1990 Certe

104 2019 198 2065 post
222 2025 268 2051 ea
300 2024 391 2065 quae
423 2008 672 2050 antecedunt
702 2009 816 2050 haud
849 2010 920 2050 abs
942 2025 987 2050 re
1021 2010 1100 2051 suit
1131 2013 1338 2053 monuisse

104 2081 340 2123 auctorem,
359 2071 447 2127 jam
479 2071 532 2112 ad
555 2075 769 2126 Barygaza
801 2086 843 2112 se
869 2072 1021 2125 redire,
1053 2082 1098 2113 ut
1132 2088 1222 2127 quae
1245 2075 1340 2115 hinc

101 2134 292 2191 deinceps
301 2143 433 2175 essent
448 2149 530 2175 orae
545 2136 730 2189 emporia
737 2144 980 2176 recenseret.
996 2137 1121 2188 Quod
1133 2137 1339 2191 Σούππαρα

98 2198 258 2247 attinet,
289 2196 441 2251 duplex
473 2213 500 2237 π
531 2197 575 2236 in
606 2197 827 2237 Ptolemaeo
864 2198 1019 2251 praebet
1052 2199 1174 2238 etiam
1208 2199 1338 2239 codex

99 2260 388 2309 coislinianus,
405 2259 478 2299 uhi
506 2272 514 2299 :
540 2258 754 2314 Σούππερα.
773 2259 899 2313 Apud
914 2258 1125 2299 Edrisium
1143 2262 1179 2310 I,
1197 2274 1240 2314 p.
1260 2274 1333 2314 171

98 2335 253 2361 nomen
269 2321 461 2361 scribitur
478 2324 690 2375 Soupara;
710 2320 836 2374 idque
850 2329 1028 2375 praestat,
1047 2321 1253 2375 siquidem
1267 2325 1337 2362 In-

49 2398 52 2403 ·
101 2383 243 2424 dicum
271 2398 426 2424 nomen
450 2383 574 2423 fuisse
603 2382 766 2423 videtur
795 2382 983 2439 sle-para,
1019 2384 1047 2424 i.
1083 2398 1120 2423 e.
1145 2384 1337 2438 pulcrum

99 2445 209 2496 litus,
231 2453 426 2486 monente
439 2444 620 2500 Benfeyo
635 2445 663 2485 1.
682 2445 710 2486 l.
728 2460 771 2500 p.
794 2447 863 2496 28,
881 2446 953 2500 qui
965 2446 1131 2500 proprie
1149 2460 1234 2486 non
1253 2455 1338 2488 tam

100 2508 246 2548 urbem
280 2521 403 2561 quam
437 2507 648 2559 regionem
680 2507 738 2546 sic
769 2506 923 2547 dictam
956 2521 1063 2556 esse,
1096 2515 1218 2561 atque
1241 2507 1338 2549 hinc

103 2567 288 2608 derivare
332 2575 470 2607 censet
517 2567 674 2608 celebre
731 2567 842 2608 istud
886 2568 1159 2608 Hebraeorum
1209 2570 1341 2624 Ophir

107 2628 269 2683 (πη-3ης
291 2631 329 2681 ),
366 2628 521 2683 Σουιρίρ,
559 2627 733 2683 Σουιρείρ,
768 2629 910 2683 Σωφίρ,
953 2629 1114 2683 Σωφείρ,
1150 2630 1336 2685 Σωφαρά,

103 2689 268 2743 Σωφηρά
292 2691 333 2729 in
357 2691 475 2730 LXX
493 2689 585 2730 coll.
610 2690 778 2744 Joseph.
806 2692 930 2741 VIII,
964 2695 1004 2741 6,
1023 2694 1064 2738 4.
1088 2690 1247 2731 Eodem
1280 2691 1338 2732 fa-

99 2766 190 2793 cere
216 2750 330 2806 quod
362 2751 488 2806 Σωφίρ
513 2753 731 2806 Coptieum
765 2753 816 2792 sit
833 2752 963 2793 Indiae
983 2767 1150 2793 nomen.
1182 2756 1244 2794 De
1266 2754 1339 2795 ho-

101 2813 247 2853 dierno
277 2814 420 2854 Surate
443 2815 459 2867 (
480 2813 593 2868 quod
616 2815 784 2855 Cosmas
802 2814 966 2870 Indopl.
998 2829 1041 2870 p.
1065 2816 1144 2869 337
1173 2814 1338 2870 Ὀρροθὰ

98 2890 244 2916 vocare
267 2875 462 2930 videtur)
487 2877 530 2916 in
553 2877 719 2931 reglone
739 2878 1014 2918 amoenissima
1036 2877 1238 2932 fertilique
1261 2880 1338 2920 sito

98 2953 145 2979 ac
167 2939 376 2994 praeeipuo
391 2954 504 2980 nunc
518 2941 706 2995 emporio
724 2955 762 2981 v.
785 2941 933 2981 Ritter.
955 2942 1011 2991 V,
1032 2955 1076 2995 p.
1103 2945 1198 2982 666.
1217 2943 1334 2993 XIV,

81 3001 195 3051 384,
218 3009 263 3041 ut
274 3002 434 3042 mittam
448 3002 561 3043 alios.
580 3003 872 3045 Praeterlabens
891 3003 1037 3044 urbem
1056 3005 1187 3044 amnis
1212 3006 1339 3061 Tapti

99 3064 116 3116 (
132 3078 285 3104 sanscr.
326 3064 513 3120 Tapari)
552 3065 620 3105 vix
653 3064 839 3105 diversus
883 3065 934 3106 ab
967 3080 1016 3106 eo
1046 3080 1168 3120 quem
1199 3066 1337 3121 Γόαριν

101 3124 299 3180 (ΤόαρινΡ)
319 3126 559 3166 Ptolemaeus
583 3123 803 3181 vocat.ll—
823 3141 859 3167 1.
882 3127 1016 3167 Καλλ
1030 3128 1040 3167 ί
1053 3143 1068 3167 ε
1082 3129 1160 3182 να]
1179 3129 1336 3170 Memo-

100 3195 162 3227 rat
180 3188 326 3228 urbem
347 3189 514 3229 Cosmas
537 3189 632 3230 Ind.
657 3204 699 3244 p.
731 3190 810 3243 337
849 3203 895 3230 z..
918 3193 966 3246 τῇ
1001 3189 1221 3244 Καλλιάνᾳ,
1246 3189 1337 3231 ἔνθα

103 3246 124 3286 ὁ
140 3248 286 3300 χαλκὸς
301 3249 448 3303 γίνεται
470 3250 535 3290 καὶ
555 3252 748 3305 σησάμινα
770 3250 864 3298 ξύλα
886 3251 952 3292 καὶ
972 3252 1082 3306 ἔτερα
1103 3252 1168 3292 καὶ
1186 3251 1333 3307 ἱμάτια·

103 3307 185 3349 ’ἐστι
210 3309 284 3364 γὰρ
307 3311 372 3350 καὶ
393 3310 486 3362 αὖτὴ
509 3313 607 3366 μέγα
634 3311 832 3368 ἐμπόριον.
851 3314 1013 3355 Sanscr.
1033 3314 1133 3368 ling.
1151 3315 1339 3369 Kalydna

103 3371 120 3422 (
137 3370 245 3420 felix,
268 3371 432 3428 beata),
470 3373 594 3413 hodie
630 3374 827 3424 Gallioni,
856 3390 942 3415 non
974 3375 1093 3429 longe
1115 3391 1139 3416 a
1162 3377 1341 3430 Bombay

104 3432 205 3471 urbe
220 3432 386 3474 distans.
400 3434 606 3475 Sandanes
621 3450 706 3475 non
724 3450 795 3476 rex
816 3437 887 3476 sed
899 3438 1034 3490 regius
1046 3437 1260 3492 praefectus
1275 3438 1336 3478 vel

103 3493 286 3547 pendens
329 3509 378 3534 ex
418 3510 511 3550 rege
553 3498 744 3552 princeps
788 3497 925 3548 fuerit,
968 3507 1015 3539 ut
1048 3499 1144 3540 inde
1179 3500 1332 3555 colligis

104 3555 216 3609 quod
253 3555 458 3597 Sandanes
499 3571 645 3611 graecas
683 3573 805 3599 naves
837 3560 1058 3600 Gallienam
1089 3562 1333 3616 appellentes

104 3631 197 3657 cum
214 3615 398 3657 custodia
411 3619 613 3673 Barygaza
628 3619 814 3670 deduxit,
835 3620 948 3675 quod
966 3622 1135 3661 unicum
1153 3637 1238 3663 esse
1253 3637 1334 3664 em-

104 3680 269 3733 porium
295 3679 459 3733 νόμιμον
479 3694 550 3720 rex
570 3680 744 3722 voluisse
767 3681 945 3723 videtur.
977 3682 1136 3734 Quodsi
1157 3684 1333 3727 Galliena

104 3749 143 3780 et
167 3742 368 3795 Barygaza
383 3740 435 3780 ad
456 3740 566 3782 idem
587 3744 875 3796 pertinuerunt
888 3757 1077 3798 regnum,
1095 3745 1192 3786 hinc
1210 3747 1332 3787 etiam

105 3802 296 3856 explicari
318 3810 451 3857 potest
472 3816 546 3843 cur
567 3818 652 3843 non
672 3803 895 3858 distinguat
922 3813 1065 3846 auctor
1085 3807 1192 3848 inter
1214 3810 1329 3849 Lari-

106 3879 178 3904 cen
198 3873 238 3905 et
258 3865 444 3915 Ariacen,
465 3865 585 3905 sicuti
604 3865 698 3906 fecit
716 3866 970 3908 Ptolemaeus.
990 3868 1179 3922 Saragani
1194 3878 1329 3910 autem

105 3935 290 3981 tempore
313 3926 499 3967 Callienae
521 3928 728 3980 regionem
759 3936 799 3968 et
826 3930 1124 3983 Barygazorum
1165 3946 1248 3971 non
1278 3932 1330 3972 ad

107 3988 215 4028 idem
238 4002 408 4043 regnum
429 3990 671 4044 pertinuisse
684 3990 997 4046 licetsuspicari.
1017 3992 1208 4033 Ceterum
1228 3996 1331 4034 Ben-

1402 955 1519 1011 feyus
1538 971 1581 1015 p.
1607 970 1661 1010 92
1694 965 1831 998 censet
1850 971 2003 998 nomen
2021 959 2193 1013 Saganes
2210 976 2294 1002 non
2314 977 2398 1004 esse
2419 967 2634 1020 proprium

1402 1020 1599 1074 principis
1615 1034 1767 1060 nomen
1782 1051 1793 1070 ,
1811 1020 1882 1061 sed
1898 1021 2010 1075 quod
2021 1036 2045 1063 a
2058 1024 2223 1077 regione
2238 1025 2300 1066 vel
2316 1026 2417 1068 urbe
2429 1029 2635 1083 principes

1402 1095 1519 1122 more
1544 1081 1692 1122 Indico
1723 1084 2039 1137 assumpserint3
2074 1085 2198 1140 idque
2231 1088 2441 1142 probabile
2465 1090 2551 1131 fieri
2583 1106 2632 1132 eo

1402 1143 1516 1197 quod
1555 1143 1798 1185 Ptolemaeus
1833 1153 1964 1185 totum
2002 1148 2107 1188 hune
2135 1157 2310 1191 tractum
2345 1165 2367 1191 a
2399 1152 2552 1207 Supara
2583 1155 2635 1195 ad

1400 1207 1633 1261 Baiipatnas
1654 1207 1826 1262 appellet
1850 1206 2020 1262 Ἀριακὴν
2050 1210 2139 1250 Σαδ
2155 1217 2286 1263 ινῶν,
2311 1227 2334 1254 3
2362 1228 2446 1268 quo
2465 1217 2633 1256 nomine

1408 1283 1495 1309 non
1532 1268 1742 1310 diversum
1790 1270 1842 1311 sit
1874 1271 2069 1325 Σανδάνης
2113 1274 2279 1329 Peripli.
2306 1299 2361 1307 —-
2392 1277 2632 1319 Ptolemaeus

1406 1331 1594 1373 Callienae
1616 1332 1732 1372 urbis
1753 1346 1838 1373 non
1868 1335 2082 1385 meminit;
2107 1336 2232 1377 alium
2255 1351 2353 1378 vero
2374 1338 2510 1380 locum
2526 1371 2537 1390 ,
2562 1343 2632 1395 qui

1402 1393 1514 1448 apud
1535 1395 1734 1434 Nostrum
1757 1394 2030 1448 desideratur,
2061 1397 2185 1439 habet
2216 1412 2225 1440 :
2258 1399 2413 1455 Δοῦγγα
2431 1400 2483 1441 3(1
2508 1402 2635 1453 Βήνδα

1401 1457 1578 1509 ποταμοῦ
1607 1455 1710 1495 ostia
1746 1455 1759 1510 (
1781 1458 1879 1496 111⁰
1902 1456 1970 1500 30¹
1986 1482 2044 1490 --
2066 1458 2195 1514 150),
2234 1475 2257 1501 3
2280 1475 2364 1516 quo
2401 1476 2487 1503 non
2519 1462 2636 1517 longe

1403 1515 1527 1556 distat
1560 1516 1738 1571 Σίμυλλα
1761 1515 1942 1573 ἐμπόριον
1976 1519 2040 1559 καὶ
2063 1520 2160 1576 ἄκρα
2183 1523 2199 1575 (
2220 1525 2318 1562 1110
2334 1547 2390 1557 —·
2422 1526 2493 1573 140
2515 1525 2633 1579 45’),

1408 1590 1444 1616 1.
1467 1577 1610 1625 πόλις
1626 1576 1730 1633 ἐπὶ]
1757 1579 1866 1627 πόλις
1888 1579 1912 1631 ἣ
1938 1579 1998 1622 ἐπὶ
2020 1581 2133 1633 0οἀ.;
2157 1597 2238 1624 0111.
2271 1586 2497 1626 Fabricius.
2529 1587 2635 1628 Illud

1402 1647 1462 1678 est
1484 1639 1733 1681 hodiernum
1755 1644 1954 1694 Dougaur
1983 1643 1997 1699 (
2017 1646 2087 1698 19⁰
2111 1644 2176 1687 20'
2197 1646 2266 1686 lat.
2283 1649 2315 1700 ).
2342 1648 2357 1701 ΙΙ
2383 1672 2440 1681 —·
2457 1649 2498 1689 3.
2521 1650 2635 1704 μετὰ

1404 1700 1524 1756 γὰρ]
1548 1702 1685 1742 malim
1708 1703 1802 1757 μετὰ
1818 1705 1871 1744 δέ.
1900 1705 1917 1758 ΙΙ
1942 1729 1998 1736 -
2017 1707 2056 1746 3.
2083 1711 2367 1762 κατασχεῖν
2392 1709 2513 1762 αὐτὴ
2529 1726 2547 1752 ν
2573 1713 2636 1753 vel

1402 1761 1453 1801 αὖ
1466 1763 1546 1817 τὸ]
1573 1779 1609 1804 κ.
1634 1763 1747 1804 αὐτὸν
1769 1765 1882 1816 cod.;
1901 1781 1984 1807 em.
2003 1768 2120 1810 editt.

1459 1827 1570 1877 553,
1603 1825 1632 1865 1.
1669 1840 1710 1879 7.
1744 1827 2015 1884 Σήμυλλα]
2042 1831 2219 1885 Σίμυλλα
2255 1834 2380 1874 Ptol..
2411 1835 2519 1876 Situs
2551 1836 2630 1878 loci

1402 1886 1599 1928 incertus.
1625 1887 1781 1928 Collato
1797 1890 2018 1931 Ptolemaeo
2040 1892 2241 1947 oppidum
2263 1907 2392 1948 ponas
2413 1894 2466 1935 ad
2492 1897 2635 1938 introi·

1403 1956 1491 1989 tum
1520 1950 1633 1990 sinus
1650 1949 1862 1992 hodiernae
1890 1953 2088 2008 Bombay,
2121 1954 2194 1995 ubi
2209 1969 2321 1996 nune
2344 1958 2557 1999 Maundvi
2575 1960 2636 2000 vel

1408 2011 1588 2051 Tschall.
1616 2012 1712 2065 11-—
1734 2015 1774 2054 8.
1808 2013 2114 2070 Μανδαγόρα
2141 2017 2223 2056 καὶ
2245 2018 2578 2076 Παλαιπάτμα.
2593 2024 2633 2076 ι]

1402 2072 1527 2126 Apud
1554 2073 1822 2115 Ptolemaeum
1857 2086 2087 2131 sequuntur
2116 2078 2344 2135 Ἱππόκουρα
2382 2083 2487 2135 (140
2525 2097 2575 2124 10
2592 2083 2634 2139 );

1402 2134 1648 2175 Βαλτιπάτνα
1675 2137 1692 2189 (
1714 2139 1784 2185 140
1804 2136 1871 2178 20’
1888 2140 1928 2191 );
1947 2139 2144 2180 hactenus
2166 2143 2312 2184 Ariace
2330 2145 2468 2197 regio;
2490 2144 2637 2186 deinde

1401 2195 1443 2234 in
1467 2210 1539 2236 ora
1557 2196 1703 2251 ἀνδρῶν
1723 2203 1909 2253 πειρατῶν
1933 2213 1942 2240 :
1961 2201 2203 2257 Μανδάγαρα
2231 2203 2246 2259 (
2262 2206 2331 2253 140
2347 2204 2360 2259 )
2377 2235 2388 2254 ‚
2410 2206 2635 2253 Βυζάντειον

1404 2254 1501 2311 (140
1524 2257 1592 2298 25’
1606 2259 1638 2315 ),
1663 2259 1901 2313 Χερσόνησος
1921 2261 2022 2313 (140
2035 2261 2142 2315 30’),
2169 2262 2416 2319 Ἅρμάγαρα(
2435 2269 2505 2315 140
2524 2268 2632 2324 20’),

1401 2318 1634 2374 Ναναγούνα
1655 2325 1829 2376 ποταμοῦ
1851 2321 2009 2363 ἐκὸολαί
2032 2323 2045 2379 (
2068 2326 2136 2364 130
2169 2325 2235 2366 50'
2250 2329 2282 2379 ),
2309 2326 2430 2381 Νίτρα
2452 2327 2632 2383 ἐμπόριον

1403 2377 1507 2433 (140
1537 2382 1650 2436 25’).
1683 2383 1843 2424 Deinde
1872 2385 2058 2438 sequitur
2088 2387 2314 2440 Limyrice,
2350 2387 2465 2442 cujus
2501 2391 2632 2444 prima

1400 2442 1499 2483 urbs
1517 2444 1650 2492 Τύνδις
1675 2445 1689 2501 (
1711 2447 1781 2494 140
1802 2444 1913 2501 30’).
1934 2470 1990 2476 -
2007 2448 2071 2486 Ex
2099 2447 2162 2487 his
2184 2447 2433 2503 Mandagara
2451 2459 2491 2491 et
2507 2452 2632 2493 Balti·

1400 2512 1547 2557 patna,
1569 2520 1660 2560 quae
1681 2507 1844 2547 inverso
1874 2506 2020 2548 ordine
2042 2517 2329 2560 recensentur,
2362 2511 2443 2551 situ
2464 2527 2632 2568 respon-

1400 2564 1536 2606 derint
1556 2566 1641 2610 fere
1653 2567 1863 2608 hodiernis
1879 2568 2052 2608 urbibus
2077 2569 2292 2626 Radjapur
2307 2579 2347 2611 et
2361 2575 2554 2614 Bancute.
2572 2577 2633 2616 Ita

1401 2628 1512 2667 enim
1539 2637 1586 2668 ut
1606 2628 1871 2683 conjiciamus
1894 2630 2002 2683 cogit
2024 2632 2146 2670 series
2168 2633 2385 2673 nominum
2408 2635 2517 2689 apud
2539 2639 2633 2677 Pto-

1401 2687 1588 2729 lemaeum
1604 2698 1644 2730 et
1666 2692 1933 2744 Anonymum
1956 2699 2159 2732 nostrum.
2180 2695 2280 2733 Jure
2296 2695 2444 2735 merito
2458 2697 2634 2737 Vincen-

1400 2759 1465 2790 tus
1481 2751 1620 2805 rejecit
1636 2751 1846 2792 d’Anvillii
1864 2760 1903 2792 et
1926 2754 2006 2792 Fra
2024 2754 2181 2794 Paolini
2197 2756 2375 2796 rationes
2389 2787 2400 2806 ,
2422 2758 2492 2811 qui
2512 2773 2632 2799 sono-

1400 2827 1494 2853 rum
1513 2813 1780 2854 similitudine
1795 2813 1909 2854 ducti
1925 2815 2140 2870 Semyllam
2154 2847 2165 2866 ,
2187 2817 2503 2871 Mandragoram
2520 2851 2530 2869 ,
2557 2823 2631 2861 Pa-

1401 2875 1604 2931 laepatmas
1627 2884 1668 2916 et
1691 2877 1933 2931 Byzantium
1955 2878 1998 2916 in
2018 2877 2113 2918 alias
2134 2892 2302 2933 prorsus
2331 2881 2514 2933 regiones
2529 2913 2539 2931 ‚
2569 2882 2632 2923 ille

1401 2939 1444 2983 in
1465 2941 1685 2988 Guzerate‚
1712 2939 1781 2979 hic
1800 2953 1897 2980 vero
1919 2940 1963 2979 in
1985 2940 2182 2980 Malabar
2204 2942 2509 2983 transtulerunt.
2537 2944 2632 2984 Abs-

1401 2993 1617 3041 tinendum
1640 3002 1776 3056 potius
1799 3001 1850 3041 ab
1874 3001 2181 3056 interpretando
2204 3017 2327 3056 quam
2349 3003 2399 3043 ad
2431 3003 2630 3056 ejusmodi

1402 3062 1581 3103 ludibria
1603 3062 1941 3116 confugiendum.
1964 3064 2154 3104 Ceterum
2180 3065 2327 3104 Noster
2351 3065 2528 3105 eundem
2548 3066 2630 3107 sere

1402 3139 1527 3179 quem
1560 3125 1803 3166 Ptolemaeus
1847 3134 2021 3164 tractum
2052 3126 2194 3179 piratis
2227 3126 2500 3178 assignaverit,
2538 3141 2626 3167 eam

1401 3187 1551 3227 scilicet
1580 3201 1661 3227 orae
1685 3195 1858 3241 partein,
1877 3200 1966 3240 quae
1999 3187 2104 3226 inter
2132 3187 2310 3239 Bombay
2330 3195 2370 3226 et
2397 3190 2483 3226 Goa
2503 3188 2626 3228 inter-

1395 3247 1504 3303 jecta
1524 3264 1599 3304 per
1622 3263 1744 3290 omne
1760 3262 1908 3298 aevum,
1922 3247 2090 3301 juvante
2109 3248 2293 3288 locorum
2310 3256 2468 3298 natura,
2487 3250 2626 3303 piratis

1400 3311 1668 3352 infestabatur
1686 3325 1815 3364 usque
1831 3310 1882 3350 ad
1909 3324 1976 3350 an.
2011 3310 2129 3363 1765,
2152 3324 2234 3363 quo
2252 3310 2488 3350 Brittanniae
2503 3312 2625 3352 armis

1402 3363 1586 3414 debellati
1606 3380 1701 3412 sunt
1719 3371 1802 3426 (V.
1821 3372 1999 3410 Vincent
2013 3372 2068 3419 ΙΙ,
2084 3384 2126 3425 p.
2141 3371 2236 3418 438.
2255 3371 2385 3410 Ritter
2400 3373 2452 3420 V,
2471 3386 2512 3425 p.
2529 3375 2622 3426 667.

1404 3435 1531 3489 515).
1565 3436 1580 3487 Η
1604 3458 1658 3464 —-
1678 3436 1718 3474 8.
1748 3432 1848 3472 Μελ
1863 3432 2086 3486 ιζειγάρα
2104 3433 2118 3486 ]
2139 3433 2227 3472 Hoc
2246 3434 2477 3487 emporium
2496 3433 2626 3475 Ptole-

1404 3512 1507 3538 maeo
1529 3498 1625 3546 VII,
1653 3509 1669 3535 1
1701 3497 1722 3547 §
1744 3494 1795 3548 95
1820 3501 1879 3534 est
1907 3493 2164 3549 Μελιζήγυρις
2189 3493 2464 3550 (Μελιζίγυρις
2498 3509 2536 3535 v.
2562 3495 2622 3551 l.)

1404 3563 1516 3612 νῆσος
1532 3561 1548 3612 (
1569 3560 1637 3598 120
1652 3559 1684 3611 ),
1706 3571 1828 3611 quam
1844 3570 1937 3596 cum
1954 3556 2039 3596 aliis
2058 3556 2199 3597 insulis
2212 3588 2223 3606 ,
2244 3565 2290 3597 ut
2305 3557 2419 3607 solet,
2442 3558 2481 3596 in
2499 3557 2623 3597 altum

1404 3637 1515 3662 mare
1535 3620 1665 3675 ejecit.
1691 3619 1916 3673 Saepissime
1942 3619 2181 3674 geographis
2210 3619 2360 3659 insulas
2385 3621 2518 3659 vocari
2540 3620 2623 3659 loca

1403 3685 1444 3724 in
1462 3681 1712 3723 chersonesis
1732 3680 1791 3720 vel
1807 3681 2100 3734 promontoriis
2114 3681 2189 3722 sita
2205 3690 2361 3722 constat
2380 3681 2448 3735 (V.
2472 3689 2557 3720 not.
2572 3680 2621 3720 ad

1403 3749 1567 3801 Scymn.
1593 3758 1631 3783 v.
1659 3742 1736 3783 335
1754 3742 1914 3795 ).·Idem
1931 3744 2053 3784 etiam
2075 3744 2119 3784 h.
2141 3743 2168 3784 l.
2191 3743 2465 3784 statuendum.
2485 3743 2624 3782 Proxi-

1404 3823 1468 3848 me
1510 3809 1549 3846 in
1579 3821 1650 3846 ora
1684 3807 1806 3860 inque
1837 3806 2080 3846 chersoneso
2108 3806 2182 3846 sita
2214 3805 2391 3845 occurrit
2418 3802 2624 3856 Djaighur

1402 3872 1417 3922 (
1433 3869 1518 3909 aliis
1546 3867 1733 3918 Juighur,
1756 3871 1907 3919 Zygar,
1933 3867 2254 3920 Siddee-zjglmr.
2276 3867 2329 3905 V.
2350 3864 2542 3903 Vincent.
2563 3865 2618 3912 11,

1402 3946 1442 3986 p.
1463 3931 1542 3978 430
1558 3931 1573 3982 >
1591 3961 1600 3978 ,
1620 3943 1743 3982 quam
1760 3944 1844 3969 esse
1862 3938 2041 3969 nostram
2058 3928 2316 3980 Μελιζείγαρα
2335 3939 2428 3965 011111
2443 3925 2620 3965 Vincen-

1404 3995 1459 4034 tio
1491 4006 1570 4031 11011
1599 3989 1846 4031 dubitamus.
1873 3990 1989 4031 Idem
2020 3991 2131 4030 loeus
2161 3989 2320 4040 Sigerus
2350 3994 2518 4027 vocatur
2551 4001 2617 4041 ap.
