<?xml version="1.0" encoding="UTF-8"?>
<!DOCTYPE html PUBLIC "-//W3C//DTD XHTML 1.0 Transitional//EN"
    "http://www.w3.org/TR/xhtml1/DTD/xhtml1-transitional.dtd">
<html xmlns="http://www.w3.org/1999/xhtml" xml:lang="en" lang="en">
 <head>
  <title>
</title>
<meta http-equiv="Content-Type" content="text/html;charset=utf-8" />
  <meta name='ocr-system' content='tesseract 3.04.00' />
  <meta name='ocr-capabilities' content='ocr_page ocr_carea ocr_par ocr_line ocrx_word'/>
</head>
<body>
  <div class='ocr_page' id='page_1' title='image "./geographigraeci00mueluoft_0045.png"; bbox 0 0 2756 4354; ppageno 0'>
   <div class='ocr_carea' id='block_1_1' title="bbox 943 162 1830 220">
    <p class='ocr_par' dir='ltr' id='par_1_1' title="bbox 943 162 1830 220">
     <span class='ocr_line' id='line_1_1' title="bbox 943 162 1830 220; baseline 0.016 -14"><span class='ocrx_word' id='word_1_1' title='bbox 943 162 1334 210; x_wconf 76' lang='lat' dir='ltr'>DE,SCYLACE</span> <span class='ocrx_word' id='word_1_2' title='bbox 1369 164 1830 220; x_wconf 85' lang='lat' dir='ltr'><strong>CARYANDENSE.</strong></span> 
     </span>
    </p>
   </div>
   <div class='ocr_carea' id='block_1_2' title="bbox 79 261 1352 844">
    <p class='ocr_par' dir='ltr' id='par_1_2' title="bbox 79 261 1352 844">
     <span class='ocr_line' id='line_1_2' title="bbox 120 261 1352 325; baseline 0.001 -16"><span class='ocrx_word' id='word_1_3' title='bbox 120 266 266 310; x_wconf 88' lang='lat' dir='ltr'><strong>limite</strong></span> <span class='ocrx_word' id='word_1_4' title='bbox 285 261 629 325; x_wconf 81' lang='lat' dir='ltr'><strong>septentrionali</strong></span> <span class='ocrx_word' id='word_1_5' title='bbox 659 276 918 317; x_wconf 79' lang='lat' dir='ltr'><strong>recensenS,</strong></span> <span class='ocrx_word' id='word_1_6' title='bbox 942 263 998 307; x_wconf 91' lang='lat' dir='ltr'><strong>de</strong></span> <span class='ocrx_word' id='word_1_7' title='bbox 1037 264 1224 323; x_wconf 84' lang='lat' dir='ltr'>Scylace</span> <span class='ocrx_word' id='word_1_8' title='bbox 1252 266 1316 309; x_wconf 92' lang='lat' dir='ltr'><strong>ait</strong></span> <span class='ocrx_word' id='word_1_9' title='bbox 1341 282 1352 311; x_wconf 75' lang='grc' dir='ltr'><strong><em>ε</em></strong></span> 
     </span>
     <span class='ocr_line' id='line_1_3' title="bbox 123 334 1351 400; baseline -0.001 -14"><span class='ocrx_word' id='word_1_10' title='bbox 123 339 290 393; x_wconf 86' lang='grc' dir='ltr'>Σκύλαξ</span> <span class='ocrx_word' id='word_1_11' title='bbox 308 338 350 383; x_wconf 87' lang='grc' dir='ltr'><strong>δὲ</strong></span> <span class='ocrx_word' id='word_1_12' title='bbox 365 341 386 382; x_wconf 84' lang='grc' dir='ltr'><strong>ὁ</strong></span> <span class='ocrx_word' id='word_1_13' title='bbox 399 334 662 397; x_wconf 79' lang='grc' dir='ltr'>Καρυανδεὺς</span> <span class='ocrx_word' id='word_1_14' title='bbox 679 335 759 381; x_wconf 82' lang='grc' dir='ltr'><strong>ἀπὸ</strong></span> <span class='ocrx_word' id='word_1_15' title='bbox 773 336 942 382; x_wconf 73' lang='grc' dir='ltr'>Ἀὸύδου</span> <span class='ocrx_word' id='word_1_16' title='bbox 961 337 1151 400; x_wconf 77' lang='grc' dir='ltr'>ἄρχεται.</span> <span class='ocrx_word' id='word_1_17' title='bbox 1169 339 1351 400; x_wconf 86' lang='grc' dir='ltr'>Ὁμοίως</span> 
     </span>
     <span class='ocr_line' id='line_1_4' title="bbox 116 408 1350 476; baseline -0.001 -16"><span class='ocrx_word' id='word_1_18' title='bbox 116 414 163 460; x_wconf 81' lang='grc' dir='ltr'><strong>δὲ</strong></span> <span class='ocrx_word' id='word_1_19' title='bbox 185 413 256 470; x_wconf 78' lang='grc' dir='ltr'><strong>τὴν</strong></span> <span class='ocrx_word' id='word_1_20' title='bbox 276 411 448 460; x_wconf 79' lang='grc' dir='ltr'>Αἰολίδα</span> <span class='ocrx_word' id='word_1_21' title='bbox 471 408 649 474; x_wconf 87' lang='grc' dir='ltr'>Ἔφορος</span> <span class='ocrx_word' id='word_1_22' title='bbox 687 410 759 470; x_wconf 83' lang='grc' dir='ltr'><strong>μὲν</strong></span> <span class='ocrx_word' id='word_1_23' title='bbox 790 411 902 472; x_wconf 83' lang='grc' dir='ltr'>λέγει</span> <span class='ocrx_word' id='word_1_24' title='bbox 928 413 1009 458; x_wconf 84' lang='grc' dir='ltr'><strong>ἀπὸ</strong></span> <span class='ocrx_word' id='word_1_25' title='bbox 1032 413 1204 462; x_wconf 75' lang='grc' dir='ltr'>Ἀὅύδου</span> <span class='ocrx_word' id='word_1_26' title='bbox 1225 414 1350 476; x_wconf 78' lang='grc' dir='ltr'>μέχρι</span> 
     </span>
     <span class='ocr_line' id='line_1_5' title="bbox 121 487 637 548; baseline 0.002 -14"><span class='ocrx_word' id='word_1_27' title='bbox 121 487 279 546; x_wconf 81' lang='grc' dir='ltr'>Κύμης.</span> <span class='ocrx_word' id='word_1_28' title='bbox 305 546 309 548; x_wconf 18' lang='lat' dir='ltr'><strong>q</strong></span> <span class='ocrx_word' id='word_1_29' title='bbox 635 533 637 535; x_wconf 76' lang='grc'>,</span> 
     </span>
     <span class='ocr_line' id='line_1_6' title="bbox 79 560 1349 621; baseline 0 -13"><span class='ocrx_word' id='word_1_30' title='bbox 79 574 86 578; x_wconf 85' lang='grc'><strong><em>’</em></strong></span> <span class='ocrx_word' id='word_1_31' title='bbox 181 568 224 613; x_wconf 78' lang='grc'><strong>4.</strong></span> <span class='ocrx_word' id='word_1_32' title='bbox 242 560 393 607; x_wconf 86' lang='lat' dir='ltr'><strong>Schol.</strong></span> <span class='ocrx_word' id='word_1_33' title='bbox 418 560 823 621; x_wconf 84' lang='lat' dir='ltr'><strong>Apoll.Rhod.1V,</strong></span> <span class='ocrx_word' id='word_1_34' title='bbox 847 563 962 607; x_wconf 86' lang='lat'>1215</span> <span class='ocrx_word' id='word_1_35' title='bbox 978 579 987 608; x_wconf 73' lang='grc' dir='ltr'><strong>ε</strong></span> <span class='ocrx_word' id='word_1_36' title='bbox 1003 562 1107 615; x_wconf 79' lang='grc' dir='ltr'>Τοὺς</span> <span class='ocrx_word' id='word_1_37' title='bbox 1125 563 1349 615; x_wconf 85' lang='grc' dir='ltr'>Νεσταίους</span> 
     </span>
     <span class='ocr_line' id='line_1_7' title="bbox 116 633 1349 702; baseline 0.002 -21"><span class='ocrx_word' id='word_1_38' title='bbox 116 633 281 687; x_wconf 84' lang='grc' dir='ltr'>Σκύλαξ</span> <span class='ocrx_word' id='word_1_39' title='bbox 305 634 425 698; x_wconf 75' lang='grc' dir='ltr'>φησὶν</span> <span class='ocrx_word' id='word_1_40' title='bbox 443 634 552 687; x_wconf 86' lang='grc' dir='ltr'>ἔθνος</span> <span class='ocrx_word' id='word_1_41' title='bbox 572 636 815 698; x_wconf 83' lang='grc' dir='ltr'>Ἰλλυρικόν.</span> <span class='ocrx_word' id='word_1_42' title='bbox 841 636 940 683; x_wconf 83' lang='grc' dir='ltr'><strong>Ἀπὸ</strong></span> <span class='ocrx_word' id='word_1_43' title='bbox 953 636 1105 684; x_wconf 85' lang='grc' dir='ltr'>τούτων</span> <span class='ocrx_word' id='word_1_44' title='bbox 1129 639 1349 702; x_wconf 82' lang='grc' dir='ltr'>περίπλους</span> 
     </span>
     <span class='ocr_line' id='line_1_8' title="bbox 109 708 823 774; baseline 0.003 -19"><span class='ocrx_word' id='word_1_45' title='bbox 109 709 223 756; x_wconf 77' lang='grc' dir='ltr'>ἐστὶν</span> <span class='ocrx_word' id='word_1_46' title='bbox 244 711 298 762; x_wconf 83' lang='grc' dir='ltr'>εἷς</span> <span class='ocrx_word' id='word_1_47' title='bbox 320 709 388 755; x_wconf 83' lang='grc' dir='ltr'><strong>τὸν</strong></span> <span class='ocrx_word' id='word_1_48' title='bbox 413 708 631 774; x_wconf 78' lang='grc' dir='ltr'>[Μάνιον]</span> <span class='ocrx_word' id='word_1_49' title='bbox 652 711 823 758; x_wconf 89' lang='grc' dir='ltr'>κόλπον.</span> 
     </span>
     <span class='ocr_line' id='line_1_9' title="bbox 180 785 915 844; baseline 0.004 -15"><span class='ocrx_word' id='word_1_50' title='bbox 180 786 224 831; x_wconf 83' lang='grc'><strong>5.</strong></span> <span class='ocrx_word' id='word_1_51' title='bbox 252 785 470 842; x_wconf 81' lang='lat' dir='ltr'><strong>AvienUS,</strong></span> <span class='ocrx_word' id='word_1_52' title='bbox 496 786 590 831; x_wconf 90' lang='lat' dir='ltr'><strong>Ora</strong></span> <span class='ocrx_word' id='word_1_53' title='bbox 612 788 763 832; x_wconf 86' lang='lat' dir='ltr'><strong>marit.</strong></span> <span class='ocrx_word' id='word_1_54' title='bbox 794 789 882 844; x_wconf 82' lang='lat'><strong>370</strong></span> <span class='ocrx_word' id='word_1_55' title='bbox 904 804 915 832; x_wconf 73' lang='grc' dir='ltr'><strong>ε</strong></span> 
     </span>
    </p>
   </div>
   <div class='ocr_carea' id='block_1_3' title="bbox 208 895 1186 1191">
    <p class='ocr_par' dir='ltr' id='par_1_3' title="bbox 208 895 1186 1191">
     <span class='ocr_line' id='line_1_10' title="bbox 209 895 1130 947; baseline 0.004 -14"><span class='ocrx_word' id='word_1_56' title='bbox 209 895 287 934; x_wconf 87' lang='lat' dir='ltr'><strong>Sed</strong></span> <span class='ocrx_word' id='word_1_57' title='bbox 299 895 354 933; x_wconf 85' lang='lat' dir='ltr'><strong>ad</strong></span> <span class='ocrx_word' id='word_1_58' title='bbox 373 896 582 935; x_wconf 83' lang='lat' dir='ltr'><strong>columnas</strong></span> <span class='ocrx_word' id='word_1_59' title='bbox 599 897 800 947; x_wconf 75' lang='lat' dir='ltr'><strong>quidquid</strong></span> <span class='ocrx_word' id='word_1_60' title='bbox 825 897 1130 945; x_wconf 72' lang='lat' dir='ltr'><strong>interfunditur</strong></span> 
     </span>
     <span class='ocr_line' id='line_1_11' title="bbox 209 957 1088 1008; baseline 0.005 -13"><span class='ocrx_word' id='word_1_61' title='bbox 209 957 331 996; x_wconf 79' lang='lat' dir='ltr'><strong>undae</strong></span> <span class='ocrx_word' id='word_1_62' title='bbox 351 960 568 997; x_wconf 65' lang='lat' dir='ltr'><strong>aestuancis</strong></span> <span class='ocrx_word' id='word_1_63' title='bbox 580 987 590 1006; x_wconf 79' lang='lat'><em>=</em></span> <span class='ocrx_word' id='word_1_64' title='bbox 608 960 749 998; x_wconf 75' lang='lat' dir='ltr'><strong>stadia</strong></span> <span class='ocrx_word' id='word_1_65' title='bbox 767 962 918 1008; x_wconf 76' lang='lat' dir='ltr'><strong>septem</strong></span> <span class='ocrx_word' id='word_1_66' title='bbox 933 963 1007 999; x_wconf 73' lang='lat' dir='ltr'><strong>vix</strong></span> <span class='ocrx_word' id='word_1_67' title='bbox 1025 963 1088 999; x_wconf 74' lang='lat' dir='ltr'><strong>ait</strong></span> 
     </span>
     <span class='ocr_line' id='line_1_12' title="bbox 210 1021 1016 1069; baseline 0.002 -12"><span class='ocrx_word' id='word_1_68' title='bbox 210 1022 426 1058; x_wconf 78' lang='lat' dir='ltr'><em>Damastes</em></span> <span class='ocrx_word' id='word_1_69' title='bbox 442 1030 536 1058; x_wconf 83' lang='lat' dir='ltr'><strong>esse.</strong></span> <span class='ocrx_word' id='word_1_70' title='bbox 561 1021 839 1069; x_wconf 74' lang='lat' dir='ltr'><strong>caryandaeus</strong></span> <span class='ocrx_word' id='word_1_71' title='bbox 866 1022 1016 1069; x_wconf 76' lang='lat' dir='ltr'><strong>Scylax</strong></span> 
     </span>
     <span class='ocr_line' id='line_1_13' title="bbox 208 1080 1152 1129; baseline 0.002 -11"><span class='ocrx_word' id='word_1_72' title='bbox 208 1080 609 1129; x_wconf 39' lang='lat' dir='ltr'><strong>medium-fluentum</strong></span> <span class='ocrx_word' id='word_1_73' title='bbox 633 1083 741 1119; x_wconf 77' lang='lat' dir='ltr'><strong>inter</strong></span> <span class='ocrx_word' id='word_1_74' title='bbox 764 1083 975 1120; x_wconf 85' lang='lat' dir='ltr'><strong>columnas</strong></span> <span class='ocrx_word' id='word_1_75' title='bbox 992 1082 1152 1120; x_wconf 65' lang='lat' dir='ltr'><strong>adserit</strong></span> 
     </span>
     <span class='ocr_line' id='line_1_14' title="bbox 212 1144 1186 1191; baseline 0.002 -12"><span class='ocrx_word' id='word_1_76' title='bbox 212 1144 371 1179; x_wconf 77' lang='lat' dir='ltr'><strong>tantum</strong></span> <span class='ocrx_word' id='word_1_77' title='bbox 385 1144 547 1191; x_wconf 83' lang='lat' dir='ltr'><strong>patere,</strong></span> <span class='ocrx_word' id='word_1_78' title='bbox 567 1145 750 1191; x_wconf 77' lang='lat' dir='ltr'><strong>quantas</strong></span> <span class='ocrx_word' id='word_1_79' title='bbox 773 1146 897 1181; x_wconf 80' lang='lat' dir='ltr'><strong>aestus</strong></span> <span class='ocrx_word' id='word_1_80' title='bbox 916 1146 1094 1191; x_wconf 80' lang='lat' dir='ltr'><strong>Bosporo</strong></span> <span class='ocrx_word' id='word_1_81' title='bbox 1114 1146 1186 1182; x_wconf 74' lang='lat' dir='ltr'><strong>est.</strong></span> 
     </span>
    </p>
   </div>
   <div class='ocr_carea' id='block_1_4' title="bbox 98 1236 1346 1827">
    <p class='ocr_par' dir='ltr' id='par_1_4' title="bbox 98 1236 1346 1827">
     <span class='ocr_line' id='line_1_15' title="bbox 174 1236 1346 1297; baseline 0 -16"><span class='ocrx_word' id='word_1_82' title='bbox 174 1236 241 1282; x_wconf 90' lang='lat' dir='ltr'><strong>Cf.</strong></span> <span class='ocrx_word' id='word_1_83' title='bbox 261 1236 543 1282; x_wconf 90' lang='lat' dir='ltr'><strong>Constantin.</strong></span> <span class='ocrx_word' id='word_1_84' title='bbox 558 1237 788 1297; x_wconf 82' lang='lat' dir='ltr'><strong>Porphyr.</strong></span> <span class='ocrx_word' id='word_1_85' title='bbox 808 1238 875 1282; x_wconf 89' lang='lat' dir='ltr'><strong>De</strong></span> <span class='ocrx_word' id='word_1_86' title='bbox 893 1238 1031 1283; x_wconf 89' lang='lat' dir='ltr'><strong>them.</strong></span> <span class='ocrx_word' id='word_1_87' title='bbox 1046 1241 1084 1294; x_wconf 92' lang='lat'><strong>1,</strong></span> <span class='ocrx_word' id='word_1_88' title='bbox 1104 1253 1128 1281; x_wconf 79' lang='lat'><strong>2</strong></span> <span class='ocrx_word' id='word_1_89' title='bbox 1142 1252 1153 1284; x_wconf 70' lang='grc' dir='ltr'>ε</span> <span class='ocrx_word' id='word_1_90' title='bbox 1169 1236 1230 1284; x_wconf 84' lang='grc' dir='ltr'><strong>Τὸ</strong></span> <span class='ocrx_word' id='word_1_91' title='bbox 1241 1237 1346 1297; x_wconf 83' lang='grc' dir='ltr'>θέμα</span> 
     </span>
     <span class='ocr_line' id='line_1_16' title="bbox 107 1312 1344 1374; baseline 0.002 -17"><span class='ocrx_word' id='word_1_92' title='bbox 107 1313 157 1357; x_wconf 78' lang='grc' dir='ltr'><strong>τὸ</strong></span> <span class='ocrx_word' id='word_1_93' title='bbox 187 1312 439 1371; x_wconf 88' lang='grc' dir='ltr'>καλούμενον</span> <span class='ocrx_word' id='word_1_94' title='bbox 482 1313 745 1374; x_wconf 80' lang='grc' dir='ltr'>Ἀρμενιακὸν</span> <span class='ocrx_word' id='word_1_95' title='bbox 772 1315 816 1357; x_wconf 81' lang='grc' dir='ltr'><strong>οὗ</strong></span> <span class='ocrx_word' id='word_1_96' title='bbox 840 1312 977 1374; x_wconf 89' lang='grc' dir='ltr'>κύριον</span> <span class='ocrx_word' id='word_1_97' title='bbox 1004 1313 1090 1374; x_wconf 86' lang='grc' dir='ltr'>ἔχει</span> <span class='ocrx_word' id='word_1_98' title='bbox 1125 1314 1169 1373; x_wconf 81' lang='grc' dir='ltr'><strong>τὸ</strong></span> <span class='ocrx_word' id='word_1_99' title='bbox 1192 1313 1344 1374; x_wconf 82' lang='grc' dir='ltr'>ὄνομα,</span> 
     </span>
     <span class='ocr_line' id='line_1_17' title="bbox 111 1385 1344 1450; baseline 0.002 -18"><span class='ocrx_word' id='word_1_100' title='bbox 111 1385 201 1432; x_wconf 81' lang='grc' dir='ltr'>οὐδὲ</span> <span class='ocrx_word' id='word_1_101' title='bbox 227 1385 381 1447; x_wconf 83' lang='grc' dir='ltr'>ἀρχαία</span> <span class='ocrx_word' id='word_1_102' title='bbox 405 1385 463 1437; x_wconf 87' lang='grc' dir='ltr'><strong>τίς</strong></span> <span class='ocrx_word' id='word_1_103' title='bbox 500 1389 608 1431; x_wconf 83' lang='grc' dir='ltr'>ἐστιν</span> <span class='ocrx_word' id='word_1_104' title='bbox 633 1390 658 1441; x_wconf 85' lang='grc' dir='ltr'>ἡ</span> <span class='ocrx_word' id='word_1_105' title='bbox 695 1386 839 1432; x_wconf 89' lang='grc' dir='ltr'>τούτου</span> <span class='ocrx_word' id='word_1_106' title='bbox 877 1388 1208 1450; x_wconf 85' lang='grc' dir='ltr'>προσηγορία·...</span> <span class='ocrx_word' id='word_1_107' title='bbox 1252 1389 1344 1435; x_wconf 86' lang='grc' dir='ltr'>οὔτε</span> 
     </span>
     <span class='ocr_line' id='line_1_18' title="bbox 101 1461 1340 1524; baseline 0.005 -18"><span class='ocrx_word' id='word_1_108' title='bbox 101 1461 185 1523; x_wconf 76' lang='grc' dir='ltr'>γὰρ</span> <span class='ocrx_word' id='word_1_109' title='bbox 225 1461 427 1524; x_wconf 75' lang='grc' dir='ltr'>Στράὸων</span> <span class='ocrx_word' id='word_1_110' title='bbox 462 1465 533 1518; x_wconf 77' lang='grc' dir='ltr'>τῆς</span> <span class='ocrx_word' id='word_1_111' title='bbox 572 1461 765 1518; x_wconf 85' lang='grc' dir='ltr'>τοιαύτης</span> <span class='ocrx_word' id='word_1_112' title='bbox 803 1463 1027 1522; x_wconf 84' lang='grc' dir='ltr'>ὀνομασίας</span> <span class='ocrx_word' id='word_1_113' title='bbox 1066 1463 1249 1524; x_wconf 79' lang='grc' dir='ltr'>ἐμνήσθη</span> <span class='ocrx_word' id='word_1_114' title='bbox 1266 1499 1340 1524; x_wconf 81' lang='lat'><strong>‚...</strong></span> 
     </span>
     <span class='ocr_line' id='line_1_19' title="bbox 101 1536 1343 1606; baseline 0.003 -23"><span class='ocrx_word' id='word_1_115' title='bbox 101 1536 197 1583; x_wconf 83' lang='grc' dir='ltr'>οὔτε</span> <span class='ocrx_word' id='word_1_116' title='bbox 221 1537 433 1590; x_wconf 82' lang='grc' dir='ltr'>Μένιππος</span> <span class='ocrx_word' id='word_1_117' title='bbox 453 1542 473 1584; x_wconf 77' lang='grc' dir='ltr'><strong>ὁ</strong></span> <span class='ocrx_word' id='word_1_118' title='bbox 499 1537 590 1591; x_wconf 79' lang='grc' dir='ltr'>τοὺς</span> <span class='ocrx_word' id='word_1_119' title='bbox 615 1539 892 1600; x_wconf 81' lang='grc' dir='ltr'>σταδιασμοὺς</span> <span class='ocrx_word' id='word_1_120' title='bbox 911 1544 983 1596; x_wconf 74' lang='grc' dir='ltr'>τῆς</span> <span class='ocrx_word' id='word_1_121' title='bbox 1005 1538 1104 1596; x_wconf 74' lang='grc' dir='ltr'>ὅλης</span> <span class='ocrx_word' id='word_1_122' title='bbox 1127 1559 1343 1606; x_wconf 73' lang='grc' dir='ltr'>κατοικου-</span> 
     </span>
     <span class='ocr_line' id='line_1_20' title="bbox 108 1613 1339 1678; baseline 0.003 -20"><span class='ocrx_word' id='word_1_123' title='bbox 108 1613 232 1668; x_wconf 85' lang='grc' dir='ltr'>μένης</span> <span class='ocrx_word' id='word_1_124' title='bbox 254 1613 611 1677; x_wconf 78' lang='grc' dir='ltr'>ἀπογραψάμενος,</span> <span class='ocrx_word' id='word_1_125' title='bbox 631 1614 722 1660; x_wconf 87' lang='grc' dir='ltr'>οὔτε</span> <span class='ocrx_word' id='word_1_126' title='bbox 741 1614 822 1675; x_wconf 83' lang='grc' dir='ltr'><strong>μὴν</strong></span> <span class='ocrx_word' id='word_1_127' title='bbox 848 1614 1016 1669; x_wconf 82' lang='grc' dir='ltr'>Σκύλαξ</span> <span class='ocrx_word' id='word_1_128' title='bbox 1036 1618 1056 1660; x_wconf 86' lang='grc' dir='ltr'>ὃ</span> <span class='ocrx_word' id='word_1_129' title='bbox 1082 1618 1339 1678; x_wconf 85' lang='grc' dir='ltr'>Καρυανδη-</span> 
     </span>
     <span class='ocr_line' id='line_1_21' title="bbox 99 1686 1338 1753; baseline 0.004 -21"><span class='ocrx_word' id='word_1_130' title='bbox 99 1686 185 1744; x_wconf 78' lang='grc' dir='ltr'>νὸς,</span> <span class='ocrx_word' id='word_1_131' title='bbox 218 1686 309 1735; x_wconf 78' lang='grc' dir='ltr'>οὔτε</span> <span class='ocrx_word' id='word_1_132' title='bbox 331 1689 573 1742; x_wconf 90' lang='grc' dir='ltr'>Παυσανίας</span> <span class='ocrx_word' id='word_1_133' title='bbox 593 1688 685 1735; x_wconf 85' lang='grc' dir='ltr'>οὔτε</span> <span class='ocrx_word' id='word_1_134' title='bbox 710 1689 832 1742; x_wconf 83' lang='grc' dir='ltr'>ἄλλος</span> <span class='ocrx_word' id='word_1_135' title='bbox 865 1709 924 1742; x_wconf 89' lang='grc' dir='ltr'>τις</span> <span class='ocrx_word' id='word_1_136' title='bbox 954 1693 1034 1736; x_wconf 84' lang='grc' dir='ltr'><strong>τῶν</strong></span> <span class='ocrx_word' id='word_1_137' title='bbox 1068 1691 1251 1753; x_wconf 78' lang='grc' dir='ltr'>ἱστορίας</span> <span class='ocrx_word' id='word_1_138' title='bbox 1271 1711 1338 1753; x_wconf 85' lang='grc' dir='ltr'><strong>γε·</strong></span> 
     </span>
     <span class='ocr_line' id='line_1_22' title="bbox 98 1765 334 1827; baseline 0.008 -18"><span class='ocrx_word' id='word_1_139' title='bbox 98 1765 334 1827; x_wconf 77' lang='grc' dir='ltr'>γραφότων.</span> 
     </span>
    </p>
   </div>
   <div class='ocr_carea' id='block_1_5' title="bbox 657 1860 772 1876">
    <p class='ocr_par' dir='ltr' id='par_1_5' title="bbox 657 1860 772 1876">
     <span class='ocr_line' id='line_1_23' title="bbox 657 1860 772 1876; baseline 0.009 -10"><span class='ocrx_word' id='word_1_140' title='bbox 657 1860 772 1876; x_wconf 78' lang='grc'>-.,.-.</span> 
     </span>
    </p>
   </div>
   <div class='ocr_carea' id='block_1_6' title="bbox 90 1934 1337 2974">
    <p class='ocr_par' dir='ltr' id='par_1_6' title="bbox 94 1934 1337 2380">
     <span class='ocr_line' id='line_1_24' title="bbox 166 1934 1337 2002; baseline 0.005 -22"><span class='ocrx_word' id='word_1_141' title='bbox 166 1941 239 1991; x_wconf 80' lang='grc'><strong>47.</strong></span> <span class='ocrx_word' id='word_1_142' title='bbox 258 1934 313 1979; x_wconf 92' lang='lat' dir='ltr'><strong>In</strong></span> <span class='ocrx_word' id='word_1_143' title='bbox 332 1937 556 1996; x_wconf 87' lang='lat' dir='ltr'><strong>appositis</strong></span> <span class='ocrx_word' id='word_1_144' title='bbox 573 1938 848 1984; x_wconf 88' lang='lat' dir='ltr'><strong>testimoniis</strong></span> <span class='ocrx_word' id='word_1_145' title='bbox 865 1940 1076 1999; x_wconf 87' lang='lat' dir='ltr'><strong>Scylaces</strong></span> <span class='ocrx_word' id='word_1_146' title='bbox 1090 1941 1337 2002; x_wconf 83' lang='lat' dir='ltr'><strong>scriptores</strong></span> 
     </span>
     <span class='ocr_line' id='line_1_25' title="bbox 96 2011 1333 2075; baseline 0.006 -20"><span class='ocrx_word' id='word_1_147' title='bbox 96 2011 415 2070; x_wconf 85' lang='lat' dir='ltr'><strong>distinguendi</strong></span> <span class='ocrx_word' id='word_1_148' title='bbox 465 2024 570 2058; x_wconf 89' lang='lat' dir='ltr'><strong>sunt</strong></span> <span class='ocrx_word' id='word_1_149' title='bbox 613 2015 687 2059; x_wconf 88' lang='lat' dir='ltr'><strong>vel</strong></span> <span class='ocrx_word' id='word_1_150' title='bbox 723 2025 815 2060; x_wconf 90' lang='lat' dir='ltr'><strong>tres</strong></span> <span class='ocrx_word' id='word_1_151' title='bbox 854 2017 927 2061; x_wconf 91' lang='lat' dir='ltr'><strong>vel</strong></span> <span class='ocrx_word' id='word_1_152' title='bbox 970 2018 1063 2061; x_wconf 88' lang='lat' dir='ltr'><strong>duo</strong></span> <span class='ocrx_word' id='word_1_153' title='bbox 1098 2017 1333 2075; x_wconf 83' lang='lat' dir='ltr'>duntaxat,</span> 
     </span>
     <span class='ocr_line' id='line_1_26' title="bbox 101 2091 1335 2154; baseline 0.007 -24"><span class='ocrx_word' id='word_1_154' title='bbox 101 2102 296 2145; x_wconf 90' lang='lat' dir='ltr'><strong>quorum</strong></span> <span class='ocrx_word' id='word_1_155' title='bbox 330 2091 506 2148; x_wconf 91' lang='lat' dir='ltr'><strong>primus</strong></span> <span class='ocrx_word' id='word_1_156' title='bbox 540 2099 608 2134; x_wconf 91' lang='lat' dir='ltr'><strong>est</strong></span> <span class='ocrx_word' id='word_1_157' title='bbox 643 2093 664 2134; x_wconf 86' lang='grc' dir='ltr'><strong>ὃ</strong></span> <span class='ocrx_word' id='word_1_158' title='bbox 704 2091 879 2142; x_wconf 85' lang='grc' dir='ltr'>παλαιὸς</span> <span class='ocrx_word' id='word_1_159' title='bbox 916 2092 1191 2154; x_wconf 82' lang='grc' dir='ltr'>λογογράφος,</span> <span class='ocrx_word' id='word_1_160' title='bbox 1221 2096 1335 2139; x_wconf 89' lang='lat' dir='ltr'><strong>alter</strong></span> 
     </span>
     <span class='ocr_line' id='line_1_27' title="bbox 94 2163 1334 2227; baseline 0.008 -20"><span class='ocrx_word' id='word_1_161' title='bbox 94 2172 258 2209; x_wconf 75' lang='lat' dir='ltr'><strong>¹contra</strong></span> <span class='ocrx_word' id='word_1_162' title='bbox 279 2163 526 2224; x_wconf 87' lang='lat' dir='ltr'><strong>Polybium</strong></span> <span class='ocrx_word' id='word_1_163' title='bbox 541 2166 742 2227; x_wconf 87' lang='lat' dir='ltr'><strong>scripsit,</strong></span> <span class='ocrx_word' id='word_1_164' title='bbox 766 2169 927 2214; x_wconf 89' lang='lat' dir='ltr'><strong>tertius</strong></span> <span class='ocrx_word' id='word_1_165' title='bbox 951 2185 977 2214; x_wconf 90' lang='lat' dir='ltr'><strong>a</strong></span> <span class='ocrx_word' id='word_1_166' title='bbox 996 2170 1218 2216; x_wconf 87' lang='lat' dir='ltr'><strong>Cicerone</strong></span> <span class='ocrx_word' id='word_1_167' title='bbox 1237 2172 1334 2217; x_wconf 92' lang='lat' dir='ltr'><strong>lau-</strong></span> 
     </span>
     <span class='ocr_line' id='line_1_28' title="bbox 99 2238 1331 2304; baseline 0.007 -22"><span class='ocrx_word' id='word_1_168' title='bbox 99 2238 248 2295; x_wconf 89' lang='lat' dir='ltr'><strong>datur,</strong></span> <span class='ocrx_word' id='word_1_169' title='bbox 285 2255 561 2299; x_wconf 89' lang='lat' dir='ltr'><strong>quamquam</strong></span> <span class='ocrx_word' id='word_1_170' title='bbox 585 2241 718 2286; x_wconf 87' lang='lat' dir='ltr'><strong>facile</strong></span> <span class='ocrx_word' id='word_1_171' title='bbox 747 2243 845 2287; x_wconf 88' lang='lat' dir='ltr'><strong>fieri</strong></span> <span class='ocrx_word' id='word_1_172' title='bbox 878 2255 1029 2304; x_wconf 88' lang='lat' dir='ltr'><strong>potest</strong></span> <span class='ocrx_word' id='word_1_173' title='bbox 1056 2255 1107 2289; x_wconf 90' lang='lat' dir='ltr'><strong>ut</strong></span> <span class='ocrx_word' id='word_1_174' title='bbox 1136 2246 1212 2290; x_wconf 92' lang='lat' dir='ltr'><strong>hio</strong></span> <span class='ocrx_word' id='word_1_175' title='bbox 1239 2264 1331 2291; x_wconf 94' lang='lat' dir='ltr'><strong>non</strong></span> 
     </span>
     <span class='ocr_line' id='line_1_29' title="bbox 98 2313 1329 2380; baseline 0.007 -24"><span class='ocrx_word' id='word_1_176' title='bbox 98 2313 307 2358; x_wconf 83' lang='lat' dir='ltr'><strong>diversus</strong></span> <span class='ocrx_word' id='word_1_177' title='bbox 337 2316 397 2359; x_wconf 87' lang='lat' dir='ltr'><strong>sit</strong></span> <span class='ocrx_word' id='word_1_178' title='bbox 430 2315 487 2358; x_wconf 91' lang='lat' dir='ltr'><strong>ab</strong></span> <span class='ocrx_word' id='word_1_179' title='bbox 528 2331 582 2359; x_wconf 91' lang='lat' dir='ltr'><strong>eo</strong></span> <span class='ocrx_word' id='word_1_180' title='bbox 617 2332 750 2373; x_wconf 89' lang='lat' dir='ltr'><strong>quem</strong></span> <span class='ocrx_word' id='word_1_181' title='bbox 790 2318 989 2362; x_wconf 89' lang='lat' dir='ltr'><strong>secundo</strong></span> <span class='ocrx_word' id='word_1_182' title='bbox 1033 2320 1136 2364; x_wconf 90' lang='lat' dir='ltr'><strong>loco</strong></span> <span class='ocrx_word' id='word_1_183' title='bbox 1178 2322 1329 2380; x_wconf 91' lang='lat' dir='ltr'><strong>posui.</strong></span> 
     </span>
    </p>

    <p class='ocr_par' dir='ltr' id='par_1_7' title="bbox 90 2387 1332 2974">
     <span class='ocr_line' id='line_1_30' title="bbox 163 2387 1332 2454; baseline 0.009 -24"><span class='ocrx_word' id='word_1_184' title='bbox 163 2387 337 2432; x_wconf 90' lang='lat' dir='ltr'><strong>Horum</strong></span> <span class='ocrx_word' id='word_1_185' title='bbox 376 2390 520 2446; x_wconf 84' lang='lat' dir='ltr'><strong>igitur</strong></span> <span class='ocrx_word' id='word_1_186' title='bbox 555 2391 904 2449; x_wconf 87' lang='lat' dir='ltr'><strong>antiquissimus</strong></span> <span class='ocrx_word' id='word_1_187' title='bbox 930 2393 1098 2453; x_wconf 80' lang='lat' dir='ltr'><strong>Scylax</strong></span> <span class='ocrx_word' id='word_1_188' title='bbox 1121 2395 1332 2454; x_wconf 87' lang='lat' dir='ltr'><strong>Caryan-</strong></span> 
     </span>
     <span class='ocr_line' id='line_1_31' title="bbox 98 2462 1330 2517; baseline 0.009 -11"><span class='ocrx_word' id='word_1_189' title='bbox 98 2462 251 2507; x_wconf 90' lang='lat' dir='ltr'><strong>densis</strong></span> <span class='ocrx_word' id='word_1_190' title='bbox 269 2462 327 2507; x_wconf 88' lang='lat' dir='ltr'><strong>ab</strong></span> <span class='ocrx_word' id='word_1_191' title='bbox 345 2463 578 2508; x_wconf 87' lang='lat' dir='ltr'><strong>Herodoto</strong></span> <span class='ocrx_word' id='word_1_192' title='bbox 602 2467 872 2510; x_wconf 88' lang='lat' dir='ltr'><strong>nominatim</strong></span> <span class='ocrx_word' id='word_1_193' title='bbox 897 2468 1086 2513; x_wconf 84' lang='lat' dir='ltr'><strong>effertur</strong></span> <span class='ocrx_word' id='word_1_194' title='bbox 1105 2471 1224 2515; x_wconf 88' lang='lat' dir='ltr'><strong>inter</strong></span> <span class='ocrx_word' id='word_1_195' title='bbox 1252 2488 1330 2517; x_wconf 91' lang='lat' dir='ltr'><strong>eos</strong></span> 
     </span>
     <span class='ocr_line' id='line_1_32' title="bbox 95 2537 1331 2604; baseline 0.008 -23"><span class='ocrx_word' id='word_1_196' title='bbox 95 2552 211 2595; x_wconf 87' lang='lat' dir='ltr'><strong>quos</strong></span> <span class='ocrx_word' id='word_1_197' title='bbox 234 2537 398 2582; x_wconf 91' lang='lat' dir='ltr'><strong>Darius</strong></span> <span class='ocrx_word' id='word_1_198' title='bbox 423 2538 661 2599; x_wconf 86' lang='lat' dir='ltr'><strong>Hystaspis</strong></span> <span class='ocrx_word' id='word_1_199' title='bbox 680 2556 704 2583; x_wconf 93' lang='lat' dir='ltr'><strong>e</strong></span> <span class='ocrx_word' id='word_1_200' title='bbox 724 2540 988 2601; x_wconf 89' lang='lat' dir='ltr'><strong>Caspapyro</strong></span> <span class='ocrx_word' id='word_1_201' title='bbox 1011 2543 1235 2604; x_wconf 86' lang='lat' dir='ltr'><strong>Pactyicae</strong></span> <span class='ocrx_word' id='word_1_202' title='bbox 1260 2562 1331 2591; x_wconf 88' lang='lat' dir='ltr'><strong>re-</strong></span> 
     </span>
     <span class='ocr_line' id='line_1_33' title="bbox 90 2610 1328 2673; baseline 0.009 -19"><span class='ocrx_word' id='word_1_203' title='bbox 90 2611 248 2670; x_wconf 80' lang='lat' dir='ltr'><strong>gionis</strong></span> <span class='ocrx_word' id='word_1_204' title='bbox 278 2611 394 2656; x_wconf 90' lang='lat' dir='ltr'><strong>urbe</strong></span> <span class='ocrx_word' id='word_1_205' title='bbox 415 2612 470 2673; x_wconf 55' lang='grc' dir='ltr'><strong>(Ἴ</strong></span> <span class='ocrx_word' id='word_1_206' title='bbox 494 2614 647 2658; x_wconf 90' lang='lat' dir='ltr'><strong>emisit</strong></span> <span class='ocrx_word' id='word_1_207' title='bbox 684 2614 741 2658; x_wconf 91' lang='lat' dir='ltr'><strong>ad</strong></span> <span class='ocrx_word' id='word_1_208' title='bbox 781 2616 1113 2673; x_wconf 86' lang='lat' dir='ltr'><strong>explorandum</strong></span> <span class='ocrx_word' id='word_1_209' title='bbox 1138 2610 1328 2665; x_wconf 88' lang='lat' dir='ltr'><strong>ubinam</strong></span> 
     </span>
     <span class='ocr_line' id='line_1_34' title="bbox 92 2685 1330 2747; baseline 0.008 -18"><span class='ocrx_word' id='word_1_210' title='bbox 92 2685 235 2731; x_wconf 87' lang='lat' dir='ltr'><strong>Indus</strong></span> <span class='ocrx_word' id='word_1_211' title='bbox 250 2686 300 2730; x_wconf 93' lang='lat' dir='ltr'><strong>in</strong></span> <span class='ocrx_word' id='word_1_212' title='bbox 319 2701 444 2731; x_wconf 88' lang='lat' dir='ltr'><strong>mare</strong></span> <span class='ocrx_word' id='word_1_213' title='bbox 459 2687 677 2733; x_wconf 89' lang='lat' dir='ltr'><strong>efflueret.</strong></span> <span class='ocrx_word' id='word_1_214' title='bbox 699 2687 1043 2747; x_wconf 88' lang='lat' dir='ltr'><strong>Navigationem</strong></span> <span class='ocrx_word' id='word_1_215' title='bbox 1063 2708 1160 2737; x_wconf 91' lang='lat' dir='ltr'><strong>eani</strong></span> <span class='ocrx_word' id='word_1_216' title='bbox 1185 2694 1330 2740; x_wconf 88' lang='lat' dir='ltr'><strong>literis</strong></span> 
     </span>
     <span class='ocr_line' id='line_1_35' title="bbox 90 2761 1329 2823; baseline 0.008 -19"><span class='ocrx_word' id='word_1_217' title='bbox 90 2761 348 2806; x_wconf 86' lang='lat' dir='ltr'><strong>mandatam</strong></span> <span class='ocrx_word' id='word_1_218' title='bbox 367 2777 464 2806; x_wconf 91' lang='lat' dir='ltr'><strong>esse</strong></span> <span class='ocrx_word' id='word_1_219' title='bbox 484 2778 568 2822; x_wconf 90' lang='lat' dir='ltr'><strong>pro</strong></span> <span class='ocrx_word' id='word_1_220' title='bbox 586 2778 713 2808; x_wconf 90' lang='lat' dir='ltr'><strong>more</strong></span> <span class='ocrx_word' id='word_1_221' title='bbox 727 2779 810 2808; x_wconf 92' lang='lat' dir='ltr'><strong>suo</strong></span> <span class='ocrx_word' id='word_1_222' title='bbox 831 2780 925 2810; x_wconf 90' lang='lat' dir='ltr'><strong>non</strong></span> <span class='ocrx_word' id='word_1_223' title='bbox 944 2766 1106 2823; x_wconf 82' lang='lat' dir='ltr'><strong>tradit3</strong></span> <span class='ocrx_word' id='word_1_224' title='bbox 1133 2778 1177 2812; x_wconf 90' lang='lat' dir='ltr'><strong>at</strong></span> <span class='ocrx_word' id='word_1_225' title='bbox 1193 2770 1329 2814; x_wconf 87' lang='lat' dir='ltr'><strong>exsti-</strong></span> 
     </span>
     <span class='ocr_line' id='line_1_36' title="bbox 93 2835 1326 2902; baseline 0.008 -23"><span class='ocrx_word' id='word_1_226' title='bbox 93 2835 201 2881; x_wconf 89' lang='lat' dir='ltr'><strong>tisse</strong></span> <span class='ocrx_word' id='word_1_227' title='bbox 210 2836 266 2881; x_wconf 91' lang='lat' dir='ltr'><strong>de</strong></span> <span class='ocrx_word' id='word_1_228' title='bbox 275 2835 412 2885; x_wconf 88' lang='lat' dir='ltr'><strong>rebus</strong></span> <span class='ocrx_word' id='word_1_229' title='bbox 424 2836 596 2882; x_wconf 90' lang='lat' dir='ltr'><strong>Indicis</strong></span> <span class='ocrx_word' id='word_1_230' title='bbox 605 2837 807 2898; x_wconf 89' lang='lat' dir='ltr'><strong>Scylacis</strong></span> <span class='ocrx_word' id='word_1_231' title='bbox 818 2856 930 2900; x_wconf 90' lang='lat' dir='ltr'><strong>opus</strong></span> <span class='ocrx_word' id='word_1_232' title='bbox 942 2840 1114 2902; x_wconf 72' lang='grc' dir='ltr'>(βιὸλίον</span> <span class='ocrx_word' id='word_1_233' title='bbox 1126 2842 1326 2901; x_wconf 90' lang='lat' dir='ltr'><strong>Tzetzes,</strong></span> 
     </span>
     <span class='ocr_line' id='line_1_37' title="bbox 92 2908 1331 2974; baseline 0.008 -20"><span class='ocrx_word' id='word_1_234' title='bbox 92 2908 313 2972; x_wconf 89' lang='grc' dir='ltr'>περίπλουν</span> <span class='ocrx_word' id='word_1_235' title='bbox 348 2911 684 2972; x_wconf 65' lang='lat' dir='ltr'><strong>Harpocration</strong></span> <span class='ocrx_word' id='word_1_236' title='bbox 730 2916 921 2974; x_wconf 84' lang='lat' dir='ltr'><strong>vocat),</strong></span> <span class='ocrx_word' id='word_1_237' title='bbox 956 2916 1153 2961; x_wconf 88' lang='lat' dir='ltr'><strong>dialecto</strong></span> <span class='ocrx_word' id='word_1_238' title='bbox 1177 2919 1331 2964; x_wconf 87' lang='lat' dir='ltr'><strong>ionica</strong></span> 
     </span>
    </p>
   </div>
   <div class='ocr_carea' id='block_1_7' title="bbox 1390 216 2672 2979">
    <p class='ocr_par' dir='ltr' id='par_1_8' title="bbox 2507 216 2635 251">
     <span class='ocr_line' id='line_1_38' title="bbox 2507 216 2635 251; baseline 0.047 -6"><span class='ocrx_word' id='word_1_239' title='bbox 2507 216 2635 251; x_wconf 82' lang='lat' dir='ltr'>xxxv</span> 
     </span>
    </p>

    <p class='ocr_par' dir='ltr' id='par_1_9' title="bbox 1390 271 2672 2979">
     <span class='ocr_line' id='line_1_39' title="bbox 1390 271 2641 358; baseline 0.026 -46"><span class='ocrx_word' id='word_1_240' title='bbox 1390 283 1395 288; x_wconf 89' lang='lat'><em>·</em></span> <span class='ocrx_word' id='word_1_241' title='bbox 1420 271 1659 331; x_wconf 83' lang='lat' dir='ltr'><strong>scriptum,</strong></span> <span class='ocrx_word' id='word_1_242' title='bbox 1678 290 1733 318; x_wconf 86' lang='lat' dir='ltr'><strong>ex</strong></span> <span class='ocrx_word' id='word_1_243' title='bbox 1747 277 2007 335; x_wconf 81' lang='lat' dir='ltr'><strong>Aristotele,</strong></span> <span class='ocrx_word' id='word_1_244' title='bbox 2034 282 2278 331; x_wconf 87' lang='lat' dir='ltr'><strong>Polemone</strong></span> <span class='ocrx_word' id='word_1_245' title='bbox 2295 293 2390 336; x_wconf 88' lang='lat' dir='ltr'><strong>sive</strong></span> <span class='ocrx_word' id='word_1_246' title='bbox 2414 296 2641 358; x_wconf 77' lang='lat' dir='ltr'><strong>Atlienaeo,</strong></span> 
     </span>
     <span class='ocr_line' id='line_1_40' title="bbox 1423 346 2647 420; baseline 0.025 -30"><span class='ocrx_word' id='word_1_247' title='bbox 1423 346 1725 409; x_wconf 81' lang='lat' dir='ltr'><strong>Philostrato,</strong></span> <span class='ocrx_word' id='word_1_248' title='bbox 1751 351 2113 413; x_wconf 86' lang='lat' dir='ltr'><strong>Harpocratione</strong></span> <span class='ocrx_word' id='word_1_249' title='bbox 2130 370 2172 402; x_wconf 90' lang='lat' dir='ltr'><strong>et</strong></span> <span class='ocrx_word' id='word_1_250' title='bbox 2194 361 2354 409; x_wconf 81' lang='lat' dir='ltr'><strong>Tzetze</strong></span> <span class='ocrx_word' id='word_1_251' title='bbox 2380 371 2512 415; x_wconf 88' lang='lat' dir='ltr'><strong>modo</strong></span> <span class='ocrx_word' id='word_1_252' title='bbox 2530 376 2647 420; x_wconf 88' lang='lat' dir='ltr'><strong>vidi-</strong></span> 
     </span>
     <span class='ocr_line' id='line_1_41' title="bbox 1424 423 2644 504; baseline 0.025 -41"><span class='ocrx_word' id='word_1_253' title='bbox 1424 436 1539 466; x_wconf 87' lang='lat' dir='ltr'><strong>mus.</strong></span> <span class='ocrx_word' id='word_1_254' title='bbox 1564 423 1716 469; x_wconf 90' lang='lat' dir='ltr'><strong>Porro</strong></span> <span class='ocrx_word' id='word_1_255' title='bbox 1736 437 1964 476; x_wconf 74' lang='lat' dir='ltr'><strong>auctorem</strong></span> <span class='ocrx_word' id='word_1_256' title='bbox 1989 430 2037 474; x_wconf 94' lang='lat' dir='ltr'><strong>in</strong></span> <span class='ocrx_word' id='word_1_257' title='bbox 2054 446 2108 475; x_wconf 88' lang='lat' dir='ltr'><strong>eo</strong></span> <span class='ocrx_word' id='word_1_258' title='bbox 2140 449 2344 480; x_wconf 87' lang='lat' dir='ltr'><strong>narrasse</strong></span> <span class='ocrx_word' id='word_1_259' title='bbox 2360 456 2458 497; x_wconf 84' lang='lat' dir='ltr'><strong>quae</strong></span> <span class='ocrx_word' id='word_1_260' title='bbox 2479 447 2576 504; x_wconf 90' lang='lat' dir='ltr'><strong>ipse</strong></span> <span class='ocrx_word' id='word_1_261' title='bbox 2599 453 2644 494; x_wconf 92' lang='lat' dir='ltr'><strong>in</strong></span> 
     </span>
     <span class='ocr_line' id='line_1_42' title="bbox 1423 494 2672 566; baseline 0.021 -28"><span class='ocrx_word' id='word_1_262' title='bbox 1423 494 1538 539; x_wconf 88' lang='lat' dir='ltr'><strong>Indo</strong></span> <span class='ocrx_word' id='word_1_263' title='bbox 1555 499 1776 558; x_wconf 84' lang='lat' dir='ltr'><strong>navigans</strong></span> <span class='ocrx_word' id='word_1_264' title='bbox 1795 502 1990 559; x_wconf 87' lang='lat' dir='ltr'><strong>viderat,</strong></span> <span class='ocrx_word' id='word_1_265' title='bbox 2011 506 2200 564; x_wconf 84' lang='lat' dir='ltr'><strong>colligas</strong></span> <span class='ocrx_word' id='word_1_266' title='bbox 2214 523 2238 551; x_wconf 92' lang='lat' dir='ltr'><strong>e</strong></span> <span class='ocrx_word' id='word_1_267' title='bbox 2255 511 2409 556; x_wconf 86' lang='lat' dir='ltr'><strong>verbis</strong></span> <span class='ocrx_word' id='word_1_268' title='bbox 2430 531 2439 556; x_wconf 75' lang='grc' dir='ltr'>ε</span> <span class='ocrx_word' id='word_1_269' title='bbox 2468 518 2642 566; x_wconf 79' lang='grc' dir='ltr'>ἐντεῦθεν</span> <span class='ocrx_word' id='word_1_270' title='bbox 2669 533 2672 551; x_wconf 74' lang='lat'><em>³</em></span> 
     </span>
     <span class='ocr_line' id='line_1_43' title="bbox 1423 566 2651 643; baseline 0.02 -32"><span class='ocrx_word' id='word_1_271' title='bbox 1423 566 1464 611; x_wconf 80' lang='grc' dir='ltr'><strong>δὲ</strong></span> <span class='ocrx_word' id='word_1_272' title='bbox 1488 568 1579 629; x_wconf 83' lang='grc' dir='ltr'>ὄρος</span> <span class='ocrx_word' id='word_1_273' title='bbox 1597 589 1663 615; x_wconf 91' lang='grc' dir='ltr'>πα</span> <span class='ocrx_word' id='word_1_274' title='bbox 1679 573 1788 633; x_wconf 82' lang='grc' dir='ltr'>ρέτε</span> <span class='ocrx_word' id='word_1_275' title='bbox 1801 593 1841 619; x_wconf 89' lang='grc' dir='ltr'><strong>ιν</strong></span> <span class='ocrx_word' id='word_1_276' title='bbox 1854 594 1894 632; x_wconf 88' lang='grc' dir='ltr'>ε,</span> <span class='ocrx_word' id='word_1_277' title='bbox 1922 594 2007 637; x_wconf 87' lang='lat' dir='ltr'><strong>pro</strong></span> <span class='ocrx_word' id='word_1_278' title='bbox 2029 579 2198 638; x_wconf 88' lang='lat' dir='ltr'><strong>quibus</strong></span> <span class='ocrx_word' id='word_1_279' title='bbox 2216 583 2331 627; x_wconf 87' lang='lat' dir='ltr'><strong>alius</strong></span> <span class='ocrx_word' id='word_1_280' title='bbox 2348 587 2500 643; x_wconf 86' lang='lat' dir='ltr'><strong>quivis</strong></span> <span class='ocrx_word' id='word_1_281' title='bbox 2517 591 2651 638; x_wconf 85' lang='lat' dir='ltr'><strong>dixis-</strong></span> 
     </span>
     <span class='ocr_line' id='line_1_44' title="bbox 1422 645 2649 716; baseline 0.018 -29"><span class='ocrx_word' id='word_1_282' title='bbox 1422 653 1488 687; x_wconf 85' lang='lat' dir='ltr'><strong>set</strong></span> <span class='ocrx_word' id='word_1_283' title='bbox 1508 645 1687 689; x_wconf 77' lang='grc' dir='ltr'>ἐντεῦθεν</span> <span class='ocrx_word' id='word_1_284' title='bbox 1720 647 1762 691; x_wconf 81' lang='grc' dir='ltr'><strong>δὲ</strong></span> <span class='ocrx_word' id='word_1_285' title='bbox 1786 647 1876 709; x_wconf 79' lang='grc' dir='ltr'>ὅρος</span> <span class='ocrx_word' id='word_1_286' title='bbox 1912 652 2164 712; x_wconf 87' lang='grc' dir='ltr'>παρατείνει.</span> <span class='ocrx_word' id='word_1_287' title='bbox 2191 655 2256 699; x_wconf 86' lang='lat' dir='ltr'><strong>Ne</strong></span> <span class='ocrx_word' id='word_1_288' title='bbox 2283 668 2490 716; x_wconf 90' lang='lat' dir='ltr'><strong>putemus</strong></span> <span class='ocrx_word' id='word_1_289' title='bbox 2510 667 2649 710; x_wconf 80' lang='lat' dir='ltr'><strong>serio-</strong></span> 
     </span>
     <span class='ocr_line' id='line_1_45' title="bbox 1422 720 2647 798; baseline 0.019 -36"><span class='ocrx_word' id='word_1_290' title='bbox 1422 720 1486 764; x_wconf 88' lang='lat' dir='ltr'><strong>ris</strong></span> <span class='ocrx_word' id='word_1_291' title='bbox 1509 721 1596 765; x_wconf 88' lang='lat' dir='ltr'><strong>aevi</strong></span> <span class='ocrx_word' id='word_1_292' title='bbox 1615 721 1847 769; x_wconf 90' lang='lat' dir='ltr'><strong>hominem</strong></span> <span class='ocrx_word' id='word_1_293' title='bbox 1871 741 2038 771; x_wconf 87' lang='lat' dir='ltr'><strong>nomen</strong></span> <span class='ocrx_word' id='word_1_294' title='bbox 2061 729 2262 788; x_wconf 89' lang='lat' dir='ltr'><strong>Scylacis</strong></span> <span class='ocrx_word' id='word_1_295' title='bbox 2285 737 2522 781; x_wconf 90' lang='lat' dir='ltr'><strong>mentitum</strong></span> <span class='ocrx_word' id='word_1_296' title='bbox 2536 755 2647 798; x_wconf 90' lang='lat' dir='ltr'><strong>esse,</strong></span> 
     </span>
     <span class='ocr_line' id='line_1_46' title="bbox 1422 797 2650 861; baseline 0.018 -22"><span class='ocrx_word' id='word_1_297' title='bbox 1422 797 1786 858; x_wconf 53' lang='lat' dir='ltr'><strong>eotimpedimun</strong></span> <span class='ocrx_word' id='word_1_298' title='bbox 1823 803 1947 861; x_wconf 92' lang='lat' dir='ltr'><strong>quod</strong></span> <span class='ocrx_word' id='word_1_299' title='bbox 1970 803 2142 849; x_wconf 87' lang='lat' dir='ltr'><strong>librum</strong></span> <span class='ocrx_word' id='word_1_300' title='bbox 2168 807 2298 851; x_wconf 90' lang='lat' dir='ltr'><strong>illum</strong></span> <span class='ocrx_word' id='word_1_301' title='bbox 2323 815 2530 858; x_wconf 86' lang='lat' dir='ltr'><strong>tractavit</strong></span> <span class='ocrx_word' id='word_1_302' title='bbox 2547 816 2650 861; x_wconf 81' lang='lat' dir='ltr'><strong>Ari-</strong></span> 
     </span>
     <span class='ocr_line' id='line_1_47' title="bbox 1423 873 2653 941; baseline 0.016 -26"><span class='ocrx_word' id='word_1_303' title='bbox 1423 873 1621 930; x_wconf 89' lang='lat' dir='ltr'><strong>stoteles,</strong></span> <span class='ocrx_word' id='word_1_304' title='bbox 1635 873 1708 934; x_wconf 88' lang='lat' dir='ltr'><strong>cuj</strong></span> <span class='ocrx_word' id='word_1_305' title='bbox 1718 891 1770 919; x_wconf 90' lang='lat' dir='ltr'><strong>us</strong></span> <span class='ocrx_word' id='word_1_306' title='bbox 1791 886 1919 922; x_wconf 85' lang='lat' dir='ltr'><strong>aetate</strong></span> <span class='ocrx_word' id='word_1_307' title='bbox 1932 878 2047 923; x_wconf 91' lang='lat' dir='ltr'><strong>illud</strong></span> <span class='ocrx_word' id='word_1_308' title='bbox 2062 880 2236 925; x_wconf 85' lang='lat' dir='ltr'><strong>fraudis</strong></span> <span class='ocrx_word' id='word_1_309' title='bbox 2249 899 2389 941; x_wconf 86' lang='lat' dir='ltr'><strong>genus</strong></span> <span class='ocrx_word' id='word_1_310' title='bbox 2402 888 2451 930; x_wconf 93' lang='lat' dir='ltr'><strong>in</strong></span> <span class='ocrx_word' id='word_1_311' title='bbox 2470 889 2653 934; x_wconf 89' lang='lat' dir='ltr'><strong>edendis</strong></span> 
     </span>
     <span class='ocr_line' id='line_1_48' title="bbox 1421 945 2649 1011; baseline 0.014 -21"><span class='ocrx_word' id='word_1_312' title='bbox 1421 945 1556 992; x_wconf 86' lang='lat' dir='ltr'><strong>libris</strong></span> <span class='ocrx_word' id='word_1_313' title='bbox 1592 951 1817 1007; x_wconf 86' lang='lat' dir='ltr'><strong>prosaicis</strong></span> <span class='ocrx_word' id='word_1_314' title='bbox 1835 952 2040 998; x_wconf 88' lang='lat' dir='ltr'><strong>nondum</strong></span> <span class='ocrx_word' id='word_1_315' title='bbox 2071 954 2283 1011; x_wconf 88' lang='lat' dir='ltr'><strong>invaluit,</strong></span> <span class='ocrx_word' id='word_1_316' title='bbox 2317 970 2436 1004; x_wconf 89' lang='lat' dir='ltr'><strong>certe</strong></span> <span class='ocrx_word' id='word_1_317' title='bbox 2473 963 2649 1007; x_wconf 91' lang='lat' dir='ltr'><strong>nullum</strong></span> 
     </span>
     <span class='ocr_line' id='line_1_49' title="bbox 1421 1022 2651 1098; baseline 0.015 -33"><span class='ocrx_word' id='word_1_318' title='bbox 1421 1022 1520 1081; x_wconf 85' lang='lat' dir='ltr'><strong>ejus</strong></span> <span class='ocrx_word' id='word_1_319' title='bbox 1540 1026 1754 1072; x_wconf 90' lang='lat' dir='ltr'><strong>novimus</strong></span> <span class='ocrx_word' id='word_1_320' title='bbox 1770 1029 2046 1087; x_wconf 82' lang='lat' dir='ltr'><strong>exemplum.</strong></span> <span class='ocrx_word' id='word_1_321' title='bbox 2067 1030 2113 1074; x_wconf 94' lang='lat' dir='ltr'><strong>Si</strong></span> <span class='ocrx_word' id='word_1_322' title='bbox 2137 1032 2249 1090; x_wconf 88' lang='lat' dir='ltr'><strong>quid</strong></span> <span class='ocrx_word' id='word_1_323' title='bbox 2270 1033 2371 1079; x_wconf 87' lang='lat' dir='ltr'><strong>falsi</strong></span> <span class='ocrx_word' id='word_1_324' title='bbox 2390 1036 2445 1080; x_wconf 92' lang='lat' dir='ltr'><strong>de</strong></span> <span class='ocrx_word' id='word_1_325' title='bbox 2467 1037 2651 1098; x_wconf 85' lang='lat' dir='ltr'><strong>Scylace</strong></span> 
     </span>
     <span class='ocr_line' id='line_1_50' title="bbox 1420 1100 2652 1164; baseline 0.015 -22"><span class='ocrx_word' id='word_1_326' title='bbox 1420 1100 1653 1158; x_wconf 91' lang='lat' dir='ltr'><strong>proditum</strong></span> <span class='ocrx_word' id='word_1_327' title='bbox 1681 1114 1764 1159; x_wconf 91' lang='lat' dir='ltr'><strong>est,</strong></span> <span class='ocrx_word' id='word_1_328' title='bbox 1797 1104 1845 1148; x_wconf 91' lang='lat' dir='ltr'><strong>id</strong></span> <span class='ocrx_word' id='word_1_329' title='bbox 1869 1121 2044 1164; x_wconf 86' lang='lat' dir='ltr'><strong>quaeras</strong></span> <span class='ocrx_word' id='word_1_330' title='bbox 2081 1107 2129 1151; x_wconf 91' lang='lat' dir='ltr'><strong>in</strong></span> <span class='ocrx_word' id='word_1_331' title='bbox 2151 1108 2382 1155; x_wconf 86' lang='lat' dir='ltr'><strong>Herodoto</strong></span> <span class='ocrx_word' id='word_1_332' title='bbox 2407 1113 2486 1157; x_wconf 85' lang='lat' dir='ltr'><strong>vix</strong></span> <span class='ocrx_word' id='word_1_333' title='bbox 2507 1117 2652 1160; x_wconf 88' lang='lat' dir='ltr'><strong>credi-</strong></span> 
     </span>
     <span class='ocr_line' id='line_1_51' title="bbox 1419 1172 2652 1245; baseline 0.015 -27"><span class='ocrx_word' id='word_1_334' title='bbox 1419 1175 1534 1220; x_wconf 82' lang='lat' dir='ltr'><strong>bilia</strong></span> <span class='ocrx_word' id='word_1_335' title='bbox 1545 1179 1767 1223; x_wconf 89' lang='lat' dir='ltr'><strong>narranti.</strong></span> <span class='ocrx_word' id='word_1_336' title='bbox 1789 1183 1902 1224; x_wconf 90' lang='lat' dir='ltr'><strong>Nam</strong></span> <span class='ocrx_word' id='word_1_337' title='bbox 1920 1198 2062 1241; x_wconf 92' lang='lat' dir='ltr'><strong>quum</strong></span> <span class='ocrx_word' id='word_1_338' title='bbox 2079 1184 2247 1230; x_wconf 86' lang='lat' dir='ltr'><strong>Darius</strong></span> <span class='ocrx_word' id='word_1_339' title='bbox 2255 1186 2463 1245; x_wconf 88' lang='lat' dir='ltr'><strong>jussisset</strong></span> <span class='ocrx_word' id='word_1_340' title='bbox 2478 1201 2527 1235; x_wconf 92' lang='lat' dir='ltr'><strong>ut</strong></span> <span class='ocrx_word' id='word_1_341' title='bbox 2550 1172 2652 1237; x_wconf 87' lang='lat' dir='ltr'><strong>Indi</strong></span> 
     </span>
     <span class='ocr_line' id='line_1_52' title="bbox 1419 1253 2651 1324; baseline 0.014 -30"><span class='ocrx_word' id='word_1_342' title='bbox 1419 1266 1582 1296; x_wconf 88' lang='lat' dir='ltr'><strong>cursus</strong></span> <span class='ocrx_word' id='word_1_343' title='bbox 1601 1253 1657 1296; x_wconf 91' lang='lat' dir='ltr'><strong>ad</strong></span> <span class='ocrx_word' id='word_1_344' title='bbox 1679 1268 1803 1299; x_wconf 90' lang='lat' dir='ltr'><strong>mare</strong></span> <span class='ocrx_word' id='word_1_345' title='bbox 1823 1271 1968 1319; x_wconf 90' lang='lat' dir='ltr'><strong>usque</strong></span> <span class='ocrx_word' id='word_1_346' title='bbox 1987 1259 2324 1320; x_wconf 84' lang='lat' dir='ltr'><strong>exploraretur,</strong></span> <span class='ocrx_word' id='word_1_347' title='bbox 2348 1262 2549 1324; x_wconf 81' lang='lat' dir='ltr'><strong>adeoque</strong></span> <span class='ocrx_word' id='word_1_348' title='bbox 2573 1283 2651 1311; x_wconf 91' lang='lat' dir='ltr'><strong>na-</strong></span> 
     </span>
     <span class='ocr_line' id='line_1_53' title="bbox 1417 1326 2653 1401; baseline 0.013 -32"><span class='ocrx_word' id='word_1_349' title='bbox 1417 1326 1696 1384; x_wconf 84' lang='lat' dir='ltr'><strong>vigationem</strong></span> <span class='ocrx_word' id='word_1_350' title='bbox 1714 1329 1763 1373; x_wconf 92' lang='lat' dir='ltr'><strong>in</strong></span> <span class='ocrx_word' id='word_1_351' title='bbox 1784 1329 1926 1375; x_wconf 91' lang='lat' dir='ltr'><strong>fluvio</strong></span> <span class='ocrx_word' id='word_1_352' title='bbox 1951 1347 1998 1377; x_wconf 92' lang='lat' dir='ltr'><strong>se</strong></span> <span class='ocrx_word' id='word_1_353' title='bbox 2022 1335 2304 1381; x_wconf 84' lang='lat' dir='ltr'><strong>continuisse</strong></span> <span class='ocrx_word' id='word_1_354' title='bbox 2326 1347 2526 1397; x_wconf 90' lang='lat' dir='ltr'><strong>putares,</strong></span> <span class='ocrx_word' id='word_1_355' title='bbox 2550 1340 2653 1401; x_wconf 88' lang='lat' dir='ltr'><strong>Scy-</strong></span> 
     </span>
     <span class='ocr_line' id='line_1_54' title="bbox 1419 1402 2651 1469; baseline 0.012 -24"><span class='ocrx_word' id='word_1_356' title='bbox 1419 1402 1494 1446; x_wconf 88' lang='lat' dir='ltr'><strong>lax</strong></span> <span class='ocrx_word' id='word_1_357' title='bbox 1512 1403 1562 1447; x_wconf 91' lang='lat' dir='ltr'><strong>in</strong></span> <span class='ocrx_word' id='word_1_358' title='bbox 1584 1420 1710 1449; x_wconf 90' lang='lat' dir='ltr'><strong>mare</strong></span> <span class='ocrx_word' id='word_1_359' title='bbox 1732 1420 1939 1463; x_wconf 85' lang='lat' dir='ltr'><strong>egressus</strong></span> <span class='ocrx_word' id='word_1_360' title='bbox 1966 1407 2109 1453; x_wconf 85' lang='lat' dir='ltr'><strong>Indiae</strong></span> <span class='ocrx_word' id='word_1_361' title='bbox 2126 1444 2138 1465; x_wconf 92' lang='lat'><strong>,</strong></span> <span class='ocrx_word' id='word_1_362' title='bbox 2175 1410 2435 1469; x_wconf 87' lang='lat' dir='ltr'><strong>Gedrosiae,</strong></span> <span class='ocrx_word' id='word_1_363' title='bbox 2470 1414 2651 1460; x_wconf 88' lang='lat' dir='ltr'><strong>Carma—</strong></span> 
     </span>
     <span class='ocr_line' id='line_1_55' title="bbox 1416 1478 2650 1546; baseline 0.012 -25"><span class='ocrx_word' id='word_1_364' title='bbox 1416 1478 1529 1534; x_wconf 87' lang='lat' dir='ltr'><strong>niae,</strong></span> <span class='ocrx_word' id='word_1_365' title='bbox 1563 1480 1745 1524; x_wconf 83' lang='lat' dir='ltr'><strong>Arabiae</strong></span> <span class='ocrx_word' id='word_1_366' title='bbox 1770 1497 1896 1525; x_wconf 90' lang='lat' dir='ltr'><strong>oram</strong></span> <span class='ocrx_word' id='word_1_367' title='bbox 1928 1483 2089 1541; x_wconf 86' lang='lat' dir='ltr'><strong>legisse</strong></span> <span class='ocrx_word' id='word_1_368' title='bbox 2116 1485 2286 1530; x_wconf 89' lang='lat' dir='ltr'><strong>dicitur</strong></span> <span class='ocrx_word' id='word_1_369' title='bbox 2306 1503 2451 1546; x_wconf 88' lang='lat' dir='ltr'><strong>usque</strong></span> <span class='ocrx_word' id='word_1_370' title='bbox 2473 1490 2521 1534; x_wconf 91' lang='lat' dir='ltr'><strong>in</strong></span> <span class='ocrx_word' id='word_1_371' title='bbox 2546 1491 2650 1536; x_wconf 90' lang='lat' dir='ltr'><strong>inti-</strong></span> 
     </span>
     <span class='ocr_line' id='line_1_56' title="bbox 1416 1557 2647 1626; baseline 0.011 -27"><span class='ocrx_word' id='word_1_372' title='bbox 1416 1571 1541 1601; x_wconf 90' lang='lat' dir='ltr'><strong>mum</strong></span> <span class='ocrx_word' id='word_1_373' title='bbox 1579 1557 1742 1602; x_wconf 84' lang='lat' dir='ltr'><strong>sinum</strong></span> <span class='ocrx_word' id='word_1_374' title='bbox 1767 1557 2014 1604; x_wconf 82' lang='lat' dir='ltr'><strong>Arabicum</strong></span> <span class='ocrx_word' id='word_1_375' title='bbox 2031 1595 2044 1616; x_wconf 92' lang='lat'><strong>,</strong></span> <span class='ocrx_word' id='word_1_376' title='bbox 2081 1576 2138 1605; x_wconf 91' lang='lat' dir='ltr'><strong>ex</strong></span> <span class='ocrx_word' id='word_1_377' title='bbox 2161 1578 2252 1621; x_wconf 89' lang='lat' dir='ltr'><strong>quo</strong></span> <span class='ocrx_word' id='word_1_378' title='bbox 2277 1564 2474 1611; x_wconf 84' lang='lat' dir='ltr'><strong>Neconis</strong></span> <span class='ocrx_word' id='word_1_379' title='bbox 2514 1566 2647 1626; x_wconf 88' lang='lat' dir='ltr'><strong>jussu</strong></span> 
     </span>
     <span class='ocr_line' id='line_1_57' title="bbox 1414 1631 2648 1700; baseline 0.01 -25"><span class='ocrx_word' id='word_1_380' title='bbox 1414 1631 1678 1688; x_wconf 85' lang='lat' dir='ltr'><strong>Phoenices,</strong></span> <span class='ocrx_word' id='word_1_381' title='bbox 1710 1633 1789 1693; x_wconf 90' lang='lat' dir='ltr'><strong>qui</strong></span> <span class='ocrx_word' id='word_1_382' title='bbox 1810 1634 2008 1679; x_wconf 90' lang='lat' dir='ltr'><strong>Africam</strong></span> <span class='ocrx_word' id='word_1_383' title='bbox 2038 1636 2511 1697; x_wconf 84' lang='lat' dir='ltr'><strong>circumnavigarunt,</strong></span> <span class='ocrx_word' id='word_1_384' title='bbox 2536 1659 2648 1700; x_wconf 89' lang='lat' dir='ltr'><strong>pro—</strong></span> 
     </span>
     <span class='ocr_line' id='line_1_58' title="bbox 1416 1707 2641 1776; baseline 0.008 -24"><span class='ocrx_word' id='word_1_385' title='bbox 1416 1707 1519 1754; x_wconf 89' lang='lat' dir='ltr'><strong>fecti</strong></span> <span class='ocrx_word' id='word_1_386' title='bbox 1562 1720 1704 1755; x_wconf 86' lang='lat' dir='ltr'><strong>erant.</strong></span> <span class='ocrx_word' id='word_1_387' title='bbox 1756 1710 2031 1773; x_wconf 86' lang='lat' dir='ltr'><strong>Conjunctio</strong></span> <span class='ocrx_word' id='word_1_388' title='bbox 2075 1712 2236 1758; x_wconf 88' lang='lat' dir='ltr'><strong>harum</strong></span> <span class='ocrx_word' id='word_1_389' title='bbox 2284 1716 2641 1776; x_wconf 78' lang='lat' dir='ltr'><strong>expeditionum,</strong></span> 
     </span>
     <span class='ocr_line' id='line_1_59' title="bbox 1414 1784 2642 1850; baseline 0.008 -23"><span class='ocrx_word' id='word_1_390' title='bbox 1414 1784 1583 1843; x_wconf 90' lang='lat' dir='ltr'><strong>quibus</strong></span> <span class='ocrx_word' id='word_1_391' title='bbox 1604 1786 1836 1830; x_wconf 88' lang='lat' dir='ltr'><strong>maritima</strong></span> <span class='ocrx_word' id='word_1_392' title='bbox 1854 1786 1911 1830; x_wconf 85' lang='lat' dir='ltr'><strong>ab</strong></span> <span class='ocrx_word' id='word_1_393' title='bbox 1929 1786 2044 1831; x_wconf 93' lang='lat' dir='ltr'><strong>Indo</strong></span> <span class='ocrx_word' id='word_1_394' title='bbox 2062 1788 2118 1832; x_wconf 90' lang='lat' dir='ltr'><strong>ad</strong></span> <span class='ocrx_word' id='word_1_395' title='bbox 2136 1788 2282 1834; x_wconf 89' lang='lat' dir='ltr'><strong>Gades</strong></span> <span class='ocrx_word' id='word_1_396' title='bbox 2301 1791 2520 1850; x_wconf 88' lang='lat' dir='ltr'><strong>patefacta</strong></span> <span class='ocrx_word' id='word_1_397' title='bbox 2536 1793 2642 1850; x_wconf 85' lang='lat' dir='ltr'><strong>sint,</strong></span> 
     </span>
     <span class='ocr_line' id='line_1_60' title="bbox 1412 1860 2642 1925; baseline 0.007 -21"><span class='ocrx_word' id='word_1_398' title='bbox 1412 1860 1656 1904; x_wconf 87' lang='lat' dir='ltr'><strong>artificium</strong></span> <span class='ocrx_word' id='word_1_399' title='bbox 1681 1861 1800 1921; x_wconf 88' lang='lat' dir='ltr'><strong>sapit</strong></span> <span class='ocrx_word' id='word_1_400' title='bbox 1818 1878 1918 1906; x_wconf 92' lang='lat' dir='ltr'><strong>cum</strong></span> <span class='ocrx_word' id='word_1_401' title='bbox 1943 1862 2026 1906; x_wconf 90' lang='lat' dir='ltr'><strong>illo</strong></span> <span class='ocrx_word' id='word_1_402' title='bbox 2052 1864 2402 1924; x_wconf 90' lang='lat' dir='ltr'><strong>comparandum</strong></span> <span class='ocrx_word' id='word_1_403' title='bbox 2420 1900 2432 1921; x_wconf 95' lang='lat'><strong>,</strong></span> <span class='ocrx_word' id='word_1_404' title='bbox 2454 1882 2544 1925; x_wconf 91' lang='lat' dir='ltr'><strong>quo</strong></span> <span class='ocrx_word' id='word_1_405' title='bbox 2564 1870 2642 1911; x_wconf 83' lang='grc' dir='ltr'><strong>τῶν</strong></span> 
     </span>
     <span class='ocr_line' id='line_1_61' title="bbox 1411 1932 2642 1997; baseline 0.006 -21"><span class='ocrx_word' id='word_1_406' title='bbox 1411 1932 1612 1994; x_wconf 81' lang='grc' dir='ltr'>διαδοχῶν</span> <span class='ocrx_word' id='word_1_407' title='bbox 1637 1935 1882 1993; x_wconf 85' lang='lat' dir='ltr'><strong>scriptores</strong></span> <span class='ocrx_word' id='word_1_408' title='bbox 1914 1951 1996 1996; x_wconf 90' lang='lat' dir='ltr'><strong>per</strong></span> <span class='ocrx_word' id='word_1_409' title='bbox 2023 1937 2281 1982; x_wconf 90' lang='lat' dir='ltr'><strong>continuam</strong></span> <span class='ocrx_word' id='word_1_410' title='bbox 2321 1939 2642 1997; x_wconf 81' lang='lat' dir='ltr'><strong>magistrorum</strong></span> 
     </span>
     <span class='ocr_line' id='line_1_62' title="bbox 1410 2007 2639 2074; baseline 0.007 -23"><span class='ocrx_word' id='word_1_411' title='bbox 1410 2007 1838 2069; x_wconf 88' lang='lat' dir='ltr'><strong>discipulorumque</strong></span> <span class='ocrx_word' id='word_1_412' title='bbox 1866 2010 2026 2055; x_wconf 90' lang='lat' dir='ltr'><strong>seriem</strong></span> <span class='ocrx_word' id='word_1_413' title='bbox 2042 2045 2054 2066; x_wconf 87' lang='lat'><strong>,</strong></span> <span class='ocrx_word' id='word_1_414' title='bbox 2091 2013 2294 2070; x_wconf 85' lang='lat' dir='ltr'><strong>neglecta</strong></span> <span class='ocrx_word' id='word_1_415' title='bbox 2329 2029 2447 2074; x_wconf 90' lang='lat' dir='ltr'><strong>saepe</strong></span> <span class='ocrx_word' id='word_1_416' title='bbox 2483 2031 2639 2059; x_wconf 87' lang='lat' dir='ltr'><strong>narra·</strong></span> 
     </span>
     <span class='ocr_line' id='line_1_63' title="bbox 1410 2084 2639 2146; baseline 0.007 -19"><span class='ocrx_word' id='word_1_417' title='bbox 1410 2084 1551 2130; x_wconf 86' lang='lat' dir='ltr'><strong>tionis</strong></span> <span class='ocrx_word' id='word_1_418' title='bbox 1573 2085 1678 2143; x_wconf 84' lang='lat' dir='ltr'><strong>fide,</strong></span> <span class='ocrx_word' id='word_1_419' title='bbox 1691 2085 2022 2146; x_wconf 83' lang='lat' dir='ltr'><strong>philosophicae</strong></span> <span class='ocrx_word' id='word_1_420' title='bbox 2034 2087 2257 2133; x_wconf 79' lang='lat' dir='ltr'><strong>doctrinae</strong></span> <span class='ocrx_word' id='word_1_421' title='bbox 2274 2089 2506 2134; x_wconf 89' lang='lat' dir='ltr'><strong>historiam</strong></span> <span class='ocrx_word' id='word_1_422' title='bbox 2525 2100 2639 2135; x_wconf 86' lang='lat' dir='ltr'><strong>texe-</strong></span> 
     </span>
     <span class='ocr_line' id='line_1_64' title="bbox 1409 2159 2633 2221; baseline 0.005 -19"><span class='ocrx_word' id='word_1_423' title='bbox 1409 2175 1457 2202; x_wconf 90' lang='lat' dir='ltr'><strong>re</strong></span> <span class='ocrx_word' id='word_1_424' title='bbox 1478 2160 1642 2206; x_wconf 87' lang='lat' dir='ltr'><strong>solent.</strong></span> <span class='ocrx_word' id='word_1_425' title='bbox 1665 2159 1918 2220; x_wconf 91' lang='lat' dir='ltr'><strong>Utriusque</strong></span> <span class='ocrx_word' id='word_1_426' title='bbox 1931 2161 2234 2221; x_wconf 85' lang='lat' dir='ltr'><strong>expeditionis</strong></span> <span class='ocrx_word' id='word_1_427' title='bbox 2256 2163 2366 2209; x_wconf 88' lang='lat' dir='ltr'><strong>fides</strong></span> <span class='ocrx_word' id='word_1_428' title='bbox 2383 2174 2449 2208; x_wconf 88' lang='lat' dir='ltr'><strong>est</strong></span> <span class='ocrx_word' id='word_1_429' title='bbox 2463 2165 2633 2209; x_wconf 86' lang='lat' dir='ltr'><strong>eadem.</strong></span> 
     </span>
     <span class='ocr_line' id='line_1_65' title="bbox 1407 2234 2638 2298; baseline 0.004 -21"><span class='ocrx_word' id='word_1_430' title='bbox 1407 2234 1507 2277; x_wconf 91' lang='lat' dir='ltr'><strong>Non</strong></span> <span class='ocrx_word' id='word_1_431' title='bbox 1517 2235 1670 2279; x_wconf 91' lang='lat' dir='ltr'><strong>nescio</strong></span> <span class='ocrx_word' id='word_1_432' title='bbox 1680 2235 2089 2294; x_wconf 85' lang='lat' dir='ltr'><strong>nonnullos‚quum</strong></span> <span class='ocrx_word' id='word_1_433' title='bbox 2096 2243 2287 2294; x_wconf 80' lang='lat' dir='ltr'><strong>potuerit</strong></span> <span class='ocrx_word' id='word_1_434' title='bbox 2294 2237 2441 2298; x_wconf 88' lang='lat' dir='ltr'><strong>Libya</strong></span> <span class='ocrx_word' id='word_1_435' title='bbox 2449 2239 2638 2284; x_wconf 88' lang='lat' dir='ltr'><strong>circum-</strong></span> 
     </span>
     <span class='ocr_line' id='line_1_66' title="bbox 1407 2311 2634 2372; baseline 0.004 -19"><span class='ocrx_word' id='word_1_436' title='bbox 1407 2311 1631 2368; x_wconf 84' lang='lat' dir='ltr'><strong>navigari,</strong></span> <span class='ocrx_word' id='word_1_437' title='bbox 1653 2325 1811 2368; x_wconf 90' lang='lat' dir='ltr'><strong>reapse</strong></span> <span class='ocrx_word' id='word_1_438' title='bbox 1834 2311 2264 2369; x_wconf 87' lang='lat' dir='ltr'><strong>circumnavigatam</strong></span> <span class='ocrx_word' id='word_1_439' title='bbox 2285 2328 2400 2371; x_wconf 78' lang='lat' dir='ltr'><strong>esse,</strong></span> <span class='ocrx_word' id='word_1_440' title='bbox 2416 2314 2634 2372; x_wconf 91' lang='lat' dir='ltr'><strong>quoniam</strong></span> 
     </span>
     <span class='ocr_line' id='line_1_67' title="bbox 1406 2385 2631 2447; baseline 0.003 -18"><span class='ocrx_word' id='word_1_441' title='bbox 1406 2386 1471 2429; x_wconf 91' lang='lat' dir='ltr'><strong>sic</strong></span> <span class='ocrx_word' id='word_1_442' title='bbox 1506 2385 1762 2428; x_wconf 87' lang='lat' dir='ltr'><strong>Herodotus</strong></span> <span class='ocrx_word' id='word_1_443' title='bbox 1794 2386 2042 2443; x_wconf 85' lang='lat' dir='ltr'><strong>acceperit,</strong></span> <span class='ocrx_word' id='word_1_444' title='bbox 2075 2387 2160 2429; x_wconf 88' lang='lat' dir='ltr'><strong>sibi</strong></span> <span class='ocrx_word' id='word_1_445' title='bbox 2188 2387 2467 2445; x_wconf 87' lang='lat' dir='ltr'><strong>persuasisse</strong></span> <span class='ocrx_word' id='word_1_446' title='bbox 2505 2388 2590 2447; x_wconf 54' lang='grc' dir='ltr'><strong>(Η)</strong></span> <span class='ocrx_word' id='word_1_447' title='bbox 2617 2404 2631 2433; x_wconf 75' lang='lat' dir='ltr'><strong>t</strong></span> 
     </span>
     <span class='ocr_line' id='line_1_68' title="bbox 1404 2456 2628 2521; baseline 0.002 -15"><span class='ocrx_word' id='word_1_448' title='bbox 1404 2462 1526 2506; x_wconf 88' lang='lat' dir='ltr'><strong>idem</strong></span> <span class='ocrx_word' id='word_1_449' title='bbox 1546 2476 1657 2506; x_wconf 87' lang='lat' dir='ltr'><strong>vero</strong></span> <span class='ocrx_word' id='word_1_450' title='bbox 1688 2461 1783 2505; x_wconf 93' lang='lat' dir='ltr'><strong>scio</strong></span> <span class='ocrx_word' id='word_1_451' title='bbox 1807 2476 1954 2520; x_wconf 91' lang='lat' dir='ltr'><strong>neque</strong></span> <span class='ocrx_word' id='word_1_452' title='bbox 1978 2456 2256 2506; x_wconf 90' lang='lat' dir='ltr'><strong>Herodotum</strong></span> <span class='ocrx_word' id='word_1_453' title='bbox 2280 2471 2445 2521; x_wconf 90' lang='lat' dir='ltr'><strong>praeter</strong></span> <span class='ocrx_word' id='word_1_454' title='bbox 2468 2463 2628 2508; x_wconf 88' lang='lat' dir='ltr'><strong>famam</strong></span> 
     </span>
     <span class='ocr_line' id='line_1_69' title="bbox 1404 2536 2631 2597; baseline 0.002 -16"><span class='ocrx_word' id='word_1_455' title='bbox 1404 2541 1535 2582; x_wconf 89' lang='lat' dir='ltr'><strong>istam</strong></span> <span class='ocrx_word' id='word_1_456' title='bbox 1565 2537 1793 2596; x_wconf 87' lang='lat' dir='ltr'><strong>accepisse</strong></span> <span class='ocrx_word' id='word_1_457' title='bbox 1814 2536 1990 2596; x_wconf 91' lang='lat' dir='ltr'><strong>aliquid</strong></span> <span class='ocrx_word' id='word_1_458' title='bbox 2006 2571 2018 2592; x_wconf 88' lang='lat'><strong>,</strong></span> <span class='ocrx_word' id='word_1_459' title='bbox 2050 2553 2140 2595; x_wconf 91' lang='lat' dir='ltr'><strong>quo</strong></span> <span class='ocrx_word' id='word_1_460' title='bbox 2165 2537 2220 2581; x_wconf 91' lang='lat' dir='ltr'><strong>de</strong></span> <span class='ocrx_word' id='word_1_461' title='bbox 2239 2536 2385 2597; x_wconf 87' lang='lat' dir='ltr'><strong>Libya</strong></span> <span class='ocrx_word' id='word_1_462' title='bbox 2419 2540 2631 2583; x_wconf 89' lang='lat' dir='ltr'><strong>meridio-</strong></span> 
     </span>
     <span class='ocr_line' id='line_1_70' title="bbox 1404 2612 2632 2674; baseline 0.002 -17"><span class='ocrx_word' id='word_1_463' title='bbox 1404 2614 1498 2658; x_wconf 89' lang='lat' dir='ltr'><strong>nali</strong></span> <span class='ocrx_word' id='word_1_464' title='bbox 1533 2613 1786 2657; x_wconf 88' lang='lat' dir='ltr'><strong>accuratius</strong></span> <span class='ocrx_word' id='word_1_465' title='bbox 1837 2612 2121 2671; x_wconf 87' lang='lat' dir='ltr'><strong>edoceretur,</strong></span> <span class='ocrx_word' id='word_1_466' title='bbox 2168 2627 2329 2672; x_wconf 22' lang='lat' dir='ltr'><strong>neque,</strong></span> <span class='ocrx_word' id='word_1_467' title='bbox 2354 2615 2632 2674; x_wconf 85' lang='lat' dir='ltr'><strong>geographos</strong></span> 
     </span>
     <span class='ocr_line' id='line_1_71' title="bbox 1404 2686 2632 2747; baseline 0 -14"><span class='ocrx_word' id='word_1_468' title='bbox 1404 2687 1764 2743; x_wconf 86' lang='lat' dir='ltr'><strong>Alexandrinos;</strong></span> <span class='ocrx_word' id='word_1_469' title='bbox 1811 2687 1889 2744; x_wconf 91' lang='lat' dir='ltr'><strong>qui</strong></span> <span class='ocrx_word' id='word_1_470' title='bbox 1917 2687 2144 2747; x_wconf 18' lang='lat' dir='ltr'><strong>silcertius</strong></span> <span class='ocrx_word' id='word_1_471' title='bbox 2175 2686 2411 2747; x_wconf 90' lang='lat' dir='ltr'><strong>quippiam</strong></span> <span class='ocrx_word' id='word_1_472' title='bbox 2440 2688 2496 2732; x_wconf 91' lang='lat' dir='ltr'><strong>de</strong></span> <span class='ocrx_word' id='word_1_473' title='bbox 2518 2704 2570 2733; x_wconf 90' lang='lat' dir='ltr'><strong>ea</strong></span> <span class='ocrx_word' id='word_1_474' title='bbox 2586 2706 2632 2733; x_wconf 89' lang='lat' dir='ltr'><strong>re</strong></span> 
     </span>
     <span class='ocr_line' id='line_1_72' title="bbox 1404 2761 2634 2822; baseline 0 -14"><span class='ocrx_word' id='word_1_475' title='bbox 1404 2765 1453 2808; x_wconf 92' lang='lat' dir='ltr'><strong>in</strong></span> <span class='ocrx_word' id='word_1_476' title='bbox 1473 2763 1713 2808; x_wconf 87' lang='lat' dir='ltr'><strong>annalibus</strong></span> <span class='ocrx_word' id='word_1_477' title='bbox 1743 2762 2062 2822; x_wconf 84' lang='lat' dir='ltr'><strong>AEgyptiorum</strong></span> <span class='ocrx_word' id='word_1_478' title='bbox 2092 2761 2308 2806; x_wconf 92' lang='lat' dir='ltr'><strong>traditum</strong></span> <span class='ocrx_word' id='word_1_479' title='bbox 2332 2773 2464 2819; x_wconf 90' lang='lat' dir='ltr'><strong>esset,</strong></span> <span class='ocrx_word' id='word_1_480' title='bbox 2490 2765 2634 2822; x_wconf 84' lang='lat' dir='ltr'><strong>negli-</strong></span> 
     </span>
     <span class='ocr_line' id='line_1_73' title="bbox 1405 2839 2627 2900; baseline -0.002 -14"><span class='ocrx_word' id='word_1_481' title='bbox 1405 2857 1512 2900; x_wconf 85' lang='lat' dir='ltr'><strong>gere</strong></span> <span class='ocrx_word' id='word_1_482' title='bbox 1534 2841 1582 2885; x_wconf 91' lang='lat' dir='ltr'><strong>id</strong></span> <span class='ocrx_word' id='word_1_483' title='bbox 1607 2839 1797 2884; x_wconf 89' lang='lat' dir='ltr'><strong>omnino</strong></span> <span class='ocrx_word' id='word_1_484' title='bbox 1817 2855 1909 2883; x_wconf 92' lang='lat' dir='ltr'><strong>non</strong></span> <span class='ocrx_word' id='word_1_485' title='bbox 1926 2848 2133 2897; x_wconf 89' lang='lat' dir='ltr'><strong>potuere,</strong></span> <span class='ocrx_word' id='word_1_486' title='bbox 2159 2854 2307 2898; x_wconf 91' lang='lat' dir='ltr'><strong>neque</strong></span> <span class='ocrx_word' id='word_1_487' title='bbox 2328 2839 2627 2897; x_wconf 88' lang='lat' dir='ltr'><strong>Posidonius,</strong></span> 
     </span>
     <span class='ocr_line' id='line_1_74' title="bbox 1405 2915 2632 2979; baseline -0.003 -16"><span class='ocrx_word' id='word_1_488' title='bbox 1405 2934 1544 2979; x_wconf 90' lang='lat' dir='ltr'><strong>quum</strong></span> <span class='ocrx_word' id='word_1_489' title='bbox 1564 2917 1759 2962; x_wconf 88' lang='lat' dir='ltr'><strong>similem</strong></span> <span class='ocrx_word' id='word_1_490' title='bbox 1789 2915 1969 2960; x_wconf 90' lang='lat' dir='ltr'><strong>Eudoxi</strong></span> <span class='ocrx_word' id='word_1_491' title='bbox 1991 2915 2146 2959; x_wconf 91' lang='lat' dir='ltr'><strong>Cnidii</strong></span> <span class='ocrx_word' id='word_1_492' title='bbox 2176 2915 2512 2973; x_wconf 85' lang='lat' dir='ltr'><strong>navigationem</strong></span> <span class='ocrx_word' id='word_1_493' title='bbox 2531 2932 2632 2960; x_wconf 86' lang='lat' dir='ltr'><strong>cre-</strong></span> 
     </span>
    </p>
   </div>
   <div class='ocr_carea' id='block_1_8' title="bbox 49 3033 2630 4109">
    <p class='ocr_par' dir='ltr' id='par_1_10' title="bbox 81 3033 2630 3929">
     <span class='ocr_line' id='line_1_75' title="bbox 90 3033 2630 3099; baseline 0.001 -28"><span class='ocrx_word' id='word_1_494' title='bbox 90 3039 94 3043; x_wconf 72' lang='grc'><strong><em>’</em></strong></span> <span class='ocrx_word' id='word_1_495' title='bbox 141 3033 188 3083; x_wconf 77' lang='lat'><strong>(*)</strong></span> <span class='ocrx_word' id='word_1_496' title='bbox 209 3037 282 3072; x_wconf 82' lang='lat' dir='ltr'><strong>Pro</strong></span> <span class='ocrx_word' id='word_1_497' title='bbox 302 3033 544 3083; x_wconf 86' lang='grc' dir='ltr'>Κασπάτυρος</span> <span class='ocrx_word' id='word_1_498' title='bbox 562 3035 634 3082; x_wconf 82' lang='lat' dir='ltr'><strong>leg.</strong></span> <span class='ocrx_word' id='word_1_499' title='bbox 655 3045 734 3073; x_wconf 87' lang='lat' dir='ltr'><strong>esse</strong></span> <span class='ocrx_word' id='word_1_500' title='bbox 754 3036 1019 3085; x_wconf 83' lang='grc' dir='ltr'>Κασπάπυρος,</span> <span class='ocrx_word' id='word_1_501' title='bbox 1036 3039 1091 3076; x_wconf 92' lang='lat' dir='ltr'><strong>uti</strong></span> <span class='ocrx_word' id='word_1_502' title='bbox 1105 3049 1150 3076; x_wconf 82' lang='lat' dir='ltr'><strong>ex</strong></span> <span class='ocrx_word' id='word_1_503' title='bbox 1172 3041 1348 3078; x_wconf 77' lang='lat' dir='ltr'><strong>Hecataeo</strong></span> <span class='ocrx_word' id='word_1_504' title='bbox 1360 3040 1490 3078; x_wconf 84' lang='lat' dir='ltr'><strong>scribit</strong></span> <span class='ocrx_word' id='word_1_505' title='bbox 1502 3037 1713 3086; x_wconf 86' lang='lat' dir='ltr'><strong>Stephanus</strong></span> <span class='ocrx_word' id='word_1_506' title='bbox 1732 3037 1958 3086; x_wconf 83' lang='lat' dir='ltr'><strong>Byzantius,</strong></span> <span class='ocrx_word' id='word_1_507' title='bbox 1976 3038 2130 3075; x_wconf 88' lang='lat' dir='ltr'><strong>monent</strong></span> <span class='ocrx_word' id='word_1_508' title='bbox 2149 3035 2217 3073; x_wconf 85' lang='lat' dir='ltr'><strong>viri</strong></span> <span class='ocrx_word' id='word_1_509' title='bbox 2232 3036 2346 3074; x_wconf 89' lang='lat' dir='ltr'><strong>docti.</strong></span> <span class='ocrx_word' id='word_1_510' title='bbox 2366 3038 2430 3074; x_wconf 89' lang='lat' dir='ltr'><strong>Est</strong></span> <span class='ocrx_word' id='word_1_511' title='bbox 2454 3037 2630 3099; x_wconf 76' lang='lat' dir='ltr'><strong>hodierna</strong></span> 
     </span>
     <span class='ocr_line' id='line_1_76' title="bbox 93 3092 2627 3141; baseline -0 -12"><span class='ocrx_word' id='word_1_512' title='bbox 93 3092 264 3138; x_wconf 70' lang='lat' dir='ltr'><strong>Kacmir</strong></span> <span class='ocrx_word' id='word_1_513' title='bbox 283 3092 363 3129; x_wconf 87' lang='lat' dir='ltr'><strong>sive</strong></span> <span class='ocrx_word' id='word_1_514' title='bbox 385 3092 587 3130; x_wconf 78' lang='lat' dir='ltr'><strong>Cachmir.</strong></span> <span class='ocrx_word' id='word_1_515' title='bbox 618 3092 823 3139; x_wconf 87' lang='lat' dir='ltr'><strong>Regionem</strong></span> <span class='ocrx_word' id='word_1_516' title='bbox 848 3094 1114 3140; x_wconf 74' lang='lat' dir='ltr'><strong>Kacmirasec.</strong></span> <span class='ocrx_word' id='word_1_517' title='bbox 1141 3096 1322 3135; x_wconf 90' lang='lat' dir='ltr'><strong>Indorum</strong></span> <span class='ocrx_word' id='word_1_518' title='bbox 1340 3096 1486 3135; x_wconf 81' lang='lat' dir='ltr'><strong>fabulas</strong></span> <span class='ocrx_word' id='word_1_519' title='bbox 1502 3095 1644 3133; x_wconf 87' lang='lat' dir='ltr'><strong>creavit</strong></span> <span class='ocrx_word' id='word_1_520' title='bbox 1667 3094 1839 3132; x_wconf 81' lang='lat' dir='ltr'><strong>Brahniae</strong></span> <span class='ocrx_word' id='word_1_521' title='bbox 1865 3103 1982 3141; x_wconf 87' lang='lat' dir='ltr'><strong>nepos</strong></span> <span class='ocrx_word' id='word_1_522' title='bbox 2004 3093 2203 3140; x_wconf 78' lang='lat' dir='ltr'><strong>Kacjapa.</strong></span> <span class='ocrx_word' id='word_1_523' title='bbox 2223 3092 2322 3130; x_wconf 91' lang='lat' dir='ltr'><strong>Urbs</strong></span> <span class='ocrx_word' id='word_1_524' title='bbox 2340 3092 2514 3139; x_wconf 78' lang='lat' dir='ltr'><strong>Kacjapne</strong></span> <span class='ocrx_word' id='word_1_525' title='bbox 2531 3092 2627 3129; x_wconf 90' lang='lat' dir='ltr'><strong>indi-</strong></span> 
     </span>
     <span class='ocr_line' id='line_1_77' title="bbox 92 3147 2629 3216; baseline 0 -31"><span class='ocrx_word' id='word_1_526' title='bbox 92 3157 135 3186; x_wconf 83' lang='lat' dir='ltr'><strong>ce</strong></span> <span class='ocrx_word' id='word_1_527' title='bbox 149 3147 306 3186; x_wconf 89' lang='lat' dir='ltr'><strong>dicenda</strong></span> <span class='ocrx_word' id='word_1_528' title='bbox 323 3150 405 3186; x_wconf 87' lang='lat' dir='ltr'><strong>erat</strong></span> <span class='ocrx_word' id='word_1_529' title='bbox 421 3148 714 3196; x_wconf 70' lang='lat' dir='ltr'><strong>Kacjapapura</strong></span> <span class='ocrx_word' id='word_1_530' title='bbox 725 3161 741 3194; x_wconf 89' lang='lat'><em>;</em></span> <span class='ocrx_word' id='word_1_531' title='bbox 757 3149 843 3186; x_wconf 89' lang='lat' dir='ltr'><strong>hinc</strong></span> <span class='ocrx_word' id='word_1_532' title='bbox 857 3152 984 3187; x_wconf 90' lang='lat' dir='ltr'><strong>ortum</strong></span> <span class='ocrx_word' id='word_1_533' title='bbox 1006 3152 1227 3190; x_wconf 85' lang='lat' dir='ltr'><strong>Graecorum</strong></span> <span class='ocrx_word' id='word_1_534' title='bbox 1244 3152 1511 3201; x_wconf 83' lang='grc' dir='ltr'>Κασπάπυρος,</span> <span class='ocrx_word' id='word_1_535' title='bbox 1530 3152 1573 3188; x_wconf 92' lang='lat' dir='ltr'><strong>ut</strong></span> <span class='ocrx_word' id='word_1_536' title='bbox 1585 3160 1672 3187; x_wconf 90' lang='lat' dir='ltr'><strong>cuin</strong></span> <span class='ocrx_word' id='word_1_537' title='bbox 1694 3151 1868 3189; x_wconf 87' lang='lat' dir='ltr'><strong>Wilsono</strong></span> <span class='ocrx_word' id='word_1_538' title='bbox 1888 3150 1900 3197; x_wconf 94' lang='lat'>(</span> <span class='ocrx_word' id='word_1_539' title='bbox 1918 3154 1979 3186; x_wconf 91' lang='lat' dir='ltr'><strong>As.</strong></span> <span class='ocrx_word' id='word_1_540' title='bbox 2001 3151 2083 3187; x_wconf 88' lang='lat' dir='ltr'><strong>Res.</strong></span> <span class='ocrx_word' id='word_1_541' title='bbox 2100 3150 2184 3194; x_wconf 91' lang='lat' dir='ltr'><strong>XV,</strong></span> <span class='ocrx_word' id='word_1_542' title='bbox 2204 3158 2241 3195; x_wconf 87' lang='lat' dir='ltr'><strong>p.</strong></span> <span class='ocrx_word' id='word_1_543' title='bbox 2272 3149 2354 3194; x_wconf 88' lang='lat'>117)</span> <span class='ocrx_word' id='word_1_544' title='bbox 2372 3151 2523 3184; x_wconf 87' lang='lat' dir='ltr'><strong>censent</strong></span> <span class='ocrx_word' id='word_1_545' title='bbox 2543 3150 2629 3216; x_wconf 68' lang='lat' dir='ltr'><strong>Las-</strong></span> 
     </span>
     <span class='ocr_line' id='line_1_78' title="bbox 92 3203 2626 3266; baseline -0.001 -24"><span class='ocrx_word' id='word_1_546' title='bbox 92 3214 158 3242; x_wconf 85' lang='lat' dir='ltr'><strong>sen</strong></span> <span class='ocrx_word' id='word_1_547' title='bbox 173 3204 265 3241; x_wconf 86' lang='lat' dir='ltr'><strong>Ind.</strong></span> <span class='ocrx_word' id='word_1_548' title='bbox 287 3204 463 3242; x_wconf 80' lang='lat' dir='ltr'><strong>Alcertlz.</strong></span> <span class='ocrx_word' id='word_1_549' title='bbox 488 3206 519 3251; x_wconf 90' lang='lat' dir='ltr'><strong>l,</strong></span> <span class='ocrx_word' id='word_1_550' title='bbox 539 3215 575 3251; x_wconf 90' lang='lat' dir='ltr'><strong>p.</strong></span> <span class='ocrx_word' id='word_1_551' title='bbox 590 3207 636 3243; x_wconf 85' lang='lat'><strong>42</strong></span> <span class='ocrx_word' id='word_1_552' title='bbox 654 3206 733 3243; x_wconf 84' lang='lat' dir='ltr'><strong>not.</strong></span> <span class='ocrx_word' id='word_1_553' title='bbox 755 3207 792 3243; x_wconf 89' lang='lat' dir='ltr'><strong>et</strong></span> <span class='ocrx_word' id='word_1_554' title='bbox 807 3206 973 3243; x_wconf 87' lang='lat' dir='ltr'><strong>Ritterus</strong></span> <span class='ocrx_word' id='word_1_555' title='bbox 988 3209 1041 3245; x_wconf 91' lang='lat'><strong>111</strong></span> <span class='ocrx_word' id='word_1_556' title='bbox 1056 3236 1067 3254; x_wconf 87' lang='lat'>‚</span> <span class='ocrx_word' id='word_1_557' title='bbox 1097 3219 1133 3255; x_wconf 90' lang='lat' dir='ltr'><strong>p.</strong></span> <span class='ocrx_word' id='word_1_558' title='bbox 1158 3213 1266 3248; x_wconf 78' lang='lat'><strong>1087.</strong></span> <span class='ocrx_word' id='word_1_559' title='bbox 1286 3208 1398 3257; x_wconf 88' lang='lat' dir='ltr'><strong>Apud</strong></span> <span class='ocrx_word' id='word_1_560' title='bbox 1423 3206 1645 3256; x_wconf 78' lang='lat' dir='ltr'><strong>posteriores</strong></span> <span class='ocrx_word' id='word_1_561' title='bbox 1666 3206 1867 3254; x_wconf 85' lang='lat' dir='ltr'><strong>scriptores</strong></span> <span class='ocrx_word' id='word_1_562' title='bbox 1897 3204 2011 3242; x_wconf 86' lang='lat' dir='ltr'><strong>babes</strong></span> <span class='ocrx_word' id='word_1_563' title='bbox 2034 3203 2398 3266; x_wconf 39' lang='lat' dir='ltr'><strong>contractas-formas</strong></span> <span class='ocrx_word' id='word_1_564' title='bbox 2418 3204 2626 3265; x_wconf 70' lang='grc' dir='ltr'>Κασπηρια,</span> 
     </span>
     <span class='ocr_line' id='line_1_79' title="bbox 92 3257 2628 3323; baseline -0.001 -26"><span class='ocrx_word' id='word_1_565' title='bbox 92 3261 333 3309; x_wconf 83' lang='grc' dir='ltr'>Κασπειραῖοι</span> <span class='ocrx_word' id='word_1_566' title='bbox 352 3260 479 3308; x_wconf 85' lang='lat' dir='ltr'><strong>(Ptol.</strong></span> <span class='ocrx_word' id='word_1_567' title='bbox 510 3261 606 3307; x_wconf 83' lang='lat' dir='ltr'><strong>Vll,</strong></span> <span class='ocrx_word' id='word_1_568' title='bbox 643 3267 656 3297; x_wconf 87' lang='lat'>1</span> <span class='ocrx_word' id='word_1_569' title='bbox 677 3261 691 3309; x_wconf 94' lang='lat'>)</span> <span class='ocrx_word' id='word_1_570' title='bbox 717 3263 756 3299; x_wconf 89' lang='lat' dir='ltr'><strong>et</strong></span> <span class='ocrx_word' id='word_1_571' title='bbox 782 3263 987 3311; x_wconf 84' lang='grc' dir='ltr'>Κασπειροὶ</span> <span class='ocrx_word' id='word_1_572' title='bbox 1006 3264 1182 3310; x_wconf 87' lang='lat' dir='ltr'><strong>(Dionys.</strong></span> <span class='ocrx_word' id='word_1_573' title='bbox 1210 3265 1248 3302; x_wconf 90' lang='lat' dir='ltr'><strong>in</strong></span> <span class='ocrx_word' id='word_1_574' title='bbox 1276 3263 1479 3303; x_wconf 87' lang='lat' dir='ltr'><strong>Bassaricis</strong></span> <span class='ocrx_word' id='word_1_575' title='bbox 1507 3273 1569 3310; x_wconf 90' lang='lat' dir='ltr'><strong>ap.</strong></span> <span class='ocrx_word' id='word_1_576' title='bbox 1594 3263 1650 3300; x_wconf 85' lang='lat' dir='ltr'><strong>st.</strong></span> <span class='ocrx_word' id='word_1_577' title='bbox 1673 3263 1713 3300; x_wconf 89' lang='lat' dir='ltr'><strong>B.</strong></span> <span class='ocrx_word' id='word_1_578' title='bbox 1732 3261 1761 3310; x_wconf 94' lang='lat'><strong>).</strong></span> <span class='ocrx_word' id='word_1_579' title='bbox 1779 3284 1828 3293; x_wconf 93' lang='lat'>—</span> <span class='ocrx_word' id='word_1_580' title='bbox 1855 3260 2018 3303; x_wconf 77' lang='grc' dir='ltr'>Πακτύες</span> <span class='ocrx_word' id='word_1_581' title='bbox 2039 3262 2126 3323; x_wconf 72' lang='lat' dir='ltr'><strong>sunt</strong></span> <span class='ocrx_word' id='word_1_582' title='bbox 2161 3269 2311 3323; x_wconf 77' lang='lat' dir='ltr'><strong>nomine</strong></span> <span class='ocrx_word' id='word_1_583' title='bbox 2333 3260 2440 3321; x_wconf 76' lang='lat' dir='ltr'><strong>tenus</strong></span> <span class='ocrx_word' id='word_1_584' title='bbox 2461 3257 2628 3319; x_wconf 81' lang='lat' dir='ltr'><strong>hodierni</strong></span> 
     </span>
     <span class='ocr_line' id='line_1_80' title="bbox 93 3312 2627 3376; baseline -0.001 -23"><span class='ocrx_word' id='word_1_585' title='bbox 93 3314 314 3362; x_wconf 63' lang='lat' dir='ltr'><strong>4f9hanes,</strong></span> <span class='ocrx_word' id='word_1_586' title='bbox 337 3316 456 3363; x_wconf 89' lang='lat' dir='ltr'><strong>quise</strong></span> <span class='ocrx_word' id='word_1_587' title='bbox 471 3316 541 3364; x_wconf 88' lang='lat' dir='ltr'><strong>ipsi</strong></span> <span class='ocrx_word' id='word_1_588' title='bbox 560 3318 700 3355; x_wconf 89' lang='lat' dir='ltr'><strong>vocant</strong></span> <span class='ocrx_word' id='word_1_589' title='bbox 719 3317 907 3356; x_wconf 74' lang='lat' dir='ltr'><strong>Pashtun</strong></span> <span class='ocrx_word' id='word_1_590' title='bbox 935 3322 973 3356; x_wconf 89' lang='lat' dir='ltr'><strong>et</strong></span> <span class='ocrx_word' id='word_1_591' title='bbox 998 3319 1196 3358; x_wconf 72' lang='lat' dir='ltr'><strong>Palclztun</strong></span> <span class='ocrx_word' id='word_1_592' title='bbox 1227 3320 1285 3367; x_wconf 91' lang='lat' dir='ltr'><strong>(v.</strong></span> <span class='ocrx_word' id='word_1_593' title='bbox 1308 3323 1458 3360; x_wconf 86' lang='lat' dir='ltr'><strong>Lassen.</strong></span> <span class='ocrx_word' id='word_1_594' title='bbox 1483 3321 1512 3364; x_wconf 92' lang='lat'><strong>1,</strong></span> <span class='ocrx_word' id='word_1_595' title='bbox 1538 3329 1574 3367; x_wconf 89' lang='lat' dir='ltr'><strong>p.</strong></span> <span class='ocrx_word' id='word_1_596' title='bbox 1604 3319 1725 3365; x_wconf 84' lang='lat'>432);</span> <span class='ocrx_word' id='word_1_597' title='bbox 1752 3317 1924 3354; x_wconf 89' lang='lat' dir='ltr'><strong>habitant</strong></span> <span class='ocrx_word' id='word_1_598' title='bbox 1943 3317 1981 3352; x_wconf 90' lang='lat' dir='ltr'><strong>in</strong></span> <span class='ocrx_word' id='word_1_599' title='bbox 2004 3314 2172 3353; x_wconf 78' lang='lat' dir='ltr'><strong>orientali</strong></span> <span class='ocrx_word' id='word_1_600' title='bbox 2194 3316 2229 3376; x_wconf 75' lang='lat' dir='ltr'><strong>et</strong></span> <span class='ocrx_word' id='word_1_601' title='bbox 2251 3313 2391 3350; x_wconf 86' lang='lat' dir='ltr'><strong>boreali</strong></span> <span class='ocrx_word' id='word_1_602' title='bbox 2414 3312 2530 3375; x_wconf 75' lang='lat' dir='ltr'><strong>Indiae</strong></span> <span class='ocrx_word' id='word_1_603' title='bbox 2550 3315 2627 3375; x_wconf 73' lang='lat' dir='ltr'><strong>tra-</strong></span> 
     </span>
     <span class='ocr_line' id='line_1_81' title="bbox 92 3367 2628 3432; baseline 0 -26"><span class='ocrx_word' id='word_1_604' title='bbox 92 3370 170 3416; x_wconf 87' lang='lat' dir='ltr'><strong>ctu,</strong></span> <span class='ocrx_word' id='word_1_605' title='bbox 195 3369 241 3406; x_wconf 88' lang='lat' dir='ltr'><strong>ab</strong></span> <span class='ocrx_word' id='word_1_606' title='bbox 265 3371 409 3408; x_wconf 86' lang='lat' dir='ltr'><strong>oriente</strong></span> <span class='ocrx_word' id='word_1_607' title='bbox 430 3371 687 3419; x_wconf 88' lang='lat' dir='ltr'><strong>Sagartiorum</strong></span> <span class='ocrx_word' id='word_1_608' title='bbox 713 3372 726 3419; x_wconf 96' lang='lat'>(</span> <span class='ocrx_word' id='word_1_609' title='bbox 747 3373 885 3410; x_wconf 89' lang='lat' dir='ltr'><strong>Herod.</strong></span> <span class='ocrx_word' id='word_1_610' title='bbox 920 3376 1006 3419; x_wconf 88' lang='lat' dir='ltr'><strong>Vll,</strong></span> <span class='ocrx_word' id='word_1_611' title='bbox 1026 3375 1120 3422; x_wconf 87' lang='lat'><strong>85),</strong></span> <span class='ocrx_word' id='word_1_612' title='bbox 1146 3374 1368 3413; x_wconf 87' lang='lat' dir='ltr'><strong>contermini</strong></span> <span class='ocrx_word' id='word_1_613' title='bbox 1389 3384 1520 3411; x_wconf 88' lang='lat' dir='ltr'><strong>eorum</strong></span> <span class='ocrx_word' id='word_1_614' title='bbox 1540 3373 1604 3420; x_wconf 86' lang='lat' dir='ltr'><strong>qui</strong></span> <span class='ocrx_word' id='word_1_615' title='bbox 1622 3372 1669 3409; x_wconf 91' lang='lat' dir='ltr'><strong>ad</strong></span> <span class='ocrx_word' id='word_1_616' title='bbox 1695 3382 1828 3409; x_wconf 89' lang='lat' dir='ltr'><strong>aurum</strong></span> <span class='ocrx_word' id='word_1_617' title='bbox 1850 3373 1888 3407; x_wconf 91' lang='lat' dir='ltr'><strong>in</strong></span> <span class='ocrx_word' id='word_1_618' title='bbox 1908 3371 2055 3407; x_wconf 88' lang='lat' dir='ltr'><strong>deserto</strong></span> <span class='ocrx_word' id='word_1_619' title='bbox 2070 3368 2368 3432; x_wconf 76' lang='lat' dir='ltr'><strong>conquirendum</strong></span> <span class='ocrx_word' id='word_1_620' title='bbox 2388 3367 2571 3415; x_wconf 75' lang='lat' dir='ltr'><strong>proficisci</strong></span> <span class='ocrx_word' id='word_1_621' title='bbox 2592 3371 2628 3432; x_wconf 73' lang='lat' dir='ltr'><strong>et</strong></span> 
     </span>
     <span class='ocr_line' id='line_1_82' title="bbox 90 3424 2626 3490; baseline 0 -29"><span class='ocrx_word' id='word_1_622' title='bbox 90 3433 115 3461; x_wconf 86' lang='lat' dir='ltr'><strong>a</strong></span> <span class='ocrx_word' id='word_1_623' title='bbox 139 3426 370 3471; x_wconf 87' lang='lat' dir='ltr'><strong>septentione</strong></span> <span class='ocrx_word' id='word_1_624' title='bbox 388 3427 622 3474; x_wconf 89' lang='lat' dir='ltr'><strong>reliquorum</strong></span> <span class='ocrx_word' id='word_1_625' title='bbox 659 3427 840 3465; x_wconf 84' lang='lat' dir='ltr'><strong>ludorum</strong></span> <span class='ocrx_word' id='word_1_626' title='bbox 864 3429 968 3467; x_wconf 87' lang='lat' dir='ltr'><strong>sedes</strong></span> <span class='ocrx_word' id='word_1_627' title='bbox 1004 3429 1142 3468; x_wconf 86' lang='lat' dir='ltr'><strong>habere</strong></span> <span class='ocrx_word' id='word_1_628' title='bbox 1163 3430 1365 3468; x_wconf 90' lang='lat' dir='ltr'><strong>traduntur</strong></span> <span class='ocrx_word' id='word_1_629' title='bbox 1399 3428 1556 3476; x_wconf 87' lang='lat' dir='ltr'><strong>(Herod.</strong></span> <span class='ocrx_word' id='word_1_630' title='bbox 1585 3430 1654 3475; x_wconf 91' lang='lat'><strong>111,</strong></span> <span class='ocrx_word' id='word_1_631' title='bbox 1680 3433 1745 3465; x_wconf 85' lang='lat'><strong>102</strong></span> <span class='ocrx_word' id='word_1_632' title='bbox 1761 3427 1787 3475; x_wconf 90' lang='lat'><strong>).</strong></span> <span class='ocrx_word' id='word_1_633' title='bbox 1816 3426 2019 3490; x_wconf 77' lang='lat' dir='ltr'><strong>Regionem</strong></span> <span class='ocrx_word' id='word_1_634' title='bbox 2045 3425 2159 3462; x_wconf 89' lang='lat' dir='ltr'><strong>altam</strong></span> <span class='ocrx_word' id='word_1_635' title='bbox 2183 3424 2388 3461; x_wconf 87' lang='lat' dir='ltr'><strong>incolentes</strong></span> <span class='ocrx_word' id='word_1_636' title='bbox 2419 3425 2572 3470; x_wconf 86' lang='lat' dir='ltr'><strong>Pactyes</strong></span> <span class='ocrx_word' id='word_1_637' title='bbox 2592 3436 2626 3488; x_wconf 53' lang='lat'><strong>¹1¹¹</strong></span> 
     </span>
     <span class='ocr_line' id='line_1_83' title="bbox 93 3479 2625 3543; baseline -0.001 -27"><span class='ocrx_word' id='word_1_638' title='bbox 93 3480 229 3516; x_wconf 84' lang='lat' dir='ltr'><strong>Xerxis</strong></span> <span class='ocrx_word' id='word_1_639' title='bbox 248 3482 414 3519; x_wconf 86' lang='lat' dir='ltr'><strong>exercitu</strong></span> <span class='ocrx_word' id='word_1_640' title='bbox 437 3482 594 3529; x_wconf 84' lang='lat' dir='ltr'><strong>pellibus</strong></span> <span class='ocrx_word' id='word_1_641' title='bbox 613 3484 762 3529; x_wconf 86' lang='lat' dir='ltr'><strong>amicti,</strong></span> <span class='ocrx_word' id='word_1_642' title='bbox 787 3485 1065 3533; x_wconf 80' lang='grc' dir='ltr'>σισυρνοφόροι,</span> <span class='ocrx_word' id='word_1_643' title='bbox 1083 3487 1263 3533; x_wconf 87' lang='lat' dir='ltr'><strong>apparent</strong></span> <span class='ocrx_word' id='word_1_644' title='bbox 1279 3488 1291 3533; x_wconf 92' lang='lat'>(</span> <span class='ocrx_word' id='word_1_645' title='bbox 1306 3488 1399 3530; x_wconf 86' lang='lat' dir='ltr'><strong>VH,</strong></span> <span class='ocrx_word' id='word_1_646' title='bbox 1426 3488 1470 3523; x_wconf 84' lang='lat'><strong>67</strong></span> <span class='ocrx_word' id='word_1_647' title='bbox 1491 3485 1517 3532; x_wconf 90' lang='lat'><strong>).</strong></span> <span class='ocrx_word' id='word_1_648' title='bbox 1551 3483 1715 3532; x_wconf 83' lang='lat' dir='ltr'><strong>Scytliiae</strong></span> <span class='ocrx_word' id='word_1_649' title='bbox 1733 3483 1855 3520; x_wconf 86' lang='lat' dir='ltr'><strong>vicina</strong></span> <span class='ocrx_word' id='word_1_650' title='bbox 1886 3492 1986 3530; x_wconf 83' lang='lat' dir='ltr'><strong>regio</strong></span> <span class='ocrx_word' id='word_1_651' title='bbox 2006 3483 2062 3519; x_wconf 87' lang='lat' dir='ltr'><strong>est</strong></span> <span class='ocrx_word' id='word_1_652' title='bbox 2087 3479 2186 3528; x_wconf 89' lang='lat' dir='ltr'><strong>apud</strong></span> <span class='ocrx_word' id='word_1_653' title='bbox 2210 3481 2455 3543; x_wconf 56' lang='lat' dir='ltr'><strong>Hecataeum:</strong></span> <span class='ocrx_word' id='word_1_654' title='bbox 2476 3481 2625 3515; x_wconf 83' lang='grc' dir='ltr'>Κασπα-</span> 
     </span>
     <span class='ocr_line' id='line_1_84' title="bbox 90 3534 2622 3599; baseline -0.001 -28"><span class='ocrx_word' id='word_1_655' title='bbox 90 3547 220 3584; x_wconf 87' lang='grc' dir='ltr'>πυρος,</span> <span class='ocrx_word' id='word_1_656' title='bbox 238 3536 437 3584; x_wconf 79' lang='grc' dir='ltr'>Γανδαρικὴ</span> <span class='ocrx_word' id='word_1_657' title='bbox 452 3538 570 3583; x_wconf 84' lang='grc' dir='ltr'>πόλις,</span> <span class='ocrx_word' id='word_1_658' title='bbox 594 3541 742 3577; x_wconf 84' lang='grc' dir='ltr'>Σκυθῶν</span> <span class='ocrx_word' id='word_1_659' title='bbox 762 3541 855 3586; x_wconf 81' lang='grc' dir='ltr'>ἀκτή</span> <span class='ocrx_word' id='word_1_660' title='bbox 867 3569 877 3587; x_wconf 91' lang='grc'>,</span> <span class='ocrx_word' id='word_1_661' title='bbox 895 3541 934 3578; x_wconf 85' lang='lat' dir='ltr'><strong>in</strong></span> <span class='ocrx_word' id='word_1_662' title='bbox 953 3540 1091 3588; x_wconf 87' lang='lat' dir='ltr'><strong>quibus</strong></span> <span class='ocrx_word' id='word_1_663' title='bbox 1110 3541 1225 3579; x_wconf 89' lang='lat' dir='ltr'><strong>verba</strong></span> <span class='ocrx_word' id='word_1_664' title='bbox 1245 3542 1449 3590; x_wconf 75' lang='grc' dir='ltr'>Γανδαρικῆ</span> <span class='ocrx_word' id='word_1_665' title='bbox 1467 3541 1570 3584; x_wconf 86' lang='grc' dir='ltr'>πόλις</span> <span class='ocrx_word' id='word_1_666' title='bbox 1585 3541 1674 3577; x_wconf 89' lang='lat' dir='ltr'><strong>olim</strong></span> <span class='ocrx_word' id='word_1_667' title='bbox 1693 3539 1872 3586; x_wconf 84' lang='lat' dir='ltr'><strong>plurimos</strong></span> <span class='ocrx_word' id='word_1_668' title='bbox 1885 3539 2092 3583; x_wconf 87' lang='lat' dir='ltr'><strong>vexarunt,</strong></span> <span class='ocrx_word' id='word_1_669' title='bbox 2114 3536 2320 3599; x_wconf 40' lang='lat' dir='ltr'><strong>Gamla-ros·</strong></span> <span class='ocrx_word' id='word_1_670' title='bbox 2333 3534 2441 3572; x_wconf 86' lang='lat' dir='ltr'><strong>Plinii</strong></span> <span class='ocrx_word' id='word_1_671' title='bbox 2459 3537 2497 3571; x_wconf 89' lang='lat' dir='ltr'><strong>et</strong></span> <span class='ocrx_word' id='word_1_672' title='bbox 2513 3537 2622 3571; x_wconf 83' lang='lat' dir='ltr'><strong>Poni-</strong></span> 
     </span>
     <span class='ocr_line' id='line_1_85' title="bbox 89 3589 2621 3654; baseline -0.001 -27"><span class='ocrx_word' id='word_1_673' title='bbox 89 3589 193 3637; x_wconf 77' lang='lat' dir='ltr'><strong>ponii</strong></span> <span class='ocrx_word' id='word_1_674' title='bbox 209 3591 318 3628; x_wconf 84' lang='lat' dir='ltr'><strong>Melae</strong></span> <span class='ocrx_word' id='word_1_675' title='bbox 338 3602 530 3639; x_wconf 84' lang='lat' dir='ltr'><strong>perperam</strong></span> <span class='ocrx_word' id='word_1_676' title='bbox 551 3596 823 3634; x_wconf 84' lang='lat' dir='ltr'><strong>confundentes</strong></span> <span class='ocrx_word' id='word_1_677' title='bbox 852 3607 939 3633; x_wconf 90' lang='lat' dir='ltr'><strong>cuin</strong></span> <span class='ocrx_word' id='word_1_678' title='bbox 968 3597 1150 3635; x_wconf 88' lang='lat' dir='ltr'><strong>Gandaris</strong></span> <span class='ocrx_word' id='word_1_679' title='bbox 1176 3598 1352 3644; x_wconf 82' lang='lat' dir='ltr'><strong>Hecataei,</strong></span> <span class='ocrx_word' id='word_1_680' title='bbox 1378 3597 1469 3635; x_wconf 85' lang='grc' dir='ltr'>ἔθνει</span> <span class='ocrx_word' id='word_1_681' title='bbox 1487 3597 1645 3646; x_wconf 80' lang='grc' dir='ltr'>Ἰνδικῷ,</span> <span class='ocrx_word' id='word_1_682' title='bbox 1666 3606 1780 3645; x_wconf 86' lang='lat' dir='ltr'><strong>quam</strong></span> <span class='ocrx_word' id='word_1_683' title='bbox 1810 3597 1958 3643; x_wconf 86' lang='lat' dir='ltr'><strong>gentem</strong></span> <span class='ocrx_word' id='word_1_684' title='bbox 1981 3594 1994 3641; x_wconf 96' lang='lat'>(</span> <span class='ocrx_word' id='word_1_685' title='bbox 2016 3592 2213 3631; x_wconf 78' lang='lat' dir='ltr'><strong>Gandhar</strong></span> <span class='ocrx_word' id='word_1_686' title='bbox 2243 3590 2391 3654; x_wconf 76' lang='lat' dir='ltr'><strong>indice)</strong></span> <span class='ocrx_word' id='word_1_687' title='bbox 2423 3600 2487 3637; x_wconf 86' lang='lat' dir='ltr'><strong>per</strong></span> <span class='ocrx_word' id='word_1_688' title='bbox 2506 3592 2621 3626; x_wconf 85' lang='lat' dir='ltr'><strong>totam</strong></span> 
     </span>
     <span class='ocr_line' id='line_1_86' title="bbox 91 3645 2619 3700; baseline -0.002 -16"><span class='ocrx_word' id='word_1_689' title='bbox 91 3645 279 3693; x_wconf 81' lang='lat' dir='ltr'><strong>Pendjab</strong></span> <span class='ocrx_word' id='word_1_690' title='bbox 303 3647 487 3694; x_wconf 87' lang='lat' dir='ltr'><strong>regionem</strong></span> <span class='ocrx_word' id='word_1_691' title='bbox 507 3650 664 3696; x_wconf 89' lang='lat' dir='ltr'><strong>sparsim</strong></span> <span class='ocrx_word' id='word_1_692' title='bbox 685 3651 871 3690; x_wconf 85' lang='lat' dir='ltr'><strong>habitasse</strong></span> <span class='ocrx_word' id='word_1_693' title='bbox 891 3663 939 3690; x_wconf 82' lang='lat' dir='ltr'><strong>ex</strong></span> <span class='ocrx_word' id='word_1_694' title='bbox 968 3653 1100 3691; x_wconf 90' lang='lat' dir='ltr'><strong>indicis</strong></span> <span class='ocrx_word' id='word_1_695' title='bbox 1132 3654 1236 3692; x_wconf 88' lang='lat' dir='ltr'><strong>libris</strong></span> <span class='ocrx_word' id='word_1_696' title='bbox 1254 3653 1385 3691; x_wconf 89' lang='lat' dir='ltr'><strong>docuit</strong></span> <span class='ocrx_word' id='word_1_697' title='bbox 1410 3653 1603 3700; x_wconf 84' lang='lat' dir='ltr'><strong>Lassenius</strong></span> <span class='ocrx_word' id='word_1_698' title='bbox 1634 3655 1688 3689; x_wconf 90' lang='lat' dir='ltr'><strong>De</strong></span> <span class='ocrx_word' id='word_1_699' title='bbox 1716 3653 1906 3699; x_wconf 87' lang='lat' dir='ltr'><strong>pentapot.</strong></span> <span class='ocrx_word' id='word_1_700' title='bbox 1934 3661 1972 3698; x_wconf 87' lang='lat' dir='ltr'><strong>p.</strong></span> <span class='ocrx_word' id='word_1_701' title='bbox 2010 3653 2091 3687; x_wconf 83' lang='lat'><strong>105.</strong></span> <span class='ocrx_word' id='word_1_702' title='bbox 2119 3648 2176 3686; x_wconf 81' lang='lat' dir='ltr'><strong>Cf.</strong></span> <span class='ocrx_word' id='word_1_703' title='bbox 2206 3649 2329 3685; x_wconf 88' lang='lat' dir='ltr'><strong>Ritter</strong></span> <span class='ocrx_word' id='word_1_704' title='bbox 2351 3647 2421 3692; x_wconf 92' lang='grc' dir='ltr'><strong>ΙΙΙ,</strong></span> <span class='ocrx_word' id='word_1_705' title='bbox 2444 3655 2480 3691; x_wconf 83' lang='grc' dir='ltr'><strong>ρ.</strong></span> <span class='ocrx_word' id='word_1_706' title='bbox 2515 3648 2619 3682; x_wconf 87' lang='lat'><strong>1087.</strong></span> 
     </span>
     <span class='ocr_line' id='line_1_87' title="bbox 91 3699 2620 3765; baseline -0.002 -26"><span class='ocrx_word' id='word_1_707' title='bbox 91 3701 270 3739; x_wconf 77' lang='lat' dir='ltr'><strong>Ceterum</strong></span> <span class='ocrx_word' id='word_1_708' title='bbox 302 3701 349 3737; x_wconf 90' lang='lat' dir='ltr'><strong>de</strong></span> <span class='ocrx_word' id='word_1_709' title='bbox 382 3703 594 3750; x_wconf 82' lang='lat' dir='ltr'><strong>caspapyro</strong></span> <span class='ocrx_word' id='word_1_710' title='bbox 617 3715 702 3743; x_wconf 89' lang='lat' dir='ltr'><strong>cum</strong></span> <span class='ocrx_word' id='word_1_711' title='bbox 734 3709 925 3754; x_wconf 48' lang='lat' dir='ltr'><strong>Cat-mira</strong></span> <span class='ocrx_word' id='word_1_712' title='bbox 951 3709 1211 3757; x_wconf 83' lang='lat' dir='ltr'><strong>componenda</strong></span> <span class='ocrx_word' id='word_1_713' title='bbox 1232 3710 1430 3757; x_wconf 86' lang='lat' dir='ltr'><strong>propterea</strong></span> <span class='ocrx_word' id='word_1_714' title='bbox 1450 3708 1617 3744; x_wconf 89' lang='lat' dir='ltr'><strong>nonnulli</strong></span> <span class='ocrx_word' id='word_1_715' title='bbox 1644 3707 1882 3752; x_wconf 86' lang='lat' dir='ltr'><strong>dubitarunt,</strong></span> <span class='ocrx_word' id='word_1_716' title='bbox 1905 3704 2006 3753; x_wconf 89' lang='lat' dir='ltr'><strong>quod</strong></span> <span class='ocrx_word' id='word_1_717' title='bbox 2027 3703 2240 3742; x_wconf 83' lang='lat' dir='ltr'><strong>Herodotus</strong></span> <span class='ocrx_word' id='word_1_718' title='bbox 2256 3701 2396 3765; x_wconf 63' lang='lat' dir='ltr'><strong>indum</strong></span> <span class='ocrx_word' id='word_1_719' title='bbox 2422 3699 2468 3736; x_wconf 87' lang='lat' dir='ltr'><strong>ab</strong></span> <span class='ocrx_word' id='word_1_720' title='bbox 2482 3709 2620 3761; x_wconf 38' lang='lat' dir='ltr'><strong>’occasii</strong></span> 
     </span>
     <span class='ocr_line' id='line_1_88' title="bbox 89 3755 2619 3826; baseline -0.002 -33"><span class='ocrx_word' id='word_1_721' title='bbox 89 3765 219 3794; x_wconf 82' lang='lat' dir='ltr'><strong>versus</strong></span> <span class='ocrx_word' id='word_1_722' title='bbox 241 3755 425 3793; x_wconf 90' lang='lat' dir='ltr'><strong>orientem</strong></span> <span class='ocrx_word' id='word_1_723' title='bbox 450 3756 566 3795; x_wconf 88' lang='lat' dir='ltr'><strong>ssuere</strong></span> <span class='ocrx_word' id='word_1_724' title='bbox 591 3759 712 3807; x_wconf 87' lang='lat' dir='ltr'><strong>dicat;</strong></span> <span class='ocrx_word' id='word_1_725' title='bbox 734 3772 855 3810; x_wconf 90' lang='lat' dir='ltr'><strong>eoque</strong></span> <span class='ocrx_word' id='word_1_726' title='bbox 877 3762 1030 3801; x_wconf 89' lang='lat' dir='ltr'><strong>indicari</strong></span> <span class='ocrx_word' id='word_1_727' title='bbox 1056 3767 1237 3812; x_wconf 86' lang='lat' dir='ltr'><strong>putarunt</strong></span> <span class='ocrx_word' id='word_1_728' title='bbox 1270 3764 1466 3812; x_wconf 77' lang='lat' dir='ltr'><strong>Scylacem</strong></span> <span class='ocrx_word' id='word_1_729' title='bbox 1483 3775 1506 3801; x_wconf 90' lang='lat' dir='ltr'><strong>a</strong></span> <span class='ocrx_word' id='word_1_730' title='bbox 1533 3764 1686 3802; x_wconf 83' lang='lat' dir='ltr'><strong>Gaboul</strong></span> <span class='ocrx_word' id='word_1_731' title='bbox 1721 3774 1785 3811; x_wconf 90' lang='lat' dir='ltr'><strong>per</strong></span> <span class='ocrx_word' id='word_1_732' title='bbox 1810 3762 2030 3809; x_wconf 88' lang='lat' dir='ltr'><strong>Cophenem</strong></span> <span class='ocrx_word' id='word_1_733' title='bbox 2067 3760 2223 3797; x_wconf 84' lang='lat' dir='ltr'><strong>nuvium</strong></span> <span class='ocrx_word' id='word_1_734' title='bbox 2254 3768 2293 3794; x_wconf 93' lang='lat' dir='ltr'><strong>in</strong></span> <span class='ocrx_word' id='word_1_735' title='bbox 2326 3755 2459 3794; x_wconf 89' lang='lat' dir='ltr'><strong>Indum</strong></span> <span class='ocrx_word' id='word_1_736' title='bbox 2480 3763 2619 3826; x_wconf 53' lang='lat' dir='ltr'><strong>innavi:</strong></span> 
     </span>
     <span class='ocr_line' id='line_1_89' title="bbox 89 3807 2619 3878; baseline -0.006 -19"><span class='ocrx_word' id='word_1_737' title='bbox 89 3822 204 3859; x_wconf 67' lang='lat' dir='ltr'><strong>gasse·</strong></span> <span class='ocrx_word' id='word_1_738' title='bbox 235 3815 290 3850; x_wconf 68' lang='lat' dir='ltr'><strong>De</strong></span> <span class='ocrx_word' id='word_1_739' title='bbox 317 3813 373 3850; x_wconf 64' lang='lat'><strong>¹¹58</strong></span> <span class='ocrx_word' id='word_1_740' title='bbox 399 3813 450 3850; x_wconf 67' lang='lat' dir='ltr'><strong>sta</strong></span> <span class='ocrx_word' id='word_1_741' title='bbox 471 3816 605 3852; x_wconf 87' lang='lat' dir='ltr'><strong>Lassen</strong></span> <span class='ocrx_word' id='word_1_742' title='bbox 629 3815 655 3852; x_wconf 87' lang='lat' dir='ltr'><strong>l·</strong></span> <span class='ocrx_word' id='word_1_743' title='bbox 675 3817 698 3854; x_wconf 85' lang='lat' dir='ltr'><strong>l·</strong></span> <span class='ocrx_word' id='word_1_744' title='bbox 716 3820 744 3863; x_wconf 91' lang='lat' dir='ltr'><strong>l,</strong></span> <span class='ocrx_word' id='word_1_745' title='bbox 766 3829 802 3865; x_wconf 83' lang='lat' dir='ltr'><strong>p.</strong></span> <span class='ocrx_word' id='word_1_746' title='bbox 827 3822 896 3858; x_wconf 82' lang='lat'><strong>433</strong></span> <span class='ocrx_word' id='word_1_747' title='bbox 916 3834 924 3857; x_wconf 92' lang='lat'>:</span> <span class='ocrx_word' id='word_1_748' title='bbox 949 3836 967 3853; x_wconf 88' lang='lat'>«</span> <span class='ocrx_word' id='word_1_749' title='bbox 988 3824 1061 3858; x_wconf 91' lang='lat' dir='ltr'><strong>Der</strong></span> <span class='ocrx_word' id='word_1_750' title='bbox 1082 3823 1247 3865; x_wconf 78' lang='lat' dir='ltr'><strong>Austoss,</strong></span> <span class='ocrx_word' id='word_1_751' title='bbox 1263 3821 1433 3858; x_wconf 89' lang='lat' dir='ltr'><strong>welclien</strong></span> <span class='ocrx_word' id='word_1_752' title='bbox 1455 3830 1541 3856; x_wconf 89' lang='lat' dir='ltr'><strong>man</strong></span> <span class='ocrx_word' id='word_1_753' title='bbox 1565 3821 1603 3856; x_wconf 88' lang='lat' dir='ltr'><strong>in</strong></span> <span class='ocrx_word' id='word_1_754' title='bbox 1626 3819 1692 3856; x_wconf 89' lang='lat' dir='ltr'><strong>der</strong></span> <span class='ocrx_word' id='word_1_755' title='bbox 1714 3818 1864 3866; x_wconf 85' lang='lat' dir='ltr'><strong>Angabe</strong></span> <span class='ocrx_word' id='word_1_756' title='bbox 1879 3817 1944 3854; x_wconf 89' lang='lat' dir='ltr'><strong>des</strong></span> <span class='ocrx_word' id='word_1_757' title='bbox 1964 3815 2170 3878; x_wconf 77' lang='lat' dir='ltr'><strong>Herodotos</strong></span> <span class='ocrx_word' id='word_1_758' title='bbox 2187 3814 2302 3849; x_wconf 86' lang='lat' dir='ltr'><strong>daran</strong></span> <span class='ocrx_word' id='word_1_759' title='bbox 2319 3809 2516 3858; x_wconf 77' lang='lat' dir='ltr'><strong>gerunden,</strong></span> <span class='ocrx_word' id='word_1_760' title='bbox 2537 3807 2619 3844; x_wconf 77' lang='lat' dir='ltr'><strong>dass</strong></span> 
     </span>
     <span class='ocr_line' id='line_1_90' title="bbox 81 3863 2602 3929; baseline -0.002 -26"><span class='ocrx_word' id='word_1_761' title='bbox 81 3867 226 3915; x_wconf 82' lang='lat' dir='ltr'><strong>Scylax</strong></span> <span class='ocrx_word' id='word_1_762' title='bbox 239 3868 334 3905; x_wconf 88' lang='lat' dir='ltr'><strong>nach</strong></span> <span class='ocrx_word' id='word_1_763' title='bbox 350 3870 503 3916; x_wconf 83' lang='lat' dir='ltr'><strong>Morgen</strong></span> <span class='ocrx_word' id='word_1_764' title='bbox 526 3869 583 3907; x_wconf 87' lang='lat' dir='ltr'><strong>bis</strong></span> <span class='ocrx_word' id='word_1_765' title='bbox 599 3871 656 3907; x_wconf 92' lang='lat' dir='ltr'><strong>ins</strong></span> <span class='ocrx_word' id='word_1_766' title='bbox 676 3873 776 3910; x_wconf 87' lang='lat' dir='ltr'><strong>Meei·</strong></span> <span class='ocrx_word' id='word_1_767' title='bbox 797 3875 987 3921; x_wconf 81' lang='lat' dir='ltr'><strong>gesaliren‚</strong></span> <span class='ocrx_word' id='word_1_768' title='bbox 1008 3875 1055 3914; x_wconf 89' lang='lat' dir='ltr'><strong>ist</strong></span> <span class='ocrx_word' id='word_1_769' title='bbox 1075 3877 1111 3913; x_wconf 93' lang='lat' dir='ltr'><strong>in</strong></span> <span class='ocrx_word' id='word_1_770' title='bbox 1127 3876 1331 3915; x_wconf 86' lang='lat' dir='ltr'><strong>Walirlieit</strong></span> <span class='ocrx_word' id='word_1_771' title='bbox 1345 3880 1464 3914; x_wconf 87' lang='lat' dir='ltr'><strong>etwas</strong></span> <span class='ocrx_word' id='word_1_772' title='bbox 1482 3874 1670 3921; x_wconf 80' lang='lat' dir='ltr'><strong>einsaeltig.</strong></span> <span class='ocrx_word' id='word_1_773' title='bbox 1693 3876 1742 3911; x_wconf 89' lang='lat' dir='ltr'><strong>Er</strong></span> <span class='ocrx_word' id='word_1_774' title='bbox 1754 3873 1889 3911; x_wconf 89' lang='lat' dir='ltr'><strong>daclite</strong></span> <span class='ocrx_word' id='word_1_775' title='bbox 1909 3872 1987 3909; x_wconf 83' lang='lat' dir='ltr'><strong>sicli</strong></span> <span class='ocrx_word' id='word_1_776' title='bbox 2001 3871 2039 3917; x_wconf 85' lang='lat' dir='ltr'><strong>ja</strong></span> <span class='ocrx_word' id='word_1_777' title='bbox 2055 3871 2114 3907; x_wconf 88' lang='lat' dir='ltr'><strong>die</strong></span> <span class='ocrx_word' id='word_1_778' title='bbox 2134 3868 2243 3906; x_wconf 90' lang='lat' dir='ltr'><strong>lnder</strong></span> <span class='ocrx_word' id='word_1_779' title='bbox 2256 3866 2392 3929; x_wconf 67' lang='lat' dir='ltr'><strong>alsdas</strong></span> <span class='ocrx_word' id='word_1_780' title='bbox 2410 3863 2602 3924; x_wconf 72' lang='lat' dir='ltr'><strong>aeiisserste</strong></span> 
     </span>
    </p>

    <p class='ocr_par' dir='ltr' id='par_1_11' title="bbox 49 3916 2613 3989">
     <span class='ocr_line' id='line_1_91' title="bbox 49 3916 2613 3989; baseline 0 -28"><span class='ocrx_word' id='word_1_781' title='bbox 49 3923 57 3929; x_wconf 82' lang='grc'><strong><em>’</em></strong></span> <span class='ocrx_word' id='word_1_782' title='bbox 86 3924 186 3961; x_wconf 82' lang='lat' dir='ltr'><strong>Volk</strong></span> <span class='ocrx_word' id='word_1_783' title='bbox 207 3934 321 3971; x_wconf 80' lang='lat' dir='ltr'><strong>gegen</strong></span> <span class='ocrx_word' id='word_1_784' title='bbox 344 3927 458 3961; x_wconf 66' lang='lat' dir='ltr'><strong>osten</strong></span> <span class='ocrx_word' id='word_1_785' title='bbox 477 3924 552 3962; x_wconf 83' lang='lat' dir='ltr'><strong>und</strong></span> <span class='ocrx_word' id='word_1_786' title='bbox 572 3925 689 3963; x_wconf 89' lang='lat' dir='ltr'><strong>daher</strong></span> <span class='ocrx_word' id='word_1_787' title='bbox 701 3927 773 3965; x_wconf 90' lang='lat' dir='ltr'><strong>den</strong></span> <span class='ocrx_word' id='word_1_788' title='bbox 800 3930 907 3968; x_wconf 90' lang='lat' dir='ltr'><strong>Fluss</strong></span> <span class='ocrx_word' id='word_1_789' title='bbox 924 3932 1020 3969; x_wconf 86' lang='lat' dir='ltr'><strong>nach</strong></span> <span class='ocrx_word' id='word_1_790' title='bbox 1046 3935 1163 3970; x_wconf 88' lang='lat' dir='ltr'><strong>Osten</strong></span> <span class='ocrx_word' id='word_1_791' title='bbox 1186 3931 1356 3979; x_wconf 82' lang='lat' dir='ltr'><strong>lausend;</strong></span> <span class='ocrx_word' id='word_1_792' title='bbox 1378 3942 1420 3969; x_wconf 89' lang='lat' dir='ltr'><strong>so</strong></span> <span class='ocrx_word' id='word_1_793' title='bbox 1436 3929 1552 3967; x_wconf 84' lang='lat' dir='ltr'><strong>denkt</strong></span> <span class='ocrx_word' id='word_1_794' title='bbox 1568 3940 1607 3967; x_wconf 89' lang='lat' dir='ltr'><strong>er</strong></span> <span class='ocrx_word' id='word_1_795' title='bbox 1619 3929 1698 3967; x_wconf 87' lang='lat' dir='ltr'><strong>sicli</strong></span> <span class='ocrx_word' id='word_1_796' title='bbox 1715 3930 1786 3966; x_wconf 90' lang='lat' dir='ltr'><strong>den</strong></span> <span class='ocrx_word' id='word_1_797' title='bbox 1803 3930 1916 3965; x_wconf 87' lang='lat' dir='ltr'><strong>Istros</strong></span> <span class='ocrx_word' id='word_1_798' title='bbox 1933 3937 2005 3963; x_wconf 90' lang='lat' dir='ltr'><strong>von</strong></span> <span class='ocrx_word' id='word_1_799' title='bbox 2023 3925 2170 3989; x_wconf 53' lang='lat' dir='ltr'><strong>Horden</strong></span> <span class='ocrx_word' id='word_1_800' title='bbox 2182 3923 2277 3960; x_wconf 71' lang='lat' dir='ltr'><strong>nael:</strong></span> <span class='ocrx_word' id='word_1_801' title='bbox 2291 3919 2414 3959; x_wconf 76' lang='lat' dir='ltr'><strong>Suden</strong></span> <span class='ocrx_word' id='word_1_802' title='bbox 2430 3916 2613 3955; x_wconf 68' lang='lat' dir='ltr'><strong>messend-</strong></span> 
     </span>
    </p>

    <p class='ocr_par' dir='ltr' id='par_1_12' title="bbox 82 3975 2173 4034">
     <span class='ocr_line' id='line_1_92' title="bbox 82 3975 2173 4034; baseline 0 -19"><span class='ocrx_word' id='word_1_803' title='bbox 82 3979 136 4016; x_wconf 72' lang='lat' dir='ltr'><strong>Es</strong></span> <span class='ocrx_word' id='word_1_804' title='bbox 155 3977 202 4016; x_wconf 89' lang='lat' dir='ltr'><strong>ist</strong></span> <span class='ocrx_word' id='word_1_805' title='bbox 215 3979 294 4016; x_wconf 88' lang='lat' dir='ltr'><strong>sein</strong></span> <span class='ocrx_word' id='word_1_806' title='bbox 310 3980 473 4027; x_wconf 85' lang='lat' dir='ltr'><strong>system,</strong></span> <span class='ocrx_word' id='word_1_807' title='bbox 493 3975 598 4018; x_wconf 87' lang='lat' dir='ltr'><strong>niclit</strong></span> <span class='ocrx_word' id='word_1_808' title='bbox 612 3980 679 4018; x_wconf 87' lang='lat' dir='ltr'><strong>der</strong></span> <span class='ocrx_word' id='word_1_809' title='bbox 698 3983 848 4020; x_wconf 87' lang='lat' dir='ltr'><strong>Bericlit</strong></span> <span class='ocrx_word' id='word_1_810' title='bbox 866 3984 931 4021; x_wconf 87' lang='lat' dir='ltr'><strong>des</strong></span> <span class='ocrx_word' id='word_1_811' title='bbox 957 3986 1113 4031; x_wconf 83' lang='lat' dir='ltr'><strong>Scylax,</strong></span> <span class='ocrx_word' id='word_1_812' title='bbox 1130 3986 1215 4024; x_wconf 89' lang='lat' dir='ltr'><strong>dem</strong></span> <span class='ocrx_word' id='word_1_813' title='bbox 1232 3987 1293 4024; x_wconf 90' lang='lat' dir='ltr'><strong>die</strong></span> <span class='ocrx_word' id='word_1_814' title='bbox 1312 3986 1464 4034; x_wconf 84' lang='lat' dir='ltr'><strong>Angabe</strong></span> <span class='ocrx_word' id='word_1_815' title='bbox 1477 3986 1636 4034; x_wconf 86' lang='lat' dir='ltr'><strong>gelioert.</strong></span> <span class='ocrx_word' id='word_1_816' title='bbox 1662 4000 1682 4018; x_wconf 75' lang='grc' dir='ltr'>υ</span> <span class='ocrx_word' id='word_1_817' title='bbox 1709 3985 1848 4022; x_wconf 82' lang='lat' dir='ltr'><strong>Eodem</strong></span> <span class='ocrx_word' id='word_1_818' title='bbox 1870 3983 1980 4019; x_wconf 90' lang='lat' dir='ltr'><strong>modo</strong></span> <span class='ocrx_word' id='word_1_819' title='bbox 1997 3983 2173 4019; x_wconf 86' lang='lat' dir='ltr'><strong>Ritterus.</strong></span> 
     </span>
    </p>

    <p class='ocr_par' dir='ltr' id='par_1_13' title="bbox 89 4030 2610 4109">
     <span class='ocr_line' id='line_1_93' title="bbox 89 4030 2610 4109; baseline -0.003 -37"><span class='ocrx_word' id='word_1_820' title='bbox 89 4065 95 4078; x_wconf 71' lang='grc'>,</span> <span class='ocrx_word' id='word_1_821' title='bbox 139 4032 208 4082; x_wconf 84' lang='lat'><strong>(**)</strong></span> <span class='ocrx_word' id='word_1_822' title='bbox 232 4034 431 4072; x_wconf 72' lang='lat' dir='ltr'><strong>Van-iorum</strong></span> <span class='ocrx_word' id='word_1_823' title='bbox 447 4034 650 4074; x_wconf 86' lang='lat' dir='ltr'><strong>sententias</strong></span> <span class='ocrx_word' id='word_1_824' title='bbox 666 4036 813 4084; x_wconf 79' lang='lat' dir='ltr'><strong>collegit</strong></span> <span class='ocrx_word' id='word_1_825' title='bbox 832 4039 942 4076; x_wconf 79' lang='lat' dir='ltr'><strong>Boehr</strong></span> <span class='ocrx_word' id='word_1_826' title='bbox 959 4039 998 4077; x_wconf 91' lang='lat' dir='ltr'><strong>in</strong></span> <span class='ocrx_word' id='word_1_827' title='bbox 1021 4051 1181 4080; x_wconf 85' lang='lat' dir='ltr'><strong>excursu</strong></span> <span class='ocrx_word' id='word_1_828' title='bbox 1197 4042 1245 4081; x_wconf 88' lang='lat' dir='ltr'><strong>ad</strong></span> <span class='ocrx_word' id='word_1_829' title='bbox 1265 4041 1403 4082; x_wconf 85' lang='lat' dir='ltr'><strong>Herod.</strong></span> <span class='ocrx_word' id='word_1_830' title='bbox 1426 4043 1491 4088; x_wconf 90' lang='lat' dir='ltr'><strong>iV,</strong></span> <span class='ocrx_word' id='word_1_831' title='bbox 1515 4043 1577 4089; x_wconf 85' lang='lat'><strong>42,</strong></span> <span class='ocrx_word' id='word_1_832' title='bbox 1598 4043 1690 4079; x_wconf 88' lang='lat' dir='ltr'><strong>tom.</strong></span> <span class='ocrx_word' id='word_1_833' title='bbox 1713 4043 1744 4088; x_wconf 91' lang='grc' dir='ltr'><strong>Ι,</strong></span> <span class='ocrx_word' id='word_1_834' title='bbox 1770 4050 1803 4087; x_wconf 90' lang='lat' dir='ltr'><strong>p.</strong></span> <span class='ocrx_word' id='word_1_835' title='bbox 1823 4042 1890 4076; x_wconf 82' lang='lat'><strong>667</strong></span> <span class='ocrx_word' id='word_1_836' title='bbox 1917 4048 1996 4084; x_wconf 88' lang='lat' dir='ltr'><strong>sqq.</strong></span> <span class='ocrx_word' id='word_1_837' title='bbox 2018 4037 2056 4072; x_wconf 88' lang='lat' dir='ltr'><strong>et</strong></span> <span class='ocrx_word' id='word_1_838' title='bbox 2085 4034 2198 4072; x_wconf 86' lang='lat' dir='ltr'><strong>Ukert</strong></span> <span class='ocrx_word' id='word_1_839' title='bbox 2222 4033 2357 4078; x_wconf 75' lang='lat' dir='ltr'><strong>Geoqr.</strong></span> <span class='ocrx_word' id='word_1_840' title='bbox 2375 4031 2406 4076; x_wconf 84' lang='lat'><strong>1,</strong></span> <span class='ocrx_word' id='word_1_841' title='bbox 2419 4038 2461 4109; x_wconf 76' lang='lat' dir='ltr'><strong>p.</strong></span> <span class='ocrx_word' id='word_1_842' title='bbox 2483 4030 2528 4066; x_wconf 83' lang='lat'><strong>45</strong></span> <span class='ocrx_word' id='word_1_843' title='bbox 2554 4037 2610 4074; x_wconf 87' lang='lat' dir='ltr'><strong>sq.</strong></span> 
     </span>
    </p>
   </div>
   <div class='ocr_carea' id='block_1_9' title="bbox 2406 4101 2442 4129">
    <p class='ocr_par' dir='ltr' id='par_1_14' title="bbox 2406 4101 2442 4129">
     <span class='ocr_line' id='line_1_94' title="bbox 2406 4101 2442 4129; baseline 0.028 -1"><span class='ocrx_word' id='word_1_844' title='bbox 2406 4101 2442 4129; x_wconf 64' lang='lat' dir='ltr'><strong>(a.</strong></span> 
     </span>
    </p>
   </div>
  </div>
 </body>
</html>
