2782 4348
508 0 561 49 Ο
822 46 827 48 .

724 82 770 128 ο

118 196 206 235 180
539 223 587 268 ·

1083 180 1160 227 Ex
1197 179 1682 230 AGATRAchmE

2499 135 2507 144 ⁸
2546 150 2648 250 ‹es-i

0 301 101 341 mot,
113 307 183 336 νον
216 287 561 351 παραπίπλεκται
592 286 719 334 κακόν
734 303 745 314 ·
772 283 947 331 λεόντων
981 280 1059 342 γὰρ
1098 281 1170 327 καὶ
1203 280 1339 328 λύκων
1408 288 1688 348 luporumque
1728 300 1770 334 et
1799 291 2030 348 pardalium
2068 294 2230 350 copiam
2261 284 2377 336 tellus
2427 293 2649 350 producat.

112 357 185 405 καὶ
203 358 452 421 παρδάλεων
481 354 746 417 συναναφέρει
763 354 916 407 πλῆθος
931 352 957 404 ἡ
983 352 1037 410 γῆ
1050 384 1063 405 ,
1087 352 1143 401 ὥς
1164 342 1272 396 εἶναι
1293 350 1340 396 τὸ

110 430 186 482 τῆς
205 427 347 488 χώρας
362 426 589 485 ίπίτευγμα
615 426 696 474 τοῖς
713 423 896 476 οἰκηταῖς
910 417 1039 464 αἴτιον
1058 418 1274 481 ἁκληρίας.

175 510 231 542 ω.
254 494 354 541 Ἄπὸ
372 494 415 540 δὲ
439 497 521 539 τῶν
540 490 680 554 ἐφεξῆς
701 488 902 549 αἰγιαλῶν
923 486 1079 540 κόλπος
1099 487 1188 535 ἐστὶ
1205 506 1341 535 νενευ·

43 584 65 613 s
108 563 191 617 κὼς
209 564 284 625 μὲν
308 565 365 616 εἰς
379 562 446 609 τὸν
467 560 598 623 μυχὸν
620 563 693 615 τῆς
715 556 871 619 χώρας,
891 556 967 602 οὐκ
982 554 1155 605 ἔλαττον
1173 556 1217 604 δί
1237 576 1341 605 στα·

110 635 206 681 δίων
241 630 520 680 πεντακοσίων
550 626 810 674 ὑποδείκνυσι
831 624 879 671 τὸ
906 623 1045 687 βάθος.
1110 629 1167 675 Οἱ
1188 626 1232 674 δὲ
1266 627 1342 684 τὴν

108 703 219 755 tub<
242 707 309 748 τοῦ
329 701 482 747 κόλπου
513 699 795 747 κατοικοῦντες
819 695 1044 741 καλοῦνται
1082 695 1158 756 μὲν
1177 699 1343 758 Βατμι·

111 776 313 832 ζομανεῑς,
337 767 418 815 εἰσὶ
435 766 478 813 δὲ
496 764 663 826 κυνηγοὶ
686 766 767 810 τῶν
784 763 990 828 χερσαίων
1012 763 1142 819 ζώων.

178 855 237 887 οι.
268 836 357 892 Τὴν
377 836 412 882 δ’
427 835 645 899 εἰρημένην
660 833 803 898 χώραν
820 837 939 890 νῆσοι
955 839 1064 896 τρεῖς
1086 834 1345 899 ἐκδέχονται,

0 974 248 1023 )ἰοᾶ.κοῦσιν
281 968 453 1032 ἀτυχίας
489 967 618 1014 αἴτιον
653 968 809 1030 γίνεται
847 966 915 1015 διὰ
948 966 995 1014 τὸ
1028 967 1104 1024 τὴν
1135 966 1256 1030 φύσιν
1287 971 1342 1020 ὡς

108 1039 260 1085 ἐπίπαν
291 1038 375 1090 τοῖς
408 1037 635 1100 ἀνθρώποις
668 1037 773 1097 μετὰ
801 1038 883 1083 τῶν
916 1038 1081 1099 ἀγαθῶν
1107 1035 1262 1082 διδόναι
1289 1035 1342 1082 τὰ

109 1108 365 1171 βλάπτοντα.

167 1194 226 1224 ⁹0.
266 1169 618 1239 Παραπλεύσαντι
641 1174 682 1221 δὲ
703 1172 755 1221 τὰ
771 1174 893 1221 πεδία
912 1179 1045 1222 ταῦτα
1063 1174 1213 1228 κόλπος
1234 1175 1343 1222 ἐκδέ·

106 1264 227 1308 χεται
247 1245 479 1310 παράδοξον
504 1245 612 1309 ἔχων
634 1247 709 1301 τήν
733 1244 873 1307 φύσιν.
943 1244 1139 1294 Συννεῦει
1157 1244 1233 1307 μὲν
1260 1245 1341 1308 γὰρ

44 1333 83 1364 ιι»
107 1317 163 1368 εἷς
191 1315 262 1362 τὸν
293 1315 426 1378 μυχὸν
454 1319 528 1370 τῆς
549 1314 714 1376 χώρας,
749 1317 809 1378 τῷ
843 1313 968 1374 μήκει
1000 1315 1036 1360 δ’
1062 1313 1130 1360 ἐπὶ
1154 1313 1343 1367 σταδίους

108 1384 400 1437 πεντακοσίους
431 1385 766 1446 παρεκτείνεται·
798 1382 1130 1445 περικλειόμενος
1161 1382 1204 1429 δὲ
1237 1401 1342 1445 κρη-

107 1460 223 1515 μνοῖς
237 1454 480 1514 θαυμασίοις
500 1455 546 1499 τὸ
562 1453 743 1515 μέγεθος,
762 1453 924 1499 σκολιὸν
943 1452 1014 1499 καί
1034 1451 1238 1507 δυσέξιτον
1254 1452 1343 1515 ἔχει

106 1523 154 1571 τὸ
177 1524 337 1585 στόμα·
360 1524 567 1576 ἁλιτενοῦς
593 1523 673 1585 γὰρ
691 1522 845 1586 πέτρας
862 1522 931 1569 τὸν
950 1522 1143 1569 εἴσπλουν
1163 1522 1342 1582 διαλαμ·

107 1592 337 1653 ὅανούσης,
363 1592 448 1640 οὔτ’
468 1594 710 1639 εἰσπλεῦσαι
738 1591 906 1639 δυνατόν
928 1593 1039 1639 ἔστιν
1075 1594 1131 1645 εἰς
1152 1591 1222 1638 τὸν
1250 1592 1344 1639 κόλ-

42 1677 86 1709 20
106 1680 182 1708 πον
197 1659 287 1709 ὀὔτ’
301 1664 542 1712 ἐκπλεῦσαι.
580 1661 703 1711 Κατὰ
722 1661 764 1708 δὲ
788 1661 861 1715 τὰς
878 1666 950 1708 τοῦ
970 1664 1040 1726 ῥοῦ
1056 1660 1342 1726 προσπτώσεις
1391 1694 1397 1701 -

106 1731 268 1785 καὶτὰς
290 1735 373 1779 τῶν
400 1732 560 1793 ἀνέμων
589 1730 821 1793 μεταόολὰς
839 1734 861 1778 ὁ
886 1732 1048 1778 κλύδων
1068 1731 1339 1793 προσπίπτων

105 1803 158 1863 τῇ
193 1802 323 1866 ῥαχίᾳ
354 1802 556 1865 καχλάζει
588 1801 660 1849 καὶ
692 1800 941 1864 τραχύνεται
973 1801 1109 1863 πάντῃ
1137 1800 1233 1864 περὶ
1265 1799 1341 1858 τὴν

107 1870 379 1935 παρήκουσαν
415 1870 588 1934 πέτραν.
668 1872 723 1919 Οἱ
761 1870 803 1916 δὲ
844 1871 919 1927 τὴν
949 1869 1058 1917 κατὰ
1089 1870 1158 1916 τὸν
1188 1869 1341 1916 κόλπον

105 1939 251 2004 χώραν
268 1940 500 2001 νεμόμενοι,
519 1943 807 2001 Βανιζομενεῖς
825 1942 1133 2001 ὀνομαζόμενοι,
1154 1937 1227 1992 τὰς
1249 1957 1341 2001 τρο·

37 2023 81 2055 25
106 2009 184 2072 φὰς
205 2008 349 2073 ἔχουσι
383 2014 652 2071 κυνηγοῦντες
685 2010 757 2055 καὶ
785 2013 1137 2073 σαρκοφαγοῦντες
1162 2007 1214 2054 τὰ
1244 2026 1342 2071 χερ·

105 2079 205 2126 σαῗα
241 2082 341 2134 ζῶα.
419 2078 548 2141 Ἱερὸν
571 2078 606 2125 δ’
633 2078 861 2138 ἁγιώτατον
895 2077 1080 2141 ἵδρυται,
1111 2077 1341 2137 τιμώμενον

106 2147 185 2195 ὑπὸ
204 2148 371 2195 πάντων
393 2147 577 2211 Ἄράὸων
597 2146 897 2211 περιττότερον.

166 2234 224 2266 91.
251 2218 377 2276 Ἑξῆς
408 2217 452 2264 δὲ
473 2222 527 2281 τῇ
561 2216 843 2281 προειρημένῃ
871 2215 1059 2280 παραλίᾳ
1094 2218 1213 2272 νῆσοι
1235 2217 1343 2278 τρεῖς

1410 356 1538 412 Quod
1569 358 1696 414 igitur
1725 360 1884 415 regioni
1916 360 2150 403 felicitatem
2173 360 2320 413 eflicit,
2347 362 2651 406 habitatoribus

1411 439 1534 468 eausa
1549 434 1612 468 est
1632 425 1893 470 infelicitatis.

1472 508 1542 550 90.
1567 499 1605 538 A
1623 496 1825 553 proximis
1843 496 1941 540 inde
1962 497 2152 541 litoribus
2167 500 2283 542 sinus
2301 508 2360 542 est
2373 532 2384 551 ,
2402 500 2453 542 ad
2470 502 2650 556 regionis

1415 561 1525 605 illius
1556 563 1756 607 interiora
1774 563 2016 622 devergens,
2039 567 2112 623 qui
2140 567 2422 624 profunditate
2451 569 2504 611 ad
2526 571 2649 611 mini-

1412 646 1530 675 mum
1548 634 1870 690 quingentorum
1891 634 2121 678 stadiorum
2135 636 2476 693 deprehenditur.
2535 641 2650 681 Intra

1411 699 1675 757 complexum
1701 700 1826 758 hujus
1859 703 1931 759 qui
1966 702 2168 755 habitant,
2209 706 2653 750 Batmizomanensium

1412 767 1567 811 habent
1580 782 1733 811 nomen
1746 800 1760 821 ‚
1786 769 2011 813 bestiarum
2032 773 2288 815 terrestrium
2311 783 2538 818 venatores.

1471 849 1543 891 9¹·
1566 837 1666 879 Post
1687 836 1799 879 hanc
1819 845 1973 880 terram
2007 846 2091 881 tres
2110 850 2341 896 sequuntur
2367 844 2511 886 insulae
2525 876 2537 896 ‚
2558 859 2652 901 quae

1412 975 1542 1017 licitas
1585 975 1681 1018 mali
1719 990 1884 1019 causam
1929 977 2075 1020 incolis
2120 979 2275 1035 praebet
2306 995 2316 1023 :
2354 993 2500 1026 natura
2539 986 2652 1027 enim

1412 1042 1658 1099 plerumque
1696 1058 1793 1085 cum
1833 1043 1955 1086 bonis
1990 1046 2115 1087 noxia
2145 1047 2268 1089 simul
2303 1048 2540 1093 hominibus
2574 1053 2652 1095 lar·

1414 1112 1540 1167 gitur.

1469 1196 1539 1237 90.
1569 1182 1701 1240 (Cap.
1734 1182 1837 1240 44.)
1873 1184 1960 1225 Hos
1988 1184 2030 1225 in
2067 1192 2305 1226 transcursu
2336 1200 2503 1242 campos
2540 1189 2654 1231 sinus

1412 1258 1566 1315 exeipit
1598 1258 1798 1301 mirabilis
1831 1268 2003 1302 naturae.
2077 1262 2126 1302 In
2171 1262 2350 1316 regionis
2395 1263 2507 1305 enim
2553 1264 2657 1307 inte-

1412 1336 1524 1377 riora
1541 1334 1766 1391 devergens
1787 1335 1840 1378 ad
1856 1337 2082 1393 quingenta
2103 1336 2234 1380 stadia
2249 1339 2489 1395 porrigitur,
2514 1341 2656 1383 vastis·

1412 1426 1495 1468 que
1515 1413 1673 1455 circum
1691 1413 1866 1469 rupibus
1886 1413 2067 1455 inclusus
2097 1414 2339 1471 perplexum
2361 1415 2484 1459 habet
2503 1418 2656 1460 ostium

1413 1498 1455 1531 et
1475 1490 1650 1531 transitu
1683 1488 1866 1532 difficile.
1930 1490 2108 1532 Humilis
2137 1492 2248 1532 enim
2278 1491 2470 1548 scopulus
2493 1491 2652 1535 aditum

1413 1566 1682 1623 intersepiens
1700 1580 1778 1607 nec
1800 1567 2028 1621 ingressum
2047 1566 2333 1622 navigantibus
2353 1582 2429 1610 nec
2446 1582 2654 1623 egressum

1413 1641 1619 1685 concedit.
1689 1644 1805 1685 Inter
1839 1643 1978 1698 magni
2014 1651 2151 1685 autem
2191 1643 2341 1685 fluctus
2373 1643 2577 1687 allisionoe
2613 1654 2655 1688 et

1414 1731 1634 1765 ventorum
1655 1723 1764 1765 viooe
1791 1722 2000 1765 undarum
2029 1732 2151 1766 aestus
2183 1723 2387 1781 crepidini
2411 1725 2655 1768 incumbens

1412 1806 1594 1847 immane
1614 1804 1774 1856 stridet,
1795 1813 1838 1846 et
1855 1803 2044 1861 undique
2062 1806 2171 1847 circa
2192 1820 2338 1847 saxum
2370 1815 2651 1864 exasperatur.

1416 1886 1594 1937 Accolae,
1611 1900 1717 1942 quos
1734 1886 2103 1929 Banizomenenses
2120 1896 2377 1944 nuncupant,
2395 1886 2448 1930 de
2462 1889 2658 1931 carnibus

1415 1968 1598 2011 ferarum
1616 1975 1768 2011 venatu
1789 1976 2002 2024 captarum
2022 1969 2226 2010 victitant.
2289 1970 2447 2011 Fanum
2470 1969 2572 2012 inibi
2590 1984 2655 2012 sa·

1414 2050 1690 2092 cratissimum
1721 2049 1766 2091 in
1799 2063 1961 2091 summa
1992 2050 2194 2091 universis
2224 2050 2431 2092 Arabibus
2459 2051 2662 2106 religione

1413 2129 1605 2173 habetur.

1471 2226 1542 2268 91.
1563 2212 1771 2268 Deinceps
1786 2210 1939 2275 litorali
1958 2211 2058 2253 huic
2079 2212 2238 2265 regioni
2266 2219 2349 2253 tres
2370 2211 2512 2254 insulae
2542 2211 2655 2269 adja-

117 2317 2647 2344 ———————————————-————

102 2390 172 2432 οὒκ
194 2390 341 2445 ὀλίγων
363 2388 553 2432 ἐντεῦθεν.
576 2390 759 2432 Ritterus
776 2390 896 2441 xlv,
923 2403 968 2446 p.
995 2402 1046 2444 19
1064 2386 1118 2430 ad
1136 2388 1246 2430 hanc
1265 2390 1344 2443 1)·-

103 2468 179 2494 ran
211 2452 384 2494 insulam
417 2451 561 2494 referri
593 2451 682 2494 vult
703 2452 905 2509 templum
935 2450 1077 2502 Isidis,
1099 2449 1214 2507 quod
1247 2452 1347 2504 §90

102 2523 370 2557 memoratur.
407 2515 515 2556 Fieri
548 2512 591 2555 id
628 2516 772 2571 nequit
785 2547 797 2567 ,
832 2528 964 2571 quum
999 2512 1199 2570 templum
1235 2510 1346 2554 istud

104 2578 227 2619 fuisse
247 2577 409 2619 dioetur
437 2577 481 2617 in
502 2590 587 2618 una
608 2591 659 2619 ex
680 2577 814 2619 tribus
835 2576 980 2619 insulis
995 2607 1008 2628 ,
1033 2575 1151 2631 cujus
1183 2576 1227 2617 in
1250 2589 1342 2631 sqq.

103 2638 409 2690 Artemidorus,
431 2638 642 2680 Diodorus
663 2647 705 2680 et
725 2640 899 2683 Photius
914 2639 1210 2681 meminerunt.
1234 2638 1346 2679 Bene

104 2710 242 2743 autem
271 2702 453 2743 Ritterus
486 2702 648 2742 monuit
682 2701 810 2743 fallaci
847 2715 1046 2743 sonorum
1077 2699 1346 2741 similitudine

104 2761 296 2804 seductos
315 2776 402 2804 esse
436 2763 696 2804 Gosselinum
720 2766 818 2817 (11,
854 2777 898 2819 p.
924 2763 1004 2804 253
1020 2762 1053 2819 ),
1079 2763 1345 2804 Mannertum

108 2823 215 2880 (VI,
237 2837 275 2874 ι,
295 2838 338 2880 p.
361 2824 413 2877 37
434 2823 467 2879 ),
488 2823 603 2873 alios,
625 2826 696 2879 qui
723 2824 911 2877 Ἰωτάὸην
931 2826 974 2866 in
997 2822 1199 2865 hodierna
1220 2823 1347 2865 leboa

84 2886 191 2928 «σίνε
206 2886 339 2928 lebab
363 2886 447 2926 sive
466 2887 616 2927 rectius
646 2887 809 2927 J'oeebea
832 2888 912 2927 ins.
938 2887 1137 2941 reperisse
1158 2885 1236 2927 sibi
1271 2886 1344 2926 visi

104 2956 217 2991 sunt.

160 3013 186 3066 ς
205 3014 287 3063 90,
313 3009 343 3052 l.
368 3013 410 3061 l..
434 3009 653 3067 κόλπος]
676 3011 755 3053 Hic
778 3011 893 3052 sinus
921 3018 982 3052 est
1010 3023 1140 3066 prope
1161 3008 1347 3051 Ain-eme

106 3071 264 3128 (Ὀννη
285 3072 394 3117 Ptol.
413 3073 446 3130 ),
470 3074 543 3130 qui
559 3073 826 3131 scopulorum
844 3081 958 3115 strue
977 3073 1032 3114 ita
1049 3073 1347 3127 circumseptus

105 3145 181 3189 ost,
197 3145 247 3179 ut
258 3137 426 3180 nonnisi
437 3146 636 3193 angustus
644 3137 840 3179 introitus
850 3137 987 3194 parvis
998 3144 1159 3178 tantum
1176 3136 1347 3190 navigiis

106 3207 256 3255 pateat.
272 3199 332 3242 V.
352 3207 543 3243 accurate
560 3198 614 3243 de
635 3199 702 3243 his
714 3207 991 3257 exponentem
1006 3197 1165 3241 Carless
1181 3198 1224 3239 in
1246 3200 1348 3239 Pro-

106 3261 291 3316 ceedings
318 3260 375 3318 of
396 3261 463 3304 the
483 3262 665 3319 Bombay
691 3276 807 3316 ὄντος.
825 3275 910 3304 soc.
936 3261 1059 3316 1837,
1083 3261 1176 3302 Jan.
1202 3273 1246 3316 p.
1274 3260 1344 3315 37.

107 3323 172 3366 Cf.
211 3325 358 3367 Ritter.
409 3325 541 3375 xm,
579 3338 623 3382 p.
661 3328 758 3367 226.
794 3337 892 3379 299.
932 3324 1125 3365 Ceterum
1171 3335 1263 3378 quae
1294 3320 1348 3363 de

110 3386 192 3428 500
220 3386 361 3428 stadiis
387 3386 596 3442 leguntur,
622 3400 761 3429 veram
778 3387 893 3428 sinus
909 3382 1230 3441 longitudinem,
1253 3397 1347 3440 quae

76 3466 81 3471 ·
107 3455 170 3489 αἱ
203 3450 255 3491 80
284 3448 369 3491 sere
401 3448 654 3502 stadiorum,
681 3449 811 3506 'longe
840 3447 1062 3491 excedunt.
1082 3449 1176 3501 ΙΙ-
1197 3460 1239 3502 7.
1271 3446 1348 3488 Βα-

107 3524 132 3552 τ
143 3512 227 3567 μιζ
240 3526 326 3566 ομε
339 3526 359 3552 ν
373 3527 389 3553 ε
402 3513 468 3568 ἴς]
491 3512 762 3568 Βανιζομενεῖς
783 3510 961 3555 Diodor.
981 3508 1107 3554 codd.
1131 3510 1340 3561 ABDFG3

37 3569 50 3579 '
107 3570 356 3629 Βνιζομενεῒς
378 3574 513 3627 CEQ;
536 3574 782 3631 Κνιζομενεῗς
813 3582 910 3616 cett.
943 3571 1234 3617 Artemidorus
1260 3586 1347 3615 non

107 3633 298 3677 nominat
318 3643 481 3690 gentem
495 3665 506 3685 ‚
524 3649 659 3691 neque
670 3635 836 3677 aliunde
853 3635 906 3678 de
923 3650 971 3679 ea
985 3643 1161 3678 constat.
1181 3633 1349 3678 Fremel

109 3709 178 3754 ap.
211 3696 419 3740 Ritterum
454 3697 572 3748 xm,
600 3711 643 3753 p.
681 3699 760 3739 312
797 3698 992 3754 opinatur
1011 3712 1166 3741 nomen
1186 3704 1350 3741 eontra·

110 3766 225 3801 etum
251 3772 339 3802 esse
358 3772 410 3801 ex
430 3758 779 3815 Βανυζουδαμενεῖς
792 3791 804 3811 ,
832 3758 957 3816 idque
979 3774 1066 3803 esse
1087 3758 1189 3803 Beni
1216 3760 1348 3817 DJou-

109 3819 235 3863 dham
261 3820 348 3863 sive
362 3821 588 3878 'Dj0uzam‚
622 3835 715 3877 quae
738 3822 871 3863 tribus
892 3824 1030 3879 stirpis
1046 3822 1224 3866 Sabaicoe
1252 3823 1345 3865 Mo·

111 3883 276 3927 hamedi
292 3883 551 3942 tempor-ihus
571 3898 654 3927 sec.
671 3884 828 3927 Arabes
848 3886 1067 3942 scriptores
1081 3886 1134 3929 ad
1150 3883 1348 3928 orientale

36 3962 40 3966 ·
93 3946 225 4007 1ιιίιιιις»
243 3946 449 3990 AElanitici
470 3946 575 3989 latus
589 3979 601 3999 ‚
624 3946 696 3989 ubi
715 3961 827 3990 nunc
845 3956 941 3990 sunt
960 3951 1151 3991 Howetae
1172 3947 1344 4001 Arabes,

35 4053 38 4057 ν
96 4015 155 4066 ιιεῑ
182 4008 234 4050 ad
261 4010 454 4053 intimum
479 4009 567 4067 ejus
596 4025 799 4054 recessum
828 4010 1016 4067 degebat.
1045 4011 1190 4054 Videri
1221 4010 1347 4067 igitur

1416 2386 1572 2428 tribum
1584 2386 1704 2427 istam
1715 2399 1739 2426 e
1750 2384 1919 2427 Sabaica
1932 2385 2098 2439 regione
2107 2383 2276 2426 boream
2294 2399 2435 2427 versus
2445 2384 2656 2442 paullatim

1415 2462 1674 2504 progressam
1691 2462 1795 2499 esse,
1813 2448 1870 2489 ita
1890 2455 1939 2489 ut
1960 2446 2275 2502 Agatharchidis
2287 2455 2404 2489 aetate
2426 2448 2536 2491 circa
2550 2447 2652 2492 hod.

1415 2510 1580 2553 Moilah
1602 2518 1849 2552 versaretur.
1873 2509 2177 2565 Wesselingius
2206 2524 2301 2551 cum
2329 2509 2654 2553 Banizomenen·

1415 2571 1530 2614 sibus
1550 2572 1863 2629 componendos
1891 2573 2053 2629 putavit
2084 2573 2368 2629 Μνασομενεῖς,
2391 2586 2497 2629 quos
2517 2572 2655 2616 Ptole-

1415 2650 1544 2678 maeus
1563 2637 1641 2687 VI,
1663 2651 1688 2692 7
1712 2650 1754 2693 p.
1782 2640 1864 2687 406
1891 2635 1944 2679 ad
1967 2638 2175 2678 Zametem
2193 2644 2377 2679 montem
2398 2637 2439 2677 in
2461 2635 2654 2679 mediter·

1414 2699 1550 2741 raneis
1565 2698 1751 2741 collocat.
1775 2699 1909 2740 Nimis
1930 2698 2017 2741 haec
2034 2700 2174 2740 omnia
2196 2707 2292 2739 sunt
2314 2699 2483 2740 incerta.
2508 2698 2656 2752 Quod·

1416 2775 1512 2803 nam
1529 2760 1652 2803 suerit
1662 2760 1803 2802 sanum
1818 2759 1941 2816 hujus
1952 2762 2147 2815 regionis,
2168 2760 2219 2801 ab
2232 2760 2437 2802 Arabibus
2452 2761 2653 2803 universis

1415 2836 1493 2878 pro
1503 2830 1644 2864 sancto
1656 2822 1860 2874 habitum,
1881 2837 1964 2863 non
1976 2830 2151 2864 constat.
2169 2824 2353 2864 Fuerunt
2368 2823 2439 2878 qui
2456 2823 2653 2866 Mcdinale

1416 2886 1433 2939 (
1454 2883 1655 2941 Ἰάῠριππα
1677 2884 1902 2941 Stephani)
1917 2886 2067 2940 signari
2098 2884 2329 2936 crederent,
2361 2899 2490 2941 quum
2514 2894 2651 2930 tamen

1414 2946 1469 2989 ab
1487 2948 1536 2989 iis
1548 2947 1662 2998 locis,
1679 2948 1724 2989 in
1739 2947 1891 3003 quibus
1903 2962 2016 2990 nunc
2034 2961 2259 2999 versamur,
2276 2947 2384 2990 absit.
2398 2947 2650 3003 longissime.

1417 3010 1558 3051 Fuerit
1580 3009 1722 3052 fanum
1738 3009 1875 3067 potius
1893 3010 1936 3052 in
1955 3009 2047 3052 loco
2065 3024 2189 3067 quem
2214 3010 2360 3064 Ὄννην
2381 3020 2498 3054 vocat
2519 3013 2657 3055 Ptole-

1417 3086 1566 3125 maeus,
1586 3072 1743 3116 Arabes
1767 3071 1915 3115 dicunt
1929 3073 2127 3123 Ain-une,
2149 3074 2221 3130 qui
2238 3072 2468 3128 asoneibus
2498 3089 2653 3119 nomeu

1416 3142 1560 3177 nactus
1574 3136 1800 3177 etiamnum
1816 3135 2005 3192 palmeta
2026 3135 2150 3177 habet
2171 3144 2212 3177 et
2230 3134 2496 3192 aquaeductus
2515 3138 2651 3182 urbis·

1416 3210 1498 3252 que
1524 3197 1679 3239 ruinas.
1716 3196 1933 3252 Ejusmodi
1962 3198 2072 3239 enim
2107 3198 2195 3240 lom
2226 3198 2351 3241 sacris
2382 3198 2538 3243 delecta
2565 3215 2653 3245 esse

1416 3258 1623 3302 Arabibus
1639 3260 1858 3316 suprajam
1878 3260 2072 3303 vidimus.
2094 3263 2111 3317 u
2127 3286 2182 3293 —
2198 3264 2238 3304 8.
2259 3267 2349 3304 τῶν
2368 3277 2397 3318 χ
2409 3278 2425 3305 ε
2439 3279 2460 3320 ρ
2472 3278 2527 3305 σα
2542 3264 2650 3323 ίων]

1415 3326 1492 3364 τῶν
1511 3336 1552 3364 τι
1575 3323 1767 3379 χερσαίων
1786 3325 1835 3366 C.

1471 3384 1623 3443 sphi.
1642 3400 1685 3440 9.
1704 3388 1854 3438 νῆσοι
1876 3401 1929 3442 τρ
1943 3401 1960 3428 ε
1973 3386 2034 3442 ἴς]
2049 3385 2229 3429 Indicari
2242 3385 2435 3430 videntur
2452 3402 2545 3445 qua·
2560 3398 2654 3446 post

1422 3449 1558 3503 Dyr-an
1579 3456 1811 3504 sequuntur
1837 3447 1979 3491 insula:
2003 3457 2086 3491 tres
2115 3448 2305 3505 majores,
2328 3450 2522 3493 Rama-an
2541 3453 2558 3507 (
2577 3452 2653 3495 Isi·

1415 3508 1480 3552 dis
1500 3509 1633 3553 insula
1652 3510 1666 3567 )
1693 3511 1925 3554 seleuse-lma
1939 3512 2024 3554 sive
2048 3511 2371 3554 Abu-&buscha
2389 3512 2652 3570 (Σουκαὸύα)
2740 3511 2744 3513 ’

1415 3579 1459 3615 et
1474 3573 1631 3629 Senafir
1646 3575 1662 3628 (
1678 3572 1841 3616 Σαλυδώ
1853 3576 1886 3629 ).
1908 3576 2023 3617 Inter
2036 3589 2104 3617 eas
2121 3574 2276 3631 Senafir
2288 3574 2422 3620 forma
2438 3589 2512 3619 sua
2529 3576 2658 3619 semi-
2740 3616 2742 3618 .
2780 3596 2782 3630 j

1416 3634 1604 3678 circulari
1622 3636 1759 3678 sinum
1793 3635 2049 3693 profundum
2067 3636 2210 3690 efficit,
2239 3652 2264 3679 a
2286 3638 2423 3680 nautis
2449 3636 2653 3694 indigenis
2731 3660 2746 3671 a

1419 3696 1753 3754 frequentatum;
1786 3699 1967 3756 itemque
1989 3702 2182 3743 Bam-an
2203 3700 2244 3742 in
2267 3708 2382 3756 parte
2408 3699 2593 3743 meridiei
2610 3707 2654 3743 et
2729 3711 2735 3718 ‘

1416 3760 1564 3803 orienti
1589 3761 1758 3803 obversa
1781 3762 1918 3804 sinum
1953 3762 2122 3805 navium
2151 3762 2318 3805 stationi
2349 3762 2471 3805 habet
2490 3776 2650 3808 accom-
2727 3767 2740 3821 j
2761 3776 2769 3783 ”

1417 3821 1590 3865 modum
1616 3826 1632 3876 (
1647 3838 1687 3865 v.
1706 3825 1838 3866 Ritter
1859 3826 1977 3876 XIV,
2002 3838 2046 3882 p.
2079 3837 2177 3876 222,
2195 3832 2465 3880 auctoresque
2486 3823 2543 3866 ibi
2562 3822 2655 3866 lau·
2753 3865 2756 3872 ,

1417 3883 1552 3940 dati).
1580 3886 1688 3928 Pieri
1705 3895 1840 3928 tamen
1860 3895 1995 3943 potest
2013 3896 2060 3930 ut
2077 3885 2400 3943 Agatharchides
2414 3885 2535 3929 Isidis
2552 3884 2648 3928 sano

1415 3962 1571 3990 sacram
1595 3948 1746 3991 dixerit
1768 3949 1942 3992 insulam
1969 3950 2107 3992 'Vales
2130 3950 2205 4004 (in
2226 3963 2365 4007 mapp.
2383 3947 2648 4004 Bes-ghaun).

1415 4009 1524 4052 litori
1538 4012 1724 4067 proxime
1739 4011 2028 4066 adcubantem,
2045 4011 2272 4071 Sucabyam
2290 4025 2388 4055 vero
2402 4008 2645 4053 hodia-nun
