2756 4354
124 184 285 219 xnvut
446 206 489 247 ·

125 274 263 321 babet
281 308 296 329 ,
319 282 371 319 ut
401 270 647 318 dicendum
678 269 795 316 i'oret
815 277 959 313 totum
983 278 1100 325 opus
1114 263 1165 307 in
1191 277 1360 308 novam

127 362 393 411 compagem
426 346 660 393 redactum
693 354 739 389 et
764 342 820 389 ad
851 340 1046 388 serioris
1078 338 1167 383 aevi
1197 347 1362 385 statum

126 421 480 484 geographicum
513 416 923 471 accommodatum,
946 422 991 459 et
1021 426 1260 459 mensuras
1294 411 1365 459 di-

128 498 398 546 standarum
412 495 546 541 aliter
561 493 804 539 adornatas
818 499 864 535 et
879 486 1104 533 orationis
1119 485 1362 534 dialectum

129 583 345 619 mutatam
362 586 446 617 nec
457 569 708 630 quidquam
725 580 782 611 ex
793 563 986 625 antiquo
1003 562 1208 625 Scylacis
1225 578 1365 626 opere

127 660 355 695 servatum
398 660 497 693 esse
525 652 693 703 praeter
727 655 783 686 ea
817 655 922 702 quae
960 654 1045 686 cur
1077 650 1365 687 mutarentur

128 740 286 771 caussa
312 740 405 769 non
428 721 649 768 subesset.
674 717 845 764 Eodem
863 717 1007 778 igitur
1037 715 1148 779 jure
1175 716 1364 763 cuicun-

127 815 216 860 que
237 797 413 844 auctori
460 793 708 840 recentiori
733 792 1042 854 antiquiorem
1083 790 1282 852 aliquem
1314 790 1364 836 in

126 874 284 919 eodem
318 879 588 930 argumento
617 877 849 914 versatum
882 865 1161 914 substituere
1189 862 1364 910 licebit.

125 948 259 1005 Quod
279 962 415 1010 quam
436 946 496 992 sit
512 944 741 991 ludicrum
756 977 770 1000 ,
788 958 931 1004 quum
950 950 1125 1003 pateat,
1152 939 1363 1002 plurimi,

128 1035 176 1070 ut
205 1024 486 1077 Mannertus,
511 1018 812 1075 Niebuhrius,
835 1016 1052 1072 Ukertus,
1071 1015 1362 1071 Clausenius,

126 1101 183 1146 de
222 1100 314 1146 alio
348 1097 549 1159 quodam
594 1095 783 1156 Scylace
828 1092 1151 1155 Caryandense
1194 1092 1365 1151 cogita·

127 1185 232 1220 runt
251 1175 310 1220 iis
325 1174 515 1219 florente
529 1169 842 1231 temporibus,
867 1184 971 1230 quae
991 1184 1049 1214 ex
1079 1167 1262 1229 periplo
1280 1182 1364 1212 no·

126 1260 222 1295 stro
243 1249 442 1309 quisque
460 1245 550 1292 sibi
581 1260 743 1291 eruere
767 1245 896 1290 visus
914 1254 998 1289 est.
1020 1242 1171 1303 Hujus
1187 1253 1365 1288 senten·

127 1325 202 1371 tiae
220 1322 525 1386 probabilitas
544 1322 681 1367 unice
702 1319 872 1383 pendet
901 1335 927 1365 e
957 1319 1047 1365 fide
1066 1319 1207 1375 tituli,
1230 1334 1365 1379 quem

127 1401 272 1448 codex
295 1410 449 1446 noster
469 1396 675 1444 exhibet.
700 1396 787 1442 Cui
806 1396 846 1442 si
882 1395 1117 1441 mordicus
1142 1394 1368 1441 inhaerere

127 1476 263 1533 velis,
288 1490 391 1537 quae
414 1473 612 1519 avellere
635 1472 811 1517 valeant
826 1480 1095 1530 argumenta
1116 1469 1369 1516 certissima

129 1566 222 1597 non
241 1549 402 1596 habeo,
420 1548 708 1609 Quamquam
733 1547 783 1593 in
814 1547 941 1593 hisce
966 1546 1103 1592 rebus
1121 1545 1366 1592 sublestam

128 1640 227 1673 esse
249 1635 511 1671 nostrorum
534 1622 764 1669 librorum
788 1622 1104 1669 auctoritatem
1144 1622 1369 1684 exemplis

129 1710 322 1756 constat,
347 1710 391 1746 et
416 1699 639 1762 opuscula
653 1714 757 1760 quae
775 1714 858 1761 per
875 1698 1055 1745 scholas
1074 1699 1368 1745 circumfere-

129 1779 313 1834 bantur,
338 1792 437 1839 prae
456 1777 620 1822 ceteris
649 1776 766 1822 salso
786 1774 985 1823 inscribi
1010 1775 1267 1822 notissimis
1291 1791 1370 1821 no·

133 1857 336 1905 minibus
359 1857 521 1903 solent.
550 1857 648 1902 iluc
669 1856 846 1902 accedit
862 1854 987 1918 quod
1014 1855 1148 1902 facile
1175 1856 1274 1902 fieri
1293 1871 1372 1917 po·

129 1934 234 1991 tuit,
255 1943 307 1979 ut
332 1933 493 1979 titulus
513 1942 670 1978 noster
686 1947 790 1978 sero
808 1931 991 1978 demum
1014 1930 1370 1978 adscriberetur.

129 2008 239 2055 Nam
257 2023 398 2069 quum
420 2007 728 2054 antecedentis
754 2008 910 2070 operis
925 2023 1034 2070 pars
1056 2009 1288 2070 posterior
1322 2009 1371 2054 in

127 2084 286 2129 codice
305 2084 476 2130 nostris
491 2082 626 2129 libris
649 2084 916 2145 antiquiore
930 2118 943 2141 ,
963 2083 1126 2130 avulso
1145 2099 1240 2131 uno
1260 2099 1371 2145 qua·

131 2164 362 2223 ternione‚
375 2162 471 2224 jam
487 2162 726 2225 deperdita
746 2171 866 2209 esset
885 2162 946 2224 (v.
965 2178 1014 2225 p.
1035 2166 1218 2219 xxxx),et
1229 2178 1370 2224 quum

127 2253 231 2299 quae
263 2238 397 2284 initio
435 2239 583 2284 nostri
612 2238 782 2301 peripli
810 2239 1046 2299 leguntur,
1094 2249 1183 2284 tam
1219 2239 1374 2285 hiulca

126 2318 239 2374 sint,
272 2327 323 2363 ut
358 2329 518 2379 postea
554 2318 709 2366 addita
742 2319 1026 2366 videantur:
1056 2319 1174 2365 nihil
1202 2320 1369 2366 mirum

126 2388 242 2439 soret
259 2409 351 2439 una
372 2410 474 2440 cum
499 2396 808 2442 antecedentis
841 2396 996 2458 operis
1028 2396 1118 2441 fine
1139 2396 1276 2441 etiam
1300 2411 1373 2442 se-

126 2468 308 2528 quentis
323 2470 490 2529 peripli
520 2470 705 2514 initium
726 2486 830 2515 cum
855 2484 1001 2530 eoque
1024 2470 1206 2515 titulum
1234 2470 1373 2517 tronti

125 2542 363 2602 praefixum
388 2543 597 2602 periisse.

190 2620 267 2677 69.
290 2617 565 2664 Leti-ennius
585 2620 644 2664 ad
658 2619 892 2679 Scylacem
915 2619 1102 2665 nonnisi
1119 2633 1215 2663 eam
1237 2619 1375 2664 refert

129 2692 286 2753 operis
323 2702 497 2754 partem
538 2709 641 2754 quae
663 2703 731 2739 est
758 2693 815 2739 de
850 2693 960 2739 Asia
993 2693 1190 2739 minore.
1229 2693 1366 2746 Quod

128 2777 294 2829 praeter
310 2769 622 2815 necessitatem
639 2779 685 2815 et
695 2769 870 2815 eversis
882 2778 1088 2815 veterum
1100 2769 1373 2814 testimoniis

130 2846 228 2892 fieri
248 2861 389 2908 supra
415 2848 590 2893 monui.
621 2847 687 2893 De
712 2857 807 2893 toto
830 2857 979 2893 autem
1008 2847 1189 2909 periplo
1215 2857 1373 2894 nostro

129 2922 195 2968 ita
216 2923 375 2968 statuit
390 2938 439 2985 p.
466 2922 555 2978 243
581 2939 592 2967 τ
624 2943 644 2963 «ι
664 2922 764 2977 Que
783 2924 826 2969 la
842 2923 1139 2984 compilation
1157 2923 1213 2968 de
1243 2934 1373 2969 notre

129 2997 311 3061 periple
334 2996 397 3044 ait
418 2996 489 3044 ete
521 2997 752 3058 l'ouvrage
774 2997 886 3045 d'un
919 2998 1085 3060 Scylax
1109 2998 1222 3043 dont
1246 2997 1369 3043 l‘bis

130 3073 249 3119 toire
272 3073 347 3119 n’a
369 3074 500 3135 point
532 3073 661 3135 parle
676 3108 689 3131 ,
713 3089 773 3118 ou
801 3075 941 3135 qu'on
968 3074 1032 3118 ait
1051 3073 1268 3135 applique
1286 3076 1310 3118 ὸ
1331 3073 1372 3118 la

130 3147 430 3210 compilation
452 3149 630 3194 eutii-re
649 3148 691 3194 le
724 3164 832 3194 nom
856 3147 966 3194 d'un
987 3148 1066 3194 des
1085 3158 1268 3194 auteurs
1288 3149 1367 3208 qui

130 3224 314 3271 avaient
334 3224 405 3271 ete
428 3225 516 3272 mis
544 3227 571 3271 ἓι
590 3223 932 3282 contribution‚
962 3226 1072 3271 c'est
1094 3240 1145 3270 ce
1168 3225 1280 3286 qu'il
1303 3235 1371 3270 est

130 3299 412 3347 maintenant
433 3299 705 3363 impossible
737 3299 795 3346 de
813 3299 1023 3359 decider5
1055 3300 1170 3346 mais
1203 3300 1245 3345 la
1268 3298 1371 3346 der·

130 3375 258 3421 niere
281 3375 549 3436 conjecture
566 3376 730 3422 merite
750 3375 880 3423 selon
896 3375 991 3422 moi
1015 3375 1060 3422 la
1078 3375 1367 3439 preference;

127 3463 209 3495 car
231 3449 264 3495 il
298 3449 448 3511 parait
478 3454 504 3496 a
532 3466 621 3513 peu
653 3453 763 3514 pres
796 3451 969 3499 certain
989 3467 1079 3514 que
1101 3451 1298 3497 l'auteur
1316 3449 1373 3497 de

179 3584 231 3634 ζ’)
254 3586 309 3624 De
331 3585 513 3625 Dodwelli
536 3586 796 3626 dissertatione
812 3588 864 3626 ita
882 3590 1008 3626 censet
1026 3587 1258 3627 niebuhrius
1272 3588 1310 3627 in
1328 3586 1464 3628 Klein.
1484 3586 1690 3637 Schrlflen
1713 3590 1740 3637 Ι,
1760 3598 1795 3637 p.
1822 3594 1887 3628 11³
1911 3603 1921 3628 z
1940 3603 1958 3621 a
1982 3589 2090 3629 Diese
2114 3589 2363 3640 abhandlung
2376 3590 2523 3640 gehoert
2540 3602 2586 3631 au
2604 3589 2684 3632 den
2714 3605 2718 3611 ¹·

127 3639 403 3680 neblechtesten
433 3642 608 3682 Arbeitcn
635 3643 827 3683 Dodwells
856 3644 893 3682 in
915 3643 1036 3682 dieser
1064 3646 1144 3682 Art.
1167 3644 1231 3683 lcii
1255 3643 1357 3683 kann
1382 3644 1473 3682 aber
1496 3643 1710 3692 uberhaupt
1743 3644 1847 3683 nicht
1866 3644 2030 3683 daruber
2047 3645 2274 3693 schweigen,
2293 3646 2379 3686 dass
2402 3644 2463 3686 dle
2477 3648 2681 3687 Antoritaet

112 3694 251 3736 ,diues
272 3695 576 3747 ahapreclienden
594 3698 927 3749 chronologisclien
944 3698 1236 3739 Kleinkraemcrs
1249 3699 1536 3750 durcligeliends
1550 3699 1622 3739 viel
1646 3711 1692 3738 zu
1710 3700 1981 3748 hochgolmlten
2007 3701 2116 3745 wird,
2131 3702 2206 3739 und
2225 3704 2310 3741 eine
2324 3704 2455 3751 Menge
2469 3703 2680 3742 lrrtliumer

128 3752 347 3803 muntem
365 3753 444 3793 liat.
466 3755 625 3804 Wenige
645 3755 797 3795 werden
822 3758 914 3796 Lust
933 3756 1080 3804 haben,
1112 3757 1215 3797 scine
1242 3758 1278 3796 in
1299 3757 1367 3797 der
1389 3756 1770 3797 allerermssdendslcn
1803 3757 1945 3796 Manier
1964 3758 2168 3797 versassten
2197 3757 2495 3806 :abhandlungen
2516 3757 2678 3806 pretend
2708 3784 2711 3811 ᾗ
2755 3787 2756 3799 1

374 3819 420 3848 en
435 3824 446 3849 ε
463 3820 529 3849 um
548 3821 592 3849 so
610 3811 718 3850 melir
735 3812 908 3852 versulirt
928 3812 988 3852 «lie
1006 3813 1226 3853 sclieinbare
1245 3814 1439 3862 aengsuicu
1461 3813 1743 3863 gewi-senliasse
1769 3814 2014 3862 Genauigkeit
2043 3814 2164 3854 seiner
2185 3816 2486 3863 Festsetznnoen.
2509 3813 2588 3853 ilun
2606 3815 2695 3855 mit.

130 3864 292 3915 Rapeltt
309 3867 381 3906 aus
396 3866 466 3907 das
486 3869 600 3908 Wort
614 3879 660 3907 zu
679 3869 853 3919 glauben.
883 3870 983 3910 Aber
1000 3881 1111 3909 wenn
1134 3882 1220 3910 man
1239 3872 1313 3910 den
1330 3869 1515 3911 Venti-um
1537 3870 1789 3918 oberwinalet,
1815 3870 1890 3909 und
1911 3872 2013 3909 scine
2033 3871 2164 3921 langen
2192 3872 2423 3920 Argumente
2441 3869 2675 3918 zergliedert,
2703 3912 2709 3915 ,

129 3930 172 3958 so
193 3918 291 3960 vird
310 3932 398 3961 man
413 3922 669 3963 allentlnalben
689 3925 1046 3974 ungerechuerligtc
1065 3926 1336 3975 folgerungem
1356 3925 1433 3965 und
1460 3926 1522 3965 die
1537 3926 1834 3964 unnatiirliclnste
1850 3926 2093 3976 Verbindung
2109 3926 2178 3965 der
2201 3925 2317 3964 Fakta
2341 3933 2404 3962 um
2428 3923 2603 3963 Sclilsssse
2626 3933 2680 3962 zu·

130 3977 361 4026 erzwingen,
377 3977 485 4018 dabei
503 3980 588 4019 eine
604 3979 753 4029 voellige
780 3980 1046 4029 Entbloessnug
1062 3992 1134 4019 ron
1159 3983 1340 4030 richtigen
1356 3982 1462 4029 sinn,
1484 3981 1706 4028 eniam-ken,
1725 3982 1824 4020 :wine
1842 3983 2064 4031 Meinungen
2084 3980 2266 4021 vielmelir
2285 3978 2516 4019 mistrauend
2534 3978 2589 4018 als
2604 3980 2676 4019 mit
2755 3999 2756 4034 3

132 4032 253 4071 Giinst
272 4035 515 4085 verneluncm
541 4035 616 4081 und
643 4036 680 4076 in
700 4037 827 4077 seinen
853 4037 1132 4087 weitloeussigen
1151 4037 1326 4078 Arbeiten
1346 4049 1417 4077 nur
1433 4038 1663 4079 Materialien
1682 4039 1838 4078 suellen.
1867 4055 1885 4071 ι»

1156 159 1632 208 PnoLEGOMENA.

1432 273 1549 310 cette
1588 263 1887 326 compilation
1921 264 2063 310 vivait
2098 266 2125 309 ὸ
2165 264 2421 311 Athenes...
2450 265 2489 310 A
2520 245 2656 327 que⁵

1433 338 1616 401 cpoque
1647 348 1764 385 cette
1785 338 2083 400 compilation
2106 340 2286 385 a·t-elle
2314 339 2524 399 redigee?
2546 341 2628 388 Cet
2642 340 2662 404 'J

1434 414 1664 475 question,
1679 428 1762 460 sur
1775 413 1974 475 laquelle
1994 429 2056 460 on
2072 429 2098 459 a
2121 424 2218 460 tant
2237 414 2415 471 insiste,
2431 430 2505 461 me
2522 431 2621 477 par

1435 488 1680 537 insoluble.
1704 490 1829 536 Dans
1862 490 1986 536 l'etat
2017 493 2079 537 οὺ
2096 490 2180 551 j’ai
2207 491 2294 536 mis
2317 491 2361 535 la
2387 479 2648 539 discussion*
2674 532 2676 534 .

1437 565 1471 610 il
1493 565 1574 626 n’y
1599 565 1747 611 aurait
1774 565 1880 628 plus
1913 580 2004 627 que
2040 565 2106 611 les
2141 565 2417 613 indications
2454 567 2592 614 tirees
2621 590 2628 606 ·

1435 639 1554 702 style
1575 640 1689 687 dont
1712 656 1773 687 ou
1803 641 2015 703 pourrait
2039 656 2088 686 se
2118 641 2293 697 servir3
2326 642 2441 688 mais
2462 643 2581 689 celui
2610 642 2659 689 d

1433 714 1615 777 periple
1633 715 1853 761 convient
1873 731 1932 762 au
1965 715 2106 762 siecle
2128 715 2435 762 d'Alexandre
2457 732 2635 764 comme
2656 750 2659 756 ·

1437 789 1557 835 celui
1584 789 1643 836 de
1666 789 1911 852 Polybe(1)
1933 807 1945 836 ι
1971 791 2095 837 aussi
2130 791 2195 837 les
2227 790 2456 851 partisans
2477 791 2535 838 de
2556 790 2675 839 l'an·

1435 863 1645 910 ciennete
1668 862 1726 910 de
1753 879 1804 910 ce
1822 863 1957 922 livre,
1974 865 2019 911 le
2042 864 2191 911 baron
2209 865 2267 912 de
2291 865 2616 913 Sainte-Croix
2630 854 2707 915 et*

1436 938 1500 985 Μ.
1522 937 1624 983 Gail
1645 937 1743 994 fils,
1769 938 1932 984 ont-ils
1952 938 2024 984 ete
2042 938 2216 999 obliges
2236 940 2293 987 de
2310 956 2537 1003 supposer
2557 942 2672 1003 qu'il

1439 1011 1564 1058 avait
1586 1011 1658 1057 ete
1676 1014 1844 1057 eruduit
1862 1010 1919 1058 de
1936 1012 2128 1060 l’ionien
2147 1030 2206 1060 en
2223 1015 2411 1075 langage
2432 1032 2676 1074 commum

1438 1087 1694 1151 hypothese
1724 1098 1850 1134 toute
1883 1089 2102 1147 gratuite,
2140 1099 2186 1135 et
2222 1089 2415 1152 j'ajoute
2446 1092 2555 1140 bien
2587 1109 2677 1156 peu

1439 1163 1662 1227 probable
1678 1180 1797 1227 pour
1817 1180 1879 1210 un
1900 1164 2019 1210 livre
2041 1164 2098 1210 de
2113 1179 2164 1210 ce
2182 1180 2345 1224 genre3
2377 1182 2455 1213 car
2472 1168 2517 1216 le
2532 1170 2677 1229 grand
2692 1206 2698 1225 ,

1442 1241 1634 1287 nombre
1649 1241 1883 1286 d‘anciens
1906 1240 2109 1302 periples
2132 1241 2270 1287 eci-its
2293 1240 2408 1288 dans
2429 1242 2473 1288 le
2488 1242 2695 1302 dialecte

1440 1318 1598 1364 ionien
1610 1316 1793 1362 avaient
1819 1316 2050 1361 tellement
2062 1314 2248 1362 habitue
2261 1318 2288 1362 a
2303 1317 2408 1363 voir
2423 1333 2476 1364 ce
2487 1317 2698 1374 dialecto„

1441 1392 1655 1455 employe
1692 1407 1811 1453 pour
1845 1390 1903 1436 de
1941 1390 2024 1436 tels
2055 1406 2303 1451 ouvrages,
2341 1394 2480 1453 qu'au
2511 1395 2691 1441 second

1443 1469 1582 1515 siecle
1604 1467 1662 1515 de
1687 1478 1819 1515 notre
1841 1469 1942 1525 ere,
1965 1469 2128 1515 Arrien
2152 1468 2195 1514 le
2216 1469 2377 1514 choaekit
2395 1485 2515 1531 pour
2544 1471 2588 1516 la
2610 1472 2681 1517 re·
2700 1496 2701 1501 =

1442 1546 1626 1592 daction
1655 1545 1713 1592 de
1744 1560 1819 1591 ces
1852 1547 2061 1605 Indiques
2082 1546 2163 1605 qui
2186 1547 2480 1592 contiennent
2501 1546 2545 1592 le
2559 1547 2700 1608 pe’rir

1442 1623 1517 1684 ple
1539 1623 1597 1668 de
1622 1621 1847 1682 Nearque.
1876 1648 1938 1656 —
1966 1620 2172 1667 Dodwell
2193 1622 2269 1683 Ψ),
2303 1621 2486 1683 d'apres
2514 1623 2558 1669 le
2576 1639 2680 1686 pas·

1442 1713 1548 1757 sage
1572 1697 1628 1743 de
1646 1697 1833 1753 Suidas,
1856 1712 1883 1743 a
1900 1696 2164 1759 conjecture
2184 1714 2275 1759 que
2293 1699 2336 1745 le
2362 1698 2601 1748 redacteur
2618 1701 2701 1748 du'

1443 1773 1624 1835 periple
1646 1773 1757 1819 etait
1781 1774 2131 1834 contemporain
2164 1773 2221 1820 de
2253 1774 2462 1837 Polybe:
2486 1792 2549 1824 on
2565 1777 2634 1825 lui
2655 1793 2710 1844 ιλ

1443 1848 1618 1907 objecte
1643 1864 1733 1910 que
1765 1864 1817 1895 ce
1845 1848 2243 1917 Scylax-n’aurait
2279 1866 2342 1913 pu
2380 1866 2603 1914 manquer
2625 1848 2709 1902 (11γ

1443 1926 1609 1986 glisser
1630 1923 1743 1972 dans
1764 1942 1850 1972 son
1872 1927 1990 1973 livre
2006 1927 2209 1988 quelque
2236 1937 2358 1974 trace
2372 1927 2437 1975 du
2454 1938 2603 1992 temps
2619 1931 2684 1977 οΐι
2703 1934 2707 1978 J
2717 1935 2721 1938 '

1444 2002 1477 2048 il
1489 2003 1650 2049 vivait.
1664 2002 2180 2063 Cetargumentnegatis
2189 2005 2304 2051 n‘est
2320 2020 2403 2067 pas
2414 2020 2520 2052 sans
2531 2006 2683 2064 foroe3
2708 2055 2710 2057 ,
2724 2031 2725 2034 ’

1445 2080 1560 2126 mais
1580 2080 1614 2125 il
1635 2095 1694 2126 ne
1720 2080 1921 2126 suffirait
1939 2095 2020 2142 pas
2040 2083 2066 2125 ὸ.
2087 2080 2151 2125 lui
2178 2082 2275 2126 seul
2300 2098 2419 2142 pour
2438 2082 2551 2129 faire
2565 2082 2684 2144 reje-
2715 2130 2717 2134 Α

1445 2164 1515 2200 ter
1537 2154 1768 2218 l’opinion
1792 2155 1854 2201 du
1882 2165 2042 2201 savant
2061 2156 2265 2216 Anglais.
2286 2156 2533 2203 L’histoire
2554 2157 2613 2204 de
2639 2150 2710 2207 1⁸²

1445 2233 1723 2296 geographie
1740 2234 1917 2281 sournit
1940 2234 2046 2297 plus
2063 2235 2175 2281 ‹l’un
2195 2235 2404 2299 exemple
2421 2235 2480 2283 de
2497 2252 2686 2300 compo·
2706 2225 2733 2235 ”

1445 2310 1611 2358 sitions
1639 2310 2007 2373 geograpbiques
2023 2310 2231 2371 redigees
2253 2314 2280 2359 ὸ,
2300 2327 2392 2360 une
2411 2312 2592 2376 epoque
2607 2315 2684 2361 τό·

1446 2395 1592 2441 cente,
1606 2395 1651 2431 et
1663 2386 1745 2447 qui
1756 2385 2011 2448 cependant
2028 2401 2085 2432 ne
2099 2387 2363 2449 presentent
2376 2402 2555 2436 aucune
2562 2382 2686 2438 tra'oe
2706 2415 2710 2426 -

1445 2461 1503 2506 de
1520 2470 1635 2506 cette
1655 2461 1852 2521 epoque.
1866 2460 1955 2506 Par
1973 2462 2197 2523 exemple,
2229 2462 2277 2507 S.
2303 2462 2452 2510 Basile
2468 2462 2514 2510 le
2523 2462 2685 2513 Grand
2699 2507 2723 2524 ,,

1448 2536 1523 2595 (in
1557 2535 1774 2581 Hexaem.
1799 2535 1886 2595 Op.
1913 2534 1951 2592 1,
1985 2551 2033 2597 p.
2060 2552 2117 2592 27
2148 2552 2218 2598 sq.
2239 2537 2275 2595 ),
2310 2537 2425 2584 dans
2460 2554 2525 2586 un
2557 2541 2683 2588 resu-
2719 2566 2722 2567 ⁷

1446 2614 1519 2659 me
1537 2613 1884 2676 geographique
1907 2628 2031 2659 assez
2047 2614 2246 2675 detaille',
2266 2617 2476 2680 s'appuie
2497 2619 2688 2680 unique·
2709 2607 2715 2614 Δ

1446 2699 1572 2734 ment
1614 2704 1695 2735 sur
1723 2689 1768 2734 la
1794 2689 2075 2752 geographie
2113 2680 2371 2754 d'Ephore,
2409 2694 2600 2743 laissant
2626 2696 2686 2744 de

1446 2764 1547 2810 cote
1572 2779 1633 2809 ou
1656 2764 1871 2823 ignorant
1892 2764 1959 2811 les
1975 2764 2189 2812 resultats
2209 2767 2288 2814 des
2310 2768 2607 2819 decouvertes
2627 2770 2686 2820 de
2714 2776 2717 2790 ³

1446 2850 1546 2900 sept
1567 2840 1753 2897 siecle53
1775 2840 2037 2904 Nice'pbore
2059 2844 2311 2891 Blemmide
2328 2881 2341 2905 ,
2367 2862 2427 2893 au
2451 2847 2702 2902 treizieme3

1446 2917 1585 2962 siecle
1610 2917 1667 2963 de
1685 2928 1817 2964 notre
1848 2919 1942 2974 «Ere,
1978 2935 2004 2965 a
2028 2921 2184 2980 redige
2204 2938 2267 2967 un
2286 2922 2453 2985 abrege
2484 2925 2685 2987 geogra-

1446 2994 1620 3055 phique
1653 2996 1926 3057 (γεωγραφία
1966 2997 2190 3055 συνοπτική
2204 2999 2239 3060 )‚
2284 3001 2365 3059 qui
2393 3002 2507 3047 n'est
2539 3002 2706 3064 qu'un‘

1444 3071 1610 3115 extrait
1638 3070 1771 3117 fidele
1796 3071 1855 3116 du
1878 3073 2039 3133 poc-me
2057 3073 2114 3118 de
2135 3073 2275 3120 Denis
2297 3074 2339 3120 le
2360 3075 2620 3136 perieget05
2637 3080 2707 3126 οἱ
2752 3101 2754 3104 ’

1445 3148 1500 3201 si,
1526 3163 1581 3191 ne
1600 3148 1892 3193 connaissant
1915 3164 1995 3210 pas
2023 3149 2125 3209 plus
2152 3149 2410 3211 Nicephore
2431 3150 2687 3199 Blemmide

1445 3238 1535 3282 que
1562 3239 1677 3268 nous
1701 3240 1758 3269 ne
1788 3225 2089 3270 connaissons
2121 3225 2314 3270 l'auteur
2331 3225 2394 3271 du
2418 3225 2598 3289 periple
2614 3227 2684 3276 dit
2708 3231 2710 3234 ’

1443 3296 1501 3342 de
1539 3298 1704 3358 Scylax
1720 3333 1732 3355 ,
1766 3315 1883 3345 nous
1912 3300 2062 3345 ctions
2083 3299 2261 3359 obliges
2284 3300 2340 3346 de
2359 3300 2576 3349 chercher
2597 3319 2683 3352 son

1444 3372 1623 3435 epoque
1638 3374 1750 3421 dans
1767 3375 1833 3421 les
1855 3376 1958 3421 saits
1977 3375 2466 3439 geograpliiquesqu'il
2488 3380 2678 3440 enonce,
2703 3388 2711 3410 1

1444 3462 1561 3494 nous
1579 3450 1828 3510 pourrions
1853 3466 1968 3496 nous
1993 3461 2195 3513 tromper
2213 3451 2270 3497 de
2292 3451 2436 3499 douze
2458 3469 2519 3500 ou
2542 3454 2687 3504 treine.
2755 3509 2756 3525 ἢ
