2756 4354
616 61 662 106 0

177 147 284 182 nu

177 252 280 284 cum
300 205 672 282 naucifeerentur
693 232 774 294 qui
803 241 965 278 natura
986 243 1067 274 sua
1095 225 1166 271 vel
1195 224 1413 287 imposito

176 312 363 359 castello
379 309 567 357 Grecos
582 324 609 355 a
629 307 931 355 barbarorum
951 306 1124 364 impetu
1148 311 1269 347 tutos
1291 315 1413 363 prae-

177 396 333 434 staret.
365 384 468 431 «lam
502 398 642 445 quum
672 398 699 427 a
733 380 876 427 borea
894 377 1127 426 hodiernae
1153 375 1414 438 Abyssiuiae

177 460 440 524 elephantes
459 474 552 505 non
581 456 888 519 reperiantur,
913 452 1099 498 venatio
1116 451 1242 498 circa
1259 450 1414 498 Ptole·

176 537 391 594 maidem,
415 546 463 581 ut
490 535 639 596 prima
656 541 775 586 erat,
795 530 863 575 sic
881 528 1046 575 ceteris
1064 527 1210 589 magis
1222 526 1411 575 boream

178 628 338 659 versus
372 611 459 656 sita
493 618 576 655 est.
618 595 793 673 Deinde
814 603 938 667 apud
968 604 1309 652 Artemidorum
1342 619 1413 651 se·

176 697 381 748 quuntur
411 683 532 731 Σᾶὅα
556 682 682 741 λιμὴν
709 680 783 727 καὶ
810 677 1004 741 κυνήγιον
1033 679 1283 743 ἐλεφάντων,
1317 681 1414 736 Mn·

174 760 280 811 λινὸς
324 757 463 816 λιμὴν,
500 756 573 801 cui
611 753 869 817 superjacet
903 753 1094 819 φρούριον
1120 755 1192 800 καὶ
1223 753 1414 816 xum-(la,

175 831 383 893 Εὐμένους
406 830 529 882 ἄλσος
550 839 595 875 et
621 845 743 891 pone
763 829 814 876 id
849 828 1027 892 Δάραὸα
1046 829 1165 880 πόλις
1198 827 1271 875 καὶ
1289 827 1414 884 κυνή-

175 924 263 968 γιον
300 905 531 969 ἐλεφάντων
576 904 624 950 τὸ
663 903 766 967 πρὸς
786 905 846 967 τῷ
868 902 1015 967 φρέατι
1049 901 1285 963 λεγόμενον,
1317 913 1413 948 tum

177 982 446 1044 Πυθαγγέλου
473 980 664 1042 κυνήγιον
706 989 753 1026 et
790 979 1008 1041 deinceps
1024 979 1126 1025 aliae
1146 979 1415 1025 venationes

173 1068 263 1103 tam
295 1059 414 1104 intra
448 1058 599 1103 fauces
629 1057 727 1102 sitae
746 1070 883 1117 quam
907 1064 1038 1101 extra
1067 1069 1144 1100 eas
1177 1055 1235 1100 ad
1260 1054 1413 1100 sinum

173 1133 466 1180 Avaliticum.
480 1133 546 1179 De
557 1131 629 1179 his
642 1131 784 1191 igitur
797 1129 1015 1177 omnibus
1026 1129 1408 1190 Agatharchidem

171 1208 295 1254 libro
311 1212 477 1271 primo,
507 1208 698 1254 sortasse
721 1207 857 1253 etiam
889 1215 1122 1267 sequente,
1150 1208 1413 1267 exposuisse

173 1298 323 1344 neque
338 1283 524 1330 aliunde
545 1297 629 1329 sua
645 1282 852 1327 hausisse
869 1281 1211 1327 Artemidorum
1230 1295 1416 1326 consen·

172 1368 354 1404 taneum
385 1367 468 1404 est.
509 1358 574 1403 Ac
600 1357 733 1403 facile
752 1356 861 1402 hinc
892 1356 1150 1417 explicatur
1183 1356 1301 1401 ratio
1325 1371 1416 1417 qua

173 1433 298 1480 libro
317 1434 482 1495 quinto
500 1449 582 1479 ora
614 1432 791 1493 Libyca
816 1431 1111 1479 describitur.
1142 1431 1321 1478 Nullam
1347 1431 1414 1478 ibi

173 1523 324 1570 neque
341 1508 531 1555 Photius
553 1523 704 1570 neque
735 1507 965 1553 Diodorus
994 1509 1269 1553 mentionem
1292 1506 1415 1568 inji-

175 1586 303 1631 ciunt
327 1585 583 1641 Berenices,
608 1583 899 1631 celeberrimi
921 1583 1061 1645 hujus
1075 1599 1168 1630 orae
1186 1585 1412 1646 emporii;

173 1661 295 1707 haud
318 1661 454 1707 aliam
478 1662 654 1707 scilicet
675 1662 737 1707 oh
762 1676 942 1707 causam
965 1676 1102 1723 quam
1129 1661 1252 1722 quod
1283 1661 1340 1707 de
1362 1675 1415 1707 ea

171 1746 329 1782 auctor
340 1734 436 1797 jam
454 1735 634 1783 dixerat
648 1735 777 1781 libro
797 1737 974 1797 primo;
997 1751 1023 1781 a
1046 1736 1264 1782 Berenice
1290 1737 1413 1781 enim

171 1811 405 1872 proficisci
445 1811 703 1858 debuerunt
741 1811 967 1859 Eumedes
997 1813 1227 1873 ceterique
1255 1815 1332 1873 qui
1366 1814 1414 1858 in

172 1885 435 1947 Abyssiniae
467 1902 594 1933 oram
625 1887 971 1939 emittebantur.
998 1889 1063 1934 Ac
1096 1888 1152 1934 de
1197 1899 1291 1934 toto
1327 1887 1413 1933 hoc

173 1969 320 2007 tractu
330 1962 410 2023 qui
432 1962 553 2008 inter
570 1962 821 2009 Berenicen
838 1974 883 2008 et
895 1963 1222 2009 Ptolemaidem
1238 1963 1415 2010 medius

171 2045 254 2092 est,
294 2037 393 2098 ipse
425 2036 788 2097 Agatharchides
826 2038 947 2084 libro
977 2041 1139 2099 quinto
1168 2038 1224 2084 ad
1256 2039 1415 2100 priora

171 2110 410 2157 volumina
445 2114 661 2158 lectorem
699 2112 939 2172 relegavit.
976 2112 1052 2159 Sic
1088 2114 1210 2159 enim
1241 2113 1415 2160 intelli-

171 2185 319 2244 genda
333 2196 440 2232 sunt
460 2186 605 2232 verba
623 2187 780 2232 Photii
803 2188 831 2248 S
852 2189 907 2241 84
931 2203 980 2249 p.
1005 2204 1021 2233 1
1035 2195 1088 2245 74
1115 2204 1125 2233 :
1147 2187 1212 2235 Τὰ
1241 2187 1315 2248 μὲν
1339 2187 1414 2242 ἕως

170 2262 252 2307 τῶν
271 2260 450 2323 Ταύρων
486 2261 558 2307 καὶ
582 2261 867 2321 Πτολεμαΐδος
898 2262 1175 2325 ἡρμήνευται,
1195 2263 1366 2326 quibus
1389 2281 1415 2311 e

169 2335 376 2383 Diodoro
396 2340 426 2384 l.
460 2338 493 2385 l.
511 2337 681 2398 jungas
704 2355 717 2383 z
743 2337 810 2384 ὅτε
836 2339 1102 2399 Πτολεμαίου
1125 2339 1199 2396 τὴν
1222 2343 1301 2386 τῶν
1324 2342 1413 2387 ἐλε-

168 2409 332 2472 φάντων
364 2410 494 2475 Θήραν
518 2412 852 2475 ἀπηγγιίλαμεν.
898 2412 1065 2460 Eadem
1104 2414 1162 2460 de
1201 2430 1335 2462 causa
1358 2416 1415 2463 de

170 2496 263 2531 tota
284 2485 547 2547 Abyssiniae
563 2502 645 2533 ora
671 2488 722 2533 in
743 2487 870 2534 libro
892 2490 1056 2549 quinto
1076 2489 1194 2536 nihil
1218 2491 1414 2538 refertur

170 2561 260 2606 nisi
307 2560 540 2607 mirabilia
588 2562 795 2624 quaedam
826 2564 885 2608 de
925 2563 1193 2610 umbrarum
1233 2567 1414 2613 ratione

170 2649 306 2696 quam
344 2634 628 2683 Ptolemaide
669 2636 996 2697 observarunt,
1032 2638 1180 2699 deque
1223 2638 1413 2687 balaenis

171 2709 310 2771 hujus
350 2714 489 2757 maris
523 2711 804 2772 ingentibus.
852 2714 1026 2759 Contra
1062 2714 1332 2762 Gosselinus
1368 2727 1413 2762 et

170 2786 439 2834 Mannertus
450 2803 476 2834 e
487 2787 599 2834 libri
617 2790 769 2850 quinti
790 2790 970 2836 ratione
982 2790 1268 2850 collegerunt
1292 2808 1413 2853 prae-

171 2870 241 2907 ter
256 2860 582 2908 Ptolemaidem
605 2864 782 2909 nullum
805 2865 852 2910 in
874 2863 1135 2925 Abyssiniae
1155 2881 1236 2911 ora
1260 2867 1410 2913 locum

171 2935 474 2995 insigniorem
502 2937 827 2997 Agatharchidi
849 2939 1121 2995 innotuisse,
1146 2941 1280 3001 eique
1300 2943 1413 3003 opi-

171 3011 303 3058 nioni
325 3027 451 3059 suam
466 3013 523 3059 de
538 3023 667 3060 aetate
679 3015 917 3076 scriptoris
935 3017 1227 3074 sententiam,
1246 3020 1411 3079 spretis

169 3086 374 3136 historiae
388 3090 681 3148 testimoniis,
698 3092 1114 3139 accommodarunt.
1142 3093 1347 3139 Similem
1364 3097 1410 3141 in

169 3178 376 3211 errorem
394 3165 560 3211 incidit
585 3165 867 3214 Beicbardus
886 3168 953 3228 (Ἴ.
974 3167 1151 3214 Etenim
1167 3185 1307 3229 quum
1327 3173 1411 3215 Ar-

170 3233 423 3288 temidorus
442 3241 491 3287 in
507 3243 724 3289 orainter
747 3243 996 3290 Berenicen
1017 3254 1060 3290 et
1084 3243 1409 3292 Ptolemaidem

170 3314 320 3362 media
359 3318 546 3364 nonnisi
581 3333 728 3380 pauca
767 3319 972 3366 locorum
1017 3321 1229 3379 nomina,
1270 3323 1412 3369 multa

169 3401 318 3437 autem
346 3393 393 3438 in
415 3393 524 3443 hod.
562 3395 820 3457 Abyssiniae
854 3397 990 3443 litore
1022 3409 1265 3454 recenseat,
1289 3399 1410 3461 apud

169 3464 464 3514 Ptolemaeum
486 3485 597 3517 vero
618 3473 851 3519 contraria
871 3474 989 3520 ratio
1006 3474 1210 3521 obtineat
1229 3492 1239 3520 t
1257 3474 1411 3521 turba·

170 3548 262 3585 tam
296 3555 395 3588 esse
423 3544 702 3593 Artemidori
741 3548 1118 3610 descriptionem,
1144 3562 1188 3597 et
1212 3551 1411 3613 plurima

169 3627 327 3661 eorum
351 3631 454 3677 quae
470 3619 520 3664 in
534 3619 781 3681 Abyssinia
802 3623 879 3669 ille
897 3624 1157 3683 collocavit,
1177 3626 1231 3671 ad
1249 3625 1409 3672 Nubioe

174 3704 305 3739 oram
319 3693 633 3742 transferenda
651 3712 750 3744 esse
769 3698 858 3745 sibi
879 3702 1123 3762 persuasit,
1139 3714 1410 3764 arreptaque

219 3837 272 3887 θ’)
307 3837 590 3888 uyonhormus
623 3841 714 3882 und
746 3841 812 3882 die
849 3844 1373 3897 AEqyptesch-AEemopisclze
1409 3850 1537 3890 Kone
1566 3849 1633 3890 des
1668 3851 1915 3893 klasse'sclaeen
1940 3855 2162 3896 Zeteallers
2192 3856 2228 3895 in
2253 3855 2350 3895 libro
2378 3866 2387 3893 :
2414 3855 2556 3896 Klelne
2581 3847 2679 3906 σοῦ’

171 3889 377 3941 seht-men
395 3904 433 3943 p.
459 3897 531 3935 ⁴02
550 3906 635 3945 sqq.

217 3947 392 3996 (”)v1‹t.
409 3951 491 3989 not.
509 3950 571 3991 aa.
595 3951 622 4002 ς
638 3956 680 3992 31
704 3962 743 4002 p.
771 3956 852 3995 m.

222 4003 314 4052 (m)
331 4006 417 4055 Pag.
442 4008 503 4046 m
532 4008 613 4047 not.
633 4007 681 4047 ad
698 4007 722 4058 ς
740 4011 788 4049 49
802 4019 829 4049 a
843 4009 928 4051 delo
948 4010 1060 4051 verba
1077 4013 1175 4059 Qua·
1195 4013 1309 4064 apud
1339 4015 1559 4057 Diodorum
1582 4048 1607 4057 ..
1627 4020 1882 4069 mcci-posita.

1206 121 1681 170 PROLEGOMENA.

1482 223 1721 270 nominum
1784 223 2112 270 nonnullorum
2171 225 2499 284 similitudine,
2550 226 2627 275 ns

1484 312 1676 360 prorsus
1690 297 1895 345 locorum
1909 298 2142 355 ordinem,
2154 315 2208 345 ea
2219 315 2310 361 qua
2326 300 2442 347 solet
2454 305 2612 352 temeri
2623 311 2630 316 “

1482 374 1536 421 in
1560 373 1854 420 credulorum
1889 389 2022 421 usum
2042 374 2237 423 effinxit.
2268 375 2449 430 Quibus
2482 377 2625 427 immo

1484 463 1578 495 non
1597 459 1665 495 est
1687 464 1839 511 operae
1855 451 2068 511 pretium.
2097 452 2209 495 Nam
2234 466 2334 511 quae
2357 451 2550 499 florente

1482 525 1695 588 AEgyptio
1729 526 1883 586 magni
1918 526 2137 572 momenti
2175 537 2332 584 erant,
2376 528 2620 591 elephanto

1483 601 1752 647 venationes
1806 600 1914 647 inde
1960 599 2019 646 ab
2052 601 2324 648 ultimorum
2371 602 2619 652 Ptolemaeo

1485 676 1771 739 temporibus
1795 677 2021 738 neglectas
2058 677 2198 723 fuisse
2224 694 2276 723 ac
2297 678 2426 725 vicos
2458 682 2650 744 oppida

1484 750 1535 797 in
1559 750 1820 813 Abyssinite
1840 768 1920 798 ora
1951 763 1997 798 et
2007 743 2120 798 'sinu
2142 753 2368 799 Avalitico
2384 764 2549 816 praeter
2580 772 2641 819 pa

1484 824 1790 874 harbarorum
1815 838 1938 875 metu
1965 829 2186 876 derelicta
2203 846 2303 876 esse
2330 842 2492 892 sponte
2507 824 2672 888 intelli

1485 908 1577 956 tur,
1595 901 1636 947 si
1652 901 1896 948 historiam
1913 918 2067 950 rerum
2088 904 2403 967 AEgyptiarum
2423 918 2643 969 reputave

1486 974 1646 1038 ltaque
1676 977 1734 1023 de
1757 977 1831 1024 his
1856 978 1973 1025 nihil
2001 979 2094 1025 sere
2123 981 2291 1040 legitur
2327 983 2446 1044 apud
2482 983 2643 1031 Claudi

1484 1050 1807 1109 Ptolemaeum,
1847 1053 1929 1114 qui
1976 1053 2027 1099 in
2062 1052 2240 1101 tabulas
2293 1072 2399 1104 suas
2435 1075 2530 1121 prae
2563 1071 2674 1107 cetei

1486 1125 1586 1172 loca
1606 1138 1908 1174 mercatorum
1935 1129 2308 1188 navigationibus
2322 1138 2430 1179 nota
2451 1137 2640 1198 recepit.

1549 1202 1627 1260 95.
1649 1202 1804 1249 Libris
1843 1203 1974 1249 ll-lv
2025 1204 2138 1265 quid
2173 1205 2532 1265 Agatharchides
2567 1225 2675 1271 eger

1486 1278 1732 1324 nescimus.
1761 1278 1873 1324 Pars
1888 1294 2047 1324 eorum
2062 1279 2266 1327 fortassis
2281 1281 2328 1327 in
2349 1282 2508 1328 eodem
2525 1299 2620 1346 quo
2633 1301 2662 1348 p

1486 1368 1588 1399 mus
1611 1354 1732 1400 liber
1766 1365 2035 1415 argumento
2062 1356 2357 1415 versabatur3
2383 1358 2472 1404 alia
2502 1374 2609 1421 pars
2631 1376 2671 1407 e

1485 1430 1636 1490 potuit
1658 1429 1714 1475 de
1745 1429 1927 1477 Arabiae
1949 1446 2031 1478 ora
2062 1431 2355 1480 meridionali
2379 1432 2684 1495 adjacentibn

1486 1520 1577 1566 que
1596 1505 1761 1552 insulis
1786 1516 1831 1552 et
1850 1506 1908 1553 de
1930 1507 2035 1554 sinu
2058 1507 2270 1566 Persico3
2291 1509 2349 1561 de
2385 1509 2556 1571 quibus
2577 1511 2678 1560 Ptol

1485 1581 1589 1627 maei
1614 1581 1681 1627 111
1711 1583 2050 1644 expeditionem
2085 1583 2207 1630 haud
2236 1600 2381 1644 pauca
2412 1586 2690 1648 suppeditas

1486 1656 1755 1703 credideris.
1769 1657 1857 1703 Sed
1872 1658 1968 1704 haec
1986 1659 2035 1704 in
2060 1674 2209 1706 meras
2228 1659 2582 1721 conjecturasre
2667 1700 2669 1702 .

1549 1734 1624 1793 96.
1647 1732 1791 1780 Libro
1818 1735 1980 1795 quinto
2005 1736 2222 1796 prooemii
2253 1735 2357 1782 loco
2390 1736 2547 1784 rhetor
2570 1753 2645 1785 n·-
2672 1793 2674 1795 ,

1485 1808 1726 1869 praemittit
1759 1808 1934 1867 μελέτην
1972 1809 2190 1874 ῥητορικὴν
2221 1811 2278 1856 de
2312 1811 2491 1859 ratione
2518 1827 2611 1875 qua
2644 1813 2709 1876 ιμ’,

1485 1898 1576 1943 gna
1587 1885 1843 1931 infortunia
1860 1885 2072 1933 decenter
2090 1887 2406 1935 annuntianda
2420 1889 2527 1936 sint.
2551 1890 2637 1938 Dei
2652 1914 2685 1947 ng

1491 1970 1648 2021 gentes
1666 1977 1769 2023 quae
1790 1963 1884 2009 sint
1901 1979 1927 2009 a
1947 1963 2140 2010 meridie
2167 1964 2368 2025 AEgypti,
2390 1964 2574 2029 descrip
2670 1967 2675 1970 ’

1485 2036 1686 2097 primum
1709 2037 1767 2084 de
1785 2038 1863 2084 via
1884 2038 1979 2098 agit
1997 2041 2089 2099 qua
2114 2038 2316 2100 Memphi
2346 2039 2403 2086 ad
2424 2039 2538 2088 lines
2555 2040 2607 2088 ΛΕ
2639 2040 2721 2082 2⁴³

1485 2113 1574 2174 piae
1592 2114 1686 2160 itur
1707 2115 1749 2175 (S
1768 2117 1862 2175 aa),
1885 2125 1980 2161 tum
2005 2115 2197 2161 nitidam
2231 2116 2542 2163 narrationem

1486 2189 1618 2250 ponit
1650 2189 1708 2235 de
1744 2190 1847 2236 auri
1882 2190 2076 2236 metallis
2097 2190 2154 2237 ad
2190 2190 2373 2253 AEgypti
2410 2201 2455 2237 et
2483 2187 2687 2240 AEthiot

1489 2266 1693 2312 confinia
1711 2266 1812 2312 sitis
1846 2267 1899 2327 (§
1920 2268 2100 2328 23·29).
2127 2266 2239 2315 Post
2257 2267 2354 2315 haec
2367 2268 2426 2315 ad
2443 2271 2648 2333 praecipu
2672 2272 2676 2274 ’

1486 2339 1597 2386 libri
1628 2351 1945 2400 argumentum
1983 2343 2228 2402 accedens,
2266 2355 2483 2406 quattuor
2525 2334 2690 2408 gentifi

1486 2414 1653 2462 classes
1688 2415 1957 2477 distinguit,
1991 2418 2238 2466 fluviorum
2277 2421 2481 2479 accolas,
2506 2422 2647 2485 palad

1486 2490 1687 2552 accolas,
1711 2502 1934 2549 errantes,
1968 2491 2330 2556 ichthyophagos
2366 2511 2460 2543 orae
2488 2498 2660 2548 mariti

1488 2566 1530 2624 (S
1550 2566 1645 2627 30).
1662 2566 1727 2611 Ac
1749 2567 1951 2627 primum
1969 2568 2154 2628 quidem
2174 2568 2231 2615 de
2250 2569 2603 2633 ichthyophagis
2618 2589 2659 2620 a
2694 2625 2696 2631 s

1484 2641 1565 2701 qui
1589 2656 1731 2702 quum
1781 2658 1873 2689 non
1906 2644 2054 2689 solum
2090 2660 2173 2706 per
2201 2645 2362 2707 Libyae
2397 2662 2522 2695 oram
2549 2648 2645 2696 dis
2668 2684 2673 2689 -
2697 2685 2699 2689 -

1484 2716 1525 2761 si
1545 2714 1748 2761 habitent
1784 2716 1877 2780 (⁶),
1896 2718 1975 2765 sed
1998 2719 2133 2765 etiam
2159 2721 2206 2766 in
2231 2721 2434 2769 Asiatico
2455 2723 2591 2771 litore
2618 2724 2657 2772 i·
2685 2713 2699 2725 Ἣ

1485 2789 1544 2835 ab
1561 2791 1728 2839 intimo
1747 2793 1877 2840 sinus
1895 2793 2083 2841 Arabici
2108 2810 2289 2842 recessu
2306 2812 2453 2859 usque
2468 2797 2524 2845 ad
2540 2798 2581 2846 G
2594 2822 2627 2841 ·-·
2676 2794 2695 2839 «’··

1485 2867 1599 2914 siam
1635 2870 1804 2931 passim
1838 2881 2106 2929 occurrant,
2131 2872 2216 2918 hos
2254 2889 2412 2922 omnes
2433 2874 2594 2923 eodem
2624 2876 2660 2923 l·
2685 2907 2688 2913 ·

1483 2942 1811 2991 describendos
1841 2945 1932 2992 sibi
1956 2962 2140 2994 sumens
2167 2959 2342 3006 auctor,
2365 2951 2393 3011 S
2418 2950 2559 3012 31-39
2580 2952 2627 3000 vi
2672 2970 2697 3003 ν

1483 3018 1692 3080 depingit
1720 3025 1878 3067 ebrum
1903 3023 1983 3083 qui
2001 3033 2108 3069 sunt
2126 3024 2246 3070 intra
2282 3026 2432 3072 fauces
2454 3026 2586 3074 sinus
2605 3027 2643 3074 A

1483 3094 1575 3141 bici
1594 3132 1605 3151 ,
1628 3097 1733 3142 dein
1754 3099 1780 3157 S
1799 3105 1944 3158 40-49
1963 3098 2053 3162 (·“)
2072 3110 2246 3146 ceteros
2273 3110 2476 3146 recenset
2507 3101 2556 3147 in
2587 3117 2660 3149 me

1483 3173 1656 3218 dionali
1687 3174 1867 3220 Arabiae
1889 3191 1969 3220 ora
2002 3186 2045 3220 et
2077 3176 2183 3221 sinu
2207 3177 2390 3222 Persico
2417 3174 2647 3236 degentes.
2686 3182 2697 3234 Ἰῐ
2750 3190 2756 3220 ,ἢ

1483 3247 1552 3293 liis
1577 3250 1602 3307 5
1628 3256 1678 3301 [μ
1710 3249 1923 3294 laudatur
1950 3250 2183 3306 Simmias,
2207 3265 2341 3311 quem
2368 3249 2639 3299 Ptolemaeus

1482 3325 1722 3367 Arabe‘cam
1748 3325 2036 3385 potissimum
2065 3325 2174 3384 (non
2197 3340 2310 3370 vero
2331 3323 2567 3386 Libycam>
2593 3342 2649 3374 or
2675 3342 2677 3362 ὲ

1481 3399 1810 3460 explorandam
1835 3401 2015 3446 misisse
2033 3401 2260 3462 putandus
2276 3411 2359 3448 est.
2383 3402 2596 3464 Ejusdem
2638 3410 2646 3428 '

1483 3474 1628 3520 lemaei
1655 3474 1720 3520 lll
1747 3476 2034 3537 temporibus
2058 3477 2252 3538 reliqua,
2286 3493 2388 3538 quae
2411 3477 2469 3525 de
2494 3478 2579 3526 hac
2599 3480 2633 3526 A
2695 3526 2697 3531 ,

1481 3549 1572 3597 biae
1585 3563 1712 3613 parte
1722 3551 1980 3609 traduntur,
1993 3553 2193 3615 primum
2210 3554 2466 3603 innotuisse
2474 3553 2654 3618 probab
2688 3543 2699 3600 ΓἸ

1485 3628 1572 3674 lite
1588 3628 1763 3674 collatis
1781 3629 1899 3675 inter
1910 3645 1958 3676 se
1976 3646 2077 3691 quae
2095 3631 2141 3677 in
2163 3631 2458 3679 lllonumento
2473 3630 2609 3679 Adnli
2642 3654 2645 3659 v
2688 3640 2690 3648 ²

1483 3703 1697 3765 leguntur
1719 3716 1761 3751 et
1785 3722 1886 3767 qua:
1907 3707 1962 3752 de
1985 3707 2277 3769 expeditione
2308 3709 2432 3770 regis
2454 3707 2502 3755 in
2522 3707 2711 3769 Babyl·
