2808 4342
0 0 40 191 ι
185 123 190 128 ’
1081 171 1368 221 ffls‘rofflA
1401 177 1625 225 1NDICA.

82 259 130 316 (2)
166 259 249 306 Καὶ
271 259 396 319 λίμνη
415 254 464 316 ἦν
482 261 549 306 ἐπὶ
568 263 688 322 τῇσιν
713 263 909 328 ἐκὸολῇσι
935 270 1009 312 τοῦ
1033 276 1234 329 ποταμοῦ·
1257 273 1310 318 τὰ

79 326 121 371 δὲ
146 328 304 389 βραχέα
329 327 380 372 τὰ
411 328 512 389 πρὸς
533 331 592 391 τῷ
617 333 794 394 αἰγιαλῷ
828 331 1014 396 ἐπῴκεον
1040 336 1245 399 ἄνθρωποι
1269 342 1308 384 ἐν

74 396 282 456 καλύὸῃσι
305 400 541 458 πνιγηρῇσι·
557 397 628 442 καὶ
643 393 752 445 οὗτοι
775 404 829 453 ὡς
847 405 1168 465 προσπλώοντας
1183 400 1308 468 εἶδον,

75 464 318 522 ἐθάμὸησάν
343 483 386 509 τε
402 466 473 511 καὶ
497 468 815 528 παρατείναντες
834 478 940 532 σφᾶς
959 474 1074 534 παρὰ
1094 475 1162 520 τὸν
1182 479 1310 537 αἰγια-

13 547 34 576 5
74 532 144 578 λὸν
167 533 400 594 ἐτάχθησαν
421 537 476 586 ὡς
492 537 834 598 ἀπομαχούμενοι
858 541 960 602 πρὸς
983 541 1076 595 τοὺς
1099 544 1310 590 ἐκδαίνον-

74 614 162 652 τας·
187 602 240 661 (3)
263 601 416 663 λόγχας
433 602 474 647 δὲ
497 603 659 666 ἐφόρεον
679 605 841 667 παχέας
857 643 869 667 ,
894 608 1063 667 μέγεθος
1079 613 1133 663 ὡς
1154 612 1309 669 ἑξαπή-

71 687 182 731 χεας·
208 672 347 728 ἀκωκὴ
371 672 412 717 δὲ
429 675 502 718 οὐκ
526 675 628 729 ἐπῆν
645 676 837 738 σιδηρέη,
861 679 969 724 ἀλλὰ
987 679 1033 724 τὸ
1054 680 1124 733 ὀξὺ
1151 684 1309 729 αὐτοῖσι

77 741 451 802 πεπυρακτωμένον
482 742 528 787 τὸ
566 743 665 789 αὐτὸ
691 745 838 791 ἐποίεε·
873 749 1028 803 πλῆθος
1066 750 1108 794 δὲ
1130 744 1234 807 ἦσαν
1256 756 1310 805 ὡς

71 807 286 860 ἑξακόσιοι·
310 811 362 871 (4)
387 810 456 855 καὶ
481 810 646 867 τούτους
665 814 855 877 Νέαρχος
877 818 931 868 ὣς
949 817 1226 877 ὑπομένοντάς
1258 839 1302 866 τε

10 890 48 921 ιο
68 875 140 920 καὶ
171 878 558 938 παρατεταγμένους
581 882 745 927 κατεῖδε
762 918 773 939 ,
810 884 883 935 τὰς
907 884 981 944 μὲν
1014 886 1106 938 νέας
1145 890 1307 934 ἀνακω-

66 943 201 1005 χεύειν
225 945 381 991 κελεύει
412 948 522 1000 ἐντὸς
561 949 724 1010 βέλεος,
751 954 805 1003 ὡς
831 951 884 997 τὰ
915 953 1146 1014 τοξεύματα
1173 959 1213 1009 ἐς
1233 957 1306 1013 τὴν

68 1015 141 1072 γῆν
162 1014 234 1057 ἀπ’
258 1017 392 1060 αὐτῶν
413 1016 672 1068 ἐξικνέεσθαι·
700 1023 740 1065 αἱ
757 1021 837 1084 γὰρ
854 1025 933 1067 τῶν
958 1024 1179 1086 βαρὸάρων
1208 1027 1304 1087 λόγ-

66 1098 140 1143 χαι
166 1083 322 1144 παχέαι
348 1086 601 1147 φαινόμεναι,
630 1089 864 1151 ἀγχέμαχοι
891 1091 992 1152 μὲν,
1019 1092 1164 1155 ἅφοὸοι
1193 1095 1232 1140 δὲ
1267 1098 1307 1148 ἐς

67 1151 112 1196 τὸ
129 1152 407 1206 ἀκοντίζεσθαι
433 1149 555 1210 ἦσαν.
629 1157 676 1218 (5)
696 1160 828 1212 Αὐτὸς
848 1161 890 1205 δὲ
914 1164 995 1206 τῶν
1016 1164 1303 1224 στρατιωτέων

6 1236 43 1266 15
66 1219 151 1266 ὅσοι
176 1223 290 1267 αὐτοί
323 1242 366 1269 τε
401 1226 644 1287 κουφότατοι
680 1229 750 1273 καὶ
783 1230 1018 1293 κουφότατα
1051 1234 1303 1294 ὡπλισμένοι

65 1293 136 1334 τοῦ
157 1309 201 1335 τε
224 1291 325 1336 νέειν
346 1294 695 1353 δαημονέστατοι,
721 1298 886 1352 τούτους
906 1300 947 1345 δὲ
973 1300 1215 1357 ἐκνήξασθαι
1235 1322 1302 1348 κε·

63 1358 171 1403 λεύει
207 1360 287 1405 ἀπὸ
320 1361 586 1422 ξυνθήματος·
627 1365 674 1426 (6)
700 1368 952 1428 πρόσταγμα
988 1370 1030 1415 δὲ
1055 1371 1190 1433 σφίσιν
1228 1365 1301 1429 ἦν,

64 1427 169 1478 ὅκως
190 1448 249 1480 τις
271 1430 541 1489 ἐκνηξάμενος
565 1435 687 1490 σταίη
714 1437 754 1480 ἐν
786 1440 846 1499 τῷ
883 1437 1024 1495 ὕδατι,
1059 1441 1301 1501 προσμένειν

64 1495 132 1540 τὸν
165 1499 439 1559 παραστάτην
463 1503 499 1544 οἱ
529 1502 737 1561 ἐσόμενον·
763 1508 862 1565 μηδ’
883 1507 1105 1566 ἐμὸάλλειν
1127 1510 1300 1572 πρόσθεν

0 1581 40 1611 20
63 1563 161 1625 πρὸς
180 1565 271 1617 τοὺς
300 1567 561 1630 βαρὸάρους,
583 1571 678 1631 πρὶν
701 1573 768 1617 ἐπὶ
793 1578 913 1634 τριῶν
939 1578 977 1626 ἐς
1003 1577 1121 1636 βάθος
1140 1583 1299 1638 ταχθῆ-

62 1651 129 1677 ναι
150 1634 222 1689 τὴν
251 1635 458 1697 φάλαγγα·
490 1637 581 1683 τότε
618 1638 661 1683 δὲ
687 1640 826 1702 δρόμῳ
849 1643 928 1698 ἤδη
954 1644 1057 1688 ἴέναι
1083 1647 1299 1691 ἐπαλαλά-

64 1701 223 1754 ξαντας.
295 1706 341 1765 (7)
377 1704 492 1764 Ἅμα
530 1706 572 1752 δὲ
604 1707 812 1770 ἐρρίπτεον
846 1712 1018 1763 ἑωυτοὺς
1044 1715 1080 1757 οἱ
1106 1714 1172 1759 ἐπὶ
1197 1717 1300 1777 τῷδε

62 1770 301 1831 τεταγμένοι
325 1776 370 1818 ἐκ
399 1778 480 1837 τῶν
514 1778 614 1821 νεῶν
639 1780 678 1829 ἐς
701 1778 770 1823 τὸν
800 1779 971 1838 πόντον,
1002 1782 1071 1826 καὶ
1107 1782 1299 1844 ἐνήχοντο

60 1836 200 1896 ὀξέως,
224 1841 294 1885 καὶ
322 1841 490 1888 ἵσταντο
521 1847 561 1890 ἐν
586 1845 754 1910 κόσμῳ,
788 1849 859 1894 καὶ
891 1851 1086 1912 φάλαγγα
1119 1853 1164 1896 ἐκ
1188 1856 1299 1915 σφῶν

0 1921 39 1953 25
61 1908 330 1969 ποιησάμενοι
352 1912 492 1976 δρόμῳ
518 1915 698 1976 ἐπῄεσαν
721 1918 839 1963 αὐτοί
872 1938 915 1963 τε
943 1920 1216 1972 ἀλαλάζοντες
1238 1925 1297 1984 τῷ

60 1976 292 2042 Ἐνυαλίῳ,
322 1982 392 2026 καὶ
409 1985 444 2027 οἱ
469 1982 536 2028 ἐπὶ
560 1987 639 2030 τῶν
664 1989 763 2031 νεῶν
789 1986 1126 2050 ξυνεπηχέοντες,
1157 1990 1295 2043 τοξεύ-

61 2048 174 2104 ματά
192 2067 235 2093 τε
251 2051 321 2094 καὶ
339 2051 420 2096 ἀπὸ
438 2053 663 2115 μηχανέων
682 2055 805 2116 βέλεα
827 2057 1014 2118 ἐφέροντο
1035 2060 1072 2110 ἐς
1090 2058 1183 2111 τοὺς
1201 2063 1298 2122 βαρ-

60 2114 224 2178 ὅάρους·
245 2117 292 2179 (8)
319 2122 355 2164 οἱ
377 2120 418 2167 δὲ
439 2121 512 2176 τήν
533 2142 576 2167 τε
594 2124 870 2186 λαμπρότητα
891 2129 970 2170 τῶν
993 2127 1128 2172 ὅπλων
1150 2130 1296 2174 ἐκπλα-

59 2185 194 2244 γέντες
212 2188 282 2232 καὶ
307 2192 378 2244 τῆς
399 2190 549 2235 ἐπόδου
570 2191 642 2246 τὴν
668 2193 843 2248 ὀξύτητα
858 2229 869 2249 ,
905 2194 974 2238 καὶ
1000 2195 1098 2256 πρὸς
1121 2199 1199 2240 τῶν
1225 2215 1291 2242 το-

0 2266 37 2297 30
59 2253 272 2314 ξευμάτων
307 2277 351 2302 τε
384 2259 454 2303 καὶ
488 2263 569 2305 τῶν
596 2261 736 2306 ἄλλων
770 2263 921 2323 βελέων
958 2265 1205 2324 βαλλόμενοι
1229 2260 1295 2311 οἶα

59 2324 108 2379 δὴ
134 2326 359 2387 ἡμίγυμνοι
382 2328 615 2390 ἅνθρωποι,
636 2331 728 2376 οὐδὲ
748 2332 881 2391 ὀλίγον
907 2335 946 2384 ἐς
966 2332 1095 2388 ἀλκὴν
1119 2335 1293 2396 τραπέν-

58 2412 122 2445 τες
147 2395 388 2453 ἐγκλίνουσι·
424 2399 494 2443 καὶ
533 2399 666 2459 οἱμὲν
705 2403 827 2447 αὐτοῦ
864 2402 1079 2463 φεύγοντες
1111 2404 1288 2459 ἀποθνή-

59 2480 248 2519 σκουσιν,
272 2467 308 2509 οἱ
333 2465 374 2510 δὲ
395 2466 464 2510 καὶ
498 2467 753 2513 ἁλίσκονται·
776 2469 862 2514 ἔστι
888 2467 929 2514 δὲ
954 2468 993 2515 οἳ
1014 2470 1085 2514 καὶ
1107 2470 1293 2533 διέφυγον

57 2534 98 2582 ἐς
121 2531 171 2576 τὰ
188 2531 299 2594 ὄρεα.
374 2533 422 2594 (9)
445 2527 585 2582 ῗΗσαν
610 2535 651 2581 δὲ
678 2540 714 2582 οἱ
742 2538 907 2590 ἁλόντες
934 2538 986 2583 τά
1010 2558 1054 2583 τε
1077 2539 1184 2585 ἅλλα
1211 2540 1291 2585 σώ·

0 2613 34 2643 35
55 2619 170 2660 ματα
189 2603 329 2655 δασέες
352 2603 422 2648 καὶ
446 2604 518 2655 τὰς
544 2606 748 2667 κεφαλὰς,
770 2607 840 2652 καὶ
864 2607 955 2659 τοὺς
970 2608 1120 2669 ὄνυχας
1143 2609 1291 2670 θηριώ-

58 2669 155 2721 δεες·
172 2677 278 2716 τοῖσι
309 2671 388 2733 γὰρ
413 2672 461 2728 δὴ
483 2673 613 2727 ὄνυξιν
647 2674 724 2720 δ’σα
751 2676 905 2738 σιδήρῳ
926 2679 1174 2738 διαχρᾶσθαι
1198 2678 1291 2725 ἐλέ-

55 2756 195 2798 γοντο,
229 2739 300 2784 καὶ
319 2740 412 2791 τοὺς
435 2740 594 2802 ἰχθύας
613 2741 790 2788 τούτοισι
825 2745 1148 2805 παρασχίζοντες
1186 2764 1286 2791 κατ·

57 2809 319 2869 εργάζεσθαι,
359 2810 429 2854 καὶ
461 2814 540 2855 τῶν
569 2811 695 2864 ξύλων
730 2813 805 2857 ὅσα
841 2814 1135 2875 μαλακώτεροι·
1170 2816 1222 2860 τὰ
1247 2816 1287 2861 δὲ

56 2871 162 2922 ἄλλα
196 2879 300 2923 τοῖσι
328 2879 476 2924 λίθοισι
506 2881 632 2926 τοῖσιν
654 2880 784 2933 ὀξέσιν
806 2881 991 2927 ἔκοπτον·
1017 2883 1179 2944 σίδηρος
1209 2883 1287 2945 γὰρ

2528 210 2612 249 34ῐ

1382 298 1511 337 gnum
1533 293 1634 334 erat,
1666 294 1708 326 et
1744 288 1855 336 circa
1883 288 1985 330 vada
2011 290 2137 331 littori
2166 296 2399 350 propinqua
2431 300 2617 345 homines

1381 371 1554 415 angusta
1589 363 1779 418 quaedam
1810 369 1975 420 tuguria
2003 369 2262 421 incolebant;
2290 377 2361 427 qui
2389 386 2432 416 ut
2454 379 2618 423 classem

1380 440 1651 494 appellentem
1686 442 1896 495 viderunt,
1921 448 2083 487 attoniti
2102 463 2188 489 sese
2211 451 2263 490 ad
2291 452 2402 494 littus
2426 460 2617 501 extende·

1379 527 1492 570 runt,
1503 528 1543 560 et
1557 522 1687 562 aciem
1700 523 2002 576 instruxerunt,
2022 527 2143 569 veluti
2153 544 2334 584 pugnam
2351 548 2445 575 cum
2457 551 2619 580 exscen-

1379 596 1573 639 dentibus
1585 602 1859 644 commissuri.
1907 606 1971 659 (3)
1981 608 2159 649 Lanceas
2173 611 2538 667 gerebantcrassas‚
2550 633 2618 660 sex

1380 678 1539 720 cubitos
1552 679 1709 734 longaS.
1770 685 1916 740 Cuspis
1938 685 2068 729 ferrea
2084 704 2167 730 non
2185 701 2286 742 erat,
2308 695 2379 735 sed
2403 697 2495 749 igne
2515 706 2618 740 tosta

1379 766 1502 814 atque
1514 769 1634 802 acuta
1647 762 1822 804 eandem
1838 766 1923 806 vim
1934 775 1974 807 et
1986 767 2208 811 efficaciam
2223 774 2446 817 exserebat.
2489 779 2617 821 Erant

1378 839 1422 880 hi
1446 840 1609 883 circiter
1641 845 1844 895 sexcenti;
1868 847 1930 900 (4)
1965 862 2068 902 quos
2091 859 2138 891 ut
2166 853 2375 895 Nearchus
2394 857 2614 901 subsistere

1377 915 1576 963 instructa
1607 924 1694 963 acie
1726 924 1842 975 vidit,
1874 926 2041 968 classem
2064 930 2171 971 intra
2200 933 2266 972 teli
2283 933 2439 987 jactum
2462 938 2505 977 in
2529 938 2611 979 alto

1377 1009 1483 1042 stare
1508 1003 1696 1058 imperat,
1719 1006 1775 1046 ita
1793 1014 1840 1046 ut
1855 1007 1932 1048 tela
1949 1022 1971 1048 e
1990 1011 2160 1051 navibus
2177 1013 2218 1052 in
2235 1022 2384 1055 terram
2399 1020 2614 1072 pervenire

1374 1091 1553 1136 possent.
1617 1085 1770 1126 Crassae
1780 1087 1898 1127 enim
1913 1087 2183 1132 barbarorum
2202 1093 2348 1135 lanceae
2363 1096 2415 1136 ad
2434 1111 2613 1152 pugnam

1374 1163 1563 1204 cominus
1581 1166 1877 1208 conserendam
1897 1178 1999 1224 aptae
2018 1181 2148 1221 erant,
2170 1176 2330 1216 eminus
2347 1192 2443 1218 vero
2461 1193 2611 1233 parum

1374 1244 1606 1286 metuendae
1624 1246 1886 1289 videbantur.
1948 1251 2010 1305 (5)
2026 1253 2136 1292 Turn
2157 1268 2206 1293 ex
2225 1256 2421 1298 militibus
2441 1261 2511 1312 qui
2537 1275 2606 1301 ex·

1371 1322 1614 1376 peditissimi
1641 1326 1930 1383 levissimeque
1952 1333 2104 1387 armati·
2120 1343 2254 1374 essent
2286 1344 2326 1376 et
2348 1338 2477 1378 nandi
2506 1342 2613 1393 peri-

1372 1404 1544 1455 tissimi,
1577 1407 1694 1460 signo
1723 1407 1819 1449 dato
1842 1418 2007 1451 enatare
2025 1411 2166 1465 jubet,
2200 1414 2403 1456 mandatis
2437 1417 2610 1469 additis,

1370 1491 1430 1534 ut,
1456 1494 1582 1539 prout
1601 1488 1776 1542 quisque
1792 1491 1980 1540 enatarit‚
2008 1492 2051 1531 in
2076 1505 2184 1546 aqua
2203 1495 2426 1537 subsistens
2452 1501 2611 1544 socium

1370 1573 1590 1618 exspectet,
1628 1580 1762 1621 neque
1789 1569 1904 1622 prius
1945 1570 1990 1609 in
2018 1570 2178 1612 hostem
2209 1574 2410 1629 impetum
2444 1577 2607 1630 faciant,

1370 1655 1495 1695 quam
1514 1645 1663 1699 triplici
1685 1646 1831 1688 ordine
1863 1649 1969 1689 acies
1993 1650 2194 1692 instructa
2223 1654 2299 1703 sit;
2334 1663 2424 1696 tum
2453 1660 2607 1699 cursim

1370 1719 1631 1777 clamoreque
1660 1726 1821 1767 sublato
1855 1728 1898 1767 in
1932 1743 2001 1769 eos
2025 1730 2222 1772 ferantur.
2287 1735 2352 1787 (7)
2382 1737 2608 1779 Confestim

1369 1799 1506 1854 itaque
1539 1804 1611 1857 qui
1640 1804 1792 1846 ad'hoc
1819 1806 2020 1860 designati
2045 1819 2176 1859 erant,
2209 1825 2294 1851 sese
2315 1827 2338 1852 e
2369 1815 2545 1856 navibus
2565 1818 2608 1857 in

1369 1897 1482 1924 mare
1501 1882 1742 1937 conjiciunt,
1764 1885 2030 1941 celeriterque
2056 1897 2235 1931 enatant.
2297 1891 2459 1934 Deinde
2476 1895 2519 1934 in
2543 1910 2608 1936 or-

1367 1963 1507 2005 dinem
1522 1964 1700 2015 redacti,
1720 1966 1922 2008 instructa
1938 1968 2162 2024 phalange,
2182 1972 2341 2026 magnis
2360 1973 2606 2017 clamoribus
2645 2002 2648 2005 -

1367 2043 1486 2085 editis
1502 2046 1656 2086 cursim
1677 2046 1874 2087 barbaros
1892 2055 2055 2102 petunt,
2081 2057 2122 2089 et
2143 2050 2215 2103 qui
2235 2050 2277 2090 in
2297 2052 2469 2093 navibus
2488 2062 2607 2094 erant

1366 2126 1488 2167 etiam
1512 2126 1806 2177 acclamabant,
1834 2127 1992 2182 telaque
2010 2138 2049 2169 et
2068 2144 2090 2169 e
2109 2131 2319 2172 machinis
2320 2131 2457 2185 jacula
2473 2136 2605 2177 mitte·

1365 2204 1478 2245 bant.

1365 2280 1519 2321 lei-itate
1551 2282 1714 2322 attoniti
1738 2296 1869 2336 quum
1902 2284 2056 2336 sagittis
2089 2284 2262 2339 aliisque
2296 2287 2383 2327 telis
2414 2289 2602 2345 undique

1540 2207 1602 2259 (8)
1620 2206 1789 2246 Barbari
1804 2220 2018 2247 armorum
2037 2208 2254 2263 splendore
2273 2219 2313 2251 et
2331 2212 2517 2254 vinsultus
2539 2230 2602 2255 ce-

1362 2365 1614 2411 peterentur,
1634 2365 1774 2412 utpote
1789 2358 2020 2408 seminudi,
2036 2360 2251 2401 confestim
2263 2376 2348 2402 non
2367 2374 2599 2419 exspectato

1363 2427 1560 2466 conflictu
1581 2427 1624 2466 in
1654 2427 1794 2480 fugam
1816 2436 2051 2469 vertuntur.
2112 2430 2193 2470 Alii
2223 2431 2267 2471 in
2296 2446 2342 2472 ea
2363 2432 2597 2487 fuga‘caesi,

2380 2511 2442 2563 (9)
2471 2512 2599 2552 Erant

1363 2592 1460 2618 vero
1489 2579 1639 2632 captivi
1672 2587 1763 2619 tum
1794 2579 1953 2634 reliquo
1985 2595 2160 2635 corpore
2191 2590 2280 2623 tum
2316 2584 2437 2625 etiam
2468 2587 2598 2641 capite

1365 2502 1432 2542 alii
1465 2503 1572 2557 capti
1602 2515 1611 2542 :
1643 2503 1834 2543 nonnulli
1861 2504 1903 2543 in
1932 2513 2091 2545 montes
2111 2505 2319 2559 fugerunt.

1362 2654 1481 2704 hirti,
1504 2654 1712 2707 unguibus
1732 2664 1869 2696 autem
1885 2656 2002 2710 quasi
2020 2656 2179 2707 ferinis,
2211 2658 2416 2712 siquidem
2447 2663 2596 2715 ungui-

1362 2731 1439 2771 bus
1462 2731 1552 2772 loco
1584 2731 1681 2772 ferri
1701 2733 1762 2772 uti
1780 2732 2037 2783 dicebantur,
2056 2734 2270 2788 piscesque
2294 2735 2343 2775 iis
2361 2735 2596 2778 discinden-

1362 2815 1421 2846 tes
1450 2807 1680 2848 interlicere
1699 2823 1710 2856 ;
1750 2807 1861 2860 ligna
1886 2809 2007 2847 etiam
2029 2808 2217 2849 molliora
2238 2810 2519 2863 iis'secabant;
2543 2813 2596 2854 ad

1361 2882 1530 2922 duriora
1552 2883 1657 2923 saxis
1677 2883 1807 2922 acutis
1822 2882 2065 2932 utebantur3
2088 2882 2246 2923 ferrum
2265 2885 2376 2925 enim
2392 2886 2503 2941 apud
2524 2902 2594 2928 eos

28 3078 30 3080 -
59 3055 265 3095 Tonberon
299 3065 338 3095 et
364 3060 596 3113 Arosapen.
631 3057 739 3098 Mela
765 3060 845 3106 ΙΙΙ,
881 3074 904 3112 7
940 3067 1044 3099 extr.
1074 3073 1083 3099 t
1120 3062 1291 3100 Humus

50 3114 181 3156 cineri
204 3117 334 3167 magis
347 3118 406 3172 fit
428 3133 549 3172 quam
566 3118 735 3174 pulveri
749 3119 918 3169 similis,
942 3120 1104 3176 ideoque
1112 3136 1191 3176 per
1207 3136 1293 3161 eam

56 3191 151 3216 rara
166 3187 204 3217 et
225 3193 302 3218 non
315 3180 492 3230 grandia
502 3181 685 3235 flumina
700 3192 905 3231 emanant,
926 3198 1096 3238 quorum
1119 3183 1293 3223 Tubero-

47 3252 142 3287 nem
175 3248 213 3278 et
245 3242 469 3282 Arusacem
502 3243 720 3283 notissima
745 3245 991 3300 accepimus.
1022 3245 1292 3286 Philostratus

55 3298 83 3338 l.
106 3299 132 3338 l.
154 3302 230 3348 III,
266 3301 314 3340 55
338 3311 430 3355 post
452 3304 631 3357 Pegadas
650 3306 853 3347 memorat
882 3307 1293 3362 <Ichthyophagorum

57 3360 257 3414 oppidum
271 3362 462 3418 Στόὸηρα,
478 3365 591 3419 quod
607 3365 659 3406 ad
674 3368 901 3408 Tomerum
920 3369 1094 3408 fluvium
1115 3368 1293 3409 reseren-

55 3422 157 3461 dum
171 3422 347 3464 videtur.
372 3426 511 3466 Verba
531 3426 764 3468 Philostrati
782 3429 875 3469 vide
891 3444 981 3484 cap.
1006 3434 1075 3471 26.
1100 3432 1292 3471 Ceterum

55 3484 258 3523 Tomerus
287 3499 336 3524 ex
368 3487 532 3527 Arriani
565 3490 766 3528 mensuris
802 3498 862 3529 est
880 3490 982 3531 hod.
1009 3492 1189 3532 Multlocv
1220 3508 1293 3533 seu

56 3549 104 3586 H
105 3546 219 3597 ingul
236 3547 297 3596 ss.;
313 3551 519 3605 Arosapes
538 3551 599 3591 vel
614 3554 834 3600 Arusaces,
853 3554 932 3593 nisi
948 3553 1052 3594 forte
1070 3563 1131 3595 est
1144 3556 1291 3596 Arabis

54 3607 246 3658 Nearchi,
274 3608 326 3648 ad
350 3610 521 3651 fluvium
546 3614 836 3666 promontorio
858 3615 1031 3655 Araban
1053 3617 1291 3670 proximum

54 3668 198 3710 referri
231 3672 373 3724 possit.
405 3673 502 3726 11-
524 3677 564 3722 4.
602 3674 745 3730 σφὰς]
772 3675 865 3730 σφὰς
901 3675 1034 3724 αὖτοὺς
1065 3679 1145 3719 BC.
1188 3680 1203 3733 Η
1235 3703 1292 3711 -—

55 3746 96 3785 7.
131 3730 357 3787 αὐτοῖσι]
402 3735 537 3784 ACD;
579 3735 714 3792 αὐτῇσι
747 3739 796 3778 Β.
832 3746 873 3778 et
909 3753 1002 3793 vgo.
1037 3740 1052 3792 ll
1085 3763 1142 3772 —
1160 3742 1199 3782 8.
1239 3742 1289 3782 τὸ

53 3793 168 3833 αὐτὸ
189 3795 203 3848 ]
226 3793 341 3834 ταύτὸ
365 3795 459 3837 cod.
478 3796 596 3838 Bodl.
614 3800 699 3839 Aut
713 3799 793 3840 hoc
811 3800 902 3841 loco
923 3801 1046 3860 scrib.
1074 3801 1205 3852 ταῦτὸ,
1215 3813 1290 3864 aut

53 3855 161 3896 infra
183 3871 219 3896 c.
257 3856 325 3906 25,
362 3857 391 3898 l.
434 3862 500 3907 16,
528 3858 601 3899 ubi
632 3860 727 3901 cod.
759 3861 896 3913 ταύτὸ,
927 3863 1215 3918 reponendum
1243 3866 1287 3907 τὸ

52 3916 162 3958 αὗτὸ.
201 3919 215 3971 Η
231 3942 288 3948 —
304 3921 343 3960 8.
365 3920 449 3974 ὡς]
467 3920 537 3977 ἕως
549 3922 708 3963 ABCD.
733 3923 748 3977 Η
767 3948 824 3955 -
839 3927 903 3973 14.
928 3924 963 3972 ἐς
981 3925 1026 3965 τὸ
1042 3925 1215 3968 ἐσακοντ.
1231 3931 1283 3969 A.

52 3979 75 4033 Η
100 4004 157 4011 -
179 3982 241 4021 18.
263 3982 372 4033 σταίη
392 3981 429 4023 ἐν
453 3987 509 4038 τῷ
533 3982 640 4024 ὕδατι
663 3999 746 4025 om.
771 3987 820 4027 L.
841 3986 856 4040 {l
879 3988 1126 4043 -119.μηδ’
1147 3987 1288 4043 {9602}-

1359 3058 1440 3099 λειν
1463 3073 1484 3098 e
1503 3056 1678 3111 conject.
1707 3058 1984 3108 Schmiederi3
2031 3057 2081 3113 μὴ
2110 3058 2150 3099 δὲ
2175 3058 2331 3112 βάλλειν
2371 3061 2466 3110 CD;
2496 3061 2591 3115 μηδὲ

1361 3122 1398 3174 β.
1418 3123 1488 3162 ΑΒ
1515 3129 1555 3160 et
1570 3134 1663 3174 vgo.
1687 3120 1702 3173 Η
1726 3143 1782 3150 -
1800 3121 1868 3160 28.
1894 3120 1931 3159 οἱ
1947 3119 1987 3160 δὲ
2012 3121 2056 3160 τό
2075 3135 2116 3160 τε
2132 3120 2402 3174 λαμπρότατον
2420 3123 2469 3162 L.
2497 3123 2512 3176 Η
2535 3147 2592 3154 -—

1359 3186 1428 3225 33.
1451 3183 1610 3238 ἔφευγον
1645 3185 1697 3223 A.
1724 3183 1740 3236 {l
1759 3205 1815 3211 —
1840 3181 1908 3222 35.
1930 3183 2046 3223 δασέα
2064 3184 2116 3222 D.
2140 3185 2202 3222 De
2218 3183 2398 3223 belluino
2418 3185 2589 3226 istorum

1356 3246 1575 3287 hominum
1601 3243 1715 3284 cultu
1752 3243 1946 3296 victuque
1987 3243 2129 3283 eadem
2163 3252 2204 3283 et
2239 3244 2386 3285 similia
2419 3256 2590 3287 narrant

1357 3308 1524 3349 Curtius
1566 3307 1643 3353 IX,
1687 3318 1751 3354 10,
1788 3319 1812 3357 9
1830 3319 1841 3354 ;
1870 3304 2080 3345 Diodorus
2118 3306 2262 3354 XVII,
2297 3306 2395 3356 105;
2433 3307 2589 3349 Plinius

1355 3372 1431 3420 VI,
1467 3362 1518 3410 28
1550 3371 1572 3420 S
1613 3380 1715 3420 1093
1747 3365 1893 3406 Strabo
1926 3380 1971 3421 p.
2004 3379 2107 3420 720;
2132 3367 2401 3408 Philostratus
2423 3369 2479 3409 V.
2503 3372 2584 3425 Ap.

1354 3435 1431 3482 III,
1456 3431 1522 3485 57.
1537 3429 1600 3471 Cf.
1619 3427 1941 3482 Agatharchides
1958 3429 2123 3483 passim.
2146 3429 2336 3470 Ceterum
2357 3444 2488 3485 quum
2507 3433 2588 3473 Pli-

1355 3494 1448 3534 nius
1463 3493 1491 3533 l.
1513 3492 1541 3532 l.
1562 3490 1613 3531 de
1636 3489 1962 3543 Chelonophagis
1987 3489 2096 3531 dicat
2128 3503 2138 3531 ε
2156 3499 2309 3546 proeter
2328 3491 2470 3547 capitu
2504 3502 2588 3535 toto

1355 3569 1517 3611 corpore
1538 3551 1706 3600 hirsuti,
1732 3550 1934 3606 coriisque
1947 3551 2132 3607 piscium
2159 3552 2319 3602 vestiti,
2339 3561 2379 3593 et
2403 3554 2589 3596 similiter

1355 3618 1516 3659 Solinus
1528 3630 1564 3655 c.
1583 3627 1592 3653 ι
1608 3611 1763 3653 hirsuti
1771 3611 2031 3665 omniafacie
2038 3622 2167 3662 tenus,
2184 3613 2402 3655 Salmasius
2413 3615 2583 3656 Exercc.

1353 3680 1414 3722 Pl.
1437 3693 1479 3734 p.
1505 3678 1599 3726 838,
1621 3678 1658 3715 D
1678 3675 1755 3728 legi
1773 3674 1884 3730 apud
1906 3675 2131 3716 Arrianum
2154 3675 2284 3716 voluit
2307 3689 2316 3716 ε
2350 3677 2397 3716 τά
2420 3691 2459 3716 τε
2483 3677 2584 3716 ἄλλα

1355 3743 1530 3786 σώματος
1550 3737 1655 3784 ἐκτὸς
1669 3736 1848 3791 κεφαλῆς,
1868 3735 1971 3777 adeo
1991 3745 2036 3777 ut
2051 3735 2196 3793 κεφαλὴ
2218 3738 2270 3778 sit
2274 3736 2425 3790 facies.
2445 3739 2582 3780 Incas-

1353 3779 1457 3844 sum.
1476 3800 1641 3842 Curtius
1662 3799 1687 3838 l.
1711 3799 1738 3839 l.
1758 3812 1768 3839 z
1786 3798 2021 3854 prominent
2040 3813 2190 3851 ungues
2217 3813 2422 3852 nunquam
2439 3798 2558 3839 recisi
2567 3817 2583 3848 ;

1352 3880 1472 3907 comm²
1489 3862 1658 3903 hirsutae
1675 3870 1713 3900 et
1730 3860 1900 3901 intonsae
1916 3869 2027 3908 sunt,
2051 3869 2092 3902 et
2109 3860 2293 3901 similiter
2309 3859 2530 3901 Diodorus.
2561 3861 2579 3915 Ι(

1352 3951 1407 3958 -
1427 3927 1493 3978 39.
1519 3925 1642 3964 τοῖσιν
1667 3930 1760 3962 ante
1786 3922 1839 3969 ὸξ.
1867 3936 1951 3962 om.
1977 3923 2029 3961 D.
