2808 4342
89 138 207 198 (2-4
230 133 419 196 Hudson.)

87 243 229 285 κοῧτον
245 238 323 299 γάρ
339 255 408 296 μοι
431 237 539 281 δοκεῖ
556 233 721 279 ἔσεσθαι
745 233 799 286 ὥς
814 253 858 296 γε
881 236 981 298 πρὸς
1002 236 1069 281 τὸν
1091 237 1191 282 νεὼν
1213 237 1315 298 σύμ·

36 343 40 348 .
89 325 250 370 μετρον·
285 304 355 351 καὶ
379 303 480 349 ἄλλο
501 305 573 348 τοῦ
598 302 807 357 Φιλησίου
841 304 1082 367 τετράπουν.
1149 308 1212 352 Οὐ
1236 306 1315 368 γὰρ

89 375 172 421 ἀπὸ
190 366 340 437 τρόπου
374 371 485 417 δοκεῖ
507 389 576 430 μοι
609 370 777 424 σύνναος
798 373 868 419 καὶ
901 373 1125 434 σύμὸωμος
1153 374 1315 420 ἔσεσθαι

84 447 143 506 τῷ
168 440 410 505 προπάτορι.
480 440 565 487 Καὶ
597 443 618 486 6
655 441 730 501 μέν
763 460 822 493 τις
857 445 916 503 τῷ
937 444 1102 506 Ἑρμῇ,
1138 446 1159 489 6
1193 442 1234 489 δὲ
1257 446 1316 506 τῷ

33 518 54 548 5
88 510 305 573 Φιλησίῳ,
333 512 356 555 6
386 508 522 555 δὲκαὶ
556 511 708 574 ἀμφοῖν
732 508 845 556 θύσει
871 511 1043 573 παριών.
1110 514 1316 574 Χαριοῧν-

85 598 153 625 ται
177 577 218 624 δὲ
249 578 319 624 καὶ
344 569 453 623 οὗτοι
474 578 656 624 κάκεῖνοι
676 581 735 639 τῷ
757 596 802 623 τε
823 577 963 641 Ἑρμῇ
990 580 1062 625 καὶ
1095 583 1153 642 τῷ
1177 582 1316 636 Φιλη-

83 648 171 711 σίῳ·
197 651 256 710 τῷ
276 646 349 708 μὲν
369 646 534 710 Ἑρμῇ,
554 645 616 692 ὅτι
639 645 706 692 τὸν
731 646 894 708 ἔγγονον
916 649 1040 694 αὐτοῦ
1069 651 1233 708 τιμῶσι·
1257 651 1317 711 τῷ

54 747 56 750 -
84 717 126 762 δὲ
150 716 370 780 Φιλησίῳ,
393 715 455 762 ὅτι
483 714 552 765 τὸν
585 717 709 761 αὔτοῧ
731 715 989 779 προπάτορα·
1012 719 1067 769 ὡς
1096 717 1225 779 ἔγωγε
1247 718 1318 762 καὶ

85 786 338 842 ἐδουθύτησα
364 787 562 842 ἐνταῦθα,
586 786 665 848 οὐχ
686 784 826 848 ὥσπερ
859 789 880 830 6
905 788 1100 850 Ξενοφῶν
1126 788 1166 831 ἐν
1191 787 1318 834 Κάλ-

25 869 62 900 10
89 875 167 911 πης
181 854 316 915 λιμένι
335 853 400 918 ὑφ’
421 853 582 914 ἁμάξης
602 857 697 916 βοῦν
716 853 857 914 λαὸὼν
882 855 931 900 δι’
947 855 1120 918 ἀπορίαν
1142 856 1296 918 ἱερείων
1302 892 1317 922 ,-

88 925 194 970 ἀλλὰ
236 926 316 969 τῶν
357 923 701 986 Τραπεζουντίων
746 926 878 970 αὐτῶν
914 927 1318 987 παρασκευασάντων

84 994 227 1055 ἱερεῖον
248 994 322 1038 οὐκ
344 993 521 1053 ἀγεννές·
546 993 616 1038 καὶ
641 994 1062 1055 ἐσπλαγχνευσάμεθα
1087 995 1225 1041 αὐτόθι
1248 995 1318 1040 καὶ

84 1061 153 1107 ἐπὶ
175 1064 256 1113 τοῖς
287 1062 542 1123 σπλάγχνοις
576 1061 896 1121 ἐπεσπείσαμεν.
962 1062 1083 1126 Ὅτῳ
1102 1062 1143 1108 δὲ
1168 1063 1318 1126 πρώτῳ

83 1130 244 1192 τάγαθὰ
276 1130 518 1192 ηὐχόμεθα,
555 1133 599 1176 οὗ
634 1130 887 1190 λανθάνομέν
911 1150 956 1177 σε
987 1132 1054 1178 τόν
1090 1151 1135 1178 τε
1168 1133 1316 1195 τρόπον

19 1212 59 1243 15
84 1199 154 1246 τὸν
177 1198 378 1261 ἡμέτερον
400 1202 474 1245 οὒκ
496 1201 719 1261 ἀγνοοῦντα
742 1200 813 1246 καὶ
837 1204 975 1263 σαυτῷ
999 1203 1208 1247 συνειδότα
1225 1239 1236 1261 ,
1257 1202 1322 1248 ὅτι

86 1268 194 1322 ἄξιος
227 1261 267 1314 εἷ
288 1269 389 1331 ὑπὲρ
420 1268 514 1314 ὅτου
541 1269 689 1322 πάντες
711 1268 893 1323 εὔξαιντο
922 1271 1104 1332 τάγαθὰ,
1139 1271 1209 1316 καὶ
1234 1271 1318 1316 ὅσοι

84 1340 202 1399 ἡμῶν
228 1339 393 1384 ἔλαττον
416 1338 494 1384 ὑπὸ
519 1342 591 1384 σοῧ
611 1332 656 1383 eff
677 1339 942 1387 πεπόνθασιν.
1085 1394 1090 1398 ,

145 1425 184 1456 4.
222 1407 300 1454 Ἐκ
324 1410 632 1470 Τραπεζοῦντος
656 1406 698 1454 δὲ
723 1408 964 1472 ὁρμηθέντες
985 1413 1035 1473 τῇ
1067 1410 1140 1471 μὲν
1174 1409 1318 1473 πρώτῃ

73 1479 140 1530 4εἷς
173 1473 338 1522 ’Υσσου
373 1476 524 1535 λιμένα
566 1477 808 1539 κατήραμεν
834 1478 904 1524 καὶ
934 1478 1025 1531 τοὺς
1056 1479 1197 1533 πεζοὺς
1227 1478 1320 1531 τοὺς

21 1557 63 1587 20
89 1543 217 1606 ταύτῃ
247 1544 552 1605 ἐγυμνάσαμεν·
590 1550 616 1600 ἡ
655 1546 734 1608 γὰρ
770 1546 880 1600 τάξις
916 1547 1048 1604 αὕτη,
1088 1550 1143 1599 ὡς
1178 1541 1315 1605 οἶσθα,

84 1615 217 1668 πεζῶν
247 1615 332 1659 ἐστι
355 1613 426 1659 καὶ
450 1612 603 1666 ἱππέας
622 1613 773 1661 εἴκοσιν
801 1617 893 1660 ὅσον
916 1619 970 1667 εἷς
990 1617 1195 1662 διακονίαν
1219 1616 1318 1677 ἔχει·

85 1682 192 1729 ἀλλὰ
217 1682 289 1728 καὶ
307 1682 472 1735 τούτους
494 1683 566 1735 τὰς
584 1683 740 1746 λόγχας
766 1683 979 1729 ἀκοντίσαι
998 1684 1178 1740 ἐδέησεν.

147 1768 182 1800 5.
219 1750 409 1804 Ἐνθένδε
446 1750 672 1811 ἐπλέομεν,
703 1751 760 1797 τὰ
786 1753 859 1812 μὲν
890 1756 1036 1815 πρῶτα
1066 1756 1155 1804 ταῖς
1181 1752 1322 1816 αὔραις

84 1823 172 1873 ταῖς
198 1822 244 1866 ἐκ
280 1823 359 1883 ’ὧν
383 1823 581 1880 ποταμῶν
617 1821 834 1873 πνεούσαις
866 1821 989 1868 ἕωθεν
1013 1822 1084 1867 καὶ
1119 1821 1208 1882 ἅμα
1231 1824 1320 1874 ταῖς

22 1904 63 1934 25
84 1888 242 1942 κώπαις
275 1888 566 1952 διαχρώμενοι·
592 1890 749 1953 ψυχραὶ
773 1890 847 1950 μὲν
869 1891 949 1952 γὰρ
980 1884 1087 1947 ἦσαν
1108 1893 1150 1936 αἱ
1184 1884 1320 1953 αῧραι,

83 1961 137 2010 ὣς
152 1958 266 2020 λέγει
291 1957 362 2004 καὶ
381 1957 576 2021 εΌμηρος
591 1995 602 2015 ,
626 1961 704 2021 οὐχ
722 1960 861 2005 ἱκαναὶ
882 1959 925 2005 δὲ
948 1963 1031 2012 τοῖς
1053 1966 1322 2022 ταχυναυτεῖν

89 2025 360 2087 βουλομένοις·
385 2019 472 2072 εἶτα
488 2026 649 2088 γαλήνη
670 2027 871 2074 ἐπέλαὸεν
885 2064 897 2087 ,
919 2027 1026 2075 ὥστε
1047 2027 1118 2074 καὶ
1137 2033 1256 2086 ἡμεῖς
1271 2031 1321 2090 τῇ

89 2095 242 2158 εἰρεσίᾳ
278 2096 382 2157 μόνῃ
422 2095 654 2158 ἐχρώμεθα.
723 2094 906 2144 Ἔπειτα
943 2096 985 2142 δὲ
1021 2096 1136 2161 ἄφνω
1170 2098 1319 2161 νεφέλη

89 2168 357 2210 ἐπαναστᾶσα
382 2164 575 2227 ἐξερράγη
602 2165 693 2210 κατ’
725 2158 839 2227 εῧρον
871 2166 1052 2224 μάλιστα
1069 2202 1082 2226 ,
1110 2166 1180 2211 καὶ
1214 2167 1320 2222 ἐπή-

23 2247 63 2278 30
85 2253 201 2295 νεγκε
239 2238 402 2292 πνεῦμα
440 2233 613 2286 ἐξαίσιον
652 2233 723 2279 καὶ
751 2238 871 2279 τοῦτο
903 2234 1083 2296 ἀκριὸῶς
1110 2234 1318 2291 ἐναντίον,

86 2301 186 2365 ὅπερ
221 2302 292 2347 καὶ
317 2302 437 2362 μόνον
461 2303 595 2364 [οὒκ]
615 2302 763 2348 ὤλεσεν
800 2306 926 2361 ἡμᾶς·
966 2302 1107 2359 κοίλην
1133 2301 1204 2363 μὲν
1242 2304 1321 2365 γὰρ

86 2373 137 2416 δι’
171 2370 308 2430 ὀλίγου
332 2369 404 2425 τὴν
432 2370 639 2416 θάλατταν
683 2370 898 2427 ἐποίησεν,
939 2373 992 2421 ὡς
1016 2370 1073 2430 μὴ
1113 2370 1219 2415 κατὰ
1249 2371 1322 2422 τὰς

85 2438 228 2489 κώπας
252 2437 373 2499 μόνον
388 2473 401 2494 ,
420 2438 526 2484 ἀλλὰ
550 2438 621 2484 καὶ
640 2439 742 2501 ὑπὲρ
767 2438 840 2490 τὰς
857 2438 1162 2501 παρεξειρεσίας
1186 2441 1319 2484 ἐπεισ-

89 2515 169 2569 ρεῖν
203 2508 301 2567 ἡμῖν
339 2506 585 2570 ἑκατέρωθεν
629 2508 811 2570 ἀφθόνως
847 2512 917 2553 τοῦ
959 2507 1120 2559 ὕδατος.
1189 2510 1321 2553 Τοῦτο

25 2593 66 2624 35
90 2575 138 2632 δὴ
163 2576 208 2622 τὸ
227 2576 443 2638 τραγικκόνῇ

185 2680 257 2717 Καὶ
281 2680 344 2723 τήν
370 2679 433 2727 μὲν
449 2679 698 2727 ἐξηντλοῦμεν,
718 2681 741 2724 ἡ
760 2679 789 2716 δ’
811 2679 1002 2727 ἐπεισρέει·

227 2770 239 2786 a
344 2767 355 2783 ι
414 2768 424 2783 ι
550 2763 574 2786 ‘3‘
653 2769 662 2783 x
822 2767 832 2783 e
1038 2768 1048 2783 t
1184 2767 1192 2782 x
1236 2770 1247 2785 φ
1289 2767 1298 2783 r

90 2770 180 2814 ἀλλ’
201 2787 245 2813 ου
271 2770 445 2828 πλαγιον
479 2786 526 2828 γε
548 2788 597 2823 ην
627 2787 671 2813 το
702 2770 938 2814 κλυδωνιον·
974 2787 1103 2829 ταυτῃ
1129 2787 1198 2812 και
1227 2787 1321 2823 ηνυ-

145 2901 167 2951 5
192 2903 231 2946 3,
259 2899 287 2940 l.
315 2912 351 2939 1.
376 2898 427 2938 σύ
442 2914 469 2953 μ
483 2913 510 2953 μ
522 2914 627 2953 ετρο
642 2900 690 2954 ν]
718 2899 916 2939 Sacellum
930 2899 1067 2953 potius
1086 2913 1209 2953 quam
1221 2907 1323 2939 tem-

87 2960 202 3015 plum
215 2959 351 3000 fuerit.
370 2962 433 3001 De
443 2961 523 3001 hoc
533 2961 710 3001 Philesio
720 2960 884 3001 aliunde
894 2961 970 3001 .vix
983 2969 1155 3001 constat.
1172 2961 1325 3015 Apolli-

88 3037 183 3063 nem
205 3021 383 3077 φιλήσιον
400 3023 442 3062 in
462 3022 651 3077 Didymis
667 3030 869 3063 memorat
888 3021 1045 3063 Plinius
1063 3023 1263 3072 XXXIV,
1281 3024 1321 3073 8,

91 3092 130 3124 et
149 3085 299 3124 Statius
309 3084 442 3125 Theb.
457 3086 575 3134 VIII,
595 3087 687 3137 198.
707 3085 872 3125 Arriani
887 3098 1052 3138 quoque
1064 3084 1287 3125 Philesium
1303 3100 1325 3124 e

89 3146 230 3186 Mileto
244 3161 318 3200 per
333 3147 578 3201 Sinopenses
594 3148 637 3186 in
654 3147 954 3201 Trapezuntem
971 3146 1174 3187 coloniam
1186 3155 1323 3188 ,trans-

91 3206 262 3248 ductum
285 3223 370 3249 esse
388 3209 655 3263 probabiliter
666 3209 807 3250 statuit
817 3208 981 3250 Mfiller.
995 3212 1096 3250 Dor.
1114 3211 1149 3258 Ι,
1164 3223 1207 3263 p,
1226 3210 1321 3249 225.

97 3269 111 3320 ΙΙ
138 3292 194 3298 -
215 3285 256 3322 9.
280 3270 530 3324 Xenophon.
559 3271 694 3312 Anab.
726 3273 804 3322 VI,
841 3274 882 3321 4,
908 3270 959 3312 25
987 3284 997 3312 :
1027 3270 1101 3311 Καὶ
1126 3271 1321 3326 Ξενοφῶν,

93 3326 219 3379 ἐπειδὴ
241 3328 308 3370 οὒκ
328 3330 532 3385 ἐγεγένητο
550 3331 598 3372 τὰ
617 3331 699 3387 ἱερὰ
718 3332 837 3389 ταύτῃ
852 3334 902 3388 τῇ
916 3331 1062 3388 ἡμέρᾳ,
1081 3332 1213 3373 λαὸὼν
1233 3333 1323 3387 βοῦν

91 3390 164 3431 {neb
178 3390 335 3445 ἁμάξης,
353 3391 396 3431 οὒ
411 3391 486 3447 γὰρ
502 3389 548 3444 ἦν
566 3393 669 3434 ἄλλα
685 3394 819 3448 ἱερεῖα,
836 3396 1142 3450 σφαγιασάμενος
1155 3394 1319 3446 ἐὸοήΟει.

150 3454 232 3503 54,
258 3452 286 3492 l.
322 3466 387 3506 19.
410 3452 596 3494 ‘'Yon-ou
626 3452 838 3509 λιμένα]
866 3458 888 3506 S
921 3457 945 3496 8
971 3456 1126 3510 Hyssus
1159 3457 1321 3506 fluvius,

94 3528 115 3554 a
132 3527 214 3568 quo
228 3521 372 3568 portus
386 3529 539 3556 nomen
553 3515 690 3566 habet,
705 3530 728 3556 a
742 3517 999 3570 Trapezunte
1010 3517 1161 3558 distare
1175 3517 1326 3559 dicitur

94 3575 224 3616 stadia
243 3578 334 3617 180.
355 3577 477 3617 Nunc
488 3585 549 3618 tot
563 3577 702 3617 stadiis
721 3586 813 3632 post
830 3579 1130 3632 Trapezuntem
1146 3582 1326 3621 occurrit

94 3638 207 3678 locus
218 3638 429 3678 Sarmenelz
443 3637 496 3679 ad
505 3639 688 3680 Sarmeni
699 3639 798 3679 fluv.
818 3641 975 3680 Recens
982 3640 1062 3680 hoc
1077 3655 1228 3681 nomen
1238 3640 1324 3696 jam

95 3699 274 3740 obtinuit
300 3699 568 3754 ‘temporibus
588 3701 778 3756 Procopii
809 3709 850 3741 et
884 3702 1115 3756 Anonymi,
1147 3717 1325 3757 quorum

97 3762 161 3802 ille
184 3764 246 3801 De
263 3760 358 3802 bell.
383 3761 511 3803 Goth.
535 3763 616 3812 IV,
639 3776 664 3803 2
680 3778 724 3818 p.
740 3764 836 3812 463,
859 3776 908 3803 21
928 3762 994 3803 ed.
1013 3765 1131 3804 Bonn
1155 3765 1325 3820 ιΤραπε-

97 3823 279 3871 ζουντίων
304 3823 344 3864 δὲ
361 3822 409 3864 τὰ
433 3824 520 3879 ὅρια
538 3822 660 3875 διήκει
674 3823 710 3871 ἔς
724 3839 765 3864 τε
780 3825 914 3879 κώμην
935 3824 1244 3880 Σουσούρμαιναν
1262 3827 1326 3867 καὶ

96 3885 140 3926 τὸ
173 3883 339 3933 Ῥίζαιον
358 3884 598 3941 καλούμενον
618 3885 780 3940 χωρίον,
805 3886 895 3940 ὅπερ
921 3886 1231 3941 Τραπεζουντίων
1252 3890 1325 3929 διέ-

95 3964 159 4003 χει
179 3949 285 3989 δυοῖν
302 3947 462 4004 ἡμέραιν
479 3947 568 3990 ὁδὸν
589 3948 651 3988 διὰ
674 3951 741 4001 τῆς
761 3948 948 4004 παραλίας
975 3949 1010 3997 ἐς
1031 3948 1196 4001 Λαζικὴν
1214 3950 1322 3993 ἰόντι.

969 135 1108 182 PER}
1121 136 1268 194 PLUS
1313 139 1495 185 PONTI
1529 139 1756 186 EUXlNI.

2526 163 2604 204 371

1386 247 1548 300 mittas,
1573 247 1687 303 quod
1705 248 1875 304 quidem
1895 251 2080 304 quinque
2102 250 2185 291 fere
2208 253 2258 293 sit
2276 254 2454 307 pedum3
2475 258 2612 313 hujus·
2681 274 2685 278 ·

1387 309 1499 349 modi
1521 310 1632 350 enim
1652 310 1893 365 magnitudo
1909 312 2010 351 mihi
2027 310 2190 352 videtur
2204 315 2355 369 templo
2370 324 2614 363 conveniens

1387 368 1500 419 sore;
1521 378 1643 425 atque
1669 371 1780 412 aliud
1803 372 1966 413 Phil'esii
1981 404 1992 422 ,
2026 373 2140 427 quod
2163 383 2355 428 quattuor
2377 380 2426 418 sit
2448 381 2612 434 pedum.

1387 431 1508 471 Haud
1538 433 1648 472 enim
1684 434 1786 473 mihi
1813 449 1836 474 a
1866 435 2023 474 ratione
2060 434 2224 476 videtur
2263 438 2466 490 alienum,
2504 443 2614 486 hunc

1386 491 1570 546 ejusdem
1590 508 1684 534 cum
1714 496 1975 550 progenitore
2002 511 2078 537 suo
2105 498 2246 552 templi
2265 508 2306 539 et
2324 514 2402 541 arae
2423 517 2507 543 esse
2526 520 2616 559 par-

1386 555 1568 609 ticipem.
1628 557 1694 597 Sic
1728 557 1829 597 alius
1861 559 2069 599 Mercurio
2087 590 2098 609 ‚
2138 559 2240 600 alius
2276 561 2452 603 Philesio
2467 595 2478 614 ,
2514 567 2615 608 alius

1387 617 1509 656 etiam
1521 618 1686 672 utrique
1696 632 1810 660 sacra
1823 621 2058 674 praeteriens
2070 621 2229 665 offeret.
2288 626 2470 679 Pergrati
2486 637 2619 670 autem

1387 687 1508 719 erunt
1530 688 1570 720 et
1591 679 1635 720 hi
1654 688 1695 721 et
1717 681 1773 721 illi
1794 684 2005 724 Mercurio
2027 685 2150 726 simul
2167 694 2207 726 et
2227 685 2403 730 Philesio
2427 701 2438 729 :
2457 691 2619 732 Mercu-

1387 742 1473 791 rio,
1498 742 1599 783 dum
1623 743 1709 798 ejus
1731 755 1921 800 nepotem
1941 748 2099 789 honore
2120 760 2447 806 prosequuntur;
2484 755 2618 796 Phile-

1388 804 1464 855 sio,
1482 804 1584 846 dum
1600 809 1902 861 progenitorem
1917 809 2003 864 ejus
2019 811 2175 853 colunt.
2235 815 2516 866 Quamobrem
2533 819 2619 874 ipse

1389 867 1512 908 etiam
1534 867 1682 910 bovem
1709 870 1788 910 illic
1818 873 2046 924 immolavi,
2074 890 2155 914 non
2184 876 2374 930 quidem,
2407 886 2453 918 ut
2480 880 2619 921 Xeno-

1389 929 1501 984 phon
1521 931 1618 972 olim
1638 932 1691 973 ad
1723 933 1865 989 Calpes
1896 945 2065 990 portum
2097 937 2204 987 fecit,
2230 938 2334 979 bove
2357 954 2406 980 ex
2439 940 2619 995 plaustro

1389 993 1558 1048 abrepto
1583 994 1638 1034 ob
1661 995 1887 1037 hostiarum
1911 999 2125 1052 penuriam
2139 1031 2150 1049 ,
2177 1000 2247 1040 sed
2267 1001 2362 1055 ipsis
2384 1002 2619 1057 Trapezun-

1389 1056 1456 1096 tiis
1478 1056 1734 1112 splendidam
1763 1059 1938 1100 hostiam
1966 1060 2257 1115 praebentibus.
2318 1064 2432 1104 Extis
2466 1065 2617 1106 ibidem

1390 1119 1581 1172 inspectis
1594 1150 1606 1169 ,
1629 1127 1669 1159 et
1688 1119 1786 1159 fusis
1801 1135 1923 1176 super
1942 1131 2033 1162 exta
2047 1123 2324 1174 libaminibus,
2345 1139 2421 1179 pro
2440 1140 2619 1181 quonam

1388 1178 1571 1232 primum
1592 1187 1686 1220 vota
1710 1182 2109 1236 nuncupaverimus,
2145 1198 2230 1223 non
2260 1193 2299 1225 te
2332 1184 2450 1239 fugit,
2479 1196 2621 1242 utpote

1391 1253 1531 1279 mores
1557 1249 1719 1281 nostros
1750 1250 2077 1296 pernoscentem,
2109 1251 2149 1283 et
2178 1244 2252 1284 tibi
2287 1245 2362 1299 ipsi
2393 1249 2618 1298 conscium,

1390 1306 1430 1338 te
1448 1298 1620 1353 dignum
1639 1315 1724 1341 esse
1738 1315 1814 1356 pro
1830 1300 1946 1356 cujus
1965 1302 2091 1343 salute
2104 1317 2261 1354 omnes,
2276 1306 2396 1346 etiam
2404 1308 2475 1360 qui
2491 1309 2623 1349 mino-

1392 1359 1506 1400 ribus
1524 1374 1650 1415 quam
1668 1376 1743 1401 nos
1758 1376 1782 1402 a
1793 1370 1831 1402 te
1850 1362 2058 1403 beneficiis
2070 1361 2206 1403 affecti
2221 1372 2332 1414 sunt,
2351 1374 2444 1406 vota
2458 1366 2618 1408 faciant.

1448 1423 1489 1468 4.
1519 1421 1583 1461 Ex
1604 1422 1861 1476 Trapezunte
1879 1437 2010 1476 quum
2031 1422 2310 1475 solvissemus,
2336 1427 2472 1480 primo
2495 1426 2561 1468 die
2581 1429 2624 1469 in

1390 1487 1510 1541 Hyssi
1535 1495 1704 1542 portum
1739 1489 1998 1544 appulimus,
2024 1504 2071 1530 ac
2096 1489 2275 1544 pediteS,
2314 1493 2385 1547 qui
2420 1493 2476 1534 ibi
2511 1504 2619 1543 sunt,

1390 1554 1639 1595 exercendos
1672 1556 1920 1597 curavimus.
1982 1557 2149 1597 Cohors·
2173 1559 2284 1598 enim
2306 1559 2403 1609 ista,
2441 1569 2486 1601 ut
2521 1563 2597 1602 scis
2610 1594 2620 1611 ,

1391 1632 1451 1664 est
1485 1624 1674 1679 peditum
1689 1656 1700 1675 ,
1725 1633 1766 1665 et
1788 1625 1912 1665 habet
1933 1626 2090 1680 equites
2111 1627 2254 1679 viginti
2281 1628 2494 1668 ministerii
2532 1639 2622 1671 tan-

1391 1700 1483 1731 tum
1526 1706 1646 1732 causa
1659 1708 1671 1742 ;
1711 1691 1784 1732 sed
1811 1693 1888 1733 hos
1907 1707 2073 1748 quoque
2089 1695 2273 1748 oportuit
2289 1695 2423 1736 hastas
2433 1695 2619 1750 jaculari.

1450 1759 1490 1799 5.
1522 1759 1927 1815 Indqnavigavimus
1945 1761 2082 1815 primo
2101 1761 2269 1815 quidem
2287 1764 2396 1803 auris
2429 1778 2518 1818 quae
2537 1780 2618 1805 ma·

1392 1821 1529 1861 tutino
1545 1829 1730 1875 tempore
1744 1836 1767 1862 e
1791 1821 2031 1887 fluminibus
2052 1823 2227 1878 spirant,
2252 1832 2293 1863 et
2314 1825 2435 1864 simul
2454 1828 2623 1880 remigio

1392 1891 1553 1923 utentes
1568 1898 1579 1933 ;
1598 1896 1695 1923 nam
1716 1881 1874 1937 frigidae
1888 1883 2058 1939 quidem
2075 1893 2191 1925 erant
2208 1899 2317 1925 aurae
2328 1917 2338 1935 ,
2356 1894 2403 1926 ut
2419 1887 2623 1928 Homerus

1395 1944 1411 2001 (
1428 1945 1506 1986 od.
1527 1944 1566 1995 5,
1588 1948 1668 1999 469
1686 1946 1702 2000 )
1725 1950 1892 2001 quoque
1906 1947 1978 1998 ait,
1997 1946 2069 1987 sed
2089 1947 2272 1988 celeriter
2282 1949 2471 2002 navigare
2490 1951 2624 1991 volen-

1392 2007 1502 2048 tibus
1523 2007 1635 2048 haud
1655 2007 1926 2050 sufficiebant.
1985 2008 2147 2050 Deinde
2163 2010 2431 2065 tranquillitas
2449 2021 2509 2052 est
2528 2013 2624 2053 sub-

1391 2078 1553 2119 secuta,
1580 2071 1638 2112 ita
1658 2079 1705 2112 ut
1725 2086 1802 2112 nos
1825 2085 1994 2126 quoque
2014 2071 2188 2126 remigio
2216 2081 2377 2113 tantum
2400 2082 2622 2117 uteremur.

1392 2133 1500 2173 Hinc
1522 2132 1652 2172 nubes
1674 2132 1893 2186 derepente
1908 2142 2050 2174 exorta
2063 2133 2115 2174 ab
2133 2135 2247 2174 Euro
2260 2135 2519 2188 potissimum
2535 2151 2624 2177 eru·

1391 2195 1467 2248 pit,
1504 2202 1755 2247 ventumque
1783 2193 2010 2234 violentum
2043 2202 2084 2233 et
2119 2194 2239 2234 nobis
2270 2195 2389 2249 plane
2407 2196 2622 2241 adversum

1392 2260 1581 2302 excitavit
1598 2292 1609 2311 ,
1638 2261 1710 2315 qui
1733 2269 1891 2301 tantum
1917 2275 2002 2300 non
2024 2275 2100 2301 nos
2116 2260 2324 2315 perdidit,
2358 2277 2469 2303 mare
2500 2265 2623 2318 siqui-

1392 2327 1487 2367 dem
1508 2326 1715 2367 tumidum
1741 2326 1856 2367 brevi
1878 2326 2074 2376 reddidit,
2100 2328 2157 2368 ita
2182 2337 2228 2368 ut
2250 2343 2396 2382 magna
2418 2331 2477 2370 vis
2499 2344 2622 2385 aqua-

1348 2424 1354 2429 .
1391 2408 1486 2434 rum
1519 2408 1604 2434 non
1632 2407 1708 2447 per
1745 2407 1835 2434 eam
1871 2402 2031 2434 tantum
2059 2402 2218 2448 partem
2252 2394 2324 2434 ubi
2354 2397 2457 2436 remi
2499 2406 2620 2447 sunt,

1391 2475 1534 2502 verum
1553 2461 1675 2502 etiam
1694 2474 1818 2516 super
1837 2469 1971 2516 partes
2001 2469 2201 2502 extremas
2222 2462 2363 2514 (circa
2386 2478 2555 2519 proram
2585 2475 2622 2504 ee

1386 2528 1566 2584 puppim
1584 2529 1602 2581 )
1624 2541 1714 2582 quae
1742 2535 1839 2568 sunt
1868 2535 1982 2568 extra
2002 2542 2139 2568 remos
2154 2559 2165 2578 ,
2187 2529 2396 2583 utrimque
2422 2531 2623 2586 irrumpe-

1394 2603 1472 2635 ret.
1529 2596 1628 2635 Erat
1645 2609 1814 2649 prorsus
1834 2595 2035 2648 tragicum
2056 2594 2156 2635 illud
2179 2608 2188 2635 :

1481 2688 1582 2720 Hanc
1603 2669 1831 2729 antlabamus‚
1848 2686 1907 2720 illa
1921 2687 2086 2729 irrumpit
2098 2687 2230 2721 denuo.

1394 2771 1536 2820 Quum
1559 2776 1695 2807 tamen
1714 2782 1799 2807 non
1814 2768 2033 2807 transversi
2049 2776 2180 2808 essent
2193 2769 2356 2818 fluctus,
2380 2770 2446 2808 vix
2459 2770 2620 2810 tandem

1397 2901 1608 2952 Anonym.
1627 2900 1649 2949 S
1674 2897 1725 2937 38
1750 2909 1759 2937 :
1779 2895 1830 2944 εἰς
1851 2894 2026 2951 αΥσσον(
2050 2896 2076 2936 Ι.
2102 2895 2248 2936 ο’Υσσου
2272 2897 2286 2952 )
2306 2897 2443 2952 λιμένα
2472 2897 2540 2949 τὴν
2559 2903 2622 2939 νῦν

1395 2959 1610 3014 λεγομένην
1630 2958 1865 3013 Σουσάρμια.
1900 2958 2086 2999 Priscum
2118 2973 2268 2999 nomen
2301 2959 2436 3000 adhuc
2460 2960 2623 3000 exhibet

1395 3021 1531 3061 seculo
1564 3028 1711 3074 quarto
1738 3021 1894 3060 Notitia
1924 3021 2086 3074 imperii
2112 3034 2148 3061 e.
2171 3033 2222 3073 27
2245 3033 2253 3059 :
2285 3020 2422 3060 cohors
2443 3021 2621 3075 Apuleja

1395 3083 1551 3124 civium
1567 3086 1837 3124 Romanorum
1854 3081 2060 3136 Ysiporto.
2078 3084 2127 3121 In
2140 3082 2289 3134 Geogr.
2310 3084 2408 3122 Rav.
2424 3083 2617 3131 Ysulime,

1396 3147 1437 3185 in
1460 3145 1564 3186 Tab.
1586 3147 1703 3185 Peut.
1736 3142 1960 3197 Hyssilime
1985 3146 2037 3191 24
2061 3143 2165 3183 mill.
2197 3157 2220 3182 a
2237 3143 2512 3197 Trapezunte;
2540 3143 2619 3183 ''10-

1398 3223 1463 3247 σου
1497 3204 1615 3262 λιμὴν
1637 3207 1679 3246 in
1708 3206 1863 3245 Chron.
1886 3204 2067 3245 Paschal.
2097 3219 2137 3258 p.
2165 3208 2214 3244 61
2242 3204 2308 3244 ed.
2335 3207 2467 3244 Bonn.
2496 3206 2620 3259 Apud

1396 3270 1601 3324 Scylacem
1610 3267 1735 3317 idem,
1745 3275 1790 3307 ut
1802 3265 1978 3316 videtur,
1988 3274 2131 3321 portus
2143 3273 2312 3305 vocatur
2319 3266 2472 3320 Ψωρῶν
2482 3266 2518 3305 λι
2526 3268 2579 3321 μή
2582 3283 2600 3307 ν
2609 3300 2616 3307 .

1452 3335 1473 3383 5
1494 3336 1534 3381 5,
1551 3331 1579 3370 l.
1602 3343 1669 3383 27.
1689 3328 1752 3369 καὶ
1770 3327 1880 3383 ἡμεῖς
1897 3327 1997 3382 quid
2009 3335 2162 3382 spectet
2175 3328 2327 3367 nescio.
2352 3328 2367 3381 ΙΙ
2393 3351 2448 3358 -
2464 3329 2531 3369 31.
2556 3330 2620 3370 καὶ

1398 3394 1515 3447 μόνον
1540 3392 1686 3442 ὤνησεν
1708 3390 1809 3444 ἡμᾶς
1837 3388 1992 3437 codex;
2023 3389 2087 3430 καὶ
2121 3389 2333 3444 μονονουχὶ
2349 3389 2493 3430 ὤλεσεν
2521 3390 2621 3446 ἡμᾶς

1396 3470 1475 3495 em.
1503 3455 1672 3495 Gesner.
1700 3454 1715 3506 ΙΙ
1736 3477 1792 3482 ——
1815 3453 1882 3492 36.
1898 3451 2104 3506 ,ἐπεισέρρει
2118 3450 2264 3502 codex,
2287 3450 2466 3507 ἐπεισρέει
2493 3453 2619 3494 Athe-

1396 3532 1522 3568 naeus,
1558 3514 1749 3571 parodice
1769 3514 1848 3554 hoe
1871 3527 1990 3554 versu
2010 3522 2145 3563 utens,
2177 3514 2253 3564 IV,
2278 3527 2320 3569 p.
2351 3513 2444 3565 156,
2465 3517 2499 3556 E
2522 3517 2539 3568 (
2558 3517 2620 3556 καὶ

1396 3583 1462 3631 τῆς
1480 3579 1662 3634 τραπέζης
1676 3575 1944 3630 παρατεθείσης
1962 3575 2205 3630 ἐδειπνοῦμεν
2220 3575 2285 3616 καὶ
2303 3592 2320 3614 ιι
2342 3574 2411 3627 τὴν
2430 3576 2496 3631 μὲν
2514 3576 2617 3629 ἐξην-

1396 3642 1561 3696 τλοῦμεν
1589 3639 1672 3695 (sc.
1704 3641 1826 3693 φακῆν
1861 3638 1893 3693 ),
1918 3637 1941 3689 ἣ
1973 3638 2007 3677 δ’
2031 3637 2210 3693 ἐπεισρὲει
2237 3637 2251 3694 )
2287 3646 2328 3679 et
2349 3640 2419 3693 qui
2443 3639 2617 3687 eundem

1396 3703 1563 3745 laudant
1592 3710 1782 3755 tanquam
1814 3700 2080 3755 proverbium
2118 3699 2278 3741 ἐπὶτῶν
2313 3701 2529 3741 πονούντων
2556 3701 2618 3740 καὶ

1397 3766 1502 3806 οὐδὲν
1525 3764 1715 3805 ἀνυόντων
1732 3772 1989 3818 usurpatum,
2006 3762 2210 3803 Zenobius
2227 3764 2262 3812 I,
2285 3762 2352 3815 75,
2374 3763 2614 3815 Diogenian.

1396 3831 1451 3876 II,
1478 3840 1544 3876 22,
1567 3825 1751 3880 Apostol.
1772 3826 1828 3875 11,
1854 3826 1922 3875 65,
1945 3825 2072 3866 schol.
2095 3825 2265 3866 Lucian.
2287 3825 2474 3863 Hermot.
2505 3838 2541 3864 c.
2564 3828 2612 3865 61

1399 3892 1414 3942 (
1438 3889 1507 3929 ubi
1525 3888 1680 3942 ἐπιρρέει
1699 3887 1714 3943 )
1734 3895 1774 3928 et
1795 3886 1939 3928 Suidas
1970 3902 2011 3928 v.
2039 3885 2200 3938 ἄλλην(
2223 3885 2293 3925 ubi
2317 3884 2567 3940 ἐξαντλοῦμεν
2583 3889 2612 3937 ).

1398 3948 1619 4006 Cujusnam
1635 3950 1774 4002 tragici
1795 3964 1934 3990 versus
1951 3950 2017 4001 sit,
2038 3948 2253 3989 nescimus.

2391 4055 2457 4094 52,
