<?xml version="1.0" encoding="UTF-8"?>
<!DOCTYPE html PUBLIC "-//W3C//DTD XHTML 1.0 Transitional//EN"
    "http://www.w3.org/TR/xhtml1/DTD/xhtml1-transitional.dtd">
<html xmlns="http://www.w3.org/1999/xhtml" xml:lang="en" lang="en">
 <head>
  <title>
</title>
<meta http-equiv="Content-Type" content="text/html;charset=utf-8" />
  <meta name='ocr-system' content='tesseract 3.04.00' />
  <meta name='ocr-capabilities' content='ocr_page ocr_carea ocr_par ocr_line ocrx_word'/>
</head>
<body>
  <div class='ocr_page' id='page_1' title='image "./geographigraeci00mueluoft_0577.png"; bbox 0 0 2808 4342; ppageno 0'>
   <div class='ocr_carea' id='block_1_1' title="bbox 83 165 234 225">
    <p class='ocr_par' dir='ltr' id='par_1_1' title="bbox 83 165 234 225">
     <span class='ocr_line' id='line_1_1' title="bbox 83 165 234 225; baseline 0 0"><span class='ocrx_word' id='word_1_1' title='bbox 83 165 234 225; x_wconf 59' lang='lat' dir='ltr'><strong>‹um-2.)</strong></span> 
     </span>
    </p>
   </div>
   <div class='ocr_carea' id='block_1_2' title="bbox 14 256 1323 3151">
    <p class='ocr_par' dir='ltr' id='par_1_2' title="bbox 17 256 1322 1222">
     <span class='ocr_line' id='line_1_2' title="bbox 87 256 1320 329; baseline -0.001 -16"><span class='ocrx_word' id='word_1_2' title='bbox 87 267 243 313; x_wconf 82' lang='grc' dir='ltr'>στάδιοι</span> <span class='ocrx_word' id='word_1_3' title='bbox 275 267 325 324; x_wconf 86' lang='grc' dir='ltr'>τ’,</span> <span class='ocrx_word' id='word_1_4' title='bbox 363 265 479 326; x_wconf 88' lang='grc' dir='ltr'>μίλια</span> <span class='ocrx_word' id='word_1_5' title='bbox 505 263 567 324; x_wconf 87' lang='grc' dir='ltr'>μ’.</span> <span class='ocrx_word' id='word_1_6' title='bbox 636 256 766 311; x_wconf 63' lang='grc' dir='ltr'>Οὗτοι</span> <span class='ocrx_word' id='word_1_7' title='bbox 795 268 958 329; x_wconf 75' lang='grc' dir='ltr'>Θρᾷκες</span> <span class='ocrx_word' id='word_1_8' title='bbox 984 265 1054 310; x_wconf 83' lang='grc' dir='ltr'>καὶ</span> <span class='ocrx_word' id='word_1_9' title='bbox 1079 265 1320 329; x_wconf 87' lang='grc' dir='ltr'>Βαστάρναι</span> 
     </span>
     <span class='ocr_line' id='line_1_3' title="bbox 86 337 298 393; baseline 0.005 -11"><span class='ocrx_word' id='word_1_10' title='bbox 86 337 298 393; x_wconf 84' lang='grc' dir='ltr'>ἐπήλυδες.</span> 
     </span>
     <span class='ocr_line' id='line_1_4' title="bbox 146 402 1320 464; baseline -0.002 -12"><span class='ocrx_word' id='word_1_11' title='bbox 146 420 221 453; x_wconf 51' lang='lat' dir='ltr'>oi(</span> <span class='ocrx_word' id='word_1_12' title='bbox 241 403 365 451; x_wconf 81' lang='grc' dir='ltr'>Κατὰ</span> <span class='ocrx_word' id='word_1_13' title='bbox 402 407 519 449; x_wconf 79' lang='grc' dir='ltr'>τοῦτο</span> <span class='ocrx_word' id='word_1_14' title='bbox 569 403 750 462; x_wconf 88' lang='grc' dir='ltr'>μάλιστα</span> <span class='ocrx_word' id='word_1_15' title='bbox 793 402 839 448; x_wconf 87' lang='grc' dir='ltr'>τὸ</span> <span class='ocrx_word' id='word_1_16' title='bbox 885 403 1025 450; x_wconf 82' lang='grc' dir='ltr'>Ψιλὸν</span> <span class='ocrx_word' id='word_1_17' title='bbox 1068 404 1201 464; x_wconf 84' lang='grc' dir='ltr'>στόμα</span> <span class='ocrx_word' id='word_1_18' title='bbox 1249 409 1320 450; x_wconf 71' lang='grc' dir='ltr'>τοῦ</span> 
     </span>
     <span class='ocr_line' id='line_1_5' title="bbox 85 470 1318 536; baseline -0.001 -17"><span class='ocrx_word' id='word_1_19' title='bbox 85 473 252 535; x_wconf 89' lang='grc' dir='ltr'>Ἴστρου</span> <span class='ocrx_word' id='word_1_20' title='bbox 273 471 336 516; x_wconf 79' lang='grc' dir='ltr'>ἐπ’</span> <span class='ocrx_word' id='word_1_21' title='bbox 358 470 450 516; x_wconf 81' lang='grc' dir='ltr'>εὐθὺ</span> <span class='ocrx_word' id='word_1_22' title='bbox 474 470 639 517; x_wconf 90' lang='grc' dir='ltr'>πλέοντι</span> <span class='ocrx_word' id='word_1_23' title='bbox 657 471 795 532; x_wconf 82' lang='grc' dir='ltr'>ἀνέμῳ</span> <span class='ocrx_word' id='word_1_24' title='bbox 820 473 1032 536; x_wconf 73' lang='grc' dir='ltr'>ἀπαρκτίᾳ</span> <span class='ocrx_word' id='word_1_25' title='bbox 1048 477 1101 525; x_wconf 82' lang='grc' dir='ltr'>ὡς</span> <span class='ocrx_word' id='word_1_26' title='bbox 1119 473 1166 518; x_wconf 87' lang='grc' dir='ltr'>τὸ</span> <span class='ocrx_word' id='word_1_27' title='bbox 1189 473 1318 518; x_wconf 90' lang='grc' dir='ltr'>πέλα-</span> 
     </span>
     <span class='ocr_line' id='line_1_6' title="bbox 42 539 1319 602; baseline -0.002 -13"><span class='ocrx_word' id='word_1_28' title='bbox 42 563 63 589; x_wconf 73' lang='grc' dir='ltr'>σ</span> <span class='ocrx_word' id='word_1_29' title='bbox 86 560 153 602; x_wconf 84' lang='grc' dir='ltr'>γος</span> <span class='ocrx_word' id='word_1_30' title='bbox 174 545 295 596; x_wconf 82' lang='grc' dir='ltr'>ν’ἧσος</span> <span class='ocrx_word' id='word_1_31' title='bbox 313 539 553 602; x_wconf 88' lang='grc' dir='ltr'>πρόκειται,</span> <span class='ocrx_word' id='word_1_32' title='bbox 587 540 730 596; x_wconf 78' lang='grc' dir='ltr'>ἥντινα</span> <span class='ocrx_word' id='word_1_33' title='bbox 755 542 791 584; x_wconf 79' lang='grc' dir='ltr'>οἱ</span> <span class='ocrx_word' id='word_1_34' title='bbox 826 539 900 598; x_wconf 83' lang='grc' dir='ltr'>μὲν</span> <span class='ocrx_word' id='word_1_35' title='bbox 932 540 1150 602; x_wconf 84' lang='grc' dir='ltr'>Ἀχιλλέως</span> <span class='ocrx_word' id='word_1_36' title='bbox 1171 544 1294 596; x_wconf 80' lang='grc' dir='ltr'>νῆσον</span> <span class='ocrx_word' id='word_1_37' title='bbox 1308 578 1319 597; x_wconf 89' lang='grc'>,</span> 
     </span>
     <span class='ocr_line' id='line_1_7' title="bbox 84 608 1321 672; baseline -0.001 -17"><span class='ocrx_word' id='word_1_38' title='bbox 84 611 120 655; x_wconf 82' lang='grc' dir='ltr'>οἱ</span> <span class='ocrx_word' id='word_1_39' title='bbox 143 609 184 655; x_wconf 80' lang='grc' dir='ltr'>δὲ</span> <span class='ocrx_word' id='word_1_40' title='bbox 216 608 367 672; x_wconf 83' lang='grc' dir='ltr'>δρόμον</span> <span class='ocrx_word' id='word_1_41' title='bbox 392 609 628 672; x_wconf 82' lang='grc' dir='ltr'>Ἀχιλλέως,</span> <span class='ocrx_word' id='word_1_42' title='bbox 653 611 689 654; x_wconf 83' lang='grc' dir='ltr'>οἱ</span> <span class='ocrx_word' id='word_1_43' title='bbox 724 608 766 654; x_wconf 82' lang='grc' dir='ltr'>δὲ</span> <span class='ocrx_word' id='word_1_44' title='bbox 790 608 953 665; x_wconf 86' lang='grc' dir='ltr'>Λευκὴν</span> <span class='ocrx_word' id='word_1_45' title='bbox 985 610 1065 655; x_wconf 81' lang='grc' dir='ltr'>ἀπὸ</span> <span class='ocrx_word' id='word_1_46' title='bbox 1085 614 1157 665; x_wconf 76' lang='grc' dir='ltr'>τῆς</span> <span class='ocrx_word' id='word_1_47' title='bbox 1178 617 1321 672; x_wconf 80' lang='grc' dir='ltr'>χροιᾶς</span> 
     </span>
     <span class='ocr_line' id='line_1_8' title="bbox 82 678 586 739; baseline 0.006 -16"><span class='ocrx_word' id='word_1_48' title='bbox 82 678 364 739; x_wconf 83' lang='grc' dir='ltr'>ὀνομάζουσιν.</span> <span class='ocrx_word' id='word_1_49' title='bbox 582 696 586 700; x_wconf 88' lang='grc'><strong><em>’</em></strong></span> 
     </span>
     <span class='ocr_line' id='line_1_9' title="bbox 146 744 1321 810; baseline 0.002 -19"><span class='ocrx_word' id='word_1_50' title='bbox 146 762 203 793; x_wconf 84' lang='grc'>65.</span> <span class='ocrx_word' id='word_1_51' title='bbox 239 744 364 808; x_wconf 85' lang='grc' dir='ltr'>Ἔχει</span> <span class='ocrx_word' id='word_1_52' title='bbox 388 745 430 791; x_wconf 83' lang='grc' dir='ltr'>δὲ</span> <span class='ocrx_word' id='word_1_53' title='bbox 452 747 604 801; x_wconf 75' lang='grc' dir='ltr'>πλῆθος</span> <span class='ocrx_word' id='word_1_54' title='bbox 620 746 831 807; x_wconf 83' lang='grc' dir='ltr'>χειρόηθες</span> <span class='ocrx_word' id='word_1_55' title='bbox 853 747 1022 809; x_wconf 85' lang='grc' dir='ltr'>ὀρνέων,</span> <span class='ocrx_word' id='word_1_56' title='bbox 1043 746 1137 793; x_wconf 91' lang='grc' dir='ltr'>θέαν</span> <span class='ocrx_word' id='word_1_57' title='bbox 1157 766 1201 792; x_wconf 91' lang='grc' dir='ltr'>τε</span> <span class='ocrx_word' id='word_1_58' title='bbox 1220 750 1321 810; x_wconf 77' lang='grc' dir='ltr'>ἱερο-</span> 
     </span>
     <span class='ocr_line' id='line_1_10' title="bbox 81 813 1320 877; baseline 0.002 -17"><span class='ocrx_word' id='word_1_59' title='bbox 81 818 220 877; x_wconf 73' lang='grc' dir='ltr'>πρεπῆ</span> <span class='ocrx_word' id='word_1_60' title='bbox 258 818 341 866; x_wconf 82' lang='grc' dir='ltr'>τοῖς</span> <span class='ocrx_word' id='word_1_61' title='bbox 365 813 685 877; x_wconf 80' lang='grc' dir='ltr'>ἀφικνουμένοις.</span> <span class='ocrx_word' id='word_1_62' title='bbox 756 817 819 862; x_wconf 80' lang='grc' dir='ltr'>Οὔ</span> <span class='ocrx_word' id='word_1_63' title='bbox 844 816 1013 862; x_wconf 89' lang='grc' dir='ltr'>δυνατὸν</span> <span class='ocrx_word' id='word_1_64' title='bbox 1041 815 1084 861; x_wconf 88' lang='grc' dir='ltr'>δέ</span> <span class='ocrx_word' id='word_1_65' title='bbox 1106 818 1213 861; x_wconf 84' lang='grc' dir='ltr'>ἐστιν</span> <span class='ocrx_word' id='word_1_66' title='bbox 1239 817 1320 862; x_wconf 84' lang='grc' dir='ltr'>ἀπὸ</span> 
     </span>
     <span class='ocr_line' id='line_1_11' title="bbox 17 882 1322 947; baseline -0.002 -16"><span class='ocrx_word' id='word_1_67' title='bbox 17 903 57 932; x_wconf 76' lang='grc' dir='ltr'>ιο</span> <span class='ocrx_word' id='word_1_68' title='bbox 83 882 233 938; x_wconf 87' lang='grc' dir='ltr'>ταύτης</span> <span class='ocrx_word' id='word_1_69' title='bbox 250 884 391 946; x_wconf 86' lang='grc' dir='ltr'>χώραν</span> <span class='ocrx_word' id='word_1_70' title='bbox 411 884 531 939; x_wconf 84' lang='grc' dir='ltr'>ἰδεῖν,</span> <span class='ocrx_word' id='word_1_71' title='bbox 558 884 708 947; x_wconf 87' lang='grc' dir='ltr'>καίπερ</span> <span class='ocrx_word' id='word_1_72' title='bbox 736 883 972 946; x_wconf 81' lang='grc' dir='ltr'>ἀπεχούσης</span> <span class='ocrx_word' id='word_1_73' title='bbox 995 886 1117 940; x_wconf 77' lang='grc' dir='ltr'>αὐτῆς</span> <span class='ocrx_word' id='word_1_74' title='bbox 1146 885 1226 929; x_wconf 86' lang='grc' dir='ltr'>ἀπὸ</span> <span class='ocrx_word' id='word_1_75' title='bbox 1249 889 1322 940; x_wconf 78' lang='grc' dir='ltr'>τῆς</span> 
     </span>
     <span class='ocr_line' id='line_1_12' title="bbox 81 951 1319 1017; baseline 0.002 -22"><span class='ocrx_word' id='word_1_76' title='bbox 81 951 252 1014; x_wconf 80' lang='grc' dir='ltr'>ἠπείρου</span> <span class='ocrx_word' id='word_1_77' title='bbox 286 951 471 1003; x_wconf 85' lang='grc' dir='ltr'>σταδίους</span> <span class='ocrx_word' id='word_1_78' title='bbox 506 951 543 996; x_wconf 87' lang='grc' dir='ltr'>υ’</span> <span class='ocrx_word' id='word_1_79' title='bbox 565 952 706 1013; x_wconf 90' lang='grc' dir='ltr'>(μίλια</span> <span class='ocrx_word' id='word_1_80' title='bbox 729 953 804 1013; x_wconf 86' lang='grc' dir='ltr'>νγ’,</span> <span class='ocrx_word' id='word_1_81' title='bbox 830 953 866 1014; x_wconf 86' lang='grc' dir='ltr'>γ’</span> <span class='ocrx_word' id='word_1_82' title='bbox 883 955 918 1015; x_wconf 85' lang='lat'>),</span> <span class='ocrx_word' id='word_1_83' title='bbox 939 957 992 1005; x_wconf 80' lang='grc' dir='ltr'>ὡς</span> <span class='ocrx_word' id='word_1_84' title='bbox 1018 953 1065 1009; x_wconf 87' lang='grc' dir='ltr'>δὴ</span> <span class='ocrx_word' id='word_1_85' title='bbox 1096 953 1319 1017; x_wconf 80' lang='grc' dir='ltr'>συγγράφει</span> 
     </span>
     <span class='ocr_line' id='line_1_13' title="bbox 79 1019 329 1082; baseline 0.004 -15"><span class='ocrx_word' id='word_1_86' title='bbox 79 1019 329 1082; x_wconf 85' lang='grc' dir='ltr'>Δημήτριος.</span> 
     </span>
     <span class='ocr_line' id='line_1_14' title="bbox 143 1089 1320 1154; baseline 0.002 -19"><span class='ocrx_word' id='word_1_87' title='bbox 143 1105 199 1136; x_wconf 75' lang='lat'><strong>⁶6.</strong></span> <span class='ocrx_word' id='word_1_88' title='bbox 238 1089 407 1146; x_wconf 86' lang='grc' dir='ltr'>Ταύτην</span> <span class='ocrx_word' id='word_1_89' title='bbox 442 1089 517 1144; x_wconf 86' lang='grc' dir='ltr'>τὴν</span> <span class='ocrx_word' id='word_1_90' title='bbox 555 1093 678 1146; x_wconf 77' lang='grc' dir='ltr'>νῆσον</span> <span class='ocrx_word' id='word_1_91' title='bbox 713 1090 878 1152; x_wconf 84' lang='grc' dir='ltr'>λέγεται</span> <span class='ocrx_word' id='word_1_92' title='bbox 919 1092 1042 1144; x_wconf 80' lang='grc' dir='ltr'>Θέτις</span> <span class='ocrx_word' id='word_1_93' title='bbox 1075 1097 1229 1137; x_wconf 88' lang='grc' dir='ltr'>ἀνεῖναι</span> <span class='ocrx_word' id='word_1_94' title='bbox 1262 1095 1320 1154; x_wconf 79' lang='grc' dir='ltr'>τῷ</span> 
     </span>
     <span class='ocr_line' id='line_1_15' title="bbox 81 1158 1320 1222; baseline 0.003 -20"><span class='ocrx_word' id='word_1_95' title='bbox 81 1158 223 1215; x_wconf 75' lang='grc' dir='ltr'>παιδὶ,</span> <span class='ocrx_word' id='word_1_96' title='bbox 259 1159 328 1204; x_wconf 81' lang='grc' dir='ltr'>καὶ</span> <span class='ocrx_word' id='word_1_97' title='bbox 360 1158 513 1215; x_wconf 86' lang='grc' dir='ltr'>ταύτην</span> <span class='ocrx_word' id='word_1_98' title='bbox 548 1161 670 1204; x_wconf 88' lang='grc' dir='ltr'>οἷκεῖν</span> <span class='ocrx_word' id='word_1_99' title='bbox 708 1160 776 1205; x_wconf 89' lang='grc' dir='ltr'>τὸν</span> <span class='ocrx_word' id='word_1_100' title='bbox 815 1160 1028 1222; x_wconf 83' lang='grc' dir='ltr'>Ἀχιλλέα.</span> <span class='ocrx_word' id='word_1_101' title='bbox 1101 1161 1186 1206; x_wconf 80' lang='grc' dir='ltr'>Καὶ</span> <span class='ocrx_word' id='word_1_102' title='bbox 1222 1161 1320 1211; x_wconf 86' lang='grc' dir='ltr'>ναός</span> 
     </span>
    </p>

    <p class='ocr_par' dir='ltr' id='par_1_3' title="bbox 18 1221 1320 1565">
     <span class='ocr_line' id='line_1_16' title="bbox 18 1221 1320 1290; baseline -0.001 -16"><span class='ocrx_word' id='word_1_103' title='bbox 18 1246 56 1276; x_wconf 65' lang='lat'>15</span> <span class='ocrx_word' id='word_1_104' title='bbox 83 1229 190 1273; x_wconf 84' lang='grc' dir='ltr'>ἐστιν</span> <span class='ocrx_word' id='word_1_105' title='bbox 210 1221 251 1273; x_wconf 74' lang='grc' dir='ltr'>ἔν</span> <span class='ocrx_word' id='word_1_106' title='bbox 273 1230 376 1290; x_wconf 80' lang='grc' dir='ltr'>αὐτῇ</span> <span class='ocrx_word' id='word_1_107' title='bbox 397 1232 466 1274; x_wconf 77' lang='grc' dir='ltr'>τοῦ</span> <span class='ocrx_word' id='word_1_108' title='bbox 499 1228 747 1290; x_wconf 82' lang='grc' dir='ltr'>Ἀχιλλέως,</span> <span class='ocrx_word' id='word_1_109' title='bbox 775 1229 844 1274; x_wconf 80' lang='grc' dir='ltr'>καὶ</span> <span class='ocrx_word' id='word_1_110' title='bbox 879 1229 1017 1282; x_wconf 87' lang='grc' dir='ltr'>ξόανον</span> <span class='ocrx_word' id='word_1_111' title='bbox 1045 1232 1056 1290; x_wconf 95' lang='grc'>(</span> <span class='ocrx_word' id='word_1_112' title='bbox 1078 1229 1167 1285; x_wconf 80' lang='grc' dir='ltr'>ἤτοι</span> <span class='ocrx_word' id='word_1_113' title='bbox 1191 1229 1320 1290; x_wconf 79' lang='grc' dir='ltr'>ἄγαλ-</span> 
     </span>
     <span class='ocr_line' id='line_1_17' title="bbox 81 1297 1318 1362; baseline 0 -19"><span class='ocrx_word' id='word_1_114' title='bbox 81 1300 170 1359; x_wconf 89' lang='grc' dir='ltr'>μα)</span> <span class='ocrx_word' id='word_1_115' title='bbox 194 1301 263 1353; x_wconf 76' lang='grc' dir='ltr'>τῆς</span> <span class='ocrx_word' id='word_1_116' title='bbox 285 1297 416 1343; x_wconf 90' lang='grc' dir='ltr'>πάλαι</span> <span class='ocrx_word' id='word_1_117' title='bbox 440 1297 650 1360; x_wconf 80' lang='grc' dir='ltr'>ἐργασίας.</span> <span class='ocrx_word' id='word_1_118' title='bbox 722 1298 775 1344; x_wconf 84' lang='lat' dir='ltr'>‘H</span> <span class='ocrx_word' id='word_1_119' title='bbox 795 1298 837 1344; x_wconf 81' lang='grc' dir='ltr'>δὲ</span> <span class='ocrx_word' id='word_1_120' title='bbox 858 1303 978 1355; x_wconf 79' lang='grc' dir='ltr'>νῆσος</span> <span class='ocrx_word' id='word_1_121' title='bbox 999 1297 1223 1362; x_wconf 85' lang='grc' dir='ltr'>ἀνθρώπων</span> <span class='ocrx_word' id='word_1_122' title='bbox 1246 1298 1318 1358; x_wconf 85' lang='grc' dir='ltr'>μὲν</span> 
     </span>
     <span class='ocr_line' id='line_1_18' title="bbox 81 1366 1320 1428; baseline 0 -16"><span class='ocrx_word' id='word_1_123' title='bbox 81 1367 215 1428; x_wconf 77' lang='grc' dir='ltr'>ἐρήμη</span> <span class='ocrx_word' id='word_1_124' title='bbox 237 1366 361 1412; x_wconf 81' lang='grc' dir='ltr'>ἐστίν·</span> <span class='ocrx_word' id='word_1_125' title='bbox 396 1366 563 1426; x_wconf 87' lang='grc' dir='ltr'>νέμεται</span> <span class='ocrx_word' id='word_1_126' title='bbox 587 1367 629 1412; x_wconf 82' lang='grc' dir='ltr'>δὲ</span> <span class='ocrx_word' id='word_1_127' title='bbox 655 1367 759 1421; x_wconf 84' lang='grc' dir='ltr'>αἰξὶν</span> <span class='ocrx_word' id='word_1_128' title='bbox 781 1370 824 1413; x_wconf 79' lang='grc' dir='ltr'>οὗ</span> <span class='ocrx_word' id='word_1_129' title='bbox 849 1370 1044 1424; x_wconf 84' lang='grc' dir='ltr'>πολλαῖς,</span> <span class='ocrx_word' id='word_1_130' title='bbox 1073 1368 1145 1414; x_wconf 82' lang='grc' dir='ltr'>καὶ</span> <span class='ocrx_word' id='word_1_131' title='bbox 1168 1367 1320 1420; x_wconf 87' lang='grc' dir='ltr'>ταύτας</span> 
     </span>
     <span class='ocr_line' id='line_1_19' title="bbox 80 1435 1316 1499; baseline 0.001 -19"><span class='ocrx_word' id='word_1_132' title='bbox 80 1436 154 1495; x_wconf 86' lang='grc' dir='ltr'>μὲν</span> <span class='ocrx_word' id='word_1_133' title='bbox 177 1435 411 1480; x_wconf 88' lang='grc' dir='ltr'>ἀνατιθέναι</span> <span class='ocrx_word' id='word_1_134' title='bbox 442 1435 630 1495; x_wconf 87' lang='grc' dir='ltr'>λέγονται</span> <span class='ocrx_word' id='word_1_135' title='bbox 653 1440 711 1499; x_wconf 80' lang='grc' dir='ltr'>τῷ</span> <span class='ocrx_word' id='word_1_136' title='bbox 747 1437 934 1499; x_wconf 86' lang='grc' dir='ltr'>Ἀχιλλεῖ</span> <span class='ocrx_word' id='word_1_137' title='bbox 965 1436 1053 1483; x_wconf 75' lang='grc' dir='ltr'>ὅσοι</span> <span class='ocrx_word' id='word_1_138' title='bbox 1077 1437 1140 1483; x_wconf 85' lang='grc' dir='ltr'>ἀεὶ</span> <span class='ocrx_word' id='word_1_139' title='bbox 1169 1437 1316 1499; x_wconf 83' lang='grc' dir='ltr'>προσί-</span> 
     </span>
     <span class='ocr_line' id='line_1_20' title="bbox 80 1502 1317 1565; baseline -0.001 -15"><span class='ocrx_word' id='word_1_140' title='bbox 80 1521 240 1565; x_wconf 84' lang='grc' dir='ltr'>σχουσι.</span> <span class='ocrx_word' id='word_1_141' title='bbox 314 1503 397 1548; x_wconf 81' lang='grc' dir='ltr'>Καὶ</span> <span class='ocrx_word' id='word_1_142' title='bbox 421 1502 500 1565; x_wconf 81' lang='grc' dir='ltr'>γὰρ</span> <span class='ocrx_word' id='word_1_143' title='bbox 534 1504 605 1547; x_wconf 84' lang='grc' dir='ltr'>καὶ</span> <span class='ocrx_word' id='word_1_144' title='bbox 639 1504 745 1549; x_wconf 84' lang='grc' dir='ltr'>ἄλλα</span> <span class='ocrx_word' id='word_1_145' title='bbox 767 1506 903 1550; x_wconf 90' lang='grc' dir='ltr'>πολλὰ</span> <span class='ocrx_word' id='word_1_146' title='bbox 939 1505 1187 1565; x_wconf 75' lang='grc' dir='ltr'>ἀναθήματα</span> <span class='ocrx_word' id='word_1_147' title='bbox 1219 1505 1317 1550; x_wconf 83' lang='grc' dir='ltr'>ἀνά-</span> 
     </span>
    </p>

    <p class='ocr_par' dir='ltr' id='par_1_4' title="bbox 14 1572 1320 1912">
     <span class='ocr_line' id='line_1_21' title="bbox 14 1572 1319 1636; baseline 0 -17"><span class='ocrx_word' id='word_1_148' title='bbox 14 1593 58 1623; x_wconf 74' lang='lat'>20</span> <span class='ocrx_word' id='word_1_149' title='bbox 80 1591 211 1619; x_wconf 86' lang='grc' dir='ltr'>κειται</span> <span class='ocrx_word' id='word_1_150' title='bbox 242 1574 282 1617; x_wconf 80' lang='grc' dir='ltr'>ἓν</span> <span class='ocrx_word' id='word_1_151' title='bbox 309 1574 368 1636; x_wconf 80' lang='grc' dir='ltr'>τῷ</span> <span class='ocrx_word' id='word_1_152' title='bbox 406 1574 516 1635; x_wconf 78' lang='grc' dir='ltr'>ναῷ,</span> <span class='ocrx_word' id='word_1_153' title='bbox 559 1572 733 1634; x_wconf 83' lang='grc' dir='ltr'>φιάλαι,</span> <span class='ocrx_word' id='word_1_154' title='bbox 766 1573 976 1619; x_wconf 89' lang='grc' dir='ltr'>δακτύλιοι</span> <span class='ocrx_word' id='word_1_155' title='bbox 1009 1575 1079 1620; x_wconf 81' lang='grc' dir='ltr'>καὶ</span> <span class='ocrx_word' id='word_1_156' title='bbox 1113 1575 1215 1620; x_wconf 89' lang='grc' dir='ltr'>λίθοι</span> <span class='ocrx_word' id='word_1_157' title='bbox 1242 1578 1319 1619; x_wconf 81' lang='grc' dir='ltr'>τῶν</span> 
     </span>
     <span class='ocr_line' id='line_1_22' title="bbox 81 1640 1320 1705; baseline -0.001 -17"><span class='ocrx_word' id='word_1_158' title='bbox 81 1640 457 1704; x_wconf 87' lang='grc' dir='ltr'>πολυτελεστέρων.</span> <span class='ocrx_word' id='word_1_159' title='bbox 525 1644 674 1688; x_wconf 79' lang='grc' dir='ltr'>Ταῦτα</span> <span class='ocrx_word' id='word_1_160' title='bbox 719 1640 936 1701; x_wconf 83' lang='grc' dir='ltr'>ξύμπαντα</span> <span class='ocrx_word' id='word_1_161' title='bbox 975 1643 1226 1705; x_wconf 85' lang='grc' dir='ltr'>χαριστήρια</span> <span class='ocrx_word' id='word_1_162' title='bbox 1262 1647 1320 1704; x_wconf 79' lang='grc' dir='ltr'>τῷ</span> 
     </span>
     <span class='ocr_line' id='line_1_23' title="bbox 79 1710 1320 1774; baseline -0.002 -17"><span class='ocrx_word' id='word_1_163' title='bbox 79 1711 260 1774; x_wconf 87' lang='grc' dir='ltr'>Ἀχιλλεῖ</span> <span class='ocrx_word' id='word_1_164' title='bbox 278 1710 518 1768; x_wconf 83' lang='grc' dir='ltr'>ἀνάκειται,</span> <span class='ocrx_word' id='word_1_165' title='bbox 537 1710 610 1756; x_wconf 80' lang='grc' dir='ltr'>καὶ</span> <span class='ocrx_word' id='word_1_166' title='bbox 639 1710 963 1773; x_wconf 81' lang='grc' dir='ltr'>ἐπιγράμματα,</span> <span class='ocrx_word' id='word_1_167' title='bbox 985 1711 1036 1755; x_wconf 87' lang='grc' dir='ltr'>τὰ</span> <span class='ocrx_word' id='word_1_168' title='bbox 1064 1711 1136 1771; x_wconf 88' lang='grc' dir='ltr'>μὲν</span> <span class='ocrx_word' id='word_1_169' title='bbox 1161 1714 1320 1774; x_wconf 75' lang='grc' dir='ltr'>ῥωμαϊ-</span> 
     </span>
     <span class='ocr_line' id='line_1_24' title="bbox 80 1779 1320 1843; baseline -0.002 -16"><span class='ocrx_word' id='word_1_170' title='bbox 80 1784 181 1837; x_wconf 84' lang='grc' dir='ltr'>κῶς,</span> <span class='ocrx_word' id='word_1_171' title='bbox 208 1780 259 1825; x_wconf 80' lang='grc' dir='ltr'>τὰ</span> <span class='ocrx_word' id='word_1_172' title='bbox 285 1780 325 1825; x_wconf 83' lang='grc' dir='ltr'>δὲ</span> <span class='ocrx_word' id='word_1_173' title='bbox 359 1782 584 1837; x_wconf 83' lang='grc' dir='ltr'>ἑλληνικῶς</span> <span class='ocrx_word' id='word_1_174' title='bbox 614 1780 876 1839; x_wconf 84' lang='grc' dir='ltr'>πεποιημένα</span> <span class='ocrx_word' id='word_1_175' title='bbox 896 1782 937 1825; x_wconf 83' lang='grc' dir='ltr'>ἐν</span> <span class='ocrx_word' id='word_1_176' title='bbox 959 1779 1074 1842; x_wconf 84' lang='grc' dir='ltr'>ἄλλῳ</span> <span class='ocrx_word' id='word_1_177' title='bbox 1104 1780 1174 1825; x_wconf 81' lang='grc' dir='ltr'>καὶ</span> <span class='ocrx_word' id='word_1_178' title='bbox 1207 1780 1320 1843; x_wconf 82' lang='grc' dir='ltr'>ἄλλῳ</span> 
     </span>
     <span class='ocr_line' id='line_1_25' title="bbox 81 1848 770 1912; baseline 0.001 -17"><span class='ocrx_word' id='word_1_179' title='bbox 81 1850 217 1912; x_wconf 84' lang='grc' dir='ltr'>μέτρῳ</span> <span class='ocrx_word' id='word_1_180' title='bbox 232 1884 243 1905; x_wconf 90' lang='grc'>,</span> <span class='ocrx_word' id='word_1_181' title='bbox 267 1849 425 1894; x_wconf 83' lang='grc' dir='ltr'>ἔπαινοι</span> <span class='ocrx_word' id='word_1_182' title='bbox 445 1853 515 1894; x_wconf 74' lang='grc' dir='ltr'>τοῦ</span> <span class='ocrx_word' id='word_1_183' title='bbox 537 1848 770 1909; x_wconf 86' lang='grc' dir='ltr'>Ἀχιλλέως.</span> 
     </span>
    </p>

    <p class='ocr_par' dir='ltr' id='par_1_5' title="bbox 15 1916 1322 2253">
     <span class='ocr_line' id='line_1_26' title="bbox 15 1916 1319 1977; baseline -0.002 -11"><span class='ocrx_word' id='word_1_184' title='bbox 15 1937 59 1967; x_wconf 76' lang='lat'>‘25</span> <span class='ocrx_word' id='word_1_185' title='bbox 145 1934 198 1965; x_wconf 79' lang='grc'>67.</span> <span class='ocrx_word' id='word_1_186' title='bbox 235 1917 337 1964; x_wconf 81' lang='grc' dir='ltr'>Ἀπὸ</span> <span class='ocrx_word' id='word_1_187' title='bbox 375 1916 415 1962; x_wconf 85' lang='grc' dir='ltr'>δὲ</span> <span class='ocrx_word' id='word_1_188' title='bbox 441 1922 510 1963; x_wconf 77' lang='grc' dir='ltr'>τοῦ</span> <span class='ocrx_word' id='word_1_189' title='bbox 544 1919 689 1964; x_wconf 78' lang='grc' dir='ltr'>Ψιλοῦ</span> <span class='ocrx_word' id='word_1_190' title='bbox 719 1916 973 1976; x_wconf 86' lang='grc' dir='ltr'>καλουμένου</span> <span class='ocrx_word' id='word_1_191' title='bbox 1012 1917 1215 1977; x_wconf 89' lang='grc' dir='ltr'>στόματος</span> <span class='ocrx_word' id='word_1_192' title='bbox 1250 1922 1319 1963; x_wconf 79' lang='grc' dir='ltr'>τοῦ</span> 
     </span>
     <span class='ocr_line' id='line_1_27' title="bbox 81 1984 1320 2050; baseline 0 -18"><span class='ocrx_word' id='word_1_193' title='bbox 81 1985 246 2048; x_wconf 85' lang='grc' dir='ltr'>Ἴστρου</span> <span class='ocrx_word' id='word_1_194' title='bbox 271 1988 324 2037; x_wconf 84' lang='grc' dir='ltr'>εἷς</span> <span class='ocrx_word' id='word_1_195' title='bbox 341 1984 448 2050; x_wconf 85' lang='grc' dir='ltr'>[τὸ]</span> <span class='ocrx_word' id='word_1_196' title='bbox 467 1985 654 2048; x_wconf 79' lang='grc' dir='ltr'>δεύτερον</span> <span class='ocrx_word' id='word_1_197' title='bbox 675 1985 841 2046; x_wconf 89' lang='grc' dir='ltr'>στόμιον</span> <span class='ocrx_word' id='word_1_198' title='bbox 868 1985 1026 2031; x_wconf 78' lang='grc' dir='ltr'>στάδιοι</span> <span class='ocrx_word' id='word_1_199' title='bbox 1046 1984 1094 2043; x_wconf 84' lang='grc' dir='ltr'>ξ’,</span> <span class='ocrx_word' id='word_1_200' title='bbox 1122 1986 1240 2046; x_wconf 90' lang='grc' dir='ltr'>μίλια</span> <span class='ocrx_word' id='word_1_201' title='bbox 1263 1987 1320 2042; x_wconf 88' lang='grc' dir='ltr'>η’.</span> 
     </span>
     <span class='ocr_line' id='line_1_28' title="bbox 80 2052 1319 2118; baseline -0.001 -18"><span class='ocrx_word' id='word_1_202' title='bbox 80 2055 178 2101; x_wconf 83' lang='grc' dir='ltr'>Ἀπὸ</span> <span class='ocrx_word' id='word_1_203' title='bbox 211 2056 252 2118; x_wconf 82' lang='grc' dir='ltr'>δὲ</span> <span class='ocrx_word' id='word_1_204' title='bbox 276 2059 345 2100; x_wconf 82' lang='grc' dir='ltr'>τοῦ</span> <span class='ocrx_word' id='word_1_205' title='bbox 371 2054 564 2116; x_wconf 85' lang='grc' dir='ltr'>δευτέρου</span> <span class='ocrx_word' id='word_1_206' title='bbox 602 2052 772 2114; x_wconf 88' lang='grc' dir='ltr'>στομίου</span> <span class='ocrx_word' id='word_1_207' title='bbox 807 2053 875 2100; x_wconf 75' lang='grc' dir='ltr'>ἐπὶ</span> <span class='ocrx_word' id='word_1_208' title='bbox 900 2053 946 2099; x_wconf 90' lang='grc' dir='ltr'>τὸ</span> <span class='ocrx_word' id='word_1_209' title='bbox 983 2053 1126 2099; x_wconf 87' lang='grc' dir='ltr'>Καλὸν</span> <span class='ocrx_word' id='word_1_210' title='bbox 1153 2054 1319 2114; x_wconf 89' lang='grc' dir='ltr'>στόμιον</span> 
     </span>
     <span class='ocr_line' id='line_1_29' title="bbox 80 2122 1320 2185; baseline -0.001 -15"><span class='ocrx_word' id='word_1_211' title='bbox 80 2124 237 2182; x_wconf 83' lang='grc' dir='ltr'>στάδιοι</span> <span class='ocrx_word' id='word_1_212' title='bbox 261 2124 319 2184; x_wconf 82' lang='grc' dir='ltr'>μ’,</span> <span class='ocrx_word' id='word_1_213' title='bbox 344 2123 460 2184; x_wconf 89' lang='grc' dir='ltr'>μίλια</span> <span class='ocrx_word' id='word_1_214' title='bbox 490 2123 536 2180; x_wconf 89' lang='grc' dir='ltr'>ε’,</span> <span class='ocrx_word' id='word_1_215' title='bbox 562 2123 618 2184; x_wconf 84' lang='grc' dir='ltr'>γ’.</span> <span class='ocrx_word' id='word_1_216' title='bbox 690 2123 792 2170; x_wconf 87' lang='grc' dir='ltr'>Ἀπὸ</span> <span class='ocrx_word' id='word_1_217' title='bbox 816 2122 857 2169; x_wconf 82' lang='grc' dir='ltr'>δὲ</span> <span class='ocrx_word' id='word_1_218' title='bbox 891 2127 961 2168; x_wconf 75' lang='grc' dir='ltr'>τοῦ</span> <span class='ocrx_word' id='word_1_219' title='bbox 983 2125 1127 2169; x_wconf 80' lang='grc' dir='ltr'>Καλοῦ</span> <span class='ocrx_word' id='word_1_220' title='bbox 1151 2124 1320 2185; x_wconf 88' lang='grc' dir='ltr'>στομίου</span> 
     </span>
     <span class='ocr_line' id='line_1_30' title="bbox 80 2186 1322 2253; baseline 0 -15"><span class='ocrx_word' id='word_1_221' title='bbox 80 2193 146 2239; x_wconf 76' lang='grc' dir='ltr'>ἐπὶ</span> <span class='ocrx_word' id='word_1_222' title='bbox 166 2193 211 2238; x_wconf 89' lang='grc' dir='ltr'>τὸ</span> <span class='ocrx_word' id='word_1_223' title='bbox 227 2194 424 2253; x_wconf 82' lang='grc' dir='ltr'>Νάρακον</span> <span class='ocrx_word' id='word_1_224' title='bbox 448 2194 459 2253; x_wconf 95' lang='grc'>(</span> <span class='ocrx_word' id='word_1_225' title='bbox 482 2186 561 2237; x_wconf 64' lang='grc' dir='ltr'>ὧδε</span> <span class='ocrx_word' id='word_1_226' title='bbox 583 2192 830 2251; x_wconf 83' lang='grc' dir='ltr'>ὀνομάζουσι</span> <span class='ocrx_word' id='word_1_227' title='bbox 848 2191 1015 2251; x_wconf 84' lang='grc' dir='ltr'>στόμιον</span> <span class='ocrx_word' id='word_1_228' title='bbox 1034 2191 1227 2253; x_wconf 87' lang='grc' dir='ltr'>τέταρτον</span> <span class='ocrx_word' id='word_1_229' title='bbox 1251 2196 1322 2238; x_wconf 66' lang='grc' dir='ltr'>τοῦ</span> 
     </span>
    </p>

    <p class='ocr_par' dir='ltr' id='par_1_6' title="bbox 18 2258 1322 2600">
     <span class='ocr_line' id='line_1_31' title="bbox 18 2258 1320 2324; baseline -0.002 -15"><span class='ocrx_word' id='word_1_230' title='bbox 18 2280 59 2310; x_wconf 86' lang='grc' dir='ltr'>3ο</span> <span class='ocrx_word' id='word_1_231' title='bbox 80 2260 267 2324; x_wconf 86' lang='grc' dir='ltr'>Ἴστρου)</span> <span class='ocrx_word' id='word_1_232' title='bbox 304 2262 461 2306; x_wconf 86' lang='grc' dir='ltr'>στάδιοι</span> <span class='ocrx_word' id='word_1_233' title='bbox 495 2261 549 2316; x_wconf 82' lang='grc' dir='ltr'>ξ’,</span> <span class='ocrx_word' id='word_1_234' title='bbox 584 2261 701 2319; x_wconf 88' lang='grc' dir='ltr'>μίλια</span> <span class='ocrx_word' id='word_1_235' title='bbox 725 2260 779 2316; x_wconf 88' lang='grc' dir='ltr'>η’.</span> <span class='ocrx_word' id='word_1_236' title='bbox 847 2260 946 2307; x_wconf 86' lang='grc' dir='ltr'>Ἀπὸ</span> <span class='ocrx_word' id='word_1_237' title='bbox 972 2258 1013 2304; x_wconf 82' lang='grc' dir='ltr'>δὲ</span> <span class='ocrx_word' id='word_1_238' title='bbox 1032 2265 1101 2306; x_wconf 81' lang='grc' dir='ltr'>τοῦ</span> <span class='ocrx_word' id='word_1_239' title='bbox 1124 2261 1320 2323; x_wconf 82' lang='grc' dir='ltr'>Ναράκου</span> 
     </span>
     <span class='ocr_line' id='line_1_32' title="bbox 83 2327 1319 2392; baseline -0.002 -16"><span class='ocrx_word' id='word_1_240' title='bbox 83 2330 151 2376; x_wconf 78' lang='grc' dir='ltr'>ἐπὶ</span> <span class='ocrx_word' id='word_1_241' title='bbox 166 2331 184 2391; x_wconf 88' lang='grc'>[</span> <span class='ocrx_word' id='word_1_242' title='bbox 199 2331 245 2375; x_wconf 88' lang='grc' dir='ltr'>τὸ</span> <span class='ocrx_word' id='word_1_243' title='bbox 262 2331 278 2391; x_wconf 89' lang='grc'>]</span> <span class='ocrx_word' id='word_1_244' title='bbox 295 2330 420 2392; x_wconf 85' lang='grc' dir='ltr'>Ἱερὸν</span> <span class='ocrx_word' id='word_1_245' title='bbox 438 2330 656 2389; x_wconf 86' lang='grc' dir='ltr'>λεγόμενον</span> <span class='ocrx_word' id='word_1_246' title='bbox 677 2329 843 2389; x_wconf 89' lang='grc' dir='ltr'>στόμιον</span> <span class='ocrx_word' id='word_1_247' title='bbox 861 2329 1050 2388; x_wconf 89' lang='grc' dir='ltr'>πέμπτον</span> <span class='ocrx_word' id='word_1_248' title='bbox 1067 2334 1139 2374; x_wconf 79' lang='grc' dir='ltr'>τοῦ</span> <span class='ocrx_word' id='word_1_249' title='bbox 1155 2327 1319 2391; x_wconf 84' lang='grc' dir='ltr'>Ἴστρου</span> 
     </span>
     <span class='ocr_line' id='line_1_33' title="bbox 82 2396 1322 2461; baseline -0.002 -17"><span class='ocrx_word' id='word_1_250' title='bbox 82 2399 240 2444; x_wconf 88' lang='grc' dir='ltr'>στάδιοι</span> <span class='ocrx_word' id='word_1_251' title='bbox 266 2398 344 2460; x_wconf 86' lang='grc' dir='ltr'>ρκ’,</span> <span class='ocrx_word' id='word_1_252' title='bbox 374 2397 490 2458; x_wconf 89' lang='grc' dir='ltr'>μίλια</span> <span class='ocrx_word' id='word_1_253' title='bbox 531 2398 604 2449; x_wconf 78' lang='grc' dir='ltr'>ις’.</span> <span class='ocrx_word' id='word_1_254' title='bbox 673 2398 894 2444; x_wconf 76' lang='grc' dir='ltr'>Ἐντεῦθεν</span> <span class='ocrx_word' id='word_1_255' title='bbox 917 2397 968 2442; x_wconf 82' lang='grc' dir='ltr'>τὰ</span> <span class='ocrx_word' id='word_1_256' title='bbox 1009 2396 1115 2459; x_wconf 90' lang='grc' dir='ltr'>μέρη</span> <span class='ocrx_word' id='word_1_257' title='bbox 1154 2397 1322 2461; x_wconf 81' lang='grc' dir='ltr'>Θρᾴκης</span> 
     </span>
     <span class='ocr_line' id='line_1_34' title="bbox 84 2464 1322 2528; baseline -0.002 -15"><span class='ocrx_word' id='word_1_258' title='bbox 84 2472 158 2524; x_wconf 70' lang='grc' dir='ltr'>τῆς</span> <span class='ocrx_word' id='word_1_259' title='bbox 178 2470 233 2519; x_wconf 85' lang='grc' dir='ltr'>εἷς</span> <span class='ocrx_word' id='word_1_260' title='bbox 252 2469 318 2513; x_wconf 90' lang='grc' dir='ltr'>τὸν</span> <span class='ocrx_word' id='word_1_261' title='bbox 342 2468 499 2514; x_wconf 90' lang='grc' dir='ltr'>Πόντον</span> <span class='ocrx_word' id='word_1_262' title='bbox 515 2467 773 2523; x_wconf 91' lang='grc' dir='ltr'>καθηκούσης</span> <span class='ocrx_word' id='word_1_263' title='bbox 796 2468 1028 2528; x_wconf 86' lang='grc' dir='ltr'>ἐκδέχεται,</span> <span class='ocrx_word' id='word_1_264' title='bbox 1053 2467 1122 2512; x_wconf 76' lang='grc' dir='ltr'>καὶ</span> <span class='ocrx_word' id='word_1_265' title='bbox 1138 2464 1223 2528; x_wconf 76' lang='grc' dir='ltr'>ὅροι</span> <span class='ocrx_word' id='word_1_266' title='bbox 1242 2470 1322 2511; x_wconf 85' lang='grc' dir='ltr'>τῶν</span> 
     </span>
     <span class='ocr_line' id='line_1_35' title="bbox 81 2535 1319 2600; baseline 0 -17"><span class='ocrx_word' id='word_1_267' title='bbox 81 2539 275 2600; x_wconf 73' lang='grc' dir='ltr'>Θρακῶν.</span> <span class='ocrx_word' id='word_1_268' title='bbox 341 2537 407 2583; x_wconf 87' lang='grc' dir='ltr'>Τὰ</span> <span class='ocrx_word' id='word_1_269' title='bbox 431 2536 472 2582; x_wconf 86' lang='grc' dir='ltr'>δὲ</span> <span class='ocrx_word' id='word_1_270' title='bbox 496 2536 675 2599; x_wconf 88' lang='grc' dir='ltr'>πρότερα</span> <span class='ocrx_word' id='word_1_271' title='bbox 695 2537 832 2582; x_wconf 87' lang='grc' dir='ltr'>πάντα</span> <span class='ocrx_word' id='word_1_272' title='bbox 858 2535 1049 2599; x_wconf 77' lang='grc' dir='ltr'>βάρὸαρά</span> <span class='ocrx_word' id='word_1_273' title='bbox 1074 2539 1181 2581; x_wconf 80' lang='grc' dir='ltr'>ἐστιν</span> <span class='ocrx_word' id='word_1_274' title='bbox 1207 2535 1319 2593; x_wconf 79' lang='grc' dir='ltr'>ἔθνη.</span> 
     </span>
    </p>

    <p class='ocr_par' dir='ltr' id='par_1_7' title="bbox 18 2599 1323 2945">
     <span class='ocr_line' id='line_1_36' title="bbox 18 2599 1318 2667; baseline -0.003 -12"><span class='ocrx_word' id='word_1_275' title='bbox 18 2625 58 2656; x_wconf 81' lang='lat'>85</span> <span class='ocrx_word' id='word_1_276' title='bbox 143 2624 197 2654; x_wconf 84' lang='lat'><strong>68.</strong></span> <span class='ocrx_word' id='word_1_277' title='bbox 234 2599 362 2658; x_wconf 69' lang='grc' dir='ltr'>Οῧτος</span> <span class='ocrx_word' id='word_1_278' title='bbox 391 2610 411 2652; x_wconf 84' lang='grc' dir='ltr'>ὃ</span> <span class='ocrx_word' id='word_1_279' title='bbox 438 2605 598 2667; x_wconf 86' lang='grc' dir='ltr'>Ἴστρος</span> <span class='ocrx_word' id='word_1_280' title='bbox 620 2606 805 2666; x_wconf 88' lang='grc' dir='ltr'>ποταμὸς</span> <span class='ocrx_word' id='word_1_281' title='bbox 827 2610 847 2652; x_wconf 85' lang='grc' dir='ltr'><em>ὃ</em></span> <span class='ocrx_word' id='word_1_282' title='bbox 878 2606 949 2651; x_wconf 76' lang='grc' dir='ltr'>καὶ</span> <span class='ocrx_word' id='word_1_283' title='bbox 975 2606 1177 2658; x_wconf 72' lang='grc' dir='ltr'>Δανοῦὸις</span> <span class='ocrx_word' id='word_1_284' title='bbox 1199 2607 1318 2667; x_wconf 92' lang='grc' dir='ltr'>λεγό-</span> 
     </span>
     <span class='ocr_line' id='line_1_37' title="bbox 83 2673 1323 2736; baseline 0 -17"><span class='ocrx_word' id='word_1_285' title='bbox 83 2692 201 2734; x_wconf 87' lang='grc' dir='ltr'>μενος</span> <span class='ocrx_word' id='word_1_286' title='bbox 223 2674 470 2736; x_wconf 88' lang='grc' dir='ltr'>κατέρχεται</span> <span class='ocrx_word' id='word_1_287' title='bbox 494 2674 576 2719; x_wconf 86' lang='grc' dir='ltr'>ἀπὸ</span> <span class='ocrx_word' id='word_1_288' title='bbox 593 2677 674 2719; x_wconf 80' lang='grc' dir='ltr'>τῶν</span> <span class='ocrx_word' id='word_1_289' title='bbox 699 2674 899 2736; x_wconf 79' lang='grc' dir='ltr'>ἑσπερίων</span> <span class='ocrx_word' id='word_1_290' title='bbox 919 2674 1057 2720; x_wconf 85' lang='grc' dir='ltr'>τόπων</span> <span class='ocrx_word' id='word_1_291' title='bbox 1072 2710 1083 2731; x_wconf 97' lang='grc'>,</span> <span class='ocrx_word' id='word_1_292' title='bbox 1106 2673 1180 2730; x_wconf 84' lang='grc' dir='ltr'>τὴν</span> <span class='ocrx_word' id='word_1_293' title='bbox 1205 2674 1323 2720; x_wconf 73' lang='grc' dir='ltr'>ε’κὸο-</span> 
     </span>
     <span class='ocr_line' id='line_1_38' title="bbox 79 2742 1318 2806; baseline 0.001 -18"><span class='ocrx_word' id='word_1_294' title='bbox 79 2742 154 2798; x_wconf 80' lang='grc' dir='ltr'>λὴν</span> <span class='ocrx_word' id='word_1_295' title='bbox 172 2742 291 2788; x_wconf 85' lang='grc' dir='ltr'>πέντε</span> <span class='ocrx_word' id='word_1_296' title='bbox 315 2742 492 2802; x_wconf 88' lang='grc' dir='ltr'>στόμασι</span> <span class='ocrx_word' id='word_1_297' title='bbox 522 2743 775 2804; x_wconf 89' lang='grc' dir='ltr'>ποιούμενος·</span> <span class='ocrx_word' id='word_1_298' title='bbox 796 2742 887 2788; x_wconf 74' lang='grc' dir='ltr'>δυσὶ</span> <span class='ocrx_word' id='word_1_299' title='bbox 907 2743 948 2788; x_wconf 83' lang='grc' dir='ltr'>δὲ</span> <span class='ocrx_word' id='word_1_300' title='bbox 968 2744 1106 2806; x_wconf 86' lang='grc' dir='ltr'>πόροις</span> <span class='ocrx_word' id='word_1_301' title='bbox 1126 2744 1318 2806; x_wconf 86' lang='grc' dir='ltr'>σχιζόμε-</span> 
     </span>
     <span class='ocr_line' id='line_1_39' title="bbox 83 2811 1320 2876; baseline 0.001 -20"><span class='ocrx_word' id='word_1_302' title='bbox 83 2829 145 2863; x_wconf 90' lang='grc' dir='ltr'>νος</span> <span class='ocrx_word' id='word_1_303' title='bbox 186 2811 255 2856; x_wconf 75' lang='grc' dir='ltr'>καὶ</span> <span class='ocrx_word' id='word_1_304' title='bbox 294 2815 349 2864; x_wconf 88' lang='grc' dir='ltr'>εἷς</span> <span class='ocrx_word' id='word_1_305' title='bbox 385 2813 452 2857; x_wconf 85' lang='grc' dir='ltr'>τὸν</span> <span class='ocrx_word' id='word_1_306' title='bbox 488 2812 648 2875; x_wconf 86' lang='grc' dir='ltr'>Ἀδρίαν</span> <span class='ocrx_word' id='word_1_307' title='bbox 696 2814 768 2876; x_wconf 75' lang='grc' dir='ltr'>ῥεῖ.</span> <span class='ocrx_word' id='word_1_308' title='bbox 837 2812 1000 2873; x_wconf 85' lang='grc' dir='ltr'>Ἀμέλει</span> <span class='ocrx_word' id='word_1_309' title='bbox 1040 2813 1081 2857; x_wconf 82' lang='grc' dir='ltr'>δὲ</span> <span class='ocrx_word' id='word_1_310' title='bbox 1116 2813 1213 2875; x_wconf 84' lang='grc' dir='ltr'>ἄχρι</span> <span class='ocrx_word' id='word_1_311' title='bbox 1249 2816 1320 2868; x_wconf 79' lang='grc' dir='ltr'>τῆς</span> 
     </span>
     <span class='ocr_line' id='line_1_40' title="bbox 85 2881 1318 2945; baseline 0.001 -19"><span class='ocrx_word' id='word_1_312' title='bbox 85 2882 286 2936; x_wconf 71' lang='grc' dir='ltr'>Κελτικῆς</span> <span class='ocrx_word' id='word_1_313' title='bbox 308 2881 551 2942; x_wconf 85' lang='grc' dir='ltr'>γινώσκεται</span> <span class='ocrx_word' id='word_1_314' title='bbox 574 2882 645 2927; x_wconf 81' lang='grc' dir='ltr'>καὶ</span> <span class='ocrx_word' id='word_1_315' title='bbox 664 2885 722 2944; x_wconf 82' lang='grc' dir='ltr'>τῷ</span> <span class='ocrx_word' id='word_1_316' title='bbox 746 2881 852 2945; x_wconf 88' lang='grc' dir='ltr'>θέρει</span> <span class='ocrx_word' id='word_1_317' title='bbox 869 2882 937 2927; x_wconf 88' lang='grc' dir='ltr'>τὸν</span> <span class='ocrx_word' id='word_1_318' title='bbox 961 2881 1096 2927; x_wconf 87' lang='grc' dir='ltr'>πάντα</span> <span class='ocrx_word' id='word_1_319' title='bbox 1117 2882 1318 2942; x_wconf 85' lang='grc' dir='ltr'>διαμένων</span> 
     </span>
    </p>

    <p class='ocr_par' dir='ltr' id='par_1_8' title="bbox 19 2950 1319 3151">
     <span class='ocr_line' id='line_1_41' title="bbox 19 2950 1319 3014; baseline 0.002 -19"><span class='ocrx_word' id='word_1_320' title='bbox 19 2970 62 3000; x_wconf 71' lang='lat'>40</span> <span class='ocrx_word' id='word_1_321' title='bbox 81 2950 238 3012; x_wconf 89' lang='grc' dir='ltr'>χρόνον·</span> <span class='ocrx_word' id='word_1_322' title='bbox 262 2954 437 3013; x_wconf 84' lang='grc' dir='ltr'>χειμῶνι</span> <span class='ocrx_word' id='word_1_323' title='bbox 466 2951 538 3011; x_wconf 84' lang='grc' dir='ltr'>μὲν</span> <span class='ocrx_word' id='word_1_324' title='bbox 563 2951 642 3014; x_wconf 82' lang='grc' dir='ltr'>γὰρ</span> <span class='ocrx_word' id='word_1_325' title='bbox 665 2951 829 3005; x_wconf 82' lang='grc' dir='ltr'>αὔξεται</span> <span class='ocrx_word' id='word_1_326' title='bbox 852 2952 1133 3014; x_wconf 89' lang='grc' dir='ltr'>πληρούμενος</span> <span class='ocrx_word' id='word_1_327' title='bbox 1154 2959 1237 3005; x_wconf 87' lang='grc' dir='ltr'>τοῖς</span> <span class='ocrx_word' id='word_1_328' title='bbox 1258 2971 1319 3013; x_wconf 81' lang='grc' dir='ltr'>γι-</span> 
     </span>
     <span class='ocr_line' id='line_1_42' title="bbox 82 3019 1319 3085; baseline 0.002 -21"><span class='ocrx_word' id='word_1_329' title='bbox 82 3020 263 3080; x_wconf 85' lang='grc' dir='ltr'>νομένοις</span> <span class='ocrx_word' id='word_1_330' title='bbox 297 3019 489 3082; x_wconf 76' lang='grc' dir='ltr'>ὄμὸροισι</span> <span class='ocrx_word' id='word_1_331' title='bbox 523 3021 593 3065; x_wconf 83' lang='grc' dir='ltr'>καὶ</span> <span class='ocrx_word' id='word_1_332' title='bbox 629 3020 712 3066; x_wconf 88' lang='grc' dir='ltr'>ἀπὸ</span> <span class='ocrx_word' id='word_1_333' title='bbox 732 3024 804 3076; x_wconf 77' lang='grc' dir='ltr'>τῆς</span> <span class='ocrx_word' id='word_1_334' title='bbox 825 3022 984 3083; x_wconf 90' lang='grc' dir='ltr'>χιόνος,</span> <span class='ocrx_word' id='word_1_335' title='bbox 1011 3020 1064 3073; x_wconf 80' lang='grc' dir='ltr'>ὥς</span> <span class='ocrx_word' id='word_1_336' title='bbox 1086 3040 1214 3085; x_wconf 81' lang='grc' dir='ltr'>φασι,</span> <span class='ocrx_word' id='word_1_337' title='bbox 1246 3020 1319 3073; x_wconf 87' lang='grc' dir='ltr'>τὰς</span> 
     </span>
     <span class='ocr_line' id='line_1_43' title="bbox 83 3088 1315 3151; baseline 0.002 -18"><span class='ocrx_word' id='word_1_338' title='bbox 83 3088 309 3151; x_wconf 83' lang='grc' dir='ltr'>ἐπιρρύσεις</span> <span class='ocrx_word' id='word_1_339' title='bbox 337 3092 417 3134; x_wconf 82' lang='grc' dir='ltr'>τῶν</span> <span class='ocrx_word' id='word_1_340' title='bbox 459 3108 501 3134; x_wconf 91' lang='grc' dir='ltr'>τε</span> <span class='ocrx_word' id='word_1_341' title='bbox 535 3090 773 3148; x_wconf 87' lang='grc' dir='ltr'>τηκομένων</span> <span class='ocrx_word' id='word_1_342' title='bbox 798 3090 1025 3149; x_wconf 72' lang='grc' dir='ltr'>λαμὸάνων</span> <span class='ocrx_word' id='word_1_343' title='bbox 1055 3091 1117 3135; x_wconf 80' lang='grc' dir='ltr'>ἀεὶ</span> <span class='ocrx_word' id='word_1_344' title='bbox 1148 3090 1315 3151; x_wconf 85' lang='grc' dir='ltr'>πάγων,</span> 
     </span>
    </p>
   </div>
   <div class='ocr_carea' id='block_1_3' title="bbox 1195 3157 1319 3220">
    <p class='ocr_par' dir='ltr' id='par_1_9' title="bbox 1195 3157 1319 3220">
     <span class='ocr_line' id='line_1_44' title="bbox 1195 3157 1319 3220; baseline -0.008 -16"><span class='ocrx_word' id='word_1_345' title='bbox 1195 3157 1319 3220; x_wconf 87' lang='grc' dir='ltr'>Ἔχει</span> 
     </span>
    </p>
   </div>
   <div class='ocr_carea' id='block_1_4' title="bbox 85 3158 1126 3222">
    <p class='ocr_par' dir='ltr' id='par_1_10' title="bbox 85 3158 1126 3222">
     <span class='ocr_line' id='line_1_45' title="bbox 85 3158 1126 3222; baseline 0.007 -22"><span class='ocrx_word' id='word_1_346' title='bbox 85 3158 124 3200; x_wconf 79' lang='grc' dir='ltr'>ἐν</span> <span class='ocrx_word' id='word_1_347' title='bbox 147 3158 187 3201; x_wconf 84' lang='grc' dir='ltr'>δὲ</span> <span class='ocrx_word' id='word_1_348' title='bbox 204 3161 260 3219; x_wconf 82' lang='grc' dir='ltr'>τῷ</span> <span class='ocrx_word' id='word_1_349' title='bbox 274 3158 379 3220; x_wconf 87' lang='grc' dir='ltr'>θέρει</span> <span class='ocrx_word' id='word_1_350' title='bbox 399 3158 445 3203; x_wconf 87' lang='grc' dir='ltr'>τὸ</span> <span class='ocrx_word' id='word_1_351' title='bbox 461 3162 612 3222; x_wconf 76' lang='grc' dir='ltr'>ῥεῖθρον</span> <span class='ocrx_word' id='word_1_352' title='bbox 635 3159 785 3215; x_wconf 76' lang='grc' dir='ltr'>ἐξίησιν</span> <span class='ocrx_word' id='word_1_353' title='bbox 805 3159 1001 3211; x_wconf 81' lang='grc' dir='ltr'>ὡσαύτως</span> <span class='ocrx_word' id='word_1_354' title='bbox 1022 3158 1126 3207; x_wconf 84' lang='grc' dir='ltr'>ἴσον.</span> 
     </span>
    </p>
   </div>
   <div class='ocr_carea' id='block_1_5' title="bbox 97 3270 252 3276">
    <p class='ocr_par' dir='ltr' id='par_1_11' title="bbox 97 3270 252 3276">
     <span class='ocr_line' id='line_1_46' title="bbox 97 3270 252 3276; baseline 0 0"><span class='ocrx_word' id='word_1_355' title='bbox 97 3270 252 3276; x_wconf 95' lang='lat' dir='ltr'> </span> 
     </span>
    </p>
   </div>
   <div class='ocr_carea' id='block_1_6' title="bbox 338 3275 498 3278">
    <p class='ocr_par' dir='ltr' id='par_1_12' title="bbox 338 3275 498 3278">
     <span class='ocr_line' id='line_1_47' title="bbox 338 3275 498 3278; baseline 0 0"><span class='ocrx_word' id='word_1_356' title='bbox 338 3275 498 3278; x_wconf 95' lang='lat' dir='ltr'> </span> 
     </span>
    </p>
   </div>
   <div class='ocr_carea' id='block_1_7' title="bbox 67 3319 1321 4059">
    <p class='ocr_par' dir='ltr' id='par_1_13' title="bbox 67 3319 1321 3810">
     <span class='ocr_line' id='line_1_48' title="bbox 84 3319 1320 3381; baseline 0.005 -21"><span class='ocrx_word' id='word_1_357' title='bbox 84 3319 283 3375; x_wconf 87' lang='lat' dir='ltr'>cujusque</span> <span class='ocrx_word' id='word_1_358' title='bbox 312 3323 553 3367; x_wconf 69' lang='lat' dir='ltr'>Ptolemaeus</span> <span class='ocrx_word' id='word_1_359' title='bbox 578 3339 744 3381; x_wconf 91' lang='lat' dir='ltr'>quoque</span> <span class='ocrx_word' id='word_1_360' title='bbox 767 3328 969 3367; x_wconf 85' lang='lat' dir='ltr'>meminit.</span> <span class='ocrx_word' id='word_1_361' title='bbox 993 3327 1121 3368; x_wconf 83' lang='lat' dir='ltr'>Aliter</span> <span class='ocrx_word' id='word_1_362' title='bbox 1150 3326 1201 3366; x_wconf 91' lang='lat' dir='ltr'>de</span> <span class='ocrx_word' id='word_1_363' title='bbox 1239 3327 1320 3366; x_wconf 90' lang='lat' dir='ltr'>situ</span> 
     </span>
     <span class='ocr_line' id='line_1_49' title="bbox 67 3383 1320 3430; baseline 0.006 -9"><span class='ocrx_word' id='word_1_364' title='bbox 67 3383 237 3427; x_wconf 63' lang='lat' dir='ltr'>,horum</span> <span class='ocrx_word' id='word_1_365' title='bbox 256 3383 440 3425; x_wconf 90' lang='lat' dir='ltr'>locorum</span> <span class='ocrx_word' id='word_1_366' title='bbox 457 3387 721 3428; x_wconf 87' lang='lat' dir='ltr'>statuendum</span> <span class='ocrx_word' id='word_1_367' title='bbox 737 3388 843 3429; x_wconf 86' lang='lat' dir='ltr'>foret</span> <span class='ocrx_word' id='word_1_368' title='bbox 859 3403 911 3429; x_wconf 81' lang='lat' dir='ltr'>ex</span> <span class='ocrx_word' id='word_1_369' title='bbox 926 3390 1130 3429; x_wconf 82' lang='lat' dir='ltr'>mensuris</span> <span class='ocrx_word' id='word_1_370' title='bbox 1144 3390 1320 3430; x_wconf 87' lang='lat' dir='ltr'>Artemi-</span> 
     </span>
     <span class='ocr_line' id='line_1_50' title="bbox 85 3445 1319 3506; baseline 0.007 -22"><span class='ocrx_word' id='word_1_371' title='bbox 85 3445 194 3495; x_wconf 84' lang='lat' dir='ltr'>dori,</span> <span class='ocrx_word' id='word_1_372' title='bbox 213 3460 313 3499; x_wconf 88' lang='lat' dir='ltr'>quas</span> <span class='ocrx_word' id='word_1_373' title='bbox 331 3447 551 3502; x_wconf 89' lang='lat' dir='ltr'>Menippus</span> <span class='ocrx_word' id='word_1_374' title='bbox 573 3449 736 3490; x_wconf 86' lang='lat' dir='ltr'>videtur</span> <span class='ocrx_word' id='word_1_375' title='bbox 761 3452 1000 3492; x_wconf 81' lang='lat' dir='ltr'>correxisse.</span> <span class='ocrx_word' id='word_1_376' title='bbox 1022 3451 1079 3491; x_wconf 85' lang='grc' dir='ltr'>Τὰ</span> <span class='ocrx_word' id='word_1_377' title='bbox 1106 3451 1319 3506; x_wconf 75' lang='grc' dir='ltr'>Ἀντιφίλου</span> 
     </span>
     <span class='ocr_line' id='line_1_51' title="bbox 85 3506 1320 3559; baseline 0.007 -14"><span class='ocrx_word' id='word_1_378' title='bbox 85 3506 251 3546; x_wconf 84' lang='lat' dir='ltr'>aliunde</span> <span class='ocrx_word' id='word_1_379' title='bbox 287 3521 373 3547; x_wconf 91' lang='lat' dir='ltr'>non</span> <span class='ocrx_word' id='word_1_380' title='bbox 415 3516 533 3559; x_wconf 89' lang='lat' dir='ltr'>nota;</span> <span class='ocrx_word' id='word_1_381' title='bbox 559 3510 799 3551; x_wconf 86' lang='lat' dir='ltr'>Ptolemaeus</span> <span class='ocrx_word' id='word_1_382' title='bbox 838 3512 880 3551; x_wconf 91' lang='lat' dir='ltr'>in</span> <span class='ocrx_word' id='word_1_383' title='bbox 920 3512 1000 3552; x_wconf 93' lang='lat' dir='ltr'>hoc</span> <span class='ocrx_word' id='word_1_384' title='bbox 1033 3521 1165 3553; x_wconf 83' lang='lat' dir='ltr'>tractu</span> <span class='ocrx_word' id='word_1_385' title='bbox 1196 3513 1320 3554; x_wconf 87' lang='lat' dir='ltr'>habet</span> 
     </span>
     <span class='ocr_line' id='line_1_52' title="bbox 87 3568 1320 3629; baseline 0.007 -22"><span class='ocrx_word' id='word_1_386' title='bbox 87 3568 254 3623; x_wconf 76' lang='lat' dir='ltr'>Har-pin</span> <span class='ocrx_word' id='word_1_387' title='bbox 291 3568 442 3610; x_wconf 86' lang='lat' dir='ltr'>locum.</span> <span class='ocrx_word' id='word_1_388' title='bbox 475 3571 567 3624; x_wconf 75' lang='grc'>11-</span> <span class='ocrx_word' id='word_1_389' title='bbox 597 3585 633 3611; x_wconf 89' lang='lat'><strong>1.</strong></span> <span class='ocrx_word' id='word_1_390' title='bbox 659 3570 792 3612; x_wconf 73' lang='grc' dir='ltr'>οῧτοι</span> <span class='ocrx_word' id='word_1_391' title='bbox 821 3572 1032 3628; x_wconf 82' lang='grc' dir='ltr'>Θρᾷκες]</span> <span class='ocrx_word' id='word_1_392' title='bbox 1068 3576 1320 3629; x_wconf 80' lang='lat' dir='ltr'>Expectabas</span> 
     </span>
     <span class='ocr_line' id='line_1_53' title="bbox 87 3629 1321 3688; baseline 0.006 -19"><span class='ocrx_word' id='word_1_393' title='bbox 87 3629 251 3670; x_wconf 78' lang='grc' dir='ltr'>ἐνταῦθα</span> <span class='ocrx_word' id='word_1_394' title='bbox 281 3630 342 3670; x_wconf 87' lang='lat' dir='ltr'>vel</span> <span class='ocrx_word' id='word_1_395' title='bbox 362 3630 548 3672; x_wconf 80' lang='grc' dir='ltr'>ἐντεῦθεν.</span> <span class='ocrx_word' id='word_1_396' title='bbox 585 3634 727 3673; x_wconf 85' lang='lat' dir='ltr'>Oratio</span> <span class='ocrx_word' id='word_1_397' title='bbox 750 3634 922 3688; x_wconf 85' lang='lat' dir='ltr'>abrupta</span> <span class='ocrx_word' id='word_1_398' title='bbox 950 3637 1084 3688; x_wconf 82' lang='lat' dir='ltr'>arguit</span> <span class='ocrx_word' id='word_1_399' title='bbox 1105 3638 1321 3677; x_wconf 81' lang='lat' dir='ltr'>centonem</span> 
     </span>
     <span class='ocr_line' id='line_1_54' title="bbox 88 3691 1321 3753; baseline 0.005 -20"><span class='ocrx_word' id='word_1_400' title='bbox 88 3691 342 3733; x_wconf 83' lang='lat' dir='ltr'>Artemidori</span> <span class='ocrx_word' id='word_1_401' title='bbox 368 3693 445 3743; x_wconf 86' lang='lat' dir='ltr'>vel,</span> <span class='ocrx_word' id='word_1_402' title='bbox 467 3702 513 3734; x_wconf 93' lang='lat' dir='ltr'>ut</span> <span class='ocrx_word' id='word_1_403' title='bbox 536 3695 743 3735; x_wconf 90' lang='lat' dir='ltr'>nonnullis</span> <span class='ocrx_word' id='word_1_404' title='bbox 764 3696 930 3750; x_wconf 83' lang='lat' dir='ltr'>placuit,</span> <span class='ocrx_word' id='word_1_405' title='bbox 952 3698 1204 3751; x_wconf 84' lang='lat' dir='ltr'>periegeseos</span> <span class='ocrx_word' id='word_1_406' title='bbox 1222 3713 1321 3753; x_wconf 90' lang='lat' dir='ltr'>poe-</span> 
     </span>
     <span class='ocr_line' id='line_1_55' title="bbox 88 3753 668 3810; baseline 0.003 -16"><span class='ocrx_word' id='word_1_407' title='bbox 88 3755 177 3794; x_wconf 87' lang='lat' dir='ltr'>ticae</span> <span class='ocrx_word' id='word_1_408' title='bbox 200 3755 216 3807; x_wconf 93' lang='lat'>(</span> <span class='ocrx_word' id='word_1_409' title='bbox 233 3753 349 3808; x_wconf 85' lang='lat' dir='ltr'>cujus</span> <span class='ocrx_word' id='word_1_410' title='bbox 367 3754 452 3796; x_wconf 90' lang='lat' dir='ltr'>vid.</span> <span class='ocrx_word' id='word_1_411' title='bbox 473 3769 512 3796; x_wconf 88' lang='lat' dir='ltr'><strong>v.</strong></span> <span class='ocrx_word' id='word_1_412' title='bbox 539 3771 618 3810; x_wconf 88' lang='lat'>797</span> <span class='ocrx_word' id='word_1_413' title='bbox 636 3758 668 3810; x_wconf 88' lang='lat'><strong>).</strong></span> 
     </span>
    </p>

    <p class='ocr_par' dir='ltr' id='par_1_14' title="bbox 90 3817 1316 3935">
     <span class='ocr_line' id='line_1_56' title="bbox 146 3817 1316 3875; baseline 0.003 -15"><span class='ocrx_word' id='word_1_414' title='bbox 146 3820 168 3869; x_wconf 77' lang='lat' dir='ltr'>S</span> <span class='ocrx_word' id='word_1_415' title='bbox 191 3821 260 3867; x_wconf 84' lang='grc'>64,</span> <span class='ocrx_word' id='word_1_416' title='bbox 285 3817 311 3858; x_wconf 88' lang='lat' dir='ltr'>l.</span> <span class='ocrx_word' id='word_1_417' title='bbox 332 3821 371 3866; x_wconf 92' lang='grc'>4.</span> <span class='ocrx_word' id='word_1_418' title='bbox 392 3817 720 3873; x_wconf 81' lang='grc' dir='ltr'>ἀπαρκτιανιωστὸ</span> <span class='ocrx_word' id='word_1_419' title='bbox 741 3820 908 3875; x_wconf 82' lang='grc' dir='ltr'>πέλαγος</span> <span class='ocrx_word' id='word_1_420' title='bbox 923 3820 1051 3862; x_wconf 81' lang='lat' dir='ltr'>codex</span> <span class='ocrx_word' id='word_1_421' title='bbox 1063 3838 1075 3873; x_wconf 69' lang='grc' dir='ltr'>ς</span> <span class='ocrx_word' id='word_1_422' title='bbox 1100 3837 1180 3864; x_wconf 89' lang='lat' dir='ltr'>em.</span> <span class='ocrx_word' id='word_1_423' title='bbox 1195 3825 1316 3865; x_wconf 84' lang='lat' dir='ltr'>Voss.</span> 
     </span>
     <span class='ocr_line' id='line_1_57' title="bbox 90 3876 925 3935; baseline 0.005 -17"><span class='ocrx_word' id='word_1_424' title='bbox 90 3876 155 3918; x_wconf 91' lang='lat' dir='ltr'>Cf.</span> <span class='ocrx_word' id='word_1_425' title='bbox 180 3886 267 3918; x_wconf 89' lang='lat' dir='ltr'>not.</span> <span class='ocrx_word' id='word_1_426' title='bbox 293 3877 344 3919; x_wconf 86' lang='lat' dir='ltr'>ad</span> <span class='ocrx_word' id='word_1_427' title='bbox 368 3880 533 3920; x_wconf 88' lang='lat' dir='ltr'>Arrian.</span> <span class='ocrx_word' id='word_1_428' title='bbox 556 3881 693 3935; x_wconf 87' lang='lat' dir='ltr'>Perip.</span> <span class='ocrx_word' id='word_1_429' title='bbox 718 3884 740 3933; x_wconf 83' lang='lat'>§</span> <span class='ocrx_word' id='word_1_430' title='bbox 761 3882 812 3921; x_wconf 84' lang='lat'>32</span> <span class='ocrx_word' id='word_1_431' title='bbox 835 3882 925 3923; x_wconf 90' lang='lat' dir='ltr'>init.</span> 
     </span>
    </p>

    <p class='ocr_par' dir='ltr' id='par_1_15' title="bbox 89 3939 1319 4059">
     <span class='ocr_line' id='line_1_58' title="bbox 146 3939 1319 3997; baseline 0.006 -15"><span class='ocrx_word' id='word_1_432' title='bbox 146 3942 168 3992; x_wconf 76' lang='lat' dir='ltr'>S</span> <span class='ocrx_word' id='word_1_433' title='bbox 207 3944 276 3989; x_wconf 83' lang='lat'>65,</span> <span class='ocrx_word' id='word_1_434' title='bbox 298 3941 325 3981; x_wconf 93' lang='lat' dir='ltr'>l.</span> <span class='ocrx_word' id='word_1_435' title='bbox 353 3955 417 3982; x_wconf 87' lang='lat'><strong>11.</strong></span> <span class='ocrx_word' id='word_1_436' title='bbox 447 3939 506 3997; x_wconf 83' lang='grc' dir='ltr'>υ’]</span> <span class='ocrx_word' id='word_1_437' title='bbox 539 3943 809 3991; x_wconf 82' lang='grc' dir='ltr'>πεντακοσίους</span> <span class='ocrx_word' id='word_1_438' title='bbox 827 3944 1056 3986; x_wconf 87' lang='lat' dir='ltr'>secundum</span> <span class='ocrx_word' id='word_1_439' title='bbox 1078 3947 1319 3989; x_wconf 80' lang='lat' dir='ltr'>Strabonem</span> 
     </span>
     <span class='ocr_line' id='line_1_59' title="bbox 89 4002 934 4059; baseline 0.008 -17"><span class='ocrx_word' id='word_1_440' title='bbox 89 4015 132 4056; x_wconf 86' lang='lat' dir='ltr'>p.</span> <span class='ocrx_word' id='word_1_441' title='bbox 157 4002 250 4045; x_wconf 85' lang='lat'><strong>306.</strong></span> <span class='ocrx_word' id='word_1_442' title='bbox 275 4004 336 4044; x_wconf 88' lang='lat' dir='ltr'>Ne</span> <span class='ocrx_word' id='word_1_443' title='bbox 352 4006 434 4053; x_wconf 89' lang='grc'>400</span> <span class='ocrx_word' id='word_1_444' title='bbox 455 4003 622 4059; x_wconf 88' lang='lat' dir='ltr'>quidem</span> <span class='ocrx_word' id='word_1_445' title='bbox 645 4005 774 4046; x_wconf 86' lang='lat' dir='ltr'>stadia</span> <span class='ocrx_word' id='word_1_446' title='bbox 795 4005 934 4049; x_wconf 84' lang='lat' dir='ltr'>distat.</span> 
     </span>
    </p>
   </div>
   <div class='ocr_carea' id='block_1_8' title="bbox 980 163 1756 212">
    <p class='ocr_par' dir='ltr' id='par_1_16' title="bbox 980 163 1756 212">
     <span class='ocr_line' id='line_1_60' title="bbox 980 163 1756 212; baseline 0.004 -4"><span class='ocrx_word' id='word_1_447' title='bbox 980 163 1275 212; x_wconf 85' lang='lat' dir='ltr'>PERIPLUS</span> <span class='ocrx_word' id='word_1_448' title='bbox 1310 163 1426 209; x_wconf 89' lang='lat' dir='ltr'>PON</span> <span class='ocrx_word' id='word_1_449' title='bbox 1431 165 1493 210; x_wconf 93' lang='lat' dir='ltr'>TI</span> <span class='ocrx_word' id='word_1_450' title='bbox 1527 165 1756 212; x_wconf 80' lang='lat' dir='ltr'><strong>EUXINI.</strong></span> 
     </span>
    </p>
   </div>
   <div class='ocr_carea' id='block_1_9' title="bbox 2535 181 2624 219">
    <p class='ocr_par' dir='ltr' id='par_1_17' title="bbox 2535 181 2624 219">
     <span class='ocr_line' id='line_1_61' title="bbox 2535 181 2624 219; baseline 0.011 -1"><span class='ocrx_word' id='word_1_451' title='bbox 2535 181 2624 219; x_wconf 72' lang='lat'>419</span> 
     </span>
    </p>
   </div>
   <div class='ocr_carea' id='block_1_10' title="bbox 1390 270 2628 325">
    <p class='ocr_par' dir='ltr' id='par_1_18' title="bbox 1390 270 2628 325">
     <span class='ocr_line' id='line_1_62' title="bbox 1390 270 2628 325; baseline 0.005 -10"><span class='ocrx_word' id='word_1_452' title='bbox 1390 274 1520 316; x_wconf 82' lang='lat' dir='ltr'>stadia</span> <span class='ocrx_word' id='word_1_453' title='bbox 1542 275 1638 325; x_wconf 85' lang='lat'><strong>300,</strong></span> <span class='ocrx_word' id='word_1_454' title='bbox 1669 275 1780 315; x_wconf 87' lang='lat' dir='ltr'>milia</span> <span class='ocrx_word' id='word_1_455' title='bbox 1803 277 1871 323; x_wconf 93' lang='grc'>40.</span> <span class='ocrx_word' id='word_1_456' title='bbox 1933 275 1987 314; x_wconf 89' lang='grc' dir='ltr'>Ηί</span> <span class='ocrx_word' id='word_1_457' title='bbox 2019 282 2114 314; x_wconf 88' lang='lat' dir='ltr'>sunt</span> <span class='ocrx_word' id='word_1_458' title='bbox 2134 275 2314 315; x_wconf 83' lang='lat' dir='ltr'>Thraces</span> <span class='ocrx_word' id='word_1_459' title='bbox 2331 270 2392 316; x_wconf 65' lang='lat' dir='ltr'>‘&#39;et</span> <span class='ocrx_word' id='word_1_460' title='bbox 2424 279 2628 322; x_wconf 79' lang='lat' dir='ltr'>Bastarnae</span> 
     </span>
    </p>
   </div>
   <div class='ocr_carea' id='block_1_11' title="bbox 1392 343 2666 465">
    <p class='ocr_par' dir='ltr' id='par_1_19' title="bbox 1392 343 2666 465">
     <span class='ocr_line' id='line_1_63' title="bbox 1392 343 1572 385; baseline -0.006 0"><span class='ocrx_word' id='word_1_461' title='bbox 1392 343 1572 385; x_wconf 85' lang='lat' dir='ltr'>advenae.</span> 
     </span>
     <span class='ocr_line' id='line_1_64' title="bbox 1447 411 2666 465; baseline 0.005 -13"><span class='ocrx_word' id='word_1_462' title='bbox 1447 415 1514 461; x_wconf 90' lang='grc'>64.</span> <span class='ocrx_word' id='word_1_463' title='bbox 1547 412 1657 452; x_wconf 89' lang='lat' dir='ltr'>Huic</span> <span class='ocrx_word' id='word_1_464' title='bbox 1671 419 1810 452; x_wconf 87' lang='lat' dir='ltr'>autem</span> <span class='ocrx_word' id='word_1_465' title='bbox 1829 411 1938 453; x_wconf 87' lang='lat' dir='ltr'>Psilo</span> <span class='ocrx_word' id='word_1_466' title='bbox 1953 412 2048 452; x_wconf 91' lang='lat' dir='ltr'>Istri</span> <span class='ocrx_word' id='word_1_467' title='bbox 2066 412 2186 461; x_wconf 88' lang='lat' dir='ltr'>ostio,</span> <span class='ocrx_word' id='word_1_468' title='bbox 2212 412 2497 465; x_wconf 85' lang='lat' dir='ltr'>navigantibus</span> <span class='ocrx_word' id='word_1_469' title='bbox 2516 423 2626 458; x_wconf 88' lang='lat' dir='ltr'>recta</span> <span class='ocrx_word' id='word_1_470' title='bbox 2663 416 2666 418; x_wconf 63' lang='grc'><strong>’</strong></span> 
     </span>
    </p>
   </div>
   <div class='ocr_carea' id='block_1_12' title="bbox 1390 495 2632 633">
    <p class='ocr_par' dir='ltr' id='par_1_20' title="bbox 1390 495 2632 633">
     <span class='ocr_line' id='line_1_65' title="bbox 1390 495 2630 554; baseline 0.005 -18"><span class='ocrx_word' id='word_1_471' title='bbox 1390 497 1565 551; x_wconf 86' lang='lat' dir='ltr'>aparctia</span> <span class='ocrx_word' id='word_1_472' title='bbox 1580 504 1705 537; x_wconf 89' lang='lat' dir='ltr'>vento</span> <span class='ocrx_word' id='word_1_473' title='bbox 1717 496 1847 537; x_wconf 90' lang='lat' dir='ltr'>altum</span> <span class='ocrx_word' id='word_1_474' title='bbox 1865 510 2006 536; x_wconf 87' lang='lat' dir='ltr'>versus</span> <span class='ocrx_word' id='word_1_475' title='bbox 2017 510 2146 546; x_wconf 91' lang='lat' dir='ltr'>mare,</span> <span class='ocrx_word' id='word_1_476' title='bbox 2166 495 2325 550; x_wconf 88' lang='lat' dir='ltr'>objacet</span> <span class='ocrx_word' id='word_1_477' title='bbox 2343 497 2487 547; x_wconf 87' lang='lat' dir='ltr'>insula,</span> <span class='ocrx_word' id='word_1_478' title='bbox 2507 514 2630 554; x_wconf 88' lang='lat' dir='ltr'>quam</span> 
     </span>
     <span class='ocr_line' id='line_1_66' title="bbox 1395 580 2632 633; baseline 0.005 -13"><span class='ocrx_word' id='word_1_479' title='bbox 1395 580 1462 620; x_wconf 89' lang='lat' dir='ltr'>alii</span> <span class='ocrx_word' id='word_1_480' title='bbox 1488 580 1657 622; x_wconf 90' lang='lat' dir='ltr'>Achillis</span> <span class='ocrx_word' id='word_1_481' title='bbox 1675 580 1850 621; x_wconf 83' lang='lat' dir='ltr'>insulam</span> <span class='ocrx_word' id='word_1_482' title='bbox 1863 611 1876 631; x_wconf 92' lang='lat'>,</span> <span class='ocrx_word' id='word_1_483' title='bbox 1894 580 1962 621; x_wconf 90' lang='lat' dir='ltr'>alii</span> <span class='ocrx_word' id='word_1_484' title='bbox 1981 594 2151 621; x_wconf 88' lang='lat' dir='ltr'>cursum</span> <span class='ocrx_word' id='word_1_485' title='bbox 2167 581 2357 633; x_wconf 90' lang='lat' dir='ltr'>Achillis,</span> <span class='ocrx_word' id='word_1_486' title='bbox 2383 583 2449 622; x_wconf 89' lang='lat' dir='ltr'>alii</span> <span class='ocrx_word' id='word_1_487' title='bbox 2469 585 2632 626; x_wconf 88' lang='lat' dir='ltr'>Leucen</span> 
     </span>
    </p>
   </div>
   <div class='ocr_carea' id='block_1_13' title="bbox 1390 650 2276 720">
    <p class='ocr_par' dir='ltr' id='par_1_21' title="bbox 1390 650 2276 720">
     <span class='ocr_line' id='line_1_67' title="bbox 1390 650 2276 720; baseline 0.002 -15"><span class='ocrx_word' id='word_1_488' title='bbox 1390 680 1414 706; x_wconf 91' lang='lat' dir='ltr'>a</span> <span class='ocrx_word' id='word_1_489' title='bbox 1432 665 1568 706; x_wconf 89' lang='lat' dir='ltr'>colore</span> <span class='ocrx_word' id='word_1_490' title='bbox 1593 664 1799 720; x_wconf 87' lang='lat' dir='ltr'>appellant</span> <span class='ocrx_word' id='word_1_491' title='bbox 1816 666 1834 718; x_wconf 83' lang='lat'>(</span> <span class='ocrx_word' id='word_1_492' title='bbox 1848 667 1919 705; x_wconf 79' lang='lat' dir='ltr'>Ex</span> <span class='ocrx_word' id='word_1_493' title='bbox 1940 650 2114 706; x_wconf 56' lang='lat' dir='ltr'>Art-ian.</span> <span class='ocrx_word' id='word_1_494' title='bbox 2137 668 2159 718; x_wconf 69' lang='lat' dir='ltr'>S</span> <span class='ocrx_word' id='word_1_495' title='bbox 2176 666 2227 706; x_wconf 83' lang='lat'>32</span> <span class='ocrx_word' id='word_1_496' title='bbox 2244 668 2276 720; x_wconf 90' lang='lat'><strong>).</strong></span> 
     </span>
    </p>
   </div>
   <div class='ocr_carea' id='block_1_14' title="bbox 1388 753 2632 1379">
    <p class='ocr_par' dir='ltr' id='par_1_22' title="bbox 1390 753 2632 1082">
     <span class='ocr_line' id='line_1_68' title="bbox 1449 753 2632 808; baseline 0.003 -14"><span class='ocrx_word' id='word_1_497' title='bbox 1449 753 1517 795; x_wconf 86' lang='lat'><strong>65.</strong></span> <span class='ocrx_word' id='word_1_498' title='bbox 1542 753 1675 795; x_wconf 90' lang='lat' dir='ltr'>Habet</span> <span class='ocrx_word' id='word_1_499' title='bbox 1693 753 2005 795; x_wconf 86' lang='lat' dir='ltr'>multitudinem</span> <span class='ocrx_word' id='word_1_500' title='bbox 2022 755 2162 795; x_wconf 87' lang='lat' dir='ltr'>avium</span> <span class='ocrx_word' id='word_1_501' title='bbox 2185 755 2572 808; x_wconf 85' lang='lat' dir='ltr'>mansuefactarum‚</span> <span class='ocrx_word' id='word_1_502' title='bbox 2592 766 2632 798; x_wconf 90' lang='lat' dir='ltr'>et</span> 
     </span>
     <span class='ocr_line' id='line_1_69' title="bbox 1391 821 2627 879; baseline 0.004 -17"><span class='ocrx_word' id='word_1_503' title='bbox 1391 821 1672 863; x_wconf 89' lang='lat' dir='ltr'>venerandum</span> <span class='ocrx_word' id='word_1_504' title='bbox 1687 821 1843 877; x_wconf 87' lang='lat' dir='ltr'>praebet</span> <span class='ocrx_word' id='word_1_505' title='bbox 1862 836 1912 862; x_wconf 90' lang='lat' dir='ltr'>eo</span> <span class='ocrx_word' id='word_1_506' title='bbox 1934 823 2194 863; x_wconf 86' lang='lat' dir='ltr'>venientibus</span> <span class='ocrx_word' id='word_1_507' title='bbox 2214 823 2468 879; x_wconf 85' lang='lat' dir='ltr'>adspectum.</span> <span class='ocrx_word' id='word_1_508' title='bbox 2495 827 2555 865; x_wconf 84' lang='lat' dir='ltr'>Ex</span> <span class='ocrx_word' id='word_1_509' title='bbox 2580 840 2627 867; x_wconf 89' lang='lat' dir='ltr'>ea</span> 
     </span>
     <span class='ocr_line' id='line_1_70' title="bbox 1390 889 2628 944; baseline 0.004 -15"><span class='ocrx_word' id='word_1_510' title='bbox 1390 898 1501 930; x_wconf 86' lang='lat' dir='ltr'>terra</span> <span class='ocrx_word' id='word_1_511' title='bbox 1522 889 1653 930; x_wconf 82' lang='lat' dir='ltr'>videri</span> <span class='ocrx_word' id='word_1_512' title='bbox 1678 890 1836 944; x_wconf 89' lang='lat' dir='ltr'>nequit,</span> <span class='ocrx_word' id='word_1_513' title='bbox 1867 904 2118 944; x_wconf 86' lang='lat' dir='ltr'>quamquam</span> <span class='ocrx_word' id='word_1_514' title='bbox 2149 906 2234 932; x_wconf 89' lang='lat' dir='ltr'>non</span> <span class='ocrx_word' id='word_1_515' title='bbox 2267 891 2390 933; x_wconf 91' lang='lat' dir='ltr'>distat</span> <span class='ocrx_word' id='word_1_516' title='bbox 2411 894 2628 934; x_wconf 88' lang='lat' dir='ltr'>continens</span> 
     </span>
     <span class='ocr_line' id='line_1_71' title="bbox 1393 956 2628 1013; baseline 0.004 -16"><span class='ocrx_word' id='word_1_517' title='bbox 1393 957 1497 998; x_wconf 90' lang='lat' dir='ltr'>ultra</span> <span class='ocrx_word' id='word_1_518' title='bbox 1515 956 1644 998; x_wconf 85' lang='lat' dir='ltr'>stadia</span> <span class='ocrx_word' id='word_1_519' title='bbox 1664 960 1759 1007; x_wconf 88' lang='grc'>400,</span> <span class='ocrx_word' id='word_1_520' title='bbox 1782 958 1865 998; x_wconf 87' lang='lat' dir='ltr'>sive</span> <span class='ocrx_word' id='word_1_521' title='bbox 1881 958 1993 999; x_wconf 89' lang='lat' dir='ltr'>milia</span> <span class='ocrx_word' id='word_1_522' title='bbox 2014 958 2063 999; x_wconf 85' lang='lat'>53</span> <span class='ocrx_word' id='word_1_523' title='bbox 2084 963 2118 1013; x_wconf 59' lang='grc' dir='ltr'>ὲ,</span> <span class='ocrx_word' id='word_1_524' title='bbox 2140 967 2186 999; x_wconf 89' lang='lat' dir='ltr'>ut</span> <span class='ocrx_word' id='word_1_525' title='bbox 2203 959 2372 1000; x_wconf 86' lang='lat' dir='ltr'>tradidit</span> <span class='ocrx_word' id='word_1_526' title='bbox 2391 962 2628 1002; x_wconf 84' lang='lat' dir='ltr'>Demetrius</span> 
     </span>
     <span class='ocr_line' id='line_1_72' title="bbox 1391 1024 2034 1082; baseline 0.003 -17"><span class='ocrx_word' id='word_1_527' title='bbox 1391 1024 1633 1080; x_wconf 79' lang='lat' dir='ltr'>(Eperieg.</span> <span class='ocrx_word' id='word_1_528' title='bbox 1663 1025 1787 1066; x_wconf 83' lang='lat' dir='ltr'>iamb.</span> <span class='ocrx_word' id='word_1_529' title='bbox 1824 1030 1996 1080; x_wconf 74' lang='lat'><strong>792-96.</strong></span> <span class='ocrx_word' id='word_1_530' title='bbox 2021 1026 2034 1082; x_wconf 90' lang='lat'><em>)</em></span> 
     </span>
    </p>

    <p class='ocr_par' dir='ltr' id='par_1_23' title="bbox 1388 1099 2631 1379">
     <span class='ocr_line' id='line_1_73' title="bbox 1448 1099 2631 1144; baseline 0.005 -6"><span class='ocrx_word' id='word_1_531' title='bbox 1448 1101 1515 1139; x_wconf 87' lang='lat'>66.</span> <span class='ocrx_word' id='word_1_532' title='bbox 1548 1100 1665 1139; x_wconf 87' lang='lat' dir='ltr'>Hanc</span> <span class='ocrx_word' id='word_1_533' title='bbox 1694 1099 1868 1139; x_wconf 85' lang='lat' dir='ltr'>insulam</span> <span class='ocrx_word' id='word_1_534' title='bbox 1896 1099 2041 1141; x_wconf 89' lang='lat' dir='ltr'>dicunt</span> <span class='ocrx_word' id='word_1_535' title='bbox 2072 1102 2223 1142; x_wconf 90' lang='lat' dir='ltr'>Thetin</span> <span class='ocrx_word' id='word_1_536' title='bbox 2250 1101 2334 1142; x_wconf 90' lang='lat' dir='ltr'>filio</span> <span class='ocrx_word' id='word_1_537' title='bbox 2367 1117 2443 1143; x_wconf 89' lang='lat' dir='ltr'>suo</span> <span class='ocrx_word' id='word_1_538' title='bbox 2466 1117 2631 1144; x_wconf 87' lang='lat' dir='ltr'>conces-</span> 
     </span>
     <span class='ocr_line' id='line_1_74' title="bbox 1390 1174 2629 1231; baseline 0.004 -18"><span class='ocrx_word' id='word_1_539' title='bbox 1390 1174 1501 1223; x_wconf 90' lang='lat' dir='ltr'>sisse,</span> <span class='ocrx_word' id='word_1_540' title='bbox 1530 1188 1703 1228; x_wconf 89' lang='lat' dir='ltr'>eamque</span> <span class='ocrx_word' id='word_1_541' title='bbox 1735 1174 1965 1215; x_wconf 88' lang='lat' dir='ltr'>inhabitare</span> <span class='ocrx_word' id='word_1_542' title='bbox 1998 1176 2219 1226; x_wconf 88' lang='lat' dir='ltr'>Achillem,</span> <span class='ocrx_word' id='word_1_543' title='bbox 2256 1176 2375 1231; x_wconf 88' lang='lat' dir='ltr'>cujus</span> <span class='ocrx_word' id='word_1_544' title='bbox 2413 1179 2455 1217; x_wconf 92' lang='lat' dir='ltr'>in</span> <span class='ocrx_word' id='word_1_545' title='bbox 2490 1192 2536 1218; x_wconf 89' lang='lat' dir='ltr'>ea</span> <span class='ocrx_word' id='word_1_546' title='bbox 2569 1186 2629 1218; x_wconf 91' lang='lat' dir='ltr'>est</span> 
     </span>
     <span class='ocr_line' id='line_1_75' title="bbox 2535 1252 2630 1292; baseline 0.011 -1"><span class='ocrx_word' id='word_1_547' title='bbox 2535 1252 2630 1292; x_wconf 86' lang='lat' dir='ltr'>Rari</span> 
     </span>
     <span class='ocr_line' id='line_1_76' title="bbox 1388 1322 2626 1379; baseline 0.004 -18"><span class='ocrx_word' id='word_1_548' title='bbox 1388 1329 1525 1362; x_wconf 87' lang='lat' dir='ltr'>autem</span> <span class='ocrx_word' id='word_1_549' title='bbox 1545 1323 1588 1362; x_wconf 92' lang='lat' dir='ltr'>in</span> <span class='ocrx_word' id='word_1_550' title='bbox 1614 1322 1690 1363; x_wconf 89' lang='lat' dir='ltr'>hac</span> <span class='ocrx_word' id='word_1_551' title='bbox 1709 1323 1842 1363; x_wconf 89' lang='lat' dir='ltr'>insula</span> <span class='ocrx_word' id='word_1_552' title='bbox 1858 1330 1953 1362; x_wconf 88' lang='lat' dir='ltr'>sunt</span> <span class='ocrx_word' id='word_1_553' title='bbox 1974 1323 2179 1373; x_wconf 87' lang='lat' dir='ltr'>homines,</span> <span class='ocrx_word' id='word_1_554' title='bbox 2192 1338 2373 1379; x_wconf 17' lang='lat' dir='ltr'>&gt;eamque</span> <span class='ocrx_word' id='word_1_555' title='bbox 2393 1339 2525 1379; x_wconf 86' lang='lat' dir='ltr'>caprae</span> <span class='ocrx_word' id='word_1_556' title='bbox 2541 1341 2626 1366; x_wconf 91' lang='lat' dir='ltr'>non</span> 
     </span>
    </p>
   </div>
   <div class='ocr_carea' id='block_1_15' title="bbox 1392 1247 2460 1304">
    <p class='ocr_par' dir='ltr' id='par_1_24' title="bbox 1392 1247 2460 1304">
     <span class='ocr_line' id='line_1_77' title="bbox 1392 1247 2460 1304; baseline 0.004 -18"><span class='ocrx_word' id='word_1_557' title='bbox 1392 1247 1591 1301; x_wconf 91' lang='lat' dir='ltr'>templum</span> <span class='ocrx_word' id='word_1_558' title='bbox 1625 1255 1665 1287; x_wconf 92' lang='lat' dir='ltr'>et</span> <span class='ocrx_word' id='word_1_559' title='bbox 1705 1248 1971 1288; x_wconf 87' lang='lat' dir='ltr'>simulacrum</span> <span class='ocrx_word' id='word_1_560' title='bbox 2011 1250 2272 1289; x_wconf 88' lang='lat' dir='ltr'>vetustissimi</span> <span class='ocrx_word' id='word_1_561' title='bbox 2309 1251 2460 1304; x_wconf 87' lang='lat' dir='ltr'>operis.</span> 
     </span>
    </p>
   </div>
   <div class='ocr_carea' id='block_1_16' title="bbox 1387 1397 2632 2437">
    <p class='ocr_par' dir='ltr' id='par_1_25' title="bbox 1388 1397 2632 1910">
     <span class='ocr_line' id='line_1_78' title="bbox 1389 1397 2632 1454; baseline 0.003 -17"><span class='ocrx_word' id='word_1_562' title='bbox 1389 1397 1616 1438; x_wconf 88' lang='lat' dir='ltr'>admodum</span> <span class='ocrx_word' id='word_1_563' title='bbox 1639 1398 1777 1439; x_wconf 85' lang='lat' dir='ltr'>multae</span> <span class='ocrx_word' id='word_1_564' title='bbox 1800 1398 2094 1453; x_wconf 86' lang='lat' dir='ltr'>depascuntur,</span> <span class='ocrx_word' id='word_1_565' title='bbox 2127 1414 2227 1453; x_wconf 89' lang='lat' dir='ltr'>quas</span> <span class='ocrx_word' id='word_1_566' title='bbox 2265 1401 2504 1454; x_wconf 85' lang='lat' dir='ltr'>quicunque</span> <span class='ocrx_word' id='word_1_567' title='bbox 2537 1401 2632 1442; x_wconf 91' lang='lat' dir='ltr'>illuc</span> 
     </span>
     <span class='ocr_line' id='line_1_79' title="bbox 1389 1474 2625 1532; baseline 0.002 -18"><span class='ocrx_word' id='word_1_568' title='bbox 1389 1474 1613 1528; x_wconf 89' lang='lat' dir='ltr'>appellunt,</span> <span class='ocrx_word' id='word_1_569' title='bbox 1639 1474 1787 1515; x_wconf 91' lang='lat' dir='ltr'>Achilli</span> <span class='ocrx_word' id='word_1_570' title='bbox 1816 1474 1965 1515; x_wconf 84' lang='lat' dir='ltr'>offerre</span> <span class='ocrx_word' id='word_1_571' title='bbox 1995 1474 2208 1515; x_wconf 88' lang='lat' dir='ltr'>dicuntur.</span> <span class='ocrx_word' id='word_1_572' title='bbox 2269 1476 2402 1517; x_wconf 87' lang='lat' dir='ltr'>Multa</span> <span class='ocrx_word' id='word_1_573' title='bbox 2430 1485 2625 1532; x_wconf 89' lang='lat' dir='ltr'>praeterea</span> 
     </span>
     <span class='ocr_line' id='line_1_80' title="bbox 1388 1549 2631 1606; baseline 0.003 -17"><span class='ocrx_word' id='word_1_574' title='bbox 1388 1549 1464 1589; x_wconf 82' lang='lat' dir='ltr'>alia</span> <span class='ocrx_word' id='word_1_575' title='bbox 1483 1549 1592 1590; x_wconf 90' lang='lat' dir='ltr'>dona</span> <span class='ocrx_word' id='word_1_576' title='bbox 1619 1550 1661 1590; x_wconf 93' lang='lat' dir='ltr'>in</span> <span class='ocrx_word' id='word_1_577' title='bbox 1684 1550 1764 1591; x_wconf 91' lang='lat' dir='ltr'>hoc</span> <span class='ocrx_word' id='word_1_578' title='bbox 1786 1550 1940 1605; x_wconf 86' lang='lat' dir='ltr'>templo</span> <span class='ocrx_word' id='word_1_579' title='bbox 1961 1551 2141 1605; x_wconf 88' lang='lat' dir='ltr'>reposita</span> <span class='ocrx_word' id='word_1_580' title='bbox 2165 1559 2275 1601; x_wconf 88' lang='lat' dir='ltr'>sunt,</span> <span class='ocrx_word' id='word_1_581' title='bbox 2311 1560 2356 1592; x_wconf 92' lang='lat' dir='ltr'>ut</span> <span class='ocrx_word' id='word_1_582' title='bbox 2378 1552 2537 1606; x_wconf 84' lang='lat' dir='ltr'>phialae,</span> <span class='ocrx_word' id='word_1_583' title='bbox 2560 1567 2631 1593; x_wconf 87' lang='lat' dir='ltr'>an-</span> 
     </span>
     <span class='ocr_line' id='line_1_81' title="bbox 1390 1625 2631 1681; baseline 0.003 -17"><span class='ocrx_word' id='word_1_584' title='bbox 1390 1625 1493 1674; x_wconf 88' lang='lat' dir='ltr'>nuli,</span> <span class='ocrx_word' id='word_1_585' title='bbox 1540 1631 1711 1679; x_wconf 84' lang='lat' dir='ltr'>gemmae</span> <span class='ocrx_word' id='word_1_586' title='bbox 1755 1627 2071 1681; x_wconf 85' lang='lat' dir='ltr'>pretiosissimae.</span> <span class='ocrx_word' id='word_1_587' title='bbox 2135 1628 2285 1668; x_wconf 87' lang='lat' dir='ltr'>Omnia</span> <span class='ocrx_word' id='word_1_588' title='bbox 2331 1627 2419 1667; x_wconf 84' lang='lat' dir='ltr'>haec</span> <span class='ocrx_word' id='word_1_589' title='bbox 2459 1626 2631 1669; x_wconf 88' lang='lat' dir='ltr'>donaria</span> 
     </span>
     <span class='ocr_line' id='line_1_82' title="bbox 1388 1700 2631 1758; baseline 0.004 -19"><span class='ocrx_word' id='word_1_590' title='bbox 1388 1700 1536 1740; x_wconf 89' lang='lat' dir='ltr'>Achilli</span> <span class='ocrx_word' id='word_1_591' title='bbox 1559 1700 1745 1742; x_wconf 90' lang='lat' dir='ltr'>dedicata</span> <span class='ocrx_word' id='word_1_592' title='bbox 1763 1711 1873 1752; x_wconf 91' lang='lat' dir='ltr'>sunt,</span> <span class='ocrx_word' id='word_1_593' title='bbox 1895 1711 1935 1743; x_wconf 91' lang='lat' dir='ltr'>et</span> <span class='ocrx_word' id='word_1_594' title='bbox 1956 1703 2259 1757; x_wconf 88' lang='lat' dir='ltr'>inscriptiones,</span> <span class='ocrx_word' id='word_1_595' title='bbox 2280 1705 2432 1758; x_wconf 89' lang='lat' dir='ltr'>partim</span> <span class='ocrx_word' id='word_1_596' title='bbox 2456 1717 2631 1744; x_wconf 88' lang='lat' dir='ltr'>romano</span> 
     </span>
     <span class='ocr_line' id='line_1_83' title="bbox 1388 1777 2630 1833; baseline 0.005 -19"><span class='ocrx_word' id='word_1_597' title='bbox 1388 1777 1538 1829; x_wconf 71' lang='lat' dir='ltr'>partim</span> <span class='ocrx_word' id='word_1_598' title='bbox 1562 1791 1694 1829; x_wconf 84' lang='lat' dir='ltr'>graeco</span> <span class='ocrx_word' id='word_1_599' title='bbox 1728 1792 1917 1818; x_wconf 86' lang='lat' dir='ltr'>sermone</span> <span class='ocrx_word' id='word_1_600' title='bbox 1940 1778 2132 1828; x_wconf 87' lang='lat' dir='ltr'>conditae,</span> <span class='ocrx_word' id='word_1_601' title='bbox 2151 1779 2230 1819; x_wconf 90' lang='lat' dir='ltr'>alio</span> <span class='ocrx_word' id='word_1_602' title='bbox 2245 1780 2408 1833; x_wconf 88' lang='lat' dir='ltr'>alioque</span> <span class='ocrx_word' id='word_1_603' title='bbox 2434 1794 2630 1820; x_wconf 84' lang='lat' dir='ltr'>versuum</span> 
     </span>
     <span class='ocr_line' id='line_1_84' title="bbox 1389 1852 2507 1910; baseline 0.004 -20"><span class='ocrx_word' id='word_1_604' title='bbox 1389 1864 1559 1903; x_wconf 83' lang='lat' dir='ltr'>genere,</span> <span class='ocrx_word' id='word_1_605' title='bbox 1585 1852 1627 1891; x_wconf 90' lang='lat' dir='ltr'>in</span> <span class='ocrx_word' id='word_1_606' title='bbox 1650 1852 1815 1892; x_wconf 90' lang='lat' dir='ltr'>laudem</span> <span class='ocrx_word' id='word_1_607' title='bbox 1843 1853 2011 1893; x_wconf 89' lang='lat' dir='ltr'>Achillis</span> <span class='ocrx_word' id='word_1_608' title='bbox 2036 1855 2051 1906; x_wconf 94' lang='lat'>(</span> <span class='ocrx_word' id='word_1_609' title='bbox 2071 1857 2142 1894; x_wconf 83' lang='lat' dir='ltr'>Ex</span> <span class='ocrx_word' id='word_1_610' title='bbox 2156 1854 2340 1894; x_wconf 78' lang='lat' dir='ltr'>Arriano</span> <span class='ocrx_word' id='word_1_611' title='bbox 2360 1857 2382 1907; x_wconf 84' lang='lat'>§</span> <span class='ocrx_word' id='word_1_612' title='bbox 2402 1855 2469 1895; x_wconf 85' lang='lat'><strong>32.</strong></span> <span class='ocrx_word' id='word_1_613' title='bbox 2493 1855 2507 1910; x_wconf 93' lang='lat'>)</span> 
     </span>
    </p>

    <p class='ocr_par' dir='ltr' id='par_1_26' title="bbox 1387 1927 2630 2437">
     <span class='ocr_line' id='line_1_85' title="bbox 1447 1927 2629 1984; baseline 0.003 -17"><span class='ocrx_word' id='word_1_614' title='bbox 1447 1931 1516 1980; x_wconf 90' lang='lat'>67.</span> <span class='ocrx_word' id='word_1_615' title='bbox 1550 1927 1616 1967; x_wconf 93' lang='lat' dir='ltr'>Ab</span> <span class='ocrx_word' id='word_1_616' title='bbox 1642 1929 1746 1968; x_wconf 90' lang='lat' dir='ltr'>ostio</span> <span class='ocrx_word' id='word_1_617' title='bbox 1769 1929 1878 1978; x_wconf 88' lang='lat' dir='ltr'>Istri‚</span> <span class='ocrx_word' id='word_1_618' title='bbox 1912 1928 2026 1982; x_wconf 88' lang='lat' dir='ltr'>quod</span> <span class='ocrx_word' id='word_1_619' title='bbox 2056 1930 2193 1970; x_wconf 85' lang='lat' dir='ltr'>Psilon</span> <span class='ocrx_word' id='word_1_620' title='bbox 2223 1930 2462 1984; x_wconf 88' lang='lat' dir='ltr'>appellatur,</span> <span class='ocrx_word' id='word_1_621' title='bbox 2487 1930 2539 1970; x_wconf 87' lang='lat' dir='ltr'>ad</span> <span class='ocrx_word' id='word_1_622' title='bbox 2572 1945 2629 1971; x_wconf 92' lang='lat' dir='ltr'>se-</span> 
     </span>
     <span class='ocr_line' id='line_1_86' title="bbox 1391 2003 2628 2058; baseline 0.002 -15"><span class='ocrx_word' id='word_1_623' title='bbox 1391 2003 1575 2044; x_wconf 90' lang='lat' dir='ltr'>cundum</span> <span class='ocrx_word' id='word_1_624' title='bbox 1599 2003 1686 2058; x_wconf 90' lang='lat' dir='ltr'>ejus</span> <span class='ocrx_word' id='word_1_625' title='bbox 1710 2005 1861 2045; x_wconf 90' lang='lat' dir='ltr'>ostium</span> <span class='ocrx_word' id='word_1_626' title='bbox 1895 2005 2025 2045; x_wconf 87' lang='lat' dir='ltr'>stadia</span> <span class='ocrx_word' id='word_1_627' title='bbox 2047 2010 2115 2055; x_wconf 87' lang='lat'>60,</span> <span class='ocrx_word' id='word_1_628' title='bbox 2150 2005 2262 2046; x_wconf 90' lang='lat' dir='ltr'>milia</span> <span class='ocrx_word' id='word_1_629' title='bbox 2285 2008 2325 2047; x_wconf 90' lang='lat'>8.</span> <span class='ocrx_word' id='word_1_630' title='bbox 2387 2009 2422 2048; x_wconf 92' lang='lat' dir='ltr'>A</span> <span class='ocrx_word' id='word_1_631' title='bbox 2446 2006 2628 2047; x_wconf 81' lang='lat' dir='ltr'>secundo</span> 
     </span>
     <span class='ocr_line' id='line_1_87' title="bbox 1389 2079 2630 2132; baseline 0.002 -12"><span class='ocrx_word' id='word_1_632' title='bbox 1389 2081 1494 2121; x_wconf 88' lang='lat' dir='ltr'>ostio</span> <span class='ocrx_word' id='word_1_633' title='bbox 1524 2079 1577 2120; x_wconf 92' lang='lat' dir='ltr'>ad</span> <span class='ocrx_word' id='word_1_634' title='bbox 1607 2081 1834 2122; x_wconf 88' lang='lat' dir='ltr'>Pulchrum</span> <span class='ocrx_word' id='word_1_635' title='bbox 1870 2082 2023 2122; x_wconf 89' lang='lat' dir='ltr'>ostium</span> <span class='ocrx_word' id='word_1_636' title='bbox 2055 2081 2184 2123; x_wconf 88' lang='lat' dir='ltr'>stadia</span> <span class='ocrx_word' id='word_1_637' title='bbox 2216 2085 2284 2132; x_wconf 88' lang='grc' dir='ltr'>4ο,</span> <span class='ocrx_word' id='word_1_638' title='bbox 2306 2082 2418 2123; x_wconf 88' lang='lat' dir='ltr'>milia</span> <span class='ocrx_word' id='word_1_639' title='bbox 2451 2082 2472 2123; x_wconf 88' lang='lat'><strong>5</strong></span> <span class='ocrx_word' id='word_1_640' title='bbox 2492 2081 2529 2125; x_wconf 68' lang='grc' dir='ltr'>ἑ.</span> <span class='ocrx_word' id='word_1_641' title='bbox 2594 2086 2630 2123; x_wconf 88' lang='lat' dir='ltr'>A</span> 
     </span>
     <span class='ocr_line' id='line_1_88' title="bbox 1387 2149 2627 2213; baseline 0.001 -16"><span class='ocrx_word' id='word_1_642' title='bbox 1387 2156 1567 2197; x_wconf 88' lang='lat' dir='ltr'>Pulchro</span> <span class='ocrx_word' id='word_1_643' title='bbox 1604 2157 1710 2196; x_wconf 83' lang='lat' dir='ltr'>ostio</span> <span class='ocrx_word' id='word_1_644' title='bbox 1744 2156 1796 2196; x_wconf 92' lang='lat' dir='ltr'>ad</span> <span class='ocrx_word' id='word_1_645' title='bbox 1832 2158 2039 2198; x_wconf 85' lang='lat' dir='ltr'>Naracum</span> <span class='ocrx_word' id='word_1_646' title='bbox 2072 2159 2160 2210; x_wconf 90' lang='lat' dir='ltr'>(ita</span> <span class='ocrx_word' id='word_1_647' title='bbox 2192 2158 2396 2212; x_wconf 89' lang='lat' dir='ltr'>appellant</span> <span class='ocrx_word' id='word_1_648' title='bbox 2432 2149 2627 2213; x_wconf 76' lang='lat' dir='ltr'>quartuni</span> 
     </span>
     <span class='ocr_line' id='line_1_89' title="bbox 1388 2231 2627 2288; baseline 0.003 -17"><span class='ocrx_word' id='word_1_649' title='bbox 1388 2233 1482 2272; x_wconf 89' lang='lat' dir='ltr'>Istri</span> <span class='ocrx_word' id='word_1_650' title='bbox 1498 2232 1675 2285; x_wconf 89' lang='lat' dir='ltr'>ostium)</span> <span class='ocrx_word' id='word_1_651' title='bbox 1692 2231 1822 2272; x_wconf 88' lang='lat' dir='ltr'>stadia</span> <span class='ocrx_word' id='word_1_652' title='bbox 1838 2237 1904 2282; x_wconf 90' lang='lat'>60,</span> <span class='ocrx_word' id='word_1_653' title='bbox 1925 2233 2035 2272; x_wconf 90' lang='lat' dir='ltr'>milia</span> <span class='ocrx_word' id='word_1_654' title='bbox 2051 2235 2090 2273; x_wconf 91' lang='lat'>8.</span> <span class='ocrx_word' id='word_1_655' title='bbox 2143 2235 2178 2273; x_wconf 95' lang='lat' dir='ltr'>A</span> <span class='ocrx_word' id='word_1_656' title='bbox 2190 2234 2349 2273; x_wconf 88' lang='lat' dir='ltr'>Naraco</span> <span class='ocrx_word' id='word_1_657' title='bbox 2368 2233 2418 2274; x_wconf 92' lang='lat' dir='ltr'>ad</span> <span class='ocrx_word' id='word_1_658' title='bbox 2437 2235 2627 2288; x_wconf 89' lang='lat' dir='ltr'>quintum</span> 
     </span>
     <span class='ocr_line' id='line_1_90' title="bbox 1389 2307 2628 2361; baseline 0.004 -15"><span class='ocrx_word' id='word_1_659' title='bbox 1389 2308 1483 2347; x_wconf 87' lang='lat' dir='ltr'>Istri</span> <span class='ocrx_word' id='word_1_660' title='bbox 1504 2308 1670 2357; x_wconf 90' lang='lat' dir='ltr'>ostium,</span> <span class='ocrx_word' id='word_1_661' title='bbox 1702 2308 1816 2361; x_wconf 90' lang='lat' dir='ltr'>quod</span> <span class='ocrx_word' id='word_1_662' title='bbox 1847 2309 2018 2349; x_wconf 86' lang='lat' dir='ltr'>Sacrum</span> <span class='ocrx_word' id='word_1_663' title='bbox 2038 2307 2205 2358; x_wconf 87' lang='lat' dir='ltr'>dicitur,</span> <span class='ocrx_word' id='word_1_664' title='bbox 2232 2308 2362 2349; x_wconf 86' lang='lat' dir='ltr'>stadia</span> <span class='ocrx_word' id='word_1_665' title='bbox 2389 2322 2480 2358; x_wconf 84' lang='lat'>120,</span> <span class='ocrx_word' id='word_1_666' title='bbox 2519 2310 2628 2352; x_wconf 88' lang='lat' dir='ltr'>milia</span> 
     </span>
     <span class='ocr_line' id='line_1_91' title="bbox 1394 2383 1984 2437; baseline -0.002 -13"><span class='ocrx_word' id='word_1_667' title='bbox 1394 2388 1441 2424; x_wconf 91' lang='lat'>16</span> <span class='ocrx_word' id='word_1_668' title='bbox 1473 2385 1576 2436; x_wconf 80' lang='lat' dir='ltr'>(Ex</span> <span class='ocrx_word' id='word_1_669' title='bbox 1609 2383 1792 2424; x_wconf 83' lang='lat' dir='ltr'>Arriano</span> <span class='ocrx_word' id='word_1_670' title='bbox 1824 2387 1846 2436; x_wconf 68' lang='lat'><strong>5</strong></span> <span class='ocrx_word' id='word_1_671' title='bbox 1885 2383 1984 2437; x_wconf 85' lang='lat'><strong>35).</strong></span> 
     </span>
    </p>
   </div>
   <div class='ocr_carea' id='block_1_17' title="bbox 1388 2460 2620 2514">
    <p class='ocr_par' dir='ltr' id='par_1_27' title="bbox 1388 2460 2620 2514">
     <span class='ocr_line' id='line_1_92' title="bbox 1388 2460 2620 2514; baseline 0.002 -14"><span class='ocrx_word' id='word_1_672' title='bbox 1388 2460 1573 2500; x_wconf 85' lang='lat' dir='ltr'>Thraciae</span> <span class='ocrx_word' id='word_1_673' title='bbox 1615 2460 1659 2499; x_wconf 90' lang='lat' dir='ltr'>in</span> <span class='ocrx_word' id='word_1_674' title='bbox 1694 2462 1875 2501; x_wconf 90' lang='lat' dir='ltr'>Pontum</span> <span class='ocrx_word' id='word_1_675' title='bbox 1909 2469 2119 2514; x_wconf 85' lang='lat' dir='ltr'>vergentes</span> <span class='ocrx_word' id='word_1_676' title='bbox 2151 2469 2191 2500; x_wconf 88' lang='lat' dir='ltr'>et</span> <span class='ocrx_word' id='word_1_677' title='bbox 2212 2461 2421 2501; x_wconf 87' lang='lat' dir='ltr'>Thracum</span> <span class='ocrx_word' id='word_1_678' title='bbox 2456 2461 2620 2503; x_wconf 89' lang='lat' dir='ltr'>limites.</span> 
     </span>
    </p>
   </div>
   <div class='ocr_carea' id='block_1_18' title="bbox 2047 2384 2625 2440">
    <p class='ocr_par' dir='ltr' id='par_1_28' title="bbox 2047 2384 2625 2440">
     <span class='ocr_line' id='line_1_93' title="bbox 2047 2384 2625 2440; baseline 0.007 -17"><span class='ocrx_word' id='word_1_679' title='bbox 2047 2384 2208 2424; x_wconf 91' lang='lat' dir='ltr'>Deinde</span> <span class='ocrx_word' id='word_1_680' title='bbox 2244 2386 2456 2439; x_wconf 86' lang='lat' dir='ltr'>excipiunt</span> <span class='ocrx_word' id='word_1_681' title='bbox 2490 2395 2625 2440; x_wconf 87' lang='lat' dir='ltr'>partes</span> 
     </span>
    </p>
   </div>
   <div class='ocr_carea' id='block_1_19' title="bbox 1391 2535 2484 2592">
    <p class='ocr_par' dir='ltr' id='par_1_29' title="bbox 1391 2535 2484 2592">
     <span class='ocr_line' id='line_1_94' title="bbox 1391 2535 2484 2592; baseline 0.003 -15"><span class='ocrx_word' id='word_1_682' title='bbox 1391 2538 1546 2577; x_wconf 88' lang='lat' dir='ltr'>Gentes</span> <span class='ocrx_word' id='word_1_683' title='bbox 1568 2543 1707 2578; x_wconf 89' lang='lat' dir='ltr'>autem</span> <span class='ocrx_word' id='word_1_684' title='bbox 1726 2550 1851 2592; x_wconf 87' lang='lat' dir='ltr'>supra</span> <span class='ocrx_word' id='word_1_685' title='bbox 1869 2535 1989 2577; x_wconf 81' lang='lat' dir='ltr'>dictae</span> <span class='ocrx_word' id='word_1_686' title='bbox 2010 2544 2107 2577; x_wconf 89' lang='lat' dir='ltr'>sunt</span> <span class='ocrx_word' id='word_1_687' title='bbox 2129 2551 2272 2577; x_wconf 89' lang='lat' dir='ltr'>omnes</span> <span class='ocrx_word' id='word_1_688' title='bbox 2286 2537 2484 2580; x_wconf 86' lang='lat' dir='ltr'>barbarae.</span> 
     </span>
    </p>
   </div>
   <div class='ocr_carea' id='block_1_20' title="bbox 1390 2613 2626 3214">
    <p class='ocr_par' dir='ltr' id='par_1_30' title="bbox 1390 2613 2626 3214">
     <span class='ocr_line' id='line_1_95' title="bbox 1447 2613 2624 2668; baseline 0.002 -15"><span class='ocrx_word' id='word_1_689' title='bbox 1447 2615 1515 2654; x_wconf 91' lang='lat'>68.</span> <span class='ocrx_word' id='word_1_690' title='bbox 1547 2613 1626 2653; x_wconf 90' lang='lat' dir='ltr'>Hic</span> <span class='ocrx_word' id='word_1_691' title='bbox 1651 2615 1754 2654; x_wconf 92' lang='lat' dir='ltr'>Ister</span> <span class='ocrx_word' id='word_1_692' title='bbox 1776 2613 1927 2653; x_wconf 89' lang='lat' dir='ltr'>fluvius</span> <span class='ocrx_word' id='word_1_693' title='bbox 1946 2614 1962 2666; x_wconf 89' lang='lat'>(</span> <span class='ocrx_word' id='word_1_694' title='bbox 1980 2614 2053 2667; x_wconf 91' lang='lat' dir='ltr'>qui</span> <span class='ocrx_word' id='word_1_695' title='bbox 2073 2613 2195 2654; x_wconf 89' lang='lat' dir='ltr'>etiam</span> <span class='ocrx_word' id='word_1_696' title='bbox 2215 2613 2402 2654; x_wconf 90' lang='lat' dir='ltr'>Danubis</span> <span class='ocrx_word' id='word_1_697' title='bbox 2424 2618 2624 2668; x_wconf 88' lang='lat' dir='ltr'>vocatur)</span> 
     </span>
     <span class='ocr_line' id='line_1_96' title="bbox 1390 2679 2626 2736; baseline 0.001 -15"><span class='ocrx_word' id='word_1_698' title='bbox 1390 2695 1440 2721; x_wconf 86' lang='lat' dir='ltr'>ex</span> <span class='ocrx_word' id='word_1_699' title='bbox 1459 2679 1644 2722; x_wconf 91' lang='lat' dir='ltr'>occiduis</span> <span class='ocrx_word' id='word_1_700' title='bbox 1662 2680 1789 2735; x_wconf 86' lang='lat' dir='ltr'>plagis</span> <span class='ocrx_word' id='word_1_701' title='bbox 1808 2680 2028 2721; x_wconf 88' lang='lat' dir='ltr'>deveniens</span> <span class='ocrx_word' id='word_1_702' title='bbox 2051 2681 2237 2736; x_wconf 90' lang='lat' dir='ltr'>quinque</span> <span class='ocrx_word' id='word_1_703' title='bbox 2253 2682 2365 2722; x_wconf 90' lang='lat' dir='ltr'>ostiis</span> <span class='ocrx_word' id='word_1_704' title='bbox 2385 2682 2429 2722; x_wconf 89' lang='lat' dir='ltr'>in</span> <span class='ocrx_word' id='word_1_705' title='bbox 2446 2683 2626 2722; x_wconf 84' lang='lat' dir='ltr'>Pontum</span> 
     </span>
     <span class='ocr_line' id='line_1_97' title="bbox 1391 2748 2624 2804; baseline 0 -15"><span class='ocrx_word' id='word_1_706' title='bbox 1391 2750 1488 2800; x_wconf 83' lang='lat' dir='ltr'>exit,</span> <span class='ocrx_word' id='word_1_707' title='bbox 1510 2748 1675 2789; x_wconf 90' lang='lat' dir='ltr'>duobus</span> <span class='ocrx_word' id='word_1_708' title='bbox 1690 2763 1789 2789; x_wconf 88' lang='lat' dir='ltr'>vero</span> <span class='ocrx_word' id='word_1_709' title='bbox 1811 2749 1933 2789; x_wconf 86' lang='lat' dir='ltr'>alveis</span> <span class='ocrx_word' id='word_1_710' title='bbox 1959 2749 2109 2789; x_wconf 88' lang='lat' dir='ltr'>scissus</span> <span class='ocrx_word' id='word_1_711' title='bbox 2125 2750 2167 2788; x_wconf 91' lang='lat' dir='ltr'>in</span> <span class='ocrx_word' id='word_1_712' title='bbox 2187 2748 2359 2790; x_wconf 87' lang='lat' dir='ltr'>Adriam</span> <span class='ocrx_word' id='word_1_713' title='bbox 2379 2763 2543 2804; x_wconf 89' lang='lat' dir='ltr'>quoque</span> <span class='ocrx_word' id='word_1_714' title='bbox 2562 2751 2624 2789; x_wconf 89' lang='lat' dir='ltr'>in-</span> 
     </span>
     <span class='ocr_line' id='line_1_98' title="bbox 1391 2816 2626 2871; baseline 0.001 -14"><span class='ocrx_word' id='word_1_715' title='bbox 1391 2817 1495 2858; x_wconf 86' lang='lat' dir='ltr'>fluit.</span> <span class='ocrx_word' id='word_1_716' title='bbox 1557 2816 1624 2859; x_wconf 93' lang='lat' dir='ltr'>Ad</span> <span class='ocrx_word' id='word_1_717' title='bbox 1647 2816 1842 2857; x_wconf 90' lang='lat' dir='ltr'>Celticam</span> <span class='ocrx_word' id='word_1_718' title='bbox 1875 2830 2006 2871; x_wconf 89' lang='lat' dir='ltr'>usque</span> <span class='ocrx_word' id='word_1_719' title='bbox 2034 2816 2139 2857; x_wconf 89' lang='lat' dir='ltr'>bene</span> <span class='ocrx_word' id='word_1_720' title='bbox 2161 2825 2285 2857; x_wconf 88' lang='lat' dir='ltr'>notus</span> <span class='ocrx_word' id='word_1_721' title='bbox 2315 2825 2389 2865; x_wconf 90' lang='lat' dir='ltr'>est,</span> <span class='ocrx_word' id='word_1_722' title='bbox 2419 2817 2553 2870; x_wconf 85' lang='lat' dir='ltr'>[idem</span> <span class='ocrx_word' id='word_1_723' title='bbox 2587 2825 2626 2858; x_wconf 81' lang='lat' dir='ltr'>et</span> 
     </span>
     <span class='ocr_line' id='line_1_99' title="bbox 1391 2886 2625 2943; baseline -0.002 -14"><span class='ocrx_word' id='word_1_724' title='bbox 1391 2888 1542 2943; x_wconf 77' lang='lat' dir='ltr'>hieme]</span> <span class='ocrx_word' id='word_1_725' title='bbox 1567 2895 1607 2928; x_wconf 87' lang='lat' dir='ltr'>et</span> <span class='ocrx_word' id='word_1_726' title='bbox 1622 2895 1757 2928; x_wconf 88' lang='lat' dir='ltr'>aestate</span> <span class='ocrx_word' id='word_1_727' title='bbox 1787 2886 1901 2933; x_wconf 89' lang='lat' dir='ltr'>omni</span> <span class='ocrx_word' id='word_1_728' title='bbox 1927 2900 2099 2927; x_wconf 88' lang='lat' dir='ltr'>manens</span> <span class='ocrx_word' id='word_1_729' title='bbox 2129 2894 2334 2941; x_wconf 80' lang='lat' dir='ltr'>tempore3</span> <span class='ocrx_word' id='word_1_730' title='bbox 2366 2900 2462 2926; x_wconf 84' lang='lat' dir='ltr'>nam</span> <span class='ocrx_word' id='word_1_731' title='bbox 2490 2886 2625 2927; x_wconf 87' lang='lat' dir='ltr'>hieme</span> 
     </span>
     <span class='ocr_line' id='line_1_100' title="bbox 1390 2953 2625 3010; baseline -0.003 -13"><span class='ocrx_word' id='word_1_732' title='bbox 1390 2955 1559 3010; x_wconf 90' lang='lat' dir='ltr'>quidem</span> <span class='ocrx_word' id='word_1_733' title='bbox 1577 2962 1750 3009; x_wconf 85' lang='lat' dir='ltr'>augetur</span> <span class='ocrx_word' id='word_1_734' title='bbox 1764 2962 1804 2995; x_wconf 87' lang='lat' dir='ltr'>et</span> <span class='ocrx_word' id='word_1_735' title='bbox 1822 2953 2016 3009; x_wconf 90' lang='lat' dir='ltr'>impletur</span> <span class='ocrx_word' id='word_1_736' title='bbox 2031 2967 2122 3009; x_wconf 85' lang='lat' dir='ltr'>quae</span> <span class='ocrx_word' id='word_1_737' title='bbox 2139 2953 2244 2994; x_wconf 92' lang='lat' dir='ltr'>fiunt</span> <span class='ocrx_word' id='word_1_738' title='bbox 2262 2953 2436 3008; x_wconf 90' lang='lat' dir='ltr'>pluviis;</span> <span class='ocrx_word' id='word_1_739' title='bbox 2461 2967 2510 2993; x_wconf 86' lang='lat' dir='ltr'>ex</span> <span class='ocrx_word' id='word_1_740' title='bbox 2532 2955 2625 2994; x_wconf 80' lang='lat' dir='ltr'>nive</span> 
     </span>
     <span class='ocr_line' id='line_1_101' title="bbox 1390 3014 2623 3076; baseline -0.004 -11"><span class='ocrx_word' id='word_1_741' title='bbox 1390 3014 1541 3074; x_wconf 77' lang='lat' dir='ltr'>autein,</span> <span class='ocrx_word' id='word_1_742' title='bbox 1570 3032 1616 3064; x_wconf 90' lang='lat' dir='ltr'>ut</span> <span class='ocrx_word' id='word_1_743' title='bbox 1638 3022 1789 3072; x_wconf 83' lang='lat' dir='ltr'>ferunt,</span> <span class='ocrx_word' id='word_1_744' title='bbox 1825 3031 2043 3076; x_wconf 87' lang='lat' dir='ltr'>augmenta</span> <span class='ocrx_word' id='word_1_745' title='bbox 2065 3030 2106 3062; x_wconf 80' lang='lat' dir='ltr'>et</span> <span class='ocrx_word' id='word_1_746' title='bbox 2128 3037 2178 3062; x_wconf 87' lang='lat' dir='ltr'>ex</span> <span class='ocrx_word' id='word_1_747' title='bbox 2205 3021 2420 3075; x_wconf 84' lang='lat' dir='ltr'>liquefacta</span> <span class='ocrx_word' id='word_1_748' title='bbox 2449 3021 2623 3061; x_wconf 86' lang='lat' dir='ltr'>subinde</span> 
     </span>
     <span class='ocr_line' id='line_1_102' title="bbox 1390 3088 2623 3145; baseline -0.004 -12"><span class='ocrx_word' id='word_1_749' title='bbox 1390 3106 1554 3133; x_wconf 89' lang='lat' dir='ltr'>sumens</span> <span class='ocrx_word' id='word_1_750' title='bbox 1587 3091 1727 3145; x_wconf 82' lang='lat' dir='ltr'>glacie,</span> <span class='ocrx_word' id='word_1_751' title='bbox 1751 3090 1872 3131; x_wconf 87' lang='lat' dir='ltr'>etiam</span> <span class='ocrx_word' id='word_1_752' title='bbox 1907 3098 2042 3130; x_wconf 89' lang='lat' dir='ltr'>aestate</span> <span class='ocrx_word' id='word_1_753' title='bbox 2064 3090 2265 3129; x_wconf 88' lang='lat' dir='ltr'>fluentum</span> <span class='ocrx_word' id='word_1_754' title='bbox 2297 3088 2446 3128; x_wconf 85' lang='lat' dir='ltr'>emittit</span> <span class='ocrx_word' id='word_1_755' title='bbox 2470 3089 2623 3142; x_wconf 88' lang='lat' dir='ltr'>pariter</span> 
     </span>
     <span class='ocr_line' id='line_1_103' title="bbox 1390 3155 2621 3214; baseline -0.004 -13"><span class='ocrx_word' id='word_1_756' title='bbox 1390 3160 1558 3214; x_wconf 86' lang='lat' dir='ltr'>aequale.</span> <span class='ocrx_word' id='word_1_757' title='bbox 1601 3159 1733 3199; x_wconf 87' lang='lat' dir='ltr'>Habet</span> <span class='ocrx_word' id='word_1_758' title='bbox 1751 3159 1874 3198; x_wconf 90' lang='lat' dir='ltr'>etiam</span> <span class='ocrx_word' id='word_1_759' title='bbox 1890 3157 2040 3196; x_wconf 87' lang='lat' dir='ltr'>insulas</span> <span class='ocrx_word' id='word_1_760' title='bbox 2057 3157 2098 3196; x_wconf 94' lang='lat' dir='ltr'>in</span> <span class='ocrx_word' id='word_1_761' title='bbox 2122 3157 2209 3210; x_wconf 88' lang='lat' dir='ltr'>ipso</span> <span class='ocrx_word' id='word_1_762' title='bbox 2229 3156 2324 3195; x_wconf 88' lang='lat' dir='ltr'>sitas</span> <span class='ocrx_word' id='word_1_763' title='bbox 2340 3155 2485 3194; x_wconf 86' lang='lat' dir='ltr'>multas</span> <span class='ocrx_word' id='word_1_764' title='bbox 2502 3164 2621 3209; x_wconf 90' lang='lat' dir='ltr'>atque</span> 
     </span>
    </p>
   </div>
   <div class='ocr_carea' id='block_1_21' title="bbox 1390 3317 2676 4110">
    <p class='ocr_par' dir='ltr' id='par_1_31' title="bbox 1390 3317 2621 3437">
     <span class='ocr_line' id='line_1_104' title="bbox 1446 3317 2621 3378; baseline -0.008 -12"><span class='ocrx_word' id='word_1_765' title='bbox 1446 3329 1467 3378; x_wconf 63' lang='grc' dir='ltr'><strong>ἓ</strong></span> <span class='ocrx_word' id='word_1_766' title='bbox 1492 3329 1543 3366; x_wconf 83' lang='grc'>66</span> <span class='ocrx_word' id='word_1_767' title='bbox 1556 3356 1565 3374; x_wconf 92' lang='grc'>,</span> <span class='ocrx_word' id='word_1_768' title='bbox 1582 3326 1609 3366; x_wconf 89' lang='lat' dir='ltr'>l.</span> <span class='ocrx_word' id='word_1_769' title='bbox 1624 3338 1690 3364; x_wconf 94' lang='grc'>22.</span> <span class='ocrx_word' id='word_1_770' title='bbox 1717 3321 1896 3376; x_wconf 78' lang='grc' dir='ltr'>Ἀχιλλεῖ</span> <span class='ocrx_word' id='word_1_771' title='bbox 1911 3320 1975 3361; x_wconf 79' lang='grc' dir='ltr'>καὶ</span> <span class='ocrx_word' id='word_1_772' title='bbox 1990 3319 2211 3361; x_wconf 85' lang='grc' dir='ltr'>ἀνάκεινται</span> <span class='ocrx_word' id='word_1_773' title='bbox 2230 3319 2294 3359; x_wconf 74' lang='grc' dir='ltr'>καὶ</span> <span class='ocrx_word' id='word_1_774' title='bbox 2311 3317 2621 3373; x_wconf 78' lang='grc' dir='ltr'>ἐπιγεγραμμένα</span> 
     </span>
     <span class='ocr_line' id='line_1_105' title="bbox 1390 3386 1892 3437; baseline -0.008 -9"><span class='ocrx_word' id='word_1_775' title='bbox 1390 3388 1541 3437; x_wconf 82' lang='lat' dir='ltr'>codex3</span> <span class='ocrx_word' id='word_1_776' title='bbox 1561 3386 1660 3426; x_wconf 90' lang='lat' dir='ltr'>illud</span> <span class='ocrx_word' id='word_1_777' title='bbox 1678 3386 1892 3426; x_wconf 87' lang='lat' dir='ltr'>Arrianus.</span> 
     </span>
    </p>

    <p class='ocr_par' dir='ltr' id='par_1_32' title="bbox 1390 3443 2621 3566">
     <span class='ocr_line' id='line_1_106' title="bbox 1447 3443 2621 3503; baseline -0.008 -11"><span class='ocrx_word' id='word_1_778' title='bbox 1447 3453 1558 3503; x_wconf 71' lang='lat'>567,</span> <span class='ocrx_word' id='word_1_779' title='bbox 1580 3449 1607 3489; x_wconf 94' lang='lat' dir='ltr'>l.</span> <span class='ocrx_word' id='word_1_780' title='bbox 1628 3462 1694 3501; x_wconf 83' lang='grc'>29.</span> <span class='ocrx_word' id='word_1_781' title='bbox 1722 3446 1772 3486; x_wconf 86' lang='grc' dir='ltr'>τὸ</span> <span class='ocrx_word' id='word_1_782' title='bbox 1799 3445 2054 3500; x_wconf 84' lang='grc' dir='ltr'>Νάρακον]</span> <span class='ocrx_word' id='word_1_783' title='bbox 2081 3445 2146 3485; x_wconf 88' lang='grc' dir='ltr'>τὸν</span> <span class='ocrx_word' id='word_1_784' title='bbox 2170 3444 2329 3498; x_wconf 70' lang='grc' dir='ltr'>Ἄρακον</span> <span class='ocrx_word' id='word_1_785' title='bbox 2356 3451 2396 3484; x_wconf 91' lang='lat' dir='ltr'>et</span> <span class='ocrx_word' id='word_1_786' title='bbox 2424 3458 2522 3484; x_wconf 82' lang='lat' dir='ltr'>mox</span> <span class='ocrx_word' id='word_1_787' title='bbox 2548 3443 2621 3484; x_wconf 72' lang='grc' dir='ltr'>ἀπὸ</span> 
     </span>
     <span class='ocr_line' id='line_1_107' title="bbox 1390 3508 2055 3566; baseline -0.006 -14"><span class='ocrx_word' id='word_1_788' title='bbox 1390 3515 1457 3552; x_wconf 80' lang='grc' dir='ltr'>τοῦ</span> <span class='ocrx_word' id='word_1_789' title='bbox 1483 3511 1637 3566; x_wconf 69' lang='grc' dir='ltr'>Ἆρά-κου</span> <span class='ocrx_word' id='word_1_790' title='bbox 1658 3508 1808 3556; x_wconf 79' lang='lat' dir='ltr'>codex3</span> <span class='ocrx_word' id='word_1_791' title='bbox 1834 3522 1914 3547; x_wconf 87' lang='lat' dir='ltr'>em.</span> <span class='ocrx_word' id='word_1_792' title='bbox 1933 3509 2055 3548; x_wconf 88' lang='lat' dir='ltr'>Voss.</span> 
     </span>
    </p>

    <p class='ocr_par' dir='ltr' id='par_1_33' title="bbox 1390 3567 2676 4064">
     <span class='ocr_line' id='line_1_108' title="bbox 1447 3567 2622 3626; baseline -0.006 -12"><span class='ocrx_word' id='word_1_793' title='bbox 1447 3578 1568 3626; x_wconf 65' lang='lat'>568,</span> <span class='ocrx_word' id='word_1_794' title='bbox 1595 3573 1622 3612; x_wconf 88' lang='lat' dir='ltr'>l.</span> <span class='ocrx_word' id='word_1_795' title='bbox 1649 3573 1716 3625; x_wconf 83' lang='lat'><strong>37.</strong></span> <span class='ocrx_word' id='word_1_796' title='bbox 1752 3571 1920 3624; x_wconf 89' lang='grc' dir='ltr'>πόροις</span> <span class='ocrx_word' id='word_1_797' title='bbox 1958 3567 2622 3624; x_wconf 78' lang='grc' dir='ltr'>σχιζόμενος]περισχιζόμενος</span> 
     </span>
     <span class='ocr_line' id='line_1_109' title="bbox 1392 3631 2620 3686; baseline -0.005 -10"><span class='ocrx_word' id='word_1_798' title='bbox 1392 3636 1536 3676; x_wconf 88' lang='lat' dir='ltr'>codex.</span> <span class='ocrx_word' id='word_1_799' title='bbox 1578 3636 1768 3674; x_wconf 86' lang='lat' dir='ltr'>Ceterum</span> <span class='ocrx_word' id='word_1_800' title='bbox 1807 3632 1860 3672; x_wconf 85' lang='lat' dir='ltr'>cf.</span> <span class='ocrx_word' id='word_1_801' title='bbox 1911 3640 1999 3672; x_wconf 90' lang='lat' dir='ltr'>not.</span> <span class='ocrx_word' id='word_1_802' title='bbox 2040 3631 2091 3672; x_wconf 90' lang='lat' dir='ltr'>ad</span> <span class='ocrx_word' id='word_1_803' title='bbox 2125 3632 2291 3686; x_wconf 79' lang='lat' dir='ltr'>Scymn.</span> <span class='ocrx_word' id='word_1_804' title='bbox 2338 3633 2434 3685; x_wconf 88' lang='lat'><strong>776.</strong></span> <span class='ocrx_word' id='word_1_805' title='bbox 2466 3632 2620 3670; x_wconf 87' lang='lat' dir='ltr'>Versus</span> 
     </span>
     <span class='ocr_line' id='line_1_110' title="bbox 1392 3691 2622 3751; baseline -0.007 -12"><span class='ocrx_word' id='word_1_806' title='bbox 1392 3698 1535 3751; x_wconf 86' lang='lat' dir='ltr'>refingi</span> <span class='ocrx_word' id='word_1_807' title='bbox 1562 3696 1690 3751; x_wconf 85' lang='lat' dir='ltr'>possit</span> <span class='ocrx_word' id='word_1_808' title='bbox 1730 3694 1791 3734; x_wconf 68' lang='lat' dir='ltr'>ita&#39;</span> <span class='ocrx_word' id='word_1_809' title='bbox 1821 3707 1829 3734; x_wconf 75' lang='grc' dir='ltr'>ε</span> <span class='ocrx_word' id='word_1_810' title='bbox 1870 3694 1955 3733; x_wconf 77' lang='grc' dir='ltr'>δυσὶ</span> <span class='ocrx_word' id='word_1_811' title='bbox 1991 3693 2030 3734; x_wconf 80' lang='grc' dir='ltr'>δὲ</span> <span class='ocrx_word' id='word_1_812' title='bbox 2059 3694 2190 3748; x_wconf 83' lang='grc' dir='ltr'>πόροις</span> <span class='ocrx_word' id='word_1_813' title='bbox 2215 3692 2278 3748; x_wconf 83' lang='grc' dir='ltr'>ῥεῖ’</span> <span class='ocrx_word' id='word_1_814' title='bbox 2305 3692 2534 3747; x_wconf 80' lang='grc' dir='ltr'>σχιζόμενος</span> <span class='ocrx_word' id='word_1_815' title='bbox 2573 3691 2622 3738; x_wconf 82' lang='grc' dir='ltr'>εἰς</span> 
     </span>
     <span class='ocr_line' id='line_1_111' title="bbox 1397 3752 2618 3814; baseline -0.007 -14"><span class='ocrx_word' id='word_1_816' title='bbox 1397 3759 1555 3814; x_wconf 79' lang='grc' dir='ltr'>Ἀδρίαν.</span> <span class='ocrx_word' id='word_1_817' title='bbox 1577 3760 1590 3811; x_wconf 80' lang='grc' dir='ltr'>Η</span> <span class='ocrx_word' id='word_1_818' title='bbox 1615 3781 1671 3788; x_wconf 92' lang='grc'><strong>-</strong></span> <span class='ocrx_word' id='word_1_819' title='bbox 1687 3758 1756 3805; x_wconf 87' lang='grc'>43.</span> <span class='ocrx_word' id='word_1_820' title='bbox 1774 3756 1817 3797; x_wconf 82' lang='grc' dir='ltr'>ἐν</span> <span class='ocrx_word' id='word_1_821' title='bbox 1854 3755 1903 3796; x_wconf 84' lang='grc' dir='ltr'>δὲ</span> <span class='ocrx_word' id='word_1_822' title='bbox 1935 3760 1997 3811; x_wconf 79' lang='grc' dir='ltr'>τῷ</span> <span class='ocrx_word' id='word_1_823' title='bbox 2024 3756 2178 3811; x_wconf 88' lang='grc' dir='ltr'>θέρει]</span> <span class='ocrx_word' id='word_1_824' title='bbox 2202 3757 2361 3796; x_wconf 90' lang='lat' dir='ltr'>Locum</span> <span class='ocrx_word' id='word_1_825' title='bbox 2376 3752 2618 3808; x_wconf 85' lang='lat' dir='ltr'>impeditum</span> 
     </span>
     <span class='ocr_line' id='line_1_112' title="bbox 1391 3813 2622 3876; baseline -0.007 -14"><span class='ocrx_word' id='word_1_826' title='bbox 1391 3824 1432 3862; x_wconf 93' lang='lat' dir='ltr'>in</span> <span class='ocrx_word' id='word_1_827' title='bbox 1469 3821 1663 3876; x_wconf 86' lang='lat' dir='ltr'>prosaicis</span> <span class='ocrx_word' id='word_1_828' title='bbox 1699 3819 1809 3859; x_wconf 89' lang='lat' dir='ltr'>hisce</span> <span class='ocrx_word' id='word_1_829' title='bbox 1840 3819 2040 3860; x_wconf 88' lang='lat' dir='ltr'>intactum</span> <span class='ocrx_word' id='word_1_830' title='bbox 2076 3818 2280 3872; x_wconf 88' lang='lat' dir='ltr'>relinquo.</span> <span class='ocrx_word' id='word_1_831' title='bbox 2314 3813 2536 3868; x_wconf 87' lang='lat' dir='ltr'>Quomodo</span> <span class='ocrx_word' id='word_1_832' title='bbox 2569 3814 2622 3854; x_wconf 87' lang='lat' dir='ltr'>ad</span> 
     </span>
     <span class='ocr_line' id='line_1_113' title="bbox 1390 3875 2622 3939; baseline -0.008 -15"><span class='ocrx_word' id='word_1_833' title='bbox 1390 3892 1519 3939; x_wconf 86' lang='lat' dir='ltr'>poetae</span> <span class='ocrx_word' id='word_1_834' title='bbox 1564 3890 1742 3922; x_wconf 87' lang='lat' dir='ltr'>mentem</span> <span class='ocrx_word' id='word_1_835' title='bbox 1759 3911 1770 3932; x_wconf 89' lang='lat'><strong>,</strong></span> <span class='ocrx_word' id='word_1_836' title='bbox 1810 3895 1933 3936; x_wconf 88' lang='lat' dir='ltr'>quam</span> <span class='ocrx_word' id='word_1_837' title='bbox 1973 3895 2057 3921; x_wconf 91' lang='lat' dir='ltr'>non</span> <span class='ocrx_word' id='word_1_838' title='bbox 2098 3887 2304 3921; x_wconf 88' lang='lat' dir='ltr'>assecutus</span> <span class='ocrx_word' id='word_1_839' title='bbox 2339 3891 2425 3917; x_wconf 89' lang='lat' dir='ltr'>esse</span> <span class='ocrx_word' id='word_1_840' title='bbox 2460 3875 2622 3916; x_wconf 84' lang='lat' dir='ltr'>videtur</span> 
     </span>
     <span class='ocr_line' id='line_1_114' title="bbox 1391 3936 2676 4001; baseline -0.007 -14"><span class='ocrx_word' id='word_1_841' title='bbox 1391 3953 1620 4001; x_wconf 83' lang='lat' dir='ltr'>excerptor,</span> <span class='ocrx_word' id='word_1_842' title='bbox 1652 3958 1844 3984; x_wconf 85' lang='lat' dir='ltr'>revocare</span> <span class='ocrx_word' id='word_1_843' title='bbox 1871 3943 1960 3984; x_wconf 87' lang='lat' dir='ltr'>haec</span> <span class='ocrx_word' id='word_1_844' title='bbox 1993 3943 2070 3983; x_wconf 88' lang='lat' dir='ltr'>viri</span> <span class='ocrx_word' id='word_1_845' title='bbox 2099 3941 2211 3982; x_wconf 90' lang='lat' dir='ltr'>docti</span> <span class='ocrx_word' id='word_1_846' title='bbox 2244 3939 2491 3988; x_wconf 82' lang='lat' dir='ltr'>studuerint,</span> <span class='ocrx_word' id='word_1_847' title='bbox 2536 3936 2618 3978; x_wconf 86' lang='lat' dir='ltr'>vid.</span> <span class='ocrx_word' id='word_1_848' title='bbox 2674 3983 2676 3985; x_wconf 53' lang='grc'>,</span> 
     </span>
     <span class='ocr_line' id='line_1_115' title="bbox 1391 4001 2622 4064; baseline -0.009 -15"><span class='ocrx_word' id='word_1_849' title='bbox 1391 4024 1433 4064; x_wconf 91' lang='lat' dir='ltr'>p.</span> <span class='ocrx_word' id='word_1_850' title='bbox 1463 4021 1543 4063; x_wconf 85' lang='grc'>227</span> <span class='ocrx_word' id='word_1_851' title='bbox 1570 4021 1633 4061; x_wconf 88' lang='lat' dir='ltr'>sq.</span> <span class='ocrx_word' id='word_1_852' title='bbox 1658 4014 1745 4047; x_wconf 86' lang='lat' dir='ltr'>not.</span> <span class='ocrx_word' id='word_1_853' title='bbox 1764 4007 1813 4046; x_wconf 92' lang='lat' dir='ltr'>In</span> <span class='ocrx_word' id='word_1_854' title='bbox 1828 4005 1962 4046; x_wconf 87' lang='lat' dir='ltr'>latinis</span> <span class='ocrx_word' id='word_1_855' title='bbox 1986 4006 2041 4045; x_wconf 89' lang='lat' dir='ltr'>ita</span> <span class='ocrx_word' id='word_1_856' title='bbox 2061 4005 2162 4044; x_wconf 87' lang='lat' dir='ltr'>verti</span> <span class='ocrx_word' id='word_1_857' title='bbox 2183 4003 2296 4058; x_wconf 88' lang='lat' dir='ltr'>quasi</span> <span class='ocrx_word' id='word_1_858' title='bbox 2318 4003 2359 4042; x_wconf 89' lang='lat' dir='ltr'>in</span> <span class='ocrx_word' id='word_1_859' title='bbox 2383 4001 2523 4054; x_wconf 78' lang='lat' dir='ltr'>graecis</span> <span class='ocrx_word' id='word_1_860' title='bbox 2545 4012 2622 4054; x_wconf 89' lang='lat' dir='ltr'>pro</span> 
     </span>
    </p>

    <p class='ocr_par' dir='ltr' id='par_1_34' title="bbox 2401 4080 2453 4110">
     <span class='ocr_line' id='line_1_116' title="bbox 2401 4080 2453 4110; baseline -0.019 -1"><span class='ocrx_word' id='word_1_861' title='bbox 2401 4080 2453 4110; x_wconf 88' lang='lat'>27.</span> 
     </span>
    </p>
   </div>
  </div>
 </body>
</html>
