2808 4342
181 224 271 264 328
533 251 578 294 .

178 319 372 382 λχουσιν,
413 315 608 377 ἰσόμηκες
641 315 702 376 τῷ
726 310 911 374 φορέοντι
941 308 990 355 τὸ
1025 306 1165 364 τόξον,
1189 316 1262 354 καὶ
1296 313 1417 357 τοῦτο

177 387 295 434 κάτω
316 386 384 433 ἐπὶ
403 382 478 440 τὴν
498 387 577 446 γῆν
603 381 736 432 θέντες
757 378 830 425 καὶ
847 379 908 441 τῷ
929 375 1025 423 ποδὶ
1044 379 1104 439 τῷ
1125 378 1328 441 ἀριστερῷ
1347 380 1417 424 ἀν·

179 454 394 510 τιὸάντες,
426 452 554 502 οὕτως
596 447 877 504 ἐκτοξεύουσι,
910 444 987 502 τὴν
1023 443 1170 508 νευρὴν
1202 446 1271 491 ἐπὶ
1307 446 1418 509 μέγα

181 522 317 570 ὀπίσω
350 518 647 580 ἀπαγαγόντες·
674 513 726 575 (7)
747 518 769 560 ὁ
799 513 881 577 γὰρ
904 512 1039 567 ὀϊστὸς
1071 514 1254 561 αὐτοῖσιν
1281 515 1417 576 ὀλίγον

137 604 158 635 ο
179 591 366 638 ἀποδέων
381 587 621 650 τριπήχεος,
640 581 734 630 οὐδέ
755 601 795 629 τι
820 581 985 645 ἀντέχει
1007 581 1190 637 τοξευθὲν
1206 582 1308 647 πρὸς
1327 583 1419 632 Ἰν-

177 660 249 707 δοῦ
267 657 409 719 ’ἀνδρὸς
430 654 613 709 τοξικοῦ,
646 651 738 698 οὔτε
772 650 895 703 ἀσπὶς
922 649 1015 697 οὔτε
1041 650 1175 716 θώρηξ
1201 651 1292 699 οὔτε
1322 652 1360 699 εἴ
1376 671 1417 699 τι

174 725 371 789 καρτερὸν
391 722 567 783 ἐγένετο.
637 722 686 782 (ε)
707 720 783 768 Ἐν
807 719 849 766 δὲ
867 723 985 784 τῇσιν
1009 722 1248 784 ἀριστερῇσι
1268 723 1417 768 πέλται

177 795 279 842 εἰσὶν
300 795 480 840 αὐτοῖσιν
500 791 749 853 ὠμοὸόῖνοι,
781 790 1031 854 στεινότεραι
1051 789 1126 852 μὲν
1153 788 1180 847 ἢ
1201 790 1309 837 κατὰ
1326 790 1418 844 τοὺς

176 863 414 926 φορέοντας,
435 861 560 922 μήκεϊ
579 860 621 906 δὲ
649 862 695 906 οὗ
722 859 875 906 πολλὸν
893 859 1159 908 ἀποδέουσαι.
1224 861 1345 908 Τοῖσι
1371 859 1415 907 δὲ

114 948 152 979 10
176 934 340 985 ἄκοντες
359 930 601 985 ἀντὶ,τόξων
622 928 715 977 εἶσί.
783 930 830 991 (ὁ)
857 929 1084 992 Μάχαιραν
1113 928 1156 975 δὲ
1178 928 1330 983 πάντες
1349 947 1418 993 φο·

176 1003 336 1067 ρέουσι,
360 999 544 1057 πλατέην
569 1000 612 1046 δὲ
640 999 711 1045 καὶ
734 999 780 1045 τὸ
808 1002 942 1059 μῆκος
970 1001 1015 1045 οὐ
1046 999 1157 1060 μέζω
1179 999 1416 1063 τριπήχεος·

170 1072 244 1119 καὶ
266 1071 442 1128 ταύτην,
466 1070 591 1116 ἐπεὰν
608 1069 814 1125 συστάδην
834 1072 1023 1131 καταστῇ
1046 1068 1227 1115 αὐτοῖσιν
1251 1072 1278 1125 ἡ
1297 1069 1415 1132 μάχη

175 1143 189 1206 (
206 1141 253 1188 τὸ
266 1141 308 1187 δὲ
318 1142 393 1188 οὗκ
411 1141 621 1203 εὐμαρέως
638 1139 823 1187 Ἰνδοῖσιν
839 1140 879 1192 ές
896 1138 1098 1195 ἀλλήλους
1109 1138 1267 1200 γίνεται
1284 1137 1315 1200 ),
1332 1140 1415 1199 ἀμ-

170 1214 261 1275 φοῖν
275 1216 364 1256 ταῖν
382 1212 520 1272 χεροῖν
544 1208 843 1272 καταφέρουσιν
864 1210 904 1260 ἐς
922 1206 996 1264 τὴν
1020 1206 1184 1268 πληγὴν
1197 1242 1210 1264 ,
1230 1211 1301 1254 τοῦ
1314 1226 1416 1272 καρ-

112 1298 151 1328 15
170 1277 290 1343 τερὴν
310 1278 384 1334 τὴν
404 1278 569 1341 πληγὴν
586 1278 791 1339 γενέσθαι.
863 1277 937 1338 (to)
955 1279 1011 1325 Οἱ
1031 1276 1073 1323 δὲ
1086 1276 1231 1329 ἱππέες
1244 1276 1414 1324 ἀκόντια

171 1349 243 1396 δύο
266 1349 447 1395 αὐτοῖσιν
466 1350 630 1411 ἔχουσιν
643 1383 657 1407 ,
677 1340 743 1394 οἶα
763 1346 816 1393 τὰ
839 1346 986 1393 σαύνια
1007 1347 1193 1404 ἀκόντια,
1213 1347 1286 1394 καὶ
1309 1347 1415 1393 πέλ-

169 1437 245 1475 την
283 1418 557 1481 σμικροτέρην
591 1421 671 1463 τῶν
702 1420 849 1471 πεζῶν.
916 1420 972 1465 Οἱ
1003 1416 1047 1463 δὲ
1082 1414 1203 1463 ἵπποι
1233 1417 1415 1463 αὐτοῖσιν

169 1490 216 1535 οὗ
235 1486 484 1549 σεσαγμένοι
523 1486 624 1533 εἰσὶν
640 1523 653 1548 ,
700 1486 790 1533 οὐδὲ
811 1488 1078 1549 χαλινοῦνται
1099 1493 1228 1532 τοῖσιν
1249 1485 1407 1543 Ἑλλη-

171 1558 344 1604 νικοῖσιν
383 1558 616 1620 χαλινοῖσιν
657 1556 683 1611 ἢ
724 1562 831 1601 τοῖσι
874 1556 1135 1602 Κελτικοῖσιν
1176 1554 1384 1618 ἐμφερέως
1400 1590 1413 1611 ,

106 1642 149 1673 20
173 1627 245 1688 (11)
275 1627 381 1673 ἀλλὰ
404 1626 499 1688 περὶ
523 1626 639 1687 ἄκρῳ
659 1628 717 1688 τῷ
737 1626 913 1684 στόματι
935 1628 1008 1671 τοῦ
1038 1622 1169 1670 ἵππου
1195 1626 1236 1670 ἐν
1271 1623 1412 1687 κύκλῳ

170 1696 312 1759 ἔχουσι
333 1695 464 1757 δέρμα
487 1694 717 1752 ὠμοὸόῖνον
739 1696 894 1758 ῥαπτὸν
914 1693 1257 1757 περιηρτημένον·
1278 1693 1350 1739 καὶ
1373 1695 1414 1739 ἐν

168 1765 301 1828 τούτῳ
326 1766 488 1828 χάλκεα
510 1765 659 1827 κέντρα
683 1765 711 1819 ἢ
743 1763 912 1825 σιδήρεα
930 1799 943 1823 ,
969 1766 1013 1809 οὗ
1039 1763 1172 1825 κάρτα
1202 1763 1311 1820 ὀξέα,
1331 1762 1414 1809 ἔσω

168 1833 454 1897 ἐστραμμένα·
489 1837 593 1879 τοῖσι
628 1833 672 1879 δὲ
705 1834 959 1879 πλουσίοισιν
994 1833 1236 1895 ἐλεφάντινα
1266 1832 1414 1894 κέντρα

168 1902 294 1949 ἐστίν·
334 1905 375 1949 ἐν
409 1902 452 1948 δὲ
488 1906 547 1964 τῷ
582 1901 760 1962 στόματι
794 1901 959 1964 σίδηρον
1001 1903 1184 1947 αὐτοῖσιν
1218 1902 1254 1946 οἱ
1294 1898 1415 1946 ἵπποι

107 1984 149 2016 25
170 1971 357 2036 ἔχουσιν,
377 1964 461 2019 οἶόν
480 1990 557 2035 περ
584 1971 751 2027 ὀδελὸν,
784 1971 892 2018 ἔνθεν
926 1970 1190 2034 ἐξηρτημένοι
1210 1969 1311 2016 εἰσὶν
1341 1973 1415 2017 αὖ-

167 2043 297 2089 τοῗσιν
330 2044 368 2088 οῖ
403 2045 584 2105 ῥυτῆρες·
613 2039 683 2103 (12)
715 2040 840 2087 ἐπεὰν
865 2032 922 2086 ὦν
959 2041 1201 2103 ἐπαγάγωσι
1237 2039 1305 2085 τὸν
1346 2042 1414 2102 ῥυ·

170 2114 304 2176 τῆρα,
330 2111 355 2157 ὅ
374 2130 417 2157 τε
445 2110 586 2163 ὀίελὸς
607 2112 771 2173 κρατέει
796 2109 862 2156 τὸν
883 2109 1036 2167 ἵππον,
1059 2109 1132 2155 καὶ
1155 2109 1207 2155 τὰ
1240 2108 1415 2171 κέντρα,

169 2174 236 2227 οἶα
262 2181 311 2237 δὴ
338 2179 378 2234 ἐξ
413 2175 536 2225 αὖτοῧ
560 2179 799 2240 ἠρτημένα,
829 2179 1044 2224 κεντέοντα
1068 2179 1143 2224 οὐκ
1166 2180 1216 2242 ἐᾷ
1249 2178 1351 2224 ἄλλο
1373 2196 1413 2222 τι

168 2248 196 2306 ἢ
215 2250 428 2296 πείθεσθαι
446 2251 505 2311 τῷ
524 2251 684 2312 ῥυτῆρι.

105 2330 148 2362 30
230 2321 381 2367 XVII.
414 2317 484 2367 Τὰ
506 2317 550 2364 δὲ
570 2317 747 2379 σώματα
771 2317 907 2380 ἰσχνοί
939 2337 983 2364 τε
1012 2317 1112 2363 εἰσὶν
1136 2320 1174 2364 οἳ
1197 2315 1320 2364 Ἰνδοὶ
1342 2315 1414 2362 καὶ

168 2388 388 2449 εὐμήκεες,
411 2387 483 2435 καὶ
506 2391 650 2451 κοῦφοι
675 2387 826 2434 πολλόν
848 2407 887 2434 τι
918 2386 1019 2451 ὑπὲρ
1042 2387 1133 2440 τοὺς
1155 2386 1304 2438 ἄλλους
1337 2389 1408 2430 ἆν-

168 2458 366 2522 θρώπους.
434 2456 663 2521 Ὀχήματα
689 2456 731 2503 δὲ
770 2460 876 2504 τοῖσι
900 2456 975 2518 μὲν
1013 2459 1225 2503 πολλοῖσιν
1261 2455 1406 2503 Ἰνδῶν

166 2527 350 2587 κάμηλοί
371 2528 450 2572 εἶσι
482 2527 554 2572 καὶ
586 2525 707 2572 ἵπποι
737 2526 809 2572 καὶ
843 2525 951 2583 ὄνοι,
978 2527 1083 2572 τοῖσι
1108 2526 1149 2572 δὲ
1175 2525 1412 2586 εὐδαίμοσιν

166 2596 396 2659 ἐλέφαντες.
466 2599 517 2658 (2)
554 2596 775 2643 Βασιλικὸν
801 2596 880 2659 γὰρ
903 2596 1047 2659 ὄχημα
1081 2599 1102 2642 ὁ
1137 2595 1283 2659 ἐλέφας
1306 2593 1404 2656 παρ’

104 2683 147 2715 ³5
165 2664 354 2712 Ἰνδοῖσίν
377 2668 476 2712 ἔστι·
495 2665 680 2729 δεύτερον
700 2666 741 2712 δὲ
762 2669 865 2729 τιμῇ
882 2667 951 2712 ἐπὶ
980 2666 1112 2729 τούτῳ
1123 2665 1174 2711 τὰ
1191 2665 1412 2728 τέθριππα,

167 2735 303 2798 τρίτον
333 2735 375 2781 δὲ
401 2738 441 2781 αἱ
472 2737 667 2795 κάμηλοι·
706 2737 753 2782 τὸ
778 2738 820 2782 δὲ
851 2739 916 2782 ἐπ’
949 2737 1035 2789 ἑνὸς
1056 2735 1187 2782 ἵππου
1222 2734 1413 2798 ὀχέεσθαι

170 2804 333 2865 ἄτιμον.
406 2808 456 2865 (a)
487 2808 540 2851 Αἱ
560 2808 746 2866 γυναῖκες
766 2806 807 2851 δὲ
829 2807 1012 2852 αὐτοῖσιν
1030 2843 1042 2864 ‚
1066 2805 1161 2850 ὅσαι
1181 2804 1313 2867 κάρτα
1337 2803 1415 2850 σώ·

167 2890 310 2936 φρονες
326 2909 338 2930 ,
366 2873 434 2917 ἐπὶ
460 2873 533 2931 μὲν
570 2875 685 2935 ἄλλῳ
707 2877 843 2936 μισθῷ
875 2876 947 2919 οὐκ
982 2874 1031 2918 ἄν
1052 2893 1090 2918 τι
1114 2874 1378 2934 διαμάρτοιεν
1395 2907 1409 2931 ,

167 2941 374 3007 ἕλε’φαντα
409 2941 451 2987 δὲ
485 2940 672 2986 {aeonae
709 2942 811 3001 γυνὴ
849 2942 1041 3001 μίσγεται
1069 2944 1129 3004 τῷ
1153 2942 1276 2986 δόντι·
1319 2941 1411 2986 οὐδὲ

27 3029 31 3034 ’
105 3022 148 3054 40
170 3012 342 3075 αἰσχρὸν
368 3010 488 3058 Ἰνδοὶ
523 3010 669 3071 ἄγουσι
703 3011 750 3056 τὸ
774 3010 841 3055 ἐπὶ
873 3011 1061 3073 ἐλέφαντι
1087 3013 1281 3068 μιγῆναι,
1306 3010 1412 3055 ἀλλὰ

166 3079 240 3127 καὶ
263 3079 411 3142 σεμνὸν
435 3078 566 3125 δοκέει
591 3082 686 3142 τῇσι
708 3077 917 3140 γυναιξὶν,
949 3078 1065 3133 ἀξίην
1090 3077 1135 3122 τὸ
1155 3078 1306 3126 κάλλος
1328 3095 1405 3140 φα·

169 3153 286 3208 νῆναι
320 3148 548 3214 ἕλέφαντος.
617 3148 671 3212 (ι)
708 3147 920 3209 Γαμέουσι
958 3147 1000 3194 δὲ
1038 3146 1127 3193 οὔτε
1163 3165 1201 3192 τι
1235 3147 1408 3197 διδόντες

166 3336 225 3344 -
246 3326 283 3354 1.
317 3312 364 3354 τὸ
393 3320 488 3354 ante
509 3311 619 3361 τόξον
640 3326 725 3353 om.
747 3312 871 3354 BCD.
891 3313 954 3352 De
972 3323 1072 3352 arcu
1089 3307 1236 3351 Indico
1254 3308 1308 3350 cs.
1331 3310 1411 3350 Hc-

167 3374 292 3417 rodot
311 3370 410 3426 vl't,
435 3375 487 3416 65
513 3377 603 3430 11-
624 3375 662 3416 5.
697 3373 840 3422 ἆντέξει
880 3377 932 3416 Α.
978 3393 995 3409 ι
1018 3372 1283 3414 Contrarium
1311 3370 1413 3412 dicit

169 3437 337 3479 Curtius
351 3439 472 3488 vm,
497 3454 522 3492 9
542 3451 552 3479 ε
575 3437 725 3479 Binan:
740 3436 971 3478 cubitorum
989 3434 1159 3489 sagitta·
1179 3442 1292 3483 sunt,
1309 3448 1414 3490 quas

169 3498 366 3540 emittunt
396 3501 549 3555 niujore
587 3499 692 3541 nixu
725 3514 850 3555 quam
874 3498 1041 3553 efficta.
1073 3495 1237 3554 Quippe
1269 3495 1407 3544 telum,

169 3560 290 3615 cujus
309 3559 350 3600 in
369 3560 536 3602 levitate
554 3561 622 3603 vis
637 3562 770 3603 omnis
787 3569 862 3609 est,
888 3558 1065 3614 inhabili
1076 3556 1255 3617 pondere
1271 3570 1411 3598 onera·

171 3622 268 3675 tur(
284 3635 324 3663 v.
338 3621 494 3663 Herod.
514 3623 542 3664 l.
560 3623 588 3664 1.
602 3626 632 3677 ).
648 3621 898 3678 Similequid
911 3622 1059 3678 repetit
1069 3622 1189 3672 vm,
1211 3621 1276 3662 15.
1300 3633 1365 3674 ¹9·
1390 3637 1406 3658 ι

170 3681 311 3725 Scan.
331 3683 348 3738 ΙΙ
366 3707 422 3715 -
445 3687 485 3724 6.
510 3683 596 3725 οὔτε
613 3686 634 3725 ὅ
655 3700 690 3725 τι
709 3688 767 3735 L;
790 3684 876 3725 οὔτε
910 3699 946 3725 τι
973 3686 1024 3726 Λ.
1054 3684 1072 3739 ΙΙ
1092 3696 1205 3739 —7.
1234 3683 1316 3730 τοῖς
1330 3680 1411 3737 &pt-

173 3745 420 3800 στεροῒσιν...
440 3743 658 3799 ὠμοὸόϊναι
682 3749 732 3787 Λ.
764 3747 779 3799 n
806 3769 862 3777 —
889 3749 953 3795 14.
980 3747 1065 3787 τοῖν
1082 3746 1219 3801 χεροῖν
1236 3746 1288 3787 Λ.
1317 3745 1335 3799 ΙΙ
1356 3767 1414 3775 -

177 3809 244 3847 16.
270 3805 406 3847 δαῦνια
425 3807 552 3849 ΑΒΙ).
581 3808 597 3862 ΙΙ
621 3830 679 3839 -
699 3807 842 3860 πέλτην
859 3806 927 3859 τὴν
944 3823 1011 3862 σμ.
1030 3806 1175 3859 codd.;
1192 3814 1271 3849 art.
1294 3805 1413 3862 eJecit

173 3866 430 3910 Schmieder.
458 3869 476 3922 ΙΙ
498 3891 557 3900 -
577 3869 641 3911 18.
668 3868 803 3924 χαλιν.
841 3883 926 3910 om.
967 3871 1022 3910 D.
1047 3870 1064 3923 ΙΙ
1084 3893 1141 3900 -
1166 3882 1232 3924 19.
1266 3869 1291 3921 ἢ
1311 3869 1413 3911 τοῖσι

174 3927 345 3971 κελτίσιν
364 3929 378 3985 (
400 3930 558 3983 κέλησιν
580 3944 677 3985 mgo
702 3930 715 3985 )
740 3931 788 3971 C.
818 3931 834 3982 11
862 3953 919 3961 -
934 3934 1002 3970 26.
1023 3929 1196 3985 ἔπάγωσι
1219 3933 1270 3973 Α.

230 3990 370 4041 XVII,
385 3991 452 4032 30.
468 3991 505 4032 oi
519 4006 568 4033 ex
587 3990 731 4034 Aadd.
748 3991 938 4032 Dfibner.
957 3992 972 4045 ΙΙ
987 4015 1043 4022 -
1059 3993 1105 4032 31
1118 4023 1127 4032 .
1146 3990 1318 4047 εὗμήκε
1331 3989 1411 4047 ες]

183 4068 202 4086 ι
222 4052 313 4092 Hoc
321 4052 531 4094 Diodorus
545 4054 730 4106 xvn,‹·..
751 4068 776 4111 9
786 4066 800 4094 1
813 4053 1150 4112 praecipucrcsert
1159 4052 1212 4095 de
1224 4051 1412 4095 Catheis.

1460 1661 1470 1669 ,
1485 1629 1733 1671 cohibentur
1756 1642 1766 1670 :
1791 1630 1830 1682 (1
1842 1631 1882 1683 1)
1905 1627 1977 1670 sed
1998 1636 2223 1670 extremam
2249 1627 2427 1671 saucium
2445 1631 2540 1686 equi
2567 1638 2725 1687 partem

1317 207 1575 259 Annum

1484 333 1583 363 eum
1601 328 1731 376 gestat
1745 319 2043 376 longitudinis:
2062 324 2307 380 atquehunc
2324 324 2491 381 quidem
2508 324 2561 367 ad
2572 314 2735 389 ten-aur}
2783 343 2786 346 ’

1487 397 1757 439 obfirmantes
1777 397 2029 454 sinistroque
2054 397 2163 455 pede
2179 402 2502 444 contranitentcs
2517 433 2528 453 ,
2550 416 2603 444 ne

1488 471 1609 527 longe
1640 480 1754 515 retro
1784 471 2014 524 adducunt,
2046 481 2089 516 et
2117 474 2178 517 sic
2197 477 2405 532 sagittant.
2466 479 2530 533 (7)
2563 478 2727 533 sagittis

1487 548 1600 590 enim
1617 556 1795 591 utuntur
1816 549 1942 591 trium
1956 549 2081 606 paulo
2100 550 2239 593 minus
2256 551 2492 606 cubitorum
2512 566 2523 595 ε
2542 553 2727 610 nihilque

1487 632 1549 666 est
1581 623 1698 681 quod
1724 623 1860 668 Indici
1893 627 2090 682 sagittarii
2120 626 2247 668 telum
2283 642 2368 669 non
2396 637 2608 686 penetret,
2639 644 2725 673 non

1486 708 1674 753 scutum,
1695 715 1781 744 non
1800 701 1947 744 thorax
1961 734 1974 754 ,
2001 710 2071 745 aut
2089 702 2201 745 aliud
2216 712 2435 746 armaturae
2451 717 2580 759 genus
2597 720 2727 762 quan·
2790 686 2796 730 *⁷

1488 778 1641 820 tumvis
1662 777 1860 820 validum.
1922 778 1985 836 (8)
2003 781 2053 822 In
2072 780 2235 822 sinistra
2253 781 2381 837 peltas
2395 789 2582 837 gei-unte
2595 782 2728 828 crudo
2751 765 2757 770 ’

1487 853 1604 895 corio
1618 852 1792 905 bubulo,
1813 855 2070 909 angustiores
2085 869 2211 912 quam
2227 857 2254 898 ii
2271 858 2342 913 qui
2362 871 2428 898 eas
2447 865 2620 913 gestant,
2636 857 2727 902 lon·
2767 847 2770 851 ¹

1487 935 1675 991 gitudine
1686 936 1992 994 propemodum
2009 938 2197 994 aequaloe.
2231 931 2235 935 ⁴
2258 939 2520 993 Quibusdam
2549 954 2647 982 vero
2665 939 2730 997 Ja-

1487 1013 1580 1055 cula
1593 1022 1690 1056 sunt
1708 1013 1800 1056 loco
1818 1027 2007 1057 arcuum.
2067 1015 2132 1070 (9)
2150 1016 2307 1069 ‚Ensem
2325 1030 2470 1059 omne·
2488 1026 2662 1073 goetant,
2686 1025 2729 1061 et
2774 1046 2776 1052 ·

1487 1091 1616 1133 latum
1632 1122 1644 1142 ,
1674 1099 1716 1133 et
1739 1091 1865 1132 trium
1889 1090 2126 1133 cubitorum
2140 1122 2152 1142 ,
2185 1106 2270 1134 non
2292 1091 2398 1135 ultra
2415 1124 2427 1145 ,
2450 1093 2724 1149 longitudine.
2774 1096 2779 1125 ὲ

1486 1170 1625 1219 Hunc,
1646 1183 1778 1224 quum
1802 1169 1993 1210 cominus
2010 1182 2148 1225 pugna
2166 1159 2360 1211 misectur
2379 1171 2535 1226 (quam
2558 1171 2726 1228 quidem
2777 1176 2781 1204 ’-

1486 1260 1571 1287 non
1593 1244 1708 1287 facilc
1722 1244 1818 1287 Indi
1838 1246 1945 1287 inter
1961 1260 2004 1287 se
2026 1246 2171 1288 ineunt
2190 1249 2221 1300 ),
2244 1254 2418 1303 utraque
2430 1261 2555 1290 manu
2577 1247 2727 1292 demit-

1487 1330 1595 1373 tunt,
1630 1336 1715 1378 quo
1747 1321 1945 1377 majorem
1978 1322 2138 1379 plagam
2175 1322 2369 1365 inserant.
2429 1325 2521 1379 (ιο)
2557 1325 2729 1382 Equites
2769 1359 2772 1362 .

1486 1397 1651 1441 duobus
1664 1397 1812 1455 jaculis
1827 1407 2016 1451 utuntur,
2034 1414 2127 1455 quae
2146 1401 2300 1442 verutis
2314 1408 2412 1442 sunt
2429 1401 2576 1443 similia
2593 1414 2603 1443 t
2621 1401 2727 1459 pelta

1486 1476 1648 1519 minore
1658 1490 1782 1532 quam
1797 1475 1971 1533 pedites.
2032 1477 2140 1533 Equi
2154 1491 2288 1533 neque
2301 1477 2407 1520 sellis
2423 1478 2723 1530 insternuntur,
2799 1514 2802 1518 Α

1486 1566 1622 1618 neque
1645 1551 1770 1594 frenis
1792 1566 1885 1608 quoe
1909 1553 2158 1594 Graecanicis
2186 1561 2259 1594 aut
2279 1552 2442 1595 Celticis
2475 1554 2622 1596 similia
2643 1555 2726 1597 sint
2786 1552 2789 1553 ⁷

1485 1706 1575 1748 loro
1592 1737 1604 1757 ‚
1625 1705 1738 1761 quod
1758 1720 1808 1746 ex
1831 1704 1963 1747 crudo
1981 1705 2097 1747 corio
2115 1704 2272 1746 bubulo
2294 1714 2513 1747 consutum
2536 1715 2612 1757 est,
2643 1707 2726 1748 cir·

1484 1782 1770 1823 cumvinciunt
1802 1795 1811 1823 :
1849 1780 1901 1823 ad
1923 1780 2046 1837 hujus
2069 1781 2144 1823 lori
2167 1782 2405 1823 interiorem
2424 1790 2583 1838 partem
2606 1781 2728 1826 clavi·

1485 1858 1598 1900 culos
1610 1873 1744 1900 aeneos
1758 1866 1830 1900 aut
1845 1857 1998 1901 ferreos
2017 1873 2102 1900 non
2118 1857 2344 1900 admodum
2364 1867 2506 1900 acutos
2521 1858 2696 1915 affigunt
2713 1872 2724 1902 :

1485 1934 1771 1992 locupletiores
1801 1933 1995 1977 eburneis
2039 1943 2232 1978 utuntur.
2292 1938 2342 1977 In
2389 1935 2487 1992 ipsis
2522 1949 2725 1991 equorum

1487 2012 1674 2054 saucibus
1697 2011 1851 2054 serrum
1873 2020 1949 2063 est,
1975 2012 2103 2054 instar
2128 2027 2230 2054 veru
2245 2043 2256 2064 ,
2278 2012 2344 2053 cui
2370 2012 2541 2054 habenae
2561 2012 2727 2067 alligau-

1485 2098 1568 2132 tur.
1629 2090 1718 2146 (12)
1758 2089 1940 2144 Quando
1974 2090 2100 2144 igitur
2134 2088 2349 2131 adducunt
2387 2088 2590 2140 habenas,
2625 2102 2726 2131 veru

1486 2182 1640 2223 equum
1676 2167 1859 2218 cohibet,
1897 2166 2167 2222 claviculique
2202 2166 2257 2208 illi
2294 2167 2461 2223 appensi
2498 2174 2737 2223 pungentes·
2794 2213 2800 2216 ,

1485 2244 1655 2286 habenis
1674 2258 1833 2285 morem
1856 2257 1996 2297 gerere
2014 2251 2183 2298 cogunt.

1539 2322 1678 2363 XVII.
1710 2319 1806 2362 Indi
1826 2319 2072 2376 corporibus
2087 2327 2186 2362 sunt
2206 2319 2391 2375 graciles,
2413 2320 2593 2377 proceri,
2615 2320 2724 2364 mul-

1485 2398 1611 2445 toque
1629 2389 1773 2431 ceteris
1813 2388 2055 2430 mortalibus
2085 2388 2258 2430 leviores
2289 2396 2413 2444 atque
2433 2387 2727 2445 expeditiores.

1483 2458 1709 2499 vehuntur
1726 2457 1911 2513 plerique
1929 2455 2093 2498 camelis
2108 2488 2119 2507 ,
2143 2457 2261 2512 equis
2283 2464 2324 2498 et
2341 2457 2466 2498 asinis
2486 2469 2498 2499 :
2527 2456 2724 2511 ditiores,

1483 2528 1724 2584 elephantis.
1785 2529 1850 2582 (2)
1865 2528 2037 2582 Regium
2045 2527 2158 2568 enim
2170 2525 2281 2583 apud
2294 2525 2420 2568 Indos
2434 2534 2495 2568 oet
2508 2526 2726 2584 elephanto
2791 2523 2806 2571 ’,ἓ

1486 2597 1578 2639 vehi
1605 2611 1615 2639 ;
1639 2597 1856 2654 proximus
1874 2596 1973 2638 huic
2003 2596 2156 2646 honor,
2182 2594 2395 2651 quadrigis
2418 2608 2427 2636 :
2454 2597 2622 2648 tertius,
2657 2610 2726 2639 cn·
2787 2573 2808 2700 ξ

1474 2666 1589 2707 melis
1599 2664 1705 2705 vhei.
1717 2666 1815 2706 Uno
1825 2677 1934 2720 equo
1953 2663 2070 2714 vehi,
2097 2662 2174 2704 vile
2187 2671 2263 2703 est.
2325 2663 2389 2717 (3)
2404 2662 2597 2704 Mulieroe
2611 2663 2724 2719 apud

1482 2747 1574 2785 eos,
1595 2745 1687 2788 quae
1708 2740 1826 2773 castae
1844 2730 2071 2772 admodum
2087 2738 2199 2779 sunt,
2218 2744 2300 2771 non
2318 2743 2416 2771 sane
2430 2729 2511 2771 ulla
2530 2730 2723 2774 mercede
2796 2759 2798 2761 -

1483 2800 1582 2851 alia,
1616 2813 1741 2855 quam
1765 2798 1993 2855 elephanti,
2029 2797 2241 2853 corrumpi
2273 2811 2315 2838 se
2341 2797 2571 2853 patiuntur.
2629 2798 2723 2841 Ele·

1483 2870 1685 2926 phantum
1705 2868 1820 2912 danti
1842 2867 2003 2923 copiam
2019 2867 2085 2908 sui
2106 2865 2273 2908 faciunt.
2334 2867 2478 2922 Neque
2496 2866 2577 2909 hoc
2594 2867 2725 2924 turpi·

1483 2937 1618 2980 tudini
1643 2938 1831 2987 vertitur,
1870 2936 1903 2977 si
1933 2934 2139 2991 elephanti
2164 2933 2353 2976 mercede
2376 2934 2553 2977 adducta
2577 2934 2725 2977 mulier
2800 2960 2808 2982 2

1483 3005 1824 3050 consuetudinem
1859 3018 1955 3046 cum
1989 3017 2200 3059 quoquam
2230 3002 2377 3045 habeat
2403 3016 2413 3044 ε
2449 3004 2551 3059 quin
2584 3003 2723 3060 potius

1483 3074 1761 3117 honorificum
1786 3071 1863 3113 sibi
1898 3070 2073 3120 ducunt,
2101 3069 2245 3111 forma!
2266 3084 2349 3110 sum
2370 3068 2721 3126 pulchritudinem

1478 3144 1697 3200 elephanto
1727 3141 1894 3195 dignam
1917 3139 2075 3181 haberi.
2137 3141 2201 3192 (l.)
2235 3139 2396 3179 Uxores
2425 3137 2583 3179 ducunt
2616 3136 2720 3179 nihil

1482 3306 1546 3348 Cs.
1572 3305 1735 3347 Ari-ian.
1758 3306 1864 3359 Exp.
1890 3304 1947 3352 V,
1973 3305 2013 3352 4,
2047 3301 2117 3342 ubi
2139 3301 2325 3357 plerique
2350 3299 2552 3342 Indorum
2578 3313 2723 3356 proce·

1483 3369 1643 3410 ritatem
1676 3367 1862 3422 quinque
1891 3365 2127 3407 cubitorum
2151 3363 2303 3405 habere
2325 3362 2537 3404 dicuntur.
2563 3361 2723 3405 Ibidem
2763 3392 2766 3395 -

1484 3432 1605 3473 etiam
1622 3430 1824 3483 nigriores
1852 3442 1922 3469 cos
1944 3442 2031 3468 esse
2050 3426 2218 3482 reliquis
2247 3425 2489 3467 hominibus
2505 3423 2607 3467 dicit
2619 3437 2724 3483 pm·

1486 3501 1548 3535 ter
1564 3493 1788 3548 Aithiopes,
1807 3499 1929 3546 atquc
1947 3487 2169 3532 Alexandri
2193 3497 2379 3545 tempore
2400 3487 2589 3529 omnium
2610 3485 2724 3530 Asin·
2759 3535 2761 3537 ,
2803 3527 2808 3530 ,

1482 3569 1632 3597 norum
1668 3554 1926 3595 fortissimos.
1962 3572 1978 3587 ι
2010 3553 2279 3593 Scamnum.
2312 3550 2329 3605 ss
2353 3574 2410 3582 —
2439 3552 2508 3599 [ρ.
2544 3547 2655 3590 οὔτε
2674 3561 2722 3591 τι
2770 3583 2771 3586 ,
2803 3547 2808 3550 ’

1482 3619 1703 3666 διδόντες
1725 3616 1812 3658 κτλ.
1835 3618 1847 3671 ]
1872 3634 1888 3653 ι
1913 3612 2037 3671 Apud
2069 3611 2197 3654 Indos
2232 3627 2315 3654 non
2340 3612 2580 3667 ubicunque
2611 3607 2721 3671 idem
2766 3650 2771 3670 ·.
2799 3638 2808 3666 εἰ

1483 3694 1572 3721 mos
1586 3688 1674 3721 crat
1689 3677 1952 3720 matrimonia
1972 3674 2260 3718 contrahendi.
2287 3676 2348 3716 De
2371 3674 2448 3716 alia
2470 3681 2588 3729 gente
2604 3670 2732 3715 intel:
2768 3668 2798 3731 ζ

1482 3740 1669 3794 ligendus
1687 3749 1746 3781 est
1764 3741 1980 3790 Arrianus,
2001 3737 2054 3780 de
2074 3737 2152 3779 alia
2166 3737 2316 3779 Strabo
2333 3750 2375 3793 p.
2395 3751 2492 3791 709,
2520 3755 2536 3772 α
2556 3733 2718 3789 multu,
2772 3739 2790 3781 Ξ

1482 3804 1681 3855 scribens,
1707 3812 1855 3859 nuptas
1881 3802 2049 3851 habent,
2069 3814 2211 3856 quasa
2234 3799 2476 3856 parentibus
2496 3797 2719 3854 accipiunt.

1482 3867 1570 3922 pari
1591 3866 1717 3907 boum
1747 3875 1891 3915 emtas,
1923 3864 2020 3906 alias
2048 3862 2251 3918 obsequii,
2271 3862 2368 3903 alias
2390 3860 2516 3918 prolis
2534 3875 2582 3902 ac
2603 3852 2808 3902 volae-'4-

1482 3929 1604 3983 ptatis
1633 3943 1768 3978 causa,
1790 3937 1828 3969 et
1848 3928 1923 3968 nisi
1946 3935 2076 3968 castas
2097 3939 2183 3966 esse
2201 3932 2349 3979 cogant
2377 3922 2545 3964 scortari
2568 3921 2673 3964 licet.
2693 3935 2712 3956 ι
2779 3923 2788 3927 ’

1484 3988 1598 4030 Idem
1622 4004 1663 4046 p.
1692 3995 1770 4045 7¹4
1812 3989 2051 4031 Taxilorum
2086 3985 2237 4028 incolas
2266 3984 2393 4036 dicit,
2418 3985 2490 4040 qui
2513 3982 2614 4026 filias
2633 3992 2717 4038 9¹¹2

1485 4051 1623 4107 inopia
1646 4051 1780 4093 locare
1800 4066 1882 4093 non
1903 4051 2074 4107 possint,
2099 4050 2141 4091 in
2158 4049 2247 4107 ipso
2269 4047 2395 4090 aetatis
2408 4046 2509 4087 ssore
2525 4045 2566 4086 in
2578 4041 2712 4086 sorum
