2808 4342
125 156 196 217 (10'2
214 158 284 217 1¹-)

207 262 243 307 Γ
246 259 389 323 άδειρ’,
412 259 513 306 ὅπου
536 259 711 320 μέγιστα
731 258 912 320 γίνεσθαι
931 259 1050 319 λόγος

205 329 329 386 κήτη.
357 328 482 376 Μετὰ
505 328 657 383 ταύτην
683 329 719 373 δ’
744 328 852 374 ἔστιν
876 331 1043 390 ἡμερῶν
1066 329 1173 374 δυοῖν

204 398 415 444 τελέσαντι
436 398 563 443 πλοῦν
587 396 780 460 ἐμπόριον
800 396 1097 459 εὐτυχέστατον

206 472 232 524 ἡ
253 464 453 526 λεγομένη
473 464 741 527 Ταρτησσὸς,
764 465 964 529 ἐπιφανὴς
981 466 1098 518 πόλις
1114 501 1126 522 ,

122 552 182 583 1⁶5
204 533 515 597 ποταμόρρυτον
537 534 778 595 κασσίτερον
800 536 847 580 ἐκ
869 538 942 591 τ’ῆς
964 536 1171 591 Κελτικῆς

200 603 351 666 χρυσόν
372 621 416 649 τε
438 603 510 648 καὶ
533 603 690 665 χαλκὸν
714 604 892 668 φέρουσα
912 604 1097 650 πλείονα.

200 672 383 719 Ἔπειτα
404 673 524 736 χώρα
545 673 730 730 Κελτικὴ
751 673 986 735 καλουμένη

202 742 325 805 μέχρι
355 746 429 799 τῆς
449 743 653 800 θαλάττης
675 747 748 800 τῆς
766 742 873 789 κατὰ
896 742 1049 804 Σαρδὼ
1068 743 1281 804 κειμένης,

200 811 300 876 ὅπερ
324 811 517 875 μέγιστόν
540 815 624 859 ἐστι
643 813 742 876 πρὸς
763 814 936 873 δυσμαῖς
959 813 1082 865 ἔθνος.

117 898 178 930 170
200 882 287 937 Τὴν
311 881 384 942 μὲν
405 881 486 943 γὰρ
513 883 623 934 ἐντὸς
647 884 857 928 ἀνατολῶν
880 890 1019 928 πᾶσαν
1044 882 1188 944 σχεδόν

199 953 375 997 οἰκοῦσιν
397 951 546 1012 Ἰνδοὶ,
570 952 644 1008 τὴν
666 952 708 998 δὲ
729 953 829 1016 πρὸς
850 953 1112 1015 μεσημὸρίαν

197 1022 389 1072 Αἰθίοπες
413 1021 530 1083 ἐγγὺς
549 1022 728 1082 κείμενοι
747 1023 863 1069 νότου
887 1027 1032 1079 πνοῆς·

200 1091 267 1136 τὸν
293 1091 373 1137 ἀπὸ
394 1091 563 1154 ζεφύρου
588 1091 740 1139 Κελτοὶ
767 1092 809 1137 δὲ
830 1092 952 1155 μέχρι
978 1094 1142 1151 δυσμῶν
1165 1091 1286 1137 τόπον

198 1164 363 1224 θερινῶν
388 1162 570 1223 ἔχουσιν,
596 1162 663 1206 τὸν
688 1161 729 1207 δὲ
748 1162 847 1224 πρὸς
872 1167 1022 1225 βορρᾶν
1043 1162 1216 1209 Σκύθαι.

115 1355 207 1392 161.
265 1351 474 1405 μέγιστα
514 1351 636 1401 κήτη
675 1353 690 1405 ]
733 1349 841 1390 Vide
892 1349 945 1389 de
1001 1350 1063 1389 his
1102 1349 1345 1390 Strabonem

111 1415 187 1462 ΙΠ,
214 1425 254 1460 2,
275 1428 298 1466 7
315 1427 357 1467 p.
378 1412 472 1452 115.
496 1413 511 1465 ΙΙ
532 1436 589 1443 -
613 1416 706 1453 162.
727 1413 837 1464 δηοῖν
855 1412 985 1452 codex
1006 1413 1094 1465 Η-
1119 1415 1212 1460 164.
1240 1411 1344 1453 ἐπι-

110 1475 283 1529 ἔρανής]
328 1476 385 1514 sic
422 1475 553 1529 plenis
592 1475 719 1515 literis
767 1474 913 1515 codex.
959 1475 1170 1516 Fabricius
1206 1476 1343 1515 nescio

108 1551 192 1591 quo
222 1537 338 1592 lapsu
362 1536 491 1577 edidit
515 1535 698 1592 ἐμφανής,
721 1537 834 1591 quod
863 1552 914 1577 ex
934 1552 983 1577 eo
1004 1538 1168 1592 repetiit
1191 1538 1344 1578 Meine-

107 1600 214 1650 kius,
239 1601 296 1640 ita
317 1608 470 1650 tamen,
496 1608 542 1639 ut
558 1598 738 1654 ἐπιφανὴς
762 1599 886 1640 scrib.
914 1614 999 1639 esse
1018 1601 1060 1639 in
1077 1601 1342 1641 annotatione

106 1671 293 1703 moneret
307 1662 547 1702 rectissime.
558 1664 621 1702 De
635 1663 825 1703 Tartesso
835 1661 953 1701 multi
964 1661 1091 1701 multa
1103 1677 1114 1711 ;
1129 1662 1284 1716 optima
1302 1671 1342 1702 et

106 1725 317 1766 uberrima
324 1724 728 1779 nuperMoversiusl.
743 1724 770 1764 l.
780 1726 837 1773 Π,
849 1738 892 1778 p.
907 1723 1002 1778 594,
1014 1738 1138 1778 quem
1149 1732 1196 1764 tu
1203 1723 1339 1765 adeas.

105 1788 316 1828 Summam
334 1796 471 1828 tamen
486 1787 618 1828 doctae
633 1786 922 1842 disputationis
943 1787 1085 1841 paucis
1100 1786 1218 1827 liceat
1232 1786 1341 1827 indi-

104 1864 211 1890 care.
235 1851 552 1900 Tartessiorum,
578 1850 710 1904 gentis
738 1849 923 1899 Ibericae,
951 1850 1080 1906 regio,
1097 1850 1340 1890 Phoenicum

103 1913 298 1966 emporiis
313 1912 411 1952 olim
427 1912 596 1952 celebris
611 1943 622 1961 ,
643 1919 786 1967 postea
803 1911 989 1965 ejusdem
1010 1912 1190 1952 nominis
1213 1913 1341 1952 varie-

103 1982 185 2014 tate
202 1973 447 2015 Turditania
475 1974 586 2015 dicta
602 2006 613 2025 ,
635 1974 688 2015 ab
710 1976 803 2016 Ana
816 1974 944 2014 fluvio
963 1988 1094 2028 usque
1116 1973 1169 2014 ad
1188 1974 1339 2029 Calpen

105 2036 362 2091 (secundum
382 2039 608 2092 Scymnum
625 2038 693 2091 (v.
725 2051 786 2078 vs.
812 2038 919 2091 198)
936 2044 977 2077 et
991 2037 1197 2078 Avienum
1216 2038 1339 2078 etiam

101 2098 154 2139 ad
212 2100 454 2140 orientalem
495 2100 640 2140 Iberiae
679 2113 795 2139 oram
812 2101 827 2152 )
866 2099 1114 2154 pertinebat.
1176 2101 1337 2140 Nomen

101 2160 231 2212 dedit,
252 2162 316 2203 vel
344 2171 453 2203 certe
481 2162 725 2215 cogmininis
754 2169 841 2201 erat
859 2161 1009 2201 fluvius
1034 2160 1212 2201 mediam
1245 2176 1338 2216 per-

100 2223 232 2264 fluens
251 2226 463 2265 Tartessus
474 2255 485 2274 ,
507 2225 577 2278 qui
603 2232 745 2278 postea
762 2231 933 2263 vocatur
947 2223 1083 2272 Baetis,
1101 2224 1207 2263 sicut
1224 2225 1337 2277 regio

100 2286 188 2340 ipsa
226 2287 375 2327 Baetica
400 2285 665 2326 denominata
691 2293 766 2325 est.
817 2285 922 2325 Urbs
953 2292 1091 2325 autem
1125 2286 1337 2326 Tartessus

104 2350 213 2389 nulla
246 2363 431 2403 unquam
457 2348 556 2399 fuit,
591 2347 663 2388 sed
691 2349 933 2389 Graecorum
962 2347 1239 2401 quorumdam
1278 2357 1337 2389 est

103 2411 359 2465 figmentum.
381 2411 522 2451 Minus
549 2418 687 2450 tamen
708 2418 818 2449 recte
837 2410 1067 2450 Moversius
1089 2410 1337 2451 contendere

103 2473 266 2514 videtur
282 2475 419 2528 primo
440 2472 610 2512 demum
642 2480 735 2512 ante
761 2471 913 2512 Christ.
946 2472 1092 2512 saeculo
1110 2486 1199 2512 eam
1225 2487 1335 2513 com-

54 2541 60 2546 ”
101 2544 242 2576 mento
255 2544 393 2576 natam
412 2536 632 2575 esse.Nam
647 2533 850 2574 Herodoti
866 2534 991 2574 verba
1003 2535 1080 2584 IV,
1102 2533 1178 2573 152
1205 2547 1213 2574 z
1241 2533 1337 2575 Ἀπί-

48 2622 51 2625 ·
102 2612 215 2638 κοντο
264 2596 299 2645 ἐς
330 2597 568 2652 Ταρτησσόν·
609 2596 663 2637 τὸ
711 2595 760 2636 δὲ
806 2595 1044 2651 ἐμπόριον
1098 2598 1245 2636 τοῦτο
1278 2593 1334 2648 ἦν

101 2659 291 2714 ἀκήρατον
329 2662 466 2700 τοῦτον
490 2658 557 2700 τὸν
587 2659 748 2713 χρόνον,
788 2665 927 2713 aperte
952 2657 1099 2698 urbem
1123 2658 1332 2711 indicant,

98 2737 233 2778 neque
249 2724 291 2763 in
320 2723 500 2776 regionis
530 2721 593 2762 vel
614 2722 728 2765 fluvii
758 2721 1012 2760 mentionem
1044 2719 1170 2760 verba
1196 2720 1335 2761 detor-

99 2786 218 2840 queri
247 2794 433 2841 possunt,
468 2799 603 2839 neque
630 2783 849 2824 violentam
868 2781 1071 2836 ejusmodi
1092 2783 1335 2838 interpreta-

98 2849 255 2888 tionem
281 2862 475 2889 excusare
506 2847 599 2887 licet
635 2861 706 2896 eo,
751 2844 865 2900 quod
903 2844 1001 2886 inde
1035 2844 1088 2885 ab
1121 2846 1335 2887 Herodoto

99 2924 229 2965 usque
251 2910 303 2952 ad
322 2912 546 2966 Scymnum
562 2923 685 2949 nemo
706 2908 819 2949 urbis
833 2908 1011 2949 Tartessi
1025 2906 1219 2948 disertam
1233 2908 1335 2950 fece-

98 2974 154 3012 rit
169 2974 437 3014 mentionem.
461 2975 553 3028 Ipse
576 2980 713 3012 autem
732 2972 947 3026 ScymnuS,
969 2984 1098 3025 quum
1113 2970 1156 3010 in
1179 2972 1335 3026 reliqua

98 3034 243 3075 Iberiae
270 3035 545 3090 descriptione
559 3049 646 3075 non
661 3048 758 3083 suae,
784 3032 856 3073 sed
869 3033 1071 3087 Ephoreae
1093 3034 1220 3073 aetatis
1238 3048 1331 3087 geo-

100 3098 310 3151 graphiam
342 3097 551 3147 exhibeat,
586 3096 701 3137 urbis
724 3109 890 3150 quoque
908 3095 1086 3136 Tartessi
1105 3109 1155 3135 ex
1187 3095 1333 3138 eodem

101 3160 334 3200 meminerit
357 3159 543 3214 Ephoro,
567 3159 639 3214 qui
674 3157 822 3198 urbem
845 3158 1083 3197 Tartessum
1098 3156 1247 3198 'eadem
1271 3173 1334 3199 re-

103 3233 195 3258 rum
214 3222 444 3273 ignorantia
472 3221 577 3262 dixi‘t
605 3235 686 3275 qua
705 3220 818 3262 πόλιν
839 3218 941 3261 εἶναι
959 3219 1048 3275 μίαν
1067 3218 1156 3267 τοὺς
1178 3219 1333 3276 Ἴὸηρας

102 3280 307 3336 tradidit(
335 3283 387 3324 fr.
419 3285 521 3338 39).
565 3283 726 3325 Deinde
748 3286 1047 3324 'Romanorum
1076 3283 1332 3338 temporibus

101 3343 298 3396 patefacta
329 3343 526 3401 Hispania
539 3378 550 3395 ‚
581 3354 761 3387 veterem
793 3345 846 3387 de
864 3345 967 3387 urbe
987 3346 1065 3387 ista
1092 3346 1331 3401 opinionem

102 3404 155 3445 ad
178 3414 335 3447 certum
346 3408 523 3463 aliquem
533 3409 672 3449 locum
693 3408 846 3449 referre
861 3408 1083 3450 studebant
1096 3425 1107 3460 ;
1124 3417 1166 3449 at
1180 3423 1232 3449 ne
1245 3411 1332 3450 Me-

100 3466 138 3506 la
154 3466 336 3520 quidem,
360 3470 404 3509 in
426 3471 513 3525 ipsa
532 3479 653 3511 natus
666 3470 898 3511 Tartesside
910 3502 921 3521 ,
945 3471 997 3511 de
1009 3473 1200 3512 Tartesso
1227 3472 1331 3513 urbe

101 3530 251 3569 certius
276 3530 473 3584 quiddam
501 3547 644 3574 eruere
668 3534 828 3588 potuit,
853 3534 1109 3589 aliorumque
1131 3536 1327 3590 suspicio·

100 3605 197 3631 nem
225 3600 384 3634 notasse
415 3595 510 3634 satis
538 3595 662 3636 habet
682 3598 745 3646 H,
782 3599 835 3636 6:
874 3596 1057 3644 Carteia,
1091 3606 1138 3637 ut
1158 3597 1327 3653 quidam

95 3663 266 3709 putant,
288 3654 510 3710 aliquando
537 3660 766 3698 Tartessus.
787 3657 851 3699 Cs.
876 3658 1033 3699 Plinius
1052 3661 1130 3710 ΠΙ,
1153 3661 1176 3700 3
1197 3673 1206 3701 :
1232 3664 1327 3701 Car-

100 3715 184 3756 teia
208 3719 423 3758 Tartessus
444 3732 472 3757 a
494 3718 648 3759 Groecis
669 3718 800 3761 dicta.
824 3720 1102 3775 Hieronymus
1120 3729 1222 3762 tom.
1247 3725 1324 3773 IV,

96 3791 140 3832 p.
164 3778 245 3828 254
266 3792 275 3819 :
305 3779 514 3836 Oppidum
538 3784 769 3831 Telmesson,
791 3781 901 3838 quod
916 3797 1021 3823 nunc
1042 3794 1216 3825 vocatur·
1231 3789 1326 3826 Cat·-

99 3839 197 3881 teia.
219 3843 397 3896 Appian.
421 3843 498 3894 VI,
517 3855 568 3894 2;
592 3843 759 3885 Arrian.
779 3846 861 3885 An.
882 3846 937 3895 H,
969 3849 1044 3894 163
1077 3847 1223 3888 Avien.
1247 3850 1321 3888 Or.

98 3916 156 3943 m.
175 3907 270 3957 269.
287 3905 443 3946 Carteia
462 3905 549 3946 haec
564 3905 616 3946 ad
634 3905 786 3961 Calpen
804 3908 880 3947 sita
898 3915 973 3948 est.
994 3908 1074 3948 Alii
1089 3909 1324 3950 Tartessum

95 3964 302 4007 adGades
324 3967 567 4021 retulerunt,
587 3976 635 4009 ut
653 3968 812 4010 Sallust.
828 3969 984 4012 Histor.
1004 3969 1076 4010 lib.
1096 3972 1152 4021 II,
1171 3971 1222 4012 sr.
1246 3973 1320 4022 333

1104 159 1280 206 ORBlS
1313 161 1699 211 DESCRIPTIO.

2555 193 2639 235 201

1421 271 1598 323 Gadira,
1622 273 1694 314 ubi
1717 276 1919 316 maximos
1941 277 2053 316 nasci
2085 277 2190 319 fama
2213 279 2291 321 fert

1421 347 1546 380 cetos.
1569 343 1668 382 Post
1689 342 1796 384 hanc
1812 345 1995 385 occurrit
2011 343 2129 386 bidui

1420 423 1587 450 emenso
1610 413 1910 465 navigationem
1931 412 2301 456 fortunatissimum

1420 481 1652 532 emporium
1667 511 1679 531 ,
1701 482 1915 523 Tartessus
1934 497 2025 537 quae
2044 492 2231 533 vocatur,
2254 486 2360 526 clara
2376 489 2472 528 urbs
2487 522 2497 540 ,

1419 554 1612 588 stannum
1635 563 1756 590 amne
1777 550 1994 592 advectum
2011 566 2062 592 ex
2084 552 2234 593 Celtica

1419 629 1650 670 aurumque
1671 625 1711 657 et
1732 632 1786 658 aes
1811 618 1943 659 ferens
1960 619 2202 674 plurimum.

1418 683 1612 738 Sequitur
1630 683 1781 726 deinde
1802 693 1911 727 terra
1928 686 2039 728 dicta
2056 688 2206 729 Celtica

1419 766 1549 806 usque
1567 751 1620 792 ad
1642 767 1754 793 mare
1775 752 1889 808 quod
1911 753 2072 808 objacet
2094 756 2305 798 Sardiniae.

1419 824 1523 874 Quae
1541 821 1710 876 quidem
1732 836 1829 876 gens
1852 831 1912 864 est
1929 823 1982 864 ad
2002 839 2191 866 occasum
2214 828 2405 869 maxima.

1418 890 1525 930 Nam
1550 890 1670 930 sitam
1692 891 1802 931 intra
1819 899 1958 932 ortum
1978 900 2131 933 terram
2153 892 2236 934 fere
2260 910 2423 937 omnem

1417 965 1558 998 tenent
1577 957 1696 1009 Indi,
1720 958 1908 1000 meridiei
1927 968 2064 1001 autem
2087 961 2299 1004 obversam

1416 1025 1627 1081 AEthiopes
1642 1040 1772 1082 prope
1790 1028 1916 1068 austri
1932 1028 2076 1069 flatum
2101 1030 2248 1084 positi3

1403 1107 1507 1152 *quae
1523 1101 1660 1135 autem
1683 1109 1707 1135 a
1727 1096 1916 1150 Zephyro
1935 1105 1995 1137 est
2011 1097 2126 1150 regio
2148 1112 2277 1152 usque
2292 1099 2345 1140 ad
2364 1115 2551 1143 occasum

1416 1162 1617 1213 aestivum,
1642 1177 1732 1202 eam
1752 1164 1874 1204 Celtae
1897 1172 2061 1215 tenent;
2082 1165 2285 1207 borealem
2304 1183 2401 1209 vero
2419 1171 2590 1225 Scythae.

1418 1349 1575 1390 Plinius
1610 1351 1687 1400 IV,
1714 1351 1791 1401 363
1823 1351 1916 1391 coll.
1947 1352 2042 1392 eod.
2076 1355 2174 1403 VH,
2201 1356 2253 1407 49
2288 1363 2328 1395 et
2362 1357 2499 1397 Valer.
2535 1361 2647 1400 Max.

1415 1414 1534 1462 VIII,
1556 1413 1622 1463 13,
1638 1415 1678 1462 4,
1702 1412 1772 1453 ubi
1793 1414 2102 1467 Arganthonius
2116 1417 2416 1458 Tartessiorum
2432 1433 2504 1459 rex
2520 1422 2646 1461 Gadi-

1415 1482 1538 1513 tanus
1557 1482 1741 1523 vocatur,
1762 1476 1879 1515 sicuti
1895 1475 2205 1531 jocansticero
2222 1479 2286 1519 Ad
2311 1482 2396 1519 Att.
2420 1482 2515 1530 VII,
2539 1483 2578 1531 3,
2602 1497 2645 1523 11

1413 1535 1666 1576 Gaditanum
1688 1537 1925 1578 Cornelium
1943 1539 2115 1578 Balbum
2145 1541 2396 1581 Telmessium
2415 1542 2530 1584 dicit.
2549 1546 2648 1586 Ter-

1413 1598 1469 1638 tia
1487 1597 1666 1653 denique
1685 1600 1887 1639 sententia
1906 1599 2078 1640 affertur
2099 1616 2122 1641 a
2137 1602 2337 1643 Strabone
2349 1606 2424 1653 III,
2440 1619 2482 1659 p.
2513 1609 2588 1654 148
2610 1617 2649 1648 et

1412 1660 1612 1701 Pausania
1629 1663 1706 1712 VI,
1736 1676 1802 1715 19,
1824 1663 1846 1701 3
1868 1663 1938 1716 qui
1948 1663 2158 1718 perhiberi
2188 1664 2333 1705 dicunt
2361 1666 2459 1706 olim
2487 1669 2647 1710 Tartes-

1411 1735 1504 1761 sum
1525 1723 1673 1764 urbem
1695 1725 1802 1764 inter
1827 1723 1912 1764 duo
1933 1726 2052 1765 Baetis
2086 1726 2199 1765 fluvii
2229 1728 2332 1767 ostia
2357 1729 2476 1769 sitam
2507 1730 2643 1773 fuisse.

1411 1784 1611 1838 Scymnus
1626 1801 1707 1826 sec.
1727 1788 1980 1827 Moversium
2002 1787 2054 1827 de
2076 1789 2235 1828 Carteia
2250 1820 2260 1839 ,
2289 1804 2412 1844 quam
2438 1792 2543 1833 Mela
2562 1808 2647 1834 me-

1412 1856 1575 1898 morat,
1600 1850 1807 1902 cogitavit.
1837 1848 1886 1888 Id
1910 1864 2007 1889 vero
2033 1849 2130 1890 ferri
2161 1852 2319 1904 nequit.
2353 1854 2458 1893 Nam
2495 1869 2535 1895 v.
2571 1858 2644 1897 151

1410 1907 1511 1949 dicit
1532 1925 1556 1950 a
1577 1911 1779 1951 columnis
1794 1912 2005 1952 Herculeis
2021 1911 2073 1952 ad
2095 1913 2311 1967 Erythiam
2326 1929 2411 1955 esse
2427 1918 2648 1970 navigatio-

1410 1985 1506 2011 nem
1521 1972 1602 2014 diei
1616 1975 1738 2014 unius
1750 1991 1760 2025 ;
1776 1989 1799 2014 a
1810 1974 1996 2015 Gadibus
2011 1983 2148 2015 autem
2161 1975 2213 2016 ad
2227 1978 2463 2018 Tartessum
2475 1979 2647 2034 duplum

1408 2035 1528 2088 ponit
1551 2037 1723 2087 itineris,
1745 2036 1858 2091 quod
1874 2052 1959 2077 non
1982 2038 2184 2078 orientem
2204 2038 2274 2078 sed
2300 2054 2490 2081 occasum
2509 2057 2648 2084 versus

1408 2110 1577 2150 pergere
1597 2098 1719 2139 debet
1749 2098 1801 2139 ad
1823 2100 1997 2139 fluvium
2031 2100 2302 2141 stanniserum
2323 2103 2643 2159 auriferumque.

1406 2159 1548 2199 Talem
1561 2160 1667 2200 fama
1689 2161 1865 2201 celebrat
1878 2163 2007 2201 Baetin
2023 2177 2034 2211 ;
2053 2171 2094 2202 at
2108 2164 2228 2203 Baetis
2243 2178 2266 2204 a
2281 2165 2445 2205 Gadiris
2459 2169 2645 2221 proxime

1407 2221 1543 2272 abest3
1569 2231 1638 2262 aut
1665 2224 1788 2276 igitur
1807 2237 1937 2277 usque
1952 2223 2005 2263 ad
2032 2226 2169 2264 Anam
2191 2225 2365 2266 fluvium
2380 2230 2643 2282 progredien-

1407 2283 1508 2324 dum
1541 2294 1622 2335 est,
1646 2295 1715 2325 aut
1738 2285 1961 2326 dicendum
1983 2286 2199 2341 Ephorum
2229 2287 2282 2328 de
2311 2289 2374 2328 his
2405 2292 2640 2344 regionibus

1407 2346 1512 2385 male
1534 2347 1703 2387 doctum
1740 2347 1977 2388 distantiam
1998 2356 2160 2388 notasse
2177 2363 2416 2404 perperam,
2437 2365 2571 2404 neque
2590 2351 2642 2392 de

1405 2408 1484 2448 alio
1501 2409 1626 2448 fluvio
1645 2424 1768 2463 quam
1783 2409 1835 2448 de
1853 2424 1903 2449 eo
1919 2423 2043 2463 quem
2065 2410 2211 2467 reliqui
2235 2420 2421 2452 auctores
2436 2413 2643 2454 celebrant

1405 2471 1549 2521 Baetin,
1571 2472 1781 2524 cogitasse.
1816 2473 1872 2512 At
1889 2471 1970 2511 hoc
1991 2470 2160 2525 quidem
2183 2473 2524 2514 verisimillimum
2556 2489 2641 2516 esse

1405 2532 1583 2583 videtur,
1609 2541 1648 2573 et
1671 2549 1721 2573 ex
1748 2533 2019 2574 Eratosthene
2042 2541 2135 2588 apte
2155 2542 2290 2589 potest
2311 2535 2526 2590 explicari3
2543 2551 2641 2577 nam

1405 2594 1473 2648 hic
1491 2610 1657 2650 quoque
1682 2595 1971 2636 distantiarum
2003 2596 2047 2635 in
2079 2595 2157 2636 hac
2184 2597 2352 2650 regione
2366 2605 2451 2637 tam
2475 2598 2639 2651 ignarus

1405 2664 1506 2706 erat,
1531 2665 1576 2696 ut
1594 2665 1758 2711 putaret
1771 2656 1816 2713 τὶ)
1841 2655 1915 2697 ἀπὸ
1932 2656 2122 2711 Γαδείρων
2141 2655 2203 2697 ἐπὶ
2219 2657 2264 2697 τὸ
2283 2656 2384 2712 ἱερὸν
2406 2656 2639 2713 ἀκρωτήριον

1405 2718 1597 2774 διάστημα
1617 2718 1771 2773 ἀπέχειν
1787 2718 1940 2774 ἡμερῶν
1960 2720 2071 2760 πέντε
2087 2719 2227 2770 πλοῦν,
2245 2718 2289 2759 οὒ
2308 2719 2498 2760 πλειόνων
2517 2721 2638 2762 ὄντων

1403 2781 1426 2831 ἢ
1454 2781 1594 2835 χιλίων
1624 2782 1689 2822 καὶ
1708 2781 1943 2822 ἑπτακοσίων
1972 2781 2154 2832 σταδίων,
2179 2789 2350 2823 testante
2373 2783 2640 2826 Artemidoro

1404 2857 1471 2897 ap.
1492 2843 1683 2884 Strabon.
1708 2846 1863 2898 111‚vp.
1892 2845 1987 2892 148.
2010 2843 2295 2884 Reichhardus
2315 2845 2553 2885 Tartessum
2579 2846 2639 2886 in-

1404 2913 1467 2945 ter
1497 2907 1648 2947 Urium
1688 2914 1729 2946 et
1756 2909 1893 2947 Anam
1927 2906 2076 2946 fluvios
2098 2914 2238 2956 notat,
2278 2905 2533 2961 eandemque
2555 2923 2639 2949 esse

1403 2977 1540 3009 censet
1558 2983 1653 3008 cum
1673 2968 1834 3009 Carteia
1849 2967 2028 3023 quadam
2041 2967 2161 3019 urbe,
2190 2981 2314 3022 quam
2332 2967 2488 3009 ibidem
2506 2977 2634 3010 notat.

1404 3032 1508 3083 Quae
1550 3044 1694 3071 vereor
1724 3045 1776 3070 ne
1813 3045 1864 3070 ex
1903 3030 2070 3084 Scymni
2109 3029 2201 3070 loco
2237 3037 2359 3083 atque
2394 3031 2637 3071 testimoniis

1402 3107 1564 3145 eorum,
1593 3094 1665 3148 qui
1682 3094 1919 3134 Tartessum
1951 3107 2036 3133 esse
2054 3092 2227 3133 eandem
2255 3106 2351 3132 cum
2373 3092 2532 3132 Carteia
2554 3094 2637 3145 (ad

1403 3156 1556 3212 Calpen
1572 3157 1665 3210 sita)
1681 3155 1867 3206 tradunt,
1890 3154 2023 3196 efficta
2041 3154 2138 3205 sint,
2155 3154 2300 3195 collato
2316 3154 2433 3194 Livio
2447 3155 2551 3194 XXI
2562 3186 2573 3204 ,
2593 3156 2632 3206 5,

1402 3219 1473 3260 ubi
1489 3219 1566 3260 alia
1577 3217 1767 3273 quaedam
1778 3218 1951 3267 Carteia,
1963 3215 2164 3258 Olcadum
2177 3216 2306 3269 gentis
2318 3224 2454 3270 caput,
2466 3216 2517 3256 ab
2524 3218 2636 3258 Han·

1402 3281 1696 3322 nibalediruta
1719 3295 1804 3320 esse
1824 3287 2030 3320 narratur.
2057 3279 2072 3332 ΙΙ
2099 3302 2155 3309 —
2188 3293 2366 3332 ποταμ.
2400 3278 2632 3319 κασσίτε·

1403 3346 1519 3400 ρον]
1542 3346 1604 3384 De
1632 3344 1695 3383 his
1719 3342 1837 3397 plura
1869 3356 1908 3381 v.
1935 3356 2001 3395 ap.
2039 3341 2186 3381 Avien.
2212 3342 2292 3388 284
2322 3354 2430 3394 sqq„
2459 3341 2631 3383 Aristot.

1399 3408 1496 3449 Mir.
1518 3409 1611 3460 147,
1630 3405 1824 3459 Stephan.
1845 3406 1942 3457 Byz.
1963 3418 2002 3442 v.
2021 3403 2254 3457 Ταρτησσός,
2272 3403 2550 3443 Stesichorum
2564 3417 2630 3459 ap.

1400 3469 1592 3510 Strabon.
1610 3469 1687 3518 HI,
1722 3469 1814 3514 148.
1844 3464 2067 3518 Quomodo
2090 3465 2177 3505 haec
2192 3464 2454 3518 intelligenda
2475 3466 2571 3515 sint,
2589 3467 2632 3506 in

1401 3532 1544 3586 vulgus
1560 3536 1733 3571 constat.
1753 3529 1769 3582 Η
1784 3523 1841 3559 -’
1859 3532 1951 3582 167.
1972 3527 2022 3567 >'E
2034 3542 2086 3568 πε
2101 3542 2143 3567 ιτ
2155 3528 2205 3582 α]
2228 3528 2256 3566 i.
2281 3541 2318 3567 e.
2343 3527 2542 3581 reliquam
2558 3529 2631 3567 Hi-

1398 3595 1582 3649 spaniam
1608 3607 1632 3633 a
1658 3592 1848 3631 Tartesso
1870 3590 1953 3630 sive
1972 3590 2023 3630 ab
2046 3604 2194 3630 occasu
2211 3604 2350 3630 versus
2372 3590 2573 3630 orientem
2591 3598 2632 3630 et

1398 3671 1511 3697 mare
1543 3653 1746 3696 Sardoum
1784 3652 1905 3694 Celtae
1926 3652 2116 3693 obtinent
2130 3683 2142 3703 ‚
2171 3660 2340 3707 excepta
2372 3660 2508 3692 tamen
2544 3652 2630 3706 ipsa

1398 3733 1471 3759 ora
1491 3717 1710 3758 maritima.
1736 3717 1840 3768 Quae
1860 3722 2091 3769 sequuntur
2111 3713 2164 3755 de
2188 3713 2390 3755 divisione
2414 3716 2480 3764 τῆς
2503 3712 2627 3752 οἰκου-

1400 3783 1512 3837 μένης
1529 3780 1656 3835 petita
1666 3786 1764 3819 sunt
1775 3792 1825 3819 ex
1839 3777 2025 3833 Ephoro,
2042 3776 2160 3832 cujus
2179 3776 2273 3817 vide
2287 3777 2338 3817 fr.
2366 3777 2432 3817 38.
2455 3777 2516 3814 De
2533 3775 2627 3814 Sar-

1397 3845 1479 3886 doo
1497 3843 1601 3884 mari
1617 3842 1671 3884 cs.
1692 3857 1730 3883 ν.
1757 3845 1835 3896 196
1858 3850 1897 3882 et
1916 3841 2207 3883 Eratosthenes
2225 3855 2291 3895 ap.
2318 3839 2421 3880 Plin.
2444 3838 2520 3886 IH,
2542 3849 2592 3877 10
2611 3849 2622 3876 z

1395 3906 1684 3948 Eratosthenes
1698 3914 1833 3946 autem
1862 3903 1968 3944 inter
1980 3902 2130 3944 ostium
2153 3900 2301 3942 Oceani
2331 3909 2370 3939 et
2390 3897 2624 3939 Sardiniam

1394 3968 1598 4026 quidquid
1610 3978 1693 4018 est,
1720 3966 1915 4009 Sardoum
1931 3965 2090 4020 fretum
2110 3962 2306 4019 appellat.
2327 3962 2342 4014 ΙΙ
2370 3985 2425 3991 -
2447 3961 2539 4014 174.
2562 3959 2624 3999 θε-
