2782 4348
59 133 152 195 (δι)

58 237 241 297 ἄγουσιν.
310 235 433 284 Ἔστι
453 235 495 280 δὲ
519 234 656 284 αὐτοῖς
677 230 749 277 καὶ
767 229 885 281 πόλις
906 227 1089 289 μεγάλη,
1110 229 1212 290 πρὸς
1241 229 1291 284 ἣν

58 307 95 349 οἱ
117 305 310 356 Φοίνικες
329 301 584 350 εἰσπλέουσιν
603 301 640 345 οἳ
666 297 855 360 ἔμποροι.
925 296 1105 357 Λέγουσι
1125 297 1169 341 δέ
1188 315 1292 348 τινες

56 373 220 426 τούτους
256 371 348 424 τους
377 370 583 420 Αἰθίοπας
616 385 676 412 πα
705 366 820 422 ήκειν
858 368 1041 427 συνεχῶς
1075 367 1288 417 οἰκοῦντας

57 444 238 489 ἐντεῦθεν
258 443 313 493 εἷς
327 440 559 500 Αἴγυπτον,
573 435 645 482 καὶ
662 454 680 480 ε
699 453 768 480 ναι
784 434 941 491 ταύτην
963 433 1075 490 [τὴν]
1087 433 1295 480 θάλατταν

61 529 230 572 συνεχη,
251 506 378 563 ἀκτὴν
401 505 444 551 δὲ
467 499 572 551 εἶναι
588 503 662 559 τὴν
682 502 857 559 Λιὸύην.

475 753 554 796 113.
590 755 882 815 ΔΙΑΨΡΑΓΜΑ

55 855 138 900 διὰ
181 858 267 910 τῆς
309 852 565 909 θαλάττης
599 851 778 916 [ἀπὸ]
821 855 908 907 τ’ῆς
935 849 1191 912 Εὐρώπης
1228 854 1298 904 εἷς

137 922 229 979 τὴν
263 923 441 970 Ἀσίαν
486 924 722 974 ἐπιεικῶς
757 921 870 967 εὐθὺ
912 920 1022 967 κατ’
1053 921 1211 982 ὀρθόν.

114 1031 309 1096 Αρχεται
341 1032 384 1078 δὲ
421 1033 466 1079 τὸ
501 1031 740 1096 διάφραγμα
772 1030 852 1076 ἀπὸ
878 1031 1062 1096 Ευρίπου
1089 1049 1159 1076 του
1189 1029 1296 1075 κατὰ

54 1104 248 1150 Χαλκίδα
265 1122 334 1148 και
360 1102 470 1148 ἔστιν
493 1101 561 1147 ἐπι
586 1099 809 1162 Ιεραιστὸν
844 1100 990 1146 στάδια
1017 1101 1094 1163 [ψ’
1117 1099 1187 1146 καὶ
1208 1095 1231 1145 ν
1234 1098 1293 1185 ’].

117 1173 459 1234 Ἀπὸ1·εραιστου
480 1171 546 1216 ἐπὶ
566 1170 772 1217 Παιώνιον
790 1173 863 1225 τ’ῆς
874 1168 1044 1233 Ἄνδρου
1059 1168 1209 1214 στάδιοι
1230 1168 1293 1213 π’.

118 1240 216 1286 Ἀπο
240 1240 508 1302 [Παιωνίου]
531 1243 602 1294 τ’ἧς
621 1235 791 1300 Ἄνδρου
813 1237 880 1282 ἐπὶ
899 1237 968 1283 τὸν
993 1239 1171 1284 Αὐλῶνα
1193 1236 1294 1282 στά-

55 1311 121 1355 δια
142 1310 227 1360 σπ’.

120 1382 206 1426 Του
226 1381 420 1430 Αὐλῶνος
439 1377 634 1429 διάπλους
654 1379 708 1428 εἷς
726 1380 862 1432 Ἰηνον
883 1374 1032 1421 στάδια
1057 1375 1112 1438 ιβ’
1117 1411 1126 1421 .

120 1450 259 1503 Αὖτῆς
278 1447 319 1493 δὲ
336 1451 408 1502 τ’ῆς
430 1447 556 1502 νήσου
575 1448 642 1492 ἐπὶ
662 1448 708 1491 τὸ
727 1445 981 1508 ἀκρωτήριον
999 1445 1045 1491 τὸ
1063 1445 1172 1491 κατὰ
1192 1444 1297 1501 Ῥη-

54 1516 172 1563 ναίαν
195 1517 343 1562 στάδια
365 1515 438 1578 ρν’.

115 1588 200 1632 Τοῦ
223 1584 264 1629 δὲ
294 1583 468 1630 διάπλου
489 1585 544 1635 εἷς
568 1582 770 1640 Ῥηναίαν
793 1583 940 1628 στάδια
961 1582 1022 1643 μ’.

119 1656 260 1709 Αὐτῆς
296 1653 337 1699 δὲ
372 1653 573 1710 Ῥηναίας
606 1653 678 1699 καὶ
707 1657 777 1698 τοῦ
813 1652 988 1698 διάπλου
1019 1654 1073 1704 εἷς
1106 1650 1295 1699 Μύκονον

55 1721 202 1767 στάδια
227 1723 289 1782 μ’.

118 1791 216 1837 Ἀπὸ
241 1791 282 1836 δὲ
301 1790 494 1838 Μυκόνου
515 1789 710 1842 διάπλους
727 1790 796 1835 ἐπὶ
815 1788 907 1841 τοὺς
928 1789 1184 1841 Μελαντίους
1203 1809 1296 1836 σκο-

54 1859 201 1912 πέλους
222 1860 530 1923 προαριστιδίου
557 1861 691 1922 μικρῷ
716 1858 914 1915 ἐλάττων,
937 1859 1114 1905 σταδίων
1137 1858 1213 1921 [ρ]
1235 1859 1294 1920 μ’.

117 1929 216 1975 Ἀπὸ
255 1928 298 1975 δὲ
334 1929 581 1986 Μελαντίων
617 1928 829 1974 σκοπέλων
864 1930 991 1980 πλοῦς
1029 1930 1083 1980 εἷς
1129 1926 1296 1992 Ἴκαρον

55 1999 373 2061 προαριστίδιος.

116 2070 253 2124 Αὐτῆς
277 2066 318 2114 δὲ
345 2072 418 2123 τ’ῆς
440 2067 603 2131 Ἰκάρου
625 2067 769 2113 στάδια
790 2068 826 2112 τ’
854 2068 921 2113 ἐπὶ
946 2072 1096 2128 μῆκος.

117 2138 216 2184 'Aeria
239 2137 282 2187 ,δὲ
305 2138 468 2198 Ἰκάρου
491 2141 617 2189 πλοῦς
637 2141 690 2189 εἷς
714 2137 859 2196 Σάμον
883 2138 1203 2199 προαριστίδιος.

57 2294 260 2348 πορφύριόν
281 2309 321 2334 τε
346 2292 436 2347 εἷμα
458 2292 523 2332 καὶ
554 2292 717 2347 χρύσεον
739 2293 922 2348 στρεπτὸν
945 2295 1209 2348 περιαυχένιον
1233 2294 1297 2334 καὶ

56 2356 168 2411 ψέλια
192 2356 256 2396 καὶ
288 2355 405 2410 μύρου
432 2353 674 2409 ἀλάὸαστρον
706 2356 771 2396 καὶ
799 2356 1013 2410 φοινικηίου
1034 2353 1140 2396 οἴνου
1161 2357 1296 2396 κάδον.

56 2419 154 2459 Tale
177 2418 278 2472 quid
297 2425 439 2458 nostro
461 2431 627 2471 quoque
652 2418 744 2458 loco
770 2417 908 2458 fuerit.
944 2421 994 2458 In
1018 2426 1200 2458 mentem
1228 2433 1299 2458 ve-

56 2481 120 2521 nit
150 2480 409 2534 κρυστάλλους
445 2478 662 2534 ἐξορΰκτους
676 2511 686 2529 ,
720 2479 880 2521 vitrum
891 2479 1059 2533 fossile,
1097 2481 1159 2521 vel
1181 2482 1303 2521 etiam

58 2542 200 2589 ἄλλους
217 2543 232 2594 (
248 2557 306 2582 sc.
325 2541 479 2598 λίθους)
499 2541 716 2597 ἐξορύκτους
735 2542 843 2598 (non
862 2543 1016 2597 χυτοὶις,
1033 2551 1081 2583 ut
1096 2551 1183 2583 erat
1197 2542 1303 2583 λιθία

57 2603 244 2659 Αἰγυπτία
260 2607 292 2657 >,
311 2603 375 2644 vel
390 2602 653 2659 ἀλαὸάστρους
676 2604 712 2652 ἐξ
736 2604 903 2660 Ἀραῧίας
919 2613 999 2646 etc.
1027 2605 1043 2659 Η
1061 2629 1118 2635 -
1133 2605 1206 2645 καὶ
1231 2605 1305 2646 αὖ·

58 2667 171 2721 τὸν]
197 2666 262 2707 καὶ
284 2665 507 2707 αὖτοὶοοά.
531 2670 622 2722 Η-
638 2668 782 2708 πόλιν
809 2668 995 2722 μεγάλη
1011 2682 1029 2708 ν
1048 2669 1064 2723 ]
1082 2669 1231 2708 Nescio
1248 2684 1300 2709 an

60 2729 246 2772 conferre
269 2729 388 2770 liceat
407 2743 500 2784 quae
530 2729 582 2770 de
602 2729 725 2771 Μαυί
747 2730 988 2786 AEthiopum
1006 2730 1162 2786 oppido
1182 2731 1306 2773 habet

59 2793 279 2842 PliniusV,
297 2793 336 2842 8,
352 2800 390 2832 et
410 2806 501 2847 quae
512 2792 724 2834 Diodorus
738 2794 816 2844 ΠΙ,
830 2792 897 2843 53,
921 2797 944 2833 6
957 2792 1008 2833 de
1024 2793 1304 2834 MeneAEthio-

59 2867 160 2908 pum
175 2853 584 2909 Ichthyophagorum
602 2855 706 2895 urbe
725 2856 767 2895 in
783 2857 1043 2896 Amazonum
1063 2855 1195 2907 insula
1210 2870 1305 2896 nar-

60 2923 137 2956 rat.
147 2915 226 2969 Η--
236 2914 284 2955 οῗ
295 2930 313 2956 ν
324 2931 344 2955 ο
356 2931 374 2956 ν
397 2933 425 2958 π
437 2932 457 2956 0
471 2932 482 2956 ι
494 2919 543 2956 οῦ
554 2917 622 2972 σι]
644 2916 708 2958 Cf.
723 2917 998 2972 mythologOS,
1014 2917 1084 2971 qui
1097 2917 1305 2958 Bacchum

61 2978 104 3018 in
133 2978 198 3018 his
229 2978 468 3032 regionibus
490 2986 635 3019 natum
657 2977 802 3018 dicunt
820 2993 887 3034 ap.
912 2978 1088 3020 Diodor.
1116 2981 1178 3037 III
1195 3010 1206 3030 ,
1234 2982 1303 3021 68.

118 3043 140 3094 §
159 3053 251 3080 112.
274 3039 389 3095 ἀπὸ]
406 3039 504 3081 add.
522 3055 545 3081 e
560 3039 812 3095 conj.Gailii.
839 3042 927 3095 Η-
947 3040 992 3081 εὖ
1007 3041 1058 3081 Ob
1091 3041 1201 3082 κατ’
1229 3041 1306 3096 ὀρ-

65 3104 171 3158 θόν]
189 3102 297 3144 infra
311 3102 425 3158 ὀρθὸν
449 3103 533 3144 κατ’
558 3102 644 3143 εὖθὶ)
660 3134 671 3153 ,
693 3103 807 3157 quod
818 3103 862 3144 h.
879 3103 908 3144 l.
932 3103 1077 3159 reponi
1096 3103 1183 3144 vult
1200 3104 1306 3144 Vos-

65 3166 169 3214 sius;
186 3163 349 3204 καὶεῦθὶ)
371 3165 510 3206 nescio
529 3179 604 3205 cur
622 3180 702 3205 scr.
721 3165 947 3206 Fabricius.
973 3167 988 3220 Η
1008 3191 1065 3196 -
1079 3165 1118 3222 ψ’
1132 3165 1213 3206 καὶ
1237 3165 1302 3221 ν’]

66 3227 88 3271 ζ
100 3224 108 3239 ’
128 3241 150 3265 7.
162 3240 182 3264 o
197 3226 272 3277 ινή
294 3226 438 3268 codex.
458 3227 852 3283 647stadiaexputat
861 3229 1052 3283 Lapieus,
1068 3243 1158 3283 quae
1170 3227 1222 3268 ad
1233 3243 1305 3269 an-

66 3288 229 3341 tiquum
244 3298 489 3364 rcomputum
510 3299 699 3331 revocata
723 3290 861 3331 forent
888 3291 983 3332 555.
1011 3291 1142 3332 Scribi
1169 3291 1307 3346 itaque

66 3349 194 3403 possit
213 3348 253 3403 φ’
271 3365 334 3390 και
355 3349 404 3391 ν’.
421 3350 526 3392 Sed
513 3351 710 3405 majorem
729 3366 950 3392 numerum
968 3354 1152 3408 posuisse
1167 3362 1307 3394 aucto-

68 3425 156 3450 iem
172 3425 222 3451 ex
234 3425 393 3452 summa
408 3412 562 3469 stadim
564 3428 636 3454 um
652 3415 761 3469 2370
777 3415 995 3468 colligitur.
1013 3416 1154 3456 Fuisse
1170 3417 1307 3471 itaque

68 3480 170 3526 puto
182 3472 206 3526 ψ
221 3486 285 3512 και
300 3471 348 3523 ν’,
364 3473 458 3527 750.
470 3475 492 3528 Η
507 3475 637 3516 -Πα
649 3478 728 3517 ιών
744 3492 784 3516 ιο
798 3478 845 3532 ν]
864 3477 1120 3519 aliundenon
1132 3487 1303 3530 notum;

69 3534 405 3587 promontorium
438 3537 621 3578 Geraesto
648 3538 869 3579 obversum
902 3539 1026 3580 fuisse
1046 3539 1185 3581 debet.
1212 3541 1228 3595 Η
1251 3566 1307 3572 -

73 3610 123 3635 στ
136 3596 204 3635 αδ.
238 3597 307 3650 π’]
333 3597 547 3638 consentit
562 3600 719 3640 Plinius
740 3602 816 3651 IV,
836 3614 921 3641 22;
947 3602 1219 3655 abest(And1
1222 3606 1305 3657 us)

71 3672 98 3696 α
120 3661 298 3698 Geraesto
318 3658 475 3698 Ymill.
493 3674 614 3714 pass.
637 3662 738 3714 Η-
759 3661 850 3702 ἀπο
881 3665 962 3714 τῆς
995 3663 1222 3720 Ἄνδρου]
1246 3681 1307 3705 αυ-

70 3722 137 3771 τῆς
155 3722 260 3771 τῆς
237 3719 392 3774 Ἄνδρου
412 3720 520 3775 conj
550 3722 720 3763 Gailius.
748 3724 825 3764 Vel
846 3725 926 3765 hoc
946 3728 1145 3767 sententia
1163 3736 1306 3782 postu-

70 3780 141 3831 lat,
170 3781 234 3822 vel
259 3780 332 3822 ἀπο
351 3781 606 3838 [Παιωνίου]
629 3786 695 3835 τῆς
719 3784 888 3839 ’Άνορου.
913 3786 928 3840 Η
954 3803 1110 3828 -του
1144 3788 1303 3831 Αυλῶ-

73 3858 152 3891 νος
170 3844 184 3898 ]
207 3842 369 3884 Αὖλῶνα
391 3843 491 3885 dicit
513 3844 663 3886 fretum
687 3847 794 3888 inter
817 3848 1008 3890 Andium
1030 3851 1300 3906 Tenumque·
1289 3884 1300 3903 ‚

72 3906 130 3946 sic
153 3907 276 3946 etiam
298 3921 411 3947 mare
429 3908 536 3947 inter
560 3908 743 3950 Ciliciam
764 3909 1041 3965 Rhodumque
1063 3914 1298 3955 vocabatur.

78 3967 169 4021 Η-
189 3968 384 4023 Τῆνον]
421 3971 548 4010 τεῖνον
579 3969 693 4018 cod.;
726 3986 806 4012 em.
839 3971 1070 4014 Salmasius.
1097 3975 1113 4028 Η
1136 3999 1192 4006 -
1215 3975 1294 4030 ιδ’]

1169 129 1482 177 PERIPLUS.
2530 154 2586 192 95

1362 251 1532 290 magna,
1565 238 1618 279 ad
1658 253 1784 293 quam
1814 239 2059 281 Phoenicum
2096 251 2342 285 mercatores
2383 251 2584 302 navigant.

1362 304 1555 344 Ceterum
1583 306 1772 346 nonnulli
1800 306 2020 361 perhibent
2048 307 2260 363 AEthiopes
2289 311 2376 351 illos
2396 318 2591 358 continuo

1367 369 1519 412 abhinc
1540 379 1674 413 tractu
1703 373 1934 414 habitantes
1962 388 2093 429 usque
2121 374 2174 415 ad
2198 376 2418 432 AEgyptum
2440 386 2592 435 pertin-

1364 452 1459 491 gere
1471 469 1483 487 ,
1507 448 1548 480 et
1562 455 1675 482 mare
1698 441 1779 482 hoc
1798 443 1896 483 item
1911 458 1998 484 esse
2016 445 2262 486 continuum
2275 477 2286 496 ,
2309 448 2479 503 Libyam
2500 467 2594 493 vero

1362 506 1494 561 figura
1512 508 1666 550 referre
1681 512 1957 566 peninsulam.

1777 762 1792 787 1
1804 749 1852 792 13
1862 778 1872 788 .
1901 762 2186 791 nmrnnAc-MA

1364 863 1453 904 per
1486 863 1619 890 mare
1643 849 1763 905 [ab]
1789 851 1999 905 Europa
2031 851 2085 891 in
2114 853 2289 895 Asiam
2326 871 2597 915 propemo-

1631 918 1753 959 dum
1789 927 1994 960 rectam
2029 919 2091 960 ad
2125 920 2332 965 lineam.

1419 1035 1571 1090 Incipit
1603 1034 1872 1091 diaphragma
1902 1036 1954 1077 ab
1990 1038 2149 1092 Euripo
2179 1041 2249 1093 qui
2282 1042 2333 1082 ad
2366 1045 2597 1091 Chalcidem

1365 1111 1449 1153 est;
1473 1104 1572 1143 hinc
1590 1102 1644 1144 ad
1662 1105 1892 1145 Geraestum
1914 1104 2045 1146 stadia
2060 1114 2158 1146 sunt
2177 1109 2191 1159 [
2208 1108 2288 1161 750
2302 1114 2332 1163 ].

1420 1176 1458 1215 A
1477 1175 1660 1215 Geraesto
1678 1174 1731 1215 ad
1749 1177 1962 1216 Paeonium
1979 1175 2113 1217 Andri
2132 1177 2261 1220 stadia
2283 1183 2348 1222 80.

1420 1245 1457 1284 A
1487 1244 1713 1298 [Poeonio]
1745 1244 1879 1286 Andri
1901 1244 1955 1286 ad
1983 1246 2190 1288 Aulonem
2228 1250 2311 1290 sive
2342 1251 2490 1295 fretum
2523 1265 2601 1298 sta·

1365 1311 1434 1353 dia
1460 1313 1557 1353 280.

1421 1380 1594 1422 Aulonis
1613 1382 1697 1422 sive
1717 1381 1810 1423 fieti
1832 1382 2025 1437 trajectus
2047 1384 2091 1424 in
2114 1385 2278 1426 Tenum
2299 1388 2428 1431 stadia
2453 1405 2515 1431 12

1420 1450 1555 1503 Ipsius
1577 1449 1720 1490 insulae
1733 1464 1865 1505 usque
1881 1450 1934 1492 ad
1952 1454 2289 1507 promontorium
2324 1457 2510 1500 Rhenaeae
2530 1475 2602 1516 op-

1365 1518 1548 1571 positum
1571 1518 1702 1560 stadia
1727 1519 1819 1561 150.

1421 1587 1481 1626 Tr
1483 1585 1635 1640 ajectus
1654 1588 1699 1627 in
1721 1588 1942 1629 Rhenaeam
1962 1590 2092 1631 stadia
2112 1595 2180 1641 4ο.

1421 1655 1556 1708 Ipsius
1578 1655 1766 1696 Rhenaeae
1795 1665 1835 1696 et
1867 1656 2059 1712 trajectus
2092 1660 2135 1699 in
2169 1661 2394 1715 Myconum
2429 1664 2603 1706 insulam

1365 1721 1496 1763 stadia
1516 1726 1585 1772 40.

1420 1794 1458 1833 Α
1471 1794 1652 1847 Mycono
1665 1792 1856 1848 trajectus
1872 1795 1925 1836 ad
1938 1796 2156 1838 Melantios
2169 1800 2357 1855 scopulos
2375 1802 2512 1856 paullo
2527 1805 2603 1843 mi-

1364 1874 1444 1901 nor
1465 1861 1807 1913 antemeridiano,
1833 1863 2063 1905 stadiorum
2085 1868 2212 1919 [1]40.

1422 1933 1459 1972 A
1488 1931 1693 1972 Melantiis
1713 1933 1890 1988 scopulis
1912 1935 2116 1988 navigatio
2135 1936 2179 1976 in
2195 1939 2358 1979 Icarum
2388 1943 2605 1981 antemeri-

1366 1999 1504 2042 diana.

1419 2073 1554 2126 Ipsius
1572 2073 1677 2112 Icari
1696 2072 1827 2114 stadia
1845 2074 1925 2115 300
1941 2074 2170 2115 secundum
2190 2077 2268 2117 ins.
2286 2077 2601 2131 longitudinem.

1423 2140 1489 2180 Ab
1504 2143 1621 2180 Icaro
1638 2142 1681 2180 in
1700 2142 1869 2182 Samum
1887 2144 2091 2196 navigatio
2111 2146 2447 2188 antemeridiana.

1371 2296 1395 2335 8
1409 2293 1537 2334 stadia
1549 2296 1633 2335 sive
1648 2296 1758 2336 mille
1764 2311 1922 2351 passus
1936 2311 2016 2337 sec.
2032 2298 2210 2338 Plinium
2225 2301 2302 2349 IV,
2318 2313 2384 2341 22.
2396 2302 2473 2354 Η-
2487 2318 2508 2342 κ
2522 2303 2604 2343 ατὰ

1378 2354 1452 2408 Ῥη
1468 2357 1638 2411 ναίαν]
1664 2358 1723 2398 sic
1753 2357 1884 2398 codex
1892 2374 1904 2409 ;
1930 2374 1966 2398 κ.
1999 2358 2153 2413 ῥηναίας
2175 2361 2335 2415 scripsit
2368 2363 2605 2405 Clausenius

1372 2418 1527 2472 absque
1543 2434 1664 2460 causa
1674 2419 1836 2460 idonea.
1861 2421 1877 2475 Η
1900 2445 1956 2451 --
1972 2436 1991 2475 ρ
2005 2420 2074 2476 ν’]
2098 2435 2176 2464 120
2191 2437 2272 2463 sec.
2290 2423 2471 2465 Plinium
2494 2426 2521 2466 l.
2543 2426 2569 2467 l.
2593 2441 2601 2467 :

1379 2483 1506 2520 Tenos
1527 2480 1569 2521 in
1582 2484 1669 2522 XV
1682 2481 1817 2522 millia
1830 2497 1951 2538 pass.
1966 2493 2172 2539 porrecta.
2197 2485 2346 2526 Noster
2360 2489 2601 2529 accuratior.

1376 2544 1551 2597 Lapieus
1573 2552 1741 2599 exputat
1765 2544 1896 2585 stadia
1919 2559 2011 2599 170,
2033 2560 2124 2600 quae
2145 2546 2280 2587 forent
2303 2551 2379 2596 146
2410 2548 2539 2591 stadia
2557 2566 2606 2591 ex

1375 2607 1572 2653 computo
1595 2614 1741 2653 graeco.
1770 2600 1785 2653 Η
1806 2624 1864 2631 -
1887 2599 1961 2652 Ῥη
1976 2615 1994 2641 ν
2009 2602 2146 2656 αίας]
2173 2600 2285 2654 Ρηνέ
2288 2618 2329 2650 ας
2344 2603 2387 2643 h.
2409 2604 2437 2644 l.
2459 2605 2603 2649 codex.

1374 2659 1491 2700 Idem
1514 2660 1665 2701 deinde
1685 2661 1856 2703 Μίκυνον
1876 2670 1916 2702 et
1943 2663 2130 2704 Μυκίνου.
2162 2664 2178 2718 Η
2215 2688 2272 2696 -
2298 2665 2567 2707 Μελαντίο
2562 2684 2580 2707 υ
2595 2685 2610 2716 ς

1375 2737 1428 2762 σκ
1444 2754 1452 2762 .
1470 2724 1486 2778 ]
1517 2723 1798 2764 Meminerant
1833 2738 1979 2765 eorum
2020 2725 2167 2766 Strabo
2201 2727 2278 2776 IV,
2312 2740 2355 2781 p.
2391 2727 2486 2778 636,
2522 2730 2609 2770 Sta-

1375 2783 1521 2825 diasm.
1550 2789 1571 2839 S
1595 2785 1690 2826 253.
1731 2799 1826 2840 270,
1852 2787 2094 2842 Apollonius
2115 2787 2253 2828 Rhod.
2284 2789 2361 2838 IV,
2394 2802 2513 2844 1707,
2538 2792 2609 2832 ubi

1375 2846 1591 2888 scholiasta
1621 2856 1757 2903 petras
1783 2847 1868 2889 illas
1906 2863 2123 2903 perperam
2149 2849 2321 2890 collocat
2355 2850 2407 2891 ad
2432 2852 2609 2893 Theram

1374 2909 1565 2950 insulam.
1595 2911 1610 2964 Η
1633 2935 1691 2942 -—
1711 2926 1859 2967 προαρ
1875 2912 1999 2952 ιστιδ
2014 2912 2113 2968 ίου]
2145 2913 2434 2968 προαριστίαδος
2452 2914 2606 2965 codex3

1375 2986 1457 3012 em.
1475 2972 1593 3013 editt.
1614 2974 1630 3027 Η
1643 2998 1699 3004 -
1717 2989 1736 3029 ρ
1753 2973 1813 3029 μ’]
1834 2973 1964 3014 codex
1985 2973 2040 3029 μ’.
2057 2974 2161 3015 Inde
2174 2975 2225 3016 ab
2241 2975 2427 3016 orientali
2443 2978 2609 3030 Myconi

1375 3036 1632 3076 extremitate
1654 3044 1716 3077 tot
1735 3036 1819 3077 fere
1834 3036 1965 3077 stadia
1981 3037 2130 3077 absunt
2144 3045 2270 3092 petrae
2289 3037 2517 3088 Melantiae3
2539 3040 2610 3080 sed

1375 3097 1419 3138 in
1434 3107 1676 3154 computum
1690 3098 1905 3139 referenda
1917 3106 2002 3139 erat
2013 3099 2135 3139 etiam
2150 3099 2275 3153 ipsius
2289 3100 2455 3153 Myconi
2471 3101 2610 3142 insulae

1375 3161 1605 3216 longitudo,
1625 3176 1703 3203 100
1718 3161 1801 3201 fere
1815 3161 2057 3201 stadiorum.
2076 3163 2262 3201 Fortasse
2280 3162 2403 3214 igitur
2415 3161 2610 3203 excidisse

1375 3233 1493 3280 putes
1509 3238 1518 3265 :
1544 3223 1665 3276 Αὒτῑῆς
1686 3223 1727 3264 δὲ
1748 3224 1927 3264 Μυκόνου
1944 3224 2078 3263 στάδια
2098 3222 2148 3277 ρ’.
2167 3222 2246 3263 Sed
2261 3223 2518 3263 commodius
2537 3239 2609 3265 na-

1376 3288 1527 3342 vigatio
1544 3287 1595 3328 ab
1615 3286 1854 3328 occidentali
1878 3286 2018 3326 insulae
2040 3286 2295 3326 extremitate
2309 3284 2465 3326 directo
2489 3300 2611 3328 cursu

1376 3351 1420 3391 in
1461 3350 1655 3392 Melantia
1708 3364 1803 3390 saxa
1846 3348 2112 3402 dirigebatur.
2155 3350 2294 3401 Atque
2336 3347 2460 3393 infra,
2481 3348 2611 3403 majus

1376 3414 1498 3454 etiam
1527 3413 1704 3467 spatium
1734 3412 1961 3467 computari
1986 3410 2172 3451 videmus
2191 3410 2233 3450 in
2253 3408 2374 3450 πλοῦν
2394 3413 2612 3466 προαριστί-

1377 3477 1474 3526 διον,
1489 3489 1580 3530 quae
1596 3474 1678 3515 sere
1691 3474 1810 3514 tertia
1820 3481 1881 3514 est
1892 3472 1972 3512 diei
1982 3486 2090 3527 pars.
2108 3472 2124 3526 Η
2140 3487 2261 3526 -πρ
2272 3487 2293 3511 0
2307 3487 2330 3511 α
2342 3487 2362 3526 ρ
2378 3487 2447 3512 ιστ
2460 3472 2498 3512 ίδ
2513 3488 2523 3512 ι
2536 3489 2555 3513 0
2569 3475 2608 3528 ς]

1375 3537 1638 3594 προαριστίδος
1646 3536 1791 3577 codex,
1807 3535 1871 3576 Ad
1884 3537 2047 3575 Icarum
2057 3543 2153 3574 sunt
2163 3535 2271 3575 ci1·ca
2284 3547 2362 3588 190
2370 3533 2513 3575 stadia.
2530 3536 2544 3589 Η
2558 3560 2613 3566 --

1378 3616 1401 3640 σ
1411 3616 1433 3641 τ
1445 3602 1467 3640 ά
1478 3601 1554 3640 δια
1570 3598 1623 3654 τ’]
1637 3598 1850 3639 Consentit
1860 3597 2156 3651 Agathemerus
2166 3610 2210 3651 p.
2229 3610 2294 3651 17.
2306 3597 2460 3638 Contra
2470 3597 2611 3638 Strabo

1376 3677 1418 3718 p.
1443 3666 1521 3716 649
1542 3661 1742 3702 ambitum
1767 3659 1908 3700 insulae
1937 3660 2017 3700 300
2039 3657 2268 3699 stadiorum
2285 3672 2370 3699 esse
2392 3657 2505 3708 dicit,
2532 3658 2610 3698 Pli-

1376 3727 1551 3779 niusque
1568 3726 1644 3773 IV,
1671 3724 1721 3763 23
1744 3721 2042 3776 longitudinem
2060 3720 2184 3762 refert
2203 3734 2251 3775 17
2283 3719 2400 3769 mill„
2429 3720 2511 3758 sive
2534 3720 2609 3758 136

1376 3788 1619 3829 stadiorum.
1641 3788 1753 3826 Vera
1771 3794 1831 3826 est
1848 3784 2063 3839 longitudo
2082 3783 2310 3825 stadiorum
2334 3782 2493 3822 circiter
2512 3783 2605 3828 214.

1381 3851 1472 3904 Η-
1495 3849 1582 3890 ἀπὶ)
1606 3848 1652 3889 δὲ
1690 3847 1908 3904 Ἰκάρου]
1932 3846 1970 3888 ἀ.
1997 3848 2032 3887 δ.
2070 3845 2234 3901 Ἰκαρίου
2263 3843 2355 3885 cod.
2384 3843 2398 3895 Η
2421 3866 2477 3872 —-
2494 3856 2606 3895 προα

1376 3928 1410 3968 ρ
1414 3928 1473 3953 στ
1467 3913 1579 3967 ’διος]
1601 3911 1667 3953 Ab
1681 3913 1797 3952 Icaro
1814 3919 1910 3951 sunt
1930 3909 2012 3950 sele
2030 3922 2106 3949 110
2123 3907 2265 3947 stadia.
2283 3907 2298 3959 Η
2316 3928 2370 3935 -
2385 3903 2516 3943 σταδ.
2544 3919 2566 3942 0·
2571 3902 2608 3958 'J

1374 3977 1577 4016 Accuiata
1603 3988 1792 4014 mensula
1813 3981 1871 4013 est
1891 3971 1941 4012 ad
1959 3970 2040 4012 250
2068 3968 2224 4018 stadia3
2251 3966 2320 4006 sed
2336 3964 2447 4019 justo
2478 3966 2613 4005 minor
