2808 4342
1075 122 1370 185 flisTofflA
1407 124 1635 171 INDICA.
1673 117 1674 121 ’

81 228 416 292 ἀναμεμιγμέναι
435 229 494 290 τῷ
513 224 650 286 πόντῳ
673 219 792 281 ἦσαν·
815 223 862 286 (9)
882 223 990 270 ἀλλὰ
1009 222 1315 286 τεσσαράκοντα

84 299 271 351 σταδίους
293 301 333 350 ἐς
357 297 403 342 τὸ
427 295 511 341 ἀνῶ
544 293 890 357 προχωρήσαντες
914 293 1060 355 λάκκῳ
1083 293 1316 355 ἐπιτυγχά-

83 385 217 423 νουσι,
249 365 318 411 καὶ
359 363 467 409 ἔνθεν
505 362 800 424 ὑδρευσάμενοι
833 361 965 407 ὀπίσω
999 361 1306 418 ἀπενόστησαν.

86 437 162 496 (ιο)
202 437 340 489 Νῆσος
363 431 405 477 δὲ
440 429 508 476 ἐπὶ
532 433 591 493 τῷ
615 430 750 491 λιμένι
783 429 922 494 ὑψηλὴ
958 428 1028 475 καὶ
1061 429 1223 493 ἔρημος·
1246 428 1317 475 καὶ

35 521 56 549 5
84 502 177 565 περὶ
199 500 352 556 ταύτην
373 498 551 563 ὀστρέων
571 517 614 545 τε
636 499 706 545 καὶ
725 499 877 560 ἰχθύων
898 499 1173 544 παντοδαπῶν
1195 497 1316 561 θήρη.

84 570 221 632 Μέχρι
246 569 320 630 μὲν
339 571 456 615 τοῦδε
475 568 687 630 Ἀράὸιες,
710 567 878 630 ἔσχατοι
900 567 1041 612 Ἰνδῶν
1065 566 1194 629 ταύτῃ
1218 569 1318 630 ᾠκι-

79 637 244 699 σμένοι,
269 637 323 684 τὰ
347 637 389 684 δὲ
416 637 498 683 ἀπὸ
513 638 633 683 τοῦδε
658 636 851 699 Ὠρεῖται
870 638 1053 698 ἐπεῖχον.

141 710 321 756 XXIII..
355 705 629 770 Ὁρμηθέντες
653 705 696 751 δὲ
716 707 762 751 ἐκ
780 707 860 751 τῶν
889 705 1071 751 ἐκὸολῶν
1096 707 1168 750 τοῦ
1192 703 1314 766 Ἀρά-

83 778 168 830 ὅιος
196 777 443 840 παρέπλωον
471 778 552 821 τῶν
577 775 801 838 Ὠρειτέων
825 773 897 829 τὴν
921 773 1079 837 χώρην·
1103 772 1174 818 καὶ
1197 771 1317 836 ὁρμί-

18 862 56 891 10
83 850 220 900 ζονται
233 848 274 892 ἐν
291 847 542 907 Παγάλοισι,
559 844 800 897 πλώσαντες
819 843 1008 897 σταδίους
1024 846 1063 896 ἔς
1075 842 1317 899 διηκοσίους,

81 915 181 977 πρὸς
209 914 348 978 ῥηχίῃ·
375 913 483 960 ἀλλὰ
503 914 707 978 ἀγκύρῃσι
725 914 806 978 γὰρ
825 914 1016 966 ἐπίὸολος
1039 908 1088 970 ἦν
1117 917 1137 958 ὃ
1167 915 1315 975 χῶρος.

81 983 149 1030 Τὰ
173 982 247 1043 μὲν
270 975 326 1028 ὧν
351 982 613 1046 πληρώματα
635 983 890 1029 ἀπεσάλευον
916 988 955 1028 ἐν
980 986 1076 1044 τῇσι
1106 981 1263 1038 νηυσίν·
1283 983 1319 1026 οἳ

82 1052 124 1098 δὲ
154 1053 217 1097 ἐπ’
243 1051 352 1116 ὕδωρ
374 1052 568 1105 ἐκὸάντες
596 1053 826 1116 ὑδρεύοντο.
898 1053 947 1115 (2)
981 1055 1048 1115 Τῇ
1069 1053 1104 1097 δ’
1125 1050 1318 1114 ὑστεραίῃ

81 1122 326 1184 ἀναχθέντες
360 1121 450 1183 ἅμα
493 1121 630 1185 ἡμέρῃ
670 1122 742 1168 καὶ
777 1121 1017 1174 πλώσαντες
1053 1120 1241 1172 σταδίους
1281 1122 1321 1173 ἐς

21 1203 56 1234 15
85 1190 332 1254 (τριήκοντα
355 1188 457 1251 καὶ)
487 1189 772 1252 τετρακοσίους
799 1189 1051 1250 κατάγονται
1081 1189 1321 1251 ἑσπέριοι,ἐς

85 1260 263 1305 Κάὸανα
281 1297 292 1317 ,
319 1260 388 1305 καὶ
404 1259 642 1323 ὁρμίζονται
661 1259 762 1323 πρὸς
786 1261 963 1322 αἰγιαλῷ
981 1258 1136 1322 ἐρήμῳ·
1163 1259 1233 1304 καὶ
1258 1261 1319 1304 ε’ν-

80 1334 211 1375 ταῧθα
235 1330 359 1392 Ιἷ>ηχίη
392 1330 551 1392 τραχέα
575 1324 648 1387 ἦν,
677 1329 758 1383 καὶἼ
777 1328 844 1374 ἐπὶ
863 1330 966 1390 τῷδε
989 1330 1215 1392 μετεώρους
1248 1328 1318 1380 τὰς

83 1399 171 1449 νέας
190 1398 448 1460 ὡρμίσαντο.
518 1397 568 1460 (3)
597 1398 717 1445 Κατὰ
741 1402 882 1445 τοῦτον
909 1399 976 1444 τὸν
1002 1398 1125 1445 πλόον
1155 1402 1318 1457 πνεῦμα

82 1465 369 1524 ὕπολαμὸάνει
405 1466 479 1517 τὰς
509 1466 602 1518 νέας
633 1467 740 1529 μέγα
774 1471 820 1514 ἐκ
847 1467 1023 1526 πόντου,
1047 1467 1119 1515 καὶ
1142 1466 1226 1519 νέες
1250 1466 1321 1512 δύο

22 1553 63 1582 20
85 1535 243 1597 μακραὶ
277 1533 578 1597 διαφθείρονται
601 1537 642 1581 ἐν
668 1539 726 1598 τῷ
751 1536 868 1599 πλόῳ
887 1574 899 1594 ,
932 1537 1003 1583 καὶ
1032 1538 1260 1600 κέρκουρος·
1284 1538 1320 1581 οἳ

79 1698 226 1740 flamen
240 1694 429 1737 Nabram
453 1693 468 1751 (
485 1693 662 1736 Nabrim
682 1708 768 1735 var.
791 1694 817 1734 l.
840 1694 855 1751 )
875 1693 1045 1735 naviam
1059 1708 1197 1750 capax
1207 1712 1222 1742 ;
1237 1709 1325 1734 con-

81 1766 148 1797 tra
178 1756 314 1797 insula
345 1755 510 1796 distans
533 1758 651 1797 LXX
677 1755 847 1804 stadia‚·
871 1754 1133 1796 Alexandria
1157 1754 1326 1795 condita

79 1834 106 1858 a
132 1822 337 1860 Leonnato
350 1819 473 1872 jussa
495 1817 730 1859 Alexandri
748 1817 790 1858 in
798 1817 961 1873 finibus
980 1817 1116 1869 gentis
1128 1835 1141 1865 ;
1167 1819 1325 1868 Argen-

80 1896 157 1922 ηας
170 1890 300 1937 porta
318 1879 481 1921 salubri
494 1898 509 1929 ;
518 1881 676 1935 flamen
707 1881 917 1922 Tonberon
946 1879 1196 1931 navigabile,
1215 1878 1327 1919 circa

79 1942 191 1998 qnod
209 1942 383 1983 Pasiroe.
423 1941 529 1982 Dein
561 1942 873 1998 Ichthyophagi.
913 1943 1010 1982 Haec
1034 1954 1200 1996 quoque
1221 1939 1326 1980 male

81 2005 248 2046 habent.
273 2004 443 2045 Nullum
465 2004 677 2045 Nearchus
699 2003 904 2060 oppidum
926 2002 1128 2045 condidit.
1155 2002 1326 2045 Flamen

81 2067 259 2109 Nabrim
288 2067 400 2108 haud
423 2066 550 2108 dubie
573 2075 819 2122 corruptum
844 2074 905 2107 est
923 2081 975 2107 ex
986 2066 1143 2120 flamen
1171 2064 1324 2114 Arbin,

81 2127 195 2182 quod
218 2127 330 2169 idem
351 2142 437 2168 esse
462 2127 626 2169 videtur
651 2142 747 2168 cum
775 2127 914 2169 Arabi
937 2126 1162 2175 Ptolemaei,
1185 2133 1326 2180 quate-

82 2205 159 2230 nus
194 2190 397 2245 objectam
430 2191 467 2230 ei
501 2205 588 2230 esse
614 2198 755 2230 narrat
777 2189 954 2229 insulam
980 2188 995 2243 (
1021 2187 1236 2230 Astholam
1266 2202 1322 2227 sc.

83 2254 165 2294 sive
193 2253 400 2295 Carbinen
425 2255 458 2306 ).
485 2255 588 2304 Quae
619 2267 716 2292 vero
740 2250 891 2292 deinde
915 2257 1200 2291 memorantur
1233 2249 1327 2289 Ale-

84 2315 257 2356 xandria
273 2323 313 2355 et
326 2314 546 2355 Tonberus
575 2314 694 2363 ssuw,
717 2322 805 2353 tum
832 2312 1003 2354 demum
1025 2326 1076 2352 ex
1101 2309 1249 2352 ordine
1265 2325 1327 2351 re-

83 2386 318 2427 censentur,
363 2378 397 2416 si
424 2375 556 2417 Arbin
580 2376 754 2416 fluvium
791 2388 969 2430 reponas
999 2375 1044 2414 in
1065 2387 1161 2414 eum
1189 2372 1327 2415 locum

82 2454 208 2494 quem
229 2437 340 2494 apud
363 2437 600 2479 Nearchum
624 2437 799 2478 obtinet.
821 2438 930 2478 Nam
957 2434 1206 2478 Alexandria
1231 2436 1327 2476 Ori-

83 2511 219 2542 tarum
259 2500 427 2541 condita
448 2508 509 2540 est
538 2500 646 2540 circa
675 2514 723 2540 ea
754 2499 845 2540 loca
871 2500 915 2539 in
938 2498 1088 2554 quibus
1116 2497 1328 2539 Nearchus

86 2566 349 2604 Leonnatum
387 2562 606 2611 convenit,
641 2575 770 2616 prope
808 2559 955 2601 Cocala
978 2559 1046 2616 (c.
1071 2560 1140 2609 23,
1164 2561 1185 2600 5
1211 2558 1329 2617 >non

85 2627 140 2666 ita
175 2626 295 2679 longe
318 2633 411 2679 post
430 2623 682 2664 hodiernum
709 2622 853 2675 Agbor
869 2623 1059 2663 fluvium.
1092 2620 1157 2663 Cf.
1185 2621 1238 2661 de
1253 2621 1331 2662 hac

83 2686 335 2729 Alexandria
354 2686 522 2726 Curtius
545 2687 621 2735 IX,
665 2699 730 2736 10,
759 2684 922 2726 Diodor
942 2686 1092 2735 XVII,
1123 2686 1216 2732 104.
1242 2684 1329 2724 Ste-

83 2749 210 2805 phan.
231 2764 270 2790 v.
294 2747 473 2803 Ὀρὸῖται
490 2756 531 2788 et
551 2746 827 2803 Ἀλεξάνδρεια.
843 2746 969 2802 Apud
987 2745 1325 2788 Pseudocallisth.

84 2825 128 2866 p.
155 2810 228 2852 151
249 2818 420 2851 vocatur
445 2808 741 2865 Ἀλεξάνδρειαὴ
760 2809 797 2850 ἐν
817 2809 945 2865 ’Όρπῃ
962 2809 977 2862 (
994 2809 1022 2849 i.
1037 2807 1114 2859 6.ἣ
1136 2807 1173 2849 ἐν
1185 2807 1326 2864 ”Ορ6ῃ,

83 2872 109 2925 ἥ
143 2873 182 2915 ἐν
219 2872 411 2929 Ὀρὸίταις
427 2871 460 2929 ),
486 2873 529 2913 in
556 2873 713 2914 Chron.
738 2870 965 2923 Paschaliw‘q
1001 2870 1039 2911 ἐν
1077 2869 1233 2926 Ἄρπαν,
1260 2885 1327 2927 ap.

84 2940 109 2979 J
111 2936 242 2978 ulium
259 2935 474 2977 Valerium
494 2933 782 2976 :Alexandria
798 2933 915 2991 apud
931 2932 1116 2987 Origala.
1138 2934 1330 2975 Ceterum

86 3000 261 3041 intanta
280 3013 420 3040 rerum
455 2997 697 3038 confusione
731 2998 871 3038 nescio
894 3012 947 3038 an
974 2996 1097 3053 ’Άρὸις
1129 2995 1331 3052 oppidum

86 3077 171 3103 non
194 3063 333 3118 potius
362 3059 588 3101 dicendum
618 3061 761 3101 fuisset
792 3059 940 3115 Ὄρὸις,
960 3058 1075 3115 quod
1094 3059 1205 3100 idem
1226 3059 1332 3101 foret

88 3139 183 3165 cum
204 3125 335 3180 ’Ὠρων
366 3123 524 3179 oppido
539 3154 550 3173 ,
576 3138 599 3164 a
623 3125 838 3165 Leonnato
860 3121 1085 3164 Alexandri
1103 3120 1222 3176 jussu
1243 3136 1330 3163 συν-

89 3187 291 3242 ῳκισμένῳ
321 3187 337 3239 (
363 3188 459 3227 Arr.
492 3186 628 3227 Anab.
649 3188 725 3237 VI,
752 3198 822 3237 22,
859 3186 882 3226 3
909 3187 943 3239 ).
967 3186 1091 3226 Hunc
1113 3184 1249 3239 ipsum
1270 3184 1331 3225 lo-

91 3261 187 3287 cum
209 3249 446 3287 Leonnatus
479 3247 743 3302 appellaverit
781 3246 1091 3297 Alexandriam,
1126 3259 1250 3300 quam
1279 3245 1332 3287 ad

92 3322 204 3348 mare
225 3308 344 3347 sitam
361 3307 484 3348 fuisse
506 3308 682 3349 Diodori
701 3317 742 3349 et
770 3309 967 3365 Stephani
996 3308 1095 3350 locis
1113 3306 1329 3364 probatur.

92 3370 248 3411 Plinius
270 3383 366 3410 sane
395 3371 504 3412 inter
527 3370 661 3411 Arbin
684 3379 724 3411 et
746 3371 1040 3413 Alexandriam
1063 3370 1274 3421 distinxit;
1292 3378 1334 3412 at

94 3432 335 3474 Ptolemaeus
356 3446 442 3472 non
463 3433 580 3477 novit
604 3432 915 3485 Alexandriam,
946 3442 1180 3488 propterea,
1210 3441 1330 3488 puto,

93 3493 209 3548 quod
223 3493 404 3547 priscum
419 3507 571 3533 nomen
583 3492 730 3548 Ὄρὸις,
744 3493 864 3548 ’Ὧραι
883 3493 1038 3550 (Ὠρεία
1050 3496 1092 3535 in
1105 3495 1256 3550 Peripl.
1273 3510 1330 3536 m.

94 3555 263 3610 Erythr.
303 3556 318 3607 )
347 3553 486 3594 denuo
517 3554 757 3595 invaluerat.
790 3556 875 3596 Sita
910 3555 1080 3597 fortasse
1116 3556 1188 3597 ubi
1221 3571 1334 3597 nune

105 3620 302 3664 Urmara,
325 3617 393 3656 cui
419 3616 552 3656 insula
570 3615 730 3670 objecta
758 3625 833 3657 est.
861 3618 1024 3659 Mutato
1045 3627 1182 3659 autem
1204 3618 1335 3674 Ὄρῧις

97 3680 267 3720 nomine
286 3679 330 3718 in
351 3678 493 3733 >Άρὸις,
513 3692 598 3719 non
613 3679 769 3719 mirum
790 3688 849 3720 est
863 3679 1001 3721 locum
1021 3679 1073 3720 ad
1094 3681 1248 3721 flumen
1267 3696 1334 3722 co·-

95 3755 277 3795 gnomen
310 3755 334 3781 a
361 3740 581 3781 Ptolemaeo
611 3740 851 3782 translatum
875 3757 977 3784 esse.
1016 3744 1032 3797 1}
1055 3767 1111 3774 —
1140 3757 1180 3784 2.
1203 3744 1330 3800 ἄνω]

99 3804 222 3844 ἄνωΟε
242 3805 294 3843 D.
325 3803 341 3856 ΙΙ
368 3825 424 3833 -
445 3805 485 3843 6.
511 3802 746 3858 ᾠκισάμενοι
771 3804 893 3844 BCD.
927 3804 943 3857 ΙΙ
972 3828 1027 3834 -
1050 3807 1089 3846 8.
1121 3803 1333 3860 Ἀράὸιες

98 3864 305 3919 ἔσχατοι
329 3863 570 3914 Ἰνδῶ,ν,...
601 3863 1094 3921 ὨρεῖταιΠηΕΧΡεά.
1117 3869 1193 3918 VI,
1217 3881 1285 3918 21,
1309 3869 1331 3908 3

98 3927 223 3968 habes
246 3925 434 3982 Ὠρείταις
456 3927 537 3974 τοῖς
555 3925 673 3983 ταύτῃ
704 3925 863 3977 Ἰνδοῖς,
892 3927 996 3968 adeo
1015 3936 1059 3968 ut
1082 3930 1209 3971 Oritae
1230 3944 1333 3985 quo-

96 3994 179 4044 que
190 3986 304 4030 Indis
318 3996 624 4040 accenseantur,
637 3984 779 4030 ‘minus
794 3998 981 4031 accurate
996 4007 1007 4043 ;
1022 3993 1208 4045 quamvis
1223 3994 1334 4034 enim

2529 147 2617 184 339

1700 200 1720 219 ι

1387 249 1536 290 aquam
1554 246 1652 276 vero
1669 235 1787 291 potui
1805 236 2001 290 ineptam,
2023 236 2134 290 quod
2149 250 2221 291 per
2237 240 2383 280 Arabis
2402 244 2505 282 ostia
2517 259 2627 286 mare

1387 308 1429 333 se
1462 294 1623 348 ingerit.
1686 295 1749 348 (9)
1785 296 1930 348 Itaque
1973 293 2245 348 quadraginta
2287 298 2417 339 stadia
2457 299 2627 342 adverso

1386 365 1508 392 amne
1537 350 1711 406 profecti
1741 350 1794 392 ad
1822 351 1959 392 lacum
1989 350 2260 402 devenerunt,
2293 363 2414 409 atque
2447 356 2545 397 inde
2567 372 2628 399 as-

1387 418 1552 465 sumpta
1574 423 1682 469 aqua
1696 409 1849 450 reversi
1871 417 1983 450 sunt.
2045 411 2135 463 (10)
2162 410 2301 451 Insula
2328 414 2436 466 apud
2460 422 2628 469 portum

1387 475 1449 507 est
1477 467 1662 508 eminens
1695 481 1743 508 ac
1770 466 1954 516 deserta3
1990 467 2098 508 circa
2121 468 2227 508 hanc
2249 476 2477 511 ostreorum
2506 482 2628 527 atque

1388 527 1524 566 omnis
1545 526 1705 579 generis
1730 526 1906 580 piscium
1924 525 2103 580 piscatus
2125 534 2226 568 erat.
2286 527 2379 568 Huc
2397 542 2525 583 usque
2539 545 2628 584 per-

1387 585 1520 625 tinent
1539 583 1727 633 Arabies,
1751 582 1888 624 ultimi
1912 582 2116 625 Indorum
2131 585 2208 626 hac
2230 585 2274 626 in
2291 595 2406 641 parte
2443 587 2629 629 habitan-

1389 643 1516 692 tium;
1540 641 1738 682 ulteriora
1755 641 1882 682 Oritae
1900 649 2059 684 tenent.

1443 706 1603 746 XXIII.
1636 704 1702 746 Ab
1731 704 1837 745 ostio
1860 704 1997 760 itaque
2024 705 2169 746 Arabis
2189 704 2385 761 digressi,
2412 709 2628 750 Oritarum

1390 778 1600 832 regionem
1616 776 2018 833 praeternavigantes,
2041 775 2092 817 ad
2111 777 2255 831 Pagala
2272 777 2448 838 ducenta
2463 781 2626 822 circiter

1394 848 1525 890 stadia
1542 848 1697 889 emensi
1721 848 1937 888 stationem
1954 848 2137 891 habuere
2151 883 2162 898 ‚
2185 850 2237 890 ad
2258 850 2393 890 locum
2411 859 2630 892 aestuosum

1389 921 1583 977 quidem,
1623 920 1695 961 sed
1739 920 1900 961 ancoris
1931 919 2131 976 jaciendis
2167 921 2379 964 idoneum.
2439 926 2628 978 Remiges

1390 991 1515 1043 igitur
1545 990 1589 1030 in
1621 988 1797 1030 navibus
1819 988 2041 1030 manebant
2051 1005 2062 1040 ;
2098 990 2269 1045 quidam
2303 1006 2399 1032 vero
2427 1001 2627 1046 aquatum

1390 1059 1540 1115 egressi
1572 1071 1722 1114 aquam
1757 1057 1997 1100 attulerunt.
2059 1060 2121 1113 (2)
2161 1059 2362 1113 Postridie
2395 1059 2491 1101 inde
2531 1075 2628 1105 cum

1390 1130 1481 1171 luce
1514 1128 1709 1183 digressi,
1737 1135 1778 1168 et
1810 1127 1972 1168 circiter
2002 1128 2203 1182 (triginta
2225 1130 2295 1182 et)
2331 1128 2629 1184 quadringenta

1392 1192 1523 1233 stadia
1545 1191 1699 1232 emensi
1724 1190 1803 1231 sub
1835 1204 2053 1245 vesperum
2089 1191 2132 1230 in
2165 1190 2329 1232 Cabana
2364 1193 2626 1246 perveniunt,

1391 1260 1643 1315 classemque
1660 1257 1713 1299 ad
1731 1258 1844 1299 littus
1866 1257 2075 1299 desertum
2097 1258 2235 1299 locant
2248 1274 2260 1309 ;
2285 1258 2342 1299 ibi
2365 1267 2483 1299 aestus
2507 1260 2630 1299 maris

1391 1328 1593 1369 violentus
1623 1334 1724 1378 erat,
1751 1340 1877 1381 quam
1907 1326 1961 1366 ob
1979 1339 2067 1366 rem
2086 1327 2129 1365 in
2154 1325 2235 1366 alto
2265 1340 2388 1366 naves
2412 1327 2629 1366 stationem

1390 1403 1630 1438 tenuerunt.
1693 1393 1753 1450 (3)
1777 1396 1828 1434 In
1842 1394 1919 1434 hac
1941 1393 2199 1447 navigatione
2221 1407 2351 1448 quum
2374 1393 2516 1446 ingens
2535 1408 2631 1432 ven-

1391 1473 1534 1505 torum
1554 1463 1615 1503 vis
1634 1461 1748 1503 classi
1769 1476 1793 1502 a
1811 1462 1915 1502 mari
1938 1461 2213 1511 incumberet,
2239 1460 2332 1501 duae
2354 1474 2476 1501 naves
2502 1459 2631 1513 longae

1393 1542 1433 1574 et
1451 1545 1643 1574 cercurus
1666 1531 1879 1585 perierunt
1897 1560 1908 1579 ,
1931 1530 2008 1568 viri
2025 1537 2167 1568 natatu
2186 1537 2424 1580 evaserunt,
2447 1529 2543 1584 quia
2561 1543 2631 1570 na-

1392 1699 1516 1739 rebus
1537 1698 1726 1752 plurimis
1749 1697 1875 1736 Oritae
1896 1695 2012 1736 Indis
2031 1696 2226 1735 simillimi
2242 1704 2390 1746 essent,
2415 1696 2552 1749 lingua
2572 1705 2631 1737 ta-

1394 1775 1490 1800 men
1514 1760 1682 1813 aliisque
1704 1757 1912 1798 nonnullis
1945 1758 2142 1797 institutis
2164 1757 2215 1797 ab
2250 1758 2299 1796 iis
2319 1765 2436 1797 erant
2461 1757 2627 1808 diversi,

1393 1830 1441 1862 ut
1463 1829 1577 1877 patet
1599 1835 1650 1860 ex
1684 1819 1873 1859 Nearcho
1896 1833 1933 1859 c.
1956 1818 2007 1858 25
2020 1849 2031 1868 ‚
2065 1819 2105 1867 3,
2130 1818 2265 1871 Plinio
2289 1818 2318 1858 l.
2338 1818 2367 1858 l.
2398 1819 2520 1858 Haud
2538 1833 2630 1873 pre-

1395 1883 1547 1923 menda
1557 1890 1752 1936 suntquae
1763 1895 1834 1921 ore
1849 1879 2032 1921 rotundo
2044 1878 2362 1921 dicitDiodorus
2377 1881 2515 1930 XVII,
2531 1882 2627 1923 105:

1398 1945 1445 1986 Οἳ
1463 1945 1504 1986 δὲ
1525 1944 1699 2000 Ὠρεῖται
1713 1942 1762 1983 τὰ
1783 1941 1849 1997 μὲν
1867 1942 1972 1982 ἄλλα
1992 1941 2241 1996 παραπλήσια
2257 1943 2339 1988 τοῖς
2364 1940 2500 1989 Ἰνδοῖς
2517 1941 2630 1997 ἔχου-

1396 2021 1471 2057 σιν,
1492 2007 1533 2047 ἓν
1554 2005 1595 2046 δὲ
1615 2004 1903 2060 ἐξηλλαγμένον
1923 2003 1989 2044 καὶ
2006 2003 2201 2051 παντελῶς
2224 2002 2399 2054 ἄπιστον,
2417 2011 2495 2044 etc.

1451 2069 1612 2119 XXIII,
1643 2070 1684 2109 8.
1703 2067 1744 2108 ἐκ
1768 2068 1835 2118 τῆς
1854 2065 2015 2118 ἐκὸολῆς
2031 2067 2078 2107 L.
2108 2065 2124 2119 Η
2147 2089 2204 2096 ——
2222 2079 2287 2107 10.
2311 2065 2413 2120 Παγ
2428 2065 2516 2105 άλο
2532 2067 2628 2120 ισι]

1394 2132 1602 2187 παράλοισι
1634 2133 1688 2170 D.
1726 2128 1918 2170 Eundem
1943 2129 2082 2169 locum
2111 2127 2294 2182 Πηγάδας
2328 2127 2579 2181 (Πηγάλαςὶ)
2615 2128 2628 2183 )

1395 2193 1532 2234 dicere
1544 2189 1737 2246 videtur(
1753 2204 1804 2231 ex
1822 2189 2080 2244 Orthagora)
2097 2188 2365 2229 Philostratus
2383 2189 2471 2228 Vit.
2494 2189 2628 2243 Apoll.

1394 2257 1478 2305 III,
1521 2253 1572 2303 54
1604 2258 1620 2294 ’ἱ
1654 2253 1874 2307 Κατασχεῖν
1911 2252 2063 2305 δέφασι
2085 2250 2149 2291 καὶ
2185 2250 2220 2298 ἔς
2251 2250 2434 2305 Πηγάδας
2462 2253 2529 2301 τῆς
2554 2255 2629 2291 τῶν

1402 2314 1585 2370 Ὠρειτῶν
1605 2317 1753 2370 χώρας·
1774 2314 1811 2354 οἱ
1834 2313 1874 2354 δὲ
1902 2307 2091 2363 Ὠρεῖται,
2107 2311 2258 2363 χαλκαῖ
2272 2311 2339 2366 μὲν
2360 2310 2489 2359 αὐτοῖς
2507 2311 2546 2352 αἱ
2565 2313 2630 2354 πὲ·

1396 2393 1502 2433 τραι,
1525 2377 1657 2433 χαλκῆ
1688 2377 1722 2416 δ’
1742 2375 1765 2427 ἥ
1783 2375 1961 2431 ψάμμος,
1983 2374 2156 2428 χαλκοῦν
2175 2373 2215 2413 δὲ
2246 2373 2382 2428 ψῆγμα
2400 2373 2438 2414 οἱ
2463 2374 2631 2429 ποταμοὶ

1397 2440 1549 2492 ἄγουσι.
1570 2439 1750 2495 Χρυσῗτιν
1774 2438 1807 2477 δῖ
1841 2436 2028 2492 ἡγοῦνται
2057 2434 2126 2487 τὴν
2150 2438 2224 2490 γῆν
2252 2434 2315 2475 διὰ
2344 2433 2414 2486 τὴν
2439 2435 2628 2491 εὐγένειαν

1396 2506 1463 2543 τοῦ
1486 2502 1654 2557 χαλκοῦ’.
1679 2501 1696 2555 n
1722 2524 1779 2531 -
1801 2511 1866 2540 12.
1894 2497 1960 2554 μὲν
1978 2512 2062 2538 om.
2082 2499 2131 2538 L.
2161 2497 2177 2551 ΙΙ
2202 2520 2258 2528 —-
2280 2496 2345 2538 15.
2369 2497 2528 2552 τριήκ.
2549 2498 2632 2538 καὶ

1396 2581 1418 2606 τ
1429 2580 1475 2606 ετ
1487 2581 1506 2620 ρ
1520 2558 1608 2619 om]
1628 2565 1723 2615 LA;
1742 2561 1977 2618 τριακοσίους
1990 2560 2097 2601 BCD
2109 2567 2150 2599 et
2166 2559 2286 2613 vulgo
2299 2567 2394 2600 ante
2408 2559 2502 2600 Sch.
2519 2560 2631 2601 Infra

1400 2626 1415 2683 (
1439 2642 1475 2668 c.
1501 2626 1570 2677 25,
1605 2626 1626 2666 3
1655 2625 1669 2682 )
1703 2625 1915 2666 Oritarum
1949 2621 2169 2678 παράπλους
2190 2635 2276 2661 6556
2305 2621 2458 2662 dicitur
2479 2621 2631 2662 stadio-

1399 2703 1494 2730 rum
1524 2692 1630 2730 1600
1644 2719 1655 2738 ,
1679 2686 1927 2741 suffragante
1949 2685 2097 2726 Plinio.
2123 2682 2284 2737 Quodsi
2304 2683 2384 2724 hoc.
2419 2683 2510 2724 loco
2533 2685 2631 2724 scri-

1398 2751 1527 2805 pseris
1562 2748 1694 2791 stadia
1726 2750 1829 2799 300,
1854 2762 2013 2788 summa
2032 2745 2230 2787 est·stad.
2271 2744 2403 2796 15oo,·
2440 2746 2504 2786 sin
2527 2746 2629 2796 430,

1397 2813 1645 2866 colliguntur
1682 2812 1809 2861 1630,
1833 2824 1911 2866 pro
1934 2809 2084 2864 quibus
2109 2823 2180 2849 ore
2208 2807 2391 2849 rotundo
2423 2816 2633 2849 auctorem

1398 2874 1549 2916 dixisse
1582 2879 1709 2924 1600,
1745 2881 1883 2914 censet
1903 2870 2204 2913 Schmiederus.
2239 2871 2292 2911 Ni
2323 2869 2454 2921 fallor,
2482 2868 2633 2925 duplex

1399 2935 1643 2978 occurrebat
1662 2936 1704 2975 in
1723 2934 1838 2975 libris
1852 2933 1988 2984 lectio,
2021 2932 2259 2988 τριακοσίους
2276 2939 2316 2972 et
2343 2932 2606 2986 τετρακοσίους
2618 2962 2629 2981 ,

1399 2998 1729 3055 frequentissima
1742 2998 1895 3038 horum
1908 3009 2179 3037 numerorum
2196 2993 2437 3035 confusione
2446 3008 2458 3042 ;
2476 3007 2524 3033 ex
2543 2994 2632 3046 qui-

1376 3062 1475 3103 *bus
1505 3061 1693 3103 conflatis
1712 3068 1831 3101 natus
1863 3066 1923 3099 est
1948 3071 2144 3098 numerus
2177 3057 2273 3105 430.
2299 3053 2537 3108 Legendum
2556 3054 2631 3094 ita·

1400 3138 1480 3179 que
1504 3123 1610 3165 foret
1649 3121 1927 3177 τετρακοσίους.
1959 3121 1975 3173 ΙΙ
2012 3143 2068 3150 --
2094 3121 2158 3159 16.
2182 3116 2413 3170 Κάὸανα]
2437 3116 2632 3156 Mensura

1400 3186 1515 3228 ducit
1540 3185 1592 3227 ad
1628 3184 1800 3225 fluvium
1836 3182 1992 3234 Agbor,
2024 3195 2048 3220 a
2084 3177 2198 3233 cujus
2231 3178 2354 3219 latere
2389 3175 2630 3219 occidentali

1400 3262 1512 3288 nunc
1531 3248 1608 3288 sita
1621 3255 1680 3287 est
1694 3247 1908 3286 Harcana.
1929 3241 2171 3284 Ptolemaeus
2185 3248 2225 3281 et
2240 3239 2473 3281 Marcianus
2492 3239 2629 3280 locum

1399 3310 1552 3351 habent
1572 3309 1632 3348 Ko
1645 3308 1687 3348 ία
1704 3323 1733 3362 μ
1745 3307 1765 3347 6
1779 3321 1823 3355 α,
1854 3318 1978 3360 quem
1997 3318 2092 3345 cum
2115 3302 2304 3349 Καὸάνοις
2323 3301 2499 3342 Nearchi
2519 3315 2631 3341 com-

1400 3370 1642 3427 ponendum
1661 3368 1882 3424 putaveris,
1907 3367 1940 3406 si
1980 3379 2131 3406 nomen
2155 3371 2326 3419 spectes,
2365 3376 2451 3402 non
2476 3363 2575 3402 item
2597 3363 2630 3402 si

1401 3434 1547 3475 seriem
1583 3432 1768 3472 locorum
1798 3430 1840 3469 in
1880 3427 2050 3470 confusa
2084 3425 2208 3481 hujus
2237 3439 2319 3466 orae
2357 3423 2632 3479 descriptione

1400 3495 1530 3551 probe
1544 3502 1743 3534 servatam
1758 3505 1842 3532 esse
1855 3505 1877 3531 a
1890 3490 2107 3532 Ptolemaeo
2118 3487 2312 3543 opineris.
2331 3486 2475 3538 Agbor
2485 3485 2632 3526 fluvius

1402 3556 1687 3610 intelligendus
1706 3552 1882 3609 estapud
1900 3553 2066 3594 Arrian.
2080 3553 2186 3606 Exp.
2200 3552 2277 3600 VI,
2293 3563 2362 3600 21,
2379 3548 2450 3589 ubi
2463 3547 2634 3589 Alexan-

1402 3619 1477 3660 der
1508 3619 1720 3660 Oritarum
1746 3615 1847 3656 fines
1883 3615 2101 3668 ingressuS,
2137 3613 2245 3653 victo
2266 3611 2398 3661 hoste,
2429 3623 2633 3664 στρατοπε-

1403 3683 1532 3722 δεῦσαι
1555 3679 1647 3735 πρὸς
1662 3677 1705 3718 οὗ
1728 3676 1867 3732 πολλῷ
1886 3675 2008 3726 ὕδατι,
2026 3673 2312 3719 utadventum
2334 3671 2631 3726 Hephaestionis

1404 3749 1676 3798 exspectaret,
1721 3747 1761 3780 et
1796 3739 1894 3779 hinc
1934 3746 2173 3794 progressus
2220 3736 2274 3778 ad
2315 3734 2628 3782 Rhambaciam,

1404 3806 1629 3846 maximum
1657 3802 1795 3842 vicum
1817 3802 2045 3851 Critarum,
2082 3800 2240 3841 venisse
2276 3796 2478 3853 proditur.
2524 3796 2539 3847 ΙΙ
2576 3818 2631 3825 -

1405 3881 1471 3908 20.
1501 3865 1581 3907 καὶ
1608 3864 1890 3919 κέρκουρος]
1942 3883 1958 3899 ιι
1990 3865 2053 3904 Ex
2082 3862 2163 3903 hoc
2197 3861 2288 3901 loco
2325 3856 2510 3918 videmus
2548 3869 2630 3895 non

1406 3931 1677 3970 triacontoros
1713 3919 1862 3976 solum,
1899 3925 1971 3966 sed
2000 3924 2206 3965 onerarias
2228 3922 2350 3962 etiam
2370 3932 2491 3959 naves
2507 3918 2633 3957 Near-

1406 3992 1527 4032 chum
1551 3989 1756 4030 habuisse.
1793 3988 1992 4029 Omnium
2016 4001 2112 4027 vero
2131 3996 2326 4025 numerus
2353 3995 2437 4022 non
2456 3986 2626 4021 constat.

2413 4061 2465 4090 29..
