2808 4342
496 41 544 91 Ο

710 126 753 169 0

195 213 288 252 530

257 321 315 353 aa.
350 300 477 351 Ἔστι
512 268 630 344 δ’
579 316 653 351 της
687 298 917 350 Σουσιανῆς
936 294 985 340 τὸ
1006 293 1082 353 μὲν
1116 297 1248 354 μῆκος
1269 294 1429 343 στάδιοι

194 372 299 436 γφ’,
329 370 376 416 τὸ
394 368 437 414 δὲ
459 366 615 418 πλάτος
635 365 797 411 στάδιοι
818 363 936 424 6τν’.
1002 358 1128 425 Ἔχει
1157 363 1201 409 δὲ
1220 363 1315 421 ἔθνη
1337 364 1430 422 ἤτοι

193 437 447 501 σατραπείας
479 435 543 491 ς’,
575 434 716 485 πόλεις
738 432 781 478 δὲ
816 429 1043 491 ἐπισήμως
1075 431 1148 477 καὶ
1180 431 1325 492 κώμας
1352 434 1402 488 ιζ’
1415 470 1428 493 ,

192 524 404 566 ποταμους
438 502 664 563 ἐπισήμους
703 501 762 557 δ’,
796 498 984 556 Πηλώδη
1023 499 1204 561 κόλπον,
1245 501 1431 564 Τίναγος

153 594 173 623 ε
196 575 419 659 ἀμμῶδις,
455 569 712 634 Ἡρακλέους
733 568 1028 625 στήλας.οῑ
1064 567 1212 622 πάντες
1245 569 1330 616 ἀπὸ
1357 575 1428 617 τοῦ

190 645 395 706 στόματος
409 648 479 688 τοῦ
496 640 687 701 Τίγριδος
702 642 895 700 ποταμοῦ
911 637 1037 701 μέχρι
1056 641 1138 684 τῶν
1157 638 1341 686 ἐκὸολῶν
1355 645 1429 687 τοῦ

190 714 404 776 Ὀροάτιος
425 712 615 768 ποταμοῦ
642 712 716 755 τοῦ
739 707 963 771 παράπλου
985 710 1059 764 τ’ἧς
1085 709 1318 766 Σουσιανῆς
1337 708 1429 772 χώ-

191 802 262 845 ρας
290 780 449 828 στάδιοι
473 776 597 842 ,γυλ’.

512 880 756 917 ΠΕΡΣῙΔΟΣ
785 879 1103 917 ΠΔΡΔΠΔΟΥΣ.

250 992 309 1024 23.
347 974 400 1021 Ἥ
427 973 580 1037 Περσὶς
604 979 739 1019 κεῖται
762 971 837 1033 μὲν
860 971 932 1018 καὶ
951 970 1057 1028 αὐτὴ
1082 972 1124 1017 ἒν
1146 974 1207 1036 τῷ
1230 974 1429 1037 Περσικῷ

129 1064 165 1093 ιο
190 1044 347 1107 κόλπῳ,
378 1042 653 1105 περιορίζεται
686 1039 729 1086 δὲ
767 1039 851 1086 ἀπὸ
874 1039 949 1101 μὲν
983 1039 1146 1102 ἄρκτων
1168 1044 1221 1104 τῇ
1257 1041 1429 1104 Μηδίᾳ,

189 1114 270 1160 ἀπὸ
294 1112 336 1159 δὲ
360 1112 511 1164 δύσεως
532 1114 584 1174 τῇ
604 1109 884 1174 προειρημένῃ
905 1112 1138 1173 Σουσιανῇ,
1159 1109 1302 1157 ἀπὸδὲ
1326 1113 1429 1158 ἀνα-

186 1185 316 1229 τολῶν
337 1185 388 1244 τῇ
409 1180 661 1244 Καρμανία,
691 1179 774 1225 ἀπὸ
797 1179 841 1226 δὲ
865 1178 1210 1244 μεσημὸρίαςτῷ
1233 1182 1430 1244 Περσικῷ

187 1252 348 1316 κόλπῳ,
373 1250 482 1314 [ἀπὸ
499 1251 519 1311 ]
535 1254 606 1296 τοῦ
623 1248 837 1312 Ὀροάτιος
853 1246 1063 1313 ἀρξαμένη
1078 1253 1269 1309 ποταμοῦ
1281 1284 1294 1307 ,
1306 1248 1430 1313 μέχρι

188 1326 267 1368 τῶν
294 1321 474 1368 ἐκὸολῶν
498 1318 699 1382 Βαγράδα
718 1322 789 1364 τοῦ
813 1322 1020 1378 ποταμοῦ.
1093 1316 1178 1365 Καὶ
1202 1321 1228 1374 ἡ
1261 1317 1335 1380 μὲν
1353 1318 1429 1375 ὅλη

128 1408 164 1437 ts
187 1396 260 1449 τῆς
278 1392 419 1455 χώρας
450 1388 685 1454 περιγραφὴ
708 1386 893 1444 τοιαύτη·
918 1390 940 1434 δ
962 1385 1005 1434 δὲ
1028 1386 1137 1434 κατὰ
1168 1388 1289 1452 μέρος
1313 1387 1429 1451 περί-

188 1464 312 1516 πλους
329 1465 471 1509 τοῦτον
488 1459 575 1524 ἔχει
602 1458 673 1506 τὸν
690 1457 856 1521 τρόπον.

249 1547 308 1581 24.
345 1530 445 1579 Ἀπὸ
467 1533 549 1576 τῶν
572 1528 756 1575 ἐιὶὅολῶν
790 1530 861 1572 τοῦ
896 1524 1113 1590 Ὀροάτιος
1147 1530 1339 1587 ποταμοῦ
1362 1526 1431 1573 ἐπὶ

189 1602 319 1663 ἄκραν
341 1600 511 1655 Ταόκην
528 1597 757 1661 λεγομένην
795 1596 955 1643 στάδιοι
989 1598 1048 1661 φ’.
1117 1595 1219 1643 Ἀπὸ
1239 1596 1281 1642 δὲ
1302 1594 1431 1659 ἄκρας

187 1673 226 1718 Τ
227 1670 353 1728 αόκης
372 1668 440 1716 ἐπὶ
462 1666 736 1729 Ῥογομάνιος
766 1670 957 1726 ποταμοῦ
981 1665 1158 1719 ἐκὸολὰς
1187 1664 1345 1712 στάδιοι
1367 1666 1428 1730 ψ’.

59 1745 66 1791 ἑ
124 1755 167 1785 2ο
190 1741 263 1788 Ἐν
288 1739 330 1787 δὲ
356 1742 415 1802 τῷ
438 1736 649 1801 παράπλῳ
683 1739 804 1792 νῆσος
834 1742 969 1781 κεῖται
997 1737 1152 1800 Σῶφθα
1172 1735 1427 1796 καλουμένη.

187 1808 286 1856 Ἀπὸ
302 1808 344 1854 δὲ
357 1806 628 1869 Ῥογομάνιος
642 1809 832 1864 ποταμοῦ
850 1807 906 1858 εἰς
919 1804 1185 1868 Χερσόνησον
1201 1805 1359 1851 στάδιοι
1373 1805 1428 1869 φ’.

190 1879 395 1926 Ἐνταῦθα
429 1876 680 1938 παράκειται
712 1879 835 1932 νῆσος
869 1873 1133 1937 Ἀλεξάνδρου
1169 1873 1425 1931 καλουμένη.

186 1946 287 1994 Ἀπὸ
305 1946 347 1993 δὲ
367 1949 439 2003 τῆς
457 1943 720 2008 Χερσονήσου
740 1946 795 1996 εἷς
816 1942 1023 2005 Βρισοάνα
1046 1947 1235 2004 ποταμοῦ
1254 1942 1431 1997 ἐκὸολὰς

188 2017 346 2062 στάδιοι
377 2015 459 2078 χν’.
527 2014 627 2063 Ἀπὸ
649 2013 691 2059 δὲ
711 2019 781 2060 τοῦ
808 2013 1014 2075 Βρισοάνα
1036 2017 1230 2074 ποταμοῦ
1255 2015 1311 2067 εἰς
1338 2015 1430 2061 Αὖ-

124 2102 165 2132 25
187 2075 303 2140 σίνζα
319 2085 478 2131 στάδιοι
494 2084 554 2147 χ’.
624 2083 725 2130 Ἀπὸ
748 2083 829 2145 [δὲ]
851 2083 1063 2138 Αὗσίνζων
1088 2083 1206 2145 [εἷς]
1230 2083 1428 2145 Βαγράδα

186 2158 376 2215 ποταμοῦ
395 2154 570 2205 ἑκὸολὰς
589 2151 737 2199 στάδια
753 2153 832 2199 υν’.
903 2153 1109 2199 Ἐνταῦθα
1130 2155 1204 2208 τῆς
1228 2153 1430 2214 Περσίδος

185 2222 277 2276 τοὺς
294 2221 411 2286 ὅρους
429 2215 708 2268 άποτελευτᾶν
728 2220 1055 2283 προειρήκαμεν.

247 2310 306 2341 as.
341 2291 468 2340 Ἔστι
488 2290 530 2337 δὲ
548 2294 623 2346 τῆς
644 2289 847 2353 Περσίδος
867 2290 914 2335 τὸ
938 2289 1014 2351 μὲν
1035 2293 1166 2350 μῆκος
1194 2291 1351 2337 στάδιοι
1371 2291 1425 2354 ,8,

186 2362 231 2408 τὸ
266 2361 486 2413 δὲ·πλάτος
512 2360 608 2422 ,αυ’.
675 2357 801 2422 Ἔχει
835 2358 877 2405 δὲ
909 2358 1003 2416 ἔθνη
1029 2357 1056 2415 ἢ
1090 2359 1345 2422 σατραπείας
1371 2360 1426 2420 ι’,

56 2448 60 2468 ῑ
121 2449 163 2480 ³0
184 2432 321 2484 πόλεις
343 2431 385 2477 δὲ
405 2430 631 2490 ἐπισήμους
662 2428 735 2475 καὶ
757 2428 902 2486 κώμας
922 2428 1015 2489 λ6’,
1038 2428 1251 2489 ποταμοὺς
1278 2429 1425 2485 ἐπισή·

185 2520 282 2560 μους
294 2500 353 2562 γ’,
371 2499 626 2563 ἀκρωτήριον
645 2498 848 2559 ἐπίσημον
867 2498 923 2556 α’,
948 2498 1199 2561 χερσόνησον
1221 2498 1422 2558 ἐπίσημον

185 2571 240 2628 α’,
257 2570 404 2627 νήσους
425 2568 650 2629 ἐπισήμους
670 2566 727 2614 6‘.
796 2569 852 2615 Οἱ
867 2567 1019 2621 πάντες
1035 2567 1118 2614 ἀπὸ
1130 2572 1200 2614 τοῦ
1214 2567 1429 2632 Ὀροάτιος

184 2641 309 2703 μέχρι
332 2643 412 2686 τῶν
438 2644 508 2685 τοῦ
530 2637 729 2702 Βαγράδα
749 2642 939 2699 ποταμοῦ
973 2637 1155 2684 ἐκὸολῶν
1186 2642 1258 2685 τοῦ
1284 2638 1426 2701 παρά-

182 2711 288 2755 πλου
305 2712 375 2763 τῆς
391 2712 471 2753 τῶν
491 2710 663 2770 Περσῶν
678 2707 818 2771 χώρας
838 2708 993 2754 στάδιοι
1016 2707 1107 2772 ,γυ’.

493 2817 633 2852 ΚᾸΡΜ
641 2818 788 2853 Annis
814 2818 1114 2854 ΠΕΡῙΠΔΟΥΣ.

123 2930 165 2962 a
250 2924 308 2955 2⁶.
378 2908 428 2954 Ἡ
458 2910 683 2970 Καρμανία
713 2910 829 2970 με’ρει
849 2910 923 2968 μέν
950 2929 1026 2955 τινι
1047 2909 1157 2956 κατὰ
1178 2910 1246 2956 τὸν
1269 2912 1425 2973 Περσι-

185 2978 258 3024 κὸν
278 2983 412 3023 κεῖται
434 2977 586 3023 κόλπον
601 3012 613 3032 ,
636 2977 753 3038 μέρει
776 2977 818 3023 δὲ
843 2978 957 3039 παρὰ
978 2979 1024 3023 τὸ
1047 2977 1221 3024 Ἰνδικὸν
1245 2979 1424 3039 πέλαγος

188 3046 295 3109 [τὸ]
321 3045 427 3107 μετὰ
452 3045 522 3092 τὸν
545 3045 701 3093 κόλπον
735 3046 806 3093 τὸν
840 3046 1065 3110 Περσικόν.
1138 3048 1422 3109 Περιορίζεται

240 3185 264 3235 S
283 3186 352 3232 22,
370 3181 400 3223 l.
418 3180 579 3239 2.,γ’φ’]
594 3180 964 3239 Minorlongitudo
977 3189 1038 3223 αι
1048 3195 1129 3223 sec.
1142 3181 1425 3232 Ptolemaeum,

184 3242 295 3300 apud
318 3258 444 3299 quem
468 3245 640 3286 Susiana
662 3245 843 3301 pertinet
859 3259 883 3286 a
909 3244 984 3286 36ο
999 3243 1052 3286 ad
1076 3242 1315 3286 30030'121.
1340 3245 1356 3299 n
1372 3269 1428 3276 —

184 3307 252 3363 ,βτ
264 3305 336 3362 ν’]
362 3307 511 3348 Nescio
539 3306 637 3348 iude
665 3321 689 3349 a
718 3321 803 3363 quo
824 3307 917 3349 ioco
942 3306 993 3349 ad
1027 3321 1250 3363 quemnam
1283 3315 1428 3349 auctor

184 3369 291 3410 hanc
305 3368 566 3411 latitudinem
594 3371 866 3426 computarit;
885 3369 1003 3426 juxta
1026 3384 1142 3412 oram
1176 3370 1424 3412 maritimam

185 3438 395 3487 computat
405 3439 458 3473 st.
478 3431 601 3481 3430.
618 3433 635 3487 11
653 3456 710 3464 -
725 3433 767 3475 3.
789 3431 859 3489 ς’]
876 3432 998 3489 Apud
1011 3432 1183 3475 Ptolem.
1198 3433 1241 3475 in
1256 3433 1426 3476 Susiana

184 3491 310 3534 habea
345 3493 564 3549 Elymaeos,
594 3496 800 3547 Oossaeos,
838 3495 1062 3538 Melitenen
1075 3495 1094 3547 ,⁶
1130 3494 1423 3548 Cabandenen,

185 3553 464 3606 Characenen,
489 3557 678 3608 Cissiam‚
702 3557 953 3614 Chaltapitin
980 3566 1022 3601 et
1049 3572 1242 3615 campum
1275 3560 1423 3601 Deera.

189 3615 207 3670 ΙΙ
235 3638 295 3648 -
323 3616 378 3664 ιζ’
392 3618 615 3672 ]Totidem
637 3620 896 3663 Ptolemaeus.
925 3622 941 3676 Η
974 3645 1031 3654 -
1054 3620 1094 3663 5.
1122 3621 1263 3674 στηλαι
1277 3620 1422 3664 codex

184 3676 429 3721 Ptolemaeus
448 3695 531 3722 non
563 3682 707 3734 στήλας
735 3682 807 3725 sed
830 3684 983 3741 βωμους
1010 3682 1243 3739 Ἡρακλέους
1268 3698 1426 3728 memo·

185 3748 262 3782 rat.
284 3740 428 3797 11-7,
451 3739 804 3798 Ορατίουοοά.

241 3804 357 3855 523.
386 3802 452 3847 Cf.
469 3803 713 3847 Ptolemaeus
734 3808 818 3858 VI,
840 3811 881 3858 4.
908 3810 924 3863 ΙΙ
957 3833 1013 3841 -
1043 3823 1108 3852 10.
1132 3809 1157 3861 ἢ
1181 3818 1275 3852 ante
1292 3809 1429 3867 Περσὶς

187 3864 229 3904 in
252 3865 370 3908 editt.
394 3865 532 3921 deest3
560 3867 604 3910 in
627 3867 771 3910 codice
793 3870 967 3912 evanida
1003 3871 1088 3913 scre
1118 3881 1181 3914 αι
1202 3872 1316 3915 litera
1339 3871 1428 3915 hec

185 3926 326 3969 rubra.
362 3930 379 3984 u
399 3954 456 3962 —
474 3930 540 3973 ι3.
562 3929 659 3974 ἀπὸ
681 3930 734 3973 δὲ
763 3947 885 3988 μεση
902 3933 1340 3990 μὸρίας]Νίπιίι·ιιιη
1373 3949 1424 3978 ex

187 3989 392 4031 Ptolemaei
428 3994 629 4035 sententia
661 4008 734 4035 ora
770 3994 951 4040 Persidis
972 3997 1176 4039 maritima
1197 3998 1249 4039 ab
1278 4011 1426 4040 occasu

140 4051 143 4055 '
188 4061 329 4091 versus
361 4054 560 4096 orientem
589 4055 738 4098 tendit.
765 4057 856 4109 ΙΙ-
880 4061 945 4108 14.
969 4056 1087 4115 Ὀρατ
1068 4060 1127 4100 -οί
1106 4075 1150 4100 υ
1184 4059 1280 4102 cod.
1316 4062 1334 4115 ΙΙ
1371 4085 1427 4093 -

1075 192 1375 241 MARctAm
1408 192 1855 241 RRRACLERNSIS

1503 3144 1567 3221 15.
1600 3143 1781 3235 Βάγραδα
1802 3180 1898 3221 cod.
1931 3188 1972 3221 et
2003 3181 2164 3235 saepius,
2197 3179 2267 3220 sed
2288 3182 2311 3232 S
2330 3183 2383 3221 26
2407 3187 2448 3221 et
2466 3193 2534 3236 27.
2557 3180 2738 3237 Βαγράόᾳ
2772 3189 2805 3249 ⁸.

2561 197 2694 262 (ιιι-ιο

1550 314 1623 344 22.
1653 303 1772 343 Patet
1805 302 1947 343 autem
1986 303 2159 348 Susiana
2182 306 2229 348 in
2265 305 2568 362 longitudinem
2602 303 2736 350 stad‘l

1495 381 1639 433 3‚500‚
1664 382 1709 423 in
1737 380 1999 425 latitudinem
2032 382 2164 426 aaut·
2201 386 2345 447 2,350.
2382 388 2622 431 Provincias
2649 368 2738 435 ,εἶ

1493 462 1691 519 satrapias
1728 461 1852 504 habet
1878 466 1928 514 6,
1962 462 2088 505 urbes
2118 463 2298 519 insignes
2326 474 2372 509 et
2398 468 2512 511 vicos
2548 482 2614 524 17,
2654 469 2713 511 flu
2737 496 2741 525 ς

1494 544 1583 584 vios
1606 544 1785 599 insignes
1804 547 1827 593 4
1847 575 1859 594 ,
1890 545 2029 587 sinum
2058 544 2255 595 Peioden,
2291 545 2459 591 Vadam
2484 563 2703 594 arenosum
2718 556 2763 602 ,ζ-

1494 619 1684 661 Herculis
1721 619 1951 661 coiumnas.
2011 617 2151 660 Stadia
2187 620 2379 662 universa
2417 627 2732 683 praten-naviga·
2755 636 2778 678 j

1493 700 1619 742 tionis
1638 700 1821 744 Susiane
1835 700 2014 756 regionis
2034 700 2087 742 ab
2102 700 2209 742 ostio
2221 699 2404 756 Tigridis
2422 701 2539 745 fluvii
2556 703 2611 747 ad
2630 707 2735 751 ostia

1493 779 1661 822 omaus
1687 781 1803 823 fluvii
1825 788 1924 823 sunt
1942 781 2087 831 3,430.
2752 775 2756 790 ’

1852 893 2070 927 Pansmts
2102 893 2368 929 kanutus.

1552 984 1623 1026 23.
1655 983 1789 1026 Persis
1804 991 1845 1024 et
1860 984 1946 1039 ipsa
1960 983 2038 1025 sita
2051 990 2112 1024 est
2129 982 2184 1025 ad
2198 983 2337 1027 sinum
2350 986 2578 1030 Persimm.
2636 988 2738 1031 Ter·

1496 1061 1680 1102 minatur
1700 1074 1725 1101 a
1741 1059 2092 1115 septentrionibus
2108 1058 2266 1111 Media,
2287 1059 2340 1102 ab
2357 1074 2507 1104 occasu
2518 1060 2607 1119 J‘am
2626 1062 2736 1107 dicta
2764 1092 2768 1103 .

1496 1134 1683 1186 Susiana,
1707 1133 1761 1176 ab
1781 1135 1940 1195 oriente
1954 1135 2187 1187 Carmania,
2211 1150 2237 1178 a
2253 1135 2428 1179 meridie
2455 1137 2552 1182 sinu
2570 1139 2750 1183 Persico.
2772 1161 2779 1180 2

1497 1209 1595 1252 inde
1619 1209 1673 1253 ab
1693 1211 1838 1253 Oroati
1862 1211 1990 1253 ssuvio
2011 1225 2143 1268 usque
2162 1211 2216 1254 ad
2250 1213 2354 1256 ostia
2373 1213 2569 1269 Bagrada
2602 1214 2735 1260 fluvii.

1495 1288 1559 1328 Ac
1596 1286 1799 1328 universae
1833 1284 2005 1342 quidem
2037 1288 2218 1342 regionis
2240 1289 2569 1347 circumscriptio
2604 1292 2660 1335 ita
2693 1303 2740 1335 se
2760 1270 2775 1310 i

1494 1362 1620 1405 habet
1636 1394 1648 1415 ,
1685 1362 1869 1420 periplus
1902 1378 2000 1406 vero
2023 1363 2211 1406 locorum
2248 1365 2505 1422 singulorum
2540 1366 2594 1409 ad
2626 1368 2740 1412 hunc

1497 1444 1688 1487 modum.

1553 1529 1623 1576 24.
1657 1525 1724 1569 Ab
1752 1527 1868 1568 ostiis
1889 1527 2055 1569 Oroatis
2085 1528 2202 1570 fluvii
2231 1542 2363 1585 usque
2381 1527 2435 1571 ad
2453 1529 2620 1573 'raooen
2641 1542 2739 1588 pro-

1494 1604 1753 1644 montorium
1777 1602 1908 1645 stadia
1928 1602 2023 1647 500.
2084 1607 2119 1647 A
2142 1606 2433 1661 promontorio
2450 1608 2588 1650 Taoce
2607 1603 2739 1666 usque

1494 1678 1547 1720 ad
1577 1681 1682 1721 ostia
1701 1680 1984 1735 Rhogomanis
2005 1681 2122 1723 ssuvii
2143 1681 2275 1725 stadia
2299 1696 2397 1739 700.
2454 1684 2650 1727 Occurrit
2664 1697 2738 1728 ιιι·

1494 1765 1578 1799 tem
1609 1757 2021 1814 inpraetervectione
2041 1758 2175 1801 insula
2196 1759 2382 1816 Sophtha
2414 1761 2642 1819 nominata.
2700 1762 2739 1806 A

1494 1832 1755 1888 Rbogomani
1787 1834 1914 1874 fluvio
1943 1833 1995 1874 ad
2025 1834 2330 1879 Chersonesum
2353 1834 2485 1877 stadia
2504 1835 2600 1880 500.
2659 1834 2740 1884 Hie

1494 1908 1655 1965 objacet
1672 1909 1808 1952 insula
1829 1908 2054 1952 Alexandri
2074 1909 2289 1966 appellata.
2349 1913 2387 1953 A
2409 1911 2670 1955 Chersoneso
2685 1910 2738 1953 ad

1492 1986 1702 2028 Brisoanae
1721 1986 1836 2028 ssuvii
1856 1986 1960 2028 ostia
1974 1984 2106 2028 stadia
2126 1985 2222 2029 650.
2282 1988 2319 2029 A
2332 1987 2531 2030 Brisoana
2542 1987 2672 2030 fluvio
2684 1987 2738 2031 ad

1495 2064 1675 2105 Ausinza
1709 2061 1840 2105 stadia
1873 2066 1969 2107 600.
2028 2062 2095 2106 Ab
2118 2062 2309 2106 Ausinzis
2331 2062 2383 2105 ad
2417 2064 2522 2106 ostia
2545 2059 2775 2120 Bsgndoe

1494 2141 1608 2182 fluvii
1623 2139 1754 2182 stadia
1766 2140 1863 2191 450.
1922 2140 2002 2182 Hic
2012 2138 2192 2181 Persidis
2205 2141 2403 2182 terminos
2414 2139 2603 2184 desinere
2612 2136 2770 2184 modo

1494 2215 1692 2258 diximus.

1551 2291 1620 2334 25.
1653 2291 1934 2347 Longitudiue
1964 2292 2099 2334 Persis
2131 2292 2257 2335 habet
2285 2291 2419 2335 stadia
2439 2293 2740 2346 4000,1ιῑίιιι-

1493 2360 1592 2402 dine
1622 2358 1754 2402 stadia
1791 2362 1937 2411 1,4oo;
1978 2368 2119 2415 gentes
2148 2361 2235 2403 sive
2269 2361 2466 2418 satrapias
2506 2361 2632 2406 habet
2667 2375 2773 2418 10,

1494 2428 1650 2470 urbes
1639 2429 1818 2483 insignes
1836 2436 1877 2470 et
1895 2428 2008 2470 vicos
2023 2428 2093 2480 32,
2118 2428 2296 2472 fluvios'
2284 2429 2466 2485 insignes
2480 2429 2522 2483 3,
2542 2443 2742 2487 pmmon-

1494 2499 1651 2540 torium
1674 2499 1834 2554 insigne
1871 2512 1909 2550 1,
1947 2498 2241 2541 chersonesum
2277 2499 2482 2556 insignem
2519 2513 2558 2553 1,
2586 2498 2740 2544 insutu

1494 2567 1675 2621 insignes
1711 2580 1753 2609 2.
1812 2567 2242 2622 Praeternavigationis
2281 2568 2499 2611 Persarum
2534 2568 2736 2625 regionis,
2765 2610 2786 2642 ⁴,

1496 2637 1549 2678 ab
1572 2637 1716 2679 Oroati
1738 2650 1869 2693 usque
1885 2635 1938 2679 ad
1957 2636 2060 2679 ostia
2077 2635 2272 2692 Bagradae
2291 2637 2422 2688 fluvii,
2447 2634 2577 2681 stadia
2590 2645 2781 2692 canen

1499 2713 1595 2746 sunt
1615 2706 1737 2755 3400.

1837 2821 2105 2853 CARMANIAE
2143 2821 2400 2855 rampuns-

1555 2914 1624 2953 26.
1657 2910 1875 2952 Carmania
1896 2911 2046 2966 partim
2069 2909 2229 2967 adjacet
2249 2911 2414 2954 Persico
2436 2912 2562 2965 sinui,
2587 2912 2795 2970 partim?

1496 2978 1642 3021 Indico
1659 2978 1803 3036 pelago
1822 2977 1936 3034 quod
1952 2987 2012 3020 est
2030 2986 2124 3035 post
2137 2979 2274 3021 sinum
2292 2980 2519 3023 Persicum.
2575 2979 2640 3024 T-.
2673 3002 2691 3015 ··
2706 2979 2745 2992 ⁰
2733 3010 2763 3027 ,ι
2791 2992 2800 3025 ’ἑ

1495 3056 1619 3089 natu!
1639 3062 1663 3089 a
1694 3046 2044 3103 septentrionibus
2071 3047 2289 3089 Carmania
2317 3046 2494 3101 deserta,
2516 3046 2570 3092 ab
2590 3035 2756 3092 οοὲῖιιιῖῡ
2791 3091 2808 3117 ⁴,

1496 3250 1536 3283 et
1556 3242 1754 3297 Βαγραδᾷ.
2778 3255 2799 3302 ,εἰ

1554 3307 1662 3358 524,
1689 3303 1715 3344 Ι.
1747 3305 1808 3344 18.
1840 3301 2018 3358 Ὁρατίου
2034 3303 2129 3345 cod.
2153 3305 2169 3358 ΙΙ
2195 3327 2252 3335 -
2274 3317 2339 3359 19.
2360 3302 2514 3357 Ταοκὴν
2534 3304 2648 3358 eod..
2665 3304 2761 3350 sed-⁷*

1496 3381 1592 3408 mox
1601 3366 1765 3418 Ταόκης.
1776 3367 1923 3420 ΙΙ-2ο,
1944 3363 2202 3423 Ἱόγομανίας
2216 3374 2254 3408 et
2268 3381 2364 3409 mox
2379 3365 2736 3425 Ῥογομανίοςοοδ,
2790 3360 2800 3409 J

1501 3430 1657 3483 11-21.
1677 3427 1816 3483 >lupino
1836 3427 1931 3469 cod.
1952 3429 1969 3482 ΙΙ
1990 3432 2040 3478 24
2054 3438 2093 3471 et
2107 3429 2176 3471 25.
2195 3430 2385 3485 Βρισόανα
2397 3429 2493 3474 cod.
2514 3432 2595 3488 ΙΙ-
2607 3429 2763 3483 254ῖο

1496 3491 1679 3531 σαύσινδα
1697 3489 1791 3532 cod.
1818 3491 1834 3545 ΙΙ
1854 3514 1910 3522 -
1924 3494 1993 3533 26.
2017 3490 2067 3540 εἰς
2082 3490 2267 3547 supplev.
2285 3490 2403 3534 editt.
2425 3493 2569 3536 Cetera
2579 3493 2747 3536 exple-'²

1496 3553 1639 3595 leina-o
1655 3553 1816 3610 pridem
1833 3563 2033 3596 correcta.
2055 3555 2268 3596 Distantiae
2291 3569 2385 3597 cum
2402 3554 2607 3599 Ptolemaei
2623 3568 2737 3599 oom-
2798 3568 2799 3571 ’

1495 3616 1780 3671 putationibus
1798 3617 2030 3659 accuratius
2053 3632 2136 3659 non
2153 3617 2432 3669 consentiunt,
2458 3631 2542 3660 non
2559 3616 2758 3663 multum*

1497 3687 1632 3720 tamen
1665 3678 1717 3721 ab
1746 3679 1793 3720 iis
1829 3678 2044 3730 recedunt,
2080 3679 2157 3721 nisi
2195 3677 2306 3735 quod
2340 3694 2364 3721 a
2398 3680 2656 3723 Chersoneso
2682 3677 2747 3727 ιδ

1496 3743 1734 3783 Brisoanam
1756 3757 1836 3783 sec.
1856 3744 2026 3785 Ptolem.
2055 3750 2152 3783 sunt
2170 3743 2218 3783 2⁰
2243 3740 2326 3792 20’,
2346 3740 2447 3784 dum
2472 3743 2623 3786 Noster
2636 3742 2738 3795 6⁵0,

1497 3803 1605 3844 haud
1624 3805 1814 3860 amplius,
1838 3802 1969 3846 stadia
1991 3812 2176 3860 exputat.
2198 3806 2261 3846 De
2281 3804 2452 3860 singulis
2474 3803 2529 3847 cf.
2559 3805 2624 3848 m
2678 3826 2740 3845 »νη

1497 3866 1708 3921 parapium
1730 3867 1772 3907 in
1787 3865 1942 3908 Indicis
1964 3866 2147 3909 Arriani.

1552 3931 1575 3980 S
1603 3929 1712 3979 25‚l.
1738 3930 1806 3970 33.
1835 3927 2014 3985 Ὀρατίου
2028 3927 2177 3971 codex.
2724 3963 2729 3971 s

1553 3993 1576 4043 S
1602 3995 1668 4033 26.
1699 3992 1799 4033 Vid.
1824 3991 2067 4033 Ptoiemaeus
2080 3993 2157 4042 vl,
2178 3993 2219 4034 8.
2242 3991 2339 4049 ΙΙΙ-
2359 3991 2429 4046 39.
2454 3989 2500 4033 τδ
2514 3988 2685 4033 inserui.
2728 3998 2734 4046 2
