2808 4342
510 14 564 69 0
820 64 830 68 -

726 101 774 147 0

139 189 231 229 258

200 299 238 332 ².
264 281 435 331 Τούτων
458 281 506 329 lx
528 245 604 342 μᾶν
639 281 721 325 τῶν
744 275 883 331 δεξιῶν
906 273 992 319 ἀπὸ
1020 269 1221 334 Βερνίκης
1241 287 1380 317 συνα-

137 352 218 416 φής
239 353 348 399 ἔστιν
367 354 395 407 ἡ
410 346 655 413 Βιιρὸσιριιι’>Ι
670 346 807 409 χώρα.
878 341 965 390 Καὶ
980 340 1068 387 ἔστι
1089 338 1144 386 τὰ
1166 338 1243 400 μὶν
1261 338 1380 404 παρὰ

137 421 353 468 θάλασσαν
367 417 647 483 Ἰχθυοφάγων
668 414 750 477 [ἕν]
767 410 967 472 μάνδραις
980 408 1319 473 ᾧκοδομημᾶναις
1336 409 1379 456 ἐν

139 489 377 550 στενώμασι
419 486 630 549 σποράδην
668 480 927 528 διοικούντων
940 513 954 536 ,
994 477 1048 523 τὰ
1095 475 1140 524 δὲ
1181 477 1378 540 μεσόγεια

97 576 119 606 s
140 558 372 622 Βαρόάρων
390 555 463 603 καὶ
483 556 565 599 τῶν
588 553 680 612 μετ’
706 548 853 601 αὐτοὺς
869 545 1155 612 Ἀγριοφάγων
1181 545 1256 594 καὶ
1278 548 1377 595 Μο-

140 627 362 691 σχοφάγων
397 621 505 670 κατὰ
544 618 764 682 τυραννίδα
785 617 1053 679 νεμομένων,
1089 608 1149 669 οἷς
1171 614 1379 663 ἐπίκειται

87 687 92 690 ’
138 696 248 743 κατὰ
267 695 395 754 νώτου
415 689 625 751 μεσόγειος
646 686 730 734 ἀπὸ
747 689 829 734 τῶν
846 685 949 749 πρὸς
971 686 1087 734 δύσιν
1107 688 1246 750 μερῶν
1265 685 1380 748 [μη-

137 764 328 827 τρόπολις
349 758 550 821 λεγομένη
571 753 765 822 Μερόη]

201 847 236 878 s.
268 829 389 877 Μετὰ
409 828 452 874 δὲ
470 826 564 880 τοὺς
587 824 894 890 Μοσχοφάγους
916 822 987 871 ἰπὶ
1005 822 1219 880 Θαλάσσης
1235 820 1381 885 μικρὸν

78 912 116 944 10
141 898 335 963 ἕμπόριόν
353 900 480 956 ἐστιν,
496 895 653 959 ἀπέχον
666 896 690 920 *
710 894 758 941 τὸ
773 894 901 957 πέρας
919 896 994 950 τῆς
1011 893 1264 952 ἀνακομιδῆς
1282 910 1381 938 στα-

139 969 245 1019 δίους
268 966 365 1029 περὶ
398 984 470 1012 τετ
497 964 770 1028 ακιςχιλίους,
807 959 1049 1023 Πτολεμαῒς
1079 966 1107 1018 ἦ
1137 964 1219 1007 τῶν
1244 962 1380 1023 θηρῶν

138 1035 355 1098 λεγομένη,
373 1037 443 1099 ἀφ’
463 984 513 1092 ξς
535 1037 573 1081 οἱ
593 1033 661 1080 ἐπὶ
686 1033 962 1094 Πτολεμαίων
981 1034 1063 1078 τῶν
1078 1029 1284 1094 βασιλέων
1304 1034 1378 1087 θη·

192 1207 285 1258 52.
330 1203 551 1259 συναφής
598 1200 797 1253 ἐστινὴ
839 1196 1132 1256 Βαρὸαρικὴ
1168 1199 1183 1255 ]
1219 1194 1387 1253 συναφῆς

136 1267 162 1320 ἡ
190 1263 426 1322 Τισηὸαρικὴ
450 1264 598 1308 codex.
625 1268 681 1307 At
705 1278 830 1306 nemo
850 1262 940 1319 ejus
969 1262 1150 1304 nominis
1172 1261 1385 1315 regionem

136 1329 390 1387 populumve
406 1335 625 1370 memorat.
642 1328 704 1368 Ne
717 1334 837 1382 putes
850 1326 1003 1380 signari
1018 1325 1229 1379 regionem
1251 1322 1387 1365 Adia-

138 1394 344 1441 barorum,
355 1405 461 1447 quos
474 1390 662 1447 plerique
677 1389 921 1443 Megabaros
932 1387 1128 1429 dixerunt
1140 1389 1156 1441 (
1170 1401 1211 1428 v.
1228 1386 1386 1428 Plinius

138 1456 219 1507 VI,
236 1455 307 1505 35,
325 1454 474 1497 strabo
488 1467 532 1510 p.
554 1456 652 1508 786,
670 1452 845 1495 Ptolem.
862 1454 896 1507 ),
920 1450 1145 1507 prohibent
1161 1448 1278 1490 sedes
1296 1448 1385 1503 ejus

137 1517 282 1575 populi
294 1531 424 1573 prope
434 1517 621 1558 Meroen.
639 1516 896 1568 Vincentus(
911 1517 1132 1556 Commeme
1143 1511 1230 1553 and
1238 1512 1382 1563 nam‘g.

141 1594 185 1622 m
206 1580 272 1621 eloe
285 1578 442 1621 Indian
460 1592 600 1628 ocean,
617 1585 721 1619 tom.
742 1578 799 1627 Π,
824 1590 868 1632 p.
887 1577 940 1630 89
957 1577 975 1630 )
993 1573 1150 1617 codicis
1183 1572 1385 1615 vocabulo

137 1641 310 1684 indioeri
329 1649 448 1698 putat
476 1639 668 1681 humilem
687 1648 866 1681 tractum
888 1638 1115 1688 litoralem‚
1137 1651 1261 1693 quem
1294 1635 1387 1677 Ich·

138 1705 363 1761 thyopbagi
386 1703 612 1753 tenuerint,
637 1701 842 1758 ejusmodi
872 1715 970 1743 usus
991 1699 1347 1755 argumentatione
1373 1713 1383 1741 ε

143 1787 161 1803 ι
190 1766 472 1815 Tiz·u·hart'k,
488 1766 639 1821 inquit,
657 1766 691 1806 is
706 1763 794 1806 said
810 1765 863 1820 by
875 1762 1219 1820 Capt.Franklin‚
1236 1761 1388 1803 author

137 1829 188 1871 ol*
202 1844 224 1871 a
249 1838 345 1871 tour
366 1829 410 1870 iu
429 1828 568 1869 Persia
581 1860 592 1878 ,
618 1836 663 1869 to
678 1827 730 1869 be
748 1827 829 1868 still
847 1841 871 1868 a
894 1826 1070 1867 familiar
1087 1826 1236 1881 phrase
1255 1825 1297 1865 in
1317 1824 1387 1866 the

137 1891 283 1935 Persik
301 1891 366 1932 sor
385 1891 515 1947 sliat-p
532 1889 616 1932 and
648 1889 756 1931 elain.
777 1892 816 1931 It
845 1888 927 1930 will
949 1888 1035 1930 also
1058 1887 1157 1929 bear
1177 1887 1247 1928 the
1269 1900 1386 1928 sense

137 1955 188 1998 os
200 1956 276 1998 Ιοιν
293 1954 486 2009 andflae.
507 1974 525 1989 ι
545 1952 738 1995 Stuckius
758 1967 836 2008 pro
857 1951 882 2004 ἡ
904 1948 1141 2006 Τισηδαρικὴ
1165 1949 1242 2004 legi
1258 1949 1389 1991 voluit

137 2018 163 2071 ἦ
189 2022 243 2075 γῆ
272 2015 449 2074 Ἆραὸικὴ
465 2048 478 2069 ,
499 2016 732 2067 conserens,
768 2015 907 2056 neseio
929 2029 1015 2070 quo
1041 2013 1229 2064 consilio,
1265 2012 1388 2062 verba

76 2110 81 2115 -
138 2084 163 2135 S
182 2094 232 2136 19
259 2093 270 2123 ε
296 2078 432 2128 εὗῠέως
449 2078 532 2121 ἐστὶ
547 2076 714 2134 συναφὴς
732 2075 907 2133 Ἆραὸικὴ
926 2079 1054 2133 χώρα.
1077 2068 1387 2118 Nullusdubito

138 2144 241 2200 quin
260 2150 371 2185 recte
391 2141 596 2197 vulgatam
627 2141 890 2183 mutaverim.
912 2139 1127 2181 Iudicatur
1148 2139 1264 2193 regio
1286 2140 1387 2180 Bar·

136 2206 336 2249 berorum
351 2219 426 2247 seu
443 2204 737 2254 Berberorum,
757 2204 889 2257 gentis
911 2202 990 2243 late
1010 2215 1086 2258 per
1103 2200 1288 2243 Al'rioem
1303 2200 1388 2242 dis-

63 2310 76 2321 ,
138 2269 365 2319 seminatae,
386 2281 512 2323 quam
530 2267 609 2307 nisi
627 2266 709 2307 boc
730 2265 822 2306 loco
843 2272 989 2306 auctor
1006 2271 1385 2315 commemorasset,

138 2330 278 2372 dicere
300 2343 385 2371 non
403 2329 581 2386 potuitS
602 2328 624 2369 5
649 2327 857 2380 εῆἅλλη
883 2326 1091 2383 Βαρὸαρία.
1116 2327 1133 2381 ΙΙ
1160 2350 1217 2358 -
1235 2339 1279 2367 2.
1301 2325 1390 2367 Καὶ

140 2390 282 2447 ἔστι]
306 2391 380 2431 Καὶ
415 2391 499 2432 huc
520 2390 753 2446 transposui
784 2404 835 2431 ex
868 2403 1003 2445 seqq„
1024 2388 1096 2430 ubi
1119 2388 1268 2442 legitur
1293 2397 1389 2429 ante

141 2469 282 2496 vocem
306 2454 519 2510 σποράδην.
541 2452 685 2495 Codex
705 2453 762 2494 ita
782 2466 828 2494 z..
853 2454 967 2508 χώρα
983 2451 1099 2494 ἐστίν·
1132 2450 1180 2492 τὰ
1208 2449 1276 2506 μὲν
1297 2450 1384 2492 κτλ.

144 2519 161 2572 ΙΙ
187 2542 244 2549 -
269 2518 310 2559 3.
341 2515 381 2558 ἐν
417 2516 623 2573 supplevit
659 2515 940 2558 Schwanbeck
965 2514 993 2556 l.
1025 2514 1053 2555 l.
1082 2527 1126 2570 p.
1162 2515 1260 2563 484.
1290 2515 1306 2567 ΙΙ
1332 2538 1389 2545 -—

143 2585 183 2630 4.
205 2580 575 2636 διοικούντων]
604 2579 645 2621 δὲ
675 2578 873 2621 οἰκοῦνται
895 2578 1050 2629 codex;
1084 2592 1166 2619 em.
1195 2577 1389 2619 Schwan-

140 2642 259 2685 beck.
281 2645 344 2683 De
372 2658 418 2684 re
437 2642 592 2684 multus
610 2650 672 2683 est
690 2640 1053 2695 Agatharchidess
1084 2640 1133 2681 31
1162 2654 1252 2695 sqq.
1285 2640 1301 2693 11
1331 2663 1389 2671 —

143 2705 182 2745 5.
224 2702 259 2744 ’A
274 2720 298 2758 γ
310 2720 329 2758 ρ
341 2720 351 2743 ι
363 2720 383 2743 ο
395 2720 419 2759 φ
432 2705 488 2758 άγ
501 2721 533 2743 ω
546 2705 597 2759 ν]
622 2704 815 2744 Meminit
837 2704 984 2757 gentis,
1010 2699 1082 2742 sed
1098 2700 1195 2742 alias
1211 2701 1249 2742 ei
1272 2699 1388 2742 sedes

141 2766 319 2819 assignat
335 2766 483 2806 Dalion
500 2780 567 2820 ap.
589 2766 695 2806 Plin.
720 2767 798 2815 VI,
822 2765 873 2806 35
890 2780 933 2820 p.
954 2767 1036 2819 470
1058 2763 1184 2818 Sillig.
1211 2775 1220 2803 :
1238 2762 1388 2815 Agrio-

138 2827 271 2887 phagi
280 2827 577 2884 pantherarum
597 2836 636 2867 ee
651 2827 806 2867 leonum
830 2826 1010 2867 maxime
1028 2840 1150 2867 came
1166 2834 1385 2867 vescentes.

142 2888 209 2931 Cs.
232 2889 378 2944 Ἄγριοι
393 2890 478 2929 sive
494 2888 744 2942 Κυναμόλγοι
759 2897 799 2928 et
819 2887 1046 2942 Κρεωφάγοι
1060 2902 1127 2942 ap.
1153 2886 1389 2928 Artemido-

142 2964 238 2993 rum
264 2953 305 2993 in
322 2951 513 2993 Strabon.
532 2964 576 3006 p.
601 2963 699 3004 77¹·
719 2950 949 2989 Vincentus
968 2947 1021 2988 de
1035 2948 1184 3003 Peripli
1212 2949 1304 2989 loco
1335 2950 1388 2990 ita

141 3012 328 3070 loquitur
346 3014 461 3070 quasi
477 3027 555 3069 pro
574 3010 837 3067 Ἀγριοφάγων
861 3010 1063 3065 legeretur
1086 3009 1386 3065 Ἆκριδοφάγων,

141 3074 196 3117 de
214 3073 368 3131 quibus
387 3090 427 3117 v.
456 3072 756 3130 Agatharchid.
777 3075 801 3126 S
818 3073 885 3114 58.
916 3073 933 3126 11
959 3096 1016 3103 -
1037 3071 1076 3113 5.
1101 3071 1139 3112 Μ
1154 3087 1175 3111 ο
1189 3086 1249 3125 σχ
1263 3087 1320 3126 οφ
1334 3074 1357 3112 ά
1371 3097 1388 3105 -

147 3153 172 3193 γ
186 3155 219 3179 ω
236 3154 256 3179 ν
276 3140 307 3194 ]·
321 3136 619 3193 Hoscbophagi
650 3135 732 3178 hoc
752 3143 863 3176 certe
882 3134 1052 3175 nomine
1068 3133 1163 3174 alibi
1185 3148 1387 3189 nusquam

147 3208 446 3250 memorantur,
491 3206 696 3255 quantum
729 3197 873 3239 sciam.
910 3195 1005 3238 Noli
1039 3196 1297 3251 interpretari
1328 3197 1390 3237 vi-

148 3261 249 3303 tulis
262 3269 467 3303 vescentes
480 3278 496 3311 ,·
510 3268 624 3311 suut,
645 3259 813 3316 opinor,
837 3258 1063 3314 Ῥιζοφάγοι
1085 3258 1148 3299 vel
1166 3257 1390 3314 Σπερματο·

145 3324 263 3379 φάγοι
286 3322 605 3379 Agatharchidis
618 3354 631 3374 ,
651 3323 724 3379 qui
751 3323 977 3364 teneriores
995 3321 1193 3363 arborum
1209 3321 1391 3365 ramulos

146 3394 186 3427 et
206 3388 393 3441 germina
411 3387 497 3428 sive
518 3387 690 3442 μόσχους
725 3384 1022 3439 comedebant3
1045 3398 1139 3426 nam
1164 3384 1309 3440 μόσχοι
1329 3383 1392 3426 di·

147 3457 301 3490 cuntur
313 3448 459 3491 ἇπαλοὶ
472 3448 691 3499 κλαδίσκοι,
707 3448 869 3504 νεόφυτα
885 3446 1155 3503 βλαστήματα.
1173 3447 1230 3489 V.
1245 3447 1387 3504 steph.

146 3510 270 3552 Thes.
295 3526 335 3552 v.
370 3513 533 3566 μόσχος,
568 3513 776 3567 μοσχεῒον,
814 3511 1033 3567 μόσχευμα.
1059 3511 1076 3565 ΙΙ
1102 3533 1160 3542 -
1190 3512 1233 3552 6.
1268 3510 1391 3552 κατὰ

144 3577 338 3629 ’τυρανν
354 3574 436 3614 (aa
478 3576 801 3631 νεμομένων]
824 3575 1010 3631 Tyranni
1032 3581 1234 3617 vocantur
1251 3574 1391 3630 siugu-

147 3634 287 3678 lorum
318 3635 504 3677 tribuum
539 3638 601 3678 vel
623 3638 809 3679 locorum
838 3639 1070 3694 principes,
1104 3638 1190 3679 sive
1219 3638 1283 3679 sui
1309 3638 1392 3680 sint

145 3694 347 3754 jurissive
359 3710 411 3740 ex
426 3712 521 3752 rege
540 3698 677 3754 aliquo
689 3700 911 3756 pendeant,
930 3702 1000 3756 qui
1018 3702 1059 3742 in
1073 3700 1289 3758 metropoli
1304 3714 1391 3743 me·

151 3757 386 3802 diterranea
398 3758 584 3802 habitare
598 3761 714 3802 solet.
738 3762 839 3814 Οἱς
861 3766 907 3811 14
928 3776 937 3803 z
960 3762 1015 3803 Οὔ
1031 3763 1270 3818 βασιλεύεται
1289 3762 1311 3804 ὁ
1325 3762 1391 3804 τό·

150 3835 235 3871 πος,
253 3819 358 3863 ἀλλὰ
369 3822 567 3878 τυράννοις
580 3820 686 3871 ἰδίοις
706 3823 805 3878 [τὰ]
821 3825 905 3864 καθ’
921 3825 1082 3867 ἕκαστον
1098 3826 1281 3882 ἔμπδριον
1296 3825 1392 3867 διοι·

153 3885 292 3926 κεῖται.
314 3887 408 3939 §20
430 3898 440 3926 z
457 3884 635 3941 Συνεχῶς
648 3884 721 3926 ὕπο
738 3891 813 3926 τῶν
830 3888 1023 3941 τοράννιιιν
1041 3889 1104 3929 καὶ
1122 3888 1311 3944 βασιλέων
1327 3890 1394 3942 τῆς

158 3943 331 4001 Ἀραὸίας
359 3946 717 4003 αἰχμαλωτίζονται
751 3947 820 4003 (οἱ
844 3947 1072 4003 Κανραεῖται
1090 3955 1122 4004 ).
1147 3954 1170 4004 S
1203 3965 1255 3991 22
1286 3951 1395 3992 Cho-

154 4006 281 4050 laebus
299 4018 358 4051 est
384 4009 673 4066 Mapharitidis
698 4012 876 4066 regionis
894 4019 1091 4067 tyrannus
1109 4015 1148 4054 in
1169 4015 1271 4055 Save
1293 4013 1395 4055 urbe

879 169 1172 221 ANONYMI
1206 166 1533 232 (ΑΒΒῙΔΜ,ι
1552 168 1639 218 m·
1670 169 1945 233 runnu)

2573 166 2691 231 (ιιι)

1505 291 1551 323 a.
1578 279 1659 323 ms
1673 290 1707 323 ι*
1730 279 1888 323 dextris
1907 287 2002 336 post
2021 277 2248 322 Berenicen
2266 277 2462 332 contigua
2489 284 2552 319 est
2578 278 2695 334 regio

1448 346 1687 391 Barbas-iu.
1745 345 1798 392 Et
1829 347 2038 389 mritima
2069 345 2242 403 quidem
2278 353 2378 387 sunt
2413 344 2694 401 Ichthyopha.
2728 337 2730 370 ἱ

1448 428 1616 471 mm·
1640 414 1786 471 ‘insin
1802 414 1982 471 ‘ugustis
1999 428 2076 472 per
2094 413 2277 456 saucium
2294 413 2505 468 angustias
2526 413 2696 456 structis
2738 415 2747 437 ³·

1448 482 1626 540 sparsim
1642 481 1858 535 babitant5
1881 481 2184 525 mediterranea
2205 490 2343 524 autem
2361 481 2531 524 Barbari
2555 488 2695 524 tenent

1448 559 1491 594 et
1506 552 1581 608 qui
1597 558 1694 608 post
1705 565 1777 594 eos
1792 559 2028 608 sequuntur
2049 550 2302 608 Agriophagi
2323 559 2365 592 et
2378 549 2692 606 Moscliophagi,

1448 619 1530 671 sub
1561 628 1839 677 tyrannorum
1870 620 2022 675 singuli
2044 620 2229 677 imperiis
2263 620 2460 670 viventes,
2492 619 2647 676 quibus
2670 633 2694 661 a

1449 696 1568 745 tergo
1584 690 1662 732 sita
1685 698 1748 732 est
1766 687 2068 732 mediterranea
2087 682 2142 732 ab
2156 703 2305 731 occasu
2327 687 2605 745 [metropolis.
2626 688 2697 730 cui

1451 771 1594 800 nom
1610 759 1763 800 Heme.
1780 758 1796 813 ]
2219 788 2222 793 .

1510 824 1554 867 3.
1583 825 1684 868 Post
1698 823 2031 882 Moscbopbsgos
2046 823 2169 880 jum
2189 838 2303 867 mare
2326 838 2501 880 parvum
2521 831 2582 864 est
2607 836 2694 864 em-

1451 894 1623 950 porium
1644 892 1804 937 distans
1818 908 1844 937 a
1857 893 2046 936 Bemioe
2059 902 2260 950 quattuor
2286 893 2372 935 sere
2392 893 2516 935 millia
2539 892 2695 934 stadio·

1452 976 1566 1013 rum,
1590 961 1814 1004 Ptolemais
1841 961 2126 1012 venationum
2149 975 2244 1017 quae
2264 970 2453 1013 vocatur,
2484 960 2595 1002 unde
2617 959 2697 1002 sub

1451 1028 1682 1071 Ptolemaeis
1697 1027 1863 1083 regibus
1881 1036 2096 1070 venatores
2112 1027 2370 1072 ininteriora
2382 1028 2696 1086 proficisceban-

1455 1194 1658 1246 residens,
1681 1192 1899 1236 Charibael
1917 1206 2015 1235 vero
2036 1191 2059 1234 ὃ
2080 1191 2265 1249 ἔνθεσμος
2281 1192 2458 1248 βασιλεὺς
2476 1195 2700 1241 Homer-itt

1456 1266 1497 1299 et
1518 1258 1693 1299 Sabaitae
1714 1256 1911 1311 regionis.
1938 1258 1962 1309 S
1981 1256 2030 1298 31
2054 1257 2209 1298 Azania
2232 1254 2414 1311 subjecta
2436 1270 2524 1300 esse
2548 1258 2703 1302 dicitur

1455 1319 1673 1375 Χαριὸαῆλι
1707 1318 1772 1360 καὶ
1798 1323 1856 1374 τῷ
1886 1317 2114 1375 Μαφαρείτῃ
2136 1319 2333 1375 τυράννῳ,
2355 1319 2411 1360 ita
2431 1319 2631 1363 nimirum
2654 1331 2703 1365 ut

1456 1381 1710 1425 Charibaelis
1722 1382 1892 1423 nomine
1902 1380 2130 1423 aCholaebo
2141 1388 2319 1437 tyranno
2328 1379 2700 1436 administraretur,

1456 1444 1571 1500 quod
1592 1444 1723 1501 liquet
1745 1459 1796 1486 ex
1815 1447 1839 1496 5
1862 1447 1928 1493 16,
1957 1443 2030 1485 ubi
2051 1457 2062 1485 z
2087 1443 2256 1499 Νέμεται
2275 1442 2317 1484 δὲ
2335 1441 2453 1495 αὗτὴν
2473 1446 2570 1490 κατά
2589 1461 2624 1487 τι
2646 1447 2703 1488 δί-

1456 1523 1566 1549 καιον
1590 1506 1759 1563 ἀρχαῖον
1778 1506 2065 1549 ὓποπίπτουσαν
2093 1509 2142 1564 τῇ
2172 1506 2348 1562 βασιλείᾳ
2367 1510 2434 1559 τῆς
2454 1509 2607 1563 πρώτης
2634 1509 2700 1551 λε·

1454 1571 1623 1627 γομένης
1643 1569 1815 1626 Ἀραδίοις
1825 1569 1847 1610 ὁ
1858 1569 2105 1625 Μαφαρείτης
2119 1570 2315 1625 τύραννος.
2331 1569 2484 1611 Nostro
2495 1570 2587 1612 loco
2601 1586 2700 1614 num

1456 1631 1696 1690 tyrannides
1715 1634 1778 1674 sui
1797 1645 1967 1688 prorsus
1978 1630 2101 1687 juris,
2121 1646 2173 1673 an
2191 1632 2399 1673 Meroensi
2414 1633 2588 1688 imperio
2606 1635 2704 1677 sub-

1456 1696 1553 1738 ditae
1568 1694 1842 1751 intelligendae
1859 1696 1958 1747 sint,
1974 1709 2123 1752 parum
2138 1694 2282 1752 liquet.
2306 1696 2321 1748 ΙΙ
2338 1719 2395 1726 -
2413 1709 2453 1750 7.
2478 1700 2571 1736 τῶν
2591 1697 2704 1753 πρὸς

1456 1759 1596 1800 δύσιν
1632 1758 1827 1815 μερῶν]
1847 1759 1923 1800 His
1955 1759 1998 1799 in
2031 1757 2175 1800 codice
2206 1757 2420 1799 adduntur
2451 1773 2520 1811 οης
2548 1760 2700 1816 μικρὸν,

1457 1835 1550 1877 quae
1584 1835 1635 1862 ex
1678 1820 1785 1862 linea
1820 1834 1907 1876 seq.
1945 1819 2029 1863 huc
2081 1820 2341 1861 aberrarunt.
2381 1820 2548 1863 Excidit
2586 1822 2703 1867 urbis

1457 1884 1544 1925 sive
1574 1883 1851 1941 μητροπόλεως
1868 1883 2041 1932 mentio,
2066 1883 2220 1939 Μερόης
2238 1898 2295 1924 sc.
2315 1914 2327 1934 ‚
2347 1891 2395 1924 ut
2413 1892 2525 1925 recte
2556 1886 2703 1941 procul

1457 1946 1589 1989 dubio
1622 1947 1786 1988 monuit
1821 1945 2125 1997 Schwanbeck,
2159 1959 2203 2002 p.
2245 1947 2342 1996 482.
2378 1944 2443 1988 Cf.
2473 1949 2497 2000 S
2518 1947 2571 1990 38
2593 1961 2604 1990 2
2630 1948 2705 1991 Καὶ

1458 2009 1557 2051 κατὰ
1581 2010 1706 2052 νώτου
1731 2010 1932 2067 μεσόγειος
1962 2008 1987 2063 ἡ
2025 2008 2262 2066 μητρόπολις
2293 2007 2409 2061 αὗτῆς
2444 2012 2513 2062 τῆς
2543 2010 2704 2061 Σκυθίας

1457 2072 1677 2130 Μινναγάρ.

1514 2139 1539 2191 S
1567 2137 1608 2179 3.
1649 2134 1838 2192 ἀπέχον
1871 2135 1927 2178 τὸ
1970 2136 2113 2191 πέρας
2151 2136 2236 2187 τῆς
2274 2133 2613 2193 ἀνακομιδῆς]
2637 2138 2704 2180 Sic

1458 2198 1591 2241 codex
1613 2207 1826 2255 corrupte.
1860 2197 2000 2240 Stadia
2033 2201 2143 2248 4οοο
2163 2205 2262 2239 sunt
2283 2198 2443 2240 itineris
2462 2212 2487 2240 a
2508 2199 2704 2241 Berenice

1457 2261 1512 2303 ad
1527 2259 1848 2311 Ptolemaidem
1865 2260 1975 2302 hanc
1994 2261 2123 2310 euim,
2141 2273 2229 2301 non
2245 2258 2383 2311 aliam,
2399 2261 2532 2304 notari
2550 2260 2704 2304 distan-

1458 2324 1559 2365 tiam
1585 2331 1910 2365 consentaneum
1934 2330 2012 2374 oet,
2035 2336 2084 2364 ac
2101 2335 2244 2379 reapse
2274 2325 2383 2372 4000
2400 2321 2532 2366 stadia
2553 2324 2596 2366 in
2613 2339 2703 2368 eam

1458 2387 1669 2441 regionem
1687 2386 1863 2438 ducunt,
1885 2382 1930 2427 iti
1947 2399 2029 2442 qua
2048 2383 2343 2427 Ptolemaidem
2363 2384 2600 2442 ponendam
2618 2401 2707 2430 esse

1458 2448 1627 2493 aliunde
1642 2448 1848 2503 colligitur
1866 2448 1881 2505 (
1898 2463 1939 2491 v.
1961 2455 2051 2490 not.
2072 2447 2126 2490 ad
2148 2448 2398 2503 Agatharch.
2420 2463 2463 2506 p.
2490 2462 2567 2504 ¹72
2576 2451 2610 2505 ).
2627 2449 2706 2493 Vel

1458 2521 1677 2568 propterea
1698 2512 1817 2554 nihili
1839 2511 1946 2554 soret
1967 2509 2203 2567 conjectura
2227 2524 2237 2552 ι
2259 2510 2405 2567 ἀπέχον
2424 2514 2493 2564 τῆς
2508 2513 2624 2569 πίραν
2638 2515 2708 2568 τῆς

1459 2573 1707 2627 ἀνατολικῆς.
1731 2576 1782 2616 In
1801 2582 2002 2631 promptu
2024 2588 2111 2615 mse
2133 2572 2350 2615 videbatur
2370 2573 2575 2630 conjicere
2593 2588 2603 2617 t
2628 2580 2704 2618 τῶν

1458 2638 1575 2693 πέραν
1593 2640 1660 2690 τῆς
1679 2637 1915 2693 ἀνακομιδῆς
1931 2636 1994 2678 vel
2009 2639 2076 2688 τῆς
2091 2641 2167 2678 τῶν
2182 2637 2298 2692 πέραν
2315 2635 2564 2693 ἀνακομιδῆς,
2589 2637 2704 2694 quod

1460 2714 1594 2757 nuper
1615 2702 1738 2742 etiam
1771 2714 1795 2741 a
1819 2698 2090 2755 Bernhardyo
2122 2698 2359 2755 probatum,
2391 2699 2623 2742 Vincentus
2645 2703 2702 2753 11,

1458 2778 1501 2819 p.
1524 2766 1578 2818 94
1598 2762 1683 2805 dici
1702 2770 1841 2805 censet
1863 2776 1942 2818 pro
1964 2760 2040 2804 ἀπὸ
2061 2761 2276 2817 Βερενίκης,
2306 2762 2461 2818 quippe
2475 2775 2567 2818 quae
2581 2761 2706 2807 fuerit

1460 2824 1695 2882 ἀποκομιδὴ,
1715 2826 1744 2868 i.
1757 2840 1795 2867 e.
1812 2834 1959 2881 portus
1973 2823 2201 2866 destinatus
2216 2823 2463 2880 recipiendis
2479 2825 2704 2881 importan-

1458 2886 1574 2930 disve
1595 2890 1678 2937 τοῖς
1696 2889 1828 2944 πέραν.
1854 2888 1883 2929 i.
1906 2902 1944 2929 e.
1967 2886 2190 2937 mercibus,
2214 2901 2306 2942 qua:
2325 2902 2347 2928 e
2371 2886 2470 2928 locis
2489 2886 2596 2930 ultra
2617 2887 2703 2931 sau·

1459 2965 1526 2992 ces
1546 2951 1661 2992 sinus
1684 2950 1851 2994 Arabici
1877 2950 1966 2991 sitis
1980 2948 2305 2993 advehebantur.
2332 2952 2387 2992 At
2402 2949 2491 2991 haec
2509 2950 2552 2991 in
2566 2950 2707 3006 Myos-

1460 3013 1656 3055 hormum
1684 3028 1769 3054 non
1805 3013 1943 3053 minus
1972 3026 2095 3067 quam
2122 3012 2165 3053 in
2187 3013 2410 3053 Berenicen
2434 3010 2702 3067 quadrarent,

1459 3084 1498 3116 et
1510 3076 1709 3117 affectatae
1722 3083 1857 3117 essent
1876 3075 2152 3124 obscuritatis,
2169 3081 2244 3115 eta
2266 3088 2398 3127 grtrco
2410 3073 2605 3129 loquendi
2625 3089 2704 3118 usu
2769 3103 2772 3107 -

1459 3138 1700 3187 abhorrent;
1734 3153 1829 3179 nam
1854 3152 1988 3192 neque
2017 3134 2232 3190 ἀνακομιδὴ
2267 3135 2421 3181 dicitur
2452 3149 2531 3191 pro
2561 3136 2701 3193 κομιδὴ

1460 3202 1477 3252 (
1496 3199 1738 3256 impar-tatio
1756 3203 1787 3253 ),
1813 3214 1946 3254 neque
1968 3198 2015 3239 τὰ
2038 3200 2153 3253 πέραν
2177 3197 2229 3238 de
2250 3197 2457 3239 mercibus
2480 3207 2703 3256 usurpatur

1460 3261 1531 3302 sed
1547 3261 1600 3302 de
1615 3262 1734 3310 locis3
1754 3276 1909 3301 merces
1930 3260 2116 3304 dicendae
2138 3269 2255 3302 erant
2274 3269 2346 3301 aut
2365 3259 2413 3301 τὰ
2429 3260 2613 3317 περατικά
2631 3270 2703 3305 aut

1460 3325 1507 3367 τὰ
1529 3324 1569 3367 ἔκ
1587 3329 1655 3366 τοῦ
1674 3326 1804 3381 πέραν.
1823 3328 2090 3381 Quapropter
2108 3326 2273 3379 gravius
2293 3323 2411 3366 ulcus
2442 3338 2530 3366 esse
2560 3323 2700 3379 debet,
2788 3359 2790 3362 >

1461 3386 1574 3443 quod
1598 3401 1741 3428 sanare
1764 3401 1828 3431 res
1844 3401 1994 3443 anceps
2013 3395 2088 3428 est.
2107 3387 2194 3428 Nisi
2228 3386 2373 3429 lacuna
2404 3385 2561 3438 subest,
2584 3387 2628 3430 iu
2657 3388 2702 3431 τὸ

1459 3451 1572 3506 πέρας
1586 3450 1748 3491 latuerit
1773 3448 1847 3491 ἀπὸ
1868 3450 2061 3505 Βερνίκης,
2079 3449 2223 3492 addito
2245 3450 2493 3505 cognomine
2508 3464 2593 3505 quo
2614 3450 2701 3493 lia-c
2782 3471 2783 3474 ¹

1460 3514 1655 3555 Berenice
1666 3512 1718 3554 ab
1732 3512 1870 3563 altera,
1889 3527 2013 3568 quam
2031 3522 2125 3554 ante
2140 3512 2435 3555 Ptolemaidem
2447 3512 2603 3555 Plinius
2618 3527 2703 3555 me·
2779 3540 2783 3546 ·

1460 3584 1610 3626 morat,
1628 3574 1967 3630 distingueretur.
1986 3577 2120 3618 Possis
2140 3589 2149 3617 ε
2169 3575 2244 3618 ἀπὸ
2261 3575 2440 3632 Βερνίκης
2457 3577 2524 3628 τῆς
2539 3573 2613 3616 ἀνὰ
2628 3574 2703 3617 Κο-
2779 3606 2782 3610 -

1459 3637 1614 3690 πτικὴν,
1633 3647 1718 3689 aut,
1738 3640 1769 3679 si
1791 3639 1934 3681 lacuna
1949 3639 2085 3681 locum
2100 3638 2307 3695 deturpat,
2326 3638 2471 3695 ἀπέχον
2493 3637 2510 3693 [
2523 3638 2707 3694 Βερνίκης
2783 3681 2786 3682 ⁷

1459 3706 1526 3754 τῆς
1548 3701 1672 3757 κατὰ]
1695 3702 1740 3743 τὸ
1763 3704 1873 3758 πέρας
1887 3706 1955 3755 τῆς
1977 3703 2057 3744 ἅνω
2090 3703 2263 3759 κομιδῆς.
2287 3702 2378 3744 Hoc
2409 3699 2565 3743 malim.
2599 3701 2616 3755 ΙΙ
2646 3724 2702 3734 -

1462 3778 1503 3819 7.
1539 3763 1586 3804 οἱ
1628 3763 1710 3805 ἐπὶ
1754 3764 2096 3821 Πτολεμαίω“ν
2126 3769 2217 3806 τῶν
2252 3763 2422 3820 βασιλ.
2463 3763 2703 3819 θηρευταὶ

1463 3823 1602 3873 ἔντὀς
1626 3825 1905 3883 ἀνέδησαν]
1931 3825 2107 3869 Codex:
2133 3826 2171 3867 οἱ
2205 3825 2442 3869 ἔπιπτολίων
2466 3829 2523 3881 τῷ
2547 3825 2708 3881 βασιλεῦ’

1463 3889 1702 3942 θηρευθέντες
1722 3889 1932 3942 ἐνέὅησανς
1960 3889 2163 3932 editiones
2183 3889 2220 3931 οἱ
2243 3888 2304 3931 ἐπὶ
2326 3887 2580 3945 Πτολεμαίῳ,
2616 3901 2700 3930 ser-
2760 3897 2786 3933 ³.

1466 3954 1565 3991 vatis
1597 3952 1778 4006 reliquis.
1802 3950 2093 4008 Bernhardyus
2122 3951 2149 3993 l.
2172 3960 2199 3993 Ι.
2225 3969 2267 4007 p.
2292 3964 2362 4002 22,
2393 3951 2472 3993 nisi
2496 3948 2602 3991 sorte
2619 3961 2698 3990 vox
2784 3946 2793 3991 ’,

1465 4012 1774 4069 3).2'‡.2·1-.>:;1»0si
1802 4015 2042 4070 θηρευθέντες
2073 4012 2287 4065 exciderit,
2315 4011 2439 4054 scrib.
2469 4009 2699 4068 proponit:
2791 4015 2808 4069 '-
