2782 4348
99 183 169 242 (⁰5,
181 183 254 242 oc.)

0 285 80 340 hot·
95 283 219 340 λευκὴ
251 285 456 348 φαίνεται,
483 285 658 342 ποταμῷ
694 281 894 344 ἐμφερὴς,
924 281 1031 327 ὥστε
1068 283 1326 343 παραπλήτ-

92 357 233 398 τεσθαι
262 357 334 398 τοῦ
355 349 568 413 γινομένου
592 349 666 404 τὴν
688 348 839 405 αἰτίαν,
875 352 993 404 νῆσοι
1025 347 1067 394 δὲ
1091 349 1325 410 εὐδαίμονες

94 422 382 484 παράκεινται,
399 421 448 464 ’ἐν
468 411 533 469 αἶς
559 416 805 479 βοσκήματα
823 417 950 462 λευκὰ
976 417 1049 477 μέν
1067 419 1154 463 ἐστι
1172 418 1324 475 πάντα,

94 491 226 536 οὐδενὶ
250 490 292 536 δὲ
313 493 394 535 τῶν
419 490 590 543 θηλειῶν
619 486 836 549 ἐπιφύεται
862 486 997 549 κέρας.
1064 486 1139 533 Ἐν
1158 487 1326 539 ταύταις

49 567 68 595 5
95 561 182 611 ταῖς
200 558 335 614 νήσοις
357 558 454 602 ἰδεῖν
485 555 594 600 ἔστιν
615 553 820 617 ὁρμούσας
841 554 1066 618 ἐμπορικὰς
1085 559 1165 600 τῶν
1191 574 1325 618 προσ-

93 627 237 688 χώρων
258 625 446 688 σχεδίας,
466 624 663 675 πλείστας
683 624 756 684 μὲν
792 627 942 670 ἐκεῖθεν
977 618 1023 670 οἷ
1042 624 1326 681 κατεστήσατο

92 695 205 757 παρὰ
236 695 303 740 τὸν
331 694 456 741 Ἰνδὸν
497 692 684 753 ποταμὸν
704 696 725 738 ὃ
759 692 1016 756 Ἀλέξανδρος
1047 695 1322 754 ναύσταθμον,

92 766 163 809 οὒκ
181 763 325 825 ’ὀλίγας
354 762 397 809 δὲ
431 762 513 808 ἀπὸ
541 766 612 818 τῆς
641 761 839 826 Περσίδος
875 761 947 808 καὶ
980 762 1226 826 Καρμανίας
1256 765 1325 809 καὶ

90 836 160 888 τῆς
184 831 377 893 σύνεγγυς
401 829 550 887 πάσης.

30 919 68 948 lo
154 918 228 948 104.
247 899 375 948 Ἔστι
398 900 438 946 δὲ
467 902 603 952 αὐτοῖς
636 899 706 945 καὶ
729 900 781 946 τὰ
808 900 917 946 κατὰ
940 901 1007 946 τὸν
1028 901 1196 964 οὐρανὸν
1222 907 1325 949 Octu-

91 971 250 1031 μασίως
283 970 454 1033 ἔχοντα·
492 964 547 1016 ὦν
573 969 660 1015 ἐστὶ
683 970 753 1016 καὶ
772 970 817 1015 τὸ
841 970 934 1033 περὶ
954 970 1027 1026 τὴν
1048 970 1196 1035 ἄρκτον
1217 991 1323 1034 συμ-

91 1041 245 1086 Gnatam.
314 1039 414 1086 Ἀπὸ
436 1039 518 1102 γὰρ
548 1043 948 1102 Μαιμακτηριῶνος,
976 1040 1018 1092 ὃς
1041 1040 1185 1101 ἄγεται
1211 1041 1326 1104 παρὰ

90 1111 170 1162 τοῖς
193 1109 420 1166 Ἀθηναίοις
436 1145 448 1169 ,
474 1109 600 1160 οὐδεὶς
623 1108 753 1171 ἀστὴρ
773 1112 852 1154 τῶν
873 1109 978 1155 ἑπτὰ
998 1109 1182 1174 φαίνεται
1202 1111 1324 1175 μέχρι

92 1182 275 1242 φυλακῆς
297 1175 485 1244 πρώτης,
511 1182 551 1225 ἐν
572 1179 612 1225 δὲ
639 1182 889 1226 Ποσειδεῶνι
912 1179 1034 1243 μέχρι
1054 1182 1256 1244 δευτέρας,
1285 1185 1325 1228 ἐν

33 1265 69 1294 15
91 1249 133 1295 δὲ
161 1251 242 1302 τοῖς
274 1250 364 1307 ἑξῆς
388 1253 466 1296 τῶν
490 1252 628 1309 μηνῶν
656 1248 763 1295 κατὰ
794 1249 930 1311 λόγον.
999 1249 1095 1297 Τῶν
1127 1253 1162 1296 δ’
1189 1251 1325 1297 ἄλλων

91 1318 272 1381 ἀστέρων
294 1321 330 1364 οἱ
359 1320 433 1378 μὲν
459 1319 664 1375 πλάνητες
687 1318 876 1380 ἀόρατοι,
898 1319 1002 1370 τινὲς
1021 1318 1063 1363 δὲ
1085 1325 1168 1372 τοῖς
1192 1319 1326 1378 ὄγκοις

92 1387 294 1446 μείζονες,
315 1390 351 1434 οἱ
385 1387 426 1433 δὲ
462 1387 555 1433 οὐδὲ
579 1386 687 1432 κατὰ
710 1386 800 1440 τοὺς
820 1390 1054 1450 ὑφεστῶτας
1070 1387 1235 1453 καιροὺς
1254 1389 1325 1442 τὰς

90 1457 220 1509 δύσεις
237 1456 472 1517 ποιούμενοι
491 1456 562 1502 καὶ
586 1455 659 1509 τὰς
677 1457 880 1509 ἐπιτολάς.

0 1595 74 1635 iod.
91 1588 163 1643 τὴν
184 1587 330 1651 χρόαν,
347 1587 442 1634 ὥσθ’
469 1588 558 1648 ἅμα
591 1590 813 1648 θαυμάζειν
833 1589 879 1635 τὸ
898 1590 1126 1652 παράδοξον
1151 1591 1221 1636 καὶ
1250 1592 1323 1647 τὴν

27 1674 68 1704 20
94 1657 227 1703 αἰτίαν
256 1662 325 1703 τοῦ
358 1657 652 1718 συμὸαίνοντος
683 1661 903 1716 ἐπιζητεῖν.
973 1661 1106 1715 Νῆσοι
1126 1659 1160 1704 δ’
1184 1660 1324 1706 εὐδαί-

0 1737 1 1769 1
91 1745 207 1785 μονες
228 1725 402 1781 πλησίον
420 1726 694 1789 ὑπάρχουσιν,
714 1726 885 1789 ἔχουσαι
901 1727 1038 1780 πόλεις
1056 1729 1323 1791 ἀτειχίστους,

91 1799 129 1840 ἐν
155 1789 217 1848 αἶς
248 1795 299 1841 τὰ
335 1796 582 1858 βοσκήματα
608 1797 747 1842 πάντα
781 1796 930 1852 λευκὴν
960 1797 1047 1860 ἔχει
1074 1796 1146 1853 τὴν
1175 1799 1322 1861 χρόαν,

89 1866 159 1911 καὶ
194 1873 276 1917 τοῖς
301 1866 464 1921 θήλεσιν
487 1869 620 1912 αὐτῶν
645 1869 718 1912 οὐκ
742 1867 956 1930 ἐπιφύεται
981 1868 1027 1914 τὸ
1057 1869 1231 1915 καθόλου
1257 1870 1325 1916 κε’-

91 1954 178 1997 ρας.
248 1937 321 1987 Εἷς
343 1936 495 1988 ταύτας
523 1937 558 1980 δ’
590 1936 763 1999 ἔμποροι
790 1937 989 1984 πάντοθεν
1018 1939 1323 1996 καταπλέουσι,

27 2021 67 2051 25
91 2003 273 2064 μάλιστα
299 2004 333 2049 δ’
362 2007 407 2050 ἐκ
432 2005 650 2062 Ποτάνας,
687 2006 736 2062 ἣν
759 2006 1021 2071 Ἀλέξανδρος
1048 2007 1174 2070 ᾤκισε
1209 2009 1325 2071 παρὰ

88 2073 157 2120 τὸν
181 2074 304 2122 Ἰνδὸν
329 2075 537 2135 ποταμὸν,
557 2075 819 2136 ναύσταθμον
844 2076 951 2139 ἔχειν
982 2077 1227 2140 βουλόμενος
1254 2082 1327 2135 τῆς

89 2144 203 2206 παρὰ
221 2144 288 2189 τὸν
313 2144 514 2190 Ὠκεανὸν
538 2145 761 2207 παραλίου.
832 2146 938 2208 Περὶ
964 2148 1037 2206 μὲν
1066 2143 1134 2193 οὖν
1157 2151 1229 2202 τῆς
1244 2146 1326 2209 χώ-

93 2232 162 2275 ρας
185 2214 256 2259 καὶ
281 2217 359 2259 τῶν
383 2216 423 2259 ἐν
446 2216 549 2275 αὐτῇ
571 2213 868 2260 κατοικούντων
889 2217 1226 2279 ἀρκεσθησόμεθα
1244 2224 1326 2270 τοῖς

91 2281 329 2344 εἰρημένοις.

28 2367 70 2396 3ο
159 2367 232 2398 104.
270 2351 375 2412 Περὶ
395 2351 437 2396 δὲ
461 2355 543 2397 τῶν
568 2352 678 2397 κατὰ
708 2352 775 2397 τὸν
799 2353 968 2414 οὐρανὸν
1001 2353 1219 2415 ὁρωμένων
1241 2374 1326 2400 πα-

95 2420 273 2482 ραδόξων
294 2422 333 2465 ἐν
357 2422 439 2472 τοῖς
458 2420 594 2472 τόποις
611 2423 656 2465 οὐ
680 2421 1003 2484 παραλειπτέον.
1071 2424 1326 2482 Θαυμασιώ·

92 2508 212 2534 τατον
236 2489 310 2549 μὲν
332 2483 400 2534 oliv
434 2492 520 2534 ἐστι
547 2490 593 2535 τὸ
614 2491 708 2552 περὶ
742 2489 816 2546 τὴν
860 2491 1008 2552 ἄρκτον
1037 2492 1324 2553 ἱστορούμενον

91 2558 161 2604 καὶ
181 2558 377 2615 πλείστην
406 2558 580 2620 ἀπορίαν
602 2560 885 2622 παρεχόμενον
911 2564 993 2612 τοῖς
1024 2561 1320 2621 πλοϊζομένοις.

92 2627 191 2674 Ἀπὸ
210 2628 288 2689 γὰρ
314 2628 439 2687 μηνὸς
462 2627 505 2673 ὃν
528 2630 720 2674 καλοῦσιν
740 2630 943 2685 Ἀθηναῖοι
960 2633 1322 2692 Μαιμακτηριῶνα

31 2709 70 2738 35
93 2702 172 2743 τῶν
192 2698 296 2743 ἑπτὰ
316 2701 397 2742 τῶν
421 2696 529 2742 κατὰ
546 2698 619 2753 τὴν
641 2698 791 2759 ἄρκτον
815 2700 995 2761 ἀστέρων
1027 2700 1170 2745 οὐδένα
1201 2701 1324 2762 φασὶν

93 2770 262 2828 ὁρᾶσθαι
289 2766 413 2828 μέχρι
436 2771 508 2823 τῆς
529 2767 695 2829 πρώτης
716 2770 913 2831 φυλακῆς,
931 2772 990 2833 τῷ
1015 2769 1056 2814 δὲ
1079 2771 1325 2815 Ποσειδεῶνι

94 2835 215 2897 μέχρι
235 2835 439 2898 δευτέρας,
465 2836 535 2881 καὶ
557 2836 666 2882 κατὰ
690 2837 781 2890 τοὺς
804 2837 959 2892 ἑξῆςέκ
979 2843 1049 2883 τοῦ
1073 2841 1165 2883 κατ’
1191 2839 1324 2898 ὀλίγον

56 2925 60 2931 ·
94 2910 143 2968 (l.
168 2905 274 2950 κατὰ
291 2905 410 2967 λόγον
429 2909 459 2965 ).
525 2909 621 2952 Τῶν
646 2905 680 2951 δ’
702 2905 837 2951 ἄλλων
858 2906 948 2959 τοὺς
970 2906 1101 2972 [μὲν]
1127 2909 1326 2968 ὀνομαζο-

94 2974 234 3033 μένους
252 2975 464 3031 πλανήτας
500 2975 751 3038 ἀθεωρήτους
786 2977 1002 3038 ὑπάρχειν,
1035 2978 1127 3028 τοὺς
1151 2978 1192 3022 δὲ
1220 2979 1323 3038 (μὲν

31 3056 72 3085 4ο
94 3044 236 3106 codd.)
275 3046 459 3105 μείζονας
483 3048 562 3089 τῶν
590 3047 691 3106 παρ’
710 3046 824 3104 ἡμῖν,
849 3046 1006 3108 ἑτέρους
1039 3046 1081 3092 δὲ
1115 3047 1219 3107 μηδὲ
1252 3046 1323 3098 τὰς

94 3113 233 3172 ὁμοίας
253 3114 452 3166 ἀνατολὰς
471 3114 542 3159 καὶ
562 3114 693 3166 δύσεις
714 3119 931 3164 ποιεῖσθαι.

95 3283 156 3315 est
169 3289 216 3316 ex
235 3276 395 3318 indico:
413 3277 545 3334 clvfpcc
561 3278 803 3328 sukhatara,
829 3280 858 3320 i.
878 3294 914 3320 e.
936 3279 1073 3320 insula
1090 3279 1210 3321 beata
1234 3279 1323 3320 sive

84 3336 330 3390 fortunata,
362 3340 423 3379 uti
453 3349 545 3394 post
572 3341 822 3382 Bochartum
852 3343 868 3394 (
885 3343 1038 3396 Geogr.
1074 3357 1180 3384 sacr.
1203 3344 1246 3393 I,
1283 3356 1320 3392 1,

71 3431 75 3435 .
97 3413 141 3453 p.
165 3400 244 3454 436
262 3399 275 3455 )
301 3411 555 3443 monuerunt
572 3403 729 3443 Bohlen
747 3404 843 3444 Incl.
866 3407 930 3455 II,
956 3406 1056 3459 139,
1078 3407 1320 3455 Lassenius‚

95 3461 262 3516 Benfey‚
295 3464 474 3505 Ritterus
489 3496 500 3515 ,
525 3465 607 3506 alii.
629 3467 783 3506 Peeora
804 3467 895 3508 alba
916 3467 1113 3508 cornibus
1146 3469 1326 3509 carentia

95 3539 181 3564 esse
210 3523 401 3565 videntur
419 3527 553 3567 Zebus
570 3527 716 3568 indieae
731 3559 742 3577 ,
774 3542 866 3583 quae
894 3537 1091 3584 tanquam
1108 3544 1240 3571 vaccae
1265 3545 1327 3572 sa-

96 3600 175 3626 crae
202 3600 226 3626 a
252 3586 450 3628 Banianis
482 3589 778 3630 mercatoribus
796 3605 846 3631 ex
874 3590 995 3632 India
1025 3593 1262 3634 etiamnunc
1287 3595 1328 3634 in

97 3649 291 3688 stationes
314 3663 459 3688 eorum
480 3650 675 3690 Arabicas
697 3650 846 3692 deduci
865 3652 1011 3704 solent,
1029 3663 1225 3695 monente
1243 3656 1330 3697 Rit-

97 3718 184 3750 tero
203 3711 310 3760 XII,
344 3724 388 3764 p.
421 3713 517 3763 249.
541 3711 635 3764 11——
650 3727 691 3765 7.
713 3713 1019 3769 ναύσταθμον
1034 3716 1069 3770 ],
1092 3717 1205 3770 quod
1220 3717 1330 3773 apud

96 3771 330 3812 Diodorum
352 3779 521 3812 vocatur
541 3772 712 3823 Ποτάνα,
731 3774 933 3815 libroruin
953 3777 1067 3828 vitio,
1085 3786 1133 3818 ut
1147 3778 1326 3829 videtur,

94 3848 172 3888 pro
194 3833 380 3874 Πάτταλα
399 3834 592 3887 (Arrian.
615 3835 748 3876 Anah.
765 3837 821 3875 V.
848 3840 888 3885 4,
912 3839 990 3888 VI,
1015 3852 1079 3893 17.
1103 3839 1198 3881 Ind.
1227 3856 1264 3881 c.
1284 3855 1324 3882 2.

95 3898 199 3938 Plin.
234 3900 298 3947 ΙΙ,
322 3897 372 3951 75
407 3906 505 3947 etc„
532 3897 632 3938 hod.
670 3901 839 3954 Tatta).
874 3901 1006 3941 Notus
1025 3902 1139 3943 locus
1170 3913 1256 3944 erat
1277 3920 1326 3946 ex

97 3959 319 4000 Alexandri
340 3961 400 3999 Μ.
421 3959 612 4009 historia,
638 3968 679 4000 at
698 3975 782 4001 non
811 3961 1042 4004 Alexander
1059 3965 1218 4020 primus
1240 3968 1328 4007 ναύ-

99 4023 266 4077 σταθμον
286 4020 382 4061 inde
405 4021 514 4062 fecit.

1031 183 1109 227 DE
1145 184 1299 230 MARI
1332 185 1695 232 ERYTHRAEO.

2542 211 2551 245 l
2564 211 2589 248 O
2602 213 2615 249 l

1397 291 1499 333 bum
1521 291 1573 333 ad
1598 293 1712 335 fluvii
1735 296 1912 350 speciem
1926 325 1938 345 ‚
1968 296 2025 336 ita
2042 303 2089 335 ut
2117 295 2285 339 effectus
2313 300 2434 355 hujus
2465 318 2624 348 causam

1396 385 1482 411 non
1500 373 1587 413 sine
1609 381 1777 429 stupore
1808 375 2039 416 demireris.
2099 375 2300 430 Adjacent
2333 389 2468 422 autem
2490 385 2628 428 insulae

1397 449 1641 504 fortunatae,
1674 456 1717 495 in
1747 456 1898 510 quibus
1926 456 2047 497 niveo
2079 465 2176 497 sunt
2204 458 2340 499 colore
2366 474 2514 515 pecora
2536 468 2628 506 uni-

2500 540 2549 578 In
2567 540 2630 581 his

1397 605 1661 645 mercatorias
1678 606 1909 647 accolarum
1927 622 2051 648 naves
2073 609 2289 653 stationem
2308 611 2458 653 habere
2478 613 2627 665 videas,

1397 678 1612 735 plerasque
1647 681 1745 722 inde
1773 683 2001 737 profectas,
2036 683 2108 724 ubi
2126 683 2243 738 juxta
2278 687 2430 728 Indum
2468 704 2631 731 amnem

1397 756 1539 797 navale
1570 757 1748 798 instituit
1781 757 2029 810 Alexander,
2067 775 2143 801 nec
2167 775 2314 816 paucas
2347 779 2369 804 e
2398 766 2562 807 Perside
2591 776 2630 809 et

1397 540 1535 577 versa,
1556 543 1634 569 nec
1658 530 1728 570 ulli
1756 530 2003 572 seminarum
2025 547 2158 572 cornu
2190 532 2440 576 adnascitur.

1398 833 1616 875 Carmania
1633 841 1675 874 et
1699 842 1787 875 tota
1809 836 2045 876 continente
2059 835 2249 879 finitima.

1458 913 1551 959 104.
1570 910 1757 952 Coelestia
1773 912 1898 952 etiam
1916 912 1993 953 illis
2021 913 2262 956 mirabiliter
2272 930 2314 957 se
2328 917 2504 970 habent3
2523 920 2630 961 inter

1398 993 1490 1034 quae
1519 988 1580 1020 est
1612 979 1726 1035 quod
1756 981 1865 1022 circa
1894 982 2046 1022 Ursam
2065 984 2280 1038 contingit.
2339 987 2444 1027 Nam
2479 988 2575 1030 inde
2607 1004 2630 1030 a

1396 1048 1727 1089 Maemacterione
1756 1063 1896 1090 mense
1916 1049 2245 1102 Atheniensium,
2270 1053 2381 1095 nulla
2398 1054 2450 1096 de
2476 1065 2630 1112 septem

1399 1113 1485 1169 ejus
1514 1115 1637 1156 stellis
1667 1117 1920 1172 conspicitur
1950 1132 2080 1172 usque
2099 1118 2151 1159 ad
2177 1120 2353 1174 vigiliam
2384 1125 2515 1164 noctis
2542 1127 2630 1179 pri-

1397 1197 1530 1235 mam;
1551 1183 1779 1225 Posideone
1795 1184 1847 1226 ad
1861 1185 2083 1226 secundam
2099 1201 2243 1241 usque,
2262 1197 2300 1229 et
2318 1190 2460 1232 eadem
2474 1193 2632 1234 ratione

1398 1250 1609 1294 mensibus
1631 1250 1824 1307 deinceps
1846 1253 2136 1307 sequentibus;
2155 1263 2243 1295 tum
2266 1255 2317 1296 de
2340 1259 2483 1298 ceteris
2509 1259 2630 1300 stellis

1397 1318 1581 1359 erraticae
1599 1333 1684 1360 non
1709 1319 1904 1360 videntur
1914 1337 1930 1376 ;v
1942 1322 2150 1364 nonnullae
2169 1332 2305 1364 autem
2324 1325 2463 1378 globos
2480 1326 2634 1368 habent

1395 1385 1595 1442 majore53
1615 1397 1712 1429 sunt
1727 1403 1818 1444 quae
1840 1405 1925 1431 non
1945 1392 2057 1432 statis
2077 1400 2117 1433 et
2135 1392 2326 1447 legitimis
2340 1394 2421 1437 ,sibi
2436 1397 2632 1451 tempori·

1394 1460 1474 1502 bus
1501 1461 1697 1504 occidunt
1719 1472 1759 1504 et
1778 1465 1984 1507 oriuntur.

1394 1601 1515 1641 simul
1537 1603 1777 1644 inusitatum
1798 1606 1855 1645 rei
1882 1605 2053 1646 modum
2081 1615 2120 1647 et
2142 1621 2305 1648 causam
2327 1609 2475 1650 merito
2505 1608 2633 1649 demi-

1394 1691 1522 1723 retur.
1586 1686 1619 1725 F
1621 1694 1823 1727 ortunatae
1841 1701 1971 1742 prope
1990 1687 2132 1727 insulae
2154 1696 2314 1728 exstant
2333 1688 2444 1729 haud
2463 1691 2632 1731 munitis

1395 1764 1660 1820 frequentatae
1683 1767 1861 1823 oppidis,
1884 1768 1956 1808 ubi
1975 1782 2114 1822 greges
2135 1776 2176 1808 et
2200 1778 2384 1809 armenta
2405 1771 2545 1811 omnia
2568 1772 2630 1810 ni-

1394 1849 1458 1889 vei
1477 1858 1574 1890 sunt
1588 1849 1761 1901 coloris;
1782 1865 1859 1891 nec
1876 1850 2008 1890 ullum
2031 1850 2208 1891 femineo
2226 1852 2341 1891 sexui
2360 1866 2492 1892 cornu
2509 1866 2631 1907 agna-

1396 1932 1537 1973 scitur.
1600 1932 1667 1974 Ad
1697 1933 1769 1974 has
1790 1932 1976 1988 undique
2007 1942 2254 1975 mercatores
2277 1943 2534 1986 commeant,
2567 1936 2631 1975 in-

1394 2015 1540 2069 primis
1561 2030 1585 2056 a
1614 2017 1771 2056 Potana
1794 2017 1810 2069 (
1821 2015 2008 2056 Pactalis
2025 2017 2063 2070 )‚
2083 2030 2207 2070 quam
2231 2016 2464 2058 Alexander
2484 2015 2537 2057 ad
2561 2018 2631 2057 In-

1395 2103 1497 2144 dum
1520 2104 1676 2144 flumen
1698 2103 1911 2154 condidit,
1944 2112 1991 2144 ut
2009 2103 2273 2144 commodam
2306 2105 2350 2144 in
2380 2104 2447 2144 illa
2478 2105 2630 2145 Oceani

1395 2204 1468 2231 ora
1485 2191 1652 2231 navium
1668 2192 1886 2231 stationem
1904 2190 2088 2231 haberet.
2148 2191 2277 2245 Atqui
2297 2190 2348 2230 de
2367 2191 2535 2244 regione
2551 2190 2629 2231 hac

1394 2276 1562 2331 eJusque
1584 2277 1727 2318 incolis
1741 2276 1827 2331 jam
1846 2278 1941 2317 satis
1961 2276 2119 2316 dictum
2141 2291 2226 2317 esse
2248 2277 2511 2317 arbitramur.

1454 2365 1546 2410 104.
1576 2361 1589 2418 (
1609 2366 1705 2418 Cap.
1739 2364 1807 2409 48.
1829 2361 1842 2417 )
1870 2363 1992 2401 Nunc
2020 2374 2111 2414 quae
2133 2363 2238 2402 mira
2260 2362 2351 2401 istic
2373 2363 2414 2401 in
2439 2362 2542 2402 coelo
2571 2377 2630 2402 vl·

1394 2429 1545 2470 dentur
1560 2445 1645 2470 non
1660 2428 2010 2485 praetermittenda
2020 2438 2134 2481 sunt.
2188 2429 2387 2470 Omnium
2403 2430 2626 2470 maximam

1394 2499 1542 2539 incutit
1578 2498 1894 2539 admirationem
1930 2511 2010 2538 nec
2053 2496 2302 2538 mediocrem
2342 2497 2627 2552 navigantibus

1394 2567 1695 2607 dubitationem
1724 2573 1886 2615 movet,
1918 2565 2031 2620 quod
2060 2565 2112 2606 de
2135 2566 2243 2605 Ursa
2269 2564 2420 2605 coelesti
2450 2579 2628 2607 comme-

1395 2645 1595 2678 moratur.
1657 2638 1693 2677 A
1733 2650 1872 2676 mense
1905 2636 2038 2686 enim,
2091 2649 2214 2690 quem
2256 2635 2629 2675 Maemacterionem

1396 2705 1665 2747 Athenienses
1690 2712 1853 2753 vocant,
1873 2703 1983 2744 nulla
2007 2703 2357 2758 Septemtrionum
2385 2701 2497 2743 stella
2523 2703 2630 2743 circa

1395 2775 1546 2814 Ursam
1570 2788 1594 2813 a
1626 2771 1913 2826 navigantibus
1936 2771 2118 2826 conspici
2143 2778 2335 2827 narratur
2366 2769 2420 2811 ad
2450 2770 2629 2825 primam

1395 2856 1525 2896 usque
1544 2841 1750 2895 vigiliam3
1771 2839 2001 2881 Posideone
2022 2852 2152 2894 usque
2170 2837 2223 2879 ad
2245 2837 2469 2879 secundam
2482 2869 2494 2889 ,
2516 2839 2628 2878 simi·

1396 2910 1506 2965 lique
1521 2909 1807 2965 progressione
1823 2907 2086 2963 sequentibus
2101 2906 2325 2947 mensibus.
2387 2908 2450 2947 De
2463 2906 2629 2961 reliquis

1398 2993 1486 3030 eas,
1516 2992 1616 3033 quas
1646 2978 1839 3018 erraticas
1875 2984 2045 3026 vocant,
2079 2976 2316 3030 conspectui
2352 2975 2516 3015 illorum
2546 2989 2630 3014 non

1396 3047 1604 3098 exhiberi3
1629 3046 1725 3086 alias
1757 3043 1933 3099 majores
1966 3058 2051 3084 esse
2097 3057 2222 3097 quam
2254 3042 2374 3083 nobis
2410 3042 2625 3094 videntur3

1404 3116 1500 3156 alias
1521 3130 1603 3155 non
1622 3113 1826 3155 consimili
1844 3112 1969 3153 modo
1986 3110 2205 3152 ascendere
2220 3125 2266 3150 ac
2284 3109 2547 3149 descendere.

1450 3281 1471 3330 S
1509 3282 1603 3327 104,
1640 3277 1712 3316 lin.
1740 3276 1804 3316 13.
1827 3276 1968 3330 μέχρι
1997 3274 2215 3328 φυλακῆς
2248 3273 2412 3326 πρώτη
2427 3287 2443 3318 ς
2473 3287 2496 3311 κ
2511 3270 2566 3311 τλ
2583 3273 2628 3327 .]

1403 3359 1418 3375 α
1442 3341 1483 3380 Si
1515 3339 1597 3379 l'on
1620 3352 1796 3393 suppose
1828 3351 1908 3391 que
1943 3336 1979 3376 le
2000 3336 2082 3376 lieu
2110 3334 2161 3375 de
2197 3334 2234 3374 la
2255 3347 2470 3388 remarque
2507 3334 2585 3374 soit
2607 3332 2631 3373 a

1400 3402 1448 3442 15
1466 3401 1608 3455 degre's
1630 3400 1681 3440 de
1700 3398 1868 3440 latitude
1888 3397 2009 3449 nord,
2039 3412 2093 3438 on
2113 3406 2258 3437 trouve
2280 3395 2456 3451 qu’alors
2481 3395 2516 3436 la
2536 3410 2630 3450 pre-

1398 3463 1526 3505 miere
1546 3463 1617 3503 des
1636 3470 1725 3517 sept
1755 3460 2000 3516 principales
2022 3459 2160 3500 etoilcs
2182 3457 2234 3498 de
2255 3458 2293 3498 la
2314 3456 2469 3512 grande
2497 3458 2630 3498 Ourse

1400 3526 1580 3581 (l'etoile
1603 3527 1658 3579 α)
1682 3539 1724 3564 se
1758 3524 1879 3564 levait
1900 3537 1990 3563 vers
2013 3521 2117 3562 neus
2136 3521 2285 3562 heures
2315 3519 2374 3560 du
2406 3520 2490 3560 soir
2511 3519 2548 3560 le
2582 3520 2629 3560 15

1398 3590 1581 3639 octobre,
1620 3596 1661 3628 et
1686 3601 1776 3627 vers
1813 3594 1901 3641 sept
1937 3585 2085 3626 heures
2108 3584 2145 3626 le
2183 3583 2230 3624 15
2262 3582 2504 3623 novembre.
2528 3585 2564 3623 A
2593 3583 2630 3623 la

1396 3650 1598 3707 premiere
1614 3649 1666 3690 de
1688 3663 1754 3689 ces
1777 3648 1889 3688 dates
1904 3679 1915 3699 ,
1945 3647 1983 3688 le
2005 3646 2119 3688 soleil
2147 3661 2189 3687 se
2211 3645 2402 3687 couchait
2420 3659 2510 3686 vers
2535 3645 2630 3698 cinq

1397 3717 1543 3757 heures
1574 3713 1625 3754 50
1658 3712 1862 3759 minutes;
1900 3720 1941 3752 et
1973 3725 2048 3766 par
2077 3710 2330 3764 consequent
2363 3708 2401 3748 la
2430 3705 2629 3762 premiere

1397 3777 1541 3832 garde,
1575 3775 1646 3830 qui
1679 3773 1952 3814 commencait
1986 3787 2084 3813 avec
2117 3772 2154 3812 le
2189 3771 2368 3812 coucher
2403 3768 2461 3809 du
2489 3768 2599 3807 soleil
2615 3798 2625 3814 ,

1398 3839 1569 3881 finissait
1590 3836 1613 3877 a
1635 3837 1728 3878 huit
1759 3837 1908 3878 heures
1932 3835 1984 3878 50
2005 3836 2184 3875 minutes
2202 3850 2212 3884 ;
2244 3834 2283 3874 la
2302 3830 2475 3872 seconde
2506 3829 2627 3882 garde

1398 3900 1611 3942 s'etendait
1630 3898 1681 3940 de
1702 3899 1795 3940 huit
1815 3899 1963 3940 heures
1980 3901 2033 3947 4ο
2051 3898 2228 3938 minutos
2248 3894 2270 3935 ἐι
2289 3907 2388 3934 onze
2410 3892 2555 3932 heurcs
2575 3894 2627 3938 4ο

1398 3966 1576 4006 minutes
1592 3961 1651 4002 du
1668 3962 1766 4002 soir.
1797 3961 2107 4003 L'observation
2128 3958 2198 4012 qui
2218 3963 2380 4010 reporte
2397 3953 2434 3993 le
2454 3951 2563 3991 lever
2577 3951 2627 3992 de

1397 4029 1435 4068 la
1451 4025 1602 4081 grande
1618 4026 1750 4066 Ourse
1764 4039 1871 4080 pour
1886 4023 1922 4063 le
1937 4023 2041 4062 mois
2061 4021 2112 4060 de
2127 4018 2347 4059 novembre
2362 4014 2385 4055 a
2399 4014 2436 4054 la
2454 4011 2630 4054 seconde
