2808 4342
692 110 736 156 Ο

221 224 310 265 28⁴
512 255 556 299 ⁹

221 316 349 374 αὗτὴν
365 315 441 373 τὴν
465 315 614 378 ἄρκτον
634 314 714 369 ἤδη
730 310 824 374 περὶ
846 308 924 364 τὴν
948 306 1142 363 ιῖσὸολὴν
1157 310 1232 364 τῆς
1252 307 1466 370 Περσικῆς

222 385 436 441 θαλάσσης
463 387 621 431 κεῖνται
655 384 772 435 νῆσοι
794 376 999 433 πλείονες,
1020 378 1065 422 αἱ
1085 374 1277 423 Καλαίου
1297 374 1469 439 λεγόμς·

221 473 290 501 ναι
315 454 518 517 (νῆσοι),
542 450 690 512 σχεδὸν
713 446 781 492 ἐπὶ
814 444 1004 497 σταδίους
1022 442 1247 507 δισχιλίους
1275 462 1467 509 παρατε-

222 521 436 583 ταμμέναι
454 525 506 583 τῇ
538 516 671 581 χώρᾳ·
694 512 866 577 πονηροὶ
888 513 931 559 δὲ
955 514 994 559 οἱ
1027 516 1314 567 κατοικοῦντες
1341 512 1468 568 aava<

167 610 189 641 s
231 591 438 654 ἄνθρωποι
457 588 528 634 καὶ
550 585 708 647 ἡμέρας
727 585 773 629 οὗ
792 580 899 629 πολύ
921 600 963 628 τι
980 581 1215 645 βλίττοντες,

286 675 344 707 36.
384 656 488 719 Περὶ
512 653 555 700 δὲ
575 651 651 708 τὴν
670 651 855 714 ἐσχάτην
882 650 1069 714 κεφαλὴν
1086 653 1168 698 τῶν
1187 651 1377 700 Καλαίου
1395 651 1469 708 νή-

223 746 306 774 σων
329 724 400 770 καὶ
426 723 474 768 τὸ
505 721 726 783 λεγόμενον
755 720 893 769 Καλὸν
923 720 1030 781 ὄρος·
1060 719 1276 784 ἰκδίχιται
1307 722 1398 782 μετ’
1418 723 1466 768 οὗ

220 793 324 840 πολὺ
344 792 391 838 τὸ
407 791 542 852 στόμα
558 794 633 848 τῆς
650 792 874 854 Περσικῆς,
885 791 959 837 καὶ
976 791 1171 837 πλεῖσται
1191 789 1469 851 κολυμὸήσεις

219 861 299 908 εἰσὶ
325 864 396 908 τοῦ
419 859 599 907 πινικίου
621 859 793 923 κόγχου.
817 859 981 907 Τούτου
1003 859 1047 906 δὲ
1081 863 1153 906 τοῦ
1187 859 1394 919 πόματος
1421 860 1469 905 ἐκ

154 947 193 980 10
215 933 297 978 τῶν
330 929 550 991 εὐωνύμων
574 929 684 976 ἐστὶν
713 929 789 992 ὄρη
821 928 998 990 μέγιστα
1028 927 1233 989 λεγόμενα
1258 927 1465 987 Ἄσαὸῶν,

218 1004 265 1048 ἐκ
287 1000 331 1048 δὲ
341 1003 421 1047 τῶν
442 999 583 1054 δεξιῶν
608 998 800 1062 ἄντικρυς
818 996 1083 1063 ἅφορώμενον
1099 997 1204 1044 ἄλλο
1218 996 1467 1061 στρογγύλον

221 1070 399 1135 ὓψηλὸν,
422 1069 470 1116 τὸ
508 1068 788 1133 Σεμιράμεως
809 1067 1054 1130 λεγόμενον,
1087 1067 1160 1113 καὶ
1194 1066 1318 1128 μέσος
1348 1065 1470 1120 αὖτὸς

220 1143 243 1187 ὁ
265 1140 462 1192 διάπλους
480 1143 553 1185 τοῦ
572 1138 779 1199 στόματος
797 1140 851 1190 ὡς
868 1137 1060 1190 σταδίους
1083 1136 1332 1194 ἑξακοσίους,
1350 1135 1402 1183 δι’
1422 1129 1469 1182 οὗ

222 1208 412 1271 μέγιστος
443 1208 515 1254 καὶ
538 1207 800 1259 πλατύτατος
830 1209 886 1257 εἷς
925 1206 1019 1259 τοὺς
1057 1205 1290 1259 ἓσωτᾶτους
1322 1205 1469 1257 τόπους

161 1294 199 1324 ιι»
222 1279 244 1324 ὁ
267 1278 471 1342 Περσικὸς
493 1279 644 1330 κόλπος
667 1281 909 1340 ἀναχεῖται,
934 1277 1027 1322 καθ’
1046 1275 1091 1322 ὃν
1116 1277 1158 1320 ἐν
1181 1276 1264 1328 τοῖς
1283 1275 1471 1337 ἐσχάτοις

223 1349 348 1394 αὐτοῦ
402 1346 568 1409 μέρεσιν
618 1346 817 1410 ἐμπόριόν
859 1347 947 1391 ἐστι
993 1345 1168 1405 νόμιμον
1182 1379 1196 1402 ,
1249 1345 1470 1406 λεγόμενον

222 1490 265 1524 et
284 1480 339 1523 de
366 1481 512 1524 formis
533 1482 729 1531 κούκινος,
764 1479 933 1528 κοΐκινος
964 1480 1106 1536 Steph.
1129 1480 1257 1521 Thes.
1300 1494 1339 1520 v.
1369 1479 1469 1527 κόὶξ.

281 1546 392 1597 534,
417 1543 447 1586 l.
471 1556 513 1585 2.
538 1543 762 1591 πλείονες
794 1542 840 1583 αἱ
862 1544 878 1599 ]
904 1542 1118 1598 πλεόμεναι
1145 1540 1261 1592 ood.;
1298 1541 1475 1591 πλείονες

223 1604 385 1656 Stuck.;
410 1605 534 1647 πλείω
558 1604 625 1661 μὲν
649 1605 689 1645 αἱ
710 1612 857 1646 contra
878 1617 1003 1645 usum
1036 1603 1250 1659 scriptoris
1282 1603 1476 1645 Schwan-

222 1666 410 1710 beekius.
429 1667 651 1722 ΙΙ-3,ἔπ“ι
671 1667 809 1709 σταδ.
827 1667 968 1722 δισχ.
989 1666 1471 1723 παρατεταμμέναι]

226 1727 260 1771 ἕ.
283 1744 321 1770 o.
343 1729 381 1770 δ.
399 1729 738 1785 παρεστραμμέναι
753 1727 868 1782 cod.;
900 1743 985 1771 em.
1008 1729 1207 1771 Vincent.
1231 1731 1269 1771 A
1284 1730 1475 1770 Massera

223 1791 521 1848 proficiscenti,
542 1791 812 1833 circumflexo
826 1792 1118 1847 promontorio
1135 1791 1195 1832 EI
1208 1790 1312 1832 Had
1327 1789 1475 1846 (quod

226 1852 452 1896 Corodami
478 1853 649 1895 nomine
681 1853 844 1907 signare
866 1852 1031 1894 videtur
1061 1852 1304 1895 Ptolemaeus
1323 1854 1356 1906 ),
1380 1860 1476 1907 post

228 1916 533 1971 navigationem
554 1914 661 1957 stad.
698 1917 810 1964 2400
842 1914 1076 1970 complures
1095 1914 1138 1956 in
1171 1914 1273 1955 mari
1310 1915 1474 1955 Persico

230 1986 460 2021 occurrunt
483 1977 641 2028 insulae,
666 1991 742 2033 per
762 1977 843 2019 500
856 1976 988 2019 stadia
996 1975 1116 2033 juxta
1133 1991 1250 2019 oram
1274 1975 1372 2018 inde
1390 1976 1474 2018 scre

226 2055 253 2083 a
271 2040 466 2084 Maskate
493 2041 682 2097 emporio
700 2039 977 2081 disseminatae
1005 2052 1015 2081 :
1045 2040 1186 2091 Fuluii,
1204 2038 1475 2081 Damaniatte

229 2103 248 2157 (
266 2102 357 2145 aliis
379 2102 618 2145 Damiseeea
635 2102 669 2159 ),
693 2105 855 2144 lezen-at
872 2105 999 2144 Jeune
1015 2111 1058 2144 et
1078 2101 1132 2144 de
1153 2102 1352 2158 oppositae
1373 2117 1473 2144 con·

229 2166 403 2208 tinentis
426 2165 602 2207 urbibus
637 2164 758 2207 dictae
793 2165 926 2207 Suadi
959 2166 1045 2207 sive
1075 2165 1228 2207 Suardt'
1266 2173 1308 2207 et
1337 2165 1475 2207 Barka

229 2229 318 2283 (V.
339 2230 447 2285 Map
470 2226 526 2280 of
557 2230 689 2269 Omem
713 2228 756 2268 in
793 2226 1003 2270 Wellsted
1041 2230 1173 2270 Trav.
1203 2235 1236 2268 t.
1259 2229 1333 2282 1).
1365 2228 1475 2269 Hinc

229 2303 363 2346 usque
377 2288 430 2331 ad
445 2290 599 2331 ostium
614 2290 740 2332 sinus.
749 2290 902 2331 Persici
922 2289 1000 2331 alia
1019 2290 1247 2332 insularum
1263 2291 1475 2345 congeries

229 2353 412 2394 occurrit
436 2351 565 2393 nulla.
587 2353 704 2393 Patet
730 2352 854 2406 igitur
875 2364 943 2391 eas
963 2365 1065 2406 quas
1087 2351 1215 2393 modo
1233 2351 1337 2403 dixi,
1362 2353 1475 2393 Peri·

229 2414 287 2471 pli
306 2429 393 2456 esse
409 2413 477 2463 τὰς
492 2413 665 2455 Kalaiou
685 2414 837 2466 νήσους,
858 2413 956 2455 alibi
973 2428 1176 2470 nusquam
1205 2423 1474 2467 memoratas;

231 2492 329 2519 nam
367 2478 563 2519 Plinianae
602 2476 616 2534 (
644 2479 723 2528 VI,
753 2478 823 2528 32,
855 2479 878 2531 5
901 2476 1015 2530 150)
1041 2477 1174 2519 Caloeu
1212 2477 1371 2527 insuloe,
1398 2478 1476 2519 nisi

230 2540 372 2581 omnia
395 2539 560 2580 miscuit
574 2546 735 2589 auctor,
753 2537 806 2579 ad
822 2539 936 2579 sinus
951 2538 1119 2580 Arabici
1135 2553 1251 2581 oram
1269 2540 1478 2595 pertinere

232 2601 400 2643 debent.
422 2603 534 2643 Num
564 2601 648 2643 huc
671 2601 790 2642 saciat
814 2615 967 2643 nomen
989 2601 1148 2652 ΚΙιαΙίΙ,
1174 2601 1290 2658 quod
1318 2610 1379 2644 est
1398 2602 1477 2644 loci

232 2665 340 2706 inter
348 2667 398 2707 M
397 2664 540 2706 askaee
553 2672 594 2705 et
603 2663 740 2705 Bau-ka
752 2663 818 2704 siti
832 2665 847 2717 (
859 2664 901 2704 in
911 2663 1134 2717 Berghausi
1146 2666 1274 2705 Karte
1280 2662 1351 2705 des
1359 2666 1474 2706 Pers.

234 2726 354 2777 Golfs·
375 2727 412 2780 )‚
434 2741 486 2767 an
503 2726 587 2767 huc
604 2724 852 2767 trahendum
871 2726 925 2766 sit
951 2739 1102 2766 nomen
1125 2725 1280 2766 Katane
1302 2727 1477 2781 emporii

232 2787 343 2828 inter
365 2791 446 2829 lias
462 2788 500 2828 e!
519 2788 623 2829 Had
641 2796 682 2829 et
703 2787 897 2829 Maskate
916 2789 1186 2839 occurrentis,
1207 2787 1279 2829 sed
1295 2788 1348 2830 ab
1365 2790 1478 2831 insu·

235 2849 284 2891 lis
300 2849 376 2890 illis
393 2850 512 2903 longe
532 2850 738 2901 distantis,
761 2865 844 2891 non
860 2849 1061 2904 dijudico.
1090 2852 1160 2892 Est
1183 2852 1305 2892 ctiam
1326 2852 1482 2893 Klealal

235 2911 350 2953 locus
373 2912 416 2951 in
438 2926 510 2951 ora
528 2912 606 2951 sub
629 2913 702 2952 25⁰
725 2911 779 2953 8'.
799 2935 856 2942 —
872 2914 964 2952 Jam
983 2926 1079 2953 vero
1102 2927 1232 2967 quum
1251 2928 1274 2954 a
1290 2916 1478 2956 Massera

235 2972 289 3015 ad
315 2972 466 3014 insulas
496 2981 655 3013 nostras
681 2973 762 3013 sint
783 2972 867 3013 sere
902 2976 1012 3021 2400
1044 2974 1189 3023 stadia,
1223 2974 1329 3015 banc
1348 2976 1476 3030 ipsam

235 3034 472 3078 distantiam
489 3036 662 3078 indicari
680 3036 815 3078 verbis
825 3036 965 3091 σχεδὸν
980 3034 1042 3077 ἐπὶ
1058 3037 1231 3084 σταδίους
1249 3038 1475 3092 δισχιλίους,

236 3111 367 3154 eaque
381 3097 691 3155 transponenda
703 3112 791 3140 esse
805 3106 899 3155 post
915 3098 1040 3139 verba
1052 3096 1102 3146 εἰς
1117 3097 1235 3150 αὐτὴν
1253 3098 1322 3150 τὴν
1339 3101 1476 3155 ἄρκτον

237 3159 313 3214 ἤδη
332 3161 564 3218 putaveris;
585 3175 682 3203 nam
706 3160 867 3216 vulgata
882 3161 1102 3217 scriptura,
1123 3176 1204 3217 qua
1226 3162 1367 3204 insula:
1403 3164 1478 3206 illa:

236 3237 313 3279 per
334 3236 444 3267 aooo
475 3223 607 3267 stadia
629 3237 714 3266 orae
744 3222 946 3280 praetendi
965 3222 1178 3275 dicuntur,
1202 3239 1225 3266 a
1249 3239 1346 3266 vcro
1365 3240 1475 3267 recc-

236 3283 298 3327 dit
311 3285 563 3341 longissime.
582 3288 777 3329 Attamen
794 3285 898 3328 nihil
912 3285 1176 3329 mutandum.
1190 3287 1375 3329 Primum
1393 3303 1477 3330 non

236 3355 299 3389 est
316 3348 430 3404 quod
459 3362 644 3390 errorem
670 3348 847 3391 mireris.
869 3349 976 3390 Nam
1006 3363 1079 3390 ora
1097 3348 1184 3391 haec
1205 3363 1375 3405 perraro
1398 3350 1477 3392 sre-

239 3419 434 3465 quentata
458 3411 520 3453 vel
541 3411 768 3454 acrioribus
789 3411 977 3455 Arabum
998 3411 1255 3469 geographis,
1283 3413 1316 3454 si
1347 3427 1476 3456 unum

241 3473 504 3516 Ebn-Batuta
522 3475 720 3530 excipias,
748 3474 832 3517 sere
858 3475 999 3530 ignota
1019 3483 1134 3527 erat;
1163 3475 1313 3532 Peripli
1340 3484 1478 3519 autem

238 3544 449 3577 auctorem
469 3550 566 3578 eum
588 3552 672 3579 orae
690 3546 868 3580 tractum
885 3539 957 3594 qui
973 3553 998 3581 a
1021 3539 1133 3582 Cane
1146 3538 1199 3581 ad
1218 3538 1371 3581 Indum
1387 3554 1479 3597 per·

233 3595 358 3645 tinet,
386 3597 470 3651 ipse
497 3613 579 3640 non
609 3598 713 3641 vidit
733 3599 747 3657 (
767 3601 824 3642 V.
850 3601 1036 3656 Prolegg.
1062 3603 1093 3655 ).
1114 3600 1275 3644 Deinde
1294 3616 1393 3645 vero
1414 3617 1477 3645 se-

238 3659 408 3712 quentia
444 3668 531 3700 tum
568 3660 736 3702 demum
766 3663 959 3719 explicari
984 3673 1178 3720 possunt,
1218 3665 1252 3706 si
1290 3673 1476 3707 nostrum

236 3716 377 3763 locum
407 3720 528 3761 talem
551 3722 657 3775 legas
675 3724 835 3779 qualem
856 3727 1012 3781 praebet
1031 3727 1180 3770 codex.
1200 3728 1363 3770 Etenim
1386 3737 1479 3785 post

240 3780 361 3824 Calaei
381 3781 532 3824 insulas
551 3799 606 3838 με
620 3785 658 3825 τ’
679 3786 730 3825 οὐ
751 3788 870 3829 πολὺ
892 3791 1004 3844 sequi
1025 3790 1180 3832 dicitur
1193 3790 1343 3832 ostium
1365 3792 1480 3833 sinus

238 3843 417 3895 Persici;
433 3844 549 3900 quod
577 3860 706 3901 quum
724 3862 864 3904 reapse
891 3851 1149 3894 salsissimum
1171 3854 1239 3904 sit,
1267 3861 1377 3895 recte
1396 3852 1478 3895 dici

236 3906 392 3962 potuit,
416 3907 448 3947 si
472 3906 624 3949 insulas
651 3923 726 3965 per
756 3923 866 3954 aooo
887 3913 971 3954 scre
988 3915 1117 3957 stadia
1136 3916 1300 3957 extendi
1337 3924 1481 3958 auctor

241 3967 435 4010 credidit.
455 3971 549 4026 lpse
570 3979 708 4013 autem
724 3987 842 4015 error
869 3974 965 4016 inde
993 3978 1259 4032 explicandus
1275 3993 1362 4020 esse
1378 3978 1477 4020 mibi

242 4028 421 4081 videtur,
439 4030 552 4088 quod
572 4046 667 4075 cum
684 4034 826 4077 insulis
837 4037 1054 4080 confundit
1071 4054 1153 4082 01·ae
1169 4049 1343 4083 tractum
1356 4054 1478 4098 quem

943 207 1233 254 ANoNYm
1266 206 1585 270 (amttam,
1619 208 1705 257 Ul*
1735 210 2008 271 matun)

2613 210 2796 288 (ηιμ.)

1536 331 1681 363 venus
1704 322 2006 378 septentriones
2027 320 2116 377 jam
2146 321 2199 363 ad
2230 323 2447 364 introitum
2471 322 2596 363 maris
2622 323 2681 365 Pe
2708 368 2710 372 ,

1536 387 1778 444 complures
1802 387 1971 431 obviam
1988 388 2095 431 fiunt
2110 389 2274 440 insulae,
2295 404 2388 446 quae
2409 389 2529 431 Calaei
2548 387 2707 435 insulae?
2728 386 2783 451 ..ἐν

1535 463 1699 508 canmr,
1715 456 1769 499 ad
1790 456 1855 499 bis
1876 457 1987 500 mille
2005 457 2090 499 sere
2106 457 2237 500 stadia
2262 457 2383 514 juxta
2402 467 2554 500 terram
2583 467 2707 501 exte·
2731 454 2771 489 ⁹]

1535 522 1686 565 Incola:
1701 522 1790 580 ejus
1801 524 1879 568 viri
1890 524 2069 582 improbi
2086 534 2200 577 suut,
2215 527 2288 582 qui
2304 525 2487 568 interdiu
2502 541 2587 568 non
2603 525 2705 570 mult
2719 550 2722 558 ·
2735 526 2765 582 ἦ
2780 554 2782 558 .

1537 590 1696 637 vident.
2739 589 2742 596 ’

1594 662 1663 705 35.
1689 661 1756 706 Ad
1773 672 2006 707 esu-einum
2033 673 2158 722 caput
2177 665 2298 708 Calaei
2330 665 2556 707 insularum
2573 674 2635 708 est
2656 666 2726 708 eti
2751 688 2780 723 ‘.

1536 727 1666 780 calon
1680 738 1887 781 montium
1890 736 2055 795 jugum3
2070 738 2208 796 paullo
2219 748 2312 796 post
2326 740 2514 795 sequitur
2524 735 2678 784 ostium
2693 756 2735 783 m

1535 814 1594 856 ris
1611 815 1790 867 Persici3
1810 815 2001 871 plurima
2019 815 2077 858 ibi
2098 824 2196 858 sunt
2218 818 2466 873 piscationoe
2487 817 2657 860 conche
2688 839 2706 854 ι·
2727 838 2730 851 τ
2755 810 2775 830 ‘'

1536 889 1769 945 gar-itiseoe.
1803 891 1910 933 Ostii
1932 890 1986 932 ad
2007 892 2215 935 sinistram
2235 895 2405 936 maximi
2424 893 2671 936 attolluntur
2752 870 2773 911 ⁴

1535 962 1623 1006 bon
1644 978 1750 1020 quos
1773 974 1922 1007 vocant
1940 974 2101 1008 montes
2118 997 2131 1018 ,
2157 966 2211 1009 ad
2228 967 2417 1011 dextram
2441 984 2540 1011 vero
2562 984 2585 1011 e
2616 969 2730 1024 regio
2763 967 2769 981 ⁵

1536 1040 1792 1096 conspicitur
1805 1040 1910 1082 alius
1927 1055 2047 1083 mons
2061 1042 2267 1085 rotundus
2281 1043 2485 1102 altusque,
2503 1044 2747 1088 Semiramid
2763 1043 2774 1056 '‘

1537 1115 1695 1167 dictus3
1720 1116 1882 1158 medius
1909 1118 2017 1158 inter
2045 1126 2274 1174 utrumque
2299 1120 2492 1175 trajectus
2513 1124 2607 1165 ostii
2632 1123 2746 1165 stadi·
2776 1102 2788 1128 ’ᾖ

1538 1206 1635 1234 rum
1660 1191 1748 1234 sere
1769 1201 2061 1235 sexcentorum
2077 1202 2153 1245 est,
2171 1209 2246 1251 per
2259 1195 2376 1251 quod
2391 1198 2596 1240 maximus
2614 1207 2656 1241 et
2676 1199 2791 1242 latis-¹

1541 1269 1670 1309 simus
1691 1269 1733 1310 in
1754 1270 1951 1311 interiora
1969 1269 2058 1312 looa
2077 1269 2313 1312 infunditur
2331 1272 2445 1314 sinus
2473 1274 2677 1316 Persicus.

1543 1345 1701 1386 intimis
1723 1343 1848 1400 hujus
1867 1345 2054 1401 partibus
2073 1346 2303 1401 legitimum
2327 1356 2389 1389 est
2416 1349 2653 1405 emporium
2678 1353 2760 1406 Ap

1546 1482 1684 1521 Barna
1717 1488 1865 1522 vocant
1886 1511 1899 1532 ,
1921 1480 2218 1532 humillimum,
2245 1481 2555 1533 fertilissimum,
2587 1484 2775 1526 virente

1546 1542 1663 1597 quasi
1686 1541 1917 1598 palmarum
1947 1542 2133 1594 hortum,
2167 1543 2240 1599 qui
2271 1558 2296 1585 a
2325 1544 2463 1586 Barka
2491 1544 2575 1587 fere
2610 1547 2763 1602 pertin

1546 1618 1678 1661 usque
1693 1603 1745 1646 ad
1765 1604 1940 1660 Djihba,
1967 1605 2039 1646 ubi
2063 1613 2225 1646 montes
2245 1605 2430 1648 altissimi
2447 1606 2500 1649 ad
2517 1608 2647 1664 ipsam
2670 1623 2757 1651 orat

1544 1665 1750 1709 accedunt
1781 1674 1824 1709 et
1851 1667 1949 1709 hine
1986 1667 2185 1709 continua
2220 1669 2325 1710 serie
2362 1678 2541 1725 pergunt
2571 1684 2702 1727 usque
2733 1686 2757 1713 a

1545 1729 1995 1772 ostiumsinusPersici.
2008 1731 2174 1785 Legisse
2185 1730 2334 1773 alicubi
2345 1733 2514 1774 memini
2524 1736 2668 1776 vocem
2698 1744 2709 1769 .’
2772 1732 2774 1734 ’

1545 1791 1607 1834 lat
1623 1791 1786 1835 arabice
1806 1792 1930 1835 etiam
1951 1791 2006 1834 de
2017 1793 2164 1849 palmis
2180 1794 2242 1835 vel
2261 1794 2450 1850 palmulis
2465 1794 2670 1840 adhiberi.
2690 1798 2749 1840 Η·

1544 1854 1578 1896 si
1595 1862 1671 1905 est,
1692 1852 1887 1910 conjicias
1902 1854 2074 1897 Καλαίου
2090 1870 2240 1898 nomen
2263 1856 2360 1898 sort.
2382 1856 2434 1898 ad
2453 1860 2588 1899 Barna
2606 1867 2695 1901 trac
2754 1882 2772 1895 ··

1543 1917 1766 1973 pertinere.
1788 1916 1970 1959 Videant
2000 1919 2075 1959 viri
2113 1918 2274 1960 arabice
2296 1918 2425 1960 docti.
2454 1920 2470 1974 ΙΙ
2489 1944 2548 1952 —
2573 1920 2614 1963 5.
2631 1919 2683 1962 οὗ
2705 1936 2764 1964 πο

1544 1979 1597 2020 λύ
1620 1995 1663 2022 τι
1684 1980 1757 2036 βλ.
1782 1981 1797 2037 ]
1821 1981 1912 2023 Hoc
1937 1981 2015 2022 nisi
2037 1995 2147 2022 mera
2169 1981 2303 2023 sabula
2322 1990 2406 2031 cst,
2429 1982 2485 2023 ita
2502 1982 2716 2038 intelligas,
2742 1998 2792 2028 u

1546 2041 1779 2098 frequenta
1805 2043 1861 2084 ibi
1896 2044 1979 2084 sint
2015 2043 2205 2085 homines
2234 2058 2340 2099 quos
2364 2043 2543 2086 Albinus
2575 2059 2786 2090 vocamus.

1545 2106 1601 2145 At
1621 2118 1707 2160 quo
1724 2113 1845 2161 pacto
1875 2105 2039 2161 πονηροὶ
2060 2106 2144 2147 sint
2175 2106 2395 2148 hominum
2414 2121 2543 2162 genus
2572 2107 2788 2152 imbecilli-

1544 2167 1689 2208 mum?
1718 2170 1784 2210 An
1814 2168 1940 2222 igitur
1967 2168 2104 2224 paullo
2133 2169 2377 2224 exquisitius
2407 2183 2489 2212 scr.
2524 2169 2649 2213 suerit
2682 2184 2693 2213 ι
2724 2170 2791 2215 καὶ

1544 2226 1689 2283 ἡμέρου
1706 2228 1751 2269 οὗ
1772 2245 1818 2271 π.
1837 2244 1873 2270 τ.
1901 2230 1954 2284 βῖ
2784 2246 2787 2250 ·

1602 2293 1708 2343 535.
1728 2290 1756 2332 l.
1770 2295 1810 2333 6.
1823 2295 1911 2332 τῶν
1929 2291 2170 2348 Kalaiou]
2184 2296 2260 2334 τῶν
2277 2292 2426 2336 Παπίου
2441 2293 2597 2348 οοάοκς
2611 2309 2696 2340 em.
2714 2298 2791 2341 Fa·

1546 2353 1702 2395 bricius
1719 2363 1761 2396 et
1777 2354 2073 2397 Schwanbeck.
2091 2358 2174 2398 Pro
2192 2355 2313 2398 καλὸν
2333 2357 2421 2413 ὅρος
2437 2357 2576 2400 nescio
2589 2371 2643 2401 an
2666 2357 2794 2405 suerius

1548 2416 1593 2457 rb
1627 2416 1798 2459 Καλαιὸν
1834 2418 1935 2474 ὄρος.
1974 2419 2294 2473 Margaritarum
2324 2421 2594 2476 piseationem
2628 2421 2675 2464 in
2693 2435 2799 2477 sing,

1547 2479 1713 2521 Persico
1732 2494 1855 2522 nemo
1878 2482 2023 2523 nascit.
2049 2483 2065 2535 (
2086 2481 2150 2524 Cf.
2176 2481 2230 2523 ad
2252 2485 2275 2536 S
2299 2483 2367 2526 58.
2386 2484 2403 2538 )
2431 2483 2653 2526 Uberrima
2669 2482 2724 2528 de
2747 2467 2801 2548 --ἰ

1549 2543 1721 2598 exponit
1754 2542 1891 2585 Edrisi
1914 2545 1949 2595 Ι,
1981 2558 2026 2600 p.
2058 2544 2258 2600 373-378.
2288 2545 2305 2599 ΙΙ
2337 2568 2396 2577 -
2418 2557 2485 2587 ιο.
2526 2543 2751 2590 Ἀσαὸῶν
2796 2558 2801 2596 1

1549 2604 1657 2646 σα6ὼ
1671 2604 1825 2657 codex;
1848 2606 2068 2648 Salmasius
2082 2608 2254 2648 Exercc.
2269 2605 2332 2648 Pl.
2348 2620 2394 2663 p.
2416 2607 2499 2651 350
2509 2621 2591 2650 em.
2615 2605 2723 2651 Ἆσα
2739 2623 2755 2643 ³
2780 2603 2802 2660 „⁷

1548 2681 1571 2707 e
1586 2666 1806 2709 Ptolemaeo
1827 2668 1904 2718 VI,
1926 2682 1967 2723 7,
1982 2667 2054 2709 ubi
2070 2668 2275 2710 montium
2291 2668 2465 2710 istorum
2484 2668 2667 2711 basanite
2688 2683 2761 2713 sax
2772 2663 2782 2704 .'
2798 2704 2801 2714 ἦ

1548 2730 1762 2784 nigrorum
1771 2737 1925 2771 struem
1934 2729 2218 2785 confragosam
2227 2730 2549 2787 horrentemque
2558 2730 2630 2788 (V.
2641 2731 2775 2775 Asia!

1547 2793 1692 2833 Ioum.
1714 2800 1747 2833 t.
1770 2792 1889 2842 XIX,
1913 2805 1958 2847 p.
1978 2805 2056 2846 291
2076 2794 2093 2847 )
2120 2801 2239 2835 vocat
2269 2806 2280 2836 :
2311 2793 2460 2850 μέλανα
2477 2793 2547 2849 ὄρη
2568 2792 2740 2850 καλούμι
2773 2837 2774 2840 ,

1554 2851 1721 2895 Ἀσαὸῶν
1741 2861 1781 2895 et
1809 2851 1974 2895 Ἇσαὸῶν
1991 2854 2108 2910 ἄκρον
2129 2858 2144 2908 (
2160 2858 2242 2897 Rus
2254 2855 2519 2899 Mussendom
2534 2857 2567 2910 ).
2587 2854 2653 2899 Cf.
2702 2880 2707 2891 ι
2771 2867 2773 2871 ·

1548 2917 1655 2958 cian.
1681 2930 1723 2973 p.
1756 2917 1826 2959 38.
1846 2918 2008 2958 Nomen
2029 2918 2065 2958 ei
2089 2932 2113 2959 a
2139 2927 2260 2972 gente
2283 2919 2382 2961 Beni
2416 2918 2573 2962 Assab.
2604 2920 2664 2961 Fo
2698 2939 2729 2954 v·

1549 2979 1672 3020 etiam
1705 2979 1789 3021 buc
1819 2978 2060 3021 referendus
2094 2979 2323 3023 hodiernus
2357 2982 2470 3023 vicus
2501 2981 2602 3023 Sabi
2625 2989 2667 3024 et
2705 2993 2738 3017 ἐν
2771 2978 2773 2982 ’

1551 3041 1706 3090 Kasab,
1736 3043 2109 3083 monente·Rittero
2127 3044 2225 3095 XII,
2254 3057 2297 3099 p.
2333 3046 2431 3087 528.
2465 3043 2666 3086 Arrianus
2724 3054 2775 3078 mv

1548 3117 1586 3143 c.
1609 3104 1678 3154 32,
1700 3117 1725 3157 7
1746 3103 1866 3158 ἄκρην
1902 3105 2021 3145 istam
2051 3105 2186 3146 vocari
2209 3104 2312 3146 dicit
2331 3105 2505 3155 Μάκετα,
2523 3104 2671 3147 Strabo
2691 3106 2745 3147 ite

1548 3177 1591 3218 p.
1618 3165 1697 3218 765
1720 3179 1771 3205 ex
1787 3165 2059 3206 Erastotbcne
2081 3165 2125 3206 τὸ
2146 3164 2184 3207 ἐν
2202 3165 2351 3215 Μάκαις
2377 3166 2629 3222 ἀκρωτήριον,
2657 3180 2681 3209 a

1547 3241 1689 3268 carum
1723 3235 1858 3281 gente,
1888 3228 2000 3283 quod
2038 3228 2280 3270 Ptolemaeus
2321 3229 2376 3271 ibi
2411 3237 2628 3272 memorat.
2672 3230 2689 3285 ΙΙ
2759 3237 2762 3243 “

1553 3302 1619 3330 12.
1657 3288 2008 3346 Σεμιράμεως]
2046 3291 2314 3347 Σεμειράμεως
2339 3291 2497 3344 codex;
2534 3292 2711 3350 Σιμιράμ
2734 3307 2749 3323 ι·

1548 3358 1697 3406 praeter
1721 3352 1922 3393 rationem
1963 3352 2190 3396 Fabricius.
2230 3353 2294 3396 Cf.
2333 3354 2575 3397 Ptolemaeus
2607 3356 2685 3407 VI,
2719 3353 2745 3400 8

1548 3414 1566 3467 (
1574 3413 1687 3469 ὅρος)
1703 3414 1748 3456 τὸ
1760 3413 2000 3470 καλούμενον
2015 3415 2271 3473 Σεμιράμιδος
2289 3417 2350 3474 [ὃ]
2370 3417 2434 3459 καὶ
2447 3417 2697 3474 Στρογγύλον

1548 3480 1617 3517 τοῦ
1634 3477 1851 3533 σχήματος.
1871 3479 2106 3521 Marcianus
2129 3493 2171 3536 p.
2193 3481 2245 3522 36
2274 3493 2284 3522 ;
2303 3479 2379 3523 ἀπὸ
2394 3479 2436 3522 δὲ
2450 3483 2519 3522 τοῦ
2540 3478 2703 3538 Ἆρμύζο
2741 3505 2746 3511 ·

1550 3538 1787 3595 ἀκρωτηρίου
1807 3539 1869 3582 ἐπὶ
1898 3540 2126 3597 Καρπέλλαν
2157 3541 2395 3599 ἀκρωτήριον
2408 3542 2547 3587 στάδια
2560 3543 2636 3600 ψν’.
2655 3543 2696 3587 ἔν
2741 3568 2763 3598 ·,

1551 3602 1599 3643 οα
1621 3604 1843 3658 παράκειται
1871 3602 1915 3643 τὸ
1943 3603 2154 3660 προρρηθὲν
2181 3604 2431 3661 Στρογγύλον
2454 3606 2542 3661 ὄρος
2563 3605 2607 3647 τὸ
2625 3605 2707 3662 Σιμ
2740 3616 2743 3617 ’

1551 3665 1674 3719 μιόος,
1698 3662 1802 3721 ᾧπερ
1825 3664 2061 3707 ἀντικεῖσθαι
2083 3665 2227 3723 ἔφαμεν
2245 3666 2342 3709 κατὰ
2363 3665 2434 3719 τὴν
2456 3666 2663 3723 εὗδαίμονα
2685 3664 2736 3709 Ἀ

1550 3727 1636 3767 δίαν
1659 3728 1703 3768 τὸ
1725 3726 1891 3769 ἈσαΕῶν
1914 3728 2001 3784 ὄρος
2019 3743 2060 3771 τε
2078 3729 2144 3770 καὶ
2162 3728 2416 3786 ἀκρωτήριον,
2435 3730 2528 3785 ἅπερ
2541 3728 2700 3784 ἐκάτιρα
2724 3730 2750 3760 ,f

1548 3806 1590 3831 τε
1622 3792 1687 3832 καὶ
1723 3791 1940 3847 ἀκρωτήρια
1961 3790 2010 3834 τὰ
2033 3791 2148 3834 στενὰ
2175 3794 2284 3835 ποιεῖ’
2301 3796 2369 3834 τοῦ
2406 3793 2592 3848 Περσικοῦ
2622 3792 2669 3833 κύ
2731 3812 2748 3843 '..

1552 3856 1730 3906 Rittero,
1752 3856 1862 3907 aliis,
1894 3855 2175 3898 Semiramidis
2205 3871 2324 3898 mons
2346 3865 2405 3899 est
2426 3870 2547 3912 rupes
2574 3869 2624 3897 cx
2663 3875 2666 3888 1
2717 3885 2721 3890 -

1552 3919 1593 3958 in
1606 3921 1686 3960 800
1699 3918 1851 3974 pedum
1865 3919 2124 3961 altitudinem
2140 3933 2372 3975 assurgens,
2385 3933 2477 3975 quae
2491 3932 2604 3961 nunc
2619 3910 2757 3959 v·'1·⁶·'

1555 3981 1640 4021 Kosa
1678 3981 1879 4023 Umbarrk
1899 3981 1962 4023 vel
1982 3981 2135 4029 rectius
2162 3981 2462 4025 Kolt-mubaoek
2482 3982 2500 4035 (
2519 3993 2639 4024 mon!
2678 3999 2685 4013 ·
2704 3998 2711 4013 ·
2748 3999 2751 4009 ’

1547 4043 1727 4086 fortuna:
1746 4047 1778 4100 ).
1797 4046 1868 4086 Est
1885 4045 2022 4102 potius
2038 4043 2138 4088 hod.
2158 4045 2304 4103 chbel
2320 4049 2533 4088 εει-ταωνι.
