2756 4354
0 319 1 326 ¹
48 287 223 344 'rari
244 298 381 344 video
400 296 481 342 uhi
518 310 611 340 non
644 292 988 354 exspectabam,
1021 294 1070 337 in
1111 293 1280 338 AEthici

51 363 381 438 &smograph
398 391 443 436 p.
464 376 523 419 60
545 373 620 418 ed.
641 371 831 428 Baudot,
856 371 938 416 ubi
956 373 1053 417 haec
1074 390 1083 416 ε
1111 377 1153 416 A
1173 374 1276 417 Car-

0 485 3 505 ς
49 455 112 500 ἧς
129 461 301 500 civitate
321 469 451 513 usque
486 455 550 496 ad
570 454 777 511 oppidum
813 453 990 511 Catippi
1019 458 1135 496 inter
1166 456 1278 508 Hyr-

0 563 2 571 ·
54 531 188 579 danos
209 545 252 579 et
271 537 532 579 Bactrianos
551 530 665 592 (leg.
683 531 958 589 BarianosP)
980 546 1102 575 mons
1125 533 1281 575 Mena·

56 610 184 663 Eua„
213 625 246 655 a
264 624 343 666 quo
369 611 629 665 proximum,
642 612 802 662 jugum
826 607 988 649 Parcas
1009 607 1187 651 dicitur.
1213 605 1282 649 Ab

53 685 214 743 oppido
251 683 434 740 Catippa·
469 696 601 739 usque
631 683 694 723 cul
727 685 872 724 vt'cum
905 681 1137 739 SaphrIm,
1172 685 1285 723 inter

52 758 175 818 Εραε
194 766 236 799 et
256 759 463 799 Auracas
483 766 530 799 et
548 756 826 813 Parthyenas
850 771 973 799 mons
994 754 1277 814 Oschobaris.

0 837 2 867 ἕ
53 823 166 882 eum
185 830 258 876 his
289 830 566 875 conferenda
599 840 667 875 est
685 829 724 874 T
728 829 865 875 abula
894 830 1278 890 peutingeriana,

50 916 152 969 'quae
171 907 218 951 in
243 916 388 952 tractu
408 909 527 952 inter
547 909 760 966 Catippen
776 916 820 950 et
847 908 1047 965 Sapham
1074 907 1285 966 (Sapkat

52 978 108 1026 G.
137 980 280 1042 R.11,
323 983 371 1037 33
401 979 568 1044 Σούφθα
603 982 675 1027 vel
714 983 889 1043 Σοῧπφα
913 980 1033 1025 Ρ101.
1067 997 1113 1039 p.
1157 979 1280 1043 400)

52 1054 150 1100 loca
173 1055 260 1100 sito
281 1067 480 1101 montem
509 1056 667 1113 habet,
705 1055 837 1116 cujus
860 1071 1026 1115 nomen
1054 1056 1282 1101 desidera-

9 1142 13 1159 1
52 1139 142 1187 tur,
166 1131 244 1176 sed
272 1133 347 1177 cui
382 1133 529 1191 gentis
558 1149 723 1178 nomen
742 1136 933 1178 Bariam'
962 1132 1282 1189 subscribitur,

47 1205 165 1251 adeo
193 1217 244 1251 ut
279 1206 470 1252 dubium
497 1224 589 1252 non
621 1209 707 1264 sit,
738 1209 851 1268 quin
882 1224 1013 1253 mons
1031 1208 1116 1252 iste
1132 1209 1192 1252 sit
1210 1209 1282 1252 ΙΕ-

50 1279 160 1325 thici
181 1283 453 1336 Oschobaris,
473 1284 674 1340 Sapham
691 1297 804 1326 vero
822 1284 990 1341 Saphri
1007 1283 1153 1337 vicus,
1180 1293 1283 1342 post

47 1370 184 1415 quem
229 1356 442 1416 deinceps
483 1367 736 1416 sequuntur
778 1346 1038 1401 Oscane'dati
1069 1357 1165 1402 mil.
1194 1358 1278 1413 35,

33 1432 231 1473 Asbana
260 1430 355 1477 mil.
382 1446 464 1486 22,
497 1433 772 1475 Alexandria
791 1431 889 1477 mil.
932 1448 989 1476 20
1009 1467 1020 1487 ‚
1044 1434 1282 1476 Antiochia

9 1520 15 1535 ’
49 1503 145 1550 mil.
167 1505 241 1551 60.
263 1504 378 1549 Sunt
396 1505 536 1563 igitur
564 1505 621 1549 ab
661 1506 905 1550 Antiochia
930 1505 942 1568 (
962 1509 1280 1567 Meroutchak)

47 1577 105 1623 ad
121 1577 285 1639 Saphri
308 1579 438 1623 milia
473 1580 555 1636 137
589 1580 688 1624 sive
722 1582 837 1639 1096
861 1581 1007 1626 stadia
1023 1582 1121 1626 sive
1147 1583 1202 1627 36
1226 1584 1279 1642 'l²

10 1659 12 1662 ’
45 1651 223 1698 schoeni
246 1651 259 1715 (
283 1642 555 1714 quamquam
582 1656 828 1700 auctoritas
860 1655 1027 1701 horum
1062 1673 1279 1702 numero-

5 1775 7 1777 ,
47 1742 148 1772 rum
174 1743 302 1788 paene
327 1728 455 1773 nulla
476 1726 595 1791 est);
620 1729 823 1789 aSaphri
844 1741 993 1775 autem
1014 1741 1058 1775 et
1077 1741 1280 1776 extrema

4 1832 5 1838 ι
48 1801 303 1862 Parthyene
321 1803 375 1847 ad
391 1806 439 1849 N
437 1809 615 1862 isapour
633 1804 794 1849 urbem
813 1820 902 1849 sec.
925 1789 1153 1850 isidorum
1176 1816 1282 1850 sunt

46 1875 223 1943 schoeni
260 1893 341 1936 19,
380 1878 492 1922 adeo
525 1888 576 1922 ut
611 1878 668 1923 ab
699 1879 943 1923 Antiochia
966 1879 1020 1923 ad
1059 1884 1284 1939 Nisczpow·

2 2002 5 2010 „
50 1945 196 1996 forent
230 1950 286 1996 55
312 1964 358 2004 Ἰ2
398 1953 591 1998 schoeni.
635 1953 766 2006 Quod
811 1970 837 1998 a
862 1970 976 1999 vero
1018 1971 1109 1999 non
1146 1956 1280 2015 longe

47 2026 218 2071 recedit
231 2044 244 2083 3
270 2043 372 2089 nam
392 2028 441 2072 in
454 2044 619 2089 mappa
641 2029 846 2088 Kieperti
871 2045 896 2073 a
912 2032 1202 2073 Meroutclmk
1224 2031 1279 2074 ad

0 2130 1 2135 ι
49 2099 405 2166 Nisapoarlinea
421 2114 539 2145 recta
553 2102 691 2147 habes
704 2103 966 2148 distantiam
988 2104 1278 2148 schoenorum

54 2174 245 2229 amiam
275 2177 441 2223 Gathar
459 2176 570 2222 urbs
590 2176 856 2239 aNisapour
875 2178 1093 2223 orientem
1120 2194 1279 2224 versus

45 2273 64 2291 «ο
98 2253 308 2298 5011001105
331 2255 504 2298 distans
534 2269 587 2297 eo
614 2254 705 2297 fere
733 2254 836 2298 loco
874 2255 1012 2299 fuisse
1042 2254 1177 2299 debet
1199 2255 1278 2299 ubi

78 2344 167 2372 unc
196 2338 263 2372 est
303 2331 519 2385 DJeroud;
558 2338 657 2387 post
690 2329 804 2372 alios
837 2329 1048 2373 schoenos
1076 2330 1279 2388 quinque

45 2402 176 2446 iroc
195 2402 408 2462 ponenda
430 2402 579 2446 estad
602 2401 709 2446 hod.
733 2406 894 2455 Dizar‚·
923 2403 1114 2461 reliquis
1132 2403 1277 2446 schoe-

46 2498 49 2516 e
79 2477 117 2521 is
157 2487 283 2532 octo,
310 2477 391 2535 qui
409 2476 465 2520 ad
484 2477 650 2534 Saphri
671 2476 826 2520 vicum
858 2485 902 2520 et
925 2476 1038 2520 fines
1067 2474 1281 2529 Parthye-

33 2556 35 2558 ’
79 2565 127 2596 05
178 2550 436 2611 pertinent,
487 2550 700 2595 ducimur
757 2549 812 2593 ad
859 2552 1059 2605 Tedjend
1088 2550 1276 2594 fluvium

6 2652 9 2659 ·
46 2626 252 2670 1111010111
290 2626 338 2669 in
375 2625 448 2670 his
479 2625 743 2683 regionibus
784 2624 1035 2669 maximum
1074 2626 1278 2683 (Ochum

34 2700 284 2746 Strabonis
310 2700 341 2763 )‚
365 2702 445 2761 qui
475 2716 501 2745 a
525 2700 718 2745 meridie
739 2690 925 2744 boream
952 2714 1111 2744 versus
1135 2700 1279 2745 fluens

33 2777 242 2822 Parthiae
279 2787 322 2821 et
345 2778 465 2821 Ariae
506 2786 681 2821 montes
705 2775 904 2829 dirimit,
944 2774 1140 2834 ideoque
1177 2791 1278 2819 cum

77 2851 278 2913 djacente
309 2851 475 2912 Saphri
515 2851 618 2895 vico
663 2850 926 2911 aptissimus
963 2864 1060 2894 sese
1093 2848 1279 2906 obtulit,

80 2945 139 2974 uo
154 2928 468 2973 Parthinorum
479 2926 702 2971 montium
715 2928 894 2984 jugum,
907 2925 1193 2970 Oschobarin
1211 2924 1279 2986 C),

48 3002 272 3050 auctores
293 3004 453 3049 AEthici
503 3003 560 3048 ab
598 3003 772 3047 oriente
832 3002 1281 3046 determinarent.—

7 3112 9 3114 ψ
53 3080 184 3141 Apud
205 3081 493 3125 Ptolemaeum
528 3089 703 3123 montes
746 3078 826 3137 qui
858 3093 885 3121 a
908 3077 1094 3121 Parthia
1129 3077 1281 3121 orien-

53 3164 151 3200 tem.
162 3169 323 3199 versus
336 3156 456 3199 inter
476 3154 632 3198 Ariam
652 3163 695 3197 et
709 3152 991 3209 Margianam
1010 3161 1276 3211 excurrunt,

8 3254 9 3258 =
49 3227 264 3274 dicuntur
284 3229 446 3291 Σάριφα
465 3227 557 3290 ὅρη,
584 3229 663 3287 qui
688 3243 847 3272 versus
867 3228 1106 3272 meridiem
1127 3228 1282 3272 Ariam

4 3351 9 3354 ‚
54 3302 284 3347 aParthia
321 3303 527 3349 dividere
550 3302 836 3365 perhibetur,
872 3301 1159 3364 Μασδωρανὸν
1194 3301 1284 3365 ὄρος

9 3377 72 3440 4(
92 3377 170 3434 Vl,
199 3377 223 3420 5
264 3393 311 3438 p.
352 3379 469 3439 399)
507 3377 801 3440 vocatur(**).
838 3377 1075 3422 Posterius
1119 3394 1285 3423 nomen

55 3585 256 3631 Παροῦται,
280 3583 338 3629 ὑφ’
357 3582 418 3626 οὒς
440 3578 615 3632 Ὀὃαρεῖς.

879 184 882 185 ’
919 191 996 236 DE
1032 176 1274 237 isioono
1310 172 1688 242 cuAnAcnno.

2486 238 2566 272 xci

1352 309 1557 356 superest
1579 299 1628 342 in
1659 299 1884 346 hodierno
1914 303 2018 348 loco
2041 308 2306 365 Masdoran‚
2332 330 2420 360 non
2440 320 2570 380 longe

1352 370 1408 414 ad
1447 374 1648 431 Tedjend
1682 374 1825 420 fluvio
1863 377 1912 420 in
1943 378 2058 437 ipsis
2096 380 2323 439 faucibus,
2357 403 2435 445 per
2462 409 2569 451 quas

1353 456 1527 492 montes
1568 450 1730 494 transit
1775 451 1924 496 viator
1960 468 1985 496 e
2025 453 2172 499 Nisaea
2211 456 2260 500 in
2299 458 2571 519 Margianam

1352 522 1664 581 proficiscens.
1699 525 1903 570 Alterum
1943 543 2109 573 nomen
2144 531 2313 576 rectius
2345 534 2458 580 foret
2493 541 2576 584 Σά.

1352 614 1450 659 φρια
1466 596 1564 658 ὄρη;
1588 599 1740 644 1101105
1763 601 1883 645 enim
1908 602 2068 648 dubito
2092 606 2203 664 quin
2219 608 2309 652 sint
2334 622 2505 658 montes
2524 617 2578 660 ad

1352 671 1518 732 Saphri
1542 673 1693 717 vicum
1719 674 1821 733 siti,
1851 691 1965 734 quos
1982 677 2251 724 Ptolemaeus
2272 697 2361 727 una
2384 701 2481 730 cum
2508 704 2578 733 ac-

1353 747 1466 793 colis
1494 763 1653 793 eorum
1675 748 1835 794 Nisaeis
1851 800 1853 802 ,
1869 751 1918 795 in
1942 752 2096 797 Ariam
2136 758 2365 802 transtulit
2397 759 2409 821 (
2433 778 2475 806 v.
2501 779 2576 808 su-

1352 826 1484 884 pra).
1512 824 1632 879 Quid
1670 826 1813 884 igitur
1840 826 1896 882 de
1935 827 2099 888 Saphri
2120 831 2209 875 situ
2233 842 2276 875 et
2305 833 2577 896 parthyenes

1354 901 1551 946 termino
1576 901 1787 946 orientali
1830 904 2116 948 statuendum
2142 908 2223 961 sit,
2256 909 2362 953 satis
2383 910 2475 969 jam
2500 930 2577 973 pa-

1354 987 1448 1022 tere
1468 978 1695 1023 existimo.
1720 978 1929 1024 Ceterum
1955 979 2123 1025 Isidori
2146 983 2432 1030 itinerarium
2460 1005 2578 1034 non-

1353 1052 1445 1097 nisi
1483 1068 1565 1113 per
1596 1063 1770 1114 partem
1810 1054 2092 1114 Parthyenes
2122 1058 2388 1104 orientalem
2427 1062 2550 1109 ducit
2562 1082 2575 1121 ;

1354 1142 1562 1172 occasum
1600 1143 1762 1173 versus
1799 1129 2044 1189 provincia
2093 1134 2312 1191 pertinuit
2342 1151 2484 1195 usque
2524 1138 2580 1183 ad

1353 1202 1558 1246 confinia
1578 1202 1833 1247 Comisenae
1867 1202 1962 1265 (cf.
1996 1204 2173 1263 Ptol.)‚
2213 1223 2355 1268 usque
2395 1211 2449 1254 ad
2490 1212 2578 1257 He-

1353 1277 1663 1337 catompylon,
1689 1287 1819 1337 pum,
1847 1278 2020 1338 quippe
2037 1295 2172 1339 quam
2189 1281 2348 1326 urbem
2366 1284 2579 1345 Parthye-

1352 1367 1432 1396 nes
1449 1351 1604 1412 potius
1624 1367 1760 1411 quam
1785 1352 2039 1398 Comisenae
2058 1355 2166 1399 olim
2193 1356 2331 1401 fuisse
2348 1370 2583 1405 consenta-

1352 1444 1488 1473 neum
1508 1428 1708 1475 videtur.
1725 1428 1928 1474 Priscam
1951 1430 2068 1474 hanc
2090 1431 2407 1478 Parthicorum
2427 1450 2583 1494 regum

1352 1504 1573 1560 ditionem
1603 1504 1766 1549 Strabo
1797 1522 1843 1566 p.
1871 1506 1960 1558 514
1983 1506 2135 1550 innuit
2154 1507 2309 1552 verbis
2330 1526 2340 1552 ε
2363 1512 2387 1564 ἡ
2406 1509 2447 1554 δὲ
2473 1512 2584 1573 Παρ-

1352 1578 1530 1627 θυαία...
1568 1579 1669 1639 πρὸς
1696 1583 1747 1641 τῇ
1787 1580 2029 1643 σμικρότητι
2052 1583 2194 1627 δασεῖα
2242 1583 2312 1629 καὶ
2337 1585 2468 1646 ὀρεινὴ
2511 1586 2581 1631 καὶ

1353 1655 1522 1718 ἄπορος,
1556 1667 1600 1701 01
1635 1657 1815 1702 Plinius
1845 1658 1923 1714 Vl,
1971 1660 2082 1718 295
2118 1661 2201 1703 113
2240 1677 2249 1704 :
2286 1662 2470 1720 Semper
2484 1662 2584 1718 suit

1350 1734 1598 1790 Parthyaea
1623 1731 1636 1796 (
1661 1734 1727 1778 sic
1750 1734 1881 1780 codd.
1911 1721 2037 1794 optt;
2062 1736 2253 1778 Parthia
2280 1746 2386 1780 vett.
2413 1737 2537 1784 editt.
2562 1738 2576 1799 )

1352 1812 1397 1850 in
1413 1810 1628 1851 radicibus
1646 1814 1855 1852 montium
1871 1825 2006 1868 supra
2020 1812 2244 1855 dictorum.
2257 1810 2419 1856 Postea
2431 1811 2582 1857 addita

1351 1881 1588 1927 Comisene
1625 1894 1669 1928 et
1704 1884 1927 1930 Chorene.
1965 1885 2127 1930 Strabo
2150 1886 2181 1932 l.
2203 1886 2235 1931 l.
2272 1902 2283 1933 :
2307 1886 2410 1947 μέρη
2432 1887 2467 1932 δ’
2495 1887 2580 1933 ἐστὶ

1350 1961 1420 2012 τῆς
1456 1959 1744 2019 Παρθυηνῆςῆ
1769 1978 1811 2004 τε
1843 1960 2075 2019 Κωμισηνὴ
2103 1961 2173 2006 καὶ
2200 1965 2224 2016 ἡ
2252 1961 2458 2024 Χωρηνὴ,
2483 1981 2580 2024 σχε-

1350 2033 1415 2078 δὸν
1434 2033 1477 2077 δέ
1497 2052 1535 2077 τι
1550 2034 1621 2079 καὶ
1644 2034 1693 2079 τὰ
1709 2036 1994 2097 μέχριΠυλῶν
2015 2036 2217 2082 Κασπίων
2231 2037 2300 2083 καὶ
2320 2038 2481 2098 Ῥαγῶν
2506 2038 2575 2083 καὶ

1348 2108 1572 2170 Ταπύρων,
1598 2109 1696 2155 ὄντα
1734 2115 1805 2165 τῆς
1838 2111 2001 2166 Μηδίας
2023 2113 2236 2174 πρότερον.
2262 2114 2432 2158 Eodem
2458 2125 2571 2159 tem-

1349 2199 1460 2243 pore
1486 2197 1564 2233 aut
1598 2196 1756 2245 postea
1778 2185 1999 2230 orientem
2022 2202 2182 2231 versus
2212 2203 2356 2247 usque
2378 2188 2434 2232 ad
2457 2188 2577 2233 Mar·

1331 2258 1531 2315 'gianam
1559 2269 1603 2303 et
1619 2274 1778 2303 versus
1802 2259 2041 2302 meridiem
2066 2275 2210 2319 usque
2225 2260 2280 2304 ad
2293 2261 2575 2307 Carmaniam

1342 2331 1460 2375 'fines
1484 2332 1677 2390 prolati,
1720 2342 1770 2375 ut
1803 2331 1999 2375 ambitus
2022 2332 2081 2375 sit
2111 2322 2150 2376 is
2171 2349 2303 2391 quem
2330 2334 2508 2379 Plinius
2531 2346 2575 2380 et

1347 2405 1617 2450 Ptolemaeus
1633 2405 1832 2450 Parthiae
1850 2407 2034 2449 nomine
2050 2406 2327 2452 describunt.
2355 2411 2460 2452 Haec
2476 2410 2575 2469 ipsa

1348 2495 1506 2524 rursus
1529 2490 1625 2524 erat
1642 2495 1747 2539 pars
1763 2480 1914 2537 magni
1930 2480 2201 2523 Parthorum
2222 2481 2421 2541 imperii.
2439 2481 2571 2534 Quod

1348 2556 1592 2598 Lassenius
1612 2563 1740 2613 putat
1755 2553 2043 2613 Parthyenen
2058 2553 2223 2598 Isidori
2248 2570 2273 2598 a
2295 2565 2445 2599 vetere
2467 2556 2572 2600 Par·

1349 2626 1498 2686 thyaea
1529 2628 1670 2671 Plinii
1712 2637 1757 2671 et
1790 2626 2030 2671 Strabonis
2060 2627 2285 2672 diversam
2326 2643 2446 2685 esse,
2481 2644 2573 2673 non

1347 2700 1565 2759 probavit
1577 2702 1652 2746 vir
1663 2701 1953 2745 doctissimus
1966 2699 2070 2762 (***).
2083 2701 2279 2746 Nomina
2295 2702 2513 2760 Παρθυαία
2533 2714 2575 2747 01

1351 2775 1576 2836 Παρθυηνὴ
1618 2775 1738 2836 apud
1775 2776 1971 2836 optimos
2016 2775 2259 2836 scriptores
2300 2787 2577 2836 usurpantur

1349 2852 1624 2911 promiscue.

1418 2926 1525 2972 153.
1562 2926 1826 2986 Sequuntur
1857 2925 2249 2972 ΑΡΑυΑΒοΤιοΕΝΕε
2287 2925 2459 2969 schoeni
2501 2943 2574 2982 27,

1351 3004 1431 3063 qui
1454 3003 1670 3047 metiendi
1701 3003 1876 3048 suntin
1894 3003 1995 3062 via,
2023 3019 2113 3063 qua
2148 3018 2306 3047 versus
2339 3003 2579 3046 Sclzeracles

1350 3094 1477 3138 opp.,
1499 3088 1543 3122 01
1565 3078 1672 3122 hinc
1699 3078 1753 3122 ad
1771 3079 2059 3122 Meroutclzals
2078 3078 2175 3122 s'ive
2197 3080 2422 3120 Met-wrm!
2434 3078 2568 3136 proli-

1345 3154 1590 3198 ciscuntur.
1608 3153 1773 3197 Eadem
1790 3187 1802 3209 ‚
1824 3162 1874 3197 ut
1895 3153 2090 3208 videtur,
2117 3154 2239 3209 regio
2264 3151 2381 3211 apud
2406 3150 2574 3195 Mosem

1356 3228 1690 3273 Chorenensem
1724 3231 1915 3288 (Geogr.
1936 3245 1981 3288 p.
2015 3227 2102 3271 365
2131 3223 2461 3287 ed.Whiston.)
2497 3242 2575 3270 vo·

1356 3313 1483 3348 catur
1501 3304 1822 3362 Apaclztlmria,
1852 3318 1986 3362 quam
2011 3302 2067 3346 ab
2092 3302 2200 3346 Aria
2224 3299 2576 3361 septentrionem
2639 3308 2648 3315 '

1355 3395 1516 3424 versus
1538 3380 1669 3424 sitam
1692 3379 1830 3432 dicit;
1854 3394 2018 3423 nomen
2037 3393 2146 3423 vero
2170 3393 2194 3421 e
2214 3377 2369 3434 lingua
2384 3375 2580 3420 Zendica

35 3478 41 3498 ³
101 3473 150 3520 (⁴¹)
173 3473 349 3510 Fortassis
378 3474 610 3512 osclzobaris
639 3485 776 3512 nomen
796 3485 818 3511 a
844 3474 981 3521 fluvio,
1010 3485 1125 3522 quem
1154 3475 1307 3513 Ochum
1328 3476 1462 3514 Strabo
1487 3476 1592 3523 dicit,
1618 3476 1773 3513 ductum
1799 3478 1867 3513 est.
1894 3476 2015 3513 Baris
2033 3476 2211 3522 tauquam
2236 3473 2373 3510 montis
2394 3471 2585 3510 Armeniae¹

53 3538 188 3565 nomeu
205 3538 224 3564 e
245 3525 414 3574 Josepho
424 3532 462 3565 et
478 3529 629 3567 Nicolao
645 3530 755 3568 Dam.
775 3531 908 3568 notum
929 3531 1000 3567 est.
1018 3533 1088 3578 Ap.
1110 3530 1356 3568 Ptolemacam
1371 3534 1436 3577 Vl,
1461 3535 1501 3570 17
1524 3542 1560 3579 [1.
1584 3533 1654 3568 433
1675 3531 1711 3568 in
1732 3530 1819 3568 Aria
1834 3531 1963 3568 tenent
1980 3530 2027 3568 τὰ
2045 3530 2143 3577 παρὰ
2168 3527 2251 3571 τοὺς
2277 3525 2580 3576 Παροπανισάδας

100 3637 171 3685 (**)
188 3637 331 3682 Quodsi
349 3637 571 3675 Ptolemaeus
590 3642 657 3686 Vl,
685 3643 724 3678 17
744 3651 781 3689 p.
800 3643 871 3679 433
895 3641 1170 3688 Μασδωρανοὺς
1186 3645 1334 3688 gentem
1351 3643 1388 3680 in
1413 3642 1497 3680 Aria
1515 3642 1562 3679 ad
1581 3642 1740 3680 confinia
1769 3641 1933 3680 Parthioe
1963 3643 2000 3678 et
2026 3639 2235 3678 Carmaniae
2257 3638 2416 3675 desertae
2433 3645 2578 3672 memo-

54 3695 123 3740 rat,
160 3692 197 3729 id
217 3687 355 3729 censeo'
367 3692 498 3730 eodem
522 3703 644 3731 errore
667 3695 768 3741 lieri,
796 3694 874 3744 quo
895 3697 966 3734 alia
990 3697 1071 3734 loca
1095 3698 1131 3734 in
1159 3698 1393 3737 meridionali
1417 3700 1537 3736 tractu
1557 3698 1695 3736 veteris
1722 3698 1942 3746 Partliyenae
1971 3695 2175 3745 provinciae
2195 3694 2315 3743 posita
2331 3691 2507 3730 transfert
2532 3689 2580 3727 ad

54 3747 310 3785 meridionalia
329 3748 412 3794 ejus
430 3748 606 3795 Parthiae,
626 3754 711 3797 quae
738 3762 856 3799 usque
882 3752 930 3789 ad
953 3753 1187 3791 Carmaniam
1205 3753 1391 3792 desertam
1415 3752 1643 3791 extenditur.
2501 3797 2509 3805 ‚

102 3801 196 3848 (Μ’)
219 3804 351 3839 Lassen
372 3802 395 3838 l.
413 3802 437 3839 l.
458 3813 494 3849 p.
515 3804 611 3839 416:
634 3817 653 3835 α
674 3805 759 3842 Wir
773 3805 896 3843 finden
909 3807 988 3845 also
1010 3807 1067 3845 bei
1086 3809 1216 3857 isidor,
1234 3810 1374 3848 Plinius
1402 3810 1474 3847 und
1494 3808 1806 3847 Ptolemaeusden
1827 3810 1968 3845 Numen
1986 3806 2192 3853 Parthyene
2212 3803 2270 3841 fiir
2295 3802 2376 3839 eine
2399 3801 2579 3845 Proviuz,

56 3846 163 3894 deren
181 3857 561 3904 Hauptbestaudtheil
580 3857 680 3904 (imo
701 3870 710 3895 z
734 3859 855 3897 deren
873 3863 1182 3911 Beseandctzetl;
1202 3874 1292 3903 nam
1312 3864 1408 3901 ultra
1427 3863 1517 3900 1111111
1545 3861 1714 3910 proditur
1736 3863 1747 3908 )
1766 3861 1832 3899 das
1851 3859 1953 3899 Laud
1978 3861 2111 3897 Nesaea
2138 3869 2226 3902 war,
2245 3857 2279 3893 iu
2296 3855 2408 3892 deren
2430 3854 2577 3915 Haupt·

56 3910 153 3963 stadt
171 3911 229 3948 (110
249 3911 447 3949 Arsaciden
478 3912 557 3949 ihre
577 3913 861 3960 Konigsgraeber
882 3916 1019 3955 hatten.
1042 3919 1186 3957 Plinius
1204 3921 1282 3957 und
1306 3919 1531 3965 Ptolemaeus
1553 3916 1839 3954 untersclleiden
1862 3926 1902 3953 es
1924 3915 2008 3952 sehr
2033 3914 2224 3950 bestinnnt
2249 3921 2319 3947 von
2346 3908 2508 3952 Partlna,
2524 3907 2577 3945 als

12 3964 13 3969 ’
58 3961 160 4001 einen
180 3966 284 4002 Tneil
307 3966 375 4004 des
394 3969 567 4014 Garizein
583 3967 651 4005 das
669 3969 851 4007 Pax-thiana
870 3973 1083 4011 erwaelinen
1099 3975 1152 4012 sie
1168 3975 1263 4014 eben
1286 3986 1328 4013 so
1347 3974 1469 4021 wenig
1492 3973 1562 4011 wie
1582 3973 1701 4009 isidor
1723 3972 1826 4019 (imo
1847 3971 1986 4009 Plinius
2005 3970 2031 4007 l.
2051 3969 2075 4005 1.
2097 3978 2170 4005 sec.
2192 3968 2288 4014 opit.
2308 3963 2415 4023 codd.
2433 3973 2577 4021 memo·

54 4019 116 4058 mat
143 4020 387 4070 Parthiaeam,
407 4025 444 4060 et
464 4022 500 4060 in
518 4023 649 4062 eodem
677 4025 797 4073 capite
817 4026 948 4065 eodem
964 4038 1076 4066 sensu
1098 4031 1351 4079 parthyenes
1377 4031 1576 4078 reqionem
1597 4029 1812 4069 Nise'oeam;
1832 4024 1963 4063 eodem
1996 4022 2108 4060 modo
2137 4020 2269 4059 strabo
2290 4018 2314 4057 Ι.
2339 4018 2365 4054 l.
2387 4027 2424 4053 111
2446 4015 2577 4055 eodem
