<?xml version="1.0" encoding="UTF-8"?>
<!DOCTYPE html PUBLIC "-//W3C//DTD XHTML 1.0 Transitional//EN"
    "http://www.w3.org/TR/xhtml1/DTD/xhtml1-transitional.dtd">
<html xmlns="http://www.w3.org/1999/xhtml" xml:lang="en" lang="en">
 <head>
  <title>
</title>
<meta http-equiv="Content-Type" content="text/html;charset=utf-8" />
  <meta name='ocr-system' content='tesseract 3.04.00' />
  <meta name='ocr-capabilities' content='ocr_page ocr_carea ocr_par ocr_line ocrx_word'/>
</head>
<body>
  <div class='ocr_page' id='page_1' title='image "./geographigraeci00mueluoft_0322.png"; bbox 0 0 2782 4348; ppageno 0'>
   <div class='ocr_carea' id='block_1_1' title="bbox 166 0 776 195">
    <p class='ocr_par' dir='ltr' id='par_1_1' title="bbox 166 0 776 195">
     <span class='ocr_line' id='line_1_1' title="bbox 518 0 665 75; baseline 0 0"><span class='ocrx_word' id='word_1_1' title='bbox 518 0 567 45; x_wconf 74' lang='lat'><strong>·</strong></span> <span class='ocrx_word' id='word_1_2' title='bbox 647 65 665 75; x_wconf 69' lang='grc' dir='ltr'><strong>ο</strong></span> 
     </span>
     <span class='ocr_line' id='line_1_2' title="bbox 733 79 776 123; baseline 0 0"><span class='ocrx_word' id='word_1_3' title='bbox 733 79 776 123; x_wconf 78' lang='grc' dir='ltr'>ο</span> 
     </span>
     <span class='ocr_line' id='line_1_3' title="bbox 166 154 252 195; baseline 0 0"><span class='ocrx_word' id='word_1_4' title='bbox 166 154 252 195; x_wconf 72' lang='grc' dir='ltr'>ιιι</span> 
     </span>
    </p>
   </div>
   <div class='ocr_carea' id='block_1_2' title="bbox 39 220 1387 312">
    <p class='ocr_par' dir='ltr' id='par_1_2' title="bbox 39 220 1387 312">
     <span class='ocr_line' id='line_1_4' title="bbox 39 220 1387 312; baseline -0.004 -16"><span class='ocrx_word' id='word_1_5' title='bbox 39 259 147 297; x_wconf 73' lang='lat' dir='ltr'>l&#39;lxot.</span> <span class='ocrx_word' id='word_1_6' title='bbox 164 248 343 311; x_wconf 79' lang='grc' dir='ltr'>νομίζειν</span> <span class='ocrx_word' id='word_1_7' title='bbox 360 248 467 310; x_wconf 76' lang='grc' dir='ltr'>μήτε</span> <span class='ocrx_word' id='word_1_8' title='bbox 488 220 747 312; x_wconf 53' lang='grc' dir='ltr'>ἡμεΟρώτερον</span> <span class='ocrx_word' id='word_1_9' title='bbox 763 246 868 308; x_wconf 75' lang='grc' dir='ltr'>μήτε</span> <span class='ocrx_word' id='word_1_10' title='bbox 892 244 1183 307; x_wconf 80' lang='grc' dir='ltr'>φοὸερώτερον·</span> <span class='ocrx_word' id='word_1_11' title='bbox 1202 243 1387 306; x_wconf 84' lang='grc' dir='ltr'>εἰκότως,</span> 
     </span>
    </p>
   </div>
   <div class='ocr_carea' id='block_1_3' title="bbox 1137 141 1738 203">
    <p class='ocr_par' dir='ltr' id='par_1_3' title="bbox 1137 141 1738 203">
     <span class='ocr_line' id='line_1_5' title="bbox 1137 141 1738 203; baseline 0.01 -16"><span class='ocrx_word' id='word_1_12' title='bbox 1137 142 1217 188; x_wconf 72' lang='lat' dir='ltr'>ex</span> <span class='ocrx_word' id='word_1_13' title='bbox 1250 141 1738 203; x_wconf 57' lang='lat' dir='ltr'>sentinemus</span> 
     </span>
    </p>
   </div>
   <div class='ocr_carea' id='block_1_4' title="bbox 2539 150 2697 214">
    <p class='ocr_par' dir='ltr' id='par_1_4' title="bbox 2539 150 2697 214">
     <span class='ocr_line' id='line_1_6' title="bbox 2539 150 2697 214; baseline -0.013 0"><span class='ocrx_word' id='word_1_14' title='bbox 2539 150 2543 155; x_wconf 69' lang='grc'><strong>”</strong></span> <span class='ocrx_word' id='word_1_15' title='bbox 2606 150 2697 214; x_wconf 61' lang='lat' dir='ltr'>(a.)</span> 
     </span>
    </p>
   </div>
   <div class='ocr_carea' id='block_1_5' title="bbox 1460 250 2778 315">
    <p class='ocr_par' dir='ltr' id='par_1_5' title="bbox 1460 250 2778 315">
     <span class='ocr_line' id='line_1_7' title="bbox 1460 250 2778 315; baseline 0.006 -19"><span class='ocrx_word' id='word_1_16' title='bbox 1460 250 1540 295; x_wconf 75' lang='lat' dir='ltr'>alia</span> <span class='ocrx_word' id='word_1_17' title='bbox 1566 262 1740 307; x_wconf 73' lang='lat' dir='ltr'>uincta,</span> <span class='ocrx_word' id='word_1_18' title='bbox 1760 269 1838 298; x_wconf 89' lang='lat' dir='ltr'>nec</span> <span class='ocrx_word' id='word_1_19' title='bbox 1867 256 2092 300; x_wconf 75' lang='lat' dir='ltr'>terribilius</span> <span class='ocrx_word' id='word_1_20' title='bbox 2113 259 2335 315; x_wconf 83' lang='lat' dir='ltr'>quiequam</span> <span class='ocrx_word' id='word_1_21' title='bbox 2367 273 2455 300; x_wconf 80' lang='lat' dir='ltr'>esse</span> <span class='ocrx_word' id='word_1_22' title='bbox 2470 258 2695 314; x_wconf 86' lang='lat' dir='ltr'>judicetur.</span> <span class='ocrx_word' id='word_1_23' title='bbox 2769 270 2778 283; x_wconf 85' lang='lat'><strong><em>‘</em></strong></span> 
     </span>
    </p>
   </div>
   <div class='ocr_carea' id='block_1_6' title="bbox 161 310 2700 383">
    <p class='ocr_par' dir='ltr' id='par_1_6' title="bbox 161 310 2700 383">
     <span class='ocr_line' id='line_1_8' title="bbox 161 310 2700 383; baseline 0.002 -18"><span class='ocrx_word' id='word_1_24' title='bbox 161 310 301 380; x_wconf 64' lang='grc' dir='ltr'>οἶμαι,</span> <span class='ocrx_word' id='word_1_25' title='bbox 319 325 405 371; x_wconf 86' lang='grc' dir='ltr'>τοῖς</span> <span class='ocrx_word' id='word_1_26' title='bbox 424 318 671 381; x_wconf 73' lang='grc' dir='ltr'>ὑποχειρίοις</span> <span class='ocrx_word' id='word_1_27' title='bbox 698 320 778 362; x_wconf 81' lang='grc' dir='ltr'>τῶν</span> <span class='ocrx_word' id='word_1_28' title='bbox 800 314 913 378; x_wconf 82' lang='grc' dir='ltr'>ζῴων</span> <span class='ocrx_word' id='word_1_29' title='bbox 935 313 1079 359; x_wconf 75' lang='grc' dir='ltr'>τούτου</span> <span class='ocrx_word' id='word_1_30' title='bbox 1099 315 1390 367; x_wconf 66' lang='grc' dir='ltr'>συναντῧντος·</span> <span class='ocrx_word' id='word_1_31' title='bbox 1430 370 1443 380; x_wconf 50' lang='grc'>,</span> <span class='ocrx_word' id='word_1_32' title='bbox 1460 319 1796 366; x_wconf 83' lang='lat' dir='ltr'>Consentaneum</span> <span class='ocrx_word' id='word_1_33' title='bbox 1827 323 1910 367; x_wconf 82' lang='lat' dir='ltr'>hoc</span> <span class='ocrx_word' id='word_1_34' title='bbox 1941 333 2027 376; x_wconf 85' lang='lat' dir='ltr'>est,</span> <span class='ocrx_word' id='word_1_35' title='bbox 2057 325 2252 378; x_wconf 85' lang='lat' dir='ltr'>arbitror,</span> <span class='ocrx_word' id='word_1_36' title='bbox 2290 326 2430 368; x_wconf 62' lang='lat' dir='ltr'>bestiis</span> <span class='ocrx_word' id='word_1_37' title='bbox 2461 328 2700 383; x_wconf 79' lang='lat' dir='ltr'>contingere</span> 
     </span>
    </p>
   </div>
   <div class='ocr_carea' id='block_1_7' title="bbox 160 380 2700 523">
    <p class='ocr_par' dir='ltr' id='par_1_7' title="bbox 160 380 2700 523">
     <span class='ocr_line' id='line_1_9' title="bbox 161 380 2700 451; baseline 0.005 -25"><span class='ocrx_word' id='word_1_38' title='bbox 161 387 208 434; x_wconf 66' lang='grc' dir='ltr'>τὸ</span> <span class='ocrx_word' id='word_1_39' title='bbox 226 387 301 448; x_wconf 66' lang='grc' dir='ltr'>μὲν</span> <span class='ocrx_word' id='word_1_40' title='bbox 325 387 407 451; x_wconf 67' lang='grc' dir='ltr'>γὰρ</span> <span class='ocrx_word' id='word_1_41' title='bbox 426 386 660 434; x_wconf 64' lang='grc' dir='ltr'>ἇκιὸαῖνον</span> <span class='ocrx_word' id='word_1_42' title='bbox 682 383 947 444; x_wconf 75' lang='grc' dir='ltr'>κακουχεῗται</span> <span class='ocrx_word' id='word_1_43' title='bbox 962 415 977 437; x_wconf 85' lang='grc'>,</span> <span class='ocrx_word' id='word_1_44' title='bbox 999 380 1046 427; x_wconf 81' lang='grc' dir='ltr'>τὸ</span> <span class='ocrx_word' id='word_1_45' title='bbox 1080 380 1124 427; x_wconf 64' lang='grc' dir='ltr'>δὲ</span> <span class='ocrx_word' id='word_1_46' title='bbox 1149 387 1390 445; x_wconf 74' lang='grc' dir='ltr'>συγχωροῦν</span> <span class='ocrx_word' id='word_1_47' title='bbox 1460 390 1764 436; x_wconf 63' lang='lat' dir='ltr'>munes-etis.</span> <span class='ocrx_word' id='word_1_48' title='bbox 1822 394 1928 436; x_wconf 83' lang='lat' dir='ltr'>Nam</span> <span class='ocrx_word' id='word_1_49' title='bbox 1949 393 2064 451; x_wconf 87' lang='lat' dir='ltr'>quod</span> <span class='ocrx_word' id='word_1_50' title='bbox 2084 404 2230 438; x_wconf 76' lang='lat' dir='ltr'>contm</span> <span class='ocrx_word' id='word_1_51' title='bbox 2258 395 2406 448; x_wconf 85' lang='lat' dir='ltr'>tendit,</span> <span class='ocrx_word' id='word_1_52' title='bbox 2425 396 2530 437; x_wconf 80' lang='lat' dir='ltr'>male</span> <span class='ocrx_word' id='word_1_53' title='bbox 2551 405 2700 440; x_wconf 80' lang='lat' dir='ltr'>tracta-</span> 
     </span>
     <span class='ocr_line' id='line_1_10' title="bbox 160 450 2700 523; baseline 0.002 -19"><span class='ocrx_word' id='word_1_54' title='bbox 160 457 369 523; x_wconf 77' lang='grc' dir='ltr'>τρέφεται.</span> <span class='ocrx_word' id='word_1_55' title='bbox 439 459 534 504; x_wconf 75' lang='grc' dir='ltr'>Πᾶν</span> <span class='ocrx_word' id='word_1_56' title='bbox 572 455 614 501; x_wconf 83' lang='grc' dir='ltr'>δὲ</span> <span class='ocrx_word' id='word_1_57' title='bbox 649 453 787 516; x_wconf 82' lang='grc' dir='ltr'>θηρίον</span> <span class='ocrx_word' id='word_1_58' title='bbox 825 450 1065 497; x_wconf 86' lang='grc' dir='ltr'>διδάσκεται</span> <span class='ocrx_word' id='word_1_59' title='bbox 1091 454 1316 515; x_wconf 77' lang='grc' dir='ltr'>σωφρονεῖν</span> <span class='ocrx_word' id='word_1_60' title='bbox 1341 454 1388 500; x_wconf 82' lang='grc' dir='ltr'>οὗ</span> <span class='ocrx_word' id='word_1_61' title='bbox 1460 458 1688 515; x_wconf 78' lang='lat' dir='ltr'>tur3quod</span> <span class='ocrx_word' id='word_1_62' title='bbox 1709 460 1947 514; x_wconf 70' lang='lat' dir='ltr'>vesocedit,</span> <span class='ocrx_word' id='word_1_63' title='bbox 1969 463 2167 506; x_wconf 87' lang='lat' dir='ltr'>nutritur.</span> <span class='ocrx_word' id='word_1_64' title='bbox 2227 465 2397 519; x_wconf 76' lang='lat' dir='ltr'>Quaevis</span> <span class='ocrx_word' id='word_1_65' title='bbox 2411 472 2549 506; x_wconf 82' lang='lat' dir='ltr'>autem</span> <span class='ocrx_word' id='word_1_66' title='bbox 2572 464 2700 508; x_wconf 85' lang='lat' dir='ltr'>bestia</span> 
     </span>
    </p>
   </div>
   <div class='ocr_carea' id='block_1_8' title="bbox 680 542 2181 565">
    <p class='ocr_par' dir='ltr' id='par_1_8' title="bbox 680 542 2181 565">
     <span class='ocr_line' id='line_1_11' title="bbox 680 542 2181 565; baseline 0 3783"><span class='ocrx_word' id='word_1_67' title='bbox 680 542 2181 565; x_wconf 95' lang='lat' dir='ltr'> </span> 
     </span>
    </p>
   </div>
   <div class='ocr_carea' id='block_1_9' title="bbox 33 580 1396 1619">
    <p class='ocr_par' dir='ltr' id='par_1_9' title="bbox 33 580 1396 1619">
     <span class='ocr_line' id='line_1_12' title="bbox 33 580 1390 648; baseline -0.004 -11"><span class='ocrx_word' id='word_1_68' title='bbox 33 590 357 645; x_wconf 61' lang='grc' dir='ltr'>Βίοὼέποίησαν</span> <span class='ocrx_word' id='word_1_69' title='bbox 381 588 426 637; x_wconf 81' lang='grc' dir='ltr'>τὸ</span> <span class='ocrx_word' id='word_1_70' title='bbox 457 586 636 644; x_wconf 89' lang='grc' dir='ltr'>στόμιον,</span> <span class='ocrx_word' id='word_1_71' title='bbox 672 582 779 629; x_wconf 82' lang='grc' dir='ltr'>ὥστε</span> <span class='ocrx_word' id='word_1_72' title='bbox 805 580 847 635; x_wconf 80' lang='grc' dir='ltr'>ἐξ</span> <span class='ocrx_word' id='word_1_73' title='bbox 869 581 1035 642; x_wconf 77' lang='grc' dir='ltr'>ἑτοίμου</span> <span class='ocrx_word' id='word_1_74' title='bbox 1063 584 1125 647; x_wconf 80' lang='grc' dir='ltr'>τῷ</span> <span class='ocrx_word' id='word_1_75' title='bbox 1154 583 1284 648; x_wconf 86' lang='grc' dir='ltr'>θηρίῳ</span> <span class='ocrx_word' id='word_1_76' title='bbox 1314 585 1390 642; x_wconf 73' lang='grc' dir='ltr'>τὴν</span> 
     </span>
     <span class='ocr_line' id='line_1_13' title="bbox 160 649 1392 719; baseline -0.002 -15"><span class='ocrx_word' id='word_1_77' title='bbox 160 657 315 716; x_wconf 73' lang='grc' dir='ltr'>εἴσοδον</span> <span class='ocrx_word' id='word_1_78' title='bbox 334 655 547 716; x_wconf 76' lang='grc' dir='ltr'>ὑπάρχειν.</span> <span class='ocrx_word' id='word_1_79' title='bbox 616 651 739 699; x_wconf 81' lang='grc' dir='ltr'>Κατὰ</span> <span class='ocrx_word' id='word_1_80' title='bbox 772 649 814 696; x_wconf 78' lang='grc' dir='ltr'>δὲ</span> <span class='ocrx_word' id='word_1_81' title='bbox 852 650 927 707; x_wconf 83' lang='grc' dir='ltr'>τὴν</span> <span class='ocrx_word' id='word_1_82' title='bbox 949 650 1147 699; x_wconf 75' lang='grc' dir='ltr'>ἐπάνοδον</span> <span class='ocrx_word' id='word_1_83' title='bbox 1165 658 1236 700; x_wconf 80' lang='grc' dir='ltr'>τοῦ</span> <span class='ocrx_word' id='word_1_84' title='bbox 1261 652 1392 719; x_wconf 79' lang='grc' dir='ltr'>ζῴου,</span> 
     </span>
     <span class='ocr_line' id='line_1_14' title="bbox 158 720 1392 786; baseline -0.001 -15"><span class='ocrx_word' id='word_1_85' title='bbox 158 723 536 786; x_wconf 75' lang='grc' dir='ltr'>παρεσκευασμένοι</span> <span class='ocrx_word' id='word_1_86' title='bbox 558 720 723 775; x_wconf 78' lang='grc' dir='ltr'>τοξότας</span> <span class='ocrx_word' id='word_1_87' title='bbox 754 720 825 766; x_wconf 84' lang='grc' dir='ltr'>καὶ</span> <span class='ocrx_word' id='word_1_88' title='bbox 848 720 1136 784; x_wconf 72' lang='grc' dir='ltr'>σφενδονήτας,</span> <span class='ocrx_word' id='word_1_89' title='bbox 1159 722 1221 768; x_wconf 71' lang='grc' dir='ltr'>ἔτι</span> <span class='ocrx_word' id='word_1_90' title='bbox 1253 723 1296 770; x_wconf 69' lang='grc' dir='ltr'>δὲ</span> <span class='ocrx_word' id='word_1_91' title='bbox 1318 726 1392 770; x_wconf 84' lang='grc' dir='ltr'>ἱπ-</span> 
     </span>
     <span class='ocr_line' id='line_1_15' title="bbox 157 788 1392 853; baseline 0 -14"><span class='ocrx_word' id='word_1_92' title='bbox 157 801 246 846; x_wconf 83' lang='grc' dir='ltr'>πεῖς</span> <span class='ocrx_word' id='word_1_93' title='bbox 275 791 473 851; x_wconf 77' lang='grc' dir='ltr'>πολλοὺς,</span> <span class='ocrx_word' id='word_1_94' title='bbox 519 790 620 853; x_wconf 86' lang='grc' dir='ltr'>πρὸς</span> <span class='ocrx_word' id='word_1_95' title='bbox 643 788 687 836; x_wconf 79' lang='grc' dir='ltr'>δὲ</span> <span class='ocrx_word' id='word_1_96' title='bbox 719 789 875 843; x_wconf 75' lang='grc' dir='ltr'>τούτοις</span> <span class='ocrx_word' id='word_1_97' title='bbox 907 790 1166 852; x_wconf 73' lang='grc' dir='ltr'>σαλπιγκτὰς</span> <span class='ocrx_word' id='word_1_98' title='bbox 1201 792 1273 838; x_wconf 74' lang='grc' dir='ltr'>καὶ</span> <span class='ocrx_word' id='word_1_99' title='bbox 1317 791 1392 849; x_wconf 77' lang='grc' dir='ltr'>τὴν</span> 
     </span>
     <span class='ocr_line' id='line_1_16' title="bbox 158 858 1393 922; baseline 0.001 -16"><span class='ocrx_word' id='word_1_100' title='bbox 158 862 287 917; x_wconf 80' lang='grc' dir='ltr'>ἄλλην</span> <span class='ocrx_word' id='word_1_101' title='bbox 307 860 473 906; x_wconf 85' lang='grc' dir='ltr'>ἅπασαν</span> <span class='ocrx_word' id='word_1_102' title='bbox 501 858 722 921; x_wconf 76' lang='grc' dir='ltr'>χορηγίαν,</span> <span class='ocrx_word' id='word_1_103' title='bbox 740 858 830 918; x_wconf 84' lang='grc' dir='ltr'>ἅμα</span> <span class='ocrx_word' id='word_1_104' title='bbox 853 860 912 922; x_wconf 82' lang='grc' dir='ltr'>τῷ</span> <span class='ocrx_word' id='word_1_105' title='bbox 935 859 1233 922; x_wconf 79' lang='grc' dir='ltr'>προσπελάζειν</span> <span class='ocrx_word' id='word_1_106' title='bbox 1251 859 1299 907; x_wconf 79' lang='grc' dir='ltr'>τὸ</span> <span class='ocrx_word' id='word_1_107' title='bbox 1318 860 1393 920; x_wconf 70' lang='grc' dir='ltr'>μὲν</span> 
     </span>
     <span class='ocr_line' id='line_1_17' title="bbox 47 928 1395 993; baseline 0 -17"><span class='ocrx_word' id='word_1_108' title='bbox 47 974 53 980; x_wconf 89' lang='grc'>,</span> <span class='ocrx_word' id='word_1_109' title='bbox 96 946 136 976; x_wconf 84' lang='lat'>10</span> <span class='ocrx_word' id='word_1_110' title='bbox 156 930 291 992; x_wconf 82' lang='grc' dir='ltr'>θηρίον</span> <span class='ocrx_word' id='word_1_111' title='bbox 321 929 619 992; x_wconf 82' lang='grc' dir='ltr'>μετεωρότερον</span> <span class='ocrx_word' id='word_1_112' title='bbox 657 931 739 973; x_wconf 87' lang='grc' dir='ltr'>τῶν</span> <span class='ocrx_word' id='word_1_113' title='bbox 775 928 935 974; x_wconf 77' lang='grc' dir='ltr'>ἱππέων</span> <span class='ocrx_word' id='word_1_114' title='bbox 965 928 1082 992; x_wconf 79' lang='grc' dir='ltr'>ἐξῆρε</span> <span class='ocrx_word' id='word_1_115' title='bbox 1110 929 1180 976; x_wconf 79' lang='grc' dir='ltr'>τὸν</span> <span class='ocrx_word' id='word_1_116' title='bbox 1215 930 1395 993; x_wconf 84' lang='grc' dir='ltr'>αὐχένα·</span> 
     </span>
     <span class='ocr_line' id='line_1_18' title="bbox 155 995 1394 1060; baseline 0.002 -16"><span class='ocrx_word' id='word_1_117' title='bbox 155 1000 192 1044; x_wconf 78' lang='grc' dir='ltr'>οἱ</span> <span class='ocrx_word' id='word_1_118' title='bbox 222 999 259 1043; x_wconf 86' lang='grc' dir='ltr'>δ’</span> <span class='ocrx_word' id='word_1_119' title='bbox 278 998 346 1045; x_wconf 77' lang='grc' dir='ltr'>ἐπὶ</span> <span class='ocrx_word' id='word_1_120' title='bbox 378 998 452 1054; x_wconf 80' lang='grc' dir='ltr'>τὴν</span> <span class='ocrx_word' id='word_1_121' title='bbox 491 995 619 1059; x_wconf 81' lang='grc' dir='ltr'>θήραν</span> <span class='ocrx_word' id='word_1_122' title='bbox 642 996 904 1060; x_wconf 80' lang='grc' dir='ltr'>ἠθροισμένοι</span> <span class='ocrx_word' id='word_1_123' title='bbox 930 998 1202 1060; x_wconf 84' lang='grc' dir='ltr'>προσεγγίσαι</span> <span class='ocrx_word' id='word_1_124' title='bbox 1226 999 1300 1060; x_wconf 80' lang='grc' dir='ltr'>μὲν</span> <span class='ocrx_word' id='word_1_125' title='bbox 1319 1000 1394 1046; x_wconf 82' lang='grc' dir='ltr'>οὐκ</span> 
     </span>
     <span class='ocr_line' id='line_1_19' title="bbox 91 1065 1393 1132; baseline 0.002 -20"><span class='ocrx_word' id='word_1_126' title='bbox 91 1111 108 1124; x_wconf 75' lang='grc'>,</span> <span class='ocrx_word' id='word_1_127' title='bbox 156 1067 356 1128; x_wconf 76' lang='grc' dir='ltr'>ἐτόλμων,</span> <span class='ocrx_word' id='word_1_128' title='bbox 378 1065 709 1127; x_wconf 80' lang='grc' dir='ltr'>νενουθετημένοι</span> <span class='ocrx_word' id='word_1_129' title='bbox 726 1066 816 1118; x_wconf 81' lang='grc' dir='ltr'>ταῖς</span> <span class='ocrx_word' id='word_1_130' title='bbox 835 1069 1210 1128; x_wconf 80' lang='grc' dir='ltr'>προγεγενημέναις</span> <span class='ocrx_word' id='word_1_131' title='bbox 1232 1086 1393 1132; x_wconf 83' lang='grc' dir='ltr'>συμφο-</span> 
     </span>
     <span class='ocr_line' id='line_1_20' title="bbox 157 1129 1394 1200; baseline 0.002 -20"><span class='ocrx_word' id='word_1_132' title='bbox 157 1142 271 1197; x_wconf 88' lang='grc' dir='ltr'>ραῑς,</span> <span class='ocrx_word' id='word_1_133' title='bbox 289 1135 499 1198; x_wconf 86' lang='grc' dir='ltr'>πόρρωθεν</span> <span class='ocrx_word' id='word_1_134' title='bbox 516 1129 574 1181; x_wconf 67' lang='grc' dir='ltr'>’δὲ</span> <span class='ocrx_word' id='word_1_135' title='bbox 597 1136 769 1188; x_wconf 84' lang='grc' dir='ltr'>πολλαῖς</span> <span class='ocrx_word' id='word_1_136' title='bbox 801 1135 944 1198; x_wconf 80' lang='grc' dir='ltr'>χερσὶν</span> <span class='ocrx_word' id='word_1_137' title='bbox 967 1136 1028 1200; x_wconf 82' lang='grc' dir='ltr'>ἐφ’</span> <span class='ocrx_word' id='word_1_138' title='bbox 1063 1136 1135 1182; x_wconf 79' lang='grc' dir='ltr'>ἕνα</span> <span class='ocrx_word' id='word_1_139' title='bbox 1166 1136 1239 1183; x_wconf 80' lang='grc' dir='ltr'>καὶ</span> <span class='ocrx_word' id='word_1_140' title='bbox 1263 1136 1394 1199; x_wconf 90' lang='grc' dir='ltr'>μέγαν</span> 
     </span>
     <span class='ocr_line' id='line_1_21' title="bbox 155 1204 1393 1268; baseline 0.001 -17"><span class='ocrx_word' id='word_1_141' title='bbox 155 1205 307 1251; x_wconf 83' lang='grc' dir='ltr'>σκοπὸν</span> <span class='ocrx_word' id='word_1_142' title='bbox 333 1206 553 1266; x_wconf 83' lang='grc' dir='ltr'>βάλλοντες</span> <span class='ocrx_word' id='word_1_143' title='bbox 575 1204 816 1268; x_wconf 80' lang='grc' dir='ltr'>ἐτύγχανον,</span> <span class='ocrx_word' id='word_1_144' title='bbox 845 1206 917 1251; x_wconf 82' lang='grc' dir='ltr'>καὶ</span> <span class='ocrx_word' id='word_1_145' title='bbox 953 1208 1004 1268; x_wconf 79' lang='grc' dir='ltr'>τῇ</span> <span class='ocrx_word' id='word_1_146' title='bbox 1037 1224 1083 1252; x_wconf 90' lang='grc' dir='ltr'>τε</span> <span class='ocrx_word' id='word_1_147' title='bbox 1118 1210 1201 1253; x_wconf 89' lang='grc' dir='ltr'>τῶν</span> <span class='ocrx_word' id='word_1_148' title='bbox 1232 1206 1393 1254; x_wconf 76' lang='grc' dir='ltr'>ἱππέων</span> 
     </span>
     <span class='ocr_line' id='line_1_22' title="bbox 95 1274 1395 1339; baseline 0.001 -18"><span class='ocrx_word' id='word_1_149' title='bbox 95 1291 132 1322; x_wconf 78' lang='lat'>15</span> <span class='ocrx_word' id='word_1_150' title='bbox 155 1275 369 1338; x_wconf 68' lang='grc' dir='ltr'>ἐπιφανείαΙ</span> <span class='ocrx_word' id='word_1_151' title='bbox 404 1274 477 1320; x_wconf 83' lang='grc' dir='ltr'>καὶ</span> <span class='ocrx_word' id='word_1_152' title='bbox 498 1274 647 1330; x_wconf 77' lang='grc' dir='ltr'>πλήθει</span> <span class='ocrx_word' id='word_1_153' title='bbox 678 1276 810 1320; x_wconf 80' lang='grc' dir='ltr'>κυνῶν</span> <span class='ocrx_word' id='word_1_154' title='bbox 848 1274 1052 1335; x_wconf 77' lang='grc' dir='ltr'>ἀλκίμων,</span> <span class='ocrx_word' id='word_1_155' title='bbox 1087 1274 1147 1320; x_wconf 80' lang='grc' dir='ltr'>ἔτι</span> <span class='ocrx_word' id='word_1_156' title='bbox 1180 1274 1223 1322; x_wconf 83' lang='grc' dir='ltr'>δὲ</span> <span class='ocrx_word' id='word_1_157' title='bbox 1245 1277 1304 1339; x_wconf 60' lang='lat' dir='ltr'>vif)</span> <span class='ocrx_word' id='word_1_158' title='bbox 1327 1275 1395 1322; x_wconf 80' lang='grc' dir='ltr'>διὰ</span> 
     </span>
     <span class='ocr_line' id='line_1_23' title="bbox 154 1342 1394 1425; baseline 0.002 -37"><span class='ocrx_word' id='word_1_159' title='bbox 154 1345 236 1389; x_wconf 86' lang='grc' dir='ltr'>τῶν</span> <span class='ocrx_word' id='word_1_160' title='bbox 266 1342 508 1425; x_wconf 55' lang='grc' dir='ltr'>σαλπίόγων</span> <span class='ocrx_word' id='word_1_161' title='bbox 530 1343 624 1406; x_wconf 83' lang='grc' dir='ltr'>ἤχῳ</span> <span class='ocrx_word' id='word_1_162' title='bbox 653 1342 937 1398; x_wconf 77' lang='grc' dir='ltr'>κατέπληττον</span> <span class='ocrx_word' id='word_1_163' title='bbox 968 1342 1015 1389; x_wconf 83' lang='grc' dir='ltr'>τὸ</span> <span class='ocrx_word' id='word_1_164' title='bbox 1050 1345 1168 1408; x_wconf 77' lang='grc' dir='ltr'>ζῷον.</span> <span class='ocrx_word' id='word_1_165' title='bbox 1238 1344 1394 1408; x_wconf 85' lang='grc' dir='ltr'>Διόπερ</span> 
     </span>
     <span class='ocr_line' id='line_1_24' title="bbox 156 1413 1392 1478; baseline 0.002 -20"><span class='ocrx_word' id='word_1_166' title='bbox 156 1416 464 1478; x_wconf 76' lang='grc' dir='ltr'>ὑποχωροῦντος</span> <span class='ocrx_word' id='word_1_167' title='bbox 494 1415 617 1460; x_wconf 79' lang='grc' dir='ltr'>αὐτοῦ</span> <span class='ocrx_word' id='word_1_168' title='bbox 652 1413 752 1477; x_wconf 83' lang='grc' dir='ltr'>πρὸς</span> <span class='ocrx_word' id='word_1_169' title='bbox 777 1413 851 1468; x_wconf 82' lang='grc' dir='ltr'>τὴν</span> <span class='ocrx_word' id='word_1_170' title='bbox 878 1414 1031 1460; x_wconf 83' lang='grc' dir='ltr'>οἰκείαν</span> <span class='ocrx_word' id='word_1_171' title='bbox 1060 1417 1182 1461; x_wconf 80' lang='grc' dir='ltr'>αὑτοῦ</span> <span class='ocrx_word' id='word_1_172' title='bbox 1213 1415 1392 1478; x_wconf 80' lang='grc' dir='ltr'>λόχμην,</span> 
     </span>
     <span class='ocr_line' id='line_1_25' title="bbox 154 1482 1390 1548; baseline 0.003 -19"><span class='ocrx_word' id='word_1_173' title='bbox 154 1486 347 1529; x_wconf 76' lang='grc' dir='ltr'>τοσοῦτον</span> <span class='ocrx_word' id='word_1_174' title='bbox 382 1482 604 1530; x_wconf 79' lang='grc' dir='ltr'>ἐπεδίωκον</span> <span class='ocrx_word' id='word_1_175' title='bbox 642 1482 749 1529; x_wconf 81' lang='grc' dir='ltr'>ὥστε</span> <span class='ocrx_word' id='word_1_176' title='bbox 779 1482 838 1545; x_wconf 81' lang='grc' dir='ltr'>μὴ</span> <span class='ocrx_word' id='word_1_177' title='bbox 875 1482 1115 1548; x_wconf 82' lang='grc' dir='ltr'>παροξύνειν</span> <span class='ocrx_word' id='word_1_178' title='bbox 1139 1483 1207 1530; x_wconf 83' lang='grc' dir='ltr'>ἐπὶ</span> <span class='ocrx_word' id='word_1_179' title='bbox 1233 1485 1390 1534; x_wconf 83' lang='grc' dir='ltr'>πλεῖον.</span> 
     </span>
     <span class='ocr_line' id='line_1_26' title="bbox 157 1549 1396 1619; baseline 0 -19"><span class='ocrx_word' id='word_1_180' title='bbox 157 1549 238 1605; x_wconf 81' lang='grc' dir='ltr'>Ὦς</span> <span class='ocrx_word' id='word_1_181' title='bbox 253 1551 296 1599; x_wconf 74' lang='grc' dir='ltr'>δὲ</span> <span class='ocrx_word' id='word_1_182' title='bbox 319 1556 391 1609; x_wconf 70' lang='grc' dir='ltr'>τῆς</span> <span class='ocrx_word' id='word_1_183' title='bbox 410 1552 778 1616; x_wconf 76' lang='grc' dir='ltr'>ἐνῳκοδομημένης</span> <span class='ocrx_word' id='word_1_184' title='bbox 801 1553 1011 1616; x_wconf 77' lang='grc' dir='ltr'>φάραγγος</span> <span class='ocrx_word' id='word_1_185' title='bbox 1033 1553 1218 1616; x_wconf 81' lang='grc' dir='ltr'>ἤγγισεν,</span> <span class='ocrx_word' id='word_1_186' title='bbox 1242 1555 1396 1619; x_wconf 77' lang='grc' dir='ltr'>ἀθρόως</span> 
     </span>
    </p>
   </div>
   <div class='ocr_carea' id='block_1_10' title="bbox 93 1621 1424 1688">
    <p class='ocr_par' dir='ltr' id='par_1_10' title="bbox 93 1621 1424 1688">
     <span class='ocr_line' id='line_1_27' title="bbox 93 1621 1424 1688; baseline -0.008 -15"><span class='ocrx_word' id='word_1_187' title='bbox 93 1636 135 1667; x_wconf 84' lang='lat'>2⁰</span> <span class='ocrx_word' id='word_1_188' title='bbox 156 1621 284 1687; x_wconf 78' lang='grc' dir='ltr'>ψόφον</span> <span class='ocrx_word' id='word_1_189' title='bbox 308 1623 384 1684; x_wconf 82' lang='grc' dir='ltr'>μὲν</span> <span class='ocrx_word' id='word_1_190' title='bbox 403 1622 532 1670; x_wconf 76' lang='grc' dir='ltr'>πολὺν</span> <span class='ocrx_word' id='word_1_191' title='bbox 565 1622 632 1670; x_wconf 80' lang='grc' dir='ltr'>διὰ</span> <span class='ocrx_word' id='word_1_192' title='bbox 654 1626 735 1670; x_wconf 87' lang='grc' dir='ltr'>τῶν</span> <span class='ocrx_word' id='word_1_193' title='bbox 754 1623 894 1669; x_wconf 82' lang='grc' dir='ltr'>ὅπλων</span> <span class='ocrx_word' id='word_1_194' title='bbox 914 1624 1177 1682; x_wconf 77' lang='grc' dir='ltr'>ἐποιήσαντο,</span> <span class='ocrx_word' id='word_1_195' title='bbox 1205 1624 1394 1688; x_wconf 68' lang='grc' dir='ltr'>ταραχὴν</span> <span class='ocrx_word' id='word_1_196' title='bbox 1414 1635 1424 1647; x_wconf 95' lang='grc'>·</span> 
     </span>
    </p>
   </div>
   <div class='ocr_carea' id='block_1_11' title="bbox 95 1692 1407 4051">
    <p class='ocr_par' dir='ltr' id='par_1_11' title="bbox 95 1692 1407 4051">
     <span class='ocr_line' id='line_1_28' title="bbox 158 1692 1394 1758; baseline 0.002 -18"><span class='ocrx_word' id='word_1_197' title='bbox 158 1692 283 1740; x_wconf 75' lang='grc' dir='ltr'>δὲκαὶ</span> <span class='ocrx_word' id='word_1_198' title='bbox 300 1695 424 1758; x_wconf 78' lang='grc' dir='ltr'>φόὸον</span> <span class='ocrx_word' id='word_1_199' title='bbox 437 1694 506 1741; x_wconf 79' lang='grc' dir='ltr'>διὰ</span> <span class='ocrx_word' id='word_1_200' title='bbox 524 1698 597 1752; x_wconf 89' lang='grc' dir='ltr'>τῆς</span> <span class='ocrx_word' id='word_1_201' title='bbox 612 1698 693 1741; x_wconf 89' lang='grc' dir='ltr'>τῶν</span> <span class='ocrx_word' id='word_1_202' title='bbox 711 1694 847 1757; x_wconf 78' lang='grc' dir='ltr'>ὄχλων</span> <span class='ocrx_word' id='word_1_203' title='bbox 866 1695 1103 1758; x_wconf 77' lang='grc' dir='ltr'>ἐπιφανείας</span> <span class='ocrx_word' id='word_1_204' title='bbox 1123 1696 1194 1742; x_wconf 79' lang='grc' dir='ltr'>καὶ</span> <span class='ocrx_word' id='word_1_205' title='bbox 1213 1696 1394 1756; x_wconf 88' lang='grc' dir='ltr'>σαλπίγ-</span> 
     </span>
     <span class='ocr_line' id='line_1_29' title="bbox 157 1763 1394 1827; baseline 0.002 -18"><span class='ocrx_word' id='word_1_206' title='bbox 157 1782 262 1824; x_wconf 87' lang='grc' dir='ltr'>γων·</span> <span class='ocrx_word' id='word_1_207' title='bbox 280 1764 328 1810; x_wconf 85' lang='grc' dir='ltr'>τὸ</span> <span class='ocrx_word' id='word_1_208' title='bbox 348 1764 390 1810; x_wconf 75' lang='grc' dir='ltr'>δὲ</span> <span class='ocrx_word' id='word_1_209' title='bbox 411 1764 549 1827; x_wconf 81' lang='grc' dir='ltr'>θηρίον</span> <span class='ocrx_word' id='word_1_210' title='bbox 572 1764 647 1821; x_wconf 70' lang='grc' dir='ltr'>τὴν</span> <span class='ocrx_word' id='word_1_211' title='bbox 669 1763 742 1819; x_wconf 85' lang='grc' dir='ltr'>μὲν</span> <span class='ocrx_word' id='word_1_212' title='bbox 769 1763 924 1810; x_wconf 79' lang='grc' dir='ltr'>εἴσοδον</span> <span class='ocrx_word' id='word_1_213' title='bbox 947 1766 1026 1827; x_wconf 83' lang='grc' dir='ltr'>οὐχ</span> <span class='ocrx_word' id='word_1_214' title='bbox 1042 1764 1204 1827; x_wconf 78' lang='grc' dir='ltr'>εὕρισκε</span> <span class='ocrx_word' id='word_1_215' title='bbox 1219 1800 1231 1823; x_wconf 91' lang='grc'>,</span> <span class='ocrx_word' id='word_1_216' title='bbox 1252 1766 1328 1822; x_wconf 71' lang='grc' dir='ltr'>τὴν</span> <span class='ocrx_word' id='word_1_217' title='bbox 1351 1766 1394 1812; x_wconf 82' lang='grc' dir='ltr'>δὲ</span> 
     </span>
     <span class='ocr_line' id='line_1_30' title="bbox 157 1833 1394 1899; baseline 0.002 -20"><span class='ocrx_word' id='word_1_218' title='bbox 157 1835 239 1879; x_wconf 86' lang='grc' dir='ltr'>τῶν</span> <span class='ocrx_word' id='word_1_219' title='bbox 272 1837 458 1895; x_wconf 85' lang='grc' dir='ltr'>κυνηγῶν</span> <span class='ocrx_word' id='word_1_220' title='bbox 488 1833 622 1896; x_wconf 73' lang='grc' dir='ltr'>ὁρμὴν</span> <span class='ocrx_word' id='word_1_221' title='bbox 650 1835 1044 1894; x_wconf 80' lang='grc' dir='ltr'>καταπληττόμενον</span> <span class='ocrx_word' id='word_1_222' title='bbox 1086 1834 1314 1899; x_wconf 74' lang='grc' dir='ltr'>κατέφυγεν</span> <span class='ocrx_word' id='word_1_223' title='bbox 1338 1837 1394 1888; x_wconf 84' lang='grc' dir='ltr'>εἰς</span> 
     </span>
     <span class='ocr_line' id='line_1_31' title="bbox 157 1902 1394 1965; baseline 0.001 -15"><span class='ocrx_word' id='word_1_224' title='bbox 157 1902 205 1950; x_wconf 81' lang='grc' dir='ltr'>τὸ</span> <span class='ocrx_word' id='word_1_225' title='bbox 225 1903 400 1961; x_wconf 84' lang='grc' dir='ltr'>πλησίον</span> <span class='ocrx_word' id='word_1_226' title='bbox 423 1903 809 1963; x_wconf 86' lang='grc' dir='ltr'>κατεσκευασμένον</span> <span class='ocrx_word' id='word_1_227' title='bbox 830 1904 1015 1964; x_wconf 88' lang='grc' dir='ltr'>στόμιον.</span> <span class='ocrx_word' id='word_1_228' title='bbox 1087 1904 1394 1965; x_wconf 84' lang='grc' dir='ltr'>Πιμπλαμένου</span> 
     </span>
     <span class='ocr_line' id='line_1_32' title="bbox 95 1971 1394 2039; baseline -0.001 -20"><span class='ocrx_word' id='word_1_229' title='bbox 95 1986 137 2018; x_wconf 70' lang='lat'>2⁶</span> <span class='ocrx_word' id='word_1_230' title='bbox 158 1971 201 2019; x_wconf 82' lang='grc' dir='ltr'>δὲ</span> <span class='ocrx_word' id='word_1_231' title='bbox 226 1976 300 2019; x_wconf 75' lang='grc' dir='ltr'>τοῦ</span> <span class='ocrx_word' id='word_1_232' title='bbox 340 1972 545 2019; x_wconf 84' lang='grc' dir='ltr'>πλοκάνου</span> <span class='ocrx_word' id='word_1_233' title='bbox 587 1976 639 2035; x_wconf 83' lang='grc' dir='ltr'>τῇ</span> <span class='ocrx_word' id='word_1_234' title='bbox 674 1973 857 2019; x_wconf 84' lang='grc' dir='ltr'>διαλύσει</span> <span class='ocrx_word' id='word_1_235' title='bbox 880 1976 952 2028; x_wconf 82' lang='grc' dir='ltr'>τῆς</span> <span class='ocrx_word' id='word_1_236' title='bbox 982 1972 1176 2037; x_wconf 85' lang='grc' dir='ltr'>σπείρας,</span> <span class='ocrx_word' id='word_1_237' title='bbox 1214 1974 1394 2039; x_wconf 77' lang='grc' dir='ltr'>ἔφθασαν</span> 
     </span>
     <span class='ocr_line' id='line_1_33' title="bbox 158 2043 1395 2107; baseline 0 -18"><span class='ocrx_word' id='word_1_238' title='bbox 158 2044 240 2089; x_wconf 84' lang='grc' dir='ltr'>τῶν</span> <span class='ocrx_word' id='word_1_239' title='bbox 254 2045 443 2104; x_wconf 80' lang='grc' dir='ltr'>κυνηγῶν</span> <span class='ocrx_word' id='word_1_240' title='bbox 458 2062 561 2096; x_wconf 85' lang='grc' dir='ltr'>τινες</span> <span class='ocrx_word' id='word_1_241' title='bbox 579 2044 985 2107; x_wconf 83' lang='grc' dir='ltr'>προσιππασάμενοι,</span> <span class='ocrx_word' id='word_1_242' title='bbox 1005 2043 1076 2089; x_wconf 78' lang='grc' dir='ltr'>καὶ</span> <span class='ocrx_word' id='word_1_243' title='bbox 1087 2043 1167 2105; x_wconf 86' lang='grc' dir='ltr'>πρὸ</span> <span class='ocrx_word' id='word_1_244' title='bbox 1186 2048 1255 2089; x_wconf 76' lang='grc' dir='ltr'>τοῦ</span> <span class='ocrx_word' id='word_1_245' title='bbox 1269 2062 1395 2106; x_wconf 85' lang='grc' dir='ltr'>στρα-</span> 
     </span>
     <span class='ocr_line' id='line_1_34' title="bbox 159 2112 1395 2177; baseline 0 -18"><span class='ocrx_word' id='word_1_246' title='bbox 159 2116 286 2177; x_wconf 87' lang='grc' dir='ltr'>φῆναι</span> <span class='ocrx_word' id='word_1_247' title='bbox 304 2116 372 2159; x_wconf 88' lang='grc' dir='ltr'>τὸν</span> <span class='ocrx_word' id='word_1_248' title='bbox 400 2113 490 2177; x_wconf 79' lang='grc' dir='ltr'>ὄφιν</span> <span class='ocrx_word' id='word_1_249' title='bbox 511 2112 580 2160; x_wconf 79' lang='grc' dir='ltr'>ἐπὶ</span> <span class='ocrx_word' id='word_1_250' title='bbox 603 2112 676 2169; x_wconf 71' lang='grc' dir='ltr'>τὴν</span> <span class='ocrx_word' id='word_1_251' title='bbox 712 2112 844 2165; x_wconf 77' lang='grc' dir='ltr'>ἔξοδον</span> <span class='ocrx_word' id='word_1_252' title='bbox 864 2112 1144 2159; x_wconf 78' lang='grc' dir='ltr'>κατελάὸοντο</span> <span class='ocrx_word' id='word_1_253' title='bbox 1166 2114 1331 2173; x_wconf 82' lang='grc' dir='ltr'>δεσμοῖς</span> <span class='ocrx_word' id='word_1_254' title='bbox 1350 2113 1395 2159; x_wconf 85' lang='grc' dir='ltr'>τὸ</span> 
     </span>
     <span class='ocr_line' id='line_1_35' title="bbox 159 2181 1395 2246; baseline -0.001 -16"><span class='ocrx_word' id='word_1_255' title='bbox 159 2182 327 2245; x_wconf 81' lang='grc' dir='ltr'>στόμιον</span> <span class='ocrx_word' id='word_1_256' title='bbox 350 2182 561 2245; x_wconf 87' lang='grc' dir='ltr'>πρόμηκες</span> <span class='ocrx_word' id='word_1_257' title='bbox 582 2181 626 2227; x_wconf 83' lang='grc' dir='ltr'>ὃν</span> <span class='ocrx_word' id='word_1_258' title='bbox 646 2181 717 2227; x_wconf 79' lang='grc' dir='ltr'>καὶ</span> <span class='ocrx_word' id='word_1_259' title='bbox 742 2183 1140 2244; x_wconf 83' lang='grc' dir='ltr'>πεφιλοτεχνημένον</span> <span class='ocrx_word' id='word_1_260' title='bbox 1164 2182 1267 2246; x_wconf 84' lang='grc' dir='ltr'>πρὸς</span> <span class='ocrx_word' id='word_1_261' title='bbox 1291 2182 1395 2229; x_wconf 82' lang='grc' dir='ltr'>ταύ-</span> 
     </span>
     <span class='ocr_line' id='line_1_36' title="bbox 158 2249 1396 2309; baseline -0.001 -12"><span class='ocrx_word' id='word_1_262' title='bbox 158 2269 235 2309; x_wconf 88' lang='grc' dir='ltr'>την</span> <span class='ocrx_word' id='word_1_263' title='bbox 262 2250 338 2309; x_wconf 78' lang='grc' dir='ltr'>τὴν</span> <span class='ocrx_word' id='word_1_264' title='bbox 375 2250 574 2308; x_wconf 75' lang='grc' dir='ltr'>ὀξύτητα·</span> <span class='ocrx_word' id='word_1_265' title='bbox 613 2249 902 2304; x_wconf 82' lang='grc' dir='ltr'>ἐξελκύσαντες</span> <span class='ocrx_word' id='word_1_266' title='bbox 934 2250 976 2296; x_wconf 81' lang='grc' dir='ltr'>δὲ</span> <span class='ocrx_word' id='word_1_267' title='bbox 1003 2250 1049 2296; x_wconf 82' lang='grc' dir='ltr'>τὸ</span> <span class='ocrx_word' id='word_1_268' title='bbox 1083 2250 1287 2298; x_wconf 89' lang='grc' dir='ltr'>πλόκανον</span> <span class='ocrx_word' id='word_1_269' title='bbox 1324 2250 1396 2298; x_wconf 83' lang='grc' dir='ltr'>καὶ</span> 
     </span>
     <span class='ocr_line' id='line_1_37' title="bbox 95 2318 1395 2385; baseline -0.001 -17"><span class='ocrx_word' id='word_1_270' title='bbox 95 2338 136 2368; x_wconf 76' lang='lat'>³0</span> <span class='ocrx_word' id='word_1_271' title='bbox 160 2321 374 2385; x_wconf 85' lang='grc' dir='ltr'>φάλαγγας</span> <span class='ocrx_word' id='word_1_272' title='bbox 399 2318 614 2372; x_wconf 80' lang='grc' dir='ltr'>ὑποθέντες</span> <span class='ocrx_word' id='word_1_273' title='bbox 643 2319 849 2383; x_wconf 81' lang='grc' dir='ltr'>μετέωρον</span> <span class='ocrx_word' id='word_1_274' title='bbox 875 2319 1042 2383; x_wconf 79' lang='grc' dir='ltr'>ἐξῆραν.</span> <span class='ocrx_word' id='word_1_275' title='bbox 1109 2320 1173 2368; x_wconf 83' lang='grc' dir='ltr'>Τὸ</span> <span class='ocrx_word' id='word_1_276' title='bbox 1195 2319 1238 2367; x_wconf 75' lang='grc' dir='ltr'>δὲ</span> <span class='ocrx_word' id='word_1_277' title='bbox 1258 2320 1395 2383; x_wconf 82' lang='grc' dir='ltr'>θηρίον</span> 
     </span>
     <span class='ocr_line' id='line_1_38' title="bbox 160 2388 1398 2454; baseline 0.001 -18"><span class='ocrx_word' id='word_1_278' title='bbox 160 2389 470 2452; x_wconf 78' lang='grc' dir='ltr'>ἀπειλημμένον</span> <span class='ocrx_word' id='word_1_279' title='bbox 495 2390 536 2435; x_wconf 86' lang='grc' dir='ltr'>ἐν</span> <span class='ocrx_word' id='word_1_280' title='bbox 559 2389 885 2453; x_wconf 80' lang='grc' dir='ltr'>ἀπεστενωμένῳ</span> <span class='ocrx_word' id='word_1_281' title='bbox 902 2390 1016 2454; x_wconf 84' lang='grc' dir='ltr'>τόπῳ</span> <span class='ocrx_word' id='word_1_282' title='bbox 1043 2388 1158 2453; x_wconf 80' lang='grc' dir='ltr'>παρὰ</span> <span class='ocrx_word' id='word_1_283' title='bbox 1181 2388 1300 2453; x_wconf 84' lang='grc' dir='ltr'>φύσιν</span> <span class='ocrx_word' id='word_1_284' title='bbox 1323 2409 1398 2438; x_wconf 83' lang='grc' dir='ltr'>συ-</span> 
     </span>
     <span class='ocr_line' id='line_1_39' title="bbox 162 2457 1395 2523; baseline -0.002 -17"><span class='ocrx_word' id='word_1_285' title='bbox 162 2460 304 2523; x_wconf 75' lang='grc' dir='ltr'>ριγμὸν</span> <span class='ocrx_word' id='word_1_286' title='bbox 328 2459 501 2514; x_wconf 80' lang='grc' dir='ltr'>ἐξαίσιον</span> <span class='ocrx_word' id='word_1_287' title='bbox 530 2459 643 2522; x_wconf 85' lang='grc' dir='ltr'>ἠφίει</span> <span class='ocrx_word' id='word_1_288' title='bbox 668 2459 739 2504; x_wconf 82' lang='grc' dir='ltr'>καὶ</span> <span class='ocrx_word' id='word_1_289' title='bbox 758 2465 842 2511; x_wconf 85' lang='grc' dir='ltr'>τοῖς</span> <span class='ocrx_word' id='word_1_290' title='bbox 866 2460 1003 2507; x_wconf 76' lang='grc' dir='ltr'>ὀδοῦσι</span> <span class='ocrx_word' id='word_1_291' title='bbox 1022 2457 1098 2516; x_wconf 78' lang='grc' dir='ltr'>τὴν</span> <span class='ocrx_word' id='word_1_292' title='bbox 1119 2458 1395 2522; x_wconf 76' lang='grc' dir='ltr'>περιέχουσαν</span> 
     </span>
     <span class='ocr_line' id='line_1_40' title="bbox 162 2527 1395 2592; baseline -0.002 -16"><span class='ocrx_word' id='word_1_293' title='bbox 162 2537 322 2592; x_wconf 83' lang='grc' dir='ltr'>σχοῖνον</span> <span class='ocrx_word' id='word_1_294' title='bbox 358 2529 573 2585; x_wconf 87' lang='grc' dir='ltr'>κατέσπα,</span> <span class='ocrx_word' id='word_1_295' title='bbox 596 2528 733 2591; x_wconf 85' lang='grc' dir='ltr'>πάντῃ</span> <span class='ocrx_word' id='word_1_296' title='bbox 762 2529 804 2574; x_wconf 84' lang='grc' dir='ltr'>δὲ</span> <span class='ocrx_word' id='word_1_297' title='bbox 834 2527 1115 2589; x_wconf 86' lang='grc' dir='ltr'>διασειόμενον</span> <span class='ocrx_word' id='word_1_298' title='bbox 1147 2528 1395 2592; x_wconf 87' lang='grc' dir='ltr'>προσδοκίαν</span> 
     </span>
     <span class='ocr_line' id='line_1_41' title="bbox 162 2598 1398 2662; baseline -0.001 -17"><span class='ocrx_word' id='word_1_299' title='bbox 162 2599 328 2655; x_wconf 81' lang='grc' dir='ltr'>ἐποίησε</span> <span class='ocrx_word' id='word_1_300' title='bbox 350 2600 431 2651; x_wconf 83' lang='grc' dir='ltr'>τοῖς</span> <span class='ocrx_word' id='word_1_301' title='bbox 447 2598 634 2662; x_wconf 88' lang='grc' dir='ltr'>φέρουσιν</span> <span class='ocrx_word' id='word_1_302' title='bbox 650 2601 706 2650; x_wconf 80' lang='grc' dir='ltr'>ὡς</span> <span class='ocrx_word' id='word_1_303' title='bbox 727 2599 962 2655; x_wconf 80' lang='grc' dir='ltr'>ἐκπηδῆσον</span> <span class='ocrx_word' id='word_1_304' title='bbox 982 2599 1029 2643; x_wconf 87' lang='grc' dir='ltr'>ἐκ</span> <span class='ocrx_word' id='word_1_305' title='bbox 1050 2602 1121 2644; x_wconf 81' lang='grc' dir='ltr'>τοῦ</span> <span class='ocrx_word' id='word_1_306' title='bbox 1138 2598 1398 2661; x_wconf 81' lang='grc' dir='ltr'>περιέχοντος</span> 
     </span>
     <span class='ocr_line' id='line_1_42' title="bbox 99 2666 1396 2731; baseline 0 -18"><span class='ocrx_word' id='word_1_307' title='bbox 99 2683 139 2713; x_wconf 66' lang='grc'>35</span> <span class='ocrx_word' id='word_1_308' title='bbox 162 2668 262 2714; x_wconf 74' lang='grc' dir='ltr'>αὐτὸ</span> <span class='ocrx_word' id='word_1_309' title='bbox 282 2668 647 2731; x_wconf 79' lang='grc' dir='ltr'>φιλοτεχνήματος.</span> <span class='ocrx_word' id='word_1_310' title='bbox 711 2667 786 2714; x_wconf 79' lang='grc' dir='ltr'>Διὸ</span> <span class='ocrx_word' id='word_1_311' title='bbox 806 2666 877 2713; x_wconf 69' lang='grc' dir='ltr'>καὶ</span> <span class='ocrx_word' id='word_1_312' title='bbox 898 2667 1232 2727; x_wconf 75' lang='grc' dir='ltr'>καταπλᾳγέντες</span> <span class='ocrx_word' id='word_1_313' title='bbox 1254 2667 1396 2714; x_wconf 72' lang='grc' dir='ltr'>ἔθεσαν</span> 
     </span>
     <span class='ocr_line' id='line_1_43' title="bbox 164 2734 1398 2800; baseline -0.001 -17"><span class='ocrx_word' id='word_1_314' title='bbox 164 2736 232 2783; x_wconf 74' lang='grc' dir='ltr'>ἐπὶ</span> <span class='ocrx_word' id='word_1_315' title='bbox 254 2738 327 2792; x_wconf 73' lang='grc' dir='ltr'>τὴν</span> <span class='ocrx_word' id='word_1_316' title='bbox 345 2739 422 2797; x_wconf 88' lang='grc' dir='ltr'>γῆν</span> <span class='ocrx_word' id='word_1_317' title='bbox 455 2735 522 2781; x_wconf 78' lang='grc' dir='ltr'>τὸν</span> <span class='ocrx_word' id='word_1_318' title='bbox 545 2736 651 2800; x_wconf 76' lang='grc' dir='ltr'>ὄφιν,</span> <span class='ocrx_word' id='word_1_319' title='bbox 675 2735 747 2782; x_wconf 75' lang='grc' dir='ltr'>καὶ</span> <span class='ocrx_word' id='word_1_320' title='bbox 769 2735 862 2789; x_wconf 71' lang='grc' dir='ltr'>τοὺς</span> <span class='ocrx_word' id='word_1_321' title='bbox 891 2736 986 2799; x_wconf 77' lang='grc' dir='ltr'>περὶ</span> <span class='ocrx_word' id='word_1_322' title='bbox 1008 2734 1081 2791; x_wconf 78' lang='grc' dir='ltr'>τὴν</span> <span class='ocrx_word' id='word_1_323' title='bbox 1105 2735 1227 2799; x_wconf 78' lang='grc' dir='ltr'>οὐρὰν</span> <span class='ocrx_word' id='word_1_324' title='bbox 1253 2737 1398 2789; x_wconf 87' lang='grc' dir='ltr'>τόπους</span> 
     </span>
     <span class='ocr_line' id='line_1_44' title="bbox 163 2805 1397 2868; baseline -0.002 -15"><span class='ocrx_word' id='word_1_325' title='bbox 163 2810 504 2859; x_wconf 77' lang='grc' dir='ltr'>κατακεντοῦντες</span> <span class='ocrx_word' id='word_1_326' title='bbox 528 2805 853 2868; x_wconf 80' lang='grc' dir='ltr'>ἀντιπεριέσπων</span> <span class='ocrx_word' id='word_1_327' title='bbox 875 2809 945 2851; x_wconf 76' lang='grc' dir='ltr'>τοῦ</span> <span class='ocrx_word' id='word_1_328' title='bbox 962 2805 1103 2867; x_wconf 80' lang='grc' dir='ltr'>θηρίου</span> <span class='ocrx_word' id='word_1_329' title='bbox 1122 2805 1191 2851; x_wconf 85' lang='grc' dir='ltr'>τὸν</span> <span class='ocrx_word' id='word_1_330' title='bbox 1211 2805 1293 2851; x_wconf 83' lang='grc' dir='ltr'>ἀπὸ</span> <span class='ocrx_word' id='word_1_331' title='bbox 1316 2809 1397 2851; x_wconf 86' lang='grc' dir='ltr'>τῶν</span> 
     </span>
     <span class='ocr_line' id='line_1_45' title="bbox 163 2874 1397 2938; baseline -0.002 -14"><span class='ocrx_word' id='word_1_332' title='bbox 163 2877 338 2924; x_wconf 78' lang='grc' dir='ltr'>ὀδόντων</span> <span class='ocrx_word' id='word_1_333' title='bbox 373 2874 620 2938; x_wconf 82' lang='grc' dir='ltr'>σπαραγμὸν</span> <span class='ocrx_word' id='word_1_334' title='bbox 658 2875 725 2921; x_wconf 79' lang='grc' dir='ltr'>ἐπὶ</span> <span class='ocrx_word' id='word_1_335' title='bbox 743 2875 818 2931; x_wconf 72' lang='grc' dir='ltr'>τὴν</span> <span class='ocrx_word' id='word_1_336' title='bbox 838 2874 1027 2931; x_wconf 78' lang='grc' dir='ltr'>αἴσθησιν</span> <span class='ocrx_word' id='word_1_337' title='bbox 1056 2878 1138 2921; x_wconf 88' lang='grc' dir='ltr'>τῶν</span> <span class='ocrx_word' id='word_1_338' title='bbox 1166 2874 1397 2936; x_wconf 79' lang='grc' dir='ltr'>ἀλγούντων</span> 
     </span>
     <span class='ocr_line' id='line_1_46' title="bbox 166 2943 1400 3009; baseline -0.002 -18"><span class='ocrx_word' id='word_1_339' title='bbox 166 2947 319 3009; x_wconf 87' lang='grc' dir='ltr'>μερῶν.</span> <span class='ocrx_word' id='word_1_340' title='bbox 387 2944 702 3006; x_wconf 80' lang='grc' dir='ltr'>’Λπενέγκαντες</span> <span class='ocrx_word' id='word_1_341' title='bbox 719 2943 754 2988; x_wconf 86' lang='grc' dir='ltr'>δ’</span> <span class='ocrx_word' id='word_1_342' title='bbox 782 2944 837 2995; x_wconf 82' lang='grc' dir='ltr'>εἰς</span> <span class='ocrx_word' id='word_1_343' title='bbox 858 2943 933 2999; x_wconf 73' lang='grc' dir='ltr'>τὴν</span> <span class='ocrx_word' id='word_1_344' title='bbox 959 2943 1265 3005; x_wconf 81' lang='grc' dir='ltr'>Ἀλεξάνδρειαν</span> <span class='ocrx_word' id='word_1_345' title='bbox 1289 2947 1400 2990; x_wconf 82' lang='grc' dir='ltr'>ἐδω-</span> 
     </span>
     <span class='ocr_line' id='line_1_47' title="bbox 99 3011 1399 3079; baseline -0.002 -17"><span class='ocrx_word' id='word_1_346' title='bbox 99 3036 144 3068; x_wconf 62' lang='grc' dir='ltr'>ςο</span> <span class='ocrx_word' id='word_1_347' title='bbox 168 3014 350 3079; x_wconf 75' lang='grc' dir='ltr'>ρήσαντο</span> <span class='ocrx_word' id='word_1_348' title='bbox 366 3017 427 3079; x_wconf 80' lang='grc' dir='ltr'>τῷ</span> <span class='ocrx_word' id='word_1_349' title='bbox 462 3015 649 3077; x_wconf 83' lang='grc' dir='ltr'>βασιλεῖ,</span> <span class='ocrx_word' id='word_1_350' title='bbox 671 3011 899 3077; x_wconf 80' lang='grc' dir='ltr'>παράδοξον</span> <span class='ocrx_word' id='word_1_351' title='bbox 918 3013 1052 3073; x_wconf 80' lang='grc' dir='ltr'>θέαμα</span> <span class='ocrx_word' id='word_1_352' title='bbox 1079 3012 1150 3058; x_wconf 77' lang='grc' dir='ltr'>καὶ</span> <span class='ocrx_word' id='word_1_353' title='bbox 1170 3020 1251 3065; x_wconf 86' lang='grc' dir='ltr'>τοῖς</span> <span class='ocrx_word' id='word_1_354' title='bbox 1275 3014 1399 3059; x_wconf 82' lang='grc' dir='ltr'>ἀκού-</span> 
     </span>
     <span class='ocr_line' id='line_1_48' title="bbox 166 3080 1397 3144; baseline -0.004 -13"><span class='ocrx_word' id='word_1_355' title='bbox 166 3102 287 3131; x_wconf 87' lang='grc' dir='ltr'>σασιν</span> <span class='ocrx_word' id='word_1_356' title='bbox 307 3083 624 3144; x_wconf 63' lang='grc' dir='ltr'>ἀπιστούμενον.</span> <span class='ocrx_word' id='word_1_357' title='bbox 689 3084 755 3144; x_wconf 81' lang='grc' dir='ltr'>Τῇ</span> <span class='ocrx_word' id='word_1_358' title='bbox 778 3082 814 3128; x_wconf 80' lang='grc' dir='ltr'>δ’</span> <span class='ocrx_word' id='word_1_359' title='bbox 833 3080 967 3144; x_wconf 73' lang='grc' dir='ltr'>ένδεία</span> <span class='ocrx_word' id='word_1_360' title='bbox 999 3085 1073 3137; x_wconf 77' lang='grc' dir='ltr'>τῆς</span> <span class='ocrx_word' id='word_1_361' title='bbox 1100 3084 1250 3144; x_wconf 81' lang='grc' dir='ltr'>τροφῆς</span> <span class='ocrx_word' id='word_1_362' title='bbox 1269 3100 1397 3127; x_wconf 81' lang='grc' dir='ltr'>κατα·</span> 
     </span>
     <span class='ocr_line' id='line_1_49' title="bbox 165 3149 1398 3214; baseline -0.006 -12"><span class='ocrx_word' id='word_1_363' title='bbox 165 3153 416 3212; x_wconf 76' lang='grc' dir='ltr'>πονήσαντες</span> <span class='ocrx_word' id='word_1_364' title='bbox 437 3152 512 3209; x_wconf 76' lang='grc' dir='ltr'>τὴν</span> <span class='ocrx_word' id='word_1_365' title='bbox 536 3150 669 3208; x_wconf 77' lang='grc' dir='ltr'>ἀλκὴν</span> <span class='ocrx_word' id='word_1_366' title='bbox 693 3155 765 3197; x_wconf 77' lang='grc' dir='ltr'>τοῦ</span> <span class='ocrx_word' id='word_1_367' title='bbox 788 3149 928 3214; x_wconf 87' lang='grc' dir='ltr'>θηρίου</span> <span class='ocrx_word' id='word_1_368' title='bbox 943 3149 1110 3196; x_wconf 84' lang='grc' dir='ltr'>τιθασὸν</span> <span class='ocrx_word' id='word_1_369' title='bbox 1133 3150 1180 3194; x_wconf 78' lang='grc' dir='ltr'>ἐκ</span> <span class='ocrx_word' id='word_1_370' title='bbox 1202 3153 1273 3195; x_wconf 78' lang='grc' dir='ltr'>τοῦ</span> <span class='ocrx_word' id='word_1_371' title='bbox 1305 3153 1398 3195; x_wconf 84' lang='grc' dir='ltr'>κατ’</span> 
     </span>
     <span class='ocr_line' id='line_1_50' title="bbox 166 3217 1399 3286; baseline -0.006 -16"><span class='ocrx_word' id='word_1_372' title='bbox 166 3223 300 3286; x_wconf 83' lang='grc' dir='ltr'>ὀλίγον</span> <span class='ocrx_word' id='word_1_373' title='bbox 323 3222 539 3279; x_wconf 79' lang='grc' dir='ltr'>ἐποίησαν,</span> <span class='ocrx_word' id='word_1_374' title='bbox 567 3219 675 3268; x_wconf 78' lang='grc' dir='ltr'>ὥστε</span> <span class='ocrx_word' id='word_1_375' title='bbox 697 3218 941 3280; x_wconf 78' lang='grc' dir='ltr'>θαυμαστὴν</span> <span class='ocrx_word' id='word_1_376' title='bbox 972 3220 1098 3265; x_wconf 77' lang='grc' dir='ltr'>αὐτοῦ</span> <span class='ocrx_word' id='word_1_377' title='bbox 1120 3217 1306 3280; x_wconf 82' lang='grc' dir='ltr'>γενέσθαι</span> <span class='ocrx_word' id='word_1_378' title='bbox 1325 3218 1399 3273; x_wconf 75' lang='grc' dir='ltr'>τὴν</span> 
     </span>
     <span class='ocr_line' id='line_1_51' title="bbox 168 3286 1400 3356; baseline -0.005 -18"><span class='ocrx_word' id='word_1_379' title='bbox 168 3291 437 3356; x_wconf 76' lang='grc' dir='ltr'>ἐξημέρωσιν.</span> <span class='ocrx_word' id='word_1_380' title='bbox 504 3290 558 3339; x_wconf 85' lang='lat' dir='ltr'>‘O</span> <span class='ocrx_word' id='word_1_381' title='bbox 578 3290 621 3336; x_wconf 71' lang='grc' dir='ltr'>δὲ</span> <span class='ocrx_word' id='word_1_382' title='bbox 641 3291 901 3350; x_wconf 84' lang='grc' dir='ltr'>Πτολεμαῖος</span> <span class='ocrx_word' id='word_1_383' title='bbox 927 3294 1011 3342; x_wconf 84' lang='grc' dir='ltr'>τοῖς</span> <span class='ocrx_word' id='word_1_384' title='bbox 1029 3288 1104 3350; x_wconf 73' lang='grc' dir='ltr'>μὲν</span> <span class='ocrx_word' id='word_1_385' title='bbox 1126 3288 1312 3349; x_wconf 81' lang='grc' dir='ltr'>κυνηγοῖς</span> <span class='ocrx_word' id='word_1_386' title='bbox 1330 3286 1400 3340; x_wconf 82' lang='grc' dir='ltr'>τὰς</span> 
     </span>
     <span class='ocr_line' id='line_1_52' title="bbox 105 3358 1399 3425; baseline -0.002 -18"><span class='ocrx_word' id='word_1_387' title='bbox 105 3372 146 3403; x_wconf 75' lang='lat'>⁴⁵</span> <span class='ocrx_word' id='word_1_388' title='bbox 170 3362 279 3415; x_wconf 70' lang='grc' dir='ltr'>ἀξίας</span> <span class='ocrx_word' id='word_1_389' title='bbox 304 3361 498 3422; x_wconf 79' lang='grc' dir='ltr'>ἀπένειμε</span> <span class='ocrx_word' id='word_1_390' title='bbox 517 3360 694 3425; x_wconf 75' lang='grc' dir='ltr'>δωρεὰς,</span> <span class='ocrx_word' id='word_1_391' title='bbox 717 3359 786 3406; x_wconf 84' lang='grc' dir='ltr'>τὸν</span> <span class='ocrx_word' id='word_1_392' title='bbox 813 3361 849 3405; x_wconf 81' lang='grc' dir='ltr'>δ’</span> <span class='ocrx_word' id='word_1_393' title='bbox 874 3358 966 3423; x_wconf 75' lang='grc' dir='ltr'>ὄφιν</span> <span class='ocrx_word' id='word_1_394' title='bbox 989 3358 1131 3422; x_wconf 72' lang='grc' dir='ltr'>ἔτρεφε</span> <span class='ocrx_word' id='word_1_395' title='bbox 1155 3361 1399 3405; x_wconf 84' lang='grc' dir='ltr'>τετιθασευ-</span> 
     </span>
     <span class='ocr_line' id='line_1_53' title="bbox 173 3426 1405 3492; baseline -0.004 -15"><span class='ocrx_word' id='word_1_396' title='bbox 173 3433 290 3491; x_wconf 77' lang='grc' dir='ltr'>μένον</span> <span class='ocrx_word' id='word_1_397' title='bbox 316 3432 385 3477; x_wconf 76' lang='grc' dir='ltr'>καὶ</span> <span class='ocrx_word' id='word_1_398' title='bbox 409 3438 492 3483; x_wconf 83' lang='grc' dir='ltr'>τοῖς</span> <span class='ocrx_word' id='word_1_399' title='bbox 522 3433 579 3483; x_wconf 77' lang='grc' dir='ltr'>εἰς</span> <span class='ocrx_word' id='word_1_400' title='bbox 605 3430 680 3487; x_wconf 75' lang='grc' dir='ltr'>τὴν</span> <span class='ocrx_word' id='word_1_401' title='bbox 705 3428 920 3491; x_wconf 87' lang='grc' dir='ltr'>βασιλείαν</span> <span class='ocrx_word' id='word_1_402' title='bbox 941 3428 1259 3492; x_wconf 75' lang='grc' dir='ltr'>παραὸάλλουσι</span> <span class='ocrx_word' id='word_1_403' title='bbox 1282 3426 1405 3481; x_wconf 76' lang='grc' dir='ltr'>ξένοις</span> 
     </span>
     <span class='ocr_line' id='line_1_54' title="bbox 174 3496 1399 3564; baseline 0 -18"><span class='ocrx_word' id='word_1_404' title='bbox 174 3500 366 3562; x_wconf 84' lang='grc' dir='ltr'>μέγιστον</span> <span class='ocrx_word' id='word_1_405' title='bbox 419 3501 703 3564; x_wconf 86' lang='grc' dir='ltr'>παρεχόμενον</span> <span class='ocrx_word' id='word_1_406' title='bbox 743 3500 814 3545; x_wconf 76' lang='grc' dir='ltr'>καὶ</span> <span class='ocrx_word' id='word_1_407' title='bbox 864 3497 1196 3561; x_wconf 80' lang='grc' dir='ltr'>παραδοξότατον</span> <span class='ocrx_word' id='word_1_408' title='bbox 1247 3496 1399 3557; x_wconf 85' lang='grc' dir='ltr'>θέαμα.</span> 
     </span>
     <span class='ocr_line' id='line_1_55' title="bbox 172 3565 1403 3634; baseline -0.006 -15"><span class='ocrx_word' id='word_1_409' title='bbox 172 3570 325 3634; x_wconf 87' lang='grc' dir='ltr'>Διόπερ</span> <span class='ocrx_word' id='word_1_410' title='bbox 342 3570 583 3626; x_wconf 78' lang='grc' dir='ltr'>τηλικούτου</span> <span class='ocrx_word' id='word_1_411' title='bbox 603 3570 793 3630; x_wconf 87' lang='grc' dir='ltr'>μεγέθους</span> <span class='ocrx_word' id='word_1_412' title='bbox 812 3568 939 3633; x_wconf 81' lang='grc' dir='ltr'>ὄφεως</span> <span class='ocrx_word' id='word_1_413' title='bbox 957 3571 1012 3621; x_wconf 79' lang='grc' dir='ltr'>εἰς</span> <span class='ocrx_word' id='word_1_414' title='bbox 1030 3567 1122 3631; x_wconf 74' lang='grc' dir='ltr'>ὄψιν</span> <span class='ocrx_word' id='word_1_415' title='bbox 1145 3565 1282 3623; x_wconf 75' lang='grc' dir='ltr'>κοινὴν</span> <span class='ocrx_word' id='word_1_416' title='bbox 1302 3584 1403 3613; x_wconf 86' lang='grc' dir='ltr'>κατ·</span> 
     </span>
     <span class='ocr_line' id='line_1_56' title="bbox 170 3637 1403 3701; baseline -0.004 -14"><span class='ocrx_word' id='word_1_417' title='bbox 170 3639 394 3699; x_wconf 75' lang='grc' dir='ltr'>ηντηκότος</span> <span class='ocrx_word' id='word_1_418' title='bbox 422 3641 494 3685; x_wconf 74' lang='grc' dir='ltr'>οὐκ</span> <span class='ocrx_word' id='word_1_419' title='bbox 520 3639 628 3692; x_wconf 77' lang='grc' dir='ltr'>ἄξιον</span> <span class='ocrx_word' id='word_1_420' title='bbox 651 3642 836 3685; x_wconf 78' lang='grc' dir='ltr'>άπιστεῖν</span> <span class='ocrx_word' id='word_1_421' title='bbox 858 3640 938 3691; x_wconf 83' lang='grc' dir='ltr'>τοῖς</span> <span class='ocrx_word' id='word_1_422' title='bbox 959 3638 1145 3701; x_wconf 76' lang='grc' dir='ltr'>Αἰθίοψιν</span> <span class='ocrx_word' id='word_1_423' title='bbox 1167 3637 1257 3684; x_wconf 65' lang='grc' dir='ltr'>οὐδ)</span> <span class='ocrx_word' id='word_1_424' title='bbox 1277 3639 1403 3696; x_wconf 76' lang='grc' dir='ltr'>μῦθον</span> 
     </span>
     <span class='ocr_line' id='line_1_57' title="bbox 107 3703 1406 3772; baseline -0.007 -13"><span class='ocrx_word' id='word_1_425' title='bbox 107 3733 150 3764; x_wconf 72' lang='grc' dir='ltr'>ιο</span> <span class='ocrx_word' id='word_1_426' title='bbox 173 3708 481 3772; x_wconf 70' lang='grc' dir='ltr'>ὓπολαμὸάνειν</span> <span class='ocrx_word' id='word_1_427' title='bbox 513 3709 559 3754; x_wconf 82' lang='grc' dir='ltr'>τὸ</span> <span class='ocrx_word' id='word_1_428' title='bbox 595 3709 864 3770; x_wconf 80' lang='grc' dir='ltr'>θρυλούμενον</span> <span class='ocrx_word' id='word_1_429' title='bbox 887 3710 954 3753; x_wconf 71' lang='grc' dir='ltr'>ὑπ’</span> <span class='ocrx_word' id='word_1_430' title='bbox 992 3709 1142 3753; x_wconf 81' lang='grc' dir='ltr'>αὐτῶν.</span> <span class='ocrx_word' id='word_1_431' title='bbox 1212 3703 1406 3769; x_wconf 75' lang='grc' dir='ltr'>Ἄποφαί·</span> 
     </span>
     <span class='ocr_line' id='line_1_58' title="bbox 174 3774 1407 3843; baseline -0.006 -16"><span class='ocrx_word' id='word_1_432' title='bbox 174 3796 312 3827; x_wconf 85' lang='grc' dir='ltr'>νονται</span> <span class='ocrx_word' id='word_1_433' title='bbox 333 3777 414 3843; x_wconf 67' lang='grc' dir='ltr'>γὰρ</span> <span class='ocrx_word' id='word_1_434' title='bbox 431 3781 603 3843; x_wconf 75' lang='grc' dir='ltr'>ὁρᾶσθαι</span> <span class='ocrx_word' id='word_1_435' title='bbox 626 3778 733 3823; x_wconf 76' lang='grc' dir='ltr'>κατὰ</span> <span class='ocrx_word' id='word_1_436' title='bbox 756 3779 829 3833; x_wconf 79' lang='grc' dir='ltr'>τὴν</span> <span class='ocrx_word' id='word_1_437' title='bbox 848 3777 989 3840; x_wconf 78' lang='grc' dir='ltr'>χώραν</span> <span class='ocrx_word' id='word_1_438' title='bbox 1013 3779 1148 3822; x_wconf 74' lang='grc' dir='ltr'>αὑτῶν</span> <span class='ocrx_word' id='word_1_439' title='bbox 1164 3775 1272 3839; x_wconf 75' lang='grc' dir='ltr'>ὄφεις</span> <span class='ocrx_word' id='word_1_440' title='bbox 1293 3774 1407 3831; x_wconf 90' lang='grc' dir='ltr'>τηλι-</span> 
     </span>
     <span class='ocr_line' id='line_1_59' title="bbox 174 3843 1404 3911; baseline -0.007 -14"><span class='ocrx_word' id='word_1_441' title='bbox 174 3847 343 3903; x_wconf 84' lang='grc' dir='ltr'>κούτους</span> <span class='ocrx_word' id='word_1_442' title='bbox 355 3849 403 3896; x_wconf 72' lang='grc' dir='ltr'>τὸ</span> <span class='ocrx_word' id='word_1_443' title='bbox 421 3847 614 3911; x_wconf 82' lang='grc' dir='ltr'>μέγεθος,</span> <span class='ocrx_word' id='word_1_444' title='bbox 634 3845 741 3893; x_wconf 77' lang='grc' dir='ltr'>ὥστε</span> <span class='ocrx_word' id='word_1_445' title='bbox 762 3847 819 3907; x_wconf 82' lang='grc' dir='ltr'>μὴ</span> <span class='ocrx_word' id='word_1_446' title='bbox 840 3848 959 3906; x_wconf 86' lang='grc' dir='ltr'>μόνον</span> <span class='ocrx_word' id='word_1_447' title='bbox 980 3850 1074 3908; x_wconf 75' lang='grc' dir='ltr'>βοῦς</span> <span class='ocrx_word' id='word_1_448' title='bbox 1089 3865 1133 3891; x_wconf 90' lang='grc' dir='ltr'>τε</span> <span class='ocrx_word' id='word_1_449' title='bbox 1148 3846 1219 3891; x_wconf 78' lang='grc' dir='ltr'>καὶ</span> <span class='ocrx_word' id='word_1_450' title='bbox 1233 3843 1404 3907; x_wconf 85' lang='grc' dir='ltr'>ταύρους</span> 
     </span>
     <span class='ocr_line' id='line_1_60' title="bbox 176 3910 1406 3983; baseline -0.007 -17"><span class='ocrx_word' id='word_1_451' title='bbox 176 3919 247 3966; x_wconf 73' lang='grc' dir='ltr'>καὶ</span> <span class='ocrx_word' id='word_1_452' title='bbox 278 3921 359 3966; x_wconf 86' lang='grc' dir='ltr'>τῶν</span> <span class='ocrx_word' id='word_1_453' title='bbox 382 3918 526 3966; x_wconf 73' lang='grc' dir='ltr'>ἄλλων,</span> <span class='ocrx_word' id='word_1_454' title='bbox 540 3916 654 3983; x_wconf 76' lang='grc' dir='ltr'>ζῴων</span> <span class='ocrx_word' id='word_1_455' title='bbox 675 3917 728 3964; x_wconf 77' lang='grc' dir='ltr'>τὰ</span> <span class='ocrx_word' id='word_1_456' title='bbox 753 3918 981 3974; x_wconf 76' lang='grc' dir='ltr'>τηλικαῦτα</span> <span class='ocrx_word' id='word_1_457' title='bbox 1010 3922 1090 3966; x_wconf 84' lang='grc' dir='ltr'>τοῖς</span> <span class='ocrx_word' id='word_1_458' title='bbox 1110 3915 1243 3976; x_wconf 83' lang='grc' dir='ltr'>ὄγκοις</span> <span class='ocrx_word' id='word_1_459' title='bbox 1265 3910 1406 3959; x_wconf 75' lang='grc' dir='ltr'>ἀναλί·</span> 
     </span>
     <span class='ocr_line' id='line_1_61' title="bbox 179 3983 1407 4051; baseline -0.008 -15"><span class='ocrx_word' id='word_1_460' title='bbox 179 4008 304 4049; x_wconf 88' lang='grc' dir='ltr'>σκειν,</span> <span class='ocrx_word' id='word_1_461' title='bbox 328 3988 435 4038; x_wconf 74' lang='grc' dir='ltr'>ἀλλὰ</span> <span class='ocrx_word' id='word_1_462' title='bbox 455 3988 527 4037; x_wconf 77' lang='grc' dir='ltr'>καὶ</span> <span class='ocrx_word' id='word_1_463' title='bbox 548 3992 631 4042; x_wconf 84' lang='grc' dir='ltr'>τοῖς</span> <span class='ocrx_word' id='word_1_464' title='bbox 653 3985 844 4051; x_wconf 72' lang='grc' dir='ltr'>ἐλέφασιν</span> <span class='ocrx_word' id='word_1_465' title='bbox 878 3989 934 4039; x_wconf 79' lang='grc' dir='ltr'>εἰς</span> <span class='ocrx_word' id='word_1_466' title='bbox 962 3984 1093 4042; x_wconf 81' lang='grc' dir='ltr'>ἀλκὴν</span> <span class='ocrx_word' id='word_1_467' title='bbox 1116 3983 1407 4039; x_wconf 85' lang='grc' dir='ltr'>συνίστασθαι,</span> 
     </span>
    </p>
   </div>
   <div class='ocr_carea' id='block_1_12' title="bbox 1465 596 2782 3029">
    <p class='ocr_par' dir='ltr' id='par_1_12' title="bbox 1465 596 2782 3029">
     <span class='ocr_line' id='line_1_62' title="bbox 1466 596 2701 660; baseline 0.004 -19"><span class='ocrx_word' id='word_1_468' title='bbox 1466 596 1509 638; x_wconf 85' lang='lat' dir='ltr'>in</span> <span class='ocrx_word' id='word_1_469' title='bbox 1530 611 1655 654; x_wconf 85' lang='lat' dir='ltr'>quem</span> <span class='ocrx_word' id='word_1_470' title='bbox 1685 597 1886 656; x_wconf 85' lang='lat' dir='ltr'>junceum</span> <span class='ocrx_word' id='word_1_471' title='bbox 1918 601 2020 645; x_wconf 87' lang='lat' dir='ltr'>illud</span> <span class='ocrx_word' id='word_1_472' title='bbox 2042 611 2128 645; x_wconf 82' lang='lat' dir='ltr'>rete</span> <span class='ocrx_word' id='word_1_473' title='bbox 2146 602 2318 647; x_wconf 63' lang='lat' dir='ltr'>obverso</span> <span class='ocrx_word' id='word_1_474' title='bbox 2342 604 2431 660; x_wconf 83' lang='lat' dir='ltr'>ejus</span> <span class='ocrx_word' id='word_1_475' title='bbox 2449 606 2556 646; x_wconf 78' lang='lat' dir='ltr'>ostio</span> <span class='ocrx_word' id='word_1_476' title='bbox 2579 604 2701 646; x_wconf 79' lang='lat' dir='ltr'>collo·</span> 
     </span>
     <span class='ocr_line' id='line_1_63' title="bbox 1465 683 2782 743; baseline 0.005 -22"><span class='ocrx_word' id='word_1_477' title='bbox 1465 687 1576 731; x_wconf 85' lang='lat' dir='ltr'>cant,</span> <span class='ocrx_word' id='word_1_478' title='bbox 1597 689 1645 723; x_wconf 90' lang='lat' dir='ltr'>ut</span> <span class='ocrx_word' id='word_1_479' title='bbox 1663 690 1831 738; x_wconf 81' lang='lat' dir='ltr'>paratus</span> <span class='ocrx_word' id='word_1_480' title='bbox 1841 683 1886 725; x_wconf 89' lang='lat' dir='ltr'>in</span> <span class='ocrx_word' id='word_1_481' title='bbox 1898 683 1979 726; x_wconf 88' lang='lat' dir='ltr'>boc</span> <span class='ocrx_word' id='word_1_482' title='bbox 1996 683 2141 728; x_wconf 64' lang='lat' dir='ltr'>bellun</span> <span class='ocrx_word' id='word_1_483' title='bbox 2154 685 2360 741; x_wconf 86' lang='lat' dir='ltr'>ingressus</span> <span class='ocrx_word' id='word_1_484' title='bbox 2374 694 2523 743; x_wconf 83' lang='lat' dir='ltr'>pateat.</span> <span class='ocrx_word' id='word_1_485' title='bbox 2584 688 2702 728; x_wconf 74' lang='lat' dir='ltr'>lianc</span> <span class='ocrx_word' id='word_1_486' title='bbox 2780 687 2782 689; x_wconf 80' lang='grc'><strong>’</strong></span> 
     </span>
     <span class='ocr_line' id='line_1_64' title="bbox 1465 762 2703 822; baseline 0.006 -19"><span class='ocrx_word' id='word_1_487' title='bbox 1465 775 1489 804; x_wconf 90' lang='lat' dir='ltr'>e</span> <span class='ocrx_word' id='word_1_488' title='bbox 1516 762 1678 818; x_wconf 84' lang='lat' dir='ltr'>pascuis</span> <span class='ocrx_word' id='word_1_489' title='bbox 1693 772 1966 808; x_wconf 81' lang='lat' dir='ltr'>revertentem</span> <span class='ocrx_word' id='word_1_490' title='bbox 1984 767 2181 810; x_wconf 78' lang='lat' dir='ltr'><strong>continue</strong></span> <span class='ocrx_word' id='word_1_491' title='bbox 2193 769 2388 822; x_wconf 78' lang='lat' dir='ltr'>sagittarii</span> <span class='ocrx_word' id='word_1_492' title='bbox 2417 776 2457 810; x_wconf 87' lang='lat' dir='ltr'>et</span> <span class='ocrx_word' id='word_1_493' title='bbox 2473 767 2703 811; x_wconf 85' lang='lat' dir='ltr'>funditores</span> 
     </span>
     <span class='ocr_line' id='line_1_65' title="bbox 1465 835 2702 906; baseline 0.006 -22"><span class='ocrx_word' id='word_1_494' title='bbox 1465 843 1706 899; x_wconf 71' lang='lat' dir='ltr'>equitesque</span> <span class='ocrx_word' id='word_1_495' title='bbox 1740 858 1836 887; x_wconf 90' lang='lat' dir='ltr'>cum</span> <span class='ocrx_word' id='word_1_496' title='bbox 1867 845 2028 901; x_wconf 81' lang='lat' dir='ltr'>reliquo</span> <span class='ocrx_word' id='word_1_497' title='bbox 2069 855 2270 904; x_wconf 83' lang='lat' dir='ltr'>apparatu</span> <span class='ocrx_word' id='word_1_498' title='bbox 2297 849 2525 906; x_wconf 84' lang='lat' dir='ltr'>excipiunt.</span> <span class='ocrx_word' id='word_1_499' title='bbox 2597 835 2702 903; x_wconf 67' lang='lat' dir='ltr'>Qum</span> 
     </span>
     <span class='ocr_line' id='line_1_66' title="bbox 1466 923 2700 984; baseline 0.006 -20"><span class='ocrx_word' id='word_1_500' title='bbox 1466 923 1639 979; x_wconf 77' lang='lat' dir='ltr'>propior</span> <span class='ocrx_word' id='word_1_501' title='bbox 1667 923 1773 966; x_wconf 85' lang='lat' dir='ltr'>faeta</span> <span class='ocrx_word' id='word_1_502' title='bbox 1799 926 2001 967; x_wconf 84' lang='lat' dir='ltr'>cervicem</span> <span class='ocrx_word' id='word_1_503' title='bbox 2035 939 2162 982; x_wconf 84' lang='lat' dir='ltr'>supra</span> <span class='ocrx_word' id='word_1_504' title='bbox 2184 928 2342 983; x_wconf 86' lang='lat' dir='ltr'>equites</span> <span class='ocrx_word' id='word_1_505' title='bbox 2379 928 2500 984; x_wconf 84' lang='lat' dir='ltr'>longe</span> <span class='ocrx_word' id='word_1_506' title='bbox 2520 928 2700 980; x_wconf 81' lang='lat' dir='ltr'>extollit3</span> 
     </span>
     <span class='ocr_line' id='line_1_67' title="bbox 1466 1010 2703 1063; baseline 0.006 -17"><span class='ocrx_word' id='word_1_507' title='bbox 1466 1014 1508 1047; x_wconf 88' lang='lat' dir='ltr'>at</span> <span class='ocrx_word' id='word_1_508' title='bbox 1537 1014 1780 1048; x_wconf 77' lang='lat' dir='ltr'>venatorum</span> <span class='ocrx_word' id='word_1_509' title='bbox 1813 1020 1959 1061; x_wconf 89' lang='lat' dir='ltr'>agmen</span> <span class='ocrx_word' id='word_1_510' title='bbox 1980 1020 2242 1063; x_wconf 84' lang='lat' dir='ltr'>nequaquam</span> <span class='ocrx_word' id='word_1_511' title='bbox 2264 1010 2454 1052; x_wconf 89' lang='lat' dir='ltr'>cominus</span> <span class='ocrx_word' id='word_1_512' title='bbox 2485 1025 2703 1053; x_wconf 86' lang='lat' dir='ltr'>occurrere</span> 
     </span>
     <span class='ocr_line' id='line_1_68' title="bbox 1470 1087 2702 1147; baseline 0.004 -18"><span class='ocrx_word' id='word_1_513' title='bbox 1470 1087 1484 1144; x_wconf 93' lang='lat'>(</span> <span class='ocrx_word' id='word_1_514' title='bbox 1504 1088 1619 1144; x_wconf 84' lang='lat' dir='ltr'>prius</span> <span class='ocrx_word' id='word_1_515' title='bbox 1641 1089 1753 1130; x_wconf 89' lang='lat' dir='ltr'>enim</span> <span class='ocrx_word' id='word_1_516' title='bbox 1784 1087 2059 1131; x_wconf 89' lang='lat' dir='ltr'>infortunium</span> <span class='ocrx_word' id='word_1_517' title='bbox 2083 1096 2227 1131; x_wconf 87' lang='lat' dir='ltr'>cautos</span> <span class='ocrx_word' id='word_1_518' title='bbox 2249 1088 2428 1147; x_wconf 81' lang='lat' dir='ltr'>fecerat)</span> <span class='ocrx_word' id='word_1_519' title='bbox 2448 1091 2573 1134; x_wconf 84' lang='lat' dir='ltr'>audet</span> <span class='ocrx_word' id='word_1_520' title='bbox 2599 1105 2609 1134; x_wconf 78' lang='lat' dir='ltr'><strong><em>z</em></strong></span> <span class='ocrx_word' id='word_1_521' title='bbox 2630 1092 2702 1134; x_wconf 88' lang='lat' dir='ltr'>sed</span> 
     </span>
     <span class='ocr_line' id='line_1_69' title="bbox 1467 1170 2702 1229; baseline 0.003 -17"><span class='ocrx_word' id='word_1_522' title='bbox 1467 1170 1613 1226; x_wconf 85' lang='lat' dir='ltr'>procul</span> <span class='ocrx_word' id='word_1_523' title='bbox 1652 1170 1793 1213; x_wconf 88' lang='lat' dir='ltr'>multis</span> <span class='ocrx_word' id='word_1_524' title='bbox 1833 1171 2024 1213; x_wconf 87' lang='lat' dir='ltr'>manibus</span> <span class='ocrx_word' id='word_1_525' title='bbox 2049 1170 2102 1213; x_wconf 89' lang='lat' dir='ltr'>ad</span> <span class='ocrx_word' id='word_1_526' title='bbox 2135 1186 2267 1213; x_wconf 92' lang='lat' dir='ltr'>unum</span> <span class='ocrx_word' id='word_1_527' title='bbox 2300 1185 2479 1229; x_wconf 89' lang='lat' dir='ltr'>eumque</span> <span class='ocrx_word' id='word_1_528' title='bbox 2506 1173 2702 1227; x_wconf 77' lang='lat' dir='ltr'>grandem</span> 
     </span>
     <span class='ocr_line' id='line_1_70' title="bbox 1467 1251 2706 1310; baseline 0.002 -17"><span class='ocrx_word' id='word_1_529' title='bbox 1467 1266 1639 1308; x_wconf 84' lang='lat' dir='ltr'>scopum</span> <span class='ocrx_word' id='word_1_530' title='bbox 1652 1251 1896 1307; x_wconf 82' lang='lat' dir='ltr'>jaculantes,</span> <span class='ocrx_word' id='word_1_531' title='bbox 1922 1253 2110 1308; x_wconf 89' lang='lat' dir='ltr'>equitum</span> <span class='ocrx_word' id='word_1_532' title='bbox 2129 1261 2353 1309; x_wconf 86' lang='lat' dir='ltr'>conspectu</span> <span class='ocrx_word' id='word_1_533' title='bbox 2374 1261 2415 1294; x_wconf 86' lang='lat' dir='ltr'>et</span> <span class='ocrx_word' id='word_1_534' title='bbox 2439 1267 2587 1295; x_wconf 85' lang='lat' dir='ltr'>canum</span> <span class='ocrx_word' id='word_1_535' title='bbox 2603 1268 2706 1310; x_wconf 77' lang='lat' dir='ltr'>prae·</span> 
     </span>
     <span class='ocr_line' id='line_1_71' title="bbox 1469 1331 2782 1391; baseline 0.001 -16"><span class='ocrx_word' id='word_1_536' title='bbox 1469 1334 1700 1377; x_wconf 81' lang='lat' dir='ltr'>validorum</span> <span class='ocrx_word' id='word_1_537' title='bbox 1723 1333 1989 1377; x_wconf 88' lang='lat' dir='ltr'>multitudine</span> <span class='ocrx_word' id='word_1_538' title='bbox 2019 1334 2295 1391; x_wconf 85' lang='lat' dir='ltr'>tubarumque</span> <span class='ocrx_word' id='word_1_539' title='bbox 2320 1335 2495 1391; x_wconf 84' lang='lat' dir='ltr'>strepitu</span> <span class='ocrx_word' id='word_1_540' title='bbox 2529 1335 2705 1377; x_wconf 80' lang='lat' dir='ltr'>belluam</span> <span class='ocrx_word' id='word_1_541' title='bbox 2780 1331 2782 1333; x_wconf 63' lang='grc'><strong>’</strong></span> 
     </span>
     <span class='ocr_line' id='line_1_72' title="bbox 1468 1415 2704 1473; baseline 0 -14"><span class='ocrx_word' id='word_1_542' title='bbox 1468 1416 1823 1473; x_wconf 88' lang='lat' dir='ltr'>perterrefaciunt,</span> <span class='ocrx_word' id='word_1_543' title='bbox 1854 1416 2040 1473; x_wconf 89' lang='lat' dir='ltr'>dumque</span> <span class='ocrx_word' id='word_1_544' title='bbox 2061 1415 2115 1459; x_wconf 92' lang='lat' dir='ltr'>ad</span> <span class='ocrx_word' id='word_1_545' title='bbox 2147 1425 2294 1459; x_wconf 90' lang='lat' dir='ltr'>notum</span> <span class='ocrx_word' id='word_1_546' title='bbox 2320 1432 2363 1459; x_wconf 84' lang='lat' dir='ltr'>se</span> <span class='ocrx_word' id='word_1_547' title='bbox 2391 1417 2526 1459; x_wconf 80' lang='lat' dir='ltr'>cubile</span> <span class='ocrx_word' id='word_1_548' title='bbox 2554 1419 2704 1460; x_wconf 86' lang='lat' dir='ltr'>sensim</span> 
     </span>
     <span class='ocr_line' id='line_1_73' title="bbox 1468 1499 2706 1555; baseline 0.001 -15"><span class='ocrx_word' id='word_1_549' title='bbox 1468 1499 1639 1555; x_wconf 85' lang='lat' dir='ltr'>recipit,</span> <span class='ocrx_word' id='word_1_550' title='bbox 1666 1506 1835 1540; x_wconf 82' lang='lat' dir='ltr'>eatenus</span> <span class='ocrx_word' id='word_1_551' title='bbox 1864 1499 2132 1550; x_wconf 86' lang='lat' dir='ltr'>insectantur,</span> <span class='ocrx_word' id='word_1_552' title='bbox 2168 1513 2221 1540; x_wconf 88' lang='lat' dir='ltr'>ne</span> <span class='ocrx_word' id='word_1_553' title='bbox 2250 1499 2378 1540; x_wconf 89' lang='lat' dir='ltr'>nimia</span> <span class='ocrx_word' id='word_1_554' title='bbox 2412 1499 2706 1555; x_wconf 81' lang='lat' dir='ltr'>provocatione</span> 
     </span>
     <span class='ocr_line' id='line_1_74' title="bbox 1469 1581 2705 1636; baseline 0 -13"><span class='ocrx_word' id='word_1_555' title='bbox 1469 1582 1603 1636; x_wconf 87' lang='lat' dir='ltr'>magis·</span> <span class='ocrx_word' id='word_1_556' title='bbox 1635 1581 1834 1623; x_wconf 87' lang='lat' dir='ltr'>irritetur.</span> <span class='ocrx_word' id='word_1_557' title='bbox 1899 1582 2075 1636; x_wconf 79' lang='lat' dir='ltr'>Jamque</span> <span class='ocrx_word' id='word_1_558' title='bbox 2111 1588 2354 1636; x_wconf 65' lang='lat' dir='ltr'>praestructo</span> <span class='ocrx_word' id='word_1_559' title='bbox 2387 1594 2571 1623; x_wconf 72' lang='lat' dir='ltr'>caverna:</span> <span class='ocrx_word' id='word_1_560' title='bbox 2598 1584 2705 1624; x_wconf 83' lang='lat' dir='ltr'>ostio</span> 
     </span>
     <span class='ocr_line' id='line_1_75' title="bbox 1468 1660 2705 1720; baseline -0.001 -15"><span class='ocrx_word' id='word_1_561' title='bbox 1468 1663 1772 1720; x_wconf 86' lang='lat' dir='ltr'>appropinquat</span> <span class='ocrx_word' id='word_1_562' title='bbox 1785 1677 1797 1715; x_wconf 71' lang='grc' dir='ltr'>ς</span> <span class='ocrx_word' id='word_1_563' title='bbox 1816 1670 1905 1704; x_wconf 89' lang='lat' dir='ltr'>tum</span> <span class='ocrx_word' id='word_1_564' title='bbox 1919 1660 2089 1703; x_wconf 86' lang='lat' dir='ltr'>demum</span> <span class='ocrx_word' id='word_1_565' title='bbox 2106 1662 2259 1716; x_wconf 82' lang='lat' dir='ltr'>ingenti</span> <span class='ocrx_word' id='word_1_566' title='bbox 2274 1675 2388 1703; x_wconf 86' lang='lat' dir='ltr'>arma</span> <span class='ocrx_word' id='word_1_567' title='bbox 2402 1663 2576 1719; x_wconf 85' lang='lat' dir='ltr'>strepitu</span> <span class='ocrx_word' id='word_1_568' title='bbox 2593 1677 2705 1705; x_wconf 88' lang='lat' dir='ltr'>com-</span> 
     </span>
     <span class='ocr_line' id='line_1_76' title="bbox 1467 1743 2705 1802; baseline 0.001 -16"><span class='ocrx_word' id='word_1_569' title='bbox 1467 1744 1669 1802; x_wconf 86' lang='lat' dir='ltr'>plodunt,</span> <span class='ocrx_word' id='word_1_570' title='bbox 1690 1753 1733 1787; x_wconf 87' lang='lat' dir='ltr'>et</span> <span class='ocrx_word' id='word_1_571' title='bbox 1748 1751 1950 1787; x_wconf 79' lang='lat' dir='ltr'>ostentata</span> <span class='ocrx_word' id='word_1_572' title='bbox 1970 1743 2190 1786; x_wconf 88' lang='lat' dir='ltr'>bominum</span> <span class='ocrx_word' id='word_1_573' title='bbox 2210 1743 2474 1786; x_wconf 85' lang='lat' dir='ltr'>multitudine</span> <span class='ocrx_word' id='word_1_574' title='bbox 2489 1744 2705 1787; x_wconf 84' lang='lat' dir='ltr'>tubarum·</span> 
     </span>
     <span class='ocr_line' id='line_1_77' title="bbox 1469 1824 2704 1883; baseline -0.001 -14"><span class='ocrx_word' id='word_1_575' title='bbox 1469 1841 1550 1883; x_wconf 92' lang='lat' dir='ltr'>que</span> <span class='ocrx_word' id='word_1_576' title='bbox 1563 1827 1755 1882; x_wconf 81' lang='lat' dir='ltr'>clangore</span> <span class='ocrx_word' id='word_1_577' title='bbox 1767 1833 2042 1868; x_wconf 82' lang='lat' dir='ltr'>exsternatam</span> <span class='ocrx_word' id='word_1_578' title='bbox 2058 1824 2318 1882; x_wconf 85' lang='lat' dir='ltr'>perturbant.</span> <span class='ocrx_word' id='word_1_579' title='bbox 2378 1826 2612 1881; x_wconf 76' lang='lat' dir='ltr'>ingressum</span> <span class='ocrx_word' id='word_1_580' title='bbox 2629 1826 2704 1881; x_wconf 91' lang='lat' dir='ltr'>igi-</span> 
     </span>
     <span class='ocr_line' id='line_1_78' title="bbox 1469 1908 2704 1964; baseline -0.001 -13"><span class='ocrx_word' id='word_1_581' title='bbox 1469 1917 1538 1951; x_wconf 87' lang='lat' dir='ltr'>tur</span> <span class='ocrx_word' id='word_1_582' title='bbox 1556 1923 1642 1951; x_wconf 89' lang='lat' dir='ltr'>non</span> <span class='ocrx_word' id='word_1_583' title='bbox 1664 1909 1876 1951; x_wconf 84' lang='lat' dir='ltr'>inveniens</span> <span class='ocrx_word' id='word_1_584' title='bbox 1897 1916 1940 1951; x_wconf 92' lang='lat' dir='ltr'>et</span> <span class='ocrx_word' id='word_1_585' title='bbox 1968 1916 2212 1950; x_wconf 83' lang='lat' dir='ltr'>venatorum</span> <span class='ocrx_word' id='word_1_586' title='bbox 2229 1916 2366 1950; x_wconf 87' lang='lat' dir='ltr'>tamen</span> <span class='ocrx_word' id='word_1_587' title='bbox 2392 1908 2704 1964; x_wconf 65' lang='lat' dir='ltr'>impressionem</span> 
     </span>
     <span class='ocr_line' id='line_1_79' title="bbox 1469 1990 2702 2049; baseline -0.002 -14"><span class='ocrx_word' id='word_1_588' title='bbox 1469 1991 1744 2035; x_wconf 75' lang='lat' dir='ltr'>reformidans</span> <span class='ocrx_word' id='word_1_589' title='bbox 1758 1991 1811 2035; x_wconf 90' lang='lat' dir='ltr'>ad</span> <span class='ocrx_word' id='word_1_590' title='bbox 1825 2000 2014 2049; x_wconf 88' lang='lat' dir='ltr'>apertum</span> <span class='ocrx_word' id='word_1_591' title='bbox 2029 1992 2072 2033; x_wconf 93' lang='lat' dir='ltr'>in</span> <span class='ocrx_word' id='word_1_592' title='bbox 2083 1992 2321 2048; x_wconf 88' lang='lat' dir='ltr'>propinquo</span> <span class='ocrx_word' id='word_1_593' title='bbox 2335 1991 2489 2033; x_wconf 85' lang='lat' dir='ltr'>ostium</span> <span class='ocrx_word' id='word_1_594' title='bbox 2505 1990 2702 2049; x_wconf 77' lang='lat' dir='ltr'>profugit.</span> 
     </span>
     <span class='ocr_line' id='line_1_80' title="bbox 1470 2072 2708 2131; baseline -0.005 -11"><span class='ocrx_word' id='word_1_595' title='bbox 1470 2080 1631 2120; x_wconf 77' lang='lat' dir='ltr'>Interea</span> <span class='ocrx_word' id='word_1_596' title='bbox 1657 2076 1759 2119; x_wconf 92' lang='lat' dir='ltr'>dum</span> <span class='ocrx_word' id='word_1_597' title='bbox 1781 2075 2031 2119; x_wconf 59' lang='lat' dir='ltr'>resolutione</span> <span class='ocrx_word' id='word_1_598' title='bbox 2069 2074 2275 2131; x_wconf 83' lang='lat' dir='ltr'>spirarum</span> <span class='ocrx_word' id='word_1_599' title='bbox 2305 2081 2463 2116; x_wconf 84' lang='lat' dir='ltr'>textum</span> <span class='ocrx_word' id='word_1_600' title='bbox 2490 2072 2589 2116; x_wconf 90' lang='lat' dir='ltr'>illud</span> <span class='ocrx_word' id='word_1_601' title='bbox 2609 2072 2708 2129; x_wconf 86' lang='lat' dir='ltr'>jun·</span> 
     </span>
     <span class='ocr_line' id='line_1_81' title="bbox 1470 2154 2708 2217; baseline -0.006 -13"><span class='ocrx_word' id='word_1_602' title='bbox 1470 2175 1590 2203; x_wconf 88' lang='lat' dir='ltr'>ceum</span> <span class='ocrx_word' id='word_1_603' title='bbox 1610 2159 1819 2217; x_wconf 84' lang='lat' dir='ltr'>impletur,</span> <span class='ocrx_word' id='word_1_604' title='bbox 1837 2157 2008 2215; x_wconf 87' lang='lat' dir='ltr'>quidam</span> <span class='ocrx_word' id='word_1_605' title='bbox 2029 2171 2053 2198; x_wconf 95' lang='lat' dir='ltr'>e</span> <span class='ocrx_word' id='word_1_606' title='bbox 2075 2156 2246 2211; x_wconf 82' lang='lat' dir='ltr'>vestigio</span> <span class='ocrx_word' id='word_1_607' title='bbox 2263 2154 2518 2212; x_wconf 76' lang='lat' dir='ltr'>adequitant,</span> <span class='ocrx_word' id='word_1_608' title='bbox 2538 2155 2610 2212; x_wconf 88' lang='lat' dir='ltr'>qui</span> <span class='ocrx_word' id='word_1_609' title='bbox 2626 2155 2708 2198; x_wconf 81' lang='lat' dir='ltr'>ori-</span> 
     </span>
     <span class='ocr_line' id='line_1_82' title="bbox 1470 2238 2709 2298; baseline -0.005 -10"><span class='ocrx_word' id='word_1_610' title='bbox 1470 2246 1610 2288; x_wconf 84' lang='lat' dir='ltr'>ficium</span> <span class='ocrx_word' id='word_1_611' title='bbox 1622 2243 1850 2298; x_wconf 83' lang='lat' dir='ltr'>oblongum</span> <span class='ocrx_word' id='word_1_612' title='bbox 1870 2249 1913 2284; x_wconf 86' lang='lat' dir='ltr'>et</span> <span class='ocrx_word' id='word_1_613' title='bbox 1933 2240 1988 2283; x_wconf 91' lang='lat' dir='ltr'>ad</span> <span class='ocrx_word' id='word_1_614' title='bbox 2009 2241 2122 2283; x_wconf 86' lang='lat' dir='ltr'>hunc</span> <span class='ocrx_word' id='word_1_615' title='bbox 2141 2238 2358 2281; x_wconf 75' lang='lat' dir='ltr'>celeritatis</span> <span class='ocrx_word' id='word_1_616' title='bbox 2380 2251 2504 2281; x_wconf 86' lang='lat' dir='ltr'>usum</span> <span class='ocrx_word' id='word_1_617' title='bbox 2524 2238 2709 2282; x_wconf 84' lang='lat' dir='ltr'>sollerter</span> 
     </span>
     <span class='ocr_line' id='line_1_83' title="bbox 1470 2319 2707 2385; baseline -0.008 -14"><span class='ocrx_word' id='word_1_618' title='bbox 1470 2334 1772 2385; x_wconf 83' lang='lat' dir='ltr'>comparatum,</span> <span class='ocrx_word' id='word_1_619' title='bbox 1805 2332 2026 2381; x_wconf 88' lang='lat' dir='ltr'>antequam</span> <span class='ocrx_word' id='word_1_620' title='bbox 2045 2321 2099 2364; x_wconf 86' lang='lat' dir='ltr'>ad</span> <span class='ocrx_word' id='word_1_621' title='bbox 2113 2322 2272 2364; x_wconf 81' lang='lat' dir='ltr'>exitum</span> <span class='ocrx_word' id='word_1_622' title='bbox 2290 2335 2334 2363; x_wconf 91' lang='lat' dir='ltr'>se</span> <span class='ocrx_word' id='word_1_623' title='bbox 2350 2319 2485 2363; x_wconf 88' lang='lat' dir='ltr'>bellua</span> <span class='ocrx_word' id='word_1_624' title='bbox 2508 2320 2707 2371; x_wconf 81' lang='lat' dir='ltr'>reflectat,</span> 
     </span>
     <span class='ocr_line' id='line_1_84' title="bbox 1471 2402 2708 2463; baseline -0.007 -10"><span class='ocrx_word' id='word_1_625' title='bbox 1471 2410 1644 2453; x_wconf 83' lang='lat' dir='ltr'>vinculis</span> <span class='ocrx_word' id='word_1_626' title='bbox 1677 2409 1956 2463; x_wconf 81' lang='lat' dir='ltr'>obstringunt.</span> <span class='ocrx_word' id='word_1_627' title='bbox 2013 2407 2115 2448; x_wconf 84' lang='lat' dir='ltr'>Mox</span> <span class='ocrx_word' id='word_1_628' title='bbox 2148 2417 2310 2446; x_wconf 85' lang='lat' dir='ltr'>nassam</span> <span class='ocrx_word' id='word_1_629' title='bbox 2346 2402 2458 2445; x_wconf 86' lang='lat' dir='ltr'>illam</span> <span class='ocrx_word' id='word_1_630' title='bbox 2485 2410 2708 2451; x_wconf 68' lang='lat' dir='ltr'>extractam</span> 
     </span>
     <span class='ocr_line' id='line_1_85' title="bbox 1470 2483 2710 2551; baseline -0.01 -15"><span class='ocrx_word' id='word_1_631' title='bbox 1470 2492 1741 2551; x_wconf 83' lang='lat' dir='ltr'>phalangibus</span> <span class='ocrx_word' id='word_1_632' title='bbox 1771 2488 1994 2547; x_wconf 81' lang='lat' dir='ltr'>suppositis</span> <span class='ocrx_word' id='word_1_633' title='bbox 2014 2486 2165 2529; x_wconf 81' lang='lat' dir='ltr'>levant.</span> <span class='ocrx_word' id='word_1_634' title='bbox 2223 2486 2334 2527; x_wconf 90' lang='lat' dir='ltr'>Tum</span> <span class='ocrx_word' id='word_1_635' title='bbox 2363 2490 2568 2526; x_wconf 81' lang='lat' dir='ltr'>coarctata</span> <span class='ocrx_word' id='word_1_636' title='bbox 2599 2483 2710 2525; x_wconf 87' lang='lat' dir='ltr'>intus</span> 
     </span>
     <span class='ocr_line' id='line_1_86' title="bbox 1471 2555 2722 2628; baseline -0.011 -9"><span class='ocrx_word' id='word_1_637' title='bbox 1471 2576 1600 2619; x_wconf 67' lang='lat' dir='ltr'>bestia</span> <span class='ocrx_word' id='word_1_638' title='bbox 1619 2575 1819 2616; x_wconf 81' lang='lat' dir='ltr'>immanes</span> <span class='ocrx_word' id='word_1_639' title='bbox 1836 2578 1986 2628; x_wconf 85' lang='lat' dir='ltr'>praeter</span> <span class='ocrx_word' id='word_1_640' title='bbox 2002 2576 2192 2611; x_wconf 86' lang='lat' dir='ltr'>naturam</span> <span class='ocrx_word' id='word_1_641' title='bbox 2219 2565 2359 2608; x_wconf 82' lang='lat' dir='ltr'>sibilos</span> <span class='ocrx_word' id='word_1_642' title='bbox 2374 2563 2476 2616; x_wconf 87' lang='lat' dir='ltr'>edit,</span> <span class='ocrx_word' id='word_1_643' title='bbox 2499 2555 2722 2607; x_wconf 54' lang='lat' dir='ltr'>dentibuv&#39;</span> 
     </span>
     <span class='ocr_line' id='line_1_87' title="bbox 1472 2643 2708 2715; baseline -0.013 -14"><span class='ocrx_word' id='word_1_644' title='bbox 1472 2673 1553 2715; x_wconf 91' lang='lat' dir='ltr'>que</span> <span class='ocrx_word' id='word_1_645' title='bbox 1569 2657 1744 2713; x_wconf 88' lang='lat' dir='ltr'>juncum</span> <span class='ocrx_word' id='word_1_646' title='bbox 1768 2653 2004 2709; x_wconf 75' lang='lat' dir='ltr'>discerpens</span> <span class='ocrx_word' id='word_1_647' title='bbox 2018 2658 2059 2692; x_wconf 91' lang='lat' dir='ltr'>et</span> <span class='ocrx_word' id='word_1_648' title='bbox 2084 2649 2182 2692; x_wconf 89' lang='lat' dir='ltr'>hine</span> <span class='ocrx_word' id='word_1_649' title='bbox 2198 2646 2348 2690; x_wconf 86' lang='lat' dir='ltr'>indese</span> <span class='ocrx_word' id='word_1_650' title='bbox 2361 2645 2522 2702; x_wconf 83' lang='lat' dir='ltr'>jactans</span> <span class='ocrx_word' id='word_1_651' title='bbox 2542 2643 2708 2701; x_wconf 81' lang='lat' dir='ltr'>jamjam</span> 
     </span>
     <span class='ocr_line' id='line_1_88' title="bbox 1471 2725 2706 2783; baseline -0.014 -1"><span class='ocrx_word' id='word_1_652' title='bbox 1471 2755 1522 2782; x_wconf 86' lang='lat' dir='ltr'>ex</span> <span class='ocrx_word' id='word_1_653' title='bbox 1543 2737 1766 2781; x_wconf 84' lang='lat' dir='ltr'>artificioso</span> <span class='ocrx_word' id='word_1_654' title='bbox 1784 2735 1863 2776; x_wconf 87' lang='lat' dir='ltr'>isto</span> <span class='ocrx_word' id='word_1_655' title='bbox 1884 2745 2048 2775; x_wconf 79' lang='lat' dir='ltr'>carcere</span> <span class='ocrx_word' id='word_1_656' title='bbox 2076 2728 2299 2772; x_wconf 80' lang='lat' dir='ltr'>exsilientis</span> <span class='ocrx_word' id='word_1_657' title='bbox 2319 2726 2498 2783; x_wconf 86' lang='lat' dir='ltr'>speciem</span> <span class='ocrx_word' id='word_1_658' title='bbox 2526 2725 2706 2782; x_wconf 77' lang='lat' dir='ltr'>praefert.</span> 
     </span>
     <span class='ocr_line' id='line_1_89' title="bbox 1471 2805 2710 2867; baseline -0.012 -3"><span class='ocrx_word' id='word_1_659' title='bbox 1471 2821 1522 2864; x_wconf 92' lang='lat' dir='ltr'>Id</span> <span class='ocrx_word' id='word_1_660' title='bbox 1550 2820 1859 2863; x_wconf 70' lang='lat' dir='ltr'>extimescentes</span> <span class='ocrx_word' id='word_1_661' title='bbox 1890 2822 2009 2857; x_wconf 70' lang='lat' dir='ltr'>terrae</span> <span class='ocrx_word' id='word_1_662' title='bbox 2032 2818 2264 2867; x_wconf 85' lang='lat' dir='ltr'>serpentem</span> <span class='ocrx_word' id='word_1_663' title='bbox 2302 2806 2522 2864; x_wconf 79' lang='lat' dir='ltr'>applicant,</span> <span class='ocrx_word' id='word_1_664' title='bbox 2548 2805 2710 2849; x_wconf 78' lang='lat' dir='ltr'>crebra·</span> 
     </span>
     <span class='ocr_line' id='line_1_90' title="bbox 1472 2886 2708 2962; baseline -0.015 -16"><span class='ocrx_word' id='word_1_665' title='bbox 1472 2918 1555 2962; x_wconf 87' lang='lat' dir='ltr'>que</span> <span class='ocrx_word' id='word_1_666' title='bbox 1576 2899 1717 2950; x_wconf 65' lang='lat' dir='ltr'>caudae</span> <span class='ocrx_word' id='word_1_667' title='bbox 1738 2897 1965 2956; x_wconf 86' lang='lat' dir='ltr'>punctione</span> <span class='ocrx_word' id='word_1_668' title='bbox 1984 2893 2038 2937; x_wconf 83' lang='lat' dir='ltr'>ad</span> <span class='ocrx_word' id='word_1_669' title='bbox 2077 2892 2258 2950; x_wconf 86' lang='lat' dir='ltr'>partium</span> <span class='ocrx_word' id='word_1_670' title='bbox 2289 2887 2434 2931; x_wconf 87' lang='lat' dir='ltr'>dolore</span> <span class='ocrx_word' id='word_1_671' title='bbox 2468 2886 2708 2930; x_wconf 63' lang='lat' dir='ltr'>affectarunt</span> 
     </span>
     <span class='ocr_line' id='line_1_91' title="bbox 1472 2968 2711 3029; baseline -0.016 0"><span class='ocrx_word' id='word_1_672' title='bbox 1472 2999 1639 3029; x_wconf 90' lang='lat' dir='ltr'>sensum</span> <span class='ocrx_word' id='word_1_673' title='bbox 1662 2995 1825 3026; x_wconf 88' lang='lat' dir='ltr'>morsus</span> <span class='ocrx_word' id='word_1_674' title='bbox 1854 2978 2043 3021; x_wconf 87' lang='lat' dir='ltr'>dentium</span> <span class='ocrx_word' id='word_1_675' title='bbox 2067 2972 2325 3017; x_wconf 81' lang='lat' dir='ltr'>abstrabunt.</span> <span class='ocrx_word' id='word_1_676' title='bbox 2384 2969 2504 3012; x_wconf 86' lang='lat' dir='ltr'>mum</span> <span class='ocrx_word' id='word_1_677' title='bbox 2530 2968 2711 3025; x_wconf 79' lang='lat' dir='ltr'>denique</span> 
     </span>
    </p>
   </div>
   <div class='ocr_carea' id='block_1_13' title="bbox 1474 3044 2782 4027">
    <p class='ocr_par' dir='ltr' id='par_1_13' title="bbox 1474 3044 2782 4027">
     <span class='ocr_line' id='line_1_92' title="bbox 1474 3044 2708 3113; baseline -0.015 -7"><span class='ocrx_word' id='word_1_678' title='bbox 1474 3059 1768 3106; x_wconf 78' lang='lat' dir='ltr'>Alexandriam</span> <span class='ocrx_word' id='word_1_679' title='bbox 1798 3055 2061 3113; x_wconf 85' lang='lat' dir='ltr'>deportatum</span> <span class='ocrx_word' id='word_1_680' title='bbox 2090 3051 2176 3107; x_wconf 88' lang='lat' dir='ltr'>regi</span> <span class='ocrx_word' id='word_1_681' title='bbox 2205 3048 2384 3099; x_wconf 87' lang='lat' dir='ltr'>donant,</span> <span class='ocrx_word' id='word_1_682' title='bbox 2407 3044 2584 3089; x_wconf 87' lang='lat' dir='ltr'>insolens</span> <span class='ocrx_word' id='word_1_683' title='bbox 2613 3059 2708 3101; x_wconf 85' lang='lat' dir='ltr'>pro·</span> 
     </span>
     <span class='ocr_line' id='line_1_93' title="bbox 1475 3121 2709 3182; baseline -0.017 1"><span class='ocrx_word' id='word_1_684' title='bbox 1475 3140 1581 3182; x_wconf 88' lang='lat' dir='ltr'>fecto</span> <span class='ocrx_word' id='word_1_685' title='bbox 1606 3146 1649 3180; x_wconf 87' lang='lat' dir='ltr'>et</span> <span class='ocrx_word' id='word_1_686' title='bbox 1672 3133 1936 3179; x_wconf 83' lang='lat' dir='ltr'>audientibus</span> <span class='ocrx_word' id='word_1_687' title='bbox 1965 3126 2206 3172; x_wconf 84' lang='lat' dir='ltr'>incredibile</span> <span class='ocrx_word' id='word_1_688' title='bbox 2232 3132 2482 3168; x_wconf 81' lang='lat' dir='ltr'>monstrum.</span> <span class='ocrx_word' id='word_1_689' title='bbox 2542 3121 2608 3165; x_wconf 79' lang='lat' dir='ltr'>Ad</span> <span class='ocrx_word' id='word_1_690' title='bbox 2632 3123 2709 3164; x_wconf 86' lang='lat' dir='ltr'>mi·</span> 
     </span>
     <span class='ocr_line' id='line_1_94' title="bbox 1474 3198 2707 3268; baseline -0.015 -8"><span class='ocrx_word' id='word_1_691' title='bbox 1474 3215 1659 3259; x_wconf 86' lang='lat' dir='ltr'>raculum</span> <span class='ocrx_word' id='word_1_692' title='bbox 1678 3210 1802 3268; x_wconf 77' lang='lat' dir='ltr'>hujus</span> <span class='ocrx_word' id='word_1_693' title='bbox 1824 3210 1882 3253; x_wconf 88' lang='lat' dir='ltr'>rei</span> <span class='ocrx_word' id='word_1_694' title='bbox 1908 3207 2077 3250; x_wconf 85' lang='lat' dir='ltr'>accessit</span> <span class='ocrx_word' id='word_1_695' title='bbox 2092 3203 2291 3247; x_wconf 87' lang='lat' dir='ltr'>cicuratio</span> <span class='ocrx_word' id='word_1_696' title='bbox 2313 3202 2433 3259; x_wconf 88' lang='lat' dir='ltr'>plane</span> <span class='ocrx_word' id='word_1_697' title='bbox 2450 3198 2707 3242; x_wconf 85' lang='lat' dir='ltr'>admiranda.</span> 
     </span>
     <span class='ocr_line' id='line_1_95' title="bbox 1475 3275 2782 3344; baseline -0.016 -8"><span class='ocrx_word' id='word_1_698' title='bbox 1475 3290 1671 3337; x_wconf 76' lang='lat' dir='ltr'>Alimenti</span> <span class='ocrx_word' id='word_1_699' title='bbox 1690 3289 1800 3331; x_wconf 90' lang='lat' dir='ltr'>enim</span> <span class='ocrx_word' id='word_1_700' title='bbox 1831 3285 2006 3344; x_wconf 85' lang='lat' dir='ltr'>penuria</span> <span class='ocrx_word' id='word_1_701' title='bbox 2036 3282 2230 3324; x_wconf 86' lang='lat' dir='ltr'>ferociam</span> <span class='ocrx_word' id='word_1_702' title='bbox 2255 3278 2344 3335; x_wconf 82' lang='lat' dir='ltr'>ejus</span> <span class='ocrx_word' id='word_1_703' title='bbox 2362 3277 2640 3333; x_wconf 82' lang='lat' dir='ltr'>subegerunt,</span> <span class='ocrx_word' id='word_1_704' title='bbox 2664 3283 2712 3318; x_wconf 86' lang='lat' dir='ltr'>ut</span> <span class='ocrx_word' id='word_1_705' title='bbox 2767 3275 2782 3336; x_wconf 66' lang='grc' dir='ltr'>,ξ’</span> 
     </span>
     <span class='ocr_line' id='line_1_96' title="bbox 1477 3351 2782 3421; baseline -0.016 -9"><span class='ocrx_word' id='word_1_706' title='bbox 1477 3369 1630 3412; x_wconf 89' lang='lat' dir='ltr'>sensim</span> <span class='ocrx_word' id='word_1_707' title='bbox 1653 3366 1922 3421; x_wconf 84' lang='lat' dir='ltr'>mitigaretur.</span> <span class='ocrx_word' id='word_1_708' title='bbox 1981 3358 2225 3404; x_wconf 81' lang='lat' dir='ltr'>Ptolemaeus</span> <span class='ocrx_word' id='word_1_709' title='bbox 2246 3364 2385 3399; x_wconf 82' lang='lat' dir='ltr'>autem</span> <span class='ocrx_word' id='word_1_710' title='bbox 2416 3367 2547 3412; x_wconf 89' lang='lat' dir='ltr'>quum</span> <span class='ocrx_word' id='word_1_711' title='bbox 2575 3351 2712 3408; x_wconf 88' lang='lat' dir='ltr'>dignis</span> <span class='ocrx_word' id='word_1_712' title='bbox 2752 3353 2782 3412; x_wconf 57' lang='grc' dir='ltr'>ξ’·</span> 
     </span>
     <span class='ocr_line' id='line_1_97' title="bbox 1475 3430 2766 3498; baseline -0.015 -11"><span class='ocrx_word' id='word_1_713' title='bbox 1475 3451 1688 3487; x_wconf 74' lang='lat' dir='ltr'>venatores</span> <span class='ocrx_word' id='word_1_714' title='bbox 1709 3439 1889 3498; x_wconf 80' lang='lat' dir='ltr'>praemiis</span> <span class='ocrx_word' id='word_1_715' title='bbox 1920 3436 2137 3486; x_wconf 80' lang='lat' dir='ltr'>affecisset,</span> <span class='ocrx_word' id='word_1_716' title='bbox 2165 3440 2398 3490; x_wconf 81' lang='lat' dir='ltr'>serpentem</span> <span class='ocrx_word' id='word_1_717' title='bbox 2430 3430 2487 3472; x_wconf 84' lang='lat' dir='ltr'>ita</span> <span class='ocrx_word' id='word_1_718' title='bbox 2521 3440 2709 3471; x_wconf 82' lang='lat' dir='ltr'>mansue·</span> <span class='ocrx_word' id='word_1_719' title='bbox 2758 3463 2766 3478; x_wconf 76' lang='grc'>,</span> 
     </span>
     <span class='ocr_line' id='line_1_98' title="bbox 1474 3497 2771 3571; baseline -0.014 -7"><span class='ocrx_word' id='word_1_720' title='bbox 1474 3521 1628 3566; x_wconf 87' lang='lat' dir='ltr'>factum</span> <span class='ocrx_word' id='word_1_721' title='bbox 1661 3518 1857 3569; x_wconf 79' lang='lat' dir='ltr'>nutrivit,</span> <span class='ocrx_word' id='word_1_722' title='bbox 1892 3517 2036 3571; x_wconf 88' lang='lat' dir='ltr'>ingens</span> <span class='ocrx_word' id='word_1_723' title='bbox 2071 3510 2303 3568; x_wconf 85' lang='lat' dir='ltr'>hospitibus</span> <span class='ocrx_word' id='word_1_724' title='bbox 2339 3509 2383 3552; x_wconf 87' lang='lat' dir='ltr'>iu</span> <span class='ocrx_word' id='word_1_725' title='bbox 2414 3519 2589 3563; x_wconf 84' lang='lat' dir='ltr'>regnum</span> <span class='ocrx_word' id='word_1_726' title='bbox 2622 3502 2711 3562; x_wconf 78' lang='lat' dir='ltr'>ejus</span> <span class='ocrx_word' id='word_1_727' title='bbox 2748 3497 2771 3571; x_wconf 61' lang='grc' dir='ltr'><strong>ξ</strong></span> 
     </span>
     <span class='ocr_line' id='line_1_99' title="bbox 1474 3583 2782 3662; baseline -0.018 -20"><span class='ocrx_word' id='word_1_728' title='bbox 1474 3597 1668 3656; x_wconf 80' lang='lat' dir='ltr'>profectis</span> <span class='ocrx_word' id='word_1_729' title='bbox 1682 3595 1900 3653; x_wconf 88' lang='lat' dir='ltr'>etplenum</span> <span class='ocrx_word' id='word_1_730' title='bbox 1915 3584 2503 3652; x_wconf 80' lang='lat' dir='ltr'>admirationisspectaculum.</span> <span class='ocrx_word' id='word_1_731' title='bbox 2565 3583 2710 3636; x_wconf 78' lang='lat' dir='ltr'>Quum</span> <span class='ocrx_word' id='word_1_732' title='bbox 2755 3579 2782 3662; x_wconf 75' lang='grc' dir='ltr'>,ζ1</span> 
     </span>
     <span class='ocr_line' id='line_1_100' title="bbox 1476 3665 2767 3733; baseline -0.017 -14"><span class='ocrx_word' id='word_1_733' title='bbox 1476 3678 1601 3733; x_wconf 79' lang='lat' dir='ltr'>igitur</span> <span class='ocrx_word' id='word_1_734' title='bbox 1619 3674 1763 3730; x_wconf 81' lang='lat' dir='ltr'>anguis</span> <span class='ocrx_word' id='word_1_735' title='bbox 1787 3681 1870 3714; x_wconf 86' lang='lat' dir='ltr'>tam</span> <span class='ocrx_word' id='word_1_736' title='bbox 1889 3669 2070 3714; x_wconf 87' lang='lat' dir='ltr'>enormis</span> <span class='ocrx_word' id='word_1_737' title='bbox 2085 3666 2218 3724; x_wconf 88' lang='lat' dir='ltr'>palam</span> <span class='ocrx_word' id='word_1_738' title='bbox 2242 3665 2285 3706; x_wconf 89' lang='lat' dir='ltr'>in</span> <span class='ocrx_word' id='word_1_739' title='bbox 2307 3667 2575 3719; x_wconf 89' lang='lat' dir='ltr'>conspectum</span> <span class='ocrx_word' id='word_1_740' title='bbox 2591 3668 2711 3699; x_wconf 78' lang='lat' dir='ltr'>venc-</span> <span class='ocrx_word' id='word_1_741' title='bbox 2750 3712 2767 3731; x_wconf 7' lang='grc' dir='ltr'>ᾗ,</span> 
     </span>
     <span class='ocr_line' id='line_1_101' title="bbox 1476 3731 2755 3806; baseline -0.019 -9"><span class='ocrx_word' id='word_1_742' title='bbox 1476 3755 1546 3806; x_wconf 85' lang='lat' dir='ltr'>rit,</span> <span class='ocrx_word' id='word_1_743' title='bbox 1561 3767 1645 3795; x_wconf 93' lang='lat' dir='ltr'>non</span> <span class='ocrx_word' id='word_1_744' title='bbox 1661 3750 1766 3794; x_wconf 87' lang='lat' dir='ltr'>adeo</span> <span class='ocrx_word' id='word_1_745' title='bbox 1785 3748 1887 3792; x_wconf 82' lang='lat' dir='ltr'>fides</span> <span class='ocrx_word' id='word_1_746' title='bbox 1901 3742 2144 3802; x_wconf 88' lang='lat' dir='ltr'>deneganda</span> <span class='ocrx_word' id='word_1_747' title='bbox 2157 3750 2218 3785; x_wconf 84' lang='lat' dir='ltr'>est</span> <span class='ocrx_word' id='word_1_748' title='bbox 2238 3736 2516 3796; x_wconf 75' lang='lat' dir='ltr'>Ethiopibus,</span> <span class='ocrx_word' id='word_1_749' title='bbox 2533 3740 2607 3777; x_wconf 87' lang='lat' dir='ltr'>aut</span> <span class='ocrx_word' id='word_1_750' title='bbox 2627 3738 2710 3775; x_wconf 74' lang='lat' dir='ltr'>stn-</span> <span class='ocrx_word' id='word_1_751' title='bbox 2745 3731 2755 3751; x_wconf 66' lang='lat'>³</span> 
     </span>
     <span class='ocr_line' id='line_1_102' title="bbox 1477 3810 2713 3887; baseline -0.019 -13"><span class='ocrx_word' id='word_1_752' title='bbox 1477 3833 1551 3874; x_wconf 88' lang='lat' dir='ltr'>tim</span> <span class='ocrx_word' id='word_1_753' title='bbox 1577 3845 1654 3887; x_wconf 90' lang='lat' dir='ltr'>pro</span> <span class='ocrx_word' id='word_1_754' title='bbox 1681 3827 1815 3870; x_wconf 85' lang='lat' dir='ltr'>fabula</span> <span class='ocrx_word' id='word_1_755' title='bbox 1836 3821 2140 3882; x_wconf 87' lang='lat' dir='ltr'>accipiendum,</span> <span class='ocrx_word' id='word_1_756' title='bbox 2167 3817 2282 3876; x_wconf 92' lang='lat' dir='ltr'>quod</span> <span class='ocrx_word' id='word_1_757' title='bbox 2307 3816 2361 3859; x_wconf 87' lang='lat' dir='ltr'>ab</span> <span class='ocrx_word' id='word_1_758' title='bbox 2382 3814 2459 3857; x_wconf 84' lang='lat' dir='ltr'>illis</span> <span class='ocrx_word' id='word_1_759' title='bbox 2479 3810 2713 3867; x_wconf 61' lang='lat' dir='ltr'>dietiumr2</span> 
     </span>
     <span class='ocr_line' id='line_1_103' title="bbox 1475 3887 2771 3955; baseline -0.019 -5"><span class='ocrx_word' id='word_1_760' title='bbox 1475 3910 1710 3951; x_wconf 75' lang='lat' dir='ltr'>memorant</span> <span class='ocrx_word' id='word_1_761' title='bbox 1725 3905 1852 3955; x_wconf 89' lang='lat' dir='ltr'>enim,</span> <span class='ocrx_word' id='word_1_762' title='bbox 1874 3911 1958 3944; x_wconf 85' lang='lat' dir='ltr'>tam</span> <span class='ocrx_word' id='word_1_763' title='bbox 1991 3907 2126 3942; x_wconf 81' lang='lat' dir='ltr'>vastos</span> <span class='ocrx_word' id='word_1_764' title='bbox 2153 3894 2265 3954; x_wconf 87' lang='lat' dir='ltr'>apud</span> <span class='ocrx_word' id='word_1_765' title='bbox 2286 3908 2330 3936; x_wconf 89' lang='lat' dir='ltr'>se</span> <span class='ocrx_word' id='word_1_766' title='bbox 2351 3902 2505 3947; x_wconf 82' lang='lat' dir='ltr'>angues</span> <span class='ocrx_word' id='word_1_767' title='bbox 2536 3892 2707 3941; x_wconf 64' lang='lat' dir='ltr'>compo·</span> <span class='ocrx_word' id='word_1_768' title='bbox 2726 3887 2771 3893; x_wconf 74' lang='lat'>‘&#39;</span> 
     </span>
     <span class='ocr_line' id='line_1_104' title="bbox 1478 3955 2708 4027; baseline -0.022 -7"><span class='ocrx_word' id='word_1_769' title='bbox 1478 3986 1565 4020; x_wconf 79' lang='lat' dir='ltr'>ctos</span> <span class='ocrx_word' id='word_1_770' title='bbox 1583 3990 1683 4027; x_wconf 80' lang='lat' dir='ltr'>csse,</span> <span class='ocrx_word' id='word_1_771' title='bbox 1706 3982 1751 4016; x_wconf 86' lang='lat' dir='ltr'>ut</span> <span class='ocrx_word' id='word_1_772' title='bbox 1782 3987 1864 4015; x_wconf 91' lang='lat' dir='ltr'>non</span> <span class='ocrx_word' id='word_1_773' title='bbox 1878 3970 2012 4014; x_wconf 81' lang='lat' dir='ltr'>solum</span> <span class='ocrx_word' id='word_1_774' title='bbox 2028 3975 2168 4011; x_wconf 75' lang='lat' dir='ltr'>vaccas</span> <span class='ocrx_word' id='word_1_775' title='bbox 2189 3973 2231 4007; x_wconf 90' lang='lat' dir='ltr'>et</span> <span class='ocrx_word' id='word_1_776' title='bbox 2245 3971 2384 4006; x_wconf 84' lang='lat' dir='ltr'>tauros</span> <span class='ocrx_word' id='word_1_777' title='bbox 2395 3958 2572 4013; x_wconf 69' lang='lat' dir='ltr'>aliasque</span> <span class='ocrx_word' id='word_1_778' title='bbox 2587 3955 2708 3994; x_wconf 70' lang='lat' dir='ltr'>unte</span> 
     </span>
    </p>
   </div>
  </div>
 </body>
</html>
