2782 4348
89 152 183 220 (π)

95 330 350 393 Ἠράκλεια,
371 326 598 391 Σπερχειὸς
619 323 819 382 ποταμός.

90 402 274 458 ;Μηλιεῒς
293 397 502 462 [Μαλιεῖς]
523 395 648 445 ἔθνος.
682 391 808 438 Ἔστι
829 389 871 435 δὲ
890 391 1121 436 Μαλιεῦσιν
1133 393 1160 445 ἡ
1177 388 1319 450 πρώτη

93 470 232 522 πόλεις
253 468 420 528 Λάμια,
446 463 604 526 ἐσχάτη
640 459 683 507 δὲ
708 461 884 522 Ἔχῑνος·
907 459 984 505 εἶσὶ
1021 459 1063 504 δὲ
1098 459 1170 504 καὶ
1198 460 1321 505 ἄλλαι

89 540 226 592 πόλεις
244 538 464 590 Μαλιεῦσι,
483 533 606 595 μέχρι
625 524 671 578 οἷ
695 533 716 575 ὃ
735 530 883 580 κόλπος
908 529 1087 589 ἔπιθίγῃ.
1160 530 1246 575 Καὶ
1269 533 1318 590 τῇ

1196 149 1503 197 rEsslrLus.
1647 186 1651 189 .
1963 216 1972 227 „
2558 171 2619 211 ⁴9

89 262 262 324 τίνιον).
331 239 536 309 Ἐνταῦθα
587 256 888 320 Θερμοπύλαι,
941 252 1124 314 Τραχὶς,
1182 252 1316 308 Οἴτη,
1382 259 1639 312 Cytinium.)
1687 313 1695 322 .
1879 313 1887 321 ι

886 320 1254 368 ΜΑΛῙΕῙΣ,Μετὰ
1278 321 1320 367 δὲ
1385 312 1492 362 elea,
1530 313 1749 368 Sperchias
1791 313 1955 352 fluvius.

1697 258 1783 299 Illic
1804 257 2106 312 Thermopylae,
2126 259 2311 311 Trachis,
2333 265 2455 314 OEta,
2490 269 2617 310 Hera..

2014 314 2269 354 MAanssss.
2319 318 2415 356 Post
2453 322 2620 362 Melien-

1390 381 1453 407 ses
1468 382 1566 408 vero
1584 376 1681 408 sunt
1701 367 1952 423 [Malienses
1964 367 1996 422 ]‚
2018 368 2234 422 primaque
2247 370 2504 413 Maliensium
2524 377 2623 416 urbs

1393 423 1557 472 Lamia,
1581 431 1788 477 postrema
1815 422 1999 462 Echinus
2031 430 2106 462 est.
2132 422 2324 463 Ceterum
2356 426 2441 465 aliae
2463 443 2625 483 quoque

1392 477 1575 516 civitates
1609 477 1874 518 Maliensibus
1910 485 2006 517 sunt
2031 490 2246 531 quousque
2277 479 2389 518 sinus
2415 484 2623 536 pertingit.

1392 532 1564 584 Regioni
1583 532 1845 572 Maliensium
1867 532 2032 572 finitimi
2054 540 2150 572 sunt
2169 547 2220 572 ex
2242 535 2521 587 superioribus
2543 553 2626 579 me-

83 699 206 746 inest,
228 708 312 749 quo
327 693 552 733 doceamur
570 693 702 731 Dores
720 688 773 730 ad
791 703 904 729 mare
931 688 1193 742 pertinuisse.
1215 690 1322 729 Pen-

86 758 156 799 det
162 756 401 798 Clausenius
413 769 498 795 non
508 769 557 794 ex
565 751 796 800 Herodoto,
805 749 877 791 sed
889 765 940 791 ex
946 750 1111 790 Mfilleri
1123 751 1325 791 sententia

24 857 27 859 .
80 820 129 859 in
147 822 248 859 Dor.
271 819 292 858 I
305 849 317 868 ,
345 831 388 872 p.
420 819 474 866 40
496 815 681 870 exposita
703 821 744 854 et
762 813 806 852 in
824 826 975 867 mappa
998 813 1167 853 Graeciae
1190 812 1242 852 ab
1260 827 1326 853 eo-

85 880 181 922 dem
196 880 412 921 delineata.
438 879 645 919 Nimirum
660 890 790 931 quum
802 874 913 930 apud
927 874 1057 915 schol.
1082 874 1251 916 Pindar.
1273 877 1320 916 P.

84 945 129 994 1,
160 956 233 984 121
257 957 328 983 sex
359 941 596 982 tribuantur
614 938 887 980 Doriensibus
910 936 1088 993 oppida,
1120 938 1296 994 Erineus
1309 969 1321 988 ,

85 1006 312 1061 Cytinium,
333 1006 495 1054 Boeum‚
518 1003 706 1053 Lilaeum,
732 1001 930 1056 Carphaea
947 1008 988 1040 et
1005 1002 1173 1055 Dryope
1193 1013 1202 1040 :
1225 1001 1323 1040 Car-

3 1103 11 1114 ,
83 1068 243 1124 phaeam
254 1066 428 1109 eandem
440 1070 526 1107 esse
537 1064 728 1107 censebat
739 1077 835 1106 cum
848 1062 1078 1118 Scarphaea,
1094 1064 1325 1116 Locrorum

84 1129 467 1186 Epicnemidiorum
490 1128 594 1169 urbe
610 1128 853 1177 ,maritima,
875 1141 899 1166 a
926 1125 1214 1180 Thermopylis
1243 1133 1321 1167 sta-

85 1194 157 1235 dia
189 1194 240 1235 56
254 1225 266 1244 ,
288 1208 313 1234 a
337 1192 525 1234 Thronio
545 1191 677 1232 stadia
710 1192 763 1232 80
782 1189 975 1239 distante,
1007 1188 1194 1244 adeoque
1214 1197 1325 1229 recte

84 1255 236 1296 habere
257 1254 450 1296 credebat
471 1269 518 1294 ea
540 1267 631 1308 quae
649 1253 693 1292 in
715 1251 877 1306 Scylace
906 1265 1020 1291 nunc
1040 1250 1248 1304 leguntur.
1270 1254 1326 1292 At

79 1319 172 1372 ipse
191 1317 391 1358 Miillerus
423 1315 669 1356 sententiam
691 1314 928 1355 retractavit
959 1314 1003 1353 in
1033 1312 1199 1353 libello:
1235 1317 1328 1354 Zur

86 1383 213 1419 Karta
227 1379 297 1420 des
315 1378 550 1418 nordlichen
571 1375 888 1417 Griechenlands
906 1390 948 1431 p.
973 1377 1021 1416 31
1041 1389 1121 1430 sq„
1138 1375 1211 1416 ubi
1226 1376 1326 1416 Car-

76 1442 244 1496 phaeam
265 1441 490 1481 scholiastae
512 1438 916 1492 intelligendamesse
935 1446 1078 1479 monet
1092 1437 1144 1478 de
1160 1453 1208 1479 ea
1222 1439 1326 1479 urbe

85 1518 211 1559 quam
233 1504 386 1558 Τάρφην
403 1504 610 1542 Homerus
631 1501 681 1542 Il.
707 1514 732 1541 2
747 1532 758 1552 ,
790 1501 869 1541 532
900 1509 941 1541 et
970 1500 1200 1555 Stephanus
1223 1516 1256 1541 5.
1284 1516 1323 1542 v.

84 1573 258 1615 vocant,
282 1564 459 1618 Σκάρφην
490 1578 587 1603 vero
610 1563 758 1604 Strabo
780 1565 826 1613 I,
850 1577 894 1618 p.
918 1567 971 1603 60
993 1571 1033 1602 et
1062 1563 1148 1613 IX,
1169 1577 1212 1617 p.
1245 1566 1325 1612 426

77 1625 210 1676 dicit,
242 1634 467 1681 posteaque
497 1625 680 1680 Φαρύγας
715 1624 1025 1666 denominatam
1061 1640 1148 1666 esse
1186 1625 1323 1667 docet.

84 1689 182 1728 Haec
200 1690 312 1729 enim
338 1689 437 1729 urbs
455 1687 569 1729 haud
595 1688 716 1742 longe
737 1687 878 1728 dissita
901 1702 925 1728 a
954 1688 1108 1728 Dorica
1136 1689 1326 1743 teti-apoli

79 1759 171 1791 erat
190 1752 297 1792 inter
315 1753 468 1792 OEtam
489 1759 530 1792 et
550 1753 802 1808 Parnassum·
827 1758 1004 1791 monteS.
1038 1749 1157 1791 Idem
1177 1751 1326 1792 Mulle-

76 1827 156 1854 ‚rus
178 1814 230 1855 ad
251 1809 557 1869 infringendam
588 1815 720 1855 nostri
746 1813 826 1854 loci
853 1813 1141 1854 auctoritatem
1163 1814 1327 1855 Cicero-

78 1890 181 1917 nem
212 1876 352 1918 laudat
383 1877 476 1933 (De
498 1891 587 1932 rep.
620 1879 688 1928 II,
714 1879 772 1931 4)
794 1890 803 1916 ;
839 1879 979 1917 Extra
1007 1876 1327 1932 Peloponnesum

82 1939 282 1992 AEnianes
296 1949 336 1980 et
354 1943 482 1980 Dores
497 1949 536 1980 et
551 1940 728 1996 Dolopes
743 1939 824 1980 soli
839 1939 991 1979 absunt
1006 1954 1033 1979 a
1053 1938 1176 1979 mari.
1200 1941 1326 1992 Quod

84 2001 256 2055 quidem
285 2003 569 2043 testimonium
599 2011 716 2043 tanto
750 2001 918 2056 majoris
957 2001 1195 2042 faciendum
1236 2012 1323 2054 est,

80 2077 214 2118 quum
233 2079 284 2105 ex
301 2067 380 2120 Ep.
404 2065 457 2106 ad
476 2068 562 2107 Att.
579 2067 657 2116 VI,
679 2079 704 2106 2
723 2065 878 2120 liqueat
896 2065 1139 2106 Ciceronem
1155 2066 1198 2105 in
1218 2067 1327 2106 Geo-

75 2127 287 2181 .graphicis
318 2129 402 2168 suis
420 2142 505 2183 prae
535 2129 680 2168 ceteris
707 2136 896 2168 secutum
924 2142 1010 2167 esse
1041 2127 1327 2168 Dicaearchum

75 2191 158 2242 (v.
179 2191 342 2244 Fragm.
360 2191 467 2231 Hist.
489 2192 546 2241 II,
567 2205 609 2245 p.
634 2194 730 2244 267,
755 2191 806 2244 73
827 2189 859 2245 ),
878 2190 1014 2229 virum
1034 2189 1222 2243 Scylaceo
1241 2205 1326 2230 aevo

78 2252 338 2305 proximum,
361 2267 486 2307 quem
502 2266 626 2307 supra
644 2255 666 2304 S
684 2255 736 2300 44
757 2252 808 2292 de
826 2266 871 2291 re
890 2252 985 2291 satis
1000 2250 1214 2291 recondita
1232 2266 1327 2292 cum

83 2314 248 2369 Periplo
287 2324 431 2355 nostro
466 2315 789 2369 composuimus.
829 2315 1020 2368 Denique
1052 2314 1327 2355 Phocensium

86 2391 227 2427 oram,
263 2378 347 2417 sive
380 2385 561 2417 veterem
592 2379 825 2417 Locrorum
854 2375 1239 2431 Epicnemidiorum
1264 2376 1327 2417 di-

78 2440 243 2479 tionem
261 2470 273 2489 ,
315 2453 447 2494 usque
488 2438 541 2479 ad
582 2439 689 2493 ipsas
736 2439 1034 2494 Thermopylas
1081 2439 1327 2493 pertinuisse

81 2502 210 2541 etiam
228 2500 325 2542 inde
342 2502 503 2556 colligo,
522 2500 636 2556 quod
651 2502 788 2541 Nicaea
804 2501 919 2551 urbs,
938 2515 1029 2556 quae
1051 2502 1120 2541 vix
1137 2502 1281 2554 viginti
1305 2517 1328 2543 a

78 2563 372 2618 'Thermopylis
385 2563 515 2604 stadia
530 2562 668 2613 distat,
688 2577 774 2603 una
789 2578 885 2603 cum
894 2565 931 2603 T
934 2564 1083 2603 hronio
1102 2564 1328 2618 ceterisque

79 2624 274 2666 ‚Locridis
302 2625 476 2666 urbibus
491 2640 514 2666 a
532 2624 814 2668 Phocensibus
833 2633 1033 2679 occupata
1057 2633 1133 2675 est,
1152 2633 1328 2666 testante

77 2687 276 2729 AEschine
295 2690 358 2728 De
382 2687 469 2728 sals.
491 2688 568 2741 leg.
594 2690 616 2740 ς
648 2688 741 2738 132,
765 2702 809 2742 p.
835 2687 905 2737 45,
928 2688 996 2728 33.
1035 2688 1049 2739 [l
1076 2713 1133 2719 —
1153 2688 1328 2729 καλού-

77 2764 224 2804 ιμενοι
263 2750 397 2802 οἵδε]
436 2749 691 2804 καλούμενοι,
734 2749 800 2789 καὶ
831 2749 961 2797 πόλεις
994 2750 1078 2789 αἵδε
1112 2752 1329 2805 proposuit

85 2814 256 2853 Vossius
270 2844 280 2863 ,
301 2814 456 2868 recepit
475 2812 688 2853 Fabricius
702 2843 714 2863 ,
734 2820 885 2867 praeter
917 2813 1215 2853 necessitatem.
1238 2815 1255 2865 Η
1272 2838 1330 2844 -

92 2874 333 2930 Ἔρινεός..
363 2876 457 2916 Κυτ
473 2876 624 2928 ίνιον]
644 2874 799 2929 ἔρινος..
821 2875 867 2916 το
887 2876 1044 2931 γούνιον
1066 2875 1222 2926 codex3
1244 2891 1325 2918 em.

87 2938 274 2979 Vossius.
301 2938 451 2979 Omisit
479 2945 623 2978 auctor
644 2936 708 2977 vel
741 2951 828 2977 non
851 2940 1018 2992 agnovit
1040 2946 1230 2992 quartam
1257 2952 1328 2979 ur-

79 2998 182 3040 bem
199 3031 209 3049 ,
235 3000 417 3041 Pindum
450 2999 629 3053 (Strabo
658 3001 744 3050 IX,
774 3014 818 3055 p.
845 3003 948 3054 4273
973 3000 1107 3049 Mela,
1143 2999 1299 3040 Plinius
1315 3032 1325 3051 ,

88 3061 216 3102 schol.
257 3061 379 3103 Pind.
405 3065 452 3104 P.
471 3065 520 3117 [1,
552 3064 662 3117 121)
692 3062 756 3103 vel
787 3063 1004 3118 Acypham
1033 3063 1325 3118 (Theopomp.

79 3136 155 3178 sap.
181 3125 238 3164 St.
263 3126 359 3179 Byz.
399 3140 432 3166 s.
470 3127 543 3180 v).
569 3127 624 3166 V.
650 3125 816 3166 Maller.
843 3126 872 3166 l.
905 3126 934 3166 l.
967 3128 985 3179 Η
1015 3150 1072 3157 —-
1107 3126 1324 3181 Τραχὶς,

91 3183 217 3237 Οἴτη
232 3217 243 3235 ,
285 3184 340 3226 ‘fl
354 3202 373 3241 ρ
387 3187 482 3227 άκλ
496 3189 598 3240 εια]
634 3189 778 3242 Inepte
807 3188 917 3229 OEta
938 3202 1059 3228 mons
1089 3189 1197 3228 inter
1226 3189 1329 3229 Tra-

90 3245 222 3292 chinis
253 3255 294 3287 et
328 3250 533 3290 Heracleae
566 3250 822 3290 mentionem
854 3250 1099 3291 intruditur.
1135 3252 1331 3292 Heraclea

83 3321 160 3348 van.
186 3311 265 3356 426
287 3324 311 3349 a
332 3311 654 3352 Lacedaemoniis
677 3311 869 3362 condita,
895 3327 966 3352 sex
1003 3321 1166 3353 tantum
1188 3313 1329 3354 stadiis

85 3384 117 3410 va
134 3371 266 3424 prisca
283 3373 486 3414 Trachine
505 3375 660 3415 dissita.
688 3376 744 3415 V.
772 3374 964 3429 Thucyd.
986 3377 1064 3425 III,
1088 3389 1140 3429 92
1158 3391 1168 3425 ;
1188 3377 1329 3430 Scym-

92 3445 172 3472 nus
194 3431 298 3484 5983
325 3435 469 3476 Strabo
493 3451 535 3491 p.
563 3438 671 3487 4283
696 3436 872 3477 Diodor.
903 3438 1012 3488 XII,
1041 3438 1118 3492 59,
1144 3439 1166 3479 3
1192 3439 1329 3478 minus

84 3501 282 3533 accurate
300 3493 470 3549 loquens
491 3510 500 3537 :
526 3498 822 3554 Λακεδαιμόνιοι
844 3497 913 3550 τὴν
937 3500 1116 3555 Τραχῖνα
1138 3500 1329 3555 καλουμέ-

94 3569 163 3606 νην
184 3555 326 3609 ᾤκισαν
353 3557 417 3596 καὶ
451 3560 726 3615 μετωνόμασαν
754 3559 1001 3616 Ἡράκλειαν.
1037 3562 1141 3603 Inde
1168 3563 1222 3603 ab
1250 3563 1330 3603 hoc

91 3626 280 3671 ,tempore
294 3618 465 3659 Trachis
483 3620 702 3675 deperiisse
718 3622 804 3664 fere
818 3623 996 3664 videtur.
1018 3627 1036 3677 11
1053 3649 1110 3655 -
1124 3625 1163 3665 Μ
1174 3641 1196 3677 η
1206 3625 1232 3664 λ
1243 3641 1253 3664 ι
1263 3641 1279 3666 ε
1290 3627 1331 3673 ῖς

90 3679 217 3719 Μαλ.
243 3678 290 3719 ἔθ
305 3694 324 3719 ν
336 3681 410 3735 ος]
434 3681 586 3729 Μιλιεῖς
610 3682 717 3731 ἔθνος
732 3684 884 3734 codex3
906 3685 1039 3726 suerat
1056 3687 1223 3739 Μηλιεῖς
1242 3688 1329 3727 Μα-

97 3741 195 3789 λιεῖς
215 3740 337 3791 ἔθνος,
356 3750 403 3781 ut
421 3751 531 3796 patet
547 3758 595 3784 ex
612 3759 701 3799 sqq.
721 3747 913 3786 Ceterum
931 3747 1097 3799 Μηλιεῖς
1110 3757 1151 3789 et
1162 3749 1328 3798 Μαλιεῖς

89 3804 260 3844 nonnisi
277 3803 458 3857 ejusdem
480 3807 657 3846 nominis
678 3806 830 3848 formas
847 3822 933 3848 esse
950 3808 1130 3850 diversas
1140 3811 1225 3865 jam
1241 3812 1328 3852 Pal-

87 3867 247 3906 ,merius
279 3867 441 3906 monuit
460 3865 516 3922 (V.
535 3868 593 3907 St.
612 3868 736 3908 Thes.
755 3883 789 3908 5.
813 3883 851 3909 v.
874 3869 1044 3926 Μῆλος).
1060 3873 1196 3924 Ωιιοά
1217 3874 1329 3929 apud

89 3928 331 3969 Diodorum
361 3928 545 3984 (XVIII,
589 3929 670 3986 11)
707 3930 803 3970 olim
830 3931 1063 3985 legebatur:
1092 3935 1260 3987 Μηλιεῖς
1289 3936 1329 3976 δὲ

89 3989 197 4041 ,πλὴν
232 3991 454 4042 Μαλέων,
485 3991 524 4031 id
549 4006 631 4032 non
656 3994 698 4032 in
729 3992 928 4045 Μαλιέων,
950 3994 1021 4035 sed
1045 3997 1089 4037 in
1107 3998 1328 4053 Λαμιέων

268 4077 401 4105 crocu.

1394 689 1641 731 mutandum
1661 704 1746 730 csse
1766 699 1874 730 recte
1894 691 1996 731 vidit
2011 690 2179 731 Eckhel.
2198 699 2238 731 et
2251 693 2446 734 Mullerus
2465 699 2566 736 Dor.
2591 699 2626 748 Ι,

1393 765 1435 805 p.
1458 752 1510 800 43
1531 760 1570 792 et
1589 755 1642 792 Z.
1662 755 1789 792 Kctrte
1806 751 1849 791 d.
1865 767 1906 792 n.
1926 755 1998 792 Gr.
2019 766 2062 806 p.
2090 765 2154 792 11.
2180 753 2278 793 Haec
2295 757 2510 798 nominum
2533 773 2629 798 con-

1394 813 1500 854 fusio
1514 828 1644 868 quum
1665 812 1779 853 haud
1795 812 2032 867 infrequens
2048 814 2100 853 sit
2125 812 2139 869 (
2155 828 2191 853 e.
2215 828 2253 867 g.
2272 830 2337 871 ap.
2363 819 2551 860 Strabon.
2570 823 2625 871 Χ,

1393 890 1435 931 p.
1463 879 1559 926 446,
1577 876 1650 916 ubi
1673 890 1713 916 v.
1732 877 1916 916 Cramer.
1936 875 1968 931 )‚
1990 875 2193 930 simulque
2204 875 2298 930 jure
2318 879 2500 931 offendat
2518 884 2628 937 apud

1392 940 1591 980 Nostrum
1627 938 1843 979 Melienses
1875 953 1899 978 a
1922 938 2190 979 Maliensibus
2219 940 2427 994 distingui,
2458 946 2629 986 Vossius

1395 1002 1515 1054 (not.
1537 1001 1590 1042 ad
1610 1001 1757 1042 Catull.
1782 1015 1824 1056 p.
1848 1001 1945 1055 257,
1972 1003 2051 1054 287
2070 1000 2102 1055 ),
2124 1000 2348 1042 Hudsonus
2370 1012 2410 1044 et
2433 1006 2630 1047 Mfillerus

1394 1064 1422 1104 l.
1456 1064 1483 1104 l.
1520 1065 1563 1104 in
1586 1063 1749 1118 Periplo
1774 1064 2009 1105 Lamienses
2030 1062 2295 1103 Maliensibus
2326 1065 2631 1109 substituendos

1395 1141 1480 1167 esse
1512 1135 1788 1176 censuerunt,
1815 1125 2064 1180 suffragante
2083 1126 2127 1165 in
2156 1139 2305 1181 mappa
2334 1127 2480 1169 harum
2502 1133 2633 1184 regio·-

1394 1204 1496 1230 num
1525 1191 1740 1244 Kieperto.
1768 1188 1819 1229 Id
1842 1203 1938 1229 vero
1979 1189 2257 1243 quamtumvis
2280 1191 2415 1243 primo
2438 1191 2632 1247 adspectu

1395 1252 1590 1303 arrideat,
1612 1251 1725 1292 haud
1744 1259 1882 1292 tamen
1904 1250 2210 1292 admittendum
2232 1259 2306 1291 est.
2328 1253 2432 1293 Nam
2450 1256 2632 1308 primum

1396 1314 1448 1354 de
1468 1315 1755 1355 Lamiensibus
1774 1315 1900 1355 totius
1923 1329 2006 1355 orae
2028 1313 2126 1354 inde
2148 1328 2172 1354 a
2204 1314 2407 1369 Spercheo
2430 1317 2473 1356 fl.
2505 1331 2634 1371 usque

1396 1377 1449 1417 ad
1486 1378 1694 1418 Echinum
1730 1377 1879 1417 urbem
1914 1376 2095 1417 dominis
2129 1375 2296 1416 aliunde
2327 1391 2412 1417 non
2440 1382 2630 1429 'constat3

1395 1448 1537 1480 contra
1564 1454 1662 1480 vero
1689 1441 1927 1481 Lamienses
1960 1438 2184 1481 Alexandri
2215 1440 2355 1492 Magni
2378 1441 2632 1495 temporibus

1395 1511 1555 1557 partem
1573 1502 1697 1543 fuisse
1710 1502 1972 1543 Maliensium
1991 1517 2014 1542 e
2029 1501 2217 1542 Diodoro
2233 1501 2432 1542 habemus
2451 1517 2636 1558 comper-

1395 1574 1501 1606 tum.
1526 1565 1718 1606 Eundem
1739 1579 1881 1606 rerum
1906 1573 2059 1605 statum
2082 1565 2207 1604 etiam
2225 1564 2404 1619 Philippi
2423 1566 2540 1605 annis
2562 1580 2635 1620 po-

1396 1629 1557 1669 stremis
1579 1628 1703 1669 fuisse
1721 1643 1796 1669 cur
1817 1643 2013 1682 negemus
2028 1659 2039 1677 ‚
2075 1642 2239 1668 causam
2258 1626 2451 1668 idoneam
2473 1643 2557 1668 non
2574 1631 2632 1668 vi-

1396 1690 1490 1731 deo.
1506 1690 1637 1743 Quid,
1652 1690 1766 1745 quod
1778 1691 1841 1731 vel
1857 1690 2002 1731 fabulae
2016 1704 2093 1745 pro
2106 1690 2225 1730 nobis
2240 1690 2429 1730 militant.
2447 1693 2509 1730 Ita
2524 1692 2633 1730 enim

1395 1753 1627 1808 Stephanus
1646 1766 1655 1793 z
1678 1752 1822 1807 Λαμία,
1847 1752 1958 1799 πόλις
1977 1751 2190 1799 Θεσσαλίας
2209 1756 2284 1791 τῶν
2308 1752 2381 1804 Μη
2395 1752 2419 1791 λ
2432 1768 2442 1791 ι
2455 1754 2511 1792 έω
2524 1768 2559 1802 ν,
2585 1754 2635 1800 ὡς

1396 1816 1586 1863 Πολόόιος
1619 1815 1733 1871 (ΙΧ,
1755 1828 1807 1869 29
1833 1817 1864 1869 ).
1891 1815 1938 1855 Οἱ
1964 1813 2030 1870 μὲν
2057 1813 2131 1855 ἀπὸ
2160 1815 2293 1869 Λάμου
2323 1817 2391 1855 τοῦ
2420 1814 2636 1868 Ἥρακλέως

1395 1880 1522 1934 φασίν·
1560 1879 1597 1919 οἳ
1620 1878 1661 1919 δὲ
1691 1877 1766 1919 ἀπὸ
1788 1878 1973 1933 Λαμίας
2006 1878 2266 1932 γυναικός,
2292 1878 2315 1929 ἣ
2351 1877 2635 1918 {emolli-:oce

1396 1942 1586 1997 Τραχιν
1602 1942 1700 1982 ίων.
1726 1940 1791 1982 Cf.
1816 1940 2025 1982 Plutarch.
2045 1942 2108 1980 De
2122 1940 2243 1995 Pyth.
2260 1954 2371 1980 orac.
2390 1954 2434 1997 p.
2461 1941 2556 1996 398,
2575 1942 2632 1983 C:

1395 2006 1556 2060 Λέγεται
1577 2003 1647 2055 τὴν
1680 2005 1835 2059 πρώτην
1859 2003 2052 2044 Σίὸυλλαν
2080 2002 2121 2043 ἐκ
2142 2005 2210 2043 τοῦ
2237 2000 2445 2052 Ἑλικῶνος
2466 2020 2634 2059 παραγε-

1397 2068 1562 2122 νομένην
1577 2067 1649 2108 ὕπὸ
1665 2072 1741 2108 τῶν
1758 2067 1924 2108 Μουσῶν
1941 2066 2163 2121 τραφεῖσαν·
2181 2063 2277 2106 ἔνιοι
2297 2067 2338 2106 δέ
2348 2081 2459 2121 φασιν
2478 2066 2524 2106 ἐκ
2542 2067 2581 2106 Μ
2592 2082 2635 2106 α-

1396 2129 1536 2170 λιέων
1554 2131 1570 2183 (
1586 2131 1644 2170 sic
1665 2144 1746 2170 em.
1767 2128 1998 2169 Meinekius
2015 2128 2068 2169 ad
2083 2129 2223 2183 Steph.
2249 2129 2452 2181 vulgatam
2479 2128 2528 2175 εἰς
2549 2129 2635 2169 Μα-

1396 2192 1524 2232 λεῶνα
1539 2194 1554 2245 )
1570 2193 1633 2232 Λα
1648 2208 1675 2246 μ
1686 2192 1697 2231 ί
1704 2207 1727 2230 α
1741 2207 1756 2238 ς
1779 2186 1898 2230 οὖσαν
1916 2191 2118 2245 θυγατέρος
2132 2194 2199 2241 τῆς
2209 2190 2460 2238 Ποσειδῶνος.
2477 2190 2637 2230 Deinde

1397 2253 1511 2308 quod
1524 2254 1732 2294 Echinum
1749 2254 1910 2302 attinet,
1932 2254 2131 2307 Scymnus
2150 2257 2230 2293 602
2249 2265 2259 2292 :
2282 2252 2434 2299 Κόλπος
2456 2251 2496 2292 δὲ
2512 2254 2635 2292 κεῖται

1396 2315 1598 2363 Μαλιακὸς
1611 2315 1648 2356 ἐν
1661 2320 1716 2370 τῷ
1738 2319 1864 2370 μυχῷ,
1883 2314 2029 2368 Ἐχῖν
2044 2331 2064 2354 0
2078 2331 2094 2361 ς
2116 2311 2159 2354 οῧ
2175 2314 2285 2361 πόλις
2307 2314 2402 2365 ἐστὶ,
2421 2317 2489 2354 τοῦ
2508 2314 2634 2367 Σπαρ-

1397 2381 1464 2418 τοῦ
1491 2378 1608 2425 κτίσις
1641 2376 1842 2430 Ἐχίονος,
1880 2376 1961 2415 καὶ
1993 2376 2230 2416 Μαλιέων
2264 2375 2415 2414 ἄλλαι
2445 2374 2629 2421 πόλεις·

1399 2440 1514 2482 ἔπειτ’
1529 2439 1676 2494 Ἀχαιοί
1689 2439 1775 2479 κτλ.
1787 2437 1916 2478 Vides
1930 2439 2017 2478 haec
2025 2452 2121 2478 cum
2134 2438 2286 2477 nostris
2300 2436 2352 2477 ad
2368 2437 2538 2477 verbum
2552 2436 2636 2477 fere

1397 2503 1629 2543 concinere.
1642 2504 1694 2542 In
1707 2500 1851 2541 eadem
1863 2515 1935 2540 ora
1946 2502 2070 2540 etiam
2082 2499 2200 2546 ’Άλος
2210 2499 2308 2539 urbs
2317 2498 2440 2539 fuisse
2455 2498 2633 2555 videtu-r,

1397 2566 1449 2606 ab
1467 2580 1516 2606 ea
1537 2566 1614 2607 Alo
1637 2578 1728 2619 quae
1746 2564 1791 2603 in
1812 2563 1969 2605 Achaia
1982 2563 2215 2604 Phthiotica
2233 2570 2319 2602 erat
2336 2561 2511 2601 diversa.
2531 2562 2635 2601 Nam

1396 2627 1682 2668 Parmeniscus
1700 2627 1716 2679 (
1735 2639 1801 2680 ap.
1831 2626 1890 2665 St.
1923 2626 1970 2665 B.
1989 2638 2029 2664 v.
2049 2622 2198 2679 ”Αλος)
2232 2623 2300 2662 δύο
2320 2622 2454 2669 ’Άλους
2473 2622 2634 2676 ἱστορεῖ,

1397 2689 1465 2729 τὸν
1486 2688 1561 2743 μὲν
1576 2686 1780 2728 Μαλιακὸν
1803 2686 1876 2727 ὕπὸ
1904 2684 2094 2740 Ἀχιλλεῖ,
2119 2685 2186 2726 τὀν
2204 2684 2244 2725 δὲ
2265 2684 2338 2725 ὕπὸ
2357 2683 2631 2738 Πρωτεσιλάῳ.

1398 2752 1592 2792 Ceterum
1614 2749 1667 2791 ad
1682 2750 1890 2790 Echinum
1908 2762 2038 2803 usque
2054 2748 2317 2789 Malicnsium
2333 2746 2532 2788 ditionem
2552 2761 2635 2787 non

1398 2822 1493 2854 ante
1525 2812 1704 2867 Philippi
1741 2820 1929 2866 tempora
1948 2810 2194 2865 pertinuisse
2225 2809 2430 2849 existimo.
2450 2810 2556 2848 Nam
2578 2810 2637 2848 uti

1398 2875 1536 2916 sabula
1550 2875 1795 2924 Echionem,
1810 2875 2003 2928 Spartum
2016 2872 2278 2922 Thebanum,
2297 2870 2553 2911 conditorem
2568 2885 2638 2911 ur-

1397 2938 1461 2979 bis
1484 2939 1683 2988 celebrat,
1726 2938 1785 2977 sic
1819 2950 1962 2977 revera
1999 2935 2099 2975 urbs
2132 2935 2176 2975 in
2210 2933 2504 2974 Thebanorum
2526 2942 2639 2988 pote-

1398 3010 1501 3042 state
1524 3001 1626 3052 fuit,
1652 2998 1888 3054 usquedum
1921 3013 1945 3038 a
1962 2998 2153 3052 Philippo
2172 2998 2221 3037 iis
2247 2995 2497 3036 adimeretur
2529 2995 2542 3051 (
2559 2998 2639 3036 De-

1399 3065 1606 3106 mosthen.
1631 3063 1810 3117 Philipp.
1835 3063 1912 3108 III,
1932 3075 1975 3115 p.
2002 3073 2095 3109 120,
2122 3060 2144 3099 3
2167 3072 2175 3099 :
2200 3058 2300 3113 Οὐχὶ
2322 3057 2499 3109 Θηὸαίων
2524 3056 2638 3111 Ἐχῖ-

1400 3143 1466 3169 νον
1505 3127 1721 3183 ἀφῄρηται;
1761 3139 1819 3165 sc.
1857 3123 2052 3169 Φίλιππος
2079 3122 2109 3177 ).
2153 3121 2365 3175 Philippus
2401 3121 2539 3172 igitur,
2576 3121 2637 3159 uti

1398 3192 1660 3245 Naupactum
1688 3187 1831 3229 AEtolis
1864 3185 1980 3226 dedit
1994 3216 2004 3234 ,
2038 3185 2096 3224 sic
2131 3183 2338 3224 Echinum
2372 3181 2636 3222 Maliensibus

1399 3252 1647 3293 attribuerit.
1668 3274 1724 3280 —
1741 3248 1875 3303 Hujus
1898 3248 2025 3288 aetatis
2047 3246 2292 3301 geographia
2314 3257 2444 3298 quum
2475 3243 2638 3297 Periplo

1399 3315 1642 3363 delineetur,
1663 3311 1775 3352 haud
1795 3310 1970 3350 multum
1987 3322 2179 3349 curamus
2202 3308 2236 3347 si
2256 3306 2415 3346 diversa
2429 3320 2460 3348 .a
2487 3307 2637 3345 nostris

1399 3377 1509 3433 apud
1532 3376 1784 3429 antiquiores
1808 3374 2027 3427 scriptores
2053 3368 2435 3424 deprehenduntur.
2464 3368 2529 3408 Sic
2550 3368 2633 3407 Η6-

1399 3440 1572 3480 rodotus
1589 3439 1686 3486 VII,
1709 3436 1802 3489 193,
1825 3435 1881 3475 ait
1903 3446 1912 3473 :
1934 3431 2041 3487 οὔρια
2056 3430 2183 3487 ὓψηλὰ
2202 3431 2267 3471 καὶ
2285 3430 2409 3471 ἅὸατα
2426 3429 2638 3485 περικληίει

1399 3505 1551 3543 πᾶσαν
1571 3498 1656 3551 τὴν
1677 3498 1790 3550 Μηλ
1805 3498 1844 3536 ίδ
1858 3512 1881 3536 α
1900 3511 1925 3551 γ
1938 3498 2008 3547 ῆν,
2025 3494 2373 3549 Τραχίνιαιπέτραι
2387 3493 2633 3547 καλεόμεναι.

1400 3565 1538 3620 Πρώτη
1563 3564 1628 3618 μέν
1648 3576 1712 3602 νυν
1738 3560 1848 3607 πόλις
1868 3558 1949 3600 ἐστὶ
1980 3557 2018 3599 ἓν
2042 3561 2097 3613 τῷ
2119 3557 2254 3613 κόλπῳ
2277 3556 2374 3598 ἰόντι
2394 3555 2457 3597 ἀπ’
2483 3553 2638 3609 ’Ἀχαίης

1405 3626 1614 3681 Ἀντικύρη,
1635 3625 1721 3679 παρ’
1738 3625 1786 3676 ἣν
1804 3621 1976 3677 ποταμὸς
1988 3619 2197 3675 Σπερχειὸς
2213 3619 2305 3675 ῥέων
2327 3619 2364 3667 ἐξ
2383 3618 2572 3669 Αἰνιήνων
2591 3617 2640 3663 εἰς

1401 3687 1597 3729 θάλασσαν
1619 3686 1777 3727 ἐκδιδοῖ.
1803 3686 1900 3725 Haec
1918 3683 2150 3737 antiquiore
2168 3682 2231 3722 vel
2253 3691 2361 3723 certe
2376 3682 2548 3722 arctiore
2568 3693 2637 3718 vo-

1399 3750 1531 3791 cabuli
1552 3763 1675 3789 sensu
1704 3748 1833 3800 Μηλὶς
1861 3749 1913 3802 γῆ
1940 3745 2051 3786 dicta
2072 3746 2138 3785 sit.
2166 3746 2278 3785 Num
2313 3743 2457 3784 iisdem
2486 3740 2636 3781 finibus

1398 3813 1696 3867 circumscripti
1731 3811 1884 3851 suerint
1920 3808 2078 3861 Μηλιῆς
2116 3807 2153 3847 οἱ
2190 3806 2397 3862 ξύμπαντες
2409 3836 2420 3856 ,
2459 3815 2636 3857 quorum

1398 3883 1482 3915 tres
1502 3882 1619 3914 erant
1639 3882 1796 3929 partes,
1821 3871 2034 3926 Παράλιοι,
2066 3869 2184 3924 Ἱερῆς
2203 3871 2218 3919 (
2239 3870 2314 3922 leg.
2333 3881 2386 3907 ·v.
2425 3863 2573 3918 Ἰερῆς)
2598 3870 2639 3902 et

1400 3937 1625 3991 Τραχίνιοι,
1657 3945 1705 3976 ut
1720 3933 1985 3990 Thucydides
2008 3934 2093 3982 ΙΙΙ,
2122 3945 2174 3985 92
2207 3932 2288 3980 ait,
2312 3943 2398 3970 non
2429 3926 2635 3966 discerno.

1400 4001 1505 4041 Nam
1544 3998 1596 4039 de
1625 3999 1829 4041 Irensium
1874 3996 1937 4036 vel
1975 3994 2195 4036 Iriensium
2229 3991 2333 4034 urbe
2375 3992 2444 4031 Iro
2478 3987 2540 4029 vel
2570 3988 2639 4029 Ira

2450 4072 2470 4103 4
