2808 4342
16 162 29 191 ἕ
81 165 236 226 (2-4.)

76 266 241 322 νήσοις·
260 261 317 313 ιῖν
337 267 411 321 τὴν
429 267 503 327 μὲν
530 268 697 330 πρώτην
717 269 825 316 κατὰ
844 273 860 333 [
879 272 953 334 τὸ]
975 274 1222 361 μεσαίτατον
1241 281 1310 322 τοῦ

9 386 12 391 .
74 334 252 381 Ἰνδικοῦ
272 336 474 421 πελάγους
495 338 655 383 κεῖσθαι
679 339 927 398 συνέστηκε,
945 342 1017 394 τὰς
1035 343 1068 388 δ’
1086 343 1226 405 ἑτέρας
1243 345 1313 390 δύο

3 407 23 457 ζζ
76 404 118 447 ἐν
139 406 196 465 τῶ
217 403 390 467 ἀρκτῴω
410 406 598 468 ὠκεανῶ.

22 524 29 528 .
139 489 174 520 2.
213 471 343 524 Εἰδὼς
360 474 401 518 δὲ
417 474 487 519 καὶ
504 453 661 538 ἑτέρους
673 479 753 522 τῶν
770 479 957 523 παλαιῶν
975 478 1067 541 περὶ
1084 479 1157 534 τὴν
1174 479 1312 526 τοιαύ·

11 554 53 601 30
74 559 146 597 την
168 541 481 595 σπουδάσαντας
500 545 689 590 ὑπόθεσιν
704 580 716 602 ,
732 545 804 591 καὶ
819 545 910 598 τοὺς
927 546 1001 606 μὲν
1022 548 1190 609 μερικάς
1202 568 1313 601 τινας

13 617 30 636 ’”
73 610 372 671 ποιησαμένους
410 611 484 665 τὰς
529 613 766 674 διηγήσεις,
805 613 896 666 τοὺς
930 615 971 660 δὲ
1008 615 1079 661 καὶ
1115 618 1311 662 πλειόνων

19 679 33 718 ζ
74 679 309 742 ἁψαμένους
336 681 486 727 τόπων·
523 682 679 737 πολλὴν
711 682 861 742 ἐθέμην
890 685 1109 745 φροντίδα,
1143 686 1312 746 μηδενὸς

5 747 34 796 J<
71 747 224 793 τούτων
248 752 420 811 ὀφθηναι
442 749 644 812 δεύτερος,
669 751 743 806 τὴν
769 752 980 814 ἀκρίὸειαν
1019 773 1098 799 των
1134 758 1310 817 ῥηθησο-

22 876 26 877 ⁷
72 815 206 874 μένων
226 837 297 873 της
314 817 519 878 ἡμετέρας
531 819 626 880 περὶ
641 824 760 866 τοῦτο
773 823 983 878 σπουδῆς’
965 823 1128 885 εναργὲς
1140 824 1311 876 ἐλπίσας

1 886 40 947 «Ἑρ
71 883 234 930 ἔσεσθαι
266 885 494 948 γνώρισμα.
561 887 719 933 Τούτου
745 888 794 945 δὴ
825 889 947 952 χάριν
978 891 1048 937 καὶ
1068 891 1142 947 τὴν
1176 893 1308 938 αἰτίαν

16 971 35 993 ,·
68 972 141 1008 τ.ης
169 954 382 1013 γινομένης
402 955 496 1017 περὶ
518 954 591 1012 τὴν
611 957 887 1020 ἀναμέτρησιν
910 962 990 1004 τῶν
1015 961 1189 1006 σταδίων
1214 963 1309 1007 δια-

2 1023 31 1082 ‘⁵3'
69 1022 220 1084 φωνίας
245 1022 381 1085 ᾠήθην
407 1025 487 1069 δεῖν
512 1030 780 1087 παραστῆσαι
801 1031 881 1080 τοῖς
906 1029 1211 1090 ἐντευξομένοις·
1236 1035 1308 1087 τῆς

68 1090 146 1152 γὰρ
155 1092 343 1148 τοιαύτης
362 1093 590 1146 ὑποθέσεως
601 1095 646 1140 τὸ
658 1096 827 1182 ἀκριὸὲς
839 1099 912 1142 οὐκ
923 1100 963 1142 ἐν
976 1105 1066 1151 ταῖς
1078 1097 1212 1144 θέσεσι
1225 1103 1306 1145 τῶν

24 1189 36 1220 7
66 1158 202 1206 τόπων
217 1160 336 1221 μόνον
350 1164 419 1208 καὶ
434 1163 591 1209 πόλεων
601 1164 815 1220 καὶνήσων
829 1166 899 1211 καὶ
916 1166 1130 1226 λιμένων
1113 1187 1130 1212 ε
1133 1186 1302 1229 χουσης,

67 1229 174 1275 ἀλλὰ
193 1231 274 1292 πρό
295 1250 341 1292 γε
363 1233 527 1278 πάντων
546 1236 586 1279 ἐν
611 1235 694 1286 τοῖς
719 1236 896 1288 σταδίοις
912 1255 982 1280 και
1002 1243 1090 1289 ταῖς
1107 1239 1187 1281 τῶν
1211 1256 1307 1299 χω-

7 1309 31 1355 ᾗ,
69 1297 164 1360 ρίων
190 1300 532 1362 διαμετρησεσιν,
559 1302 779 1348 ἀκόλουθον
803 1307 920 1363 οἶμαι
942 1303 1103 1364 λόγον’
1085 1312 1213 1366 ερεῖν,
1233 1307 1305 1351 καὶ

5 1368 34 1422 ξ·
66 1373 148 1418 τοῖς
168 1369 427 1428 βουλομένοις
442 1370 548 1415 κατὰ
569 1371 686 1434 φύσιν
704 1379 870 1417 σκοπεῖν
890 1372 999 1428 τὴν’
982 1392 1022 1417 εν
1041 1375 1098 1417 τῶ
1115 1373 1303 1437 περίπλω

4 1433 41 1495 ξ
65 1437 137 1494 τῆς
159 1436 362 1493 θαλάττης
386 1439 663 1500 ἀναμέτρησιν
697 1442 829 1496 ἀληθη
865 1441 1170 1503 φανησόμενον,
1205 1442 1303 1487 καί-

0 1490 34 1565 ’Ξ
63 1521 172 1560 τοιγε
207 1508 287 1550 τῶν
322 1506 415 1568 περὶ
442 1507 596 1553 τούτων
622 1509 941 1554 σπουδασάντων
966 1510 1163 1561 οὖδενὸς’
1147 1529 1302 1567 επιση-

0 1557 49 1653 Q
65 1573 302 1632 μηναμένου
325 1593 474 1636 τουτο,
499 1578 590 1621 ἀλλ’
616 1576 754 1638 ὥσπερ
776 1579 942 1640 σχοινίῳ
966 1580 1302 1640 διαμεμετρημέ-

10 1643 46 1730 ξ’,
62 1659 132 1695 νης
168 1646 239 1698 τ’ῆς
277 1644 504 1701 θαλάττης,
543 1645 648 1691 οὕτω
690 1647 758 1691 τὸν
794 1648 964 1733 ἀριθμὸν
1005 1651 1085 1692 τῶν
1125 1648 1300 1693 σταδίων

6 1712 419 1908 ἒαπαγγειλαντων
488 1715 612 1774 Φημι
632 1715 680 1770 δὴ
705 1717 776 1763 οὐκ
800 1734 840 1760 εν
869 1715 1000 1761 ἅπασι
1023 1723 1106 1767 τοῖς
1127 1720 1199 1770 τ’ἧς
1229 1722 1300 1762 θα-

61 1780 213 1837 λαττης
247 1800 390 1844 μερεσι
423 1781 556 1844 ράδιον
579 1787 683 1827 εἶναι
716 1801 784 1827 τον
809 1787 888 1827 τῶν
913 1784 1090 1828 σταδίων
1129 1785 1299 1845 ἀριθμον

59 1866 160 1908 προς
194 1867 238 1893 το
261 1848 560 1910 ἀκριὸέστατον
596 1853 790 1912 ἀνευρεῖν·
831 1851 921 1896 ἀλλ’
956 1854 991 1897 εἷ
1026 1851 1099 1911 μὲν
1118 1852 1205 1913 ῃών
1241 1872 1301 1906 τις

62 1917 195 1962 εὐθεῖα
211 1917 434 1978 τυγχάνει,
450 1917 555 1978 μήτε
575 1918 816 1975 κοιλότητας
836 1920 940 1979 μήτε
962 1919 1104 1982 ἐξοχὰς
1124 1920 1295 1982 ἔχουσα,

0 1991 46 2057 Ξ
59 1990 128 2031 τοῦ
153 2005 267 2049 παρα
297 1986 450 2042 ταύτην
481 1987 693 2048 γινομένου
717 1991 835 2034 πλου
848 1987 920 2044 τὴν
943 1988 1221 2051 ἀναμέτρησιν
1245 1993 1299 2042 ὡς

0 2055 210 2155 ῑὲἐπίπαν
235 2055 378 2117 ῥᾳδίαν
400 2061 517 2107 εἶναι·
541 2059 621 2101 τῶν
646 2057 687 2102 δὲ
719 2058 882 2103 κόλπων
913 2058 1084 2103 καὶτῶν
1111 2061 1297 2120 ἀκρωτη-

0 2115 3 2140 ¹
61 2142 154 2187 ριων
174 2124 268 2180 ἤτοι
287 2125 547 2188 χερρονήσων
568 2126 634 2171 τὸν
656 2127 880 2188 περίπλουν
897 2130 942 2173 οὗ
960 2127 1129 2173 δυνατὸν
1147 2129 1296 2189 ἀκριὸἧ

20 2186 46 2257 Ji
28 2211 340 2254 παραστησαι.
410 2197 470 2241 Οὐ
515 2194 594 2256 γὰρ
629 2197 720 2241 καθ’
757 2196 1090 2257 ὡμολογημένων
1131 2198 1292 2253 τόπων,

2 2239 240 2330 *omit-59⁹
222 2263 290 2309 επὶ
326 2283 398 2319 της
419 2283 492 2324 γης
515 2264 581 2309 διὰ
605 2268 686 2309 τῶν
710 2265 929 2328 λεωφόρων
953 2284 1026 2320 την
1061 2265 1293 2351 ὁδοιπορίαν

25 2337 292 2390 ἐποιοῦνται,
322 2333 429 2378 οὕτω
449 2333 550 2379 κάπι
570 2353 643 2389 της
673 2334 883 2390 θαλάσσης
908 2353 976 2379 τον
999 2336 1169 2379 πλοῧν’
1147 2335 1293 2379 ανύου-

24 2402 134 2461 {ts-mv.
201 2401 460 2449 Ἵ”ποκείσθω
483 2401 562 2464 γὰρ
599 2402 720 2463 λόγου
757 2403 879 2465 χάριν
911 2403 1061 2455 κόλπος
1090 2402 1199 2448 κατὰ
1231 2403 1298 2448 τὸν

15 2468 37 2495 ,ξ
41 2477 46 2485 ι

15 2494 50 2524 »2

20 2164 37 2209 ἴ

10 2560 245 2623 ,801ἰΡωι
247 2584 314 2609 am
333 2584 407 2624 per
426 2570 585 2611 literam
605 2571 669 2609 Π
659 2586 701 2610 1n
723 2572 935 2611 Marciano
960 2571 1099 2613 firmat
1113 2573 1297 2612 testimo-

19 2648 41 2668 ε
55 2632 171 2672 nium
187 2631 383 2686 Stephani
402 2634 498 2686 Byz.
525 2647 564 2672 v.
597 2633 668 2687 Βρε
654 2633 757 2673 ττία
794 2633 864 2673 ubi
889 2647 897 2673 τ
921 2633 1008 2673 Εἰσὶ
1028 2634 1093 2674 καὶ
1128 2634 1293 2688 Βρεττα-

27 2678 131 2759 Ξνίδε
117 2709 151 2740 ς
182 2696 294 2744 νῆσοι
330 2693 368 2734 ἐν
393 2699 448 2750 τῷ
487 2693 679 2746 Ὠκεανῷ,
716 2693 770 2736 ὧν
805 2711 849 2736 το
887 2695 1034 2737 ἐθνικον
1067 2697 1287 2751 Βρεττανοί.

27 2736 246 2802 λζΔιονύσιος
272 2754 286 2810 (
309 2758 401 2796 Per.
436 2757 586 2810 284)‘
573 2772 639 2812 υφε
625 2757 723 2797 ελὼν
748 2773 791 2797 το
823 2758 863 2798 ἓν
885 2773 906 2798 τ
933 2758 1019 2813 ἔφη·
1045 2775 1061 2797 «
1104 2757 1290 2799 Ὠκεανου

25 2817 209 2874 κέχυται
234 2817 376 2871 ψυγρος
394 2817 493 2872 ῥόος,
514 2818 605 2858 ἔνθα
628 2819 825 2874 Βρετανοί.
861 2819 934 2859 Και
956 2820 1072 2859 ἄλλοι
1095 2819 1248 2868 οὕτως
1229 2820 1291 2859 οιὰ

23 2858 93 2919 -“’“·-π”
107 2878 334 2932 Πρετανίδες
367 2883 502 2931 νῆσοι,
526 2881 577 2928 ὡς
605 2881 645 2921 Μ
659 2896 682 2920 α
697 2897 746 2936 ρκ
761 2897 772 2920 ι
785 2897 807 2921 α
822 2896 840 2921 ν
854 2881 874 2921 b
888 2898 904 2929 ς
935 2882 1000 2922 καὶ
1028 2882 1285 2937 Πτολεμαῖος.

31 2932 33 2935 ’
28 2954 74 2982 α
98 2942 250 2981 Forma
268 2955 359 2995 quae
391 2942 443 2982 ab
462 2942 577 2983 litera
607 2943 642 2987 II
659 2944 817 2997 incipit,
845 2958 929 2984 non
953 2943 1118 2985 videtur
1145 2946 1223 2984 nisi
1247 2946 1289 2985 in

25 3025 41 3046 ‚
29 3003 278 3063 paucorum
322 3004 571 3058 scriptorum
620 3020 743 3045 usum
783 3007 964 3046 venisse·
952 3038 964 3056 ,
1014 3007 1288 3060 antiquiorem

28 3058 141 3106 {eam
168 3065 292 3105 habet
313 3067 552 3107 Eustathius
586 3066 639 3107 ad
662 3069 836 3123 Dionys.
870 3071 967 3122 492.
1009 3069 1134 3124 Apud
1156 3069 1290 3110 Ptole-

33 3132 206 3171 maeum'
243 3141 356 3167 nunc
394 3141 468 3182 per
499 3128 521 3182 β
545 3128 754 3179 seiibitur,
789 3129 1075 3180 librariorum,
1122 3132 1286 3185 opinor,

41 3187 183 3243 eulpa,
210 3203 314 3243 quos
332 3204 480 3243 magna
498 3191 677 3245 suspicio
692 3199 752 3231 est
768 3192 892 3231 etiam
911 3193 953 3232 in
975 3193 1062 3232 aliis
1078 3194 1288 3248 scriptori·

31 3248 127 3291 rhus
149 3252 349 3292 rariorem
376 3251 552 3293 sormam
572 3252 821 3294 obliterasse.
844 3255 909 3294 Sic
924 3254 1035 3309 apud
1054 3255 1288 3296 Diodorum

36 3312 129 3353 ssic.
147 3313 253 3353 libro
269 3314 416 3368 quinto
430 3315 727 3355 vetustissimus
743 3315 875 3355 codex
890 3316 1227 3357 vindobonensis
1243 3335 1284 3368 π,

38 3370 296 3416 recentiores
312 3375 405 3416 libri
420 3375 457 3431 β’
471 3377 670 3432 praebent.
693 3394 710 3414 »
731 3379 944 3418 Dnmonr.
960 3379 1002 3417 in
1017 3380 1074 3418 St.
1089 3380 1213 3420 Thes.
1229 3383 1284 3430 II,

31 3449 91 3492 sp.
113 3441 162 3485 [41
174 3452 188 3477 1
199 3459 214 3479 ει
229 3438 392 3491 Quibus
414 3438 520 3480 adde
539 3439 652 3494 quod
668 3438 839 3479 eandem
853 3438 1028 3479 formam
1052 3441 1163 3495 apud
1176 3443 1286 3482 Stra-

31 3495 200 3539 'bonem
216 3508 263 3540 ut
277 3500 502 3555 plurimum
521 3501 708 3556 praebent
735 3499 898 3540 codices
929 3501 1089 3554 optimi,
1115 3502 1218 3543 adeo
1241 3512 1287 3544 ut

23 3596 29 3630 γ
49 3560 182 3601 ubivis
198 3562 241 3601 in
260 3562 460 3603 Strabone
480 3562 762 3619 reponendam
775 3561 870 3616 jure
882 3563 1111 3616 suspicetur
1129 3566 1285 3605 Meine-

29 3620 140 3662 kius
159 3622 210 3663 ad
233 3624 372 3678 Steph.
398 3627 494 3680 Byz.
513 3640 552 3666 v.
582 3625 812 3680 Πρετανική,
837 3624 909 3678 qui
940 3624 983 3663 in
1007 3625 1096 3678 ipso
1114 3626 1286 3680 Stepha-

20 3698 103 3726 no
119 3687 393 3741 antiquioiem
415 3688 522 3729 hanc
544 3688 608 3729 sot
610 3703 720 3728 mam
743 3703 765 3728 e
784 3687 908 3728 codd.
930 3687 1221 3741 redintegravit
1242 3705 1280 3730 v.

28 3745 233 3804 Σάμνιον,
252 3748 434 3790 Amoebea
454 3752 470 3804 (
488 3754 599 3803 νῆσοι
614 3753 724 3792 πέντε
739 3752 807 3802 τῆς
824 3750 1134 3805 Πρεταννικῆς,’
1114 3767 1164 3798 ως
1180 3752 1285 3806 Μαρ-

19 3799 219 3867 ικιανός),
241 3810 345 3852 ’Am'
335 3827 398 3852 ιων
416 3814 433 3866 <
453 3815 567 3865 νῆσος
582 3811 817 3868 Πρεττανικὴ
839 3813 964 3867 [utin
978 3812 1072 3853 cod.
1093 3816 1279 3868 nostro]‚

21 3869 266 3926 ζξΜαρκιανός
282 3872 313 3929 ),
345 3873 528 3929 Ἰουερνία
549 3883 590 3915 et
618 3874 786 3930 Ἰουερνή
809 3873 953 3930 (cujus
968 3875 1124 3915 mentio
1143 3890 1191 3915 ex
1211 3890 1281 3916 eo-

77 3948 143 3974 em
169 3936 381 3977 Marciano
407 3936 624 3992 fluxerit).
651 3937 777 3989 Quod
807 3937 942 3977 literas
974 3953 996 3977 τ
1027 3945 1067 3977 et
1086 3953 1104 3977 ν
1132 3938 1175 3977 in
1204 3938 1281 3979 hac

22 4040 25 4046 .
45 4008 146 4038 voce
172 3996 298 4038 modo
326 3999 528 4054 simplices
543 3998 671 4039 modo
694 3998 877 4053 duplices
898 4000 1055 4050 attinet,
1082 3999 1133 4040 de
1149 4000 1210 4039 his
1228 4002 1281 4041 ita

776 171 1070 220 PERIPLUS
1103 176 1295 222 MARlS
1329 177 1569 225 EXTERI.
1607 167 1786 228 LIBER
1820 183 1856 227 1.

2528 208 2615 248 517

1387 285 1562 337 dictam,
1587 296 1628 328 et
1645 288 1805 330 duabus
1820 291 2059 344 Britanniis,
2081 308 2257 348 quarum
2273 295 2392 336 istam
2423 298 2461 337 in
2483 298 2622 339 medio

1387 354 1520 395 Indici
1537 358 1676 408 maris,
1699 359 1818 400 hasce
1841 375 1937 402 vero
1960 362 2001 402 in
2021 364 2325 418 septentrionali
2344 367 2510 407 Oceano
2527 369 2623 410 sitas

1388 437 1474 463 esse
1497 434 1670 467 constat.

1445 507 1485 536 2.
1519 498 1661 547 Quum
1688 511 1785 537 vero
1803 497 1902 539 alios
1920 512 2088 558 quoque
2103 508 2286 562 veterum
2304 501 2385 543 hoc
2404 518 2621 558 argumen-

1388 571 1477 603 tum
1496 572 1700 616 tractasse,
1725 567 1957 622 partimque
1973 568 2237 623 particulares
2258 571 2455 625 quasdam
2480 589 2620 616 narra-

1386 632 1517 671 tiones
1529 631 1720 684 edidisse,
1735 634 1955 676 nonnullos
1968 650 2065 676 vero
2081 637 2202 678 etiam
2215 638 2333 693 plura
2344 639 2431 680 loca
2442 642 2620 695 attigisse

1386 701 1510 741 sciam
1534 714 1543 741 :
1568 701 1711 743 sedulo
1733 717 1900 758 operam
1931 703 2043 753 dedi,
2065 720 2117 745 ne
2141 721 2351 761 quoquam
2375 709 2538 750 illorum
2555 712 2619 752 in-

1386 769 1512 810 ferior
1525 761 1701 822 viderer,
1722 786 1888 827 sperans
1906 782 2136 814 accuratam
2152 789 2295 816 eorum
2315 791 2406 831 quae
2422 778 2620 821 dicuntur

1385 840 1598 880 veritatem
1620 849 1769 882 nostrae
1784 843 1892 883 circa
1909 842 1997 883 haec
2018 843 2236 897 diligentiae
2251 845 2512 888 manifestum
2531 848 2618 890 fore

1384 907 1696 950 documentum.
1759 911 2043 963 Quamobrem
2069 927 2234 954 causam
2267 929 2431 970 quoque
2463 917 2616 959 discre-

1382 978 1546 1030 pantiae,
1558 991 1648 1032 quae
1663 978 1706 1018 in
1715 977 1941 1019 stadiorum
1951 978 2275 1022 dimensionibus
2291 984 2477 1036 contigit,
2493 984 2616 1026 lecto-

1381 1044 1496 1085 ribus
1508 1045 1792 1100 exponendam
1808 1047 1962 1086 censui.
2024 1050 2165 1100 Quum
2180 1050 2288 1088 enim
2303 1049 2539 1104 hujusmodi
2551 1067 2615 1093 ar-

1381 1121 1623 1164 gumentum
1645 1128 1730 1154 non
1751 1122 1911 1155 tantum
1937 1115 1980 1154 in
1995 1114 2203 1166 locorum,
2222 1116 2390 1158 urbium
2409 1126 2530 1174 atque
2553 1121 2613 1161 in-

1380 1180 1560 1220 sularum
1579 1189 1857 1236 portuumque
1876 1183 1972 1232 situ,
1997 1182 2068 1222 sed
2091 1184 2132 1223 in
2149 1184 2289 1224 stadiis
2308 1194 2401 1226 ante
2417 1189 2555 1229 omnia
2573 1198 2613 1229 et

1378 1250 1595 1302 regionum
1613 1251 1938 1291 dimensionibus
1952 1249 2289 1294 accuratum'esse
2304 1264 2504 1309 oporteat,
2519 1272 2630 1298 con-¹

1378 1320 1606 1357 venientem
1625 1318 1837 1357 instituere
1851 1318 1953 1357 mihi
1976 1318 2118 1358 videor
2141 1334 2372 1361 sermonem
2396 1332 2436 1363 et
2468 1325 2539 1377 qui
2564 1326 2611 1364 iis

1378 1386 1448 1439 qui
1463 1399 1539 1438 pro
1558 1386 1616 1425 rei
1639 1393 1786 1425 natura
1802 1385 2003 1424 rationem
2016 1386 2140 1426 maris
2153 1386 2195 1425 in
2210 1388 2442 1439 navigando
2476 1390 2613 1431 dime-

1376 1452 1503 1491 tiendi
1538 1452 1798 1493 considerare
1835 1452 2054 1503 voluerint,
2094 1468 2214 1494 verus
2252 1469 2338 1494 esse
2374 1458 2608 1511 apparebit;

1377 1534 1626 1574 quamquam
1645 1534 1768 1560 nemo
1787 1519 1950 1559 illorum
1982 1521 2052 1574 qui
2081 1520 2133 1560 de
2155 1521 2265 1561 hisce
2287 1523 2539 1577 scripserunt
2567 1526 2609 1566 id

1375 1588 1508 1641 ipsum
1530 1588 1785 1637 indicaverit,
1807 1587 1879 1628 sed
1906 1603 2048 1629 omnes
2064 1590 2120 1630 ita
2138 1604 2360 1631 numerum
2381 1592 2608 1634 stadiorum

1375 1656 1654 1708 exposuerint,
1675 1671 1721 1696 ac
1736 1657 1769 1696 si
1786 1670 1896 1695 mare
1917 1655 2014 1696 fune
2033 1656 2209 1697 dimensi
2225 1667 2372 1699 essent.
2433 1661 2521 1714 Ego
2538 1675 2607 1702 au-

1374 1731 1456 1763 tem
1469 1739 1552 1763 non
1568 1724 1682 1764 facile
1694 1739 1779 1765 esse
1794 1725 1887 1765 dico
1907 1727 1948 1765 in
1960 1727 2100 1780 quavis
2117 1727 2240 1767 maris
2255 1737 2370 1782 parte
2380 1729 2606 1785 stadiorum
2664 1768 2667 1771 .

1374 1805 1595 1830 numerum
1619 1793 1918 1833 accuratissime
1947 1794 2155 1843 invenire3
2183 1794 2254 1834 sed
2285 1795 2487 1849 siquidem
2513 1797 2607 1837 litus

1373 1857 1540 1911 aliquod
1562 1866 1720 1898 rectum
1744 1868 1866 1913 atque
1884 1860 2080 1913 aequabile
2105 1862 2171 1910 sit,
2197 1876 2273 1901 nec
2299 1877 2418 1902 cavos
2441 1864 2607 1906 sinuum

1373 1940 1556 1965 recessus
1588 1941 1722 1980 neque
1749 1929 2044 1981 prominentias
2062 1928 2163 1968 ullas
2194 1929 2357 1979 habeat,
2383 1929 2605 1971 dimensio-

1373 2008 1468 2033 nem
1487 1994 1754 2047 navigationis
1769 1994 1998 2035 secundum
2015 1994 2254 2049 hujusmodi
2272 1996 2367 2036 litus
2385 1997 2540 2038 facilem
2561 2009 2607 2040 ut

1371 2063 1598 2117 plurimum
1614 2078 1723 2112 esse3
1746 2065 1911 2103 sinuum
1928 2071 2063 2103 autem
2086 2072 2207 2117 atque
2224 2068 2604 2119 promontoriorum

1372 2132 1455 2170 sive
1481 2131 1792 2185 peninsularum
1821 2132 2023 2171 ambitum
2045 2141 2283 2172 accuratum
2305 2136 2497 2175 constitui
2522 2151 2605 2176 non

1367 2212 1485 2252 posse
1507 2199 1697 2237 existimo
1711 2214 1723 2248 ;
1745 2212 1879 2252 neque
1896 2199 2006 2238 enim
2032 2199 2151 2238 sicuti
2175 2200 2218 2239 in
2246 2202 2473 2242 continenti
2497 2211 2604 2246 terra

1367 2268 1446 2307 iter
1475 2267 1518 2307 fit
1541 2281 1615 2321 per
1636 2267 1831 2307 militares
1855 2267 1954 2316 vias,
1989 2267 2044 2306 ita
2067 2268 2111 2307 in
2136 2269 2236 2307 mari
2270 2283 2436 2324 quoque
2459 2286 2601 2312 cursus

1365 2349 1439 2389 per
1462 2343 1572 2374 certa
1604 2343 1644 2374 et
1666 2343 1764 2375 nota
1783 2334 1871 2375 loca
1893 2334 2101 2387 dirigitur.
2126 2337 2334 2376 Ponamus
2356 2339 2465 2377 enim
2487 2340 2599 2380 verbi

1365 2404 1493 2456 gratia
1515 2404 1651 2442 sinum
1679 2401 1799 2456 juxta
1827 2403 1963 2457 ipsum
1998 2402 2093 2442 litus
2127 2404 2302 2443 circuitu
2333 2413 2499 2445 centum
2522 2415 2600 2447 sta-

1362 2570 1602 2611 Dindorfius
1625 2569 1652 2609 l.
1673 2569 1700 2610 l.
1731 2582 1740 2609 t
1783 2589 1799 2604 «
1843 2572 1967 2609 Recte
1989 2569 2219 2623 Stephanus
2241 2571 2394 2624 quique
2415 2586 2510 2611 eum
2540 2587 2600 2612 se-

1363 2634 1505 2687 quitur
1520 2632 1757 2673 Eustathius
1778 2630 1960 2686 judicant
1984 2631 2159 2672 alterum
2187 2647 2209 2671 τ
2240 2634 2360 2672 metri
2379 2647 2499 2674 causa
2521 2636 2599 2688 eje·

1363 2696 1463 2735 cisse
1500 2695 1747 2749 Dionysium
1780 2706 1789 2733 1
1815 2708 1909 2733 nam
1943 2694 2134 2733 usitatam
2164 2694 2318 2735 Graecis
2353 2694 2598 2748 scripturam

1363 2756 1485 2797 fuisse
1505 2756 1713 2811 Βρεττανοὶ
1732 2754 1745 2811 (
1763 2770 1796 2796 s.
1815 2756 2026 2810 Πρεττανοί
2041 2768 2050 2795 :
2075 2755 2277 2810 Βριττανός
2292 2755 2402 2810 apud
2414 2757 2593 2798 Dracon.

1362 2819 1540 2858 Straton.
1575 2818 1769 2858 scribitur
1790 2832 1831 2871 p.
1873 2820 1967 2871 17,4
1985 2816 2018 2872 ),
2044 2817 2199 2857 nemini
2229 2816 2404 2856 dubium
2426 2819 2502 2857 erit
2525 2820 2596 2872 qui

1361 2880 1552 2921 codicum
1582 2878 1925 2921 consuetudinem
1947 2880 1990 2918 in
2009 2879 2223 2928 Strabone,
2261 2878 2463 2930 Diodoro,
2485 2879 2593 2930 aliis,

1361 2943 1662 2993 observaverit,
1687 2943 1757 2996 qui
1782 2956 1886 2996 pene
1906 2949 2139 2982 constanter
2164 2941 2417 2995 duplicatum
2438 2956 2474 2990 τ,
2496 2943 2593 2981 sim-

1360 3005 1453 3059 plex
1483 3015 1620 3046 autem
1654 3019 1672 3044 ν
1696 3011 1880 3053 tuentur,
1912 3012 1958 3044 ut
1977 3018 2067 3057 quae
2089 3005 2131 3042 in
2167 3004 2413 3043 contrariam
2434 3011 2593 3056 partem

1360 3068 1546 3122 exempla
1565 3067 1829 3121 reperiuntur
1848 3066 1935 3104 sine
1951 3066 2210 3105 cunctatione
2227 3065 2373 3116 corrigi
2389 3072 2588 3117 oporteat,

1360 3144 1445 3170 non
1462 3128 1782 3184 impedientibus
1798 3127 1951 3174 numis,
1970 3127 2041 3180 qui
2056 3140 2160 3180 saepe
2176 3125 2345 3179 simplex
2359 3125 2586 3179 tpraebent.

1360 3193 1557 3233 Diversus
1579 3195 1861 3232 Romanorum
1880 3203 1978 3228 usus
1996 3196 2077 3237 est;
2108 3188 2179 3242 qui
2205 3202 2334 3240 quum
2355 3188 2468 3241 prius
2490 3189 2589 3227 sim-

1358 3246 1450 3309 plex
1468 3254 1779 3309 tpraetulissent‚
1798 3259 1938 3306 postea
1957 3249 2106 3303 duplex
2124 3248 2385 3289 adsciverunt
2404 3261 2413 3288 :
2435 3248 2486 3288 de
2505 3263 2588 3302 quo

1359 3316 1463 3356 dixit
1484 3314 1653 3363 Eckhel,
1674 3315 1749 3362 VI,
1770 3327 1811 3367 p.
1838 3315 1934 3360 240.
1956 3311 2121 3365 Duplex
2144 3325 2162 3351 ν
2185 3311 2401 3365 proprium
2427 3309 2589 3358 videtur

1358 3380 1406 3418 iis
1423 3378 1564 3418 formis
1589 3390 1679 3431 quae
1695 3373 2158 3429 simplicitscribuntur.
2181 3393 2198 3409 ιι
2212 3374 2295 3427 11—-
2311 3386 2347 3413 1.
2365 3374 2586 3427 μεσώτατον

1358 3441 1451 3481 cod.

1413 3507 1494 3556 32,
1512 3502 1539 3542 l.
1565 3500 1604 3540 5.
1629 3500 1739 3546 τοὺς
1763 3499 1876 3554 μὲν]
1902 3498 1968 3546 τὰς
1988 3498 2054 3553 μὲν
2075 3498 2187 3548 cod.;
2217 3512 2297 3538 em.
2320 3497 2455 3538 Huds.
2479 3498 2495 3551 11
2531 3522 2586 3528 -

1358 3570 1396 3606 6.
1419 3565 1616 3609 πλειόνους
1635 3561 1747 3611 cod.;
1770 3575 1849 3601 em.
1873 3560 1990 3601 editt.
2021 3561 2036 3614 Η
2060 3584 2115 3591 —-
2138 3576 2178 3613 9.
2204 3559 2350 3615 ἐνεργὲς
2371 3558 2484 3609 cod.;
2502 3574 2583 3600 em.

1356 3627 1472 3667 editt.
1498 3627 1512 3679 Η
1537 3649 1593 3655 -
1615 3638 1679 3665 10.
1701 3623 1875 3663 τούτου
1891 3623 1905 3677 ]
1921 3624 1988 3662 τοῦ
2008 3622 2102 3663 cod.
2126 3630 2166 3662 et
2185 3621 2302 3662 editt.
2329 3622 2345 3675 Η
2365 3645 2421 3652 -
2440 3634 2503 3660 12.
2527 3622 2591 3660 δεῖ

1355 3689 1466 3738 cod.;
1493 3703 1571 3728 em.
1609 3686 1725 3726 editt.
1767 3686 1782 3739 Η
1816 3709 1872 3716 —-
1898 3687 1963 3733 14.
1982 3684 2063 3726 καὶ
2093 3684 2233 3739 λιμ.]
2259 3684 2282 3735 ἢ
2305 3684 2346 3724 λ.
2371 3683 2481 3731 cod.;
2500 3697 2580 3722 em.

1354 3751 1487 3792 Huds.
1512 3751 1527 3803 Η
1543 3773 1600 3780 —
1622 3751 1687 3789 18.
1711 3748 1979 3803 φανησομένην
1999 3746 2094 3787 cod.
2113 3755 2152 3787 et
2170 3747 2286 3786 editt.
2313 3747 2390 3798 11-
2406 3748 2473 3792 αα.
2499 3743 2582 3797 μὲν

1353 3813 1478 3869 ᾐὼν]
1504 3811 1570 3866 μὲν
1594 3815 1695 3862 νηῶν
1719 3809 1830 3851 cod.-
1803 3840 1832 3860 .,
1850 3809 1949 3860 ἠϊὼν
1977 3824 2058 3850 em.
2083 3809 2249 3849 Salmas.
2280 3810 2449 3847 Exercc.
2474 3806 2579 3846 Plin.

1350 3890 1392 3930 p.
1419 3874 1510 3915 550.
1536 3874 1551 3927 Η
1574 3897 1631 3903 -
1649 3886 1719 3926 29.
1740 3872 1789 3911 δι’
1808 3871 2125 3927 ὡμολογημενων
2147 3870 2207 3911 vel
2233 3869 2282 3908 δι’
2299 3867 2582 3921 καθωμολογη-

1354 3953 1397 3991 με
1390 3939 1475 3976 'vma
1522 3936 1650 3976 τόπων
1688 3934 1755 3974 vel
1807 3933 1892 3974 καθ’
1931 3932 2256 3987 ὡμολογημένους
2291 3946 2326 3970 τ.
2365 3930 2583 3969 volucrunt

1349 3975 1556 4049 l{u‹lson.,
1575 3997 1708 4038 editor
1724 3996 1990 4047 Viennensis,
2008 3994 2297 4043 Hoffinannus,
2317 3992 2584 4041 Letronnius,
