2782 4348
89 177 171 252 (29,
184 194 255 253 30.)

102 295 259 353 ληνίδες
300 295 388 341 αἵδε
427 297 467 341 ἐν
508 292 680 356 Θρᾴκῃ·
717 291 1001 348 Ἄπολλωνία,
1042 291 1326 354 Μεσημὸρία,

102 367 432 424 Ὀδησσόπολις,
458 362 667 413 Κάλλατις
688 361 760 407 καὶ
782 360 967 418 ποταμὸς
988 357 1163 424 Ἴστρος.
1233 363 1332 408 Πα-

100 436 276 500 ράπλους
296 435 339 480 δὲ
357 437 428 488 τῆς
449 430 618 495 Θρᾴκης
638 429 720 475 ἀπὸ
740 430 975 492 Στρυμόνος
996 434 1186 489 ποταμοῦ
1208 431 1332 493 μέχρι

100 498 263 564 Σηστοῦ
284 503 354 549 δύο
375 504 540 562 ἡμερῶν
572 500 643 546 καὶ
676 502 831 545 νυκτῶν
858 499 942 556 δύο,
979 499 1062 544 ἀπὸ
1094 498 1136 545 δὲ
1165 502 1331 556 Σηστοῦ

102 579 226 640 μέχρι
264 574 466 634 στόματος
500 576 573 617 τοῦ
601 571 762 618 Πόντου
796 570 867 616 δύο
888 574 1052 633 ἡμερῶν
1079 571 1150 616 καὶ
1171 574 1330 617 νυκτῶν

101 645 186 701 δύο,
211 642 292 688 ἀπὸ
313 642 356 687 δὲ
378 646 450 687 τοῦ
475 641 677 702 στόματος
697 640 822 702 μέχρι
845 644 916 685 τοῦ
947 639 1112 702 Ἴστρου
1141 644 1331 700 ποταμοῦ

97 714 261 774 ἡμερῶν
285 713 407 773 τριῶν
440 709 512 755 καὶ
546 713 704 756 νυκτῶν
736 712 876 772 τριῶν.
947 708 1002 756 ‘O
1026 709 1192 769 σύμπας
1214 708 1329 771 περί-

97 782 222 833 πλους
246 781 328 825 ἀπὸ
351 778 523 843 Θρᾴκης
542 780 613 824 καὶ
633 783 820 839 ποταμοῦ
852 778 1088 840 Στρυμόνος
1113 777 1238 841 μέχρι
1260 783 1331 824 τοῦ

95 849 258 913 Ἴστρου
282 854 470 910 ποταμοῦ
490 848 597 895 ὀκτὼ
625 851 789 910 ἡμερῶν
809 849 880 894 καὶ
898 847 1007 894 ὀκτὼ
1030 851 1202 896 νυκτῶν.

157 936 213 967 68.
240 913 440 966 ΣΚΥΘΙΑ.
467 921 667 966 ΤΑΥΡΟΙ.
698 919 818 965 Μετὰ
844 918 885 964 δὲ
909 917 1080 983 Θρᾴκην
1119 918 1198 964 εἶσὶ
1226 918 1333 966 Σκύ-

95 993 161 1034 θαι
195 988 304 1041 ἔθνος
333 990 404 1034 καὶ
432 988 571 1041 πόλεις
594 991 635 1034 ἐν
661 991 797 1040 αὐτοῖς
813 988 1052 1044 Ἑλληνίδες
1076 987 1178 1034 αἵδε·
1201 988 1330 1051 Τύρις

97 1058 296 1118 ποταμὸς,
314 1057 514 1104 Νικώνιον
531 1059 662 1114 πόλις,
679 1058 883 1119 Ὀφιοῦσα
903 1057 1031 1110 πόλις.
1098 1057 1199 1104 Ἐπὶ
1215 1057 1256 1103 δὲ
1274 1061 1325 1119 τῇ

95 1128 278 1189 Σκυθικῇ
305 1129 512 1173 ἓποικοῦσι
536 1130 696 1190 Ταῦροι
716 1128 823 1178 ἔθνος
848 1126 1100 1190 ἀκρωτήριον
1121 1130 1194 1182 τῆς
1211 1127 1328 1183 ἠπεί-

98 1215 189 1258 ρου·
229 1199 283 1248 εἷς
321 1197 525 1242 θάλατταν
567 1195 609 1242 δὲ
631 1197 677 1242 τὸ
702 1196 953 1260 ἀκρωτήριόν
971 1224 973 1228 v
991 1199 1114 1242 ἐστιν.
1187 1195 1259 1242 Ἐν
1284 1195 1326 1241 δὲ

95 1269 145 1327 τῇ
160 1268 349 1329 Ταυρικῇ
360 1268 536 1311 οἰκοῦσιν
552 1265 777 1322 ’Έλληνεᾶι
791 1265 891 1311 αἵδε·
912 1264 1172 1327 Χερρόνησος
1191 1264 1325 1324 ἐμπό-

97 1353 198 1396 ριον,
217 1338 345 1396 Κριοῦ
364 1335 570 1395 μέτωπον,
593 1333 847 1397 ἀκρωτήριον
868 1338 940 1390 τ’ἥς
956 1337 1183 1395 Ταυρικῆς.
1203 1334 1326 1379 Μετὰ

97 1403 139 1448 δὲ
160 1404 290 1449 ταῦτά
316 1406 393 1449 εἶσι
417 1403 575 1451 Σκύθαι
599 1401 740 1461 πάλιν,
761 1405 898 1456 πόλεις
918 1403 960 1449 δὲ
981 1403 1217 1459 Ἑλληνίδες
1237 1401 1326 1447 αἵδε

94 1474 134 1516 ἐν
159 1474 276 1534 αὐτῇ·
301 1471 531 1533 Θευδοσία,
563 1473 726 1519 Κόταια
746 1473 817 1518 καὶ
845 1473 1072 1535 Νυμφαία,
1106 1471 1325 1519 Παντικά-

92 1559 229 1602 παιον,
261 1541 545 1603 Μυρμήκειον.
613 1542 867 1604 Παράπλους
901 1541 1015 1594 εὐθὺς
1044 1541 1125 1587 ἀπὸ
1155 1539 1323 1603 Ἴστρου

92 1612 161 1655 ἐπὶ
184 1614 313 1673 Κριοῦ
339 1611 529 1670 μέτωπον
562 1614 683 1673 τριῶν
706 1615 872 1675 ἡμερῶν
898 1612 968 1657 καὶ
992 1615 1115 1674 τριῶν
1148 1608 1323 1670 νυκτῶν,

91 1684 112 1726 ὁ
141 1680 182 1725 δὲ
209 1680 324 1743 παρὰ
349 1685 424 1741 γῆν
456 1681 686 1734 διπλάσιος·
712 1681 799 1727 ἔστι
823 1681 901 1745 γὰρ
938 1682 1103 1733 κόλπος.
1172 1681 1244 1727 Ἐν
1286 1681 1329 1726 δὲ

90 1839 246 1881 Plinius
270 1841 347 1889 VI,
387 1854 424 1881 1.
460 1843 478 1893 ΙΙ
508 1865 565 1871 -
601 1839 1017 1895 Ὀδησσόπολις]
1064 1839 1323 1893 Ὀδησοπολις

90 1901 248 1952 codex3
280 1902 358 1956 leg.
389 1901 472 1943 vid.
508 1917 603 1943 eum
626 1903 830 1944 Palmerio
856 1902 1043 1955 Ὀδησσος
1071 1903 1196 1951 πόλις.
1219 1904 1326 1943 Dein

90 1964 285 2013 Κάλλαὸις
317 1963 463 2006 codex.
487 1968 579 2019 11-
603 1965 734 2006 ὀκτὼ
759 1965 954 2022 ἡμερῶν
987 1982 1010 2006 κ
1027 1998 1035 2006 .
1079 1981 1207 2007 νυκτ.
1229 1967 1244 2021 ]
1264 1968 1327 2006 Ex

91 2035 247 2067 antece.
286 2028 452 2068 nonnisi
489 2036 645 2083 septem
667 2027 754 2069 dies
791 2037 1014 2083 noctesque
1050 2029 1324 2082 colliguntur3

91 2089 215 2144 idque
242 2090 388 2131 melius
409 2090 534 2132 habet
549 2107 561 2142 3
579 2106 706 2146 quare
734 2106 812 2146 pro
834 2091 937 2132 ὀκτὼ
968 2091 1186 2145 legendum
1208 2100 1328 2146 putes

91 2151 197 2193 ἑπτά.
225 2155 262 2194 Α
282 2154 499 2208 Strymone
522 2153 574 2194 ad
603 2155 764 2195 Sestum
797 2163 895 2194 sunt
917 2155 1025 2195 circa
1060 2168 1165 2207 1900
1198 2153 1328 2193 stadia

96 2214 110 2269 (
131 2227 155 2254 2
172 2214 258 2255 dies
280 2224 503 2270 noctesque
540 2215 582 2271 );
614 2217 713 2257 hinc
741 2216 793 2256 ad
826 2218 948 2258 Ponti
972 2217 1123 2256 ostium
1146 2216 1198 2256 ad
1223 2220 1328 2257 1600

91 2276 220 2317 stadia
241 2276 252 2333 (
275 2292 299 2317 2
320 2277 407 2317 dies
439 2287 672 2336 noctesque·
689 2285 720 2334 );
741 2279 839 2319 hinc
862 2279 915 2319 ad
932 2279 1173 2320 Danubium
1196 2278 1327 2319 stadia

92 2339 234 2390 3000(
259 2341 281 2379 3
307 2339 394 2379 dies
425 2342 694 2394 noctesque).

147 2403 168 2452 5
188 2404 255 2441 68.
280 2401 475 2455 Τόρις...
501 2401 536 2441 Ν
553 2403 669 2441 ικών
686 2416 755 2441 ιον
773 2405 787 2454 ]
806 2402 1019 2456 Τρίσσης...
1043 2402 1236 2442 Νεώνειον
1257 2418 1325 2443 co-

90 2461 183 2502 dex.
216 2462 315 2504 Vid.
343 2464 489 2504 Strabo
518 2466 616 2514 VII,
641 2479 682 2519 p.
714 2466 794 2506 306
822 2478 831 2505 :
862 2464 1245 2519 Ἀναπλεόσαντιδὲ(
1267 2481 1323 2506 sc.

89 2526 242 2579 Tyram
261 2526 359 2567 fluv.
382 2525 480 2581 )ρμ’
503 2527 676 2574 σταδίους
705 2526 759 2582 ἐφ’
791 2527 949 2582 ἑκάτερα
975 2527 1100 2577 πόλις,
1125 2527 1148 2579 ἣ
1171 2527 1236 2583 μὲν
1255 2529 1326 2569 Νι-

90 2588 225 2638 κωνία,
244 2587 267 2639 ἣ
292 2589 326 2627 δ’
356 2588 393 2629 ἐν
412 2588 590 2644 ἀριστερᾷ
610 2588 808 2644 Ὀφιοῦσα.
841 2592 905 2630 Ex
927 2590 1127 2631 Strabone
1149 2605 1222 2630 sua
1240 2592 1327 2631 Ste-

89 2650 265 2704 phanUS,
301 2666 388 2691 non
414 2651 568 2706 absque
597 2652 763 2693 mendo.
798 2652 971 2693 Flumen
1000 2653 1122 2706 vulgo
1158 2662 1328 2694 vocatur

90 2711 211 2767 Τόρας
233 2712 296 2752 vel
324 2716 431 2767 Tyra
464 2714 619 2766 (Mela.
649 2714 755 2754 Plin.
786 2715 925 2754 Valer.
950 2715 1081 2755 Flacc.
1117 2718 1223 2768 Arg.⁷
1247 2717 1324 2766 VI,

91 2776 180 2828 84),
200 2775 353 2815 Ionicis
369 2790 467 2815 vero
485 2775 606 2830 Τύρης
622 2776 850 2829 (Herodot.
873 2778 949 2826 IV,
971 2775 1018 2816 51
1032 2779 1070 2830 );
1092 2776 1179 2816 aliis
1201 2777 1324 2831 Τόρις,

90 2838 230 2892 Steph.
253 2840 350 2893 Byz.
376 2853 416 2879 v.
436 2838 557 2893 Τόρας
579 2848 619 2879 et
650 2840 827 2894 Hesych.
848 2854 887 2879 v.
907 2839 1030 2894 Τόρις.
1058 2842 1120 2879 De
1143 2840 1328 2894 Ophiusa

90 2898 207 2950 urbe,
232 2914 323 2954 quae
346 2900 433 2940 aliis
455 2902 585 2956 Tyras
608 2901 847 2951 vocabatur,
883 2901 934 2941 cf.
967 2910 1054 2942 not.
1087 2901 1139 2941 ad
1159 2903 1323 2957 Scymn.

93 2974 188 3014 792.
221 2962 405 3003 Alteram
427 2963 575 3004 urbem
608 2964 851 3004 Ptolemaeus
879 2965 957 3014 ΙΙΙ,
990 2978 1054 3015 10,
1088 2979 1130 3019 p.
1155 2966 1252 3014 213,
1275 2970 1326 3007 26

90 3022 280 3065 Νικώνιον
303 3024 418 3067 dicit.
445 3025 508 3067 Cf.
538 3028 675 3067 Anon.
707 3027 855 3082 Peripl.
886 3029 1007 3067 Pont.
1035 3042 1077 3082 p.
1101 3043 1124 3080 9
1148 3027 1280 3068 Huds.
1309 3029 1322 3080 11

91 3109 147 3117 —
176 3086 250 3128 ἐπὶ
288 3087 333 3128 δὲ
378 3090 435 3144 τῇ
470 3088 772 3146 Σκυθικῇ...
814 3089 1135 3144 ἀκρωτήριόν
1188 3090 1326 3143 ἐστι]

99 3166 116 3182 α
138 3149 242 3190 Sana
255 3150 343 3191 haec
363 3152 517 3202 omnia,
548 3151 620 3192 sed
649 3152 810 3192 inficete
832 3152 953 3193 dicta.
977 3154 1102 3193 Juxta
1120 3153 1327 3207 Scythiam

93 3208 218 3249 Tauri
229 3210 415 3252 habitant
428 3213 472 3252 in
490 3215 797 3268 promontorio,
815 3214 929 3268 quod
946 3223 1006 3254 est
1019 3229 1114 3270 pars
1130 3215 1327 3270 Scythicae

94 3277 212 3311 terrae
233 3274 495 3325 continentis,
515 3278 696 3317 excurrit
720 3291 819 3317 vero
839 3278 881 3316 in
901 3291 1027 3318 mare.
1048 3278 1212 3318 Dicitur
1229 3293 1326 3333 pro-

97 3334 349 3374 montorium
363 3366 373 3385 ,
394 3350 480 3376 non
505 3339 744 3392 peninsula,
771 3340 866 3394 quia
894 3341 1094 3380 isthmum
1115 3349 1328 3395 totamque

95 3407 234 3434 veram
250 3396 433 3438 Tauricae
458 3399 633 3453 figuram
658 3402 904 3454 ignorabant
925 3405 1167 3444 Graecorum
1198 3404 1327 3443 histo-

95 3456 185 3504 rici,
214 3454 331 3506 ἀκτὴν
351 3473 455 3509 eam,
485 3475 571 3501 non
600 3464 858 3516 peninsulam
879 3474 1070 3520 putantes
1086 3470 1107 3519 (ι
1123 3465 1324 3507 Niebuhr.

97 3517 122 3557 l.
149 3517 173 3557 l.
196 3532 238 3572 p.
268 3519 358 3572 137.
383 3521 584 3564 Herodot.
602 3526 680 3574 IV,
699 3527 799 3579 99).
823 3547 839 3561 2·
865 3528 1073 3568 CLAUSEN.
1094 3518 1183 3579 ss—
1200 3526 1327 3566 ‘'Ex-

96 3579 155 3630 λη
171 3579 288 3626 νας*
321 3581 433 3621 αἵδε
462 3586 477 3635 ]
507 3593 578 3624 aut
606 3585 759 3627 excidit
780 3601 789 3628 :
814 3589 880 3628 καὶ
905 3589 1035 3637 πόλεις
1070 3589 1193 3630 αὐτῶν
1209 3621 1220 3640 ,
1258 3598 1328 3630 aut

98 3639 176 3680 fuit
193 3640 385 3693 Ἕλληνες
412 3645 508 3695 οἵδε,
528 3654 576 3686 ut
596 3661 721 3702 supra
740 3651 762 3700 §
785 3653 837 3689 62
857 3658 935 3690 etc.
956 3675 1012 3682 —
1030 3651 1325 3701 Chersonesus,

98 3715 222 3755 quam
238 3704 381 3758 Scylax
395 3707 525 3756 novit,
541 3708 755 3749 Herodoto
780 3709 794 3765 (
809 3712 886 3761 IV,
909 3712 960 3764 93
985 3714 1001 3764 )
1023 3712 1213 3754 nondum
1229 3723 1327 3754 nota

98 3773 198 3815 erat,
220 3775 415 3808 monente
435 3767 593 3808 Ukerto
607 3771 644 3819 Ι,
662 3783 703 3820 2,
726 3784 822 3824 292.
846 3771 862 3823 Η
884 3796 942 3803 —
964 3772 1094 3827 ἐμπό
1107 3790 1126 3829 ρ
1142 3790 1185 3815 ιο
1202 3791 1220 3815 ν
1236 3777 1266 3830 ].
1286 3777 1325 3816 Si

99 3827 181 3867 αἵδε
197 3843 277 3868 vox
299 3838 408 3870 recte
426 3829 564 3880 habet,
593 3830 678 3871 duo
700 3840 809 3872 certe
826 3833 904 3874 loci
925 3836 1163 3877 recensendi
1192 3845 1322 3877 erant.

97 3891 312 3932 Probabile
331 3894 456 3946 igitur
479 3892 660 3948 ἐμπόριον
680 3909 764 3934 non
785 3894 837 3935 ad
859 3896 1161 3939 Chersonesum
1179 3900 1325 3940 urbem

98 3952 360 3994 referendum
375 3969 474 4005 esse,
494 3954 565 3995 sed
581 3955 754 3996 indicari
781 3957 990 4010 Symbolon
1000 3969 1184 4015 portum,
1203 3976 1326 4016 quem

35 4060 38 4064 ,
98 4015 254 4057 Plinius
288 4017 387 4058 dicit
408 4019 485 4068 IV,
521 4022 572 4058 26
600 4032 609 4058 :
643 4019 856 4069 Heraclea,
896 4021 1187 4064 Chersonesus..
1226 4024 1328 4064 Inde

1204 181 1514 240 PERIPLUS.
2566 221 2620 259 51

1397 311 1457 343 est
1481 319 1520 358 7.
1581 305 1647 347 Ad
1673 308 1852 347 Pontum
1880 321 1977 347 vero
1999 308 2122 348 urbes
2137 311 2289 352 Graecae
2312 313 2352 352 in
2373 314 2547 358 Thracia
2566 319 2635 360 hae

1396 379 1492 411 sunt
1513 385 1523 412 :
1546 373 1780 428 Apollonia,
1796 374 2058 424 Mesembria,
2092 375 2369 432 OdessopoliS,
2394 381 2569 433 Callatis,
2590 393 2631 425 et

1395 439 1500 478 Ister
1536 439 1701 482 fluvius.
1762 443 2122 496 Praeternavigatio
2150 444 2336 485 Thraeiae
2367 461 2391 486 a
2418 448 2633 502 Strymone

1395 520 1527 561 usque
1550 507 1603 548 ad
1629 510 1790 550 Sestum
1814 519 1874 551 est
1893 510 2056 551 dierum
2074 511 2254 552 duorum
2281 521 2321 553 et
2349 514 2525 556 duarum
2560 533 2634 558 no-

1397 574 1541 626 ctium,
1574 590 1599 616 a
1617 577 1731 616 Sesto
1750 591 1880 632 usque
1898 578 1951 619 ad
1975 593 2021 619 os
2056 580 2179 620 Ponti
2201 579 2382 621 duorum
2401 582 2562 624 dicrum
2594 595 2634 626 et

1397 645 1577 685 duarum
1596 646 1798 696 noctium,
1827 647 1879 687 ab
1909 661 1981 688 ore
2009 649 2131 688 Ponti
2154 663 2252 688 vero
2267 663 2396 704 usque
2415 651 2466 691 ad
2483 654 2632 694 Istrum

1398 714 1571 754 fluvium
1592 712 1756 753 dierum
1771 714 1899 754 trium
1922 723 1962 755 et
1979 716 2165 758 noctium
2185 717 2327 757 trium.
2387 720 2532 761 Omnis
2554 722 2635 761 cir-

1396 782 1698 835 cumnavigatio
1716 796 1740 822 a
1755 781 1932 823 Thracia
1950 790 1990 822 et
2009 797 2032 823 a
2050 784 2268 838 Strymone
2286 786 2412 826 fluvio
2435 802 2563 843 usque
2582 789 2636 829 ad

1395 854 1550 892 Istrum
1569 852 1725 892 flumen
1744 859 1805 892 est
1828 860 1922 892 octo
1945 850 2142 908 (septem)
2165 852 2407 910 dierumque
2429 860 2629 901 noctium.

1455 922 1523 962 68.
1549 921 1750 962 SCY'rfflA.
1771 920 1930 960 TAURI.
1960 922 2058 961 Post
2075 921 2295 962 Thraciam
2326 926 2509 978 sequitur
2538 928 2634 981 Scy-

1397 989 1562 1030 tharum
1585 1003 1708 1043 gens,
1733 988 1940 1043 urbesque
1962 988 2073 1043 apud
2096 1003 2165 1029 eos
2188 990 2340 1030 Graecae
2362 1001 2456 1032 sunt
2482 1007 2490 1033 :
2514 995 2641 1048 Tyris

1398 1058 1563 1108 fluvius,
1577 1058 1802 1098 Niconium
1816 1064 1857 1097 et
1868 1056 2054 1112 Ophiusa
2068 1056 2207 1097 urbes.
2266 1060 2389 1099 Juxta
2407 1061 2633 1115 Scythicam
2686 1085 2689 1088 ·

1398 1129 1634 1168 Taurorum
1653 1141 1750 1181 gens
1769 1126 1915 1167 accolit
1943 1127 2192 1167 continentis
2211 1136 2370 1182 partem
2399 1144 2488 1184 quae
2520 1135 2639 1187 quasi.

1397 1197 1734 1251 promontorium
1766 1197 1809 1235 in
1845 1210 1959 1236 mare
1993 1196 2216 1250 procurrit.
2279 1197 2553 1254 Habitantque
2593 1202 2638 1240 in

1397 1267 1574 1307 Taurica
1591 1267 1741 1316 Graeci,
1767 1280 1948 1320 quorum
1970 1266 2092 1307 urbes
2115 1266 2177 1306 hae
2193 1275 2289 1307 sunt
2309 1281 2318 1307 2
2336 1269 2632 1319 Chersonesus,

1397 1336 1651 1390 emporium3
1673 1334 1824 1375 deinde
1840 1336 2153 1390 Criumetopum
2178 1334 2231 1391 (i.
2254 1351 2289 1377 e.
2309 1338 2469 1378 Arietis
2477 1339 2599 1391 frons
2620 1340 2633 1395 )

1398 1407 1585 1446 Tauricae
1603 1407 1963 1461 promontorium.
2022 1406 2210 1446 Posthaec
2233 1420 2376 1447 rursus
2413 1416 2509 1447 sunt
2540 1410 2639 1463 Scy·

1398 1474 1478 1514 thae
1502 1489 1730 1529 eorumque
1748 1475 1792 1514 in
1815 1475 1983 1528 regione
2013 1474 2137 1514 urbes
2157 1475 2310 1515 Graecae
2337 1489 2346 1515 :
2373 1476 2608 1516 Theudosia
2623 1503 2635 1526 ,

1399 1544 1550 1597 Cytaea,
1564 1543 1806 1598 Nymphaea,
1825 1543 2146 1598 Panticapaeum,
2162 1545 2452 1599 Myrmecium.
2513 1547 2638 1586 Recta

1398 1612 1449 1652 ab
1467 1614 1574 1652 Istro
1589 1612 1642 1653 ad
1670 1613 1987 1667 Criumetopum
2011 1614 2216 1666 navigatio
2242 1615 2368 1654 trium
2392 1614 2552 1655 dierum
2572 1623 2635 1655 to-

1401 1679 1612 1735 tidemque
1640 1682 1853 1731 noctium;
1893 1682 1956 1720 sin
1985 1681 2081 1721 litus
2117 1681 2276 1735 legeris,
2313 1681 2463 1736 duplex
2497 1697 2506 1723 1
2539 1698 2635 1724 nam

1402 1839 1678 1880 Parthenium
1688 1839 2036 1896 promontorium,
2063 1843 2291 1880 Taurorum
2313 1840 2468 1880 civitas
2488 1840 2636 1886 Placia

1397 1903 1608 1956 Symbolon
1651 1912 1817 1958 portus,
1854 1903 2183 1958 promontorium
2225 1903 2520 1958 Criumetopon.
2567 1903 2630 1943 Cf.

1397 1965 1569 2006 Ptolem.
1597 1967 1674 2015 III,
1698 1969 1747 2015 6;
1773 1965 1920 2005 Strabo
1938 1967 2036 2015 VII,
2060 1980 2102 2020 p.
2127 1966 2206 2019 309
2223 1981 2233 2016 ;
2252 1968 2459 2020 Anonym.
2482 1967 2633 2022 Peripl,

1397 2030 1518 2068 Pont.
1537 2043 1580 2083 p.
1600 2032 1648 2077 [⁸3
1667 2028 1815 2068 Ukert.
1832 2030 1909 2077 ΙΙΙ,
1929 2042 1970 2078 2,
1990 2043 2032 2083 Ρ,
2057 2031 2137 2076 468
2157 2043 2218 2082 sq.
2239 2032 2253 2084 Η
2276 2053 2333 2059 -
2348 2028 2378 2068 Θ
2393 2029 2542 2068 ευδοσ
2558 2029 2633 2084 [a]

1397 2091 1462 2130 Sic
1481 2091 1598 2130 numi
1616 2092 1632 2144 (
1649 2106 1686 2131 v.
1702 2090 1887 2131 Koehler.
1902 2092 2007 2131 Nov.
2025 2093 2117 2131 Act.
2137 2091 2264 2132 Acad.
2284 2094 2449 2146 Petrop.
2469 2100 2498 2132 t.
2514 2093 2631 2142 XIV,

1396 2167 1438 2206 p.
1472 2166 1564 2193 122.
1588 2155 1604 2206 >
1628 2161 1668 2192 et
1682 2154 1972 2208 inscriptiones
1990 2155 2005 2205 (
2022 2153 2191 2193 Boeckh.
2215 2155 2260 2194 C.
2291 2156 2325 2193 I.
2348 2156 2404 2203 ΙΙ,
2428 2169 2469 2208 p.
2491 2157 2575 2208 98)
2595 2163 2635 2194 et

1397 2218 1535 2256 Anon.
1562 2216 1711 2270 Peripl.
1735 2219 1757 2268 ὃ
1779 2220 1817 2256 6.
1843 2216 2073 2270 Stephanus
2096 2230 2261 2270 quoque
2280 2216 2487 2256 Θευδοσίαν
2512 2217 2633 2256 habet

1397 2277 1563 2318 laudato
1585 2278 1818 2330 Strabone(
1853 2280 1950 2327 VII,
1979 2292 2020 2332 p.
2055 2279 2135 2331 309
2158 2280 2191 2331 ),
2216 2278 2287 2318 ubi
2310 2287 2445 2318 tamen
2472 2276 2646 2319 codicesv

1397 2340 1582 2395 praebent
1601 2340 1812 2390 Θεοδοσία;
1838 2340 1963 2393 idque
1986 2354 2050 2394 ap.
2077 2340 2329 2394 Stephanum
2346 2335 2633 2395 reponendum

1396 2417 1482 2442 csse
1515 2403 1638 2442 series
1662 2401 1783 2441 docet
1819 2401 2044 2441 literarum.
2071 2402 2137 2441 Sic
2162 2402 2284 2441 etiam
2313 2416 2377 2456 ap.
2414 2403 2631 2443 Demosth.

1395 2478 1437 2519 p.
1459 2466 1538 2518 933
1556 2465 1737 2519 optimus
1761 2462 1893 2504 codex
1916 2463 2124 2503 Θεοδοσίαν
2143 2463 2282 2514 habet,
2304 2478 2434 2518 quum
2452 2465 2495 2504 in
2511 2463 2626 2505 editt.

1396 2536 1436 2567 et
1451 2528 1492 2567 h.
1518 2527 1545 2568 l.
1572 2535 1613 2566 et
1626 2541 1668 2581 p.
1694 2530 1792 2580 467,
1823 2540 1873 2567 10
1900 2526 2058 2580 legatur
2074 2526 2276 2566 Θευδοσία.
2300 2529 2315 2580 Η
2330 2551 2386 2557 -
2403 2518 2535 2566 Κότα
2550 2542 2595 2566 ια
2617 2529 2639 2579 ]Ἰ

1397 2591 1463 2630 Sic
1496 2590 1703 2644 Lycophr.
1735 2590 1839 2629 1312
1876 2604 1926 2629 ex
1960 2603 2092 2643 eoque
2124 2589 2257 2630 Schol.
2284 2589 2418 2643 Apoll.
2443 2589 2522 2629 Rh.
2551 2591 2636 2639 ΠΙ,

1397 2655 1502 2702 228,
1530 2652 1656 2693 schol.
1688 2655 1767 2706 Ap.
1806 2651 1942 2692 Rhod.
1968 2653 2025 2701 H,
2060 2653 2140 2705 399
2174 2666 2225 2691 ex
2247 2666 2377 2705 eoque
2407 2653 2543 2706 Etym.
2569 2654 2628 2693 M.

1395 2729 1438 2769 p.
1466 2730 1534 2769 77,
1567 2715 1647 2765 453
1673 2715 1860 2755 Eustath.
1890 2716 2015 2755 Hom.
2047 2729 2090 2769 p.
2119 2715 2241 2767 1493,
2267 2718 2345 2763 26;
2366 2713 2512 2754 Suidas
2534 2729 2566 2754 5.
2589 2729 2628 2755 v.

1401 2775 1413 2831 (
1439 2777 1502 2829 Cf.
1540 2777 1721 2827 Κόταιον,
1747 2778 1877 2817 Cretae
1912 2776 2115 2830 urbem).
2146 2776 2264 2816 Idem
2294 2775 2439 2817 Suidas
2475 2777 2630 2816 etiam:

1398 2839 1430 2878 K
1442 2839 1461 2878 ό
1474 2855 1496 2880 τ
1508 2856 1530 2892 η
1548 2872 1558 2890 ,
1586 2840 1710 2895 ὄνομα
1729 2839 1891 2886 πόλεως.
1916 2838 2041 2893 Apud
2055 2839 2308 2894 Stephanum
2327 2847 2387 2878 est
2409 2838 2527 2889 Κότα,
2551 2838 2633 2879 for-

1397 2903 1512 2942 tassis
1523 2903 1726 2943 librorum
1742 2903 1842 2942 vitio
1857 2916 1935 2957 pro
1955 2902 2113 2942 Κόταια.
2135 2901 2408 2956 Grae-Plinius
2426 2903 2503 2951 IV,
2529 2905 2580 2941 26
2593 2910 2634 2941 et

1397 2967 1606 3020 Anonym.
1633 2966 1785 3020 Peripl.
1819 2968 1840 3018 §
1862 2969 1903 3015 6,
1931 2965 2030 3005 ubi:
2053 2964 2104 3012 εἰς
2133 2965 2254 3012 Κότας
2275 2964 2387 3005 πόλιν
2410 2963 2480 3015 τὴν
2500 2966 2631 3019 πρώην

1396 3027 1614 3083 λεγομένην
1635 3029 1824 3068 Κυδεάκαι
1847 3028 1862 3080 (
1881 3028 1938 3067 5ἰο
1953 3030 1984 3081 ).
2013 3029 2075 3067 De
2098 3028 2178 3067 situ
2193 3027 2318 3070 .urbis
2341 3028 2448 3067 inter
2471 3035 2632 3067 montes

1400 3092 1520 3146 Opuk
1539 3100 1579 3132 et
1615 3091 1739 3133 Takil
1764 3094 1905 3130 Burun
1924 3098 2073 3144 praeter
2094 3089 2245 3143 Peripl.
2273 3091 2410 3129 Anon.
2436 3102 2476 3127 v.
2502 3088 2631 3128 Pallas

1396 3153 1541 3194 Reisen
1576 3154 1618 3194 in
1640 3154 1707 3194 die
1738 3152 1848 3193 sz'c'cll.
1877 3150 2275 3204 Stattlzalterschctfi.
2301 3149 2529 3190 Russlancls
2561 3151 2629 3198 ΙΙ,

1396 3230 1438 3270 p.
1467 3217 1561 3264 343.
1581 3217 1597 3270 ΙΙ
1613 3240 1670 3246 -
1684 3215 1720 3256 Ν
1733 3231 1752 3254 υ
1768 3231 1827 3270 μφ
1840 3231 1863 3255 α
1879 3216 1924 3254 ία
1940 3215 2119 3266 ]Ceteris
2139 3213 2357 3268 Νύμφαιον,
2375 3220 2422 3251 ut
2439 3211 2630 3253 Straboni

1397 3292 1439 3333 p.
1485 3280 1580 3331 309,
1619 3279 1810 3333 Appiano
1840 3278 1984 3317 Mithr.
2016 3292 2051 3316 c.
2089 3278 2182 3325 108,
2211 3275 2430 3316 Ptolemaeo
2458 3275 2535 3323 III,
2576 3277 2631 3323 6,.

1395 3353 1438 3393 p.
1473 3341 1577 3389 203,
1604 3354 1655 3392 29
1685 3339 1913 3392 Wilberg.,
1943 3341 2081 3378 Anon.
2109 3337 2259 3392 Peripl.
2298 3344 2338 3376 et
2366 3336 2500 3377 Plinio
2519 3335 2547 3375 l.
2578 3335 2626 3384 l.‚

1398 3402 1567 3442 Cratero
1589 3416 1653 3455 ap.
1678 3403 1919 3455 Harpocrat.
1945 3415 1977 3440 s.
2000 3414 2038 3440 v.
2069 3403 2084 3454 Η
2106 3424 2163 3430 -
2180 3399 2252 3447 Mu
2265 3414 2284 3452 ρ
2300 3397 2396 3453 μήκ
2411 3412 2427 3437 ε
2443 3412 2482 3436 ιο
2496 3399 2547 3449 ν]
2572 3398 2631 3436 sic

1398 3464 1534 3514 editt.;
1548 3463 1764 3518 Μυρμηκὸν
1778 3462 1922 3502 codex.
1943 3461 2190 3517 Μυρμήκειον
2203 3462 2454 3514 Theognost.
2467 3460 2625 3500 Canon.

1397 3542 1438 3582 p.
1463 3540 1556 3580 129,
1582 3539 1654 3576 123
1679 3526 1930 3580 Μυρμηκεῖον
1947 3524 2173 3566 Herodian.
2196 3539 2262 3579 ap.
2292 3525 2350 3564 St.
2375 3525 2471 3578 Byz.
2508 3537 2540 3562 s.
2568 3537 2631 3570 v.;

1397 3587 1624 3643 Μυρμήκιον
1662 3587 1807 3627 Strabo
1831 3589 1930 3638 VH,
1950 3602 1992 3642 p.
2034 3587 2130 3628 310.
2153 3588 2230 3636 XI,
2260 3600 2303 3641 p.
2329 3588 2437 3639 494;
2471 3585 2631 3638 Μυρμη-

1397 3651 1460 3691 κέα
1479 3649 1732 3691 Artemidor.
1755 3664 1820 3705 ap.
1847 3651 1904 3691 St.
1930 3651 2064 3705 Byz.;}
2078 3650 2317 3705 Μυρμηκιών
2341 3649 2541 3689 Arrianus
2558 3661 2622 3700 ap.

1398 3714 1528 3752 Leon.
1553 3712 1786 3752 Diaconum
1808 3713 1885 3763 IX,
1912 3716 1950 3753 6.
1977 3713 2185 3753 Posterior
2215 3711 2303 3752 haec
2332 3710 2465 3750 forma
2486 3708 2537 3748 ad
2559 3721 2627 3746 co—

1397 3775 1498 3815 dicis
1531 3774 1668 3815 literas
1694 3776 1884 3830 proxime
1917 3774 2087 3816 accedit.
2110 3774 2126 3827 ΙΙ
2149 3798 2207 3805 -
2228 3778 2341 3828 τριῶν
2375 3771 2526 3826 ἡμερῶν
2564 3769 2629 3807 καὶ

1398 3851 1501 3877 νυκτ.
1523 3838 1537 3888 ]
1557 3835 1695 3876 Stadia
1716 3836 1800 3877 sere
1822 3846 1918 3878 sunt
1942 3837 2047 3879 1650
2063 3869 2074 3886 ,
2102 3851 2193 3891 quae
2216 3837 2342 3876 trium
2363 3833 2446 3873 fere
2462 3831 2624 3870 dierum

1397 3906 1559 3940 tantum
1574 3899 1875 3953 navigationem
1893 3907 2125 3954 exaequant.
2147 3901 2196 3938 In
2213 3895 2464 3937 contrarium
2483 3900 2629 3932 auctor

1397 3969 1538 4016 peccat
1548 3962 1591 4001 in
1605 3976 1718 4016 seqq.
1727 3993 1737 4012 ,
1751 3962 1824 4002 ubi
1841 3977 1863 4003 a
1879 3963 2146 4015 Criumetopo
2162 3959 2213 3999 ad
2225 3958 2525 4010 Panticapaeum
2540 3968 2626 3993 esse

1398 4024 1499 4064 dicit
1510 4025 1810 4079 navigationem
1827 4025 1907 4064 diei
1928 4025 2154 4077 noctisque,
2169 4035 2295 4076 quum
2314 4033 2395 4059 01·ae
2410 4015 2634 4070 longitudo
