2808 4342
488 29 541 85 C
798 77 807 81 -

702 112 753 161 Ο

197 200 287 244 ³68

196 294 251 359 (ι)
276 295 468 346 Ἐνθένδε
489 256 603 343 aaz&
632 296 701 340 τὸν
727 291 971 354 Πασιτίγριν
1004 290 1091 355 ἅνω
1121 291 1332 339 ἀνέπλωον
1361 292 1430 339 διὰ

193 365 336 429 χώρης
359 364 595 426 οἰκεομένης
618 364 688 410 καὶ
708 361 961 420 εὐδαίμονος.
1031 359 1366 414 Ἀναπλώσαντες
1388 361 1434 408 δὲ

195 434 384 487 σταδίους
406 436 447 487 ές
467 433 723 488 πεντήκοντα
750 429 822 475 καὶ
846 427 992 475 ἑκατὸν
1016 431 1143 475 αὐτοῦ
1166 430 1430 494 ὁρμίζονται,

197 501 498 565 προσμένοντες
522 501 708 550 οὕστινας
734 497 926 543 ἐστάλκει
949 496 1140 561 Νέαρχος
1161 499 1436 563 σκεψομένους

158 586 180 616 ο
199 570 269 617 ἵνα
288 574 310 618 ὁ
331 570 522 633 βασιλεὺς
542 567 624 622 εἴη.
695 564 748 628 (ο)
763 565 897 619 Αὐτὸς
915 565 958 613 δὲ
973 565 1064 613 ἔθυε
1080 571 1207 615 θεοῖσι
1221 569 1328 615 τοῖσι
1350 587 1433 616 σω·

193 643 340 702 τῆρσι,
374 638 444 684 καὶ
467 638 607 695 ἀγῶνα
640 634 799 692 ἐποίεε,
830 634 902 681 καὶ
938 630 1175 701 η’στρατιὴ
1198 641 1226 694 ἡ
1259 637 1432 695 ναυτικὴ

193 715 308 753 πᾶσα
332 709 373 751 ἐν
409 703 649 764 εὐθυμίῃσιν
687 696 754 760 ἦν.
824 704 876 766 (7)
915 699 996 758 Ὧς
1022 703 1071 751 δὲ
1102 706 1323 769 προσάγων
1351 707 1433 764 ἤδη

195 774 455 835 Ἀλέξανδρος
475 772 728 834 ἠγγέλλετο,
764 772 924 820 ἔπλωον
946 773 1027 832 ἤδη
1065 767 1180 828 αὖθις
1204 778 1244 829 ἐς
1266 775 1313 824 τὸ
1349 776 1436 823 ἄνω

193 837 301 887 κατὰ
330 841 398 888 τὸν
434 841 636 902 ποταμόν·
666 842 739 888 καὶ
771 841 872 905 πρὸς
904 846 956 906 τῇ
991 843 1136 906 σχεδίῃ
1174 844 1435 907 ὁρμίζονται,

135 928 173 958 ιο
195 910 260 957 ἐπ’
284 903 313 973 ᾖ
335 911 382 956 τὸ
414 910 653 974 στράτευμα
690 910 948 958 διαόιὸάσειν
982 912 1154 974 ἔμελλεν
1178 912 1437 978 Ἀλέξανδρος

194 982 234 1032 ἐς
269 983 429 1029 Σοῦσα.
501 980 549 1043 (a)
587 981 797 1030 Ἐνταῦθα
835 981 1040 1045 ἀνεμίχθη
1075 987 1098 1030 ὁ
1130 984 1329 1047 στρατὸς,
1362 985 1434 1031 καὶ

194 1050 330 1096 θυσίαι
359 1051 462 1113 πρὸς
485 1049 750 1114 Ἀλεξάνδρου
786 1050 951 1098 ἐθύοντο
972 1053 1039 1098 ἐπὶ
1069 1056 1151 1099 τῶν
1175 1055 1276 1100 νεῶν
1296 1072 1341 1100 τε
1363 1055 1435 1101 καὶ

194 1122 277 1166 τῶν
300 1121 525 1186 ἀνθρώπων
547 1125 599 1184 τῇ
637 1122 823 1185 σωτηρίῃ
847 1122 918 1168 καὶ
942 1124 1097 1184 ἀγῶνες
1118 1123 1343 1171 ἐποιέοντο·
1365 1124 1438 1172 καὶ

195 1188 387 1252 Νέαρχος
409 1189 498 1236 ὅκοι
516 1190 782 1255 παραφανείη
805 1194 878 1247 τῆς
900 1195 1117 1254 στρατιῆς,
1141 1192 1282 1239 ἄνθεσί
1299 1211 1343 1239 τε
1366 1194 1439 1240 καὶ

134 1272 172 1301 1⁵
193 1258 395 1320 ταινίῃσιν
419 1259 632 1307 &einero-
661 1261 710 1322 (a)
739 1259 834 1307 ἔνθα
855 1260 927 1307 καὶ
949 1261 1114 1325 χρυσέῳ
1138 1262 1327 1326 στεφάνῳ
1346 1281 1439 1310 στε-

196 1333 421 1392 φανοῦνται
441 1329 483 1384 ἐξ
502 1329 767 1392 Ἀλεξάνδρου
789 1330 983 1393 Νέαρχός
1008 1349 1052 1377 τε
1078 1331 1151 1377 καὶ
1180 1332 1408 1385 Λεοννάτος
1422 1368 1437 1393 ,

195 1398 386 1463 Νέαρχος
403 1400 477 1460 μὲν
497 1401 565 1447 ἐπὶ
588 1405 661 1447 τοῦ
678 1405 870 1447 ναυτικοῦ
894 1404 945 1463 τῇ
972 1402 1158 1465 σωτηρίῃ
1172 1437 1184 1459 ,
1210 1402 1438 1455 Λεοννάτος

195 1467 240 1516 δὲ
256 1468 324 1515 ἐπὶ
345 1472 396 1532 τῇ
416 1470 531 1532 νίκῃ,
556 1470 607 1527 ἣν
634 1470 827 1532 Ὠρείτας
844 1489 886 1516 τε
907 1470 1069 1527 ἐνίκησε
1092 1471 1163 1517 καὶ
1186 1471 1278 1523 τοὺς
1297 1471 1435 1535 Ὠρεί-

195 1556 293 1601 τῃσι
315 1539 632 1600 προσοικέοντας
666 1539 915 1603 βαρὸἄρους.
988 1538 1062 1601 (ιο)
1081 1539 1208 1587 Οὕτω
1229 1539 1304 1600 μὲν
1329 1543 1435 1587 ἀπε-

131 1609 176 1641 ²⁰
197 1606 310 1664 σώθη
331 1607 584 1671 Ἀλεξάνδρῳ
609 1610 655 1654 ἐκ
672 1613 744 1655 τοῦ
766 1608 896 1656 Ἰνδοῦ
919 1610 1000 1655 τῶν
1021 1608 1223 1655 ἐκὸολέων
1248 1611 1439 1673 ὁρμηθεὶς

194 1678 217 1722 ὃ
235 1678 426 1738 στρατός.

258 1747 426 1794 XLIII.
462 1746 529 1795 Τὰ
550 1746 592 1794 δὲ
612 1751 654 1795 ἓν
670 1748 780 1812 δεξιῇ
800 1752 873 1806 τῆς
890 1749 1091 1813 Ἐρυθρῆς
1109 1750 1321 1808 θαλάσσης
1337 1750 1438 1813 ὑπὲρ

195 1814 271 1871 τὴν
293 1815 566 1874 Βαὸυλωνίην
592 1817 765 1879 Ἀραὸίη
789 1821 815 1874 ἡ
833 1818 969 1874 πολλή
985 1820 1071 1864 ἐστι
1087 1854 1100 1878 ,
1125 1819 1195 1864 καὶ
1217 1818 1369 1876 ταύτης
1386 1818 1439 1865 τὰ

198 1882 275 1944 μὲν
298 1884 472 1941 κατήκει
497 1886 589 1931 ἔστε
624 1887 693 1931 ἐπὶ
715 1886 790 1943 τὴν
814 1889 1026 1933 θάλασσαν
1050 1887 1125 1944 τὴν
1149 1886 1258 1933 κατὰ
1292 1888 1440 1935 Φοινί-

131 1962 175 1993 ²⁵
197 1969 275 2010 κην
294 1971 338 1999 τε
358 1953 430 2000 καὶ
453 1953 527 2010 τὴν
549 1956 839 2013 Παλαιστίνην
863 1956 1034 2019 Συρίην·
1055 1956 1156 2019 πρὸς
1183 1956 1381 2018 δυομένου
1398 1957 1441 2003 δὲ

198 2021 319 2078 ἡλίου
338 2025 395 2076 ὡς
413 2023 483 2070 ἐπὶ
506 2023 582 2080 τὴν
601 2023 700 2070 εἴσω
718 2026 932 2071 θάλασσαν
957 2025 1176 2086 Αἰγύπτιοι
1196 2030 1247 2090 τῇ
1268 2026 1440 2090 Ἄραὸίῃ

198 2093 430 2157 δμορέουσι.
499 2095 548 2157 (a)
582 2095 703 2143 Κατὰ
729 2095 771 2142 δὲ
792 2095 1004 2157 Αἴγυπτον
1029 2097 1185 2159 ἐσέχων
1208 2099 1255 2143 ἐκ
1278 2101 1350 2154 τ’ἧς
1367 2116 1441 2157 με·

198 2161 331 2224 γάλης
349 2163 559 2221 θαλάσσης
579 2164 731 2216 κόλπος
757 2166 881 2219 δῆλον
914 2166 1045 2211 ποιέει
1074 2165 1138 2212 ὅτι
1160 2166 1280 2212 ἕνεκά
1299 2186 1347 2229 γε
1369 2172 1442 2215 τοῦ

199 2230 371 2293 σύρροον
404 2226 509 2278 εἶναι
530 2231 606 2287 τὴν
636 2232 714 2286 ἔξω
736 2233 952 2279 θάλασσαν
980 2234 1203 2296 περίπλους
1228 2233 1277 2281 ἂν
1309 2229 1362 2292 ἦν
1396 2238 1444 2283 ἐκ

134 2314 177 2345 ³0
198 2299 444 2354 Βαθυλῶνος
467 2303 505 2354 ἐς
534 2300 603 2347 τὸν
631 2301 784 2348 κόλπον
811 2306 951 2349 τοῦτον
969 2301 1167 2366 ἐσέχοντα
1194 2307 1247 2358 ὥς
1276 2306 1340 2350 ἐπ’
1366 2305 1444 2353 Αἴ-

197 2387 367 2430 γυπτον.
437 2369 487 2433 (³)
512 2369 636 2417 Ἀλλὰ
659 2370 739 2434 γὰρ
755 2370 862 2424 οὔτις
882 2372 1132 2435 παρέπλωσε
1173 2372 1304 2439 ταύτῃ
1327 2376 1446 2421 οὖδα-

199 2442 288 2499 μῶν
313 2439 539 2504 ἀνθρώπων
563 2439 643 2486 ὑπὸ
662 2441 874 2502 καύματος
893 2442 964 2488 καὶ
986 2443 1181 2506 ἐρημίης,
1205 2446 1241 2490 εἰ
1261 2443 1322 2504 μή
1341 2444 1446 2498 τινές

201 2600 280 2643 sert
303 2601 356 2643 ab
394 2616 445 2644 eo
477 2602 568 2645 lacu
587 2603 792 2658 (adverso
823 2605 938 2659 Tigri
976 2608 992 2660 )
1026 2605 1078 2647 ad
1112 2607 1265 2661 Aginin
1292 2621 1446 2663 pagum

201 2665 479 2719 navigandum
502 2682 589 2709 esse
617 2682 694 2724 per
716 2672 799 2710 600
831 2667 964 2710 stadia
979 2700 990 2720 ,
1013 2670 1120 2711 sicut
1141 2684 1266 2726 supra
1284 2670 1446 2713 dixerat

200 2725 254 2767 ab
275 2729 381 2769 ostio
406 2730 630 2785 Euphratis
649 2730 701 2771 ad
723 2730 976 2786 Babylonem
1000 2747 1087 2774 esse
1103 2734 1212 2777 3300
1230 2732 1377 2775 stadia.
1396 2735 1446 2775 In

201 2786 283 2829 hoc
303 2789 449 2831 itincre
470 2807 603 2847 neque
618 2793 670 2834 ad
687 2793 939 2849 Babylonem
961 2809 1096 2850 neque
1115 2794 1168 2837 ad
1181 2796 1333 2851 Aginin
1350 2810 1446 2838 cum

202 2849 327 2891 classc
341 2865 413 2892 sua
435 2854 646 2895 Nearchus
670 2857 797 2896 venit.
820 2856 976 2897 Plinius
988 2859 1065 2908 VI,
1088 2859 1136 2899 31
1155 2859 1307 2913 Aginin
1325 2874 1446 2901 voca-

200 2924 248 2954 re
260 2911 423 2955 videtur
438 2916 587 2971 Aphle,
607 2925 646 2956 et
658 2932 747 2957 cam
759 2917 930 2958 collocat
945 2919 996 2959 ad
1013 2919 1146 2960 lacum
1160 2920 1444 2972 Chaldaicum,

201 2987 328 3031 quam
340 2975 439 3018 dicit
453 2977 771 3032 navigationc65
784 2979 883 3019 mill.
896 2994 1003 3034 pass.
1019 2996 1041 3021 a
1057 2982 1169 3022 Susis
1180 2981 1347 3032 distare,
1364 2985 1389 3023 i.
1406 3000 1443 3024 c.

202 3037 368 3079 circiter
391 3037 473 3082 500
490 3038 597 3081 stad.
622 3060 639 3076 ι
664 3041 933 3082 Scamnum.
965 3042 1104 3083 Verba
1124 3043 1243 3084 Plinii
1274 3045 1350 3095 VI,
1377 3047 1444 3095 31,

203 3099 227 3151 S
245 3098 322 3149 134
338 3098 427 3142 haec
441 3108 539 3142 sunt
561 3114 571 3143 :
591 3105 695 3144 Susa
716 3116 743 3143 a
760 3102 924 3144 Persico
943 3102 1051 3143 nmri
1063 3102 1215 3145 absunt
1230 3107 1322 3146 CCL
1340 3107 1444 3148 mill.

195 3174 319 3217 pass.
343 3164 436 3216 Qua
459 3162 594 3205 subiit
614 3163 675 3205 ad
689 3179 778 3206 mm
796 3164 947 3207 classis
965 3164 1200 3207 Alexandri
1222 3167 1444 3219 Pasitigri,

202 3221 323 3266 vicus
341 3222 402 3266 ad
420 3224 554 3268 lacum
577 3225 841 3269 chaldaicum
857 3235 1033 3269 vocatur
1053 3227 1162 3285 Aple
1182 3228 1196 3284 (
1214 3229 1272 3270 sic
1290 3229 1447 3283 codd.)

204 3284 312 3327 unde
331 3289 438 3329 Susa
458 3288 727 3342 navigatione
748 3291 826 3331 LX
838 3291 903 3332 M.
925 3291 982 3331 D.
1000 3304 1122 3347 pass.
1139 3291 1156 3345 (
1172 3291 1249 3333 Lx
1266 3299 1307 3332 et
1331 3292 1448 3333 LXII

206 3355 248 3389 et
274 3350 392 3391 LXV
415 3364 455 3392 v.
482 3350 509 3393 l.
535 3352 551 3408 )
574 3352 742 3393 absume.
765 3354 870 3406 Quae
901 3366 999 3394 sane
1030 3353 1087 3394 ita
1119 3351 1230 3396 dieta
1263 3361 1375 3405 sunt,
1402 3363 1449 3395 ut

203 3410 328 3467 Aple,
345 3426 469 3468 quam
483 3413 570 3470 ipse
584 3428 752 3471 quoque
766 3414 820 3457 ab
835 3415 958 3470 Agini
974 3429 1060 3457 non
1074 3413 1280 3458 diversam
1297 3413 1446 3469 habeo,

204 3474 257 3515 ad
293 3475 511 3531 Pasitigrin
546 3478 665 3519 sitam
696 3478 927 3534 putaveris;
967 3485 1112 3521 eontra
1136 3492 1236 3521 vero
1262 3478 1450 3521 AEthieus

205 3535 420 3590 Oosmogr.
445 3552 488 3593 p.
510 3553 590 3594 709
612 3539 714 3593 (ed.
741 3541 874 3582 Gron.
904 3553 1011 3596 1722
1033 3542 1051 3596 )
1085 3539 1231 3594 Tigrin
1259 3541 1447 3597 immergi

202 3595 263 3638 ait
277 3596 337 3637 ad
348 3602 464 3650 Auge
481 3601 696 3661 oppidum,
714 3602 825 3659 quod
838 3612 898 3645 ese
929 3604 971 3645 in
994 3603 1092 3646 sinu
1109 3603 1289 3647 Persico.
1314 3605 1448 3647 Porro

204 3658 408 3701 Herodot.
431 3663 507 3711 Vl,
533 3677 586 3704 20
608 3678 618 3705 t
650 3664 689 3706 ἐν
728 3665 855 3723 ’Ἄμπῃ
879 3666 993 3718 πόλι,
1022 3667 1112 3723 παρ’
1143 3667 1191 3720 ἣν
1216 3666 1359 3724 Τίγρης
1378 3682 1448 3710 πο·

205 3721 329 3778 raph<
347 3725 568 3779 παραρρέων
590 3726 625 3773 ἐς
654 3727 850 3770 θάλασσαν
875 3728 975 3778 ἐξίει.
1003 3733 1137 3786 Ampe
1157 3738 1313 3783 verqet
1331 3733 1447 3786 Auge

205 3790 248 3825 et
262 3783 370 3841 Aple
386 3783 439 3826 ad
460 3786 639 3828 eundem
660 3788 795 3832 locum
818 3793 1040 3847 pertinent.
1063 3795 1196 3836 Situm
1217 3790 1306 3850 ejus
1326 3807 1446 3836 accu-

205 3846 336 3888 ratius
349 3845 514 3890 deliniri
530 3862 615 3892 non
639 3864 758 3907 posse
776 3868 871 3895 cum
892 3857 1051 3898 Rittero
1076 3856 1090 3913 (
1109 3857 1166 3908 X,
1182 3870 1225 3913 p.
1245 3869 1300 3912 29
1316 3858 1333 3911 )
1352 3870 1447 3898 cen-

207 3921 293 3950 seo.
317 3909 605 3953 Conferendus
622 3911 802 3969 denique
823 3916 1081 3968 Ptolemmus,
1103 3921 1175 3974 qui
1189 3933 1274 3961 uno
1295 3932 1319 3960 a
1333 3917 1446 3960 Susis

208 3969 340 4023 gradu
355 3972 440 4014 sive
461 3973 542 4016 500
559 3973 702 4017 stadiis
720 3975 939 4019 distantem
958 3989 1071 4022 notat
1092 3980 1274 4038 Ἀγάρραν
1291 3980 1443 4031 locum,

208 4031 281 4086 qui
296 4041 337 4075 et
364 4032 557 4078 distantia
589 4045 630 4079 et
652 4038 831 4081 nominis
853 4041 1122 4085 similitudine
1143 4044 1265 4099 Agini
1302 4050 1446 4087 nostro

1260 218 1266 223 -
1303 219 1308 223 -
1338 158 1601 241 Annum

1505 292 1633 335 millia
1642 292 1872 338 stadiorum
1881 305 1996 340 sunt.
2027 359 2032 362 Ι
2054 300 2233 359 (5)1nde
2246 315 2322 360 per
2331 303 2563 358 Pasitigrim
2574 294 2782 359 adver-io?

1506 366 1679 409 flumine
1705 382 1782 425 per
1801 357 2023 425 regionem'
2038 370 2146 417 hine
2163 374 2389 420 habitatam
2419 386 2542 434 atque
2574 367 2711 435 opulisv

1507 446 1593 481 tam
1610 441 1717 482 vecti
1743 449 1842 483 sunt
1858 457 1870 492 ;
1894 441 2176 501 confectisque
2194 436 2339 491 sinaitis
2357 458 2525 492 centum
2544 452 2676 508 quinq
2715 442 2759 511 ’ἦ

1506 511 1620 566 ginta
1654 511 1712 554 ibi
1748 514 2038 566 constiterunt,
2077 525 2358 573 exspectantes
2390 521 2571 565 reditum
2604 538 2655 564 eo

1507 597 1614 640 quos
1629 585 1842 629 Nearchus
1871 587 2040 629 miserat
2063 588 2341 632 sciscitaturos
2362 590 2530 636 ubinam
2563 572 2764 640 locorum

1508 670 1582 698 rex
1603 665 1723 699 esset.
1784 660 1878 714 Ipse
1898 657 1978 700 diis
1997 660 2275 703 servatoribus
2293 676 2457 705 sacrum
2479 663 2587 719 fecit,
2611 667 2753 711 ludos-

1507 744 1589 787 que
1606 730 1759 783 edidit,
1780 733 1975 775 universo
1990 736 2172 777 exercitu
2194 735 2325 778 navali
2346 737 2390 778 in
2406 736 2588 782 laetitiam
2601 719 2758 789 effuso..
2788 657 2808 793 l

1510 802 1574 861 (7)
1589 804 1815 860 Postquam
1840 819 1939 848 vero
1961 807 2198 849 nuntiatum
2217 817 2277 850 est
2298 808 2582 853 Alexandrum
2603 825 2755 870 appro-
2806 801 2808 806 ¹

1508 874 1736 932 pinquare,
1757 891 1901 919 rursus
1913 877 2088 922 adverso
2109 880 2281 923 flumine
2300 882 2476 924 nitentes
2490 882 2543 924 ad
2566 892 2753 940 pontem,
2779 930 2783 937 ,

1509 960 1586 1002 per
1607 961 1732 1003 quem
1759 947 1994 991 Alexander
2020 952 2250 994 exercitum
2282 953 2325 994 in
2356 954 2460 996 Susa
2492 954 2770 1000 traducturus

1509 1029 1625 1073 erat,
1665 1023 1913 1065 consistunt.
1997 1023 2059 1081 (8)
2096 1027 2159 1067 Eo
2195 1025 2276 1068 loci
2309 1029 2514 1070 exercitus
2545 1028 2784 1085 conjuncti

1510 1104 1633 1143 suntz
1655 1096 1890 1139 Alexander
1917 1112 1996 1154 pro
2030 1098 2204 1142 navibus
2238 1100 2361 1143 simul
2399 1110 2442 1144 et
2476 1103 2605 1146 milite
2639 1104 2780 1149 salvis

1510 1172 1709 1215 sacrificia
1741 1173 1862 1226 fecit,
1887 1173 2090 1231 ludosque
2118 1174 2264 1217 edidit.
2329 1178 2543 1221 Nearchus
2569 1195 2757 1238 quoquo·
2777 1189 2780 1192 ’

1510 1259 1652 1288 versus
1684 1261 1758 1304 ρει·
1791 1256 1924 1290 castra
1949 1248 2055 1300 ibat,
2093 1249 2266 1291 floribus
2299 1265 2347 1292 ac
2374 1252 2494 1293 sertis
2526 1254 2756 1309 petebatur.

1510 1320 1576 1374 (9)
1594 1321 1693 1362 Post
1705 1319 1793 1361 haec
1804 1318 2038 1362 Alexander
2046 1321 2281 1363 Nearchum
2296 1330 2338 1364 et
2353 1324 2612 1366 Leonnatum
2627 1328 2762 1370 aureis

1510 1393 1676 1434 coronis
1717 1391 1910 1444 donavit,
1946 1393 2182 1435 Nearchum
2231 1394 2287 1436 oh
2335 1380 2502 1438 classem
2533 1406 2757 1449 servatam,
2783 1399 2789 1442 ᾖ

1512 1464 1790 1515 Leonnatum,
1810 1464 1867 1506 ob
1882 1465 2096 1506 victoriam
2116 1479 2242 1521 quam
2270 1465 2323 1508 de
2345 1468 2473 1508 Oritis
2494 1468 2760 1526 barbarisque

1512 1536 1727 1577 Oritarum
1761 1537 1907 1579 vicinis
1935 1546 2181 1593 reportarat.
2243 1540 2335 1592 (10)
2362 1541 2410 1580 In
2447 1539 2559 1598 hunc
2583 1541 2754 1583 modum

1511 1610 1715 1650 exercitus
1730 1623 1781 1651 ex
1798 1609 1894 1651 Indi
1913 1610 2046 1651 amnis
2067 1610 2183 1651 ostiis
2203 1610 2412 1666 profectus
2432 1611 2565 1654 salvus
2583 1614 2758 1656 Alexan-

1513 1680 1594 1723 dro
1612 1681 1810 1724 reductus
1823 1690 1900 1724 ast.
2780 1731 2783 1739 ,Α

1569 1754 1726 1797 XLIII.
1759 1757 1864 1809 Quae
1892 1769 1991 1797 vero
2013 1754 2065 1797 ad
2088 1755 2278 1797 dextram
2300 1757 2424 1798 maris
2440 1756 2645 1813 Erythroei
2664 1772 2760 1815 par-
2778 1782 2779 1786 =

1512 1832 1596 1867 tem
1618 1824 1724 1866 ultra
1747 1825 2014 1882 Babyloniam
2034 1827 2111 1867 sita
2132 1836 2193 1867 oet
2210 1827 2325 1881 regio
2348 1826 2427 1868 late
2446 1835 2591 1883 patens
2609 1826 2764 1872 Arabia

1513 1900 1575 1934 est
1600 1905 1610 1934 :
1649 1901 1774 1948 atque
1795 1891 1918 1948 hujus
1950 1892 2119 1949 quidem
2150 1907 2245 1949 pars
2271 1894 2461 1950 quaedam
2493 1896 2674 1951 pertinet
2705 1895 2760 1939 ad

1513 1976 1627 2005 mare
1641 1962 1862 2005 Phoeniciae
1893 1977 1941 2005 ac
1968 1964 2094 2019 Syriae
2126 1963 2369 2016 Palmtinae5
2398 1964 2451 2006 ab
2483 1979 2633 2007 occasu
2664 1979 2791 2009 vero

1512 2032 1565 2074 ad
1612 2047 1726 2075 mare
1763 2031 2114 2075 Mediterraneum
2165 2033 2344 2090 AEgyptii
2388 2034 2552 2076 Arabiae
2595 2042 2759 2079 conter-
2790 2031 2791 2034 ¹

1513 2102 1617 2144 mini
1639 2111 1751 2144 sunt.
1814 2102 1877 2160 (α)
1908 2103 2031 2145 Sinus
2058 2111 2222 2155 autem,
2258 2103 2331 2159 qui
2366 2102 2418 2145 ad
2452 2104 2673 2162 AEgyptum
2707 2119 2759 2147 ex

1513 2172 1681 2213 Oceano
1709 2165 1861 2227 ma'gno
1882 2170 2135 2224 infunditur,
2158 2171 2377 2215 manifesto
2400 2171 2571 2225 indicat,
2596 2174 2760 2217 ratione

1516 2252 1743 2281 concursus
1761 2253 1859 2280 cum
1880 2239 2084 2281 exteriore
2106 2240 2238 2291 mari,
2263 2241 2449 2296 navigari
2467 2255 2587 2297 posse
2607 2257 2659 2285 ex
2682 2244 2761 2285 Ba·

1514 2306 1667 2362 bylone
1694 2307 1738 2348 in
1770 2321 1867 2348 cum
1899 2307 2063 2359 sinum,
2088 2308 2161 2363 qui
2196 2306 2250 2349 ad
2278 2308 2502 2365 AEgyptum
2534 2310 2758 2367 pertendit.

1517 2378 1581 2431 (3)
1607 2377 1801 2419 Ceterum
1829 2391 1953 2419 nemo
1972 2376 2210 2419 mortalium
2232 2391 2280 2419 ea
2297 2377 2387 2419 loca
2408 2378 2764 2435 praeternavigavit

1517 2453 1690 2502 propter
1716 2444 1911 2487 ardorem
1932 2445 2029 2487 solis
2060 2454 2102 2487 et
2120 2444 2387 2498 solitudines,
2418 2446 2496 2488 nisi
2525 2446 2695 2504 quidam
2716 2449 2760 2492 in
2789 2476 2801 2517 γ·

1520 2607 1759 2663 respondet.
1776 2631 1833 2638 —
1846 2608 1890 2647 δι
1903 2622 1927 2647 σ
1938 2606 2135 2663 χίλιοι]
2153 2609 2248 2648 Duo
2261 2606 2623 2651 milliastadiorum
2638 2622 2774 2666 supra.
2803 2613 2805 2669 J

1519 2670 1766 2711 tribuuntur
1780 2669 2031 2725 navigationi
2052 2669 2106 2710 ab
2124 2669 2245 2711 Arosi
2265 2667 2317 2710 ad
2343 2669 2495 2710 ostium
2515 2670 2762 2728 Euphratis;
2784 2672 2806 2727 ἦ,

1518 2733 1562 2773 in
1581 2746 1664 2788 qua
1686 2732 1947 2787 navigatione
1967 2730 2080 2772 lacus
2101 2739 2241 2772 noster
2257 2730 2650 2786 praetervehebatur.
2679 2733 2765 2777 Το-
2795 2731 2798 2734 ’

1517 2789 1644 2835 tidem
1666 2794 1791 2848 igitur
1808 2792 1940 2835 stadia
1963 2807 2076 2834 nunc
2097 2807 2184 2834 esse
2199 2792 2317 2844 dicit,
2346 2793 2379 2834 si
2401 2792 2455 2835 ab
2476 2795 2598 2837 Arosi
2626 2794 2779 2852 proso·

1516 2864 1607 2898 ctus
1629 2870 1704 2912 per
1739 2855 1873 2898 lacum
1895 2856 2018 2897 istum
2046 2854 2099 2897 ad
2127 2856 2230 2897 ostia
2263 2856 2470 2910 Pasitigris
2490 2858 2761 2913 navigaveris.

1517 2919 1732 2961 Consentit
1749 2918 1898 2960 Strabo
1916 2932 1958 2974 p.
1978 2931 2076 2973 729.
2092 2917 2207 2959 Idem
2228 2917 2375 2960 Strabo
2391 2933 2434 2974 p.
2450 2932 2531 2974 727
2550 2934 2576 2962 a
2594 2920 2773 2964 Perside:
2804 2941 2805 2950 ¹

1517 2993 1647 3036 usque
1668 2979 1721 3021 ad
1751 2980 1896 3033 Tigrin
1914 2981 2023 3021 circa
2046 2981 2155 3022 3000
2176 2979 2306 3022 stadia
2322 2989 2506 3036 exputat.
2532 2981 2662 3025 Aliter
2675 2982 2767 3027 hmo

1516 3041 1594 3082 sibi
1605 3041 1822 3084 adornavit
1840 3042 2099 3085 Ptolemaeus.
2122 3043 2138 3097 ΙΙ
2153 3066 2209 3074 -
2225 3043 2267 3085 3.
2279 3043 2330 3091 ὡς
2344 3043 2584 3094 πεντήκοντα
2599 3044 2719 3086 ABC.
2739 3045 2757 3102 ΙΙ
2776 3050 2777 3053 ’

1515 3126 1572 3134 -
1588 3105 1628 3144 5.
1646 3107 1821 3153 τοῖςοιῐι.
1840 3106 1893 3155 D,
1915 3113 2039 3154 recte,
2057 3112 2175 3160 puto.
2193 3105 2208 3157 ΙΙ
2222 3128 2277 3135 -
2290 3106 2331 3147 8.
2354 3103 2593 3161 Ἀλέξανδρος
2602 3119 2689 3148 om.
2702 3108 2757 3148 D.
2782 3142 2783 3146 ,

1522 3165 1539 3218 ΙΙ
1557 3188 1614 3196 —
1636 3167 1701 3208 13.
1723 3170 1778 3222 τῇ
1798 3166 2017 3223 σωτηρίῃ
2039 3166 2054 3221 ]
2077 3170 2133 3222 τῷ
2154 3168 2298 3221 σωτῆρι
2318 3169 2369 3208 A.
2395 3168 2410 3220 11
2438 3190 2494 3199 —
2517 3167 2582 3209 15.
2601 3165 2694 3209 ἔνθα
2719 3168 2760 3210 δὲ

1516 3225 1582 3267 καὶ
1604 3230 1656 3269 A.
1683 3229 1700 3281 ΙΙ
1722 3251 1780 3259 -
1816 3228 1880 3269 15.
1909 3230 2161 3282 στεφανοῦται
2183 3229 2313 3279 BCD;
2334 3227 2396 3270 ὑπ’
2435 3228 2513 3271 Ἇλ.
2541 3242 2637 3285 tngo
2659 3229 2758 3274 cod.
2786 3255 2787 3258 ¹

1516 3286 1635 3329 Bodl.
1657 3291 1673 3343 1}
1696 3312 1752 3320 —
1771 3291 1836 3331 18.
1863 3303 1903 3330 τε
1921 3288 2123 3342 ἐνίκησε...
2147 3288 2327 3343 ἀπεσώθη
2354 3289 2587 3350 Ἀλεξάνδρῳ
2599 3306 2686 3336 om.
2705 3295 2741 3337 A
2771 3334 2774 3335 γ

1573 3350 1730 3401 XLIII,
1745 3364 1814 3392 22.
1833 3350 1880 3392 τὰ
1895 3351 1936 3393 δὲ
1947 3366 2033 3393 om.
2052 3354 2104 3403 A,
2121 3351 2299 3394 indicata
2310 3352 2472 3397 lacuna.
2490 3355 2510 3410 {l
2527 3379 2584 3388 —
2598 3355 2669 3398 23.
2690 3355 2774 3400 Ino·

1517 3420 1582 3455 ter
1605 3412 1855 3466 Βαόυλωνίην
1872 3422 1912 3456 et
1935 3412 2088 3471 ’Λραὸίη
2114 3415 2155 3456 in
2178 3420 2210 3457 A
2233 3417 2411 3471 spatium
2431 3431 2607 3461 vacuum
2624 3416 2758 3462 litera*

1518 3489 1612 3518 rum
1642 3485 1854 3532 quattuor,
1891 3478 1988 3519 item
2019 3476 2125 3520 infra
2154 3481 2177 3532 S
2211 3493 2236 3534 7
2271 3478 2379 3521 inter
2413 3482 2480 3532 τῆς
2510 3487 2551 3521 et
2589 3477 2740 3536 ’Λραδίη

1518 3541 1698 3595 spatium
1722 3540 1933 3582 literarum
1955 3555 2042 3582 sex.
2072 3558 2088 3578 α
2115 3540 2405 3597 Respondent,
2427 3542 2652 3584 Dssbnerus
2677 3542 2758 3596 ait,

1518 3601 1581 3644 ha:
1598 3602 1753 3645 lacunae
1781 3603 1857 3645 illis
1875 3618 1969 3659 quae
1983 3604 2025 3645 in
2041 3603 2300 3660 praecedente
2320 3606 2453 3662 capite
2468 3605 2628 3656 notavi3
2646 3604 2774 3662 prio-f

1517 3680 1582 3707 res
1597 3665 1765 3721 quidem
1782 3674 1883 3708 ortae
1898 3674 1995 3707 sunt
2013 3679 2088 3722 ρει·
2105 3667 2347 3723 particulam
2376 3667 2586 3724 archetypi
2603 3658 2766 3714 codicis

1517 3728 1716 3780 ablatam,
1746 3728 1883 3771 alterae
1918 3728 2050 3770 errori
2087 3728 2294 3771 debentur
2314 3729 2470 3771 librarii
2506 3730 2655 3782 nostri,
2685 3726 2760 3791 qul
2788 3783 2796 3789 Β

1519 3791 1767 3834 membrana:
1791 3792 1963 3843 vitium,
1995 3790 2130 3847 qualia
2150 3805 2256 3847 saepe
2275 3793 2556 3848 reperiuntur,
2575 3805 2654 3850 pro
2668 3791 2737 3835 lite
2762 3795 2782 3850 J

1517 3863 1614 3896 ratze
1646 3855 1855 3911 particulae
1883 3853 2090 3896 ablatione
2123 3853 2283 3896 habuit.
2310 3857 2326 3909 ss
2351 3877 2410 3887 —-
2434 3868 2503 3910 ²7·
2534 3851 2755 3910 ἐσέχων
2797 3883 2807 3895 2

1518 3916 1667 3973 ἐπέχων
1679 3927 1720 3960 et
1737 3918 1811 3960 lin.
1828 3919 1880 3959 30
1899 3916 2090 3973 ἐπέχοντα
2103 3930 2152 3959 ex
2169 3916 2276 3958 libro
2286 3916 2467 3972 quodam
2488 3914 2772 3975 Blancardus,
2790 3967 2791 3970 Ἴ

1523 3982 1538 4033 Η
1561 4004 1616 4011 -
1639 3983 1707 4022 31.
1729 3979 1833 4021 ἀλλὰ
1852 3979 1917 4022 καὶ
1932 3979 2034 4028 οὔτις
2047 3980 2102 4031 C;
2121 3977 2226 4019 ἀλλὰ
2249 3970 2350 4027 οῦτις
2375 3980 2421 4020 B.
2447 3980 2463 4034 ΙΙ
2490 4002 2545 4011 -
2576 3977 2755 4034 οὖδαμῶν
2778 4002 2779 4006 =

1517 4045 1609 4094 AD,
1629 4043 1800 4100 οὗδαμοῦ
1818 4045 1911 4095 C13;
1944 4041 2120 4099 οὗδαμῶς
2140 4055 2232 4097 vgo.
