2756 4354
812 172 892 217 DE
926 171 1222 217 HANNONE
1258 170 1812 218 CARTHAGINIENSE.

50 285 225 330 Cosmae
259 277 585 342 'topographia
617 273 876 318 Christiana
911 272 1201 333 perduravit,
1234 262 1278 316 et

51 360 264 420 Dionysii
287 355 490 400 ἀνάπλουν
518 348 732 411 Βοσπόρου
756 348 943 393 nonnisi
964 363 989 392 e
1004 347 1129 392 Petri
1146 347 1280 391 Gillii

40 428 118 480 'De
131 438 335 493 Bosporo
360 441 497 487 opere
531 424 747 469 novimus
776 439 786 466 z
820 421 1035 467 similiter
1053 420 1141 465 hoc
1165 437 1279 480 quo-

52 524 140 568 que
148 505 370 552 Punicum
384 508 726 544 monumentum
742 497 790 541 in
806 495 1110 556 geographico
1125 495 1280 554 aliquo

52 596 187 642 opere
205 579 354 623 locum
371 574 604 619 invenisse
623 582 668 617 et
688 572 797 616 hinc
817 571 1102 631 depromtum
1126 580 1282 630 postea

33 653 289 715 >separatim
328 650 500 695 editum
535 663 633 692 csse
663 646 890 706 suspicor.
926 644 1060 706 Apud
1094 638 1281 689 Suidam

50 729 258 777 laudatur
291 726 474 770 Charon
515 722 702 783 quidam
736 721 1153 780 Carthaginiensis,
1195 721 1282 765 aevi

30 803 212 851 -incerti
235 801 496 854 historicus,
523 799 604 858 qui
621 798 862 858 scripsisse
874 797 1044 841 dicitur
1065 796 1284 858 τυράννους

49 879 135 925 ὅσοι
154 881 194 924 ἐν
216 880 266 939 τῇ
293 874 475 936 Εὐρώπῃ
501 872 572 918 καὶ
591 871 709 935 Ἀσίᾳ
727 871 944 934 γεγόνασι,
972 870 1091 923 Βίους
1114 870 1283 924 ἐνδόξων

0 1011 1 1015 ¹
51 956 205 1016 ἀνδρῶν
231 953 271 997 ἐν
291 951 461 1013 βιὸλίοις
484 949 534 1006 δ’,
553 948 672 1000 Βίους
694 948 1064 1009 ὃμοίωςγυναικῶν
1083 951 1122 993 ἐν
1137 947 1188 994 δ’.
1214 948 1284 992 Ad

0 1018 243 1076 steundem
272 1044 385 1074 vero
435 1036 665 1071 auctorem
713 1025 950 1070 referenda
982 1024 1104 1068 haud
1146 1023 1285 1068 dubie

51 1115 156 1151 sunt
171 1121 268 1165 quae
279 1117 520 1164 perperam
531 1101 733 1145 Charoni
750 1105 1060 1161 Lampsaceno
1078 1098 1287 1143 tribuun-

51 1191 126 1225 tur
160 1177 370 1225 Λιὸυκὰ
413 1187 457 1221 et
503 1175 786 1236 περίπλους
839 1177 934 1219 τῶν
991 1174 1132 1224 ἐκτὸς
1187 1176 1283 1218 τῶν

52 1254 380 1317 Ἡρακλείων
406 1270 430 1296 σ
446 1253 637 1306 τηλῶν.
657 1251 759 1294 Jam
784 1251 883 1295 fieri
900 1251 979 1294 vix
998 1250 1149 1310 potuit
1168 1252 1283 1308 quin

52 1331 234 1375 Charon
271 1326 544 1383 Carthagine
567 1326 704 1369 vitam
729 1340 866 1383 agens
900 1325 949 1368 in
983 1325 1166 1384 periplo
1202 1325 1283 1369 illo

51 1405 276 1451 Punicum
336 1401 573 1446 Hannonis
615 1411 959 1446 monumentum
1016 1401 1282 1459 negligeret.

51 1481 179 1526 ldem
210 1479 369 1524 titulus
403 1478 592 1521 fortasse
611 1477 847 1535 legebatur
878 1477 1013 1521 etiam
1034 1477 1083 1520 in
1100 1478 1286 1537 Ophelae

53 1555 260 1616 Cyrenaei
284 1553 470 1613 Periplo
507 1551 581 1612 (v,
609 1567 759 1612 supra.
785 1553 934 1611 534),
958 1568 1090 1611 quem
1125 1553 1286 1611 quinto

52 1640 156 1692 post
192 1629 421 1673 Christum
455 1627 606 1671 seculo
656 1628 787 1671 novit
821 1627 969 1671 adhuc
1025 1627 1286 1675 Marcianus

53 1704 334 1750 Heracleota.
360 1701 633 1761 eujusmodi
666 1702 848 1762 pestpli
872 1718 1013 1761 quum
1039 1718 1064 1745 a
1087 1719 1282 1763 perpau-

53 1781 119 1825 cis
161 1779 437 1838 legerentur‚
475 1777 713 1821 Hannonis
754 1778 932 1837 pagella
972 1777 1051 1821 diu
1099 1778 1286 1822 latuisse

52 1855 251 1914 videtur,
270 1865 314 1899 et
337 1854 525 1898 fortasse
557 1853 615 1897 iis
635 1853 817 1898 demum
842 1854 1154 1914 temporibus,
1183 1856 1284 1913 qui-

51 1930 138 1976 bus
171 1931 410 1990 Byzantini
454 1929 621 1973 multos
663 1929 966 1974 obscurorum
1009 1930 1285 1989 scriptorum

53 2007 234 2052 libellos
253 2006 582 2067 geographicos
599 2008 646 2051 in
667 2023 809 2050 unum
831 2017 1067 2067 syntagma
1084 2008 1288 2065 college-

53 2091 176 2138 runt,
202 2081 350 2126 denuo
374 2082 423 2125 in
446 2082 593 2126 lucem
617 2092 875 2142 protractus
898 2093 980 2126 est.
1001 2082 1157 2140 Neque
1181 2085 1288 2126 Cor-

51 2158 198 2204 nelius
210 2157 359 2219 Nepos
369 2174 516 2218 neque
533 2157 817 2219 Pomponius
832 2158 950 2202 Mela
963 2175 1110 2218 neque
1123 2158 1287 2202 Strabo

53 2248 200 2294 neque
220 2233 400 2278 Plinius
442 2243 649 2278 nostrum
678 2234 900 2293 scriptum
932 2244 1176 2287 noverunt,
1210 2233 1287 2277 sed

78 2365 1725 2375 -rffl———ffl-——w-

2473 198 2570 228 XXV

1351 290 1452 333 quae
1495 275 1616 334 apud
1650 289 1728 319 eos
1752 275 1987 318 Hannonis
2019 277 2202 320 nomine
2240 279 2501 337 afferuntur,
2521 301 2574 329 ex

1350 349 1566 394 uberiore
1587 349 1744 408 aliquo
1761 350 1884 393 libro
1904 351 1975 406 (ex
1995 354 2225 393 Hannonis
2240 365 2573 412 commentariis,

1347 433 1398 466 ut
1413 423 1593 468 Plinius
1607 422 1689 484 ait)
1705 424 1951 477 fluxerunt,
1972 426 2051 482 qui
2066 439 2090 467 a
2105 425 2301 481 genuino
2318 443 2410 471 non
2428 432 2577 477 minus

1349 497 1592 542 differebat
1614 514 1749 557 quam
1785 499 1841 543 ab
1871 499 2066 543 Arriano
2095 499 2576 552 Pseudocallisthcnes.

1414 575 1490 619 36.
1510 573 1668 617 Graeca
1695 584 1866 629 nostra,
1889 590 1988 633 quae
2011 590 2128 618 unus
2152 574 2295 618 codex
2316 575 2580 622 Heidelber-

1349 650 1502 706 gensis
1524 647 1727 702 exhibet,
1754 648 1803 691 in
1839 649 2074 693 nonnullis
2098 659 2251 708 aperte
2279 665 2438 694 manca
2460 662 2579 697 sunt.

1351 722 1412 767 Ut
1432 722 1608 766 mittam
1626 721 1925 765 librariorum
1951 722 2200 781 sphalmata
2223 724 2401 767 minora
2418 758 2429 779 ,
2453 726 2583 769 desi-

1351 798 1571 842 derantur
1606 796 1833 841 distantiae
1856 796 2092 851 locorum,
2129 813 2229 855 quae
2262 809 2366 842 sunt
2401 815 2426 842 a
2450 799 2584 858 'shy-

1354 873 1565 917 miaterio
1590 872 1644 916 ad
1668 871 1832 915 Lixum
1860 870 2050 914 fluvium
2068 903 2080 924 ,
2121 883 2361 931 corruptus
2389 889 2498 917 vero
2521 885 2587 918 est

1353 963 1574 993 numerus
1600 947 1777 991 dierum
1792 984 1804 1005 ,
1831 962 1922 1005 quo
1943 961 1968 989 a
1984 945 2101 988 Lixo
2127 946 2183 988 ad
2199 945 2376 989 Cernen
2392 947 2584 991 insulam

1354 1026 1516 1069 Hanno
1554 1023 1821 1084 pervenisse
1857 1021 2046 1067 dicitur.
2084 1021 2198 1065 Num
2225 1021 2329 1076 alia,
2366 1038 2465 1080 quae
2491 1015 2614 1082 jam'

1354 1100 1572 1157 indagare
1605 1113 1699 1141 non
1733 1097 1884 1150 liceat,
1914 1095 2184 1151 exciderint,
2224 1097 2399 1151 nescio,
2426 1113 2587 1156 quam-

1354 1190 1489 1234 quam
1515 1175 1563 1218 in
1583 1183 1707 1217 tanta
1725 1172 1987 1217 libellorum
2013 1182 2273 1216 nostrorum
2295 1174 2586 1233 corruptione

1353 1250 1474 1293 ultro
1493 1249 1590 1293 haec
1613 1248 1805 1308 quaestio
1829 1263 1926 1292 sese
1946 1248 2095 1291 offert.

1419 1327 1474 1381 37
1484 1360 1493 1369 .
1510 1324 1823 1369 Deitinerario
1837 1324 2072 1369 Hannonis
2085 1324 2315 1368 maritimo
2327 1325 2374 1368 in
2385 1325 2588 1370 diversas

1356 1401 1602 1445 sententias
1619 1400 1714 1444 viri
1730 1400 1852 1444 docti
1869 1399 2095 1444 abierunt.
2111 1399 2257 1443 Causa
2279 1399 2511 1444 dissensus
2535 1416 2591 1443 ex

1355 1487 1483 1537 parte
1497 1476 1680 1536 quidem
1703 1477 1854 1536 posita
1869 1477 2000 1520 estin
2019 1475 2336 1519 distantiarum
2359 1476 2590 1520 notatione

1355 1554 1428 1598 vel
1453 1569 1613 1597 manca
1636 1553 1709 1597 vel
1744 1563 1977 1612 corrupta,
2008 1553 2238 1612 praecipue
2279 1562 2424 1596 autem
2460 1567 2516 1595 ex
2537 1567 2590 1595 eo

1355 1629 1499 1689 repeti
1521 1627 1678 1686 debet,
1705 1627 1828 1687 quod
1863 1644 1963 1686 quae
1982 1627 2038 1670 de
2065 1627 2209 1671 Cerne
2247 1627 2397 1671 insula
2424 1626 2589 1685 Scylax

1358 1716 1401 1750 et
1423 1706 1604 1750 Plinius
1621 1716 1673 1750 et
1698 1705 1967 1750 Ptolemaeus
1983 1704 2182 1757 tradunt,
2204 1703 2282 1747 alii
2310 1719 2411 1747 cum
2435 1715 2591 1747 nostra

1358 1783 1623 1827 narratione
1654 1781 1943 1826 conciliaturi
1967 1780 2186 1840 quadrata
2211 1779 2405 1839 jungere
2429 1789 2591 1823 rotun-

1358 1858 1430 1901 dis
1471 1857 1789 1911 instituerunt,
1825 1857 1904 1900 alii
1928 1871 2039 1899 vero
2077 1854 2314 1916 συγκρισίαν
2347 1855 2478 1899 istam
2517 1855 2590 1898 vel

1358 1932 1546 1994 ἀκρισίαν
1573 1942 1806 1987 caventes,
1839 1932 1926 1975 iter
1960 1930 2196 1974 Hannonis
2231 1930 2414 1973 nonnisi
2438 1944 2492 1973 ex
2514 1945 2590 1988 pe-

1357 2010 1480 2069 riplo
1518 2019 1675 2053 nostro
1713 2007 1920 2067 expediri
1951 2022 2084 2066 posse
2118 2006 2370 2050 rectissime
2407 2020 2591 2049 censue-

1358 2095 1481 2130 runt.
1523 2085 1695 2140 Horum
1728 2098 1812 2127 nos
1842 2083 1984 2140 legem
2022 2082 2163 2126 secuti
2202 2081 2423 2125 rationem
2462 2079 2590 2123 navi-

1358 2159 1573 2217 gationis,
1594 2173 1728 2217 quam
1746 2157 1888 2201 fusius
1906 2157 1954 2200 in
1972 2156 2263 2200 annotatione
2274 2155 2587 2216 exposuimus,

1359 2233 1517 2292 paucis
1548 2248 1670 2276 nunc
1688 2231 2138 2290 comprehendamus.

99 2447 129 2481 A
154 2443 248 2481 freto
268 2442 456 2481 Gaditano
482 2443 527 2480 ad
552 2442 855 2490 Thymiaterium
880 2442 893 2488 (
908 2441 1114 2485 Mamora)
1134 2440 1212 2478 dies
1217 2465 2119 2478 .......................
2221 2410 2264 2472 2⁰
2341 2408 2368 2473 2⁵

2461 2441 2481 2472 2

81 2499 190 2549 vInde
208 2499 254 2536 ad
275 2499 489 2537 Soloentem
519 2498 818 2546 promontorium
842 2500 955 2545 (Cap
988 2497 1163 2543 Cantin)
1169 2520 2120 2533 ........................
2220 2493 2238 2510 *
2339 2495 2361 2529 4
2460 2495 2481 2526 6

98 2554 189 2592 Inde
213 2554 258 2590 ad
282 2555 455 2601 stagnum
477 2555 679 2600 juncosum
709 2554 767 2601 (in
792 2555 940 2600 regione
961 2552 1153 2588 hodiernae
1177 2551 1283 2598 Safi)
1287 2573 2120 2589 .....................
2195 2557 2202 2571 ¹
2209 2554 2240 2594 s,
2316 2558 2362 2596 7,
2462 2540 2482 2569 ⁰
2502 2555 2546 2593 ¹),

97 2611 214 2648 Juxta
237 2620 324 2647 eum
352 2622 474 2658 usque
494 2611 539 2647 ad
561 2612 736 2648 Caricum
757 2611 884 2647 tichus
907 2609 1085 2656 (Aqouz)
1090 2634 1304 2645 ......
1321 2623 1344 2645 ’.
1376 2636 1385 2644 .
1419 2635 1427 2643 .
1459 2635 1468 2643 .
1501 2634 1510 2642 .
1541 2635 1549 2643 .
1583 2634 1590 2642 .
1623 2634 1631 2642 .
1664 2633 1673 2642 .
1705 2632 1714 2640 .
1745 2633 1753 2641 .
1787 2612 1797 2641 ·.
1827 2630 2123 2641 ........
2226 2608 2237 2639 1
2347 2609 2358 2639 1
2462 2604 2480 2637 7
2501 2607 2546 2647 Ὺ,

99 2667 196 2705 Hinc
217 2677 283 2713 per
305 2668 467 2714 Gytten,
491 2670 648 2711 Acram‚
671 2667 863 2704 Melittam
877 2694 887 2712 ,
909 2665 1102 2712 Arambyn
1123 2665 1170 2700 ad
1191 2663 1328 2701 Lixum
1351 2663 1519 2711 (Acasse
1538 2672 1570 2699 s.
1600 2660 1738 2706 Drah)
1746 2686 2122 2696 ..........
2223 2658 2240 2675 *
2343 2665 2364 2696 5
2443 2661 2483 2692 12
2504 2665 2547 2703 Ὺ,

101 2722 192 2761 inde
206 2722 317 2769 juxta
336 2722 525 2766 desertum
547 2722 742 2760 meridiem
763 2732 895 2760 versus
918 2720 1062 2768 (usque
1082 2718 1128 2756 ad
1151 2721 1296 2756 Pointe
1319 2716 1535 2765 Durnford
1553 2717 1619 2753 aut
1638 2724 1757 2763 usque
1778 2713 1825 2751 ad
1848 2715 1932 2761 Cap
1956 2713 2122 2758 Blanc).
2198 2712 2241 2748 *2
2323 2719 2363 2750 12
2441 2714 2484 2748 24
2505 2717 2547 2757 ¹),

100 2777 193 2815 Inde
217 2787 348 2815 versus
374 2781 499 2819 ortum
521 2778 567 2816 ad
594 2780 737 2815 Cernen
759 2778 831 2815 ins.
857 2778 1049 2825 (Ηενηιε).ρ
1065 2777 1243 2822 Arqozcz'n
1257 2779 1278 2812 ‚0
1296 2796 2124 2814 .....................
2230 2774 2238 2804 1
2348 2775 2358 2806 1
2440 2771 2485 2803 25
2506 2772 2549 2813 ¹),

101 2834 190 2872 Inde
210 2844 275 2882 per
295 2835 534 2872 Chremetem
554 2833 593 2872 ss.
621 2834 675 2881 (S.
697 2834 823 2881 Jean)
844 2833 891 2870 ad
913 2833 1063 2877 lacum,
1085 2831 1122 2868 in
1144 2842 1219 2878 quo
1243 2833 1321 2868 tres
1340 2831 1475 2868 insula!
1498 2831 1619 2867 Cerne
1645 2828 1767 2866 insula
1789 2826 1949 2874 maj0res
1954 2853 2123 2861 .....

101 2891 194 2928 Inde
215 2891 262 2928 ad
279 2891 437 2929 fluvium
457 2889 665 2928 crocodilos
684 2891 722 2927 et
741 2889 1031 2937 hippopotamos
1049 2887 1211 2924 alentem
1237 2886 1450 2935 (Seneqal)
1458 2908 2122 2923 .................

101 2946 192 2984 Inde
218 2947 328 2985 rediit
354 2949 488 2984 Hanno
514 2947 551 2983 in
578 2947 723 2983 Cernen
751 2944 908 2982 insulam
915 2970 1504 2982 ...............
1534 2952 1543 2979 ’.
1577 2965 2123 2978 ..............

102 3005 132 3040 Α
149 3003 268 3040 Cerne
287 3002 334 3040 ad
354 3004 500 3039 montes
518 3002 676 3039 silvosos
698 3002 808 3049 (Cap
833 3000 946 3047 Vere)
953 3020 2123 3037 .............................
2207 2997 2245 3028 12
2326 2996 2366 3028 12
2441 2990 2484 3024 37
2506 2996 2512 3009 ¹
2518 2992 2550 3033 s,

103 3056 193 3094 Inde
209 3057 256 3094 ad
276 3060 426 3095 vastum
451 3058 567 3094 maris
586 3058 733 3095 hiatum
756 3057 872 3104 (ostia
897 3056 1074 3094 Gambz'ce
1095 3055 1158 3103 ss.)
1166 3077 2125 3094 ........................
2226 3053 2245 3084 2
2346 3051 2365 3082 2
2441 3046 2487 3079 39
2507 3049 2551 3089 ¹s2

102 3113 195 3151 Inde
212 3113 258 3150 ad
281 3114 432 3161 Hesperi
453 3116 580 3151 Cornu
606 3114 676 3162 (ad
702 3117 887 3160 Bissaqos
905 3113 992 3151 inss.
1017 3114 1054 3150 et
1076 3114 1146 3151 Rio
1172 3111 1358 3158 Grande)
1367 3132 2125 3149 ...................
2227 3109 2246 3139 5
2345 3107 2365 3138 5
2442 3100 2486 3134 44
2507 3103 2551 3144 ¹l,

105 3169 194 3207 inde
211 3169 259 3207 ad
274 3170 403 3207 Theon
423 3171 581 3208 ochema
602 3173 739 3216 (Mont
755 3170 915 3217 Saqres)
925 3186 2085 3208 .............................
2082 3198 2090 3205 ‚
2117 3188 2126 3196 .
2225 3161 2244 3194 4
2344 3159 2365 3192 4
2442 3157 2485 3190 48
2505 3159 2551 3200 ff,

102 3225 195 3263 Inde
213 3225 260 3263 ad
278 3226 365 3265 Noti
385 3229 501 3265 Ceras
523 3227 663 3275 (prope
684 3226 847 3264 insulam
868 3225 1084 3271 snm-horo)
1092 3245 2043 3263 ........................
2055 3221 2058 3224 “
2076 3244 2084 3252 .
2117 3243 2125 3251 .
2227 3219 2245 3249 3
2346 3216 2366 3249 3
2441 3217 2482 3247 51
2506 3220 2512 3234 ¹
2519 3216 2551 3257 s,

127 3404 179 3448 111
192 3405 346 3465 priore
362 3408 667 3466 navigationis
682 3417 826 3467 parte,
844 3421 945 3466 quae
963 3421 1109 3463 usque
1122 3405 1176 3448 ad
1191 3404 1296 3458 Cer-

66 3496 154 3525 nen
172 3480 365 3525 insulam
389 3484 602 3543 pertinet,
624 3494 674 3528 ut
689 3498 848 3527 manca
871 3482 1076 3543 suppleri
1097 3482 1291 3541 possint,

66 3554 272 3615 apprime
302 3556 406 3600 facit
428 3557 570 3603 Lixus
604 3559 788 3604 fluvius,
821 3558 866 3602 Is
894 3558 1034 3612 enim,
1061 3572 1199 3615 quum
1239 3555 1298 3599 sit

68 3629 195 3689 μέγας
215 3629 397 3688 ποταμὸς
421 3631 501 3675 ἀπὸ
525 3635 595 3686 τῆς
618 3632 777 3687 Λιὸύης
798 3632 917 3694 ῥέων,
944 3632 1050 3676 inde
1070 3647 1094 3674 a
1110 3648 1202 3690 quo
1224 3629 1296 3684 τὴν

69 3703 226 3765 ἐρήμην
252 3704 414 3747 Hanno
427 3696 841 3766 praeternavigavit,
863 3706 1075 3751 assumtis
1094 3706 1173 3765 qui
1191 3707 1299 3748 ulte-

3 3818 7 3821 .
70 3779 242 3823 riorum
269 3779 468 3836 gentium
488 3779 688 3838 linguam
711 3782 926 3826 callerent
938 3779 1294 3840 interpretibus:

70 3855 212 3912 quaeri
237 3854 446 3914 nuspiam
486 3853 634 3913 potest
666 3855 756 3899 nisi
779 3856 834 3900 ad
873 3856 1073 3900 confinia
1107 3856 1300 3898 Sahal-a:

72 3927 254 3983 deserti,
280 3928 361 3972 ubi
385 3944 506 3972 nunc
545 3928 638 3972 exit
666 3931 788 3971 Draa
819 3931 890 3973 vel
917 3935 1080 3973 Aeas-se
1100 3929 1269 3973 fluvius
1285 3961 1298 3982 ,

71 4017 231 4047 cursus
250 4002 537 4062 longitudine
562 4003 764 4062 reliquos
788 4003 991 4061 quisunt
1015 4004 1120 4047 inde
1141 4020 1165 4047 a
1187 4003 1300 4047 freto

1045 4142 1064 4161 0

1368 3402 1612 3453 Gaditano,
1637 3399 1827 3442 multum
1852 3409 2088 3455 superans.
2114 3393 2490 3450 Hucusque-sunt
2508 3390 2601 3433 fere

1370 3476 1517 3521 sexies
1538 3474 1666 3518 mille
1687 3472 1849 3526 stadia,
1873 3485 1974 3529 quae
1995 3484 2051 3513 ex
2072 3467 2250 3525 vulgari
2274 3475 2486 3525 computo
2503 3464 2599 3508 effi-

1369 3554 1496 3597 ciunt
1529 3548 1835 3607 navigationis
1873 3546 1971 3590 dies
2012 3542 2277 3596 duodecim3
2316 3551 2360 3586 et
2398 3551 2464 3585 tot
2503 3540 2601 3583 dies

1368 3643 1513 3687 usque
1532 3626 1588 3670 ad
1609 3625 1772 3668 Lixum
1798 3622 1988 3666 fluvium
2015 3627 2312 3664 numerantur
2341 3617 2389 3660 in
2413 3615 2597 3673 Periplo

1370 3702 1587 3761 Seylacis.
1606 3699 1695 3744 Nec
1708 3699 1837 3742 aliter
1857 3697 2018 3740 Hanno
2042 3695 2259 3739 statuerit.
2283 3691 2440 3749 Itaque
2460 3704 2596 3747 quum

1370 3777 1521 3820 Solois
1548 3791 1698 3835 prom.
1726 3782 1879 3832 aperte
1902 3771 1960 3815 sit
1982 3772 2075 3827 Cap
2096 3770 2271 3820 Calain,
2298 3764 2417 3823 quod
2439 3779 2463 3806 a
2484 3766 2598 3804 Ma·-

1372 3869 1494 3895 mora
1530 3852 1628 3895 sive
1650 3846 1965 3907 Thymiaterio
1989 3845 2120 3889 distat
2160 3843 2275 3884 1800
2314 3840 2404 3883 sere
2428 3835 2591 3884 stadia,

1371 3927 1606 3984 hucusque
1661 3920 1954 3983 computandi
2001 3927 2106 3963 sunt
2149 3910 2451 3970 navigationis
2500 3908 2596 3951 dies

1375 4003 1398 4044 3
1427 4005 1480 4057 'l²
1503 4001 1572 4043 vel
1606 3999 1758 4059 potius
1786 3997 1882 4040 dies
1905 4003 1953 4048 (2,
1979 3993 2194 4052 quoniam
2224 3989 2371 4031 fractis
2396 3982 2604 4028 numeris
