<?xml version="1.0" encoding="UTF-8"?>
<!DOCTYPE html PUBLIC "-//W3C//DTD XHTML 1.0 Transitional//EN"
    "http://www.w3.org/TR/xhtml1/DTD/xhtml1-transitional.dtd">
<html xmlns="http://www.w3.org/1999/xhtml" xml:lang="en" lang="en">
 <head>
  <title>
</title>
<meta http-equiv="Content-Type" content="text/html;charset=utf-8" />
  <meta name='ocr-system' content='tesseract 3.04.00' />
  <meta name='ocr-capabilities' content='ocr_page ocr_carea ocr_par ocr_line ocrx_word'/>
</head>
<body>
  <div class='ocr_page' id='page_1' title='image "./geographigraeci00mueluoft_0537.png"; bbox 0 0 2808 4342; ppageno 0'>
   <div class='ocr_carea' id='block_1_1' title="bbox 0 0 2564 247">
    <p class='ocr_par' dir='ltr' id='par_1_1' title="bbox 0 0 2564 247">
     <span class='ocr_line' id='line_1_1' title="bbox 0 0 2564 247; baseline -0.003 -26"><span class='ocrx_word' id='word_1_1' title='bbox 0 0 106 247; x_wconf 54' lang='grc' dir='ltr'>ιιι,</span> <span class='ocrx_word' id='word_1_2' title='bbox 118 175 188 234; x_wconf 77' lang='lat'><strong>12.)</strong></span> <span class='ocrx_word' id='word_1_3' title='bbox 902 165 1198 212; x_wconf 80' lang='lat' dir='ltr'><strong>PERIPLUS</strong></span> <span class='ocrx_word' id='word_1_4' title='bbox 1245 167 1428 213; x_wconf 81' lang='lat' dir='ltr'><strong>PONTt</strong></span> <span class='ocrx_word' id='word_1_5' title='bbox 1459 165 1691 212; x_wconf 74' lang='lat' dir='ltr'><strong>EUXINI.</strong></span> <span class='ocrx_word' id='word_1_6' title='bbox 1775 185 1779 188; x_wconf 93' lang='lat'>·</span> <span class='ocrx_word' id='word_1_7' title='bbox 2479 175 2564 214; x_wconf 77' lang='lat'><strong>37⁸.)</strong></span> 
     </span>
    </p>
   </div>
   <div class='ocr_carea' id='block_1_2' title="bbox 0 265 1272 1016">
    <p class='ocr_par' dir='ltr' id='par_1_2' title="bbox 27 265 1270 537">
     <span class='ocr_line' id='line_1_2' title="bbox 41 265 1269 338; baseline -0.01 -16"><span class='ocrx_word' id='word_1_8' title='bbox 41 273 232 338; x_wconf 71' lang='grc' dir='ltr'>βασιλεὺς</span> <span class='ocrx_word' id='word_1_9' title='bbox 245 272 279 319; x_wconf 88' lang='grc' dir='ltr'>δ’</span> <span class='ocrx_word' id='word_1_10' title='bbox 292 273 424 318; x_wconf 82' lang='grc' dir='ltr'>αὖτῶν</span> <span class='ocrx_word' id='word_1_11' title='bbox 434 267 664 330; x_wconf 86' lang='grc' dir='ltr'>Ἀγχίαλος.</span> <span class='ocrx_word' id='word_1_12' title='bbox 734 265 988 329; x_wconf 88' lang='grc' dir='ltr'>Μαχελόνων</span> <span class='ocrx_word' id='word_1_13' title='bbox 1000 265 1041 311; x_wconf 82' lang='grc' dir='ltr'>δὲ</span> <span class='ocrx_word' id='word_1_14' title='bbox 1056 265 1126 311; x_wconf 83' lang='grc' dir='ltr'><strong>καὶ</strong></span> <span class='ocrx_word' id='word_1_15' title='bbox 1136 265 1269 312; x_wconf 86' lang='grc' dir='ltr'>Ἡνιό-</span> 
     </span>
     <span class='ocr_line' id='line_1_3' title="bbox 35 328 1269 406; baseline -0.009 -16"><span class='ocrx_word' id='word_1_16' title='bbox 35 361 123 406; x_wconf 85' lang='grc' dir='ltr'><strong>χων</strong></span> <span class='ocrx_word' id='word_1_17' title='bbox 146 341 332 405; x_wconf 76' lang='grc' dir='ltr'>ἐχόμενοι</span> <span class='ocrx_word' id='word_1_18' title='bbox 362 339 592 400; x_wconf 84' lang='grc' dir='ltr'>Ζυδρεῖται·</span> <span class='ocrx_word' id='word_1_19' title='bbox 627 335 921 399; x_wconf 82' lang='grc' dir='ltr'>Φαρασμάνου</span> <span class='ocrx_word' id='word_1_20' title='bbox 949 328 1059 381; x_wconf 62' lang='grc' dir='ltr'>οὗτοι</span> <span class='ocrx_word' id='word_1_21' title='bbox 1083 333 1269 391; x_wconf 76' lang='grc' dir='ltr'>ὑπήκοον</span> 
     </span>
     <span class='ocr_line' id='line_1_4' title="bbox 27 403 1269 472; baseline -0.008 -14"><span class='ocrx_word' id='word_1_22' title='bbox 27 411 269 472; x_wconf 58' lang='grc' dir='ltr'>,Ζυδρειτῶν</span> <span class='ocrx_word' id='word_1_23' title='bbox 302 405 344 452; x_wconf 85' lang='grc' dir='ltr'>δὲ</span> <span class='ocrx_word' id='word_1_24' title='bbox 379 404 523 458; x_wconf 53' lang='grc' dir='ltr'>Λαζοί</span> <span class='ocrx_word' id='word_1_25' title='bbox 551 404 740 466; x_wconf 82' lang='grc' dir='ltr'>βασιλεὺς</span> <span class='ocrx_word' id='word_1_26' title='bbox 769 405 812 450; x_wconf 81' lang='grc' dir='ltr'>δὲ</span> <span class='ocrx_word' id='word_1_27' title='bbox 834 407 981 458; x_wconf 86' lang='grc' dir='ltr'>Λαζῶν</span> <span class='ocrx_word' id='word_1_28' title='bbox 1015 403 1269 460; x_wconf 82' lang='grc' dir='ltr'>Μαλάσσας,</span> 
     </span>
     <span class='ocr_line' id='line_1_5' title="bbox 38 471 1270 537; baseline -0.005 -14"><span class='ocrx_word' id='word_1_29' title='bbox 38 478 81 532; x_wconf 82' lang='grc' dir='ltr'><strong>ὃς</strong></span> <span class='ocrx_word' id='word_1_30' title='bbox 103 476 177 534; x_wconf 80' lang='grc' dir='ltr'><strong>τὴν</strong></span> <span class='ocrx_word' id='word_1_31' title='bbox 196 472 416 537; x_wconf 84' lang='grc' dir='ltr'>βασιλείαν</span> <span class='ocrx_word' id='word_1_32' title='bbox 450 472 566 535; x_wconf 81' lang='grc' dir='ltr'>παρὰ</span> <span class='ocrx_word' id='word_1_33' title='bbox 589 478 659 519; x_wconf 80' lang='grc' dir='ltr'><strong>σοῦ</strong></span> <span class='ocrx_word' id='word_1_34' title='bbox 691 473 791 535; x_wconf 82' lang='grc' dir='ltr'>ἔχει.</span> <span class='ocrx_word' id='word_1_35' title='bbox 862 475 1007 526; x_wconf 84' lang='grc' dir='ltr'>Λαζῶν</span> <span class='ocrx_word' id='word_1_36' title='bbox 1033 471 1075 517; x_wconf 80' lang='grc' dir='ltr'>δὲ</span> <span class='ocrx_word' id='word_1_37' title='bbox 1108 471 1270 535; x_wconf 83' lang='grc' dir='ltr'>Ἀψίλαι</span> 
     </span>
    </p>

    <p class='ocr_par' dir='ltr' id='par_1_3' title="bbox 0 534 1270 676">
     <span class='ocr_line' id='line_1_6' title="bbox 0 534 1269 611; baseline -0.005 -19"><span class='ocrx_word' id='word_1_38' title='bbox 0 546 216 611; x_wconf 60' lang='grc' dir='ltr'>οἴχονται·</span> <span class='ocrx_word' id='word_1_39' title='bbox 258 540 450 605; x_wconf 79' lang='grc' dir='ltr'>βασιλεὺς</span> <span class='ocrx_word' id='word_1_40' title='bbox 483 541 524 587; x_wconf 83' lang='grc' dir='ltr'>δὲ</span> <span class='ocrx_word' id='word_1_41' title='bbox 560 543 692 587; x_wconf 78' lang='grc' dir='ltr'>αὐτῶν</span> <span class='ocrx_word' id='word_1_42' title='bbox 728 541 962 593; x_wconf 85' lang='grc' dir='ltr'>Ἰουλιανός·</span> <span class='ocrx_word' id='word_1_43' title='bbox 987 534 1100 592; x_wconf 62' lang='grc' dir='ltr'>οὗτος</span> <span class='ocrx_word' id='word_1_44' title='bbox 1123 543 1169 586; x_wconf 83' lang='grc' dir='ltr'><strong>ἐκ</strong></span> <span class='ocrx_word' id='word_1_45' title='bbox 1199 545 1269 586; x_wconf 78' lang='grc' dir='ltr'><strong>τοῦ</strong></span> 
     </span>
     <span class='ocr_line' id='line_1_7' title="bbox 37 608 1270 676; baseline -0.003 -17"><span class='ocrx_word' id='word_1_46' title='bbox 37 612 191 676; x_wconf 81' lang='grc' dir='ltr'>πατρὸς</span> <span class='ocrx_word' id='word_1_47' title='bbox 208 615 277 658; x_wconf 78' lang='grc' dir='ltr'><strong>τοῦ</strong></span> <span class='ocrx_word' id='word_1_48' title='bbox 303 615 376 657; x_wconf 77' lang='grc' dir='ltr'><strong>σοῦ</strong></span> <span class='ocrx_word' id='word_1_49' title='bbox 400 609 472 666; x_wconf 86' lang='grc' dir='ltr'><strong>τὴν</strong></span> <span class='ocrx_word' id='word_1_50' title='bbox 495 609 708 672; x_wconf 86' lang='grc' dir='ltr'>βασιλείαν</span> <span class='ocrx_word' id='word_1_51' title='bbox 729 609 833 672; x_wconf 89' lang='grc' dir='ltr'>ἔχει.</span> <span class='ocrx_word' id='word_1_52' title='bbox 900 608 1088 672; x_wconf 77' lang='grc' dir='ltr'>Ἀψίλαις</span> <span class='ocrx_word' id='word_1_53' title='bbox 1107 608 1149 654; x_wconf 85' lang='grc' dir='ltr'>δὲ</span> <span class='ocrx_word' id='word_1_54' title='bbox 1169 608 1270 670; x_wconf 81' lang='grc' dir='ltr'>ὅμο-</span> 
     </span>
    </p>

    <p class='ocr_par' dir='ltr' id='par_1_4' title="bbox 0 676 1272 1016">
     <span class='ocr_line' id='line_1_8' title="bbox 0 676 1268 744; baseline -0.004 -18"><span class='ocrx_word' id='word_1_55' title='bbox 0 704 1 714; x_wconf 61' lang='lat'>2</span> <span class='ocrx_word' id='word_1_56' title='bbox 40 699 101 744; x_wconf 86' lang='grc' dir='ltr'><strong>ροι</strong></span> <span class='ocrx_word' id='word_1_57' title='bbox 119 679 327 729; x_wconf 79' lang='grc' dir='ltr'>Ἀὸασκοί·</span> <span class='ocrx_word' id='word_1_58' title='bbox 362 679 433 725; x_wconf 80' lang='grc' dir='ltr'><strong>καὶ</strong></span> <span class='ocrx_word' id='word_1_59' title='bbox 451 678 665 725; x_wconf 76' lang='grc' dir='ltr'>Ἀὅασκῶν</span> <span class='ocrx_word' id='word_1_60' title='bbox 687 678 878 739; x_wconf 83' lang='grc' dir='ltr'>βασιλεὺς</span> <span class='ocrx_word' id='word_1_61' title='bbox 912 676 1172 738; x_wconf 81' lang='grc' dir='ltr'>Ῥησμάγας·</span> <span class='ocrx_word' id='word_1_62' title='bbox 1198 676 1268 722; x_wconf 75' lang='grc' dir='ltr'><strong>καὶ</strong></span> 
     </span>
     <span class='ocr_line' id='line_1_9' title="bbox 39 742 1270 810; baseline -0.006 -13"><span class='ocrx_word' id='word_1_63' title='bbox 39 742 153 802; x_wconf 67' lang='grc' dir='ltr'>οὗτος</span> <span class='ocrx_word' id='word_1_64' title='bbox 182 748 297 810; x_wconf 81' lang='grc' dir='ltr'>παρὰ</span> <span class='ocrx_word' id='word_1_65' title='bbox 327 752 403 794; x_wconf 78' lang='grc' dir='ltr'><strong>σοῦ</strong></span> <span class='ocrx_word' id='word_1_66' title='bbox 438 746 526 802; x_wconf 66' lang='grc' dir='ltr'><strong>τὴν</strong></span> <span class='ocrx_word' id='word_1_67' title='bbox 555 745 765 808; x_wconf 86' lang='grc' dir='ltr'>βασιλείαν</span> <span class='ocrx_word' id='word_1_68' title='bbox 805 746 908 808; x_wconf 85' lang='grc' dir='ltr'>ἔχει.</span> <span class='ocrx_word' id='word_1_69' title='bbox 978 745 1190 792; x_wconf 71' lang='grc' dir='ltr'>Ἀδασκῶν</span> <span class='ocrx_word' id='word_1_70' title='bbox 1228 744 1270 790; x_wconf 80' lang='grc' dir='ltr'>δὲ</span> 
     </span>
     <span class='ocr_line' id='line_1_10' title="bbox 41 813 1272 881; baseline -0.005 -16"><span class='ocrx_word' id='word_1_71' title='bbox 41 818 230 881; x_wconf 79' lang='grc' dir='ltr'>ἐχόμενοι</span> <span class='ocrx_word' id='word_1_72' title='bbox 259 817 460 878; x_wconf 84' lang='grc' dir='ltr'>Σανίγαι,</span> <span class='ocrx_word' id='word_1_73' title='bbox 496 815 644 876; x_wconf 79' lang='grc' dir='ltr'>ἵναπερ</span> <span class='ocrx_word' id='word_1_74' title='bbox 668 815 736 860; x_wconf 75' lang='grc' dir='ltr'><strong>καὶ</strong></span> <span class='ocrx_word' id='word_1_75' title='bbox 763 819 788 871; x_wconf 86' lang='grc' dir='ltr'>ἡ</span> <span class='ocrx_word' id='word_1_76' title='bbox 827 815 1135 867; x_wconf 74' lang='grc' dir='ltr'>Σεὸαστόπολις</span> <span class='ocrx_word' id='word_1_77' title='bbox 1168 813 1272 878; x_wconf 83' lang='grc' dir='ltr'>ᾤκι-</span> 
     </span>
     <span class='ocr_line' id='line_1_11' title="bbox 42 884 1272 947; baseline -0.002 -15"><span class='ocrx_word' id='word_1_78' title='bbox 42 903 150 932; x_wconf 90' lang='grc' dir='ltr'>σται·</span> <span class='ocrx_word' id='word_1_79' title='bbox 185 885 371 946; x_wconf 86' lang='grc' dir='ltr'>Σανίγων</span> <span class='ocrx_word' id='word_1_80' title='bbox 404 884 594 947; x_wconf 73' lang='grc' dir='ltr'>βασιλεὺς</span> <span class='ocrx_word' id='word_1_81' title='bbox 627 884 857 946; x_wconf 82' lang='grc' dir='ltr'>Σπαδάγας</span> <span class='ocrx_word' id='word_1_82' title='bbox 876 887 922 930; x_wconf 79' lang='grc' dir='ltr'><strong>ἐκ</strong></span> <span class='ocrx_word' id='word_1_83' title='bbox 945 889 1017 930; x_wconf 77' lang='grc' dir='ltr'><strong>σοῦ</strong></span> <span class='ocrx_word' id='word_1_84' title='bbox 1044 884 1117 940; x_wconf 84' lang='grc' dir='ltr'><strong>τὴν</strong></span> <span class='ocrx_word' id='word_1_85' title='bbox 1149 887 1272 946; x_wconf 82' lang='grc' dir='ltr'>βασι-</span> 
     </span>
     <span class='ocr_line' id='line_1_12' title="bbox 39 953 282 1016; baseline -0.004 -14"><span class='ocrx_word' id='word_1_86' title='bbox 39 955 152 1002; x_wconf 90' lang='grc' dir='ltr'>λείαν</span> <span class='ocrx_word' id='word_1_87' title='bbox 179 953 282 1016; x_wconf 80' lang='grc' dir='ltr'>ἔχει.</span> 
     </span>
    </p>
   </div>
   <div class='ocr_carea' id='block_1_3' title="bbox 35 1113 1299 4029">
    <p class='ocr_par' dir='ltr' id='par_1_5' title="bbox 35 1113 1299 3899">
     <span class='ocr_line' id='line_1_13' title="bbox 41 1113 1283 1168; baseline -0.002 -13"><span class='ocrx_word' id='word_1_88' title='bbox 41 1114 294 1156; x_wconf 88' lang='lat' dir='ltr'><strong>chirensium</strong></span> <span class='ocrx_word' id='word_1_89' title='bbox 313 1113 428 1154; x_wconf 89' lang='lat' dir='ltr'><strong>sedes</strong></span> <span class='ocrx_word' id='word_1_90' title='bbox 451 1113 636 1154; x_wconf 90' lang='lat' dir='ltr'><strong>obtinere</strong></span> <span class='ocrx_word' id='word_1_91' title='bbox 652 1113 759 1153; x_wconf 88' lang='lat' dir='ltr'><strong>inter</strong></span> <span class='ocrx_word' id='word_1_92' title='bbox 780 1113 1038 1168; x_wconf 90' lang='lat' dir='ltr'><strong>Ophiuntem</strong></span> <span class='ocrx_word' id='word_1_93' title='bbox 1065 1121 1105 1153; x_wconf 91' lang='lat' dir='ltr'><strong>et</strong></span> <span class='ocrx_word' id='word_1_94' title='bbox 1128 1113 1283 1154; x_wconf 89' lang='lat' dir='ltr'><strong>Archa-</strong></span> 
     </span>
     <span class='ocr_line' id='line_1_14' title="bbox 40 1175 1280 1225; baseline -0.003 -7"><span class='ocrx_word' id='word_1_95' title='bbox 40 1176 115 1218; x_wconf 89' lang='lat' dir='ltr'><strong>bin</strong></span> <span class='ocrx_word' id='word_1_96' title='bbox 139 1176 352 1217; x_wconf 84' lang='lat' dir='ltr'><strong>dicuntur.</strong></span> <span class='ocrx_word' id='word_1_97' title='bbox 379 1175 670 1223; x_wconf 89' lang='lat' dir='ltr'><strong>Machelonum</strong></span> <span class='ocrx_word' id='word_1_98' title='bbox 698 1176 853 1215; x_wconf 88' lang='lat' dir='ltr'><strong>mentio</strong></span> <span class='ocrx_word' id='word_1_99' title='bbox 885 1189 937 1215; x_wconf 89' lang='lat' dir='ltr'><strong>an</strong></span> <span class='ocrx_word' id='word_1_100' title='bbox 957 1175 1051 1216; x_wconf 83' lang='lat' dir='ltr'><strong>alibi</strong></span> <span class='ocrx_word' id='word_1_101' title='bbox 1072 1183 1280 1225; x_wconf 87' lang='lat' dir='ltr'><strong>occurrat,</strong></span> 
     </span>
     <span class='ocr_line' id='line_1_15' title="bbox 43 1236 1283 1292; baseline -0.003 -12"><span class='ocrx_word' id='word_1_102' title='bbox 43 1239 200 1280; x_wconf 83' lang='lat' dir='ltr'><strong>nescio.</strong></span> <span class='ocrx_word' id='word_1_103' title='bbox 238 1237 510 1279; x_wconf 85' lang='lat' dir='ltr'><strong>Probabiliter</strong></span> <span class='ocrx_word' id='word_1_104' title='bbox 539 1238 622 1278; x_wconf 87' lang='lat' dir='ltr'><strong>huc</strong></span> <span class='ocrx_word' id='word_1_105' title='bbox 646 1237 824 1292; x_wconf 83' lang='lat' dir='ltr'><strong>pertinet</strong></span> <span class='ocrx_word' id='word_1_106' title='bbox 846 1236 1053 1278; x_wconf 87' lang='lat' dir='ltr'><strong>Colchidis</strong></span> <span class='ocrx_word' id='word_1_107' title='bbox 1082 1237 1179 1278; x_wconf 89' lang='lat' dir='ltr'><strong>urbs</strong></span> <span class='ocrx_word' id='word_1_108' title='bbox 1202 1237 1283 1276; x_wconf 87' lang='grc' dir='ltr'><strong>Με-</strong></span> 
     </span>
     <span class='ocr_line' id='line_1_16' title="bbox 43 1299 1284 1356; baseline -0.002 -16"><span class='ocrx_word' id='word_1_109' title='bbox 43 1300 212 1356; x_wconf 90' lang='grc' dir='ltr'>χλεσσός</span> <span class='ocrx_word' id='word_1_110' title='bbox 240 1314 305 1355; x_wconf 89' lang='lat' dir='ltr'><strong>ap.</strong></span> <span class='ocrx_word' id='word_1_111' title='bbox 333 1299 458 1350; x_wconf 90' lang='lat' dir='ltr'><strong>Ptol.‚</strong></span> <span class='ocrx_word' id='word_1_112' title='bbox 481 1300 667 1354; x_wconf 86' lang='lat' dir='ltr'><strong>quamvis</strong></span> <span class='ocrx_word' id='word_1_113' title='bbox 686 1313 770 1339; x_wconf 90' lang='lat' dir='ltr'><strong>non</strong></span> <span class='ocrx_word' id='word_1_114' title='bbox 788 1299 832 1338; x_wconf 87' lang='lat' dir='ltr'><strong>in</strong></span> <span class='ocrx_word' id='word_1_115' title='bbox 855 1313 902 1339; x_wconf 91' lang='lat' dir='ltr'><strong>ea</strong></span> <span class='ocrx_word' id='word_1_116' title='bbox 920 1306 1098 1354; x_wconf 87' lang='lat' dir='ltr'><strong>ponatur</strong></span> <span class='ocrx_word' id='word_1_117' title='bbox 1117 1299 1284 1352; x_wconf 84' lang='lat' dir='ltr'><strong>regione</strong></span> 
     </span>
     <span class='ocr_line' id='line_1_17' title="bbox 43 1360 1284 1418; baseline -0.002 -15"><span class='ocrx_word' id='word_1_118' title='bbox 43 1363 88 1403; x_wconf 89' lang='lat' dir='ltr'><strong>in</strong></span> <span class='ocrx_word' id='word_1_119' title='bbox 119 1377 200 1418; x_wconf 90' lang='lat' dir='ltr'><strong>qua</strong></span> <span class='ocrx_word' id='word_1_120' title='bbox 222 1362 484 1403; x_wconf 85' lang='lat' dir='ltr'><strong>Machelones</strong></span> <span class='ocrx_word' id='word_1_121' title='bbox 516 1363 718 1402; x_wconf 88' lang='lat' dir='ltr'><strong>Arrianus</strong></span> <span class='ocrx_word' id='word_1_122' title='bbox 748 1361 933 1402; x_wconf 90' lang='lat' dir='ltr'><strong>collocat.</strong></span> <span class='ocrx_word' id='word_1_123' title='bbox 965 1360 1170 1415; x_wconf 87' lang='lat' dir='ltr'><strong>Populum</strong></span> <span class='ocrx_word' id='word_1_124' title='bbox 1187 1375 1284 1400; x_wconf 90' lang='lat' dir='ltr'><strong>vero</strong></span> 
     </span>
     <span class='ocr_line' id='line_1_18' title="bbox 45 1420 1285 1479; baseline -0.004 -14"><span class='ocrx_word' id='word_1_125' title='bbox 45 1424 152 1466; x_wconf 85' lang='lat' dir='ltr'><strong>Ptol.</strong></span> <span class='ocrx_word' id='word_1_126' title='bbox 170 1424 344 1479; x_wconf 87' lang='lat' dir='ltr'><strong>appellat</strong></span> <span class='ocrx_word' id='word_1_127' title='bbox 363 1423 593 1471; x_wconf 70' lang='lat' dir='ltr'><strong>Manraloe,</strong></span> <span class='ocrx_word' id='word_1_128' title='bbox 616 1425 671 1473; x_wconf 89' lang='lat' dir='ltr'><strong>V,</strong></span> <span class='ocrx_word' id='word_1_129' title='bbox 692 1438 715 1476; x_wconf 90' lang='lat'>9</span> <span class='ocrx_word' id='word_1_130' title='bbox 739 1437 782 1478; x_wconf 92' lang='lat' dir='ltr'><strong>p.</strong></span> <span class='ocrx_word' id='word_1_131' title='bbox 802 1423 879 1463; x_wconf 83' lang='lat'><strong>351</strong></span> <span class='ocrx_word' id='word_1_132' title='bbox 905 1435 915 1463; x_wconf 89' lang='lat'>:</span> <span class='ocrx_word' id='word_1_133' title='bbox 941 1422 1159 1476; x_wconf 79' lang='grc' dir='ltr'>Κατέχουσι</span> <span class='ocrx_word' id='word_1_134' title='bbox 1182 1421 1221 1462; x_wconf 85' lang='grc' dir='ltr'>δὲ</span> <span class='ocrx_word' id='word_1_135' title='bbox 1238 1420 1285 1461; x_wconf 83' lang='grc' dir='ltr'><strong>τὰ</strong></span> 
     </span>
     <span class='ocr_line' id='line_1_19' title="bbox 48 1483 1285 1541; baseline -0.002 -15"><span class='ocrx_word' id='word_1_136' title='bbox 48 1484 118 1541; x_wconf 82' lang='grc' dir='ltr'><strong>μὲν</strong></span> <span class='ocrx_word' id='word_1_137' title='bbox 140 1483 203 1526; x_wconf 77' lang='grc' dir='ltr'><strong>ἐπὶ</strong></span> <span class='ocrx_word' id='word_1_138' title='bbox 235 1484 409 1540; x_wconf 86' lang='grc' dir='ltr'>θαλάσσῃ</span> <span class='ocrx_word' id='word_1_139' title='bbox 442 1484 563 1523; x_wconf 84' lang='grc' dir='ltr'>Ζάλαι</span> <span class='ocrx_word' id='word_1_140' title='bbox 582 1483 595 1539; x_wconf 94' lang='grc'>(</span> <span class='ocrx_word' id='word_1_141' title='bbox 614 1485 673 1524; x_wconf 88' lang='lat' dir='ltr'><strong>sie</strong></span> <span class='ocrx_word' id='word_1_142' title='bbox 700 1483 824 1525; x_wconf 88' lang='lat' dir='ltr'><strong>codd.</strong></span> <span class='ocrx_word' id='word_1_143' title='bbox 845 1486 879 1538; x_wconf 92' lang='lat'><strong>)‚</strong></span> <span class='ocrx_word' id='word_1_144' title='bbox 901 1483 949 1525; x_wconf 85' lang='grc' dir='ltr'><strong>τὰ</strong></span> <span class='ocrx_word' id='word_1_145' title='bbox 969 1483 1010 1525; x_wconf 84' lang='grc' dir='ltr'>δὲ</span> <span class='ocrx_word' id='word_1_146' title='bbox 1034 1483 1285 1539; x_wconf 70' lang='grc' dir='ltr'>ὑπερκείμενα</span> 
     </span>
     <span class='ocr_line' id='line_1_20' title="bbox 44 1545 1285 1602; baseline -0.001 -14"><span class='ocrx_word' id='word_1_147' title='bbox 44 1547 149 1588; x_wconf 89' lang='grc' dir='ltr'><strong>Μάν</strong></span> <span class='ocrx_word' id='word_1_148' title='bbox 163 1546 306 1602; x_wconf 85' lang='grc' dir='ltr'>ραλοι</span> <span class='ocrx_word' id='word_1_149' title='bbox 329 1545 580 1601; x_wconf 85' lang='grc' dir='ltr'>(Μάρραλοι,</span> <span class='ocrx_word' id='word_1_150' title='bbox 598 1546 801 1600; x_wconf 87' lang='grc' dir='ltr'>Μαύραλοι</span> <span class='ocrx_word' id='word_1_151' title='bbox 820 1560 860 1587; x_wconf 91' lang='lat' dir='ltr'><strong>v.</strong></span> <span class='ocrx_word' id='word_1_152' title='bbox 881 1546 910 1587; x_wconf 91' lang='lat' dir='ltr'><strong>l.</strong></span> <span class='ocrx_word' id='word_1_153' title='bbox 932 1546 947 1602; x_wconf 96' lang='lat'>)</span> <span class='ocrx_word' id='word_1_154' title='bbox 967 1546 1030 1587; x_wconf 76' lang='grc' dir='ltr'><strong>καὶ</strong></span> <span class='ocrx_word' id='word_1_155' title='bbox 1049 1545 1197 1587; x_wconf 79' lang='grc' dir='ltr'>οἱκατὰ</span> <span class='ocrx_word' id='word_1_156' title='bbox 1216 1545 1285 1597; x_wconf 83' lang='grc' dir='ltr'><strong>τὴν</strong></span> 
     </span>
     <span class='ocr_line' id='line_1_21' title="bbox 51 1600 1284 1665; baseline -0.002 -16"><span class='ocrx_word' id='word_1_157' title='bbox 51 1607 304 1665; x_wconf 81' lang='grc' dir='ltr'>Ἐκρηκτικήν</span> <span class='ocrx_word' id='word_1_158' title='bbox 343 1609 360 1662; x_wconf 89' lang='grc'>(</span> <span class='ocrx_word' id='word_1_159' title='bbox 391 1606 655 1662; x_wconf 81' lang='grc' dir='ltr'>Ἐκεχειριέων</span> <span class='ocrx_word' id='word_1_160' title='bbox 693 1600 773 1647; x_wconf 89' lang='lat' dir='ltr'><strong>sec.</strong></span> <span class='ocrx_word' id='word_1_161' title='bbox 799 1607 906 1662; x_wconf 89' lang='lat' dir='ltr'><strong>Scyl.</strong></span> <span class='ocrx_word' id='word_1_162' title='bbox 947 1616 988 1648; x_wconf 88' lang='lat' dir='ltr'><strong>et</strong></span> <span class='ocrx_word' id='word_1_163' title='bbox 1015 1608 1185 1648; x_wconf 86' lang='lat' dir='ltr'><strong>Anon.?</strong></span> <span class='ocrx_word' id='word_1_164' title='bbox 1220 1608 1284 1647; x_wconf 89' lang='lat' dir='ltr'><strong>Cf.</strong></span> 
     </span>
     <span class='ocr_line' id='line_1_22' title="bbox 45 1670 1288 1725; baseline -0.002 -11"><span class='ocrx_word' id='word_1_165' title='bbox 45 1673 202 1715; x_wconf 88' lang='lat' dir='ltr'><strong>Plinius</strong></span> <span class='ocrx_word' id='word_1_166' title='bbox 217 1675 275 1724; x_wconf 93' lang='lat' dir='ltr'><strong>V,</strong></span> <span class='ocrx_word' id='word_1_167' title='bbox 298 1673 319 1714; x_wconf 84' lang='lat'>5</span> <span class='ocrx_word' id='word_1_168' title='bbox 340 1685 349 1713; x_wconf 76' lang='grc' dir='ltr'><strong>ε</strong></span> <span class='ocrx_word' id='word_1_169' title='bbox 372 1671 478 1713; x_wconf 86' lang='lat' dir='ltr'><strong>Dein</strong></span> <span class='ocrx_word' id='word_1_170' title='bbox 494 1672 644 1721; x_wconf 78' lang='lat' dir='ltr'><strong>Rhoas,</strong></span> <span class='ocrx_word' id='word_1_171' title='bbox 665 1670 772 1723; x_wconf 82' lang='lat' dir='ltr'><strong>regio</strong></span> <span class='ocrx_word' id='word_1_172' title='bbox 787 1670 1038 1725; x_wconf 84' lang='lat' dir='ltr'><strong>Ecrectice).</strong></span> <span class='ocrx_word' id='word_1_173' title='bbox 1060 1670 1176 1711; x_wconf 90' lang='lat' dir='ltr'><strong>Idem</strong></span> <span class='ocrx_word' id='word_1_174' title='bbox 1194 1685 1288 1725; x_wconf 87' lang='lat' dir='ltr'><strong>gen-</strong></span> 
     </span>
     <span class='ocr_line' id='line_1_23' title="bbox 44 1732 1284 1790; baseline -0.002 -15"><span class='ocrx_word' id='word_1_175' title='bbox 44 1735 98 1776; x_wconf 85' lang='lat' dir='ltr'><strong>tis</strong></span> <span class='ocrx_word' id='word_1_176' title='bbox 122 1749 275 1777; x_wconf 89' lang='lat' dir='ltr'><strong>nomen</strong></span> <span class='ocrx_word' id='word_1_177' title='bbox 294 1742 502 1790; x_wconf 82' lang='lat' dir='ltr'><strong>corrupte,</strong></span> <span class='ocrx_word' id='word_1_178' title='bbox 521 1742 568 1775; x_wconf 92' lang='lat' dir='ltr'><strong>ut</strong></span> <span class='ocrx_word' id='word_1_179' title='bbox 582 1732 760 1783; x_wconf 89' lang='lat' dir='ltr'><strong>videtur,</strong></span> <span class='ocrx_word' id='word_1_180' title='bbox 778 1732 905 1773; x_wconf 90' lang='lat' dir='ltr'><strong>habes</strong></span> <span class='ocrx_word' id='word_1_181' title='bbox 925 1747 992 1787; x_wconf 86' lang='lat' dir='ltr'><strong>ap.</strong></span> <span class='ocrx_word' id='word_1_182' title='bbox 1015 1732 1193 1773; x_wconf 90' lang='lat' dir='ltr'><strong>Plinium</strong></span> <span class='ocrx_word' id='word_1_183' title='bbox 1209 1734 1284 1783; x_wconf 92' lang='lat' dir='ltr'><strong>VI,</strong></span> 
     </span>
     <span class='ocr_line' id='line_1_24' title="bbox 47 1794 1285 1851; baseline -0.004 -12"><span class='ocrx_word' id='word_1_184' title='bbox 47 1800 90 1848; x_wconf 96' lang='lat'><strong>4,</strong></span> <span class='ocrx_word' id='word_1_185' title='bbox 115 1800 138 1851; x_wconf 85' lang='lat'>§</span> <span class='ocrx_word' id='word_1_186' title='bbox 165 1810 215 1838; x_wconf 84' lang='lat'><strong>12</strong></span> <span class='ocrx_word' id='word_1_187' title='bbox 238 1810 248 1838; x_wconf 73' lang='grc' dir='ltr'>ε</span> <span class='ocrx_word' id='word_1_188' title='bbox 282 1800 336 1838; x_wconf 85' lang='lat' dir='ltr'><strong>In</strong></span> <span class='ocrx_word' id='word_1_189' title='bbox 354 1811 428 1837; x_wconf 83' lang='lat' dir='ltr'><strong>ora</strong></span> <span class='ocrx_word' id='word_1_190' title='bbox 454 1794 683 1845; x_wconf 81' lang='lat' dir='ltr'><strong>Heniochi,</strong></span> <span class='ocrx_word' id='word_1_191' title='bbox 715 1797 953 1851; x_wconf 81' lang='lat' dir='ltr'><strong>Ampreutoe</strong></span> <span class='ocrx_word' id='word_1_192' title='bbox 978 1794 1234 1850; x_wconf 75' lang='lat' dir='ltr'><strong>(Manralaei&#39;</strong></span> <span class='ocrx_word' id='word_1_193' title='bbox 1253 1796 1285 1849; x_wconf 86' lang='lat'><strong>)‚</strong></span> 
     </span>
     <span class='ocr_line' id='line_1_25' title="bbox 47 1855 1288 1914; baseline -0.002 -14"><span class='ocrx_word' id='word_1_194' title='bbox 47 1858 175 1908; x_wconf 79' lang='lat' dir='ltr'><strong>Lazi,</strong></span> <span class='ocrx_word' id='word_1_195' title='bbox 186 1858 369 1913; x_wconf 80' lang='lat' dir='ltr'><strong>flamina</strong></span> <span class='ocrx_word' id='word_1_196' title='bbox 383 1857 622 1914; x_wconf 81' lang='lat' dir='ltr'><strong>Acampsis‚</strong></span> <span class='ocrx_word' id='word_1_197' title='bbox 646 1855 747 1898; x_wconf 77' lang='lat' dir='ltr'><strong>Isis.</strong></span> <span class='ocrx_word' id='word_1_198' title='bbox 766 1855 829 1897; x_wconf 86' lang='lat' dir='ltr'><strong>Ad</strong></span> <span class='ocrx_word' id='word_1_199' title='bbox 851 1856 1017 1896; x_wconf 89' lang='lat' dir='ltr'><strong>Arriani</strong></span> <span class='ocrx_word' id='word_1_200' title='bbox 1035 1855 1171 1896; x_wconf 89' lang='lat' dir='ltr'><strong>locum</strong></span> <span class='ocrx_word' id='word_1_201' title='bbox 1191 1870 1288 1911; x_wconf 85' lang='lat' dir='ltr'><strong>pro·</strong></span> 
     </span>
     <span class='ocr_line' id='line_1_26' title="bbox 46 1914 1285 1976; baseline -0.002 -15"><span class='ocrx_word' id='word_1_202' title='bbox 46 1920 140 1976; x_wconf 85' lang='lat' dir='ltr'><strong>pius</strong></span> <span class='ocrx_word' id='word_1_203' title='bbox 161 1919 319 1961; x_wconf 86' lang='lat' dir='ltr'><strong>accedit</strong></span> <span class='ocrx_word' id='word_1_204' title='bbox 341 1918 454 1974; x_wconf 92' lang='lat' dir='ltr'><strong>quod</strong></span> <span class='ocrx_word' id='word_1_205' title='bbox 484 1918 596 1974; x_wconf 86' lang='lat' dir='ltr'><strong>apud</strong></span> <span class='ocrx_word' id='word_1_206' title='bbox 618 1918 848 1959; x_wconf 90' lang='lat' dir='ltr'><strong>Lucianum</strong></span> <span class='ocrx_word' id='word_1_207' title='bbox 866 1914 892 1972; x_wconf 90' lang='grc'>(</span> <span class='ocrx_word' id='word_1_208' title='bbox 911 1918 953 1956; x_wconf 91' lang='lat' dir='ltr'><strong>in</strong></span> <span class='ocrx_word' id='word_1_209' title='bbox 976 1918 1128 1957; x_wconf 85' lang='lat' dir='ltr'><strong>Toxar.</strong></span> <span class='ocrx_word' id='word_1_210' title='bbox 1155 1932 1192 1958; x_wconf 88' lang='lat' dir='ltr'><strong>c.</strong></span> <span class='ocrx_word' id='word_1_211' title='bbox 1217 1921 1285 1967; x_wconf 87' lang='lat'><strong>44.</strong></span> 
     </span>
     <span class='ocr_line' id='line_1_27' title="bbox 47 1979 1291 2039; baseline -0.003 -15"><span class='ocrx_word' id='word_1_212' title='bbox 47 1996 91 2038; x_wconf 89' lang='lat' dir='ltr'><strong>p.</strong></span> <span class='ocrx_word' id='word_1_213' title='bbox 111 1983 191 2031; x_wconf 85' lang='lat'><strong>438</strong></span> <span class='ocrx_word' id='word_1_214' title='bbox 211 1982 355 2024; x_wconf 93' lang='lat' dir='ltr'><strong>Didot.</strong></span> <span class='ocrx_word' id='word_1_215' title='bbox 378 1982 392 2039; x_wconf 89' lang='lat'><em>)</em></span> <span class='ocrx_word' id='word_1_216' title='bbox 416 1983 506 2036; x_wconf 85' lang='lat' dir='ltr'><strong>lego</strong></span> <span class='ocrx_word' id='word_1_217' title='bbox 529 1996 538 2022; x_wconf 91' lang='lat'><strong>:</strong></span> <span class='ocrx_word' id='word_1_218' title='bbox 560 1981 804 2037; x_wconf 81' lang='grc' dir='ltr'>Τιγραπάτης</span> <span class='ocrx_word' id='word_1_219' title='bbox 825 1979 846 2020; x_wconf 99' lang='lat'><strong>6</strong></span> <span class='ocrx_word' id='word_1_220' title='bbox 864 1981 998 2027; x_wconf 87' lang='grc' dir='ltr'>Λαζῶν</span> <span class='ocrx_word' id='word_1_221' title='bbox 1018 1980 1204 2031; x_wconf 82' lang='grc' dir='ltr'>δυνάστης</span> <span class='ocrx_word' id='word_1_222' title='bbox 1227 1981 1291 2020; x_wconf 83' lang='grc' dir='ltr'><strong>καὶ</strong></span> 
     </span>
     <span class='ocr_line' id='line_1_28' title="bbox 35 2040 1289 2101; baseline -0.004 -15"><span class='ocrx_word' id='word_1_223' title='bbox 35 2043 288 2101; x_wconf 60' lang='grc' dir='ltr'><strong>4Ἀδύρμαχος</strong></span> <span class='ocrx_word' id='word_1_224' title='bbox 320 2045 342 2086; x_wconf 94' lang='lat'><strong>6</strong></span> <span class='ocrx_word' id='word_1_225' title='bbox 374 2044 675 2099; x_wconf 85' lang='grc' dir='ltr'>Μαχλυηνῆς</span> <span class='ocrx_word' id='word_1_226' title='bbox 711 2041 860 2097; x_wconf 84' lang='grc' dir='ltr'>ἅρχων.</span> <span class='ocrx_word' id='word_1_227' title='bbox 899 2040 1131 2082; x_wconf 88' lang='lat' dir='ltr'><strong>Heniochos</strong></span> <span class='ocrx_word' id='word_1_228' title='bbox 1168 2041 1289 2096; x_wconf 87' lang='lat' dir='ltr'><strong>pleri-</strong></span> 
     </span>
     <span class='ocr_line' id='line_1_29' title="bbox 47 2102 1286 2161; baseline -0.003 -14"><span class='ocrx_word' id='word_1_229' title='bbox 47 2119 130 2161; x_wconf 89' lang='lat' dir='ltr'><strong>que</strong></span> <span class='ocrx_word' id='word_1_230' title='bbox 150 2107 278 2161; x_wconf 87' lang='lat' dir='ltr'><strong>magis</strong></span> <span class='ocrx_word' id='word_1_231' title='bbox 312 2107 482 2147; x_wconf 91' lang='lat' dir='ltr'><strong>boream</strong></span> <span class='ocrx_word' id='word_1_232' title='bbox 515 2119 657 2146; x_wconf 86' lang='lat' dir='ltr'><strong>versus</strong></span> <span class='ocrx_word' id='word_1_233' title='bbox 689 2112 866 2159; x_wconf 90' lang='lat' dir='ltr'><strong>ponunt.</strong></span> <span class='ocrx_word' id='word_1_234' title='bbox 901 2103 1011 2143; x_wconf 87' lang='lat' dir='ltr'><strong>Vide</strong></span> <span class='ocrx_word' id='word_1_235' title='bbox 1038 2102 1091 2144; x_wconf 88' lang='lat' dir='ltr'><strong>de</strong></span> <span class='ocrx_word' id='word_1_236' title='bbox 1113 2104 1176 2143; x_wconf 87' lang='lat' dir='ltr'><strong>his</strong></span> <span class='ocrx_word' id='word_1_237' title='bbox 1199 2112 1286 2144; x_wconf 90' lang='lat' dir='ltr'><strong>not.</strong></span> 
     </span>
     <span class='ocr_line' id='line_1_30' title="bbox 50 2164 1287 2224; baseline -0.002 -15"><span class='ocrx_word' id='word_1_238' title='bbox 50 2168 105 2209; x_wconf 89' lang='lat' dir='ltr'><strong>ad</strong></span> <span class='ocrx_word' id='word_1_239' title='bbox 138 2169 292 2224; x_wconf 87' lang='lat' dir='ltr'><strong>Scylac.</strong></span> <span class='ocrx_word' id='word_1_240' title='bbox 321 2172 343 2221; x_wconf 71' lang='grc'>5</span> <span class='ocrx_word' id='word_1_241' title='bbox 374 2172 442 2223; x_wconf 89' lang='lat'><strong>76.</strong></span> <span class='ocrx_word' id='word_1_242' title='bbox 472 2168 488 2222; x_wconf 76' lang='lat' dir='ltr'>ss</span> <span class='ocrx_word' id='word_1_243' title='bbox 507 2192 564 2198; x_wconf 94' lang='lat'><strong>--</strong></span> <span class='ocrx_word' id='word_1_244' title='bbox 593 2181 633 2207; x_wconf 84' lang='lat'><strong>2.</strong></span> <span class='ocrx_word' id='word_1_245' title='bbox 662 2167 859 2220; x_wconf 77' lang='grc' dir='ltr'>Ζυδρεῖται</span> <span class='ocrx_word' id='word_1_246' title='bbox 890 2164 1055 2205; x_wconf 86' lang='lat' dir='ltr'><strong>aliunde</strong></span> <span class='ocrx_word' id='word_1_247' title='bbox 1077 2180 1161 2205; x_wconf 87' lang='lat' dir='ltr'><strong>non</strong></span> <span class='ocrx_word' id='word_1_248' title='bbox 1185 2166 1287 2206; x_wconf 87' lang='lat' dir='ltr'><strong>noti.</strong></span> 
     </span>
     <span class='ocr_line' id='line_1_31' title="bbox 50 2226 1290 2285; baseline -0.006 -13"><span class='ocrx_word' id='word_1_249' title='bbox 50 2230 197 2272; x_wconf 82' lang='lat' dir='ltr'><strong>Strabo</strong></span> <span class='ocrx_word' id='word_1_250' title='bbox 226 2239 267 2276; x_wconf 71' lang='lat' dir='ltr'><strong>ct</strong></span> <span class='ocrx_word' id='word_1_251' title='bbox 299 2230 522 2285; x_wconf 88' lang='lat' dir='ltr'><strong>Dionysius</strong></span> <span class='ocrx_word' id='word_1_252' title='bbox 551 2227 671 2283; x_wconf 84' lang='lat' dir='ltr'><strong>juxta</strong></span> <span class='ocrx_word' id='word_1_253' title='bbox 692 2226 927 2268; x_wconf 87' lang='lat' dir='ltr'><strong>Heniochos</strong></span> <span class='ocrx_word' id='word_1_254' title='bbox 955 2234 1118 2280; x_wconf 81' lang='lat' dir='ltr'><strong>ponunt</strong></span> <span class='ocrx_word' id='word_1_255' title='bbox 1145 2227 1290 2280; x_wconf 87' lang='lat' dir='ltr'><strong>Zygios</strong></span> 
     </span>
     <span class='ocr_line' id='line_1_32' title="bbox 54 2287 1290 2348; baseline -0.006 -14"><span class='ocrx_word' id='word_1_256' title='bbox 54 2295 72 2347; x_wconf 91' lang='lat'>(</span> <span class='ocrx_word' id='word_1_257' title='bbox 88 2308 127 2334; x_wconf 77' lang='lat' dir='ltr'><strong>V.</strong></span> <span class='ocrx_word' id='word_1_258' title='bbox 145 2293 288 2348; x_wconf 86' lang='lat' dir='ltr'><strong>Scylax</strong></span> <span class='ocrx_word' id='word_1_259' title='bbox 310 2295 333 2344; x_wconf 71' lang='lat'><strong>5</strong></span> <span class='ocrx_word' id='word_1_260' title='bbox 349 2295 401 2346; x_wconf 90' lang='lat'><strong>76</strong></span> <span class='ocrx_word' id='word_1_261' title='bbox 416 2299 505 2331; x_wconf 87' lang='lat' dir='ltr'><strong>not.</strong></span> <span class='ocrx_word' id='word_1_262' title='bbox 524 2292 556 2344; x_wconf 91' lang='lat'><strong>).</strong></span> <span class='ocrx_word' id='word_1_263' title='bbox 575 2292 631 2331; x_wconf 90' lang='lat' dir='ltr'><strong>At</strong></span> <span class='ocrx_word' id='word_1_264' title='bbox 650 2290 694 2329; x_wconf 88' lang='lat' dir='ltr'><strong>hi</strong></span> <span class='ocrx_word' id='word_1_265' title='bbox 717 2288 770 2330; x_wconf 83' lang='lat' dir='ltr'><strong>ad</strong></span> <span class='ocrx_word' id='word_1_266' title='bbox 788 2303 863 2329; x_wconf 88' lang='lat' dir='ltr'><strong>nos</strong></span> <span class='ocrx_word' id='word_1_267' title='bbox 879 2287 982 2329; x_wconf 90' lang='lat' dir='ltr'><strong>nihil</strong></span> <span class='ocrx_word' id='word_1_268' title='bbox 1002 2289 1223 2342; x_wconf 87' lang='lat' dir='ltr'><strong>pertinent.</strong></span> <span class='ocrx_word' id='word_1_269' title='bbox 1238 2289 1290 2328; x_wconf 92' lang='lat' dir='ltr'><strong>Ni</strong></span> 
     </span>
     <span class='ocr_line' id='line_1_33' title="bbox 55 2349 1292 2409; baseline -0.006 -13"><span class='ocrx_word' id='word_1_270' title='bbox 55 2355 187 2405; x_wconf 85' lang='lat' dir='ltr'><strong>fallor,</strong></span> <span class='ocrx_word' id='word_1_271' title='bbox 198 2354 251 2395; x_wconf 92' lang='lat' dir='ltr'><strong>ad</strong></span> <span class='ocrx_word' id='word_1_272' title='bbox 264 2353 451 2409; x_wconf 88' lang='lat' dir='ltr'><strong>Zydritas</strong></span> <span class='ocrx_word' id='word_1_273' title='bbox 459 2360 623 2393; x_wconf 87' lang='lat' dir='ltr'><strong>nostros</strong></span> <span class='ocrx_word' id='word_1_274' title='bbox 633 2351 812 2406; x_wconf 85' lang='lat' dir='ltr'><strong>pertinet</strong></span> <span class='ocrx_word' id='word_1_275' title='bbox 819 2349 1025 2392; x_wconf 87' lang='lat' dir='ltr'><strong>Colchidis</strong></span> <span class='ocrx_word' id='word_1_276' title='bbox 1037 2350 1150 2390; x_wconf 88' lang='lat' dir='ltr'><strong>locus</strong></span> <span class='ocrx_word' id='word_1_277' title='bbox 1162 2350 1292 2404; x_wconf 86' lang='grc' dir='ltr'>Ζαδρίς</span> 
     </span>
     <span class='ocr_line' id='line_1_34' title="bbox 51 2413 1288 2472; baseline -0.005 -14"><span class='ocrx_word' id='word_1_278' title='bbox 51 2431 121 2472; x_wconf 90' lang='lat' dir='ltr'><strong>ap.</strong></span> <span class='ocrx_word' id='word_1_279' title='bbox 137 2416 311 2458; x_wconf 89' lang='lat' dir='ltr'><strong>Ptolem.</strong></span> <span class='ocrx_word' id='word_1_280' title='bbox 327 2417 383 2466; x_wconf 90' lang='lat' dir='ltr'><strong>V,</strong></span> <span class='ocrx_word' id='word_1_281' title='bbox 399 2430 440 2468; x_wconf 89' lang='lat'><strong>9.</strong></span> <span class='ocrx_word' id='word_1_282' title='bbox 461 2415 478 2468; x_wconf 76' lang='lat' dir='ltr'>ss</span> <span class='ocrx_word' id='word_1_283' title='bbox 493 2439 550 2444; x_wconf 97' lang='lat'><strong>—</strong></span> <span class='ocrx_word' id='word_1_284' title='bbox 566 2414 606 2454; x_wconf 88' lang='grc'><strong>3.</strong></span> <span class='ocrx_word' id='word_1_285' title='bbox 624 2413 768 2468; x_wconf 88' lang='grc' dir='ltr'>Λαζοί]</span> <span class='ocrx_word' id='word_1_286' title='bbox 789 2414 906 2460; x_wconf 85' lang='grc' dir='ltr'>Λάζοι</span> <span class='ocrx_word' id='word_1_287' title='bbox 923 2426 1023 2466; x_wconf 92' lang='lat' dir='ltr'><strong>vgo;</strong></span> <span class='ocrx_word' id='word_1_288' title='bbox 1042 2413 1162 2459; x_wconf 87' lang='grc' dir='ltr'>Λάζαι</span> <span class='ocrx_word' id='word_1_289' title='bbox 1182 2413 1288 2453; x_wconf 90' lang='lat' dir='ltr'><strong>Gail.</strong></span> 
     </span>
     <span class='ocr_line' id='line_1_35' title="bbox 56 2473 1288 2532; baseline -0.005 -12"><span class='ocrx_word' id='word_1_290' title='bbox 56 2479 220 2520; x_wconf 85' lang='lat' dir='ltr'><strong>Primus</strong></span> <span class='ocrx_word' id='word_1_291' title='bbox 236 2478 366 2532; x_wconf 87' lang='lat' dir='ltr'><strong>gentis</strong></span> <span class='ocrx_word' id='word_1_292' title='bbox 393 2476 583 2517; x_wconf 88' lang='lat' dir='ltr'><strong>meminit</strong></span> <span class='ocrx_word' id='word_1_293' title='bbox 608 2475 765 2516; x_wconf 90' lang='lat' dir='ltr'><strong>Plinius</strong></span> <span class='ocrx_word' id='word_1_294' title='bbox 782 2474 810 2516; x_wconf 93' lang='lat' dir='ltr'><strong>l.</strong></span> <span class='ocrx_word' id='word_1_295' title='bbox 830 2474 857 2515; x_wconf 93' lang='lat' dir='ltr'><strong>l.</strong></span> <span class='ocrx_word' id='word_1_296' title='bbox 877 2474 920 2514; x_wconf 88' lang='lat' dir='ltr'><strong>in</strong></span> <span class='ocrx_word' id='word_1_297' title='bbox 942 2473 1087 2515; x_wconf 79' lang='lat' dir='ltr'><strong>iisdem</strong></span> <span class='ocrx_word' id='word_1_298' title='bbox 1107 2474 1288 2524; x_wconf 87' lang='lat' dir='ltr'><strong>sedibus,</strong></span> 
     </span>
     <span class='ocr_line' id='line_1_36' title="bbox 54 2536 1292 2596; baseline -0.006 -14"><span class='ocrx_word' id='word_1_299' title='bbox 54 2555 157 2596; x_wconf 89' lang='lat' dir='ltr'><strong>quas</strong></span> <span class='ocrx_word' id='word_1_300' title='bbox 180 2543 276 2582; x_wconf 89' lang='lat' dir='ltr'><strong>Arr.</strong></span> <span class='ocrx_word' id='word_1_301' title='bbox 305 2540 495 2593; x_wconf 84' lang='lat' dir='ltr'><strong>assignat.</strong></span> <span class='ocrx_word' id='word_1_302' title='bbox 522 2536 646 2592; x_wconf 89' lang='lat' dir='ltr'><strong>Apud</strong></span> <span class='ocrx_word' id='word_1_303' title='bbox 670 2537 935 2578; x_wconf 80' lang='lat' dir='ltr'><strong>Ptolemaeum</strong></span> <span class='ocrx_word' id='word_1_304' title='bbox 957 2536 985 2576; x_wconf 94' lang='lat' dir='ltr'><strong>l.</strong></span> <span class='ocrx_word' id='word_1_305' title='bbox 1005 2536 1031 2576; x_wconf 94' lang='lat' dir='ltr'><strong>l.</strong></span> <span class='ocrx_word' id='word_1_306' title='bbox 1056 2536 1174 2583; x_wconf 73' lang='grc' dir='ltr'>Λαζοὶ</span> <span class='ocrx_word' id='word_1_307' title='bbox 1195 2538 1292 2576; x_wconf 91' lang='lat' dir='ltr'><strong>scri-</strong></span> 
     </span>
     <span class='ocr_line' id='line_1_37' title="bbox 54 2598 1288 2658; baseline -0.006 -14"><span class='ocrx_word' id='word_1_308' title='bbox 54 2611 175 2658; x_wconf 89' lang='lat' dir='ltr'><strong>ptum</strong></span> <span class='ocrx_word' id='word_1_309' title='bbox 190 2611 251 2643; x_wconf 90' lang='lat' dir='ltr'><strong>est</strong></span> <span class='ocrx_word' id='word_1_310' title='bbox 268 2617 290 2642; x_wconf 89' lang='lat' dir='ltr'><strong>e</strong></span> <span class='ocrx_word' id='word_1_311' title='bbox 303 2601 477 2656; x_wconf 83' lang='lat' dir='ltr'><strong>conject.</strong></span> <span class='ocrx_word' id='word_1_312' title='bbox 497 2600 706 2653; x_wconf 84' lang='lat' dir='ltr'><strong>Wilbergi</strong></span> <span class='ocrx_word' id='word_1_313' title='bbox 722 2631 732 2650; x_wconf 95' lang='lat'>‚</span> <span class='ocrx_word' id='word_1_314' title='bbox 754 2607 848 2639; x_wconf 89' lang='lat' dir='ltr'><strong>ante</strong></span> <span class='ocrx_word' id='word_1_315' title='bbox 865 2613 988 2654; x_wconf 88' lang='lat' dir='ltr'><strong>quem</strong></span> <span class='ocrx_word' id='word_1_316' title='bbox 1007 2598 1123 2638; x_wconf 86' lang='lat' dir='ltr'><strong>editt.</strong></span> <span class='ocrx_word' id='word_1_317' title='bbox 1146 2601 1288 2648; x_wconf 82' lang='grc' dir='ltr'>Λᾶζαι;</span> 
     </span>
     <span class='ocr_line' id='line_1_38' title="bbox 54 2659 1291 2715; baseline -0.006 -8"><span class='ocrx_word' id='word_1_318' title='bbox 54 2665 219 2707; x_wconf 85' lang='lat' dir='ltr'><strong>codices</strong></span> <span class='ocrx_word' id='word_1_319' title='bbox 235 2678 394 2715; x_wconf 91' lang='lat' dir='ltr'><strong>omnes,</strong></span> <span class='ocrx_word' id='word_1_320' title='bbox 418 2671 464 2704; x_wconf 88' lang='lat' dir='ltr'><strong>ut</strong></span> <span class='ocrx_word' id='word_1_321' title='bbox 475 2661 653 2713; x_wconf 86' lang='lat' dir='ltr'><strong>videtur,</strong></span> <span class='ocrx_word' id='word_1_322' title='bbox 674 2661 810 2712; x_wconf 91' lang='grc' dir='ltr'>Ζάλαι,</span> <span class='ocrx_word' id='word_1_323' title='bbox 833 2659 951 2715; x_wconf 89' lang='lat' dir='ltr'><strong>cujus</strong></span> <span class='ocrx_word' id='word_1_324' title='bbox 970 2660 1158 2701; x_wconf 90' lang='lat' dir='ltr'><strong>mutandi</strong></span> <span class='ocrx_word' id='word_1_325' title='bbox 1173 2676 1291 2701; x_wconf 87' lang='lat' dir='ltr'><strong>causa</strong></span> 
     </span>
     <span class='ocr_line' id='line_1_39' title="bbox 57 2724 1292 2781; baseline -0.003 -13"><span class='ocrx_word' id='word_1_326' title='bbox 57 2727 206 2770; x_wconf 91' lang='lat' dir='ltr'><strong>idonea</strong></span> <span class='ocrx_word' id='word_1_327' title='bbox 240 2742 326 2768; x_wconf 92' lang='lat' dir='ltr'><strong>non</strong></span> <span class='ocrx_word' id='word_1_328' title='bbox 355 2734 464 2777; x_wconf 87' lang='lat' dir='ltr'><strong>erat,</strong></span> <span class='ocrx_word' id='word_1_329' title='bbox 504 2739 634 2781; x_wconf 87' lang='lat' dir='ltr'><strong>quum</strong></span> <span class='ocrx_word' id='word_1_330' title='bbox 674 2724 792 2765; x_wconf 80' lang='lat' dir='ltr'><strong>Salas</strong></span> <span class='ocrx_word' id='word_1_331' title='bbox 824 2724 974 2765; x_wconf 83' lang='lat' dir='ltr'><strong>habeas</strong></span> <span class='ocrx_word' id='word_1_332' title='bbox 1011 2739 1077 2779; x_wconf 91' lang='lat' dir='ltr'><strong>ap.</strong></span> <span class='ocrx_word' id='word_1_333' title='bbox 1112 2725 1292 2765; x_wconf 90' lang='lat' dir='ltr'><strong>Plinium</strong></span> 
     </span>
     <span class='ocr_line' id='line_1_40' title="bbox 56 2783 1293 2844; baseline -0.006 -12"><span class='ocrx_word' id='word_1_334' title='bbox 56 2791 132 2842; x_wconf 91' lang='lat' dir='ltr'><strong>VI,</strong></span> <span class='ocrx_word' id='word_1_335' title='bbox 152 2783 234 2844; x_wconf 42' lang='lat'><strong>4‚⁴§</strong></span> <span class='ocrx_word' id='word_1_336' title='bbox 255 2791 303 2838; x_wconf 84' lang='lat'><strong>14</strong></span> <span class='ocrx_word' id='word_1_337' title='bbox 327 2802 337 2830; x_wconf 91' lang='lat'>:</span> <span class='ocrx_word' id='word_1_338' title='bbox 357 2787 460 2830; x_wconf 87' lang='lat' dir='ltr'><strong>Inde</strong></span> <span class='ocrx_word' id='word_1_339' title='bbox 482 2787 707 2842; x_wconf 81' lang='lat' dir='ltr'><strong>adflamen</strong></span> <span class='ocrx_word' id='word_1_340' title='bbox 733 2786 902 2826; x_wconf 77' lang='lat' dir='ltr'><strong>Charien</strong></span> <span class='ocrx_word' id='word_1_341' title='bbox 920 2800 1018 2838; x_wconf 80' lang='lat' dir='ltr'><strong>gens</strong></span> <span class='ocrx_word' id='word_1_342' title='bbox 1042 2785 1160 2835; x_wconf 83' lang='lat' dir='ltr'><strong>Salae,</strong></span> <span class='ocrx_word' id='word_1_343' title='bbox 1184 2786 1293 2826; x_wconf 81' lang='lat' dir='ltr'><strong>anti-</strong></span> 
     </span>
     <span class='ocr_line' id='line_1_41' title="bbox 55 2847 1293 2908; baseline -0.004 -15"><span class='ocrx_word' id='word_1_344' title='bbox 55 2851 150 2908; x_wconf 79' lang='lat' dir='ltr'><strong>quis</strong></span> <span class='ocrx_word' id='word_1_345' title='bbox 172 2849 475 2907; x_wconf 75' lang='lat' dir='ltr'><strong>Phthirophagi</strong></span> <span class='ocrx_word' id='word_1_346' title='bbox 494 2849 602 2890; x_wconf 82' lang='lat' dir='ltr'><strong>dicti</strong></span> <span class='ocrx_word' id='word_1_347' title='bbox 619 2858 657 2889; x_wconf 84' lang='lat' dir='ltr'><strong>et</strong></span> <span class='ocrx_word' id='word_1_348' title='bbox 671 2848 780 2889; x_wconf 78' lang='lat' dir='ltr'><strong>alias</strong></span> <span class='ocrx_word' id='word_1_349' title='bbox 802 2847 944 2889; x_wconf 84' lang='lat' dir='ltr'><strong>Suani.</strong></span> <span class='ocrx_word' id='word_1_350' title='bbox 977 2850 1039 2888; x_wconf 91' lang='lat' dir='ltr'><strong>De</strong></span> <span class='ocrx_word' id='word_1_351' title='bbox 1058 2848 1174 2889; x_wconf 90' lang='lat' dir='ltr'><strong>Lazis</strong></span> <span class='ocrx_word' id='word_1_352' title='bbox 1198 2863 1293 2888; x_wconf 92' lang='lat' dir='ltr'><strong>vero</strong></span> 
     </span>
     <span class='ocr_line' id='line_1_42' title="bbox 56 2909 1294 2968; baseline -0.004 -13"><span class='ocrx_word' id='word_1_353' title='bbox 56 2913 129 2955; x_wconf 83' lang='lat' dir='ltr'><strong>cs.·</strong></span> <span class='ocrx_word' id='word_1_354' title='bbox 152 2913 299 2955; x_wconf 86' lang='lat' dir='ltr'><strong>Suidas</strong></span> <span class='ocrx_word' id='word_1_355' title='bbox 321 2927 360 2953; x_wconf 83' lang='lat' dir='ltr'><strong>v.</strong></span> <span class='ocrx_word' id='word_1_356' title='bbox 398 2912 662 2968; x_wconf 74' lang='grc' dir='ltr'>Δομετιανόςε</span> <span class='ocrx_word' id='word_1_357' title='bbox 689 2909 911 2966; x_wconf 76' lang='grc' dir='ltr'>Ἀδριανὸς..</span> <span class='ocrx_word' id='word_1_358' title='bbox 942 2909 1007 2951; x_wconf 71' lang='grc' dir='ltr'><strong>καὶ</strong></span> <span class='ocrx_word' id='word_1_359' title='bbox 1038 2911 1177 2959; x_wconf 80' lang='grc' dir='ltr'>Λαζοῖς</span> <span class='ocrx_word' id='word_1_360' title='bbox 1209 2910 1294 2962; x_wconf 85' lang='grc' dir='ltr'>ἤτοι</span> 
     </span>
     <span class='ocr_line' id='line_1_43' title="bbox 59 2975 1294 3033; baseline -0.003 -15"><span class='ocrx_word' id='word_1_361' title='bbox 59 2976 228 3033; x_wconf 79' lang='grc' dir='ltr'>Κόλχοις</span> <span class='ocrx_word' id='word_1_362' title='bbox 239 2976 397 3032; x_wconf 83' lang='grc' dir='ltr'>βασιλέα</span> <span class='ocrx_word' id='word_1_363' title='bbox 409 2976 627 3029; x_wconf 77' lang='grc' dir='ltr'>ἐπέστησεν.</span> <span class='ocrx_word' id='word_1_364' title='bbox 644 2975 816 3016; x_wconf 88' lang='lat' dir='ltr'><strong>Lucian.</strong></span> <span class='ocrx_word' id='word_1_365' title='bbox 830 2975 982 3015; x_wconf 87' lang='lat' dir='ltr'><strong>Toxar.</strong></span> <span class='ocrx_word' id='word_1_366' title='bbox 994 2989 1031 3015; x_wconf 91' lang='lat' dir='ltr'><strong>c.</strong></span> <span class='ocrx_word' id='word_1_367' title='bbox 1043 2977 1111 3025; x_wconf 93' lang='lat'><strong>44,</strong></span> <span class='ocrx_word' id='word_1_368' title='bbox 1125 2977 1294 3015; x_wconf 86' lang='lat' dir='ltr'><strong>Memno</strong></span> 
     </span>
     <span class='ocr_line' id='line_1_44' title="bbox 58 3036 1291 3093; baseline -0.002 -12"><span class='ocrx_word' id='word_1_369' title='bbox 58 3053 98 3081; x_wconf 85' lang='lat' dir='ltr'><strong>c.</strong></span> <span class='ocrx_word' id='word_1_370' title='bbox 125 3039 192 3090; x_wconf 85' lang='lat'><strong>54,</strong></span> <span class='ocrx_word' id='word_1_371' title='bbox 211 3038 388 3080; x_wconf 92' lang='lat' dir='ltr'><strong>Diodor.</strong></span> <span class='ocrx_word' id='word_1_372' title='bbox 405 3040 522 3079; x_wconf 82' lang='lat' dir='ltr'><strong>Tars.</strong></span> <span class='ocrx_word' id='word_1_373' title='bbox 548 3053 614 3093; x_wconf 89' lang='lat' dir='ltr'><strong>ap.</strong></span> <span class='ocrx_word' id='word_1_374' title='bbox 635 3038 756 3078; x_wconf 87' lang='lat' dir='ltr'><strong>Phot.</strong></span> <span class='ocrx_word' id='word_1_375' title='bbox 777 3036 878 3077; x_wconf 87' lang='lat' dir='ltr'><strong>bibl.</strong></span> <span class='ocrx_word' id='word_1_376' title='bbox 899 3051 943 3092; x_wconf 92' lang='lat' dir='ltr'><strong>p.</strong></span> <span class='ocrx_word' id='word_1_377' title='bbox 966 3039 1062 3086; x_wconf 83' lang='lat'><strong>218,</strong></span> <span class='ocrx_word' id='word_1_378' title='bbox 1086 3039 1126 3088; x_wconf 89' lang='lat'><strong>8,</strong></span> <span class='ocrx_word' id='word_1_379' title='bbox 1152 3038 1291 3092; x_wconf 90' lang='lat' dir='ltr'><strong>Steph.</strong></span> 
     </span>
     <span class='ocr_line' id='line_1_45' title="bbox 126 3099 1294 3155; baseline -0.001 -14"><span class='ocrx_word' id='word_1_380' title='bbox 126 3100 153 3143; x_wconf 68' lang='lat' dir='ltr'><strong>J.</strong></span> <span class='ocrx_word' id='word_1_381' title='bbox 170 3113 218 3143; x_wconf 79' lang='lat' dir='ltr'><strong>v.</strong></span> <span class='ocrx_word' id='word_1_382' title='bbox 228 3104 374 3143; x_wconf 87' lang='lat' dir='ltr'><strong>Postea</strong></span> <span class='ocrx_word' id='word_1_383' title='bbox 388 3103 594 3142; x_wconf 89' lang='lat' dir='ltr'><strong>Lazorum</strong></span> <span class='ocrx_word' id='word_1_384' title='bbox 607 3099 832 3154; x_wconf 86' lang='lat' dir='ltr'><strong>genslatius</strong></span> <span class='ocrx_word' id='word_1_385' title='bbox 847 3099 980 3154; x_wconf 88' lang='lat' dir='ltr'><strong>patuit</strong></span> <span class='ocrx_word' id='word_1_386' title='bbox 994 3099 1054 3140; x_wconf 91' lang='lat' dir='ltr'><strong>vel</strong></span> <span class='ocrx_word' id='word_1_387' title='bbox 1062 3100 1294 3155; x_wconf 87' lang='lat' dir='ltr'><strong>complures</strong></span> 
     </span>
     <span class='ocr_line' id='line_1_46' title="bbox 59 3101 1291 3219; baseline -0.002 -13"><span class='ocrx_word' id='word_1_388' title='bbox 59 3101 198 3218; x_wconf 39' lang='lat' dir='ltr'><strong>&amp;gustes</strong></span> <span class='ocrx_word' id='word_1_389' title='bbox 217 3179 266 3206; x_wconf 89' lang='lat' dir='ltr'><strong>eo</strong></span> <span class='ocrx_word' id='word_1_390' title='bbox 299 3165 467 3205; x_wconf 87' lang='lat' dir='ltr'><strong>nomine</strong></span> <span class='ocrx_word' id='word_1_391' title='bbox 490 3161 962 3219; x_wconf 88' lang='lat' dir='ltr'><strong>comprehendebantur.</strong></span> <span class='ocrx_word' id='word_1_392' title='bbox 992 3163 1217 3217; x_wconf 87' lang='lat' dir='ltr'><strong>Procopius</strong></span> <span class='ocrx_word' id='word_1_393' title='bbox 1243 3165 1291 3204; x_wconf 92' lang='grc' dir='ltr'><strong>Β.</strong></span> 
     </span>
     <span class='ocr_line' id='line_1_47' title="bbox 60 3223 1295 3281; baseline -0.002 -14"><span class='ocrx_word' id='word_1_394' title='bbox 60 3226 115 3267; x_wconf 90' lang='lat' dir='ltr'><strong>G.</strong></span> <span class='ocrx_word' id='word_1_395' title='bbox 134 3228 212 3275; x_wconf 90' lang='lat' dir='ltr'><strong>IV,</strong></span> <span class='ocrx_word' id='word_1_396' title='bbox 231 3240 256 3266; x_wconf 85' lang='lat'><strong>2</strong></span> <span class='ocrx_word' id='word_1_397' title='bbox 271 3240 315 3281; x_wconf 89' lang='lat' dir='ltr'><strong>p.</strong></span> <span class='ocrx_word' id='word_1_398' title='bbox 334 3229 414 3280; x_wconf 87' lang='lat'><strong>467</strong></span> <span class='ocrx_word' id='word_1_399' title='bbox 432 3239 442 3267; x_wconf 94' lang='lat'><strong>·.</strong></span> <span class='ocrx_word' id='word_1_400' title='bbox 467 3225 538 3265; x_wconf 89' lang='grc' dir='ltr'><strong>Ἐκ</strong></span> <span class='ocrx_word' id='word_1_401' title='bbox 549 3224 590 3265; x_wconf 81' lang='grc' dir='ltr'>δὲ</span> <span class='ocrx_word' id='word_1_402' title='bbox 615 3223 862 3280; x_wconf 80' lang='grc' dir='ltr'>Ἀψαροῦντος</span> <span class='ocrx_word' id='word_1_403' title='bbox 876 3223 1024 3271; x_wconf 87' lang='grc' dir='ltr'>πόλεως</span> <span class='ocrx_word' id='word_1_404' title='bbox 1040 3223 1075 3272; x_wconf 81' lang='grc' dir='ltr'><strong>ἐς</strong></span> <span class='ocrx_word' id='word_1_405' title='bbox 1092 3224 1237 3279; x_wconf 81' lang='grc' dir='ltr'>Πέτραν</span> <span class='ocrx_word' id='word_1_406' title='bbox 1255 3240 1295 3265; x_wconf 91' lang='grc' dir='ltr'><strong>τε</strong></span> 
     </span>
     <span class='ocr_line' id='line_1_48' title="bbox 61 3284 1296 3342; baseline -0.001 -14"><span class='ocrx_word' id='word_1_407' title='bbox 61 3287 174 3330; x_wconf 88' lang='grc' dir='ltr'>πόλιν</span> <span class='ocrx_word' id='word_1_408' title='bbox 201 3288 266 3328; x_wconf 72' lang='grc' dir='ltr'><strong>καὶ</strong></span> <span class='ocrx_word' id='word_1_409' title='bbox 293 3288 381 3336; x_wconf 65' lang='grc' dir='ltr'>τοὺς</span> <span class='ocrx_word' id='word_1_410' title='bbox 407 3289 540 3336; x_wconf 84' lang='grc' dir='ltr'>Λαζῶν</span> <span class='ocrx_word' id='word_1_411' title='bbox 577 3288 707 3342; x_wconf 81' lang='grc' dir='ltr'>ὅρους,</span> <span class='ocrx_word' id='word_1_412' title='bbox 741 3284 785 3327; x_wconf 69' lang='grc' dir='ltr'>οὗ</span> <span class='ocrx_word' id='word_1_413' title='bbox 815 3284 861 3338; x_wconf 86' lang='grc' dir='ltr'>δὴ</span> <span class='ocrx_word' id='word_1_414' title='bbox 895 3286 1056 3342; x_wconf 78' lang='grc' dir='ltr'>τελευτᾷ</span> <span class='ocrx_word' id='word_1_415' title='bbox 1084 3286 1105 3327; x_wconf 91' lang='lat'><strong>6</strong></span> <span class='ocrx_word' id='word_1_416' title='bbox 1124 3287 1296 3335; x_wconf 82' lang='grc' dir='ltr'>Εὔξεινος</span> 
     </span>
     <span class='ocr_line' id='line_1_49' title="bbox 70 3347 1297 3404; baseline -0.001 -14"><span class='ocrx_word' id='word_1_417' title='bbox 70 3351 224 3399; x_wconf 85' lang='grc' dir='ltr'>πόντος,</span> <span class='ocrx_word' id='word_1_418' title='bbox 257 3351 342 3404; x_wconf 78' lang='grc' dir='ltr'>μιᾶς</span> <span class='ocrx_word' id='word_1_419' title='bbox 375 3349 475 3390; x_wconf 78' lang='grc' dir='ltr'>ἔστιν</span> <span class='ocrx_word' id='word_1_420' title='bbox 510 3348 652 3404; x_wconf 74' lang='grc' dir='ltr'>ἡμέρας</span> <span class='ocrx_word' id='word_1_421' title='bbox 674 3348 773 3396; x_wconf 83' lang='grc' dir='ltr'>ὁδός.</span> <span class='ocrx_word' id='word_1_422' title='bbox 802 3347 1024 3403; x_wconf 76' lang='grc' dir='ltr'>Ἀπολήγων</span> <span class='ocrx_word' id='word_1_423' title='bbox 1054 3348 1094 3389; x_wconf 83' lang='grc' dir='ltr'>δὲ</span> <span class='ocrx_word' id='word_1_424' title='bbox 1117 3349 1137 3390; x_wconf 90' lang='lat'><strong>6</strong></span> <span class='ocrx_word' id='word_1_425' title='bbox 1160 3350 1297 3398; x_wconf 85' lang='grc' dir='ltr'>πόντος</span> 
     </span>
     <span class='ocr_line' id='line_1_50' title="bbox 66 3410 1296 3468; baseline -0.001 -14"><span class='ocrx_word' id='word_1_426' title='bbox 66 3412 228 3454; x_wconf 76' lang='grc' dir='ltr'>ἐνταῦθα</span> <span class='ocrx_word' id='word_1_427' title='bbox 246 3413 427 3467; x_wconf 80' lang='grc' dir='ltr'>μηνοειδῆ</span> <span class='ocrx_word' id='word_1_428' title='bbox 446 3413 591 3461; x_wconf 76' lang='grc' dir='ltr'>τίθεται</span> <span class='ocrx_word' id='word_1_429' title='bbox 604 3410 673 3463; x_wconf 87' lang='grc' dir='ltr'><strong>τὴν</strong></span> <span class='ocrx_word' id='word_1_430' title='bbox 691 3410 826 3462; x_wconf 81' lang='grc' dir='ltr'>ἀκτήν.</span> <span class='ocrx_word' id='word_1_431' title='bbox 847 3411 919 3451; x_wconf 78' lang='grc' dir='ltr'><strong>Καὶ</strong></span> <span class='ocrx_word' id='word_1_432' title='bbox 937 3412 957 3451; x_wconf 85' lang='lat'><strong>6</strong></span> <span class='ocrx_word' id='word_1_433' title='bbox 975 3411 1041 3467; x_wconf 78' lang='grc' dir='ltr'><strong>μὲν</strong></span> <span class='ocrx_word' id='word_1_434' title='bbox 1058 3415 1125 3452; x_wconf 85' lang='grc' dir='ltr'><strong>τοῦ</strong></span> <span class='ocrx_word' id='word_1_435' title='bbox 1143 3428 1296 3468; x_wconf 81' lang='grc' dir='ltr'>μηνοει-</span> 
     </span>
     <span class='ocr_line' id='line_1_51' title="bbox 65 3473 1298 3524; baseline -0.001 -9"><span class='ocrx_word' id='word_1_436' title='bbox 65 3476 152 3524; x_wconf 85' lang='grc' dir='ltr'>δοῦς</span> <span class='ocrx_word' id='word_1_437' title='bbox 177 3475 313 3515; x_wconf 90' lang='grc' dir='ltr'>τούτου</span> <span class='ocrx_word' id='word_1_438' title='bbox 347 3474 529 3521; x_wconf 88' lang='grc' dir='ltr'>διάπλους</span> <span class='ocrx_word' id='word_1_439' title='bbox 551 3473 587 3522; x_wconf 79' lang='grc' dir='ltr'><strong>ἐς</strong></span> <span class='ocrx_word' id='word_1_440' title='bbox 606 3473 845 3524; x_wconf 77' lang='grc' dir='ltr'>πεντήκοντά</span> <span class='ocrx_word' id='word_1_441' title='bbox 878 3489 918 3513; x_wconf 87' lang='grc' dir='ltr'><strong>τε</strong></span> <span class='ocrx_word' id='word_1_442' title='bbox 947 3474 1011 3513; x_wconf 79' lang='grc' dir='ltr'><strong>καὶ</strong></span> <span class='ocrx_word' id='word_1_443' title='bbox 1030 3475 1298 3523; x_wconf 75' lang='grc' dir='ltr'>πεντακοσίους</span> 
     </span>
     <span class='ocr_line' id='line_1_52' title="bbox 68 3534 1299 3593; baseline -0.002 -15"><span class='ocrx_word' id='word_1_444' title='bbox 68 3537 236 3593; x_wconf 86' lang='grc' dir='ltr'>μάλιστα</span> <span class='ocrx_word' id='word_1_445' title='bbox 259 3536 431 3584; x_wconf 84' lang='grc' dir='ltr'>σταδίους</span> <span class='ocrx_word' id='word_1_446' title='bbox 461 3536 597 3588; x_wconf 82' lang='grc' dir='ltr'>διήκει,</span> <span class='ocrx_word' id='word_1_447' title='bbox 631 3534 680 3575; x_wconf 82' lang='grc' dir='ltr'><strong>τὰ</strong></span> <span class='ocrx_word' id='word_1_448' title='bbox 708 3534 749 3575; x_wconf 83' lang='grc' dir='ltr'>δὲ</span> <span class='ocrx_word' id='word_1_449' title='bbox 788 3534 903 3575; x_wconf 81' lang='grc' dir='ltr'>αὗτοῦ</span> <span class='ocrx_word' id='word_1_450' title='bbox 940 3535 1070 3576; x_wconf 82' lang='grc' dir='ltr'>ὄπισθε</span> <span class='ocrx_word' id='word_1_451' title='bbox 1104 3534 1299 3591; x_wconf 79' lang='grc' dir='ltr'>ξύμπαντα</span> 
     </span>
     <span class='ocr_line' id='line_1_53' title="bbox 66 3595 1297 3653; baseline -0.002 -13"><span class='ocrx_word' id='word_1_452' title='bbox 66 3599 211 3651; x_wconf 80' lang='grc' dir='ltr'>Λαζική</span> <span class='ocrx_word' id='word_1_453' title='bbox 232 3614 274 3640; x_wconf 88' lang='grc' dir='ltr'><strong>τε</strong></span> <span class='ocrx_word' id='word_1_454' title='bbox 293 3597 373 3640; x_wconf 77' lang='grc' dir='ltr'>ἐστι</span> <span class='ocrx_word' id='word_1_455' title='bbox 394 3597 459 3639; x_wconf 72' lang='grc' dir='ltr'><strong>καὶ</strong></span> <span class='ocrx_word' id='word_1_456' title='bbox 471 3597 717 3653; x_wconf 83' lang='grc' dir='ltr'>ὀνομάζεται.</span> <span class='ocrx_word' id='word_1_457' title='bbox 749 3595 859 3636; x_wconf 83' lang='grc' dir='ltr'>Μετὰ</span> <span class='ocrx_word' id='word_1_458' title='bbox 886 3595 928 3636; x_wconf 83' lang='grc' dir='ltr'>δὲ</span> <span class='ocrx_word' id='word_1_459' title='bbox 948 3595 1082 3644; x_wconf 63' lang='grc' dir='ltr'>αὖτοὺς</span> <span class='ocrx_word' id='word_1_460' title='bbox 1109 3596 1207 3637; x_wconf 84' lang='grc' dir='ltr'>κατὰ</span> <span class='ocrx_word' id='word_1_461' title='bbox 1228 3595 1297 3649; x_wconf 86' lang='grc' dir='ltr'><strong>τὴν</strong></span> 
     </span>
     <span class='ocr_line' id='line_1_54' title="bbox 68 3657 1298 3718; baseline -0.002 -15"><span class='ocrx_word' id='word_1_462' title='bbox 68 3662 279 3718; x_wconf 82' lang='grc' dir='ltr'>μεσόγαιαν</span> <span class='ocrx_word' id='word_1_463' title='bbox 306 3659 548 3717; x_wconf 59' lang='grc' dir='ltr'>Σκυμνία,(ἱ))</span> <span class='ocrx_word' id='word_1_464' title='bbox 571 3674 612 3700; x_wconf 82' lang='grc' dir='ltr'><strong>τε</strong></span> <span class='ocrx_word' id='word_1_465' title='bbox 633 3658 698 3700; x_wconf 73' lang='grc' dir='ltr'><strong>καὶ</strong></span> <span class='ocrx_word' id='word_1_466' title='bbox 725 3657 892 3699; x_wconf 87' lang='grc' dir='ltr'>Σουανία</span> <span class='ocrx_word' id='word_1_467' title='bbox 922 3657 1020 3699; x_wconf 81' lang='grc' dir='ltr'>ἐστί·</span> <span class='ocrx_word' id='word_1_468' title='bbox 1053 3661 1173 3699; x_wconf 90' lang='grc' dir='ltr'>ταῦτα</span> <span class='ocrx_word' id='word_1_469' title='bbox 1193 3658 1298 3700; x_wconf 80' lang='grc' dir='ltr'>δὲτὰ</span> 
     </span>
     <span class='ocr_line' id='line_1_55' title="bbox 68 3718 1299 3780; baseline -0.005 -14"><span class='ocrx_word' id='word_1_470' title='bbox 68 3723 160 3780; x_wconf 64' lang='grc' dir='ltr'>ἔθνη</span> <span class='ocrx_word' id='word_1_471' title='bbox 187 3724 321 3772; x_wconf 84' lang='grc' dir='ltr'>Λαζῶν</span> <span class='ocrx_word' id='word_1_472' title='bbox 352 3721 524 3774; x_wconf 81' lang='grc' dir='ltr'>κατήκοα</span> <span class='ocrx_word' id='word_1_473' title='bbox 549 3721 736 3776; x_wconf 78' lang='grc' dir='ltr'>τυγχάνει</span> <span class='ocrx_word' id='word_1_474' title='bbox 759 3719 866 3760; x_wconf 80' lang='grc' dir='ltr'>ὄντα.</span> <span class='ocrx_word' id='word_1_475' title='bbox 887 3718 1004 3761; x_wconf 87' lang='lat' dir='ltr'><strong>Idem</strong></span> <span class='ocrx_word' id='word_1_476' title='bbox 1022 3733 1065 3774; x_wconf 91' lang='lat' dir='ltr'><strong>p.</strong></span> <span class='ocrx_word' id='word_1_477' title='bbox 1091 3722 1171 3768; x_wconf 90' lang='lat'><strong>468</strong></span> <span class='ocrx_word' id='word_1_478' title='bbox 1201 3733 1211 3760; x_wconf 92' lang='lat'>:</span> <span class='ocrx_word' id='word_1_479' title='bbox 1243 3720 1299 3760; x_wconf 84' lang='grc' dir='ltr'><strong>Τὰ</strong></span> 
     </span>
     <span class='ocr_line' id='line_1_56' title="bbox 89 3779 1295 3841; baseline -0.005 -13"><span class='ocrx_word' id='word_1_480' title='bbox 89 3782 138 3828; x_wconf 78' lang='grc' dir='ltr'><strong>Ιὲν</strong></span> <span class='ocrx_word' id='word_1_481' title='bbox 170 3784 313 3841; x_wconf 78' lang='grc' dir='ltr'>γὰρ-ὲν</span> <span class='ocrx_word' id='word_1_482' title='bbox 348 3782 528 3840; x_wconf 78' lang='grc' dir='ltr'>ἀριστερᾷ</span> <span class='ocrx_word' id='word_1_483' title='bbox 548 3782 747 3829; x_wconf 83' lang='grc' dir='ltr'>κατιόντος</span> <span class='ocrx_word' id='word_1_484' title='bbox 778 3783 846 3821; x_wconf 91' lang='grc' dir='ltr'><strong>τοῦ</strong></span> <span class='ocrx_word' id='word_1_485' title='bbox 879 3779 945 3836; x_wconf 78' lang='grc' dir='ltr'><strong>ῥοῦ</strong></span> <span class='ocrx_word' id='word_1_486' title='bbox 971 3780 1187 3833; x_wconf 89' lang='lat' dir='ltr'><strong>(Phasidis</strong></span> <span class='ocrx_word' id='word_1_487' title='bbox 1215 3782 1258 3823; x_wconf 91' lang='lat' dir='ltr'><strong>ss.</strong></span> <span class='ocrx_word' id='word_1_488' title='bbox 1282 3781 1295 3837; x_wconf 95' lang='lat'>)</span> 
     </span>
     <span class='ocr_line' id='line_1_57' title="bbox 111 3842 1297 3899; baseline -0.004 -10"><span class='ocrx_word' id='word_1_489' title='bbox 111 3848 174 3889; x_wconf 92' lang='grc' dir='ltr'><strong>σία</strong></span> <span class='ocrx_word' id='word_1_490' title='bbox 193 3847 287 3898; x_wconf 64' lang='grc' dir='ltr'>ἐστὶ,</span> <span class='ocrx_word' id='word_1_491' title='bbox 312 3845 360 3887; x_wconf 78' lang='grc' dir='ltr'><strong>τὰ</strong></span> <span class='ocrx_word' id='word_1_492' title='bbox 388 3844 429 3886; x_wconf 83' lang='grc' dir='ltr'>δὲ</span> <span class='ocrx_word' id='word_1_493' title='bbox 462 3844 499 3887; x_wconf 79' lang='grc' dir='ltr'><strong>ἓν</strong></span> <span class='ocrx_word' id='word_1_494' title='bbox 519 3843 622 3899; x_wconf 83' lang='grc' dir='ltr'>δεξιᾷ</span> <span class='ocrx_word' id='word_1_495' title='bbox 643 3843 805 3899; x_wconf 72' lang='grc' dir='ltr'>Εὐρώπη</span> <span class='ocrx_word' id='word_1_496' title='bbox 839 3843 1077 3898; x_wconf 88' lang='grc' dir='ltr'>ὠνόμασται.</span> <span class='ocrx_word' id='word_1_497' title='bbox 1109 3842 1214 3883; x_wconf 83' lang='grc' dir='ltr'>Κατὰ</span> <span class='ocrx_word' id='word_1_498' title='bbox 1232 3843 1297 3898; x_wconf 85' lang='grc' dir='ltr'><strong>μὲν</strong></span> 
     </span>
    </p>

    <p class='ocr_par' dir='ltr' id='par_1_6' title="bbox 117 3904 1298 4029">
     <span class='ocr_line' id='line_1_58' title="bbox 120 3904 1298 3964; baseline -0.006 -12"><span class='ocrx_word' id='word_1_499' title='bbox 120 3926 139 3952; x_wconf 89' lang='grc' dir='ltr'>ν</span> <span class='ocrx_word' id='word_1_500' title='bbox 168 3908 237 3961; x_wconf 84' lang='grc' dir='ltr'><strong>τὴν</strong></span> <span class='ocrx_word' id='word_1_501' title='bbox 266 3911 333 3961; x_wconf 87' lang='grc' dir='ltr'><strong>τῆς</strong></span> <span class='ocrx_word' id='word_1_502' title='bbox 362 3907 546 3964; x_wconf 77' lang='grc' dir='ltr'>Εὖρώπης</span> <span class='ocrx_word' id='word_1_503' title='bbox 571 3908 709 3962; x_wconf 80' lang='grc' dir='ltr'>μοῖραν</span> <span class='ocrx_word' id='word_1_504' title='bbox 729 3904 925 3960; x_wconf 79' lang='grc' dir='ltr'>ξύμπαντα</span> <span class='ocrx_word' id='word_1_505' title='bbox 955 3905 1088 3952; x_wconf 85' lang='grc' dir='ltr'>Λαζῶν</span> <span class='ocrx_word' id='word_1_506' title='bbox 1122 3904 1169 3945; x_wconf 85' lang='grc' dir='ltr'><strong>τὰ</strong></span> <span class='ocrx_word' id='word_1_507' title='bbox 1197 3905 1298 3946; x_wconf 85' lang='grc' dir='ltr'>οἰκία</span> 
     </span>
     <span class='ocr_line' id='line_1_59' title="bbox 117 3965 1298 4029; baseline -0.006 -16"><span class='ocrx_word' id='word_1_508' title='bbox 117 3973 266 4029; x_wconf 82' lang='grc' dir='ltr'>μ6αίνει</span> <span class='ocrx_word' id='word_1_509' title='bbox 285 3969 407 4021; x_wconf 79' lang='grc' dir='ltr'>εἶναι,</span> <span class='ocrx_word' id='word_1_510' title='bbox 436 3969 496 4012; x_wconf 77' lang='grc' dir='ltr'><strong>ἐπὶ</strong></span> <span class='ocrx_word' id='word_1_511' title='bbox 515 3970 654 4024; x_wconf 88' lang='grc' dir='ltr'>θάτερα</span> <span class='ocrx_word' id='word_1_512' title='bbox 675 3967 715 4008; x_wconf 81' lang='grc' dir='ltr'>δὲ</span> <span class='ocrx_word' id='word_1_513' title='bbox 730 3966 815 4008; x_wconf 69' lang='grc' dir='ltr'>οὔτε</span> <span class='ocrx_word' id='word_1_514' title='bbox 837 3967 1009 4021; x_wconf 85' lang='grc' dir='ltr'>πόλισμά</span> <span class='ocrx_word' id='word_1_515' title='bbox 1032 3982 1068 4007; x_wconf 89' lang='grc' dir='ltr'><strong>τι</strong></span> <span class='ocrx_word' id='word_1_516' title='bbox 1087 3965 1172 4007; x_wconf 72' lang='grc' dir='ltr'>οὔτε</span> <span class='ocrx_word' id='word_1_517' title='bbox 1199 3967 1298 4007; x_wconf 83' lang='grc' dir='ltr'>ἄλλο</span> 
     </span>
    </p>
   </div>
   <div class='ocr_carea' id='block_1_4' title="bbox 131 4027 1296 4091">
    <p class='ocr_par' dir='ltr' id='par_1_7' title="bbox 131 4027 1296 4091">
     <span class='ocr_line' id='line_1_60' title="bbox 131 4027 1296 4091; baseline -0.007 -15"><span class='ocrx_word' id='word_1_518' title='bbox 131 4035 318 4091; x_wconf 75' lang='grc' dir='ltr'>ὀχύρωμα</span> <span class='ocrx_word' id='word_1_519' title='bbox 344 4032 429 4074; x_wconf 73' lang='grc' dir='ltr'>οὔτε</span> <span class='ocrx_word' id='word_1_520' title='bbox 460 4034 594 4088; x_wconf 86' lang='grc' dir='ltr'>κώμην</span> <span class='ocrx_word' id='word_1_521' title='bbox 621 4030 706 4071; x_wconf 71' lang='grc' dir='ltr'>τινὰ</span> <span class='ocrx_word' id='word_1_522' title='bbox 724 4029 846 4084; x_wconf 82' lang='grc' dir='ltr'>λόγου</span> <span class='ocrx_word' id='word_1_523' title='bbox 875 4028 979 4076; x_wconf 86' lang='grc' dir='ltr'>ἀξίαν</span> <span class='ocrx_word' id='word_1_524' title='bbox 1003 4029 1121 4076; x_wconf 75' lang='grc' dir='ltr'>Λαζοὶ</span> <span class='ocrx_word' id='word_1_525' title='bbox 1141 4027 1296 4083; x_wconf 77' lang='grc' dir='ltr'>ἔχουσι,</span> 
     </span>
    </p>
   </div>
   <div class='ocr_carea' id='block_1_5' title="bbox 1314 269 2570 320">
    <p class='ocr_par' dir='ltr' id='par_1_8' title="bbox 1314 269 2570 320">
     <span class='ocr_line' id='line_1_61' title="bbox 1314 269 2570 320; baseline -0.002 -5"><span class='ocrx_word' id='word_1_526' title='bbox 1314 318 1317 320; x_wconf 63' lang='grc'>,</span> <span class='ocrx_word' id='word_1_527' title='bbox 1342 288 1437 314; x_wconf 87' lang='lat' dir='ltr'><strong>rum</strong></span> <span class='ocrx_word' id='word_1_528' title='bbox 1465 284 1543 314; x_wconf 76' lang='lat' dir='ltr'><strong>rex·</strong></span> <span class='ocrx_word' id='word_1_529' title='bbox 1562 281 1623 315; x_wconf 89' lang='lat' dir='ltr'><strong>est</strong></span> <span class='ocrx_word' id='word_1_530' title='bbox 1644 272 1882 315; x_wconf 75' lang='lat' dir='ltr'><strong>Anchialus,</strong></span> <span class='ocrx_word' id='word_1_531' title='bbox 1940 269 2251 311; x_wconf 87' lang='lat' dir='ltr'><strong>Machelonibus</strong></span> <span class='ocrx_word' id='word_1_532' title='bbox 2283 278 2323 309; x_wconf 90' lang='lat' dir='ltr'><strong>et</strong></span> <span class='ocrx_word' id='word_1_533' title='bbox 2349 271 2570 312; x_wconf 84' lang='lat' dir='ltr'><strong>Heniochis</strong></span> 
     </span>
    </p>
   </div>
   <div class='ocr_carea' id='block_1_6' title="bbox 1340 363 2601 806">
    <p class='ocr_par' dir='ltr' id='par_1_9' title="bbox 1340 363 2601 806">
     <span class='ocr_line' id='line_1_62' title="bbox 1343 363 2572 422; baseline 0 -16"><span class='ocrx_word' id='word_1_534' title='bbox 1343 368 1466 407; x_wconf 88' lang='lat' dir='ltr'><strong>vicini</strong></span> <span class='ocrx_word' id='word_1_535' title='bbox 1487 366 1680 422; x_wconf 87' lang='lat' dir='ltr'><strong>Zydritae,</strong></span> <span class='ocrx_word' id='word_1_536' title='bbox 1700 367 1985 407; x_wconf 87' lang='lat' dir='ltr'><strong>Pharasmanae</strong></span> <span class='ocrx_word' id='word_1_537' title='bbox 2003 363 2191 418; x_wconf 88' lang='lat' dir='ltr'><strong>subjecti.</strong></span> <span class='ocrx_word' id='word_1_538' title='bbox 2252 364 2428 419; x_wconf 88' lang='lat' dir='ltr'><strong>Zydritis</strong></span> <span class='ocrx_word' id='word_1_539' title='bbox 2450 367 2572 406; x_wconf 89' lang='lat' dir='ltr'><strong>vicini</strong></span> 
     </span>
     <span class='ocr_line' id='line_1_63' title="bbox 1343 446 2571 525; baseline -0.001 -22"><span class='ocrx_word' id='word_1_540' title='bbox 1343 465 1479 514; x_wconf 78' lang='lat' dir='ltr'><strong>Lazae3</strong></span> <span class='ocrx_word' id='word_1_541' title='bbox 1500 478 1574 504; x_wconf 88' lang='lat' dir='ltr'><strong>rex</strong></span> <span class='ocrx_word' id='word_1_542' title='bbox 1593 465 1793 505; x_wconf 83' lang='lat' dir='ltr'><strong>Lazarum</strong></span> <span class='ocrx_word' id='word_1_543' title='bbox 1814 446 2005 525; x_wconf 82' lang='lat' dir='ltr'><strong>Malassas</strong></span> <span class='ocrx_word' id='word_1_544' title='bbox 2020 492 2031 510; x_wconf 91' lang='lat'><strong>,</strong></span> <span class='ocrx_word' id='word_1_545' title='bbox 2056 462 2128 515; x_wconf 91' lang='lat' dir='ltr'><strong>qui</strong></span> <span class='ocrx_word' id='word_1_546' title='bbox 2147 475 2171 501; x_wconf 91' lang='lat' dir='ltr'><strong>a</strong></span> <span class='ocrx_word' id='word_1_547' title='bbox 2191 469 2232 525; x_wconf 89' lang='lat' dir='ltr'><strong>te</strong></span> <span class='ocrx_word' id='word_1_548' title='bbox 2253 458 2571 514; x_wconf 59' lang='lat' dir='ltr'><strong>regnum‘tenet.</strong></span> 
     </span>
     <span class='ocr_line' id='line_1_64' title="bbox 1341 558 2601 614; baseline 0 -13"><span class='ocrx_word' id='word_1_549' title='bbox 1341 560 1458 601; x_wconf 88' lang='lat' dir='ltr'><strong>Lazis</strong></span> <span class='ocrx_word' id='word_1_550' title='bbox 1480 559 1645 601; x_wconf 87' lang='lat' dir='ltr'><strong>finitimi</strong></span> <span class='ocrx_word' id='word_1_551' title='bbox 1673 559 1843 614; x_wconf 82' lang='lat' dir='ltr'><strong>Apsilae,</strong></span> <span class='ocrx_word' id='word_1_552' title='bbox 1865 559 2015 613; x_wconf 87' lang='lat' dir='ltr'><strong>quibus</strong></span> <span class='ocrx_word' id='word_1_553' title='bbox 2036 558 2223 599; x_wconf 90' lang='lat' dir='ltr'><strong>Julianus</strong></span> <span class='ocrx_word' id='word_1_554' title='bbox 2240 561 2414 614; x_wconf 86' lang='lat' dir='ltr'><strong>imperat</strong></span> <span class='ocrx_word' id='word_1_555' title='bbox 2438 573 2445 599; x_wconf 93' lang='lat'>:</span> <span class='ocrx_word' id='word_1_556' title='bbox 2468 561 2534 600; x_wconf 89' lang='lat' dir='ltr'><strong>hic</strong></span> <span class='ocrx_word' id='word_1_557' title='bbox 2554 575 2575 601; x_wconf 85' lang='lat' dir='ltr'><strong>a</strong></span> <span class='ocrx_word' id='word_1_558' title='bbox 2599 578 2601 581; x_wconf 56' lang='lat'><strong><em>¹</em></strong></span> 
     </span>
     <span class='ocr_line' id='line_1_65' title="bbox 1340 653 2573 712; baseline 0 -15"><span class='ocrx_word' id='word_1_559' title='bbox 1340 664 1456 712; x_wconf 87' lang='lat' dir='ltr'><strong>patre</strong></span> <span class='ocrx_word' id='word_1_560' title='bbox 1480 664 1554 696; x_wconf 93' lang='lat' dir='ltr'><strong>tuo</strong></span> <span class='ocrx_word' id='word_1_561' title='bbox 1575 668 1749 708; x_wconf 89' lang='lat' dir='ltr'><strong>regnum</strong></span> <span class='ocrx_word' id='word_1_562' title='bbox 1767 654 1937 708; x_wconf 86' lang='lat' dir='ltr'><strong>accepit.</strong></span> <span class='ocrx_word' id='word_1_563' title='bbox 1998 653 2155 708; x_wconf 88' lang='lat' dir='ltr'><strong>Apsilas</strong></span> <span class='ocrx_word' id='word_1_564' title='bbox 2173 654 2382 709; x_wconf 89' lang='lat' dir='ltr'><strong>excipiunt</strong></span> <span class='ocrx_word' id='word_1_565' title='bbox 2402 656 2573 697; x_wconf 88' lang='lat' dir='ltr'><strong>Abasci:</strong></span> 
     </span>
     <span class='ocr_line' id='line_1_66' title="bbox 1343 750 2574 806; baseline 0 -13"><span class='ocrx_word' id='word_1_566' title='bbox 1343 753 1599 794; x_wconf 88' lang='lat' dir='ltr'><strong>Abascorum</strong></span> <span class='ocrx_word' id='word_1_567' title='bbox 1625 765 1699 791; x_wconf 86' lang='lat' dir='ltr'><strong>rex</strong></span> <span class='ocrx_word' id='word_1_568' title='bbox 1727 750 1997 804; x_wconf 85' lang='lat' dir='ltr'><strong>Rhesmagas;</strong></span> <span class='ocrx_word' id='word_1_569' title='bbox 2034 752 2067 790; x_wconf 91' lang='lat' dir='ltr'><strong>is</strong></span> <span class='ocrx_word' id='word_1_570' title='bbox 2101 765 2266 806; x_wconf 90' lang='lat' dir='ltr'><strong>quoque</strong></span> <span class='ocrx_word' id='word_1_571' title='bbox 2288 766 2311 792; x_wconf 92' lang='lat' dir='ltr'><strong>a</strong></span> <span class='ocrx_word' id='word_1_572' title='bbox 2333 760 2372 792; x_wconf 88' lang='lat' dir='ltr'><strong>te</strong></span> <span class='ocrx_word' id='word_1_573' title='bbox 2404 766 2574 806; x_wconf 85' lang='lat' dir='ltr'><strong>regnum</strong></span> 
     </span>
    </p>
   </div>
   <div class='ocr_carea' id='block_1_7' title="bbox 1343 851 2576 908">
    <p class='ocr_par' dir='ltr' id='par_1_10' title="bbox 1343 851 2576 908">
     <span class='ocr_line' id='line_1_67' title="bbox 1343 851 2576 908; baseline 0 -15"><span class='ocrx_word' id='word_1_574' title='bbox 1343 853 1538 894; x_wconf 86' lang='lat' dir='ltr'><strong>obtinuit.</strong></span> <span class='ocrx_word' id='word_1_575' title='bbox 1580 851 1750 893; x_wconf 89' lang='lat' dir='ltr'><strong>Abascis</strong></span> <span class='ocrx_word' id='word_1_576' title='bbox 1765 852 2012 892; x_wconf 90' lang='lat' dir='ltr'><strong>contermini</strong></span> <span class='ocrx_word' id='word_1_577' title='bbox 2027 852 2197 906; x_wconf 87' lang='lat' dir='ltr'><strong>Sanigae,</strong></span> <span class='ocrx_word' id='word_1_578' title='bbox 2216 852 2289 892; x_wconf 88' lang='lat' dir='ltr'><strong>ubi</strong></span> <span class='ocrx_word' id='word_1_579' title='bbox 2305 853 2576 908; x_wconf 84' lang='lat' dir='ltr'><strong>Sebastopolis</strong></span> 
     </span>
    </p>
   </div>
   <div class='ocr_carea' id='block_1_8' title="bbox 1342 948 2489 1008">
    <p class='ocr_par' dir='ltr' id='par_1_11' title="bbox 1342 948 2489 1008">
     <span class='ocr_line' id='line_1_68' title="bbox 1342 948 2489 1008; baseline 0 -14"><span class='ocrx_word' id='word_1_580' title='bbox 1342 955 1419 1004; x_wconf 82' lang='lat' dir='ltr'><strong>sita</strong></span> <span class='ocrx_word' id='word_1_581' title='bbox 1440 966 1450 994; x_wconf 75' lang='lat'>2</span> <span class='ocrx_word' id='word_1_582' title='bbox 1468 954 1709 1008; x_wconf 82' lang='lat' dir='ltr'><strong>Sanigarum</strong></span> <span class='ocrx_word' id='word_1_583' title='bbox 1731 967 1805 993; x_wconf 87' lang='lat' dir='ltr'><strong>rex</strong></span> <span class='ocrx_word' id='word_1_584' title='bbox 1826 948 2027 1007; x_wconf 85' lang='lat' dir='ltr'><strong>Spadagas</strong></span> <span class='ocrx_word' id='word_1_585' title='bbox 2050 968 2072 994; x_wconf 92' lang='lat' dir='ltr'><strong>a</strong></span> <span class='ocrx_word' id='word_1_586' title='bbox 2088 962 2128 1008; x_wconf 77' lang='lat' dir='ltr'><strong>te</strong></span> <span class='ocrx_word' id='word_1_587' title='bbox 2152 968 2323 1008; x_wconf 89' lang='lat' dir='ltr'><strong>regnum</strong></span> <span class='ocrx_word' id='word_1_588' title='bbox 2352 954 2489 995; x_wconf 88' lang='lat' dir='ltr'><strong>habet.</strong></span> 
     </span>
    </p>
   </div>
   <div class='ocr_carea' id='block_1_9' title="bbox 2294 1061 2542 1067">
    <p class='ocr_par' dir='ltr' id='par_1_12' title="bbox 2294 1061 2542 1067">
     <span class='ocr_line' id='line_1_69' title="bbox 2294 1061 2542 1067; baseline 0 0"><span class='ocrx_word' id='word_1_589' title='bbox 2294 1061 2542 1067; x_wconf 95' lang='lat' dir='ltr'><strong> </strong></span> 
     </span>
    </p>
   </div>
   <div class='ocr_carea' id='block_1_10' title="bbox 1346 1109 2588 2282">
    <p class='ocr_par' dir='ltr' id='par_1_13' title="bbox 1346 1109 2588 2282">
     <span class='ocr_line' id='line_1_70' title="bbox 1348 1109 2576 1169; baseline 0.002 -16"><span class='ocrx_word' id='word_1_590' title='bbox 1348 1112 1449 1164; x_wconf 78' lang='grc' dir='ltr'>πλήν</span> <span class='ocrx_word' id='word_1_591' title='bbox 1467 1128 1512 1168; x_wconf 88' lang='grc' dir='ltr'><strong>γε</strong></span> <span class='ocrx_word' id='word_1_592' title='bbox 1535 1110 1580 1163; x_wconf 87' lang='grc' dir='ltr'>δὴ</span> <span class='ocrx_word' id='word_1_593' title='bbox 1602 1113 1661 1152; x_wconf 81' lang='grc' dir='ltr'><strong>ὅτι</strong></span> <span class='ocrx_word' id='word_1_594' title='bbox 1676 1112 1822 1167; x_wconf 84' lang='grc' dir='ltr'>Πέτραν</span> <span class='ocrx_word' id='word_1_595' title='bbox 1846 1109 2034 1168; x_wconf 80' lang='grc' dir='ltr'>Ῥωμαῖοι</span> <span class='ocrx_word' id='word_1_596' title='bbox 2055 1112 2215 1154; x_wconf 81' lang='grc' dir='ltr'>ἐνταῦθα</span> <span class='ocrx_word' id='word_1_597' title='bbox 2232 1113 2428 1169; x_wconf 81' lang='grc' dir='ltr'>ἐδείμαντο</span> <span class='ocrx_word' id='word_1_598' title='bbox 2444 1116 2576 1169; x_wconf 79' lang='grc' dir='ltr'>πρότε-</span> 
     </span>
     <span class='ocr_line' id='line_1_71' title="bbox 1350 1173 2578 1231; baseline 0.001 -16"><span class='ocrx_word' id='word_1_599' title='bbox 1350 1189 1431 1230; x_wconf 91' lang='grc' dir='ltr'>ρον.</span> <span class='ocrx_word' id='word_1_600' title='bbox 1454 1174 1545 1216; x_wconf 83' lang='lat' dir='ltr'><strong>Alia</strong></span> <span class='ocrx_word' id='word_1_601' title='bbox 1561 1174 1681 1230; x_wconf 89' lang='lat' dir='ltr'><strong>plura</strong></span> <span class='ocrx_word' id='word_1_602' title='bbox 1694 1173 1746 1215; x_wconf 91' lang='lat' dir='ltr'><strong>de</strong></span> <span class='ocrx_word' id='word_1_603' title='bbox 1762 1175 1878 1215; x_wconf 89' lang='lat' dir='ltr'><strong>Lazis</strong></span> <span class='ocrx_word' id='word_1_604' title='bbox 1900 1189 1940 1216; x_wconf 84' lang='lat' dir='ltr'><strong>v.</strong></span> <span class='ocrx_word' id='word_1_605' title='bbox 1960 1175 2017 1216; x_wconf 92' lang='lat' dir='ltr'><strong>ib.</strong></span> <span class='ocrx_word' id='word_1_606' title='bbox 2042 1190 2085 1231; x_wconf 88' lang='lat' dir='ltr'><strong>p.</strong></span> <span class='ocrx_word' id='word_1_607' title='bbox 2108 1179 2203 1224; x_wconf 85' lang='lat'><strong>462.</strong></span> <span class='ocrx_word' id='word_1_608' title='bbox 2222 1177 2428 1230; x_wconf 86' lang='lat' dir='ltr'><strong>Frequens</strong></span> <span class='ocrx_word' id='word_1_609' title='bbox 2449 1178 2578 1230; x_wconf 83' lang='lat' dir='ltr'><strong>gentis</strong></span> 
     </span>
     <span class='ocr_line' id='line_1_72' title="bbox 1348 1237 2572 1292; baseline 0 -14"><span class='ocrx_word' id='word_1_610' title='bbox 1348 1252 1413 1292; x_wconf 87' lang='lat' dir='ltr'><strong>ap.</strong></span> <span class='ocrx_word' id='word_1_611' title='bbox 1440 1237 1687 1292; x_wconf 88' lang='lat' dir='ltr'><strong>Byzantinos</strong></span> <span class='ocrx_word' id='word_1_612' title='bbox 1704 1238 1875 1279; x_wconf 91' lang='lat' dir='ltr'><strong>mentio.</strong></span> <span class='ocrx_word' id='word_1_613' title='bbox 1894 1239 1949 1278; x_wconf 88' lang='lat' dir='ltr'><strong>V.</strong></span> <span class='ocrx_word' id='word_1_614' title='bbox 1975 1253 2039 1278; x_wconf 88' lang='lat' dir='ltr'><strong>ex.</strong></span> <span class='ocrx_word' id='word_1_615' title='bbox 2073 1252 2133 1292; x_wconf 84' lang='lat' dir='ltr'><strong>gr.</strong></span> <span class='ocrx_word' id='word_1_616' title='bbox 2155 1237 2280 1278; x_wconf 83' lang='lat' dir='ltr'><strong>index</strong></span> <span class='ocrx_word' id='word_1_617' title='bbox 2296 1238 2347 1278; x_wconf 89' lang='lat' dir='ltr'><strong>ad</strong></span> <span class='ocrx_word' id='word_1_618' title='bbox 2373 1241 2439 1279; x_wconf 91' lang='lat' dir='ltr'><strong>Fr.</strong></span> <span class='ocrx_word' id='word_1_619' title='bbox 2466 1241 2572 1280; x_wconf 86' lang='lat' dir='ltr'><strong>Hist.</strong></span> 
     </span>
     <span class='ocr_line' id='line_1_73' title="bbox 1349 1298 2575 1355; baseline 0.002 -16"><span class='ocrx_word' id='word_1_620' title='bbox 1349 1307 1380 1339; x_wconf 93' lang='lat' dir='ltr'><strong>t.</strong></span> <span class='ocrx_word' id='word_1_621' title='bbox 1398 1300 1474 1349; x_wconf 91' lang='lat' dir='ltr'><strong>IV,</strong></span> <span class='ocrx_word' id='word_1_622' title='bbox 1499 1314 1531 1339; x_wconf 92' lang='lat' dir='ltr'><strong>s.</strong></span> <span class='ocrx_word' id='word_1_623' title='bbox 1549 1313 1589 1340; x_wconf 86' lang='lat' dir='ltr'><strong>v.</strong></span> <span class='ocrx_word' id='word_1_624' title='bbox 1611 1299 1722 1339; x_wconf 83' lang='lat' dir='ltr'><strong>Lazi.</strong></span> <span class='ocrx_word' id='word_1_625' title='bbox 1746 1300 1762 1353; x_wconf 76' lang='grc' dir='ltr'><strong>Η</strong></span> <span class='ocrx_word' id='word_1_626' title='bbox 1782 1323 1838 1329; x_wconf 92' lang='lat'>—</span> <span class='ocrx_word' id='word_1_627' title='bbox 1858 1301 1898 1347; x_wconf 86' lang='lat'><strong>4.</strong></span> <span class='ocrx_word' id='word_1_628' title='bbox 1926 1298 2140 1355; x_wconf 82' lang='grc' dir='ltr'>Ἀψίλαι]</span> <span class='ocrx_word' id='word_1_629' title='bbox 2160 1299 2314 1340; x_wconf 88' lang='lat' dir='ltr'><strong>Plinius</strong></span> <span class='ocrx_word' id='word_1_630' title='bbox 2333 1302 2408 1350; x_wconf 91' lang='lat' dir='ltr'><strong>VI,</strong></span> <span class='ocrx_word' id='word_1_631' title='bbox 2436 1303 2475 1349; x_wconf 87' lang='lat'><strong>4,</strong></span> <span class='ocrx_word' id='word_1_632' title='bbox 2506 1305 2575 1350; x_wconf 87' lang='lat'><strong>14:</strong></span> 
     </span>
     <span class='ocr_line' id='line_1_74' title="bbox 1346 1362 2582 1419; baseline 0.002 -18"><span class='ocrx_word' id='word_1_633' title='bbox 1346 1376 1443 1413; x_wconf 75' lang='lat' dir='ltr'><strong>gens</strong></span> <span class='ocrx_word' id='word_1_634' title='bbox 1468 1362 1642 1410; x_wconf 65' lang='lat' dir='ltr'><strong>Absilae,</strong></span> <span class='ocrx_word' id='word_1_635' title='bbox 1666 1362 1878 1402; x_wconf 80' lang='lat' dir='ltr'><strong>castellum</strong></span> <span class='ocrx_word' id='word_1_636' title='bbox 1894 1362 2201 1419; x_wconf 79' lang='lat' dir='ltr'><strong>Sebastopolis..</strong></span> <span class='ocrx_word' id='word_1_637' title='bbox 2223 1362 2361 1417; x_wconf 84' lang='lat' dir='ltr'><strong>Steph.</strong></span> <span class='ocrx_word' id='word_1_638' title='bbox 2384 1365 2430 1402; x_wconf 90' lang='lat' dir='ltr'><strong>B.</strong></span> <span class='ocrx_word' id='word_1_639' title='bbox 2458 1377 2466 1402; x_wconf 90' lang='grc'>;</span> <span class='ocrx_word' id='word_1_640' title='bbox 2490 1362 2582 1418; x_wconf 73' lang='grc' dir='ltr'>Ἀψί-</span> 
     </span>
     <span class='ocr_line' id='line_1_75' title="bbox 1349 1422 2580 1480; baseline 0.002 -17"><span class='ocrx_word' id='word_1_641' title='bbox 1349 1423 1430 1473; x_wconf 91' lang='grc' dir='ltr'>λαι,</span> <span class='ocrx_word' id='word_1_642' title='bbox 1458 1422 1566 1472; x_wconf 81' lang='grc' dir='ltr'>ἔθνος</span> <span class='ocrx_word' id='word_1_643' title='bbox 1594 1423 1778 1464; x_wconf 77' lang='grc' dir='ltr'>Σκυθικὸν</span> <span class='ocrx_word' id='word_1_644' title='bbox 1812 1425 2027 1478; x_wconf 88' lang='grc' dir='ltr'>γειτνιάζον</span> <span class='ocrx_word' id='word_1_645' title='bbox 2061 1425 2225 1475; x_wconf 82' lang='grc' dir='ltr'>Λαζοῗς,</span> <span class='ocrx_word' id='word_1_646' title='bbox 2252 1425 2302 1471; x_wconf 82' lang='grc' dir='ltr'><strong>ὡς</strong></span> <span class='ocrx_word' id='word_1_647' title='bbox 2336 1423 2519 1480; x_wconf 77' lang='grc' dir='ltr'>Ἀρριανὸς</span> <span class='ocrx_word' id='word_1_648' title='bbox 2543 1425 2580 1466; x_wconf 80' lang='grc' dir='ltr'><strong>ἐν</strong></span> 
     </span>
     <span class='ocr_line' id='line_1_76' title="bbox 1351 1484 2579 1541; baseline 0.002 -15"><span class='ocrx_word' id='word_1_649' title='bbox 1351 1484 1522 1541; x_wconf 84' lang='grc' dir='ltr'>περίπλῳ</span> <span class='ocrx_word' id='word_1_650' title='bbox 1553 1488 1621 1526; x_wconf 91' lang='grc' dir='ltr'><strong>τοῦ</strong></span> <span class='ocrx_word' id='word_1_651' title='bbox 1650 1484 1827 1533; x_wconf 74' lang='grc' dir='ltr'>Εὐξείνου</span> <span class='ocrx_word' id='word_1_652' title='bbox 1846 1487 2002 1526; x_wconf 89' lang='grc' dir='ltr'>πόντου.</span> <span class='ocrx_word' id='word_1_653' title='bbox 2037 1486 2264 1540; x_wconf 90' lang='lat' dir='ltr'><strong>Procopius</strong></span> <span class='ocrx_word' id='word_1_654' title='bbox 2283 1486 2309 1526; x_wconf 90' lang='lat' dir='ltr'><strong>l.</strong></span> <span class='ocrx_word' id='word_1_655' title='bbox 2337 1486 2363 1526; x_wconf 93' lang='grc' dir='ltr'><strong>Ι.</strong></span> <span class='ocrx_word' id='word_1_656' title='bbox 2395 1501 2437 1541; x_wconf 91' lang='lat' dir='ltr'><strong>p.</strong></span> <span class='ocrx_word' id='word_1_657' title='bbox 2470 1490 2579 1535; x_wconf 87' lang='lat'><strong>468:</strong></span> 
     </span>
     <span class='ocr_line' id='line_1_77' title="bbox 1350 1544 2584 1603; baseline 0.002 -16"><span class='ocrx_word' id='word_1_658' title='bbox 1350 1547 1426 1587; x_wconf 90' lang='grc' dir='ltr'><strong>Τοῦ</strong></span> <span class='ocrx_word' id='word_1_659' title='bbox 1449 1547 1489 1588; x_wconf 84' lang='grc' dir='ltr'>δὲ</span> <span class='ocrx_word' id='word_1_660' title='bbox 1510 1544 1731 1603; x_wconf 82' lang='grc' dir='ltr'>μονοειδοῦς</span> <span class='ocrx_word' id='word_1_661' title='bbox 1753 1547 1850 1588; x_wconf 82' lang='grc' dir='ltr'>κατὰ</span> <span class='ocrx_word' id='word_1_662' title='bbox 1876 1547 1941 1603; x_wconf 85' lang='grc' dir='ltr'><strong>μὲν</strong></span> <span class='ocrx_word' id='word_1_663' title='bbox 1966 1545 2035 1598; x_wconf 82' lang='grc' dir='ltr'><strong>τὴν</strong></span> <span class='ocrx_word' id='word_1_664' title='bbox 2061 1547 2150 1601; x_wconf 87' lang='grc' dir='ltr'>μίαν</span> <span class='ocrx_word' id='word_1_665' title='bbox 2169 1545 2349 1602; x_wconf 78' lang='grc' dir='ltr'>ἀρχὴν,ἣ</span> <span class='ocrx_word' id='word_1_666' title='bbox 2376 1551 2442 1600; x_wconf 87' lang='grc' dir='ltr'><strong>τῆς</strong></span> <span class='ocrx_word' id='word_1_667' title='bbox 2466 1548 2584 1597; x_wconf 80' lang='grc' dir='ltr'>Ἄσίας</span> 
     </span>
     <span class='ocr_line' id='line_1_78' title="bbox 1352 1605 2584 1666; baseline 0.002 -16"><span class='ocrx_word' id='word_1_668' title='bbox 1352 1609 1446 1660; x_wconf 68' lang='grc' dir='ltr'>ἐστὶ,</span> <span class='ocrx_word' id='word_1_669' title='bbox 1465 1610 1590 1665; x_wconf 83' lang='grc' dir='ltr'>Πέτρα</span> <span class='ocrx_word' id='word_1_670' title='bbox 1608 1609 1632 1661; x_wconf 83' lang='grc' dir='ltr'><strong>ἣ</strong></span> <span class='ocrx_word' id='word_1_671' title='bbox 1653 1609 1763 1657; x_wconf 84' lang='grc' dir='ltr'>πόλις</span> <span class='ocrx_word' id='word_1_672' title='bbox 1787 1610 1995 1665; x_wconf 77' lang='grc' dir='ltr'>ἐτύγχανεν</span> <span class='ocrx_word' id='word_1_673' title='bbox 2016 1605 2113 1650; x_wconf 71' lang='grc' dir='ltr'>οὖσα</span> <span class='ocrx_word' id='word_1_674' title='bbox 2125 1641 2137 1660; x_wconf 89' lang='grc'>,</span> <span class='ocrx_word' id='word_1_675' title='bbox 2168 1607 2207 1650; x_wconf 80' lang='grc' dir='ltr'><strong>ἐν</strong></span> <span class='ocrx_word' id='word_1_676' title='bbox 2231 1609 2271 1650; x_wconf 84' lang='grc' dir='ltr'>δὲ</span> <span class='ocrx_word' id='word_1_677' title='bbox 2291 1608 2336 1660; x_wconf 84' lang='grc' dir='ltr'>δὴ</span> <span class='ocrx_word' id='word_1_678' title='bbox 2357 1612 2406 1666; x_wconf 83' lang='grc' dir='ltr'><strong>τῇ</strong></span> <span class='ocrx_word' id='word_1_679' title='bbox 2440 1610 2584 1653; x_wconf 80' lang='grc' dir='ltr'>ἀντιπέ-</span> 
     </span>
     <span class='ocr_line' id='line_1_79' title="bbox 1352 1671 2583 1729; baseline 0.002 -17"><span class='ocrx_word' id='word_1_680' title='bbox 1352 1687 1417 1726; x_wconf 91' lang='grc' dir='ltr'><strong>ρας</strong></span> <span class='ocrx_word' id='word_1_681' title='bbox 1438 1671 1536 1728; x_wconf 79' lang='grc' dir='ltr'>ἀκτῇ</span> <span class='ocrx_word' id='word_1_682' title='bbox 1550 1672 1647 1714; x_wconf 84' lang='grc' dir='ltr'>κατὰ</span> <span class='ocrx_word' id='word_1_683' title='bbox 1659 1671 1728 1724; x_wconf 85' lang='grc' dir='ltr'><strong>τὴν</strong></span> <span class='ocrx_word' id='word_1_684' title='bbox 1746 1675 1812 1724; x_wconf 89' lang='grc' dir='ltr'><strong>τῆς</strong></span> <span class='ocrx_word' id='word_1_685' title='bbox 1828 1673 2011 1728; x_wconf 74' lang='grc' dir='ltr'>Εὐρώπης</span> <span class='ocrx_word' id='word_1_686' title='bbox 2030 1674 2167 1727; x_wconf 79' lang='grc' dir='ltr'>μοῖραν</span> <span class='ocrx_word' id='word_1_687' title='bbox 2192 1671 2319 1727; x_wconf 80' lang='grc' dir='ltr'>Ἀψιλ</span> <span class='ocrx_word' id='word_1_688' title='bbox 2334 1673 2385 1712; x_wconf 90' lang='grc' dir='ltr'>ίω</span> <span class='ocrx_word' id='word_1_689' title='bbox 2399 1688 2417 1713; x_wconf 95' lang='grc' dir='ltr'>ν</span> <span class='ocrx_word' id='word_1_690' title='bbox 2437 1672 2583 1729; x_wconf 80' lang='grc' dir='ltr'>ἣχώρα</span> 
     </span>
     <span class='ocr_line' id='line_1_80' title="bbox 1353 1732 2584 1788; baseline 0.001 -14"><span class='ocrx_word' id='word_1_691' title='bbox 1353 1732 1451 1774; x_wconf 79' lang='grc' dir='ltr'>ἐστί·</span> <span class='ocrx_word' id='word_1_692' title='bbox 1476 1735 1614 1781; x_wconf 87' lang='grc' dir='ltr'>-Λαζῶν</span> <span class='ocrx_word' id='word_1_693' title='bbox 1633 1733 1673 1775; x_wconf 84' lang='grc' dir='ltr'>δὲ</span> <span class='ocrx_word' id='word_1_694' title='bbox 1692 1733 1876 1784; x_wconf 80' lang='grc' dir='ltr'>κατήκοοί</span> <span class='ocrx_word' id='word_1_695' title='bbox 1896 1733 1966 1774; x_wconf 85' lang='grc' dir='ltr'>εἰσι</span> <span class='ocrx_word' id='word_1_696' title='bbox 1981 1734 2046 1774; x_wconf 73' lang='grc' dir='ltr'><strong>καὶ</strong></span> <span class='ocrx_word' id='word_1_697' title='bbox 2061 1733 2281 1788; x_wconf 78' lang='grc' dir='ltr'>Χριστιανοὶ</span> <span class='ocrx_word' id='word_1_698' title='bbox 2303 1733 2344 1775; x_wconf 80' lang='grc' dir='ltr'><strong>ἐκ</strong></span> <span class='ocrx_word' id='word_1_699' title='bbox 2363 1734 2527 1775; x_wconf 86' lang='grc' dir='ltr'>παλαιοῦ</span> <span class='ocrx_word' id='word_1_700' title='bbox 2546 1735 2584 1775; x_wconf 81' lang='grc' dir='ltr'>οἱ</span> 
     </span>
     <span class='ocr_line' id='line_1_81' title="bbox 1358 1793 2583 1851; baseline 0.002 -16"><span class='ocrx_word' id='word_1_701' title='bbox 1358 1793 1530 1851; x_wconf 78' lang='grc' dir='ltr'>Ἂψίλιοι.</span> <span class='ocrx_word' id='word_1_702' title='bbox 1555 1795 1617 1835; x_wconf 88' lang='lat' dir='ltr'><strong>Cf.</strong></span> <span class='ocrx_word' id='word_1_703' title='bbox 1658 1794 1802 1850; x_wconf 78' lang='grc' dir='ltr'>Ἀψιλία</span> <span class='ocrx_word' id='word_1_704' title='bbox 1833 1797 1944 1849; x_wconf 83' lang='lat' dir='ltr'><strong>regio</strong></span> <span class='ocrx_word' id='word_1_705' title='bbox 1967 1795 2078 1850; x_wconf 87' lang='lat' dir='ltr'><strong>apud</strong></span> <span class='ocrx_word' id='word_1_706' title='bbox 2105 1794 2383 1836; x_wconf 89' lang='lat' dir='ltr'><strong>Menandrum</strong></span> <span class='ocrx_word' id='word_1_707' title='bbox 2404 1798 2583 1837; x_wconf 86' lang='lat' dir='ltr'><strong>Protect.</strong></span> 
     </span>
     <span class='ocr_line' id='line_1_82' title="bbox 1354 1855 2580 1913; baseline 0.001 -16"><span class='ocrx_word' id='word_1_708' title='bbox 1354 1857 1404 1898; x_wconf 87' lang='lat' dir='ltr'><strong>fr.</strong></span> <span class='ocrx_word' id='word_1_709' title='bbox 1428 1871 1480 1898; x_wconf 84' lang='lat'><strong>22</strong></span> <span class='ocrx_word' id='word_1_710' title='bbox 1510 1858 1554 1897; x_wconf 88' lang='lat' dir='ltr'><strong>in</strong></span> <span class='ocrx_word' id='word_1_711' title='bbox 1577 1859 1646 1898; x_wconf 89' lang='lat' dir='ltr'><strong>Fr.</strong></span> <span class='ocrx_word' id='word_1_712' title='bbox 1669 1858 1776 1897; x_wconf 86' lang='lat' dir='ltr'><strong>Hist.</strong></span> <span class='ocrx_word' id='word_1_713' title='bbox 1801 1858 1878 1907; x_wconf 90' lang='lat' dir='ltr'><strong>IV,</strong></span> <span class='ocrx_word' id='word_1_714' title='bbox 1906 1872 1947 1912; x_wconf 90' lang='lat' dir='ltr'><strong>p.</strong></span> <span class='ocrx_word' id='word_1_715' title='bbox 1973 1858 2067 1898; x_wconf 85' lang='lat'><strong>230.</strong></span> <span class='ocrx_word' id='word_1_716' title='bbox 2114 1858 2131 1911; x_wconf 75' lang='lat' dir='ltr'>ss</span> <span class='ocrx_word' id='word_1_717' title='bbox 2153 1881 2209 1888; x_wconf 94' lang='lat'><strong>—</strong></span> <span class='ocrx_word' id='word_1_718' title='bbox 2232 1871 2272 1910; x_wconf 86' lang='lat'><strong>7.</strong></span> <span class='ocrx_word' id='word_1_719' title='bbox 2305 1855 2580 1913; x_wconf 51' lang='lat' dir='ltr'><strong>‘Amo-2101}</strong></span> 
     </span>
     <span class='ocr_line' id='line_1_83' title="bbox 1355 1916 2585 1975; baseline -0.001 -14"><span class='ocrx_word' id='word_1_720' title='bbox 1355 1920 1496 1975; x_wconf 90' lang='lat' dir='ltr'><strong>Steph.</strong></span> <span class='ocrx_word' id='word_1_721' title='bbox 1518 1922 1615 1975; x_wconf 89' lang='lat' dir='ltr'><strong>Byz.</strong></span> <span class='ocrx_word' id='word_1_722' title='bbox 1639 1933 1648 1960; x_wconf 74' lang='grc' dir='ltr'>ι</span> <span class='ocrx_word' id='word_1_723' title='bbox 1668 1919 1853 1974; x_wconf 84' lang='grc' dir='ltr'>Σαννίγαι</span> <span class='ocrx_word' id='word_1_724' title='bbox 1867 1951 1877 1969; x_wconf 91' lang='grc'>,</span> <span class='ocrx_word' id='word_1_725' title='bbox 1906 1918 2013 1966; x_wconf 82' lang='grc' dir='ltr'>ἔθνος</span> <span class='ocrx_word' id='word_1_726' title='bbox 2026 1918 2186 1966; x_wconf 86' lang='grc' dir='ltr'>Σκυθίας</span> <span class='ocrx_word' id='word_1_727' title='bbox 2200 1919 2281 1965; x_wconf 79' lang='grc' dir='ltr'>τοῖς</span> <span class='ocrx_word' id='word_1_728' title='bbox 2300 1916 2496 1972; x_wconf 78' lang='grc' dir='ltr'>Ἀὅασγοῖς</span> <span class='ocrx_word' id='word_1_729' title='bbox 2513 1935 2585 1960; x_wconf 88' lang='grc' dir='ltr'><strong>πα-</strong></span> 
     </span>
     <span class='ocr_line' id='line_1_84' title="bbox 1354 1979 2588 2037; baseline 0 -15"><span class='ocrx_word' id='word_1_730' title='bbox 1354 1982 1594 2037; x_wconf 89' lang='grc' dir='ltr'>ρακείμενον.</span> <span class='ocrx_word' id='word_1_731' title='bbox 1617 1983 1715 2022; x_wconf 87' lang='lat' dir='ltr'><strong>Haec</strong></span> <span class='ocrx_word' id='word_1_732' title='bbox 1729 1981 1874 2036; x_wconf 87' lang='lat' dir='ltr'><strong>procul</strong></span> <span class='ocrx_word' id='word_1_733' title='bbox 1888 1980 2016 2021; x_wconf 91' lang='lat' dir='ltr'><strong>dubio</strong></span> <span class='ocrx_word' id='word_1_734' title='bbox 2035 1995 2086 2021; x_wconf 85' lang='lat' dir='ltr'><strong>ex</strong></span> <span class='ocrx_word' id='word_1_735' title='bbox 2108 1981 2301 2030; x_wconf 89' lang='lat' dir='ltr'><strong>Arriano,</strong></span> <span class='ocrx_word' id='word_1_736' title='bbox 2319 1980 2392 2020; x_wconf 89' lang='lat' dir='ltr'><strong>ubi</strong></span> <span class='ocrx_word' id='word_1_737' title='bbox 2413 1979 2588 2037; x_wconf 74' lang='grc' dir='ltr'>Ἀδασγοὶ</span> 
     </span>
     <span class='ocr_line' id='line_1_85' title="bbox 1354 2041 2586 2099; baseline 0.002 -16"><span class='ocrx_word' id='word_1_738' title='bbox 1354 2044 1641 2099; x_wconf 89' lang='lat' dir='ltr'><strong>reponendum</strong></span> <span class='ocrx_word' id='word_1_739' title='bbox 1668 2043 1820 2084; x_wconf 84' lang='lat' dir='ltr'><strong>dixeris</strong></span> <span class='ocrx_word' id='word_1_740' title='bbox 1836 2074 1847 2094; x_wconf 91' lang='lat'><strong>,</strong></span> <span class='ocrx_word' id='word_1_741' title='bbox 1880 2044 1958 2083; x_wconf 92' lang='lat' dir='ltr'><strong>nisi</strong></span> <span class='ocrx_word' id='word_1_742' title='bbox 1981 2043 2102 2083; x_wconf 83' lang='lat' dir='ltr'><strong>etiam</strong></span> <span class='ocrx_word' id='word_1_743' title='bbox 2127 2041 2234 2083; x_wconf 88' lang='lat' dir='ltr'><strong>infra</strong></span> <span class='ocrx_word' id='word_1_744' title='bbox 2259 2042 2328 2082; x_wconf 77' lang='grc' dir='ltr'><strong>’Άὸ</strong></span> <span class='ocrx_word' id='word_1_745' title='bbox 2342 2058 2429 2083; x_wconf 93' lang='grc' dir='ltr'><strong>ασκ</strong></span> <span class='ocrx_word' id='word_1_746' title='bbox 2442 2059 2462 2083; x_wconf 94' lang='grc' dir='ltr'>ο</span> <span class='ocrx_word' id='word_1_747' title='bbox 2476 2060 2492 2091; x_wconf 90' lang='grc' dir='ltr'><strong>ς</strong></span> <span class='ocrx_word' id='word_1_748' title='bbox 2509 2045 2586 2085; x_wconf 91' lang='lat' dir='ltr'><strong>ssu-</strong></span> 
     </span>
     <span class='ocr_line' id='line_1_86' title="bbox 1354 2105 2587 2159; baseline 0.002 -14"><span class='ocrx_word' id='word_1_749' title='bbox 1354 2107 1445 2146; x_wconf 86' lang='lat' dir='ltr'><strong>vius</strong></span> <span class='ocrx_word' id='word_1_750' title='bbox 1469 2114 1719 2156; x_wconf 84' lang='lat' dir='ltr'><strong>occurreret,</strong></span> <span class='ocrx_word' id='word_1_751' title='bbox 1749 2108 1819 2159; x_wconf 92' lang='lat' dir='ltr'><strong>qui</strong></span> <span class='ocrx_word' id='word_1_752' title='bbox 1853 2119 2103 2159; x_wconf 90' lang='lat' dir='ltr'><strong>quamquam</strong></span> <span class='ocrx_word' id='word_1_753' title='bbox 2133 2119 2218 2145; x_wconf 91' lang='lat' dir='ltr'><strong>non</strong></span> <span class='ocrx_word' id='word_1_754' title='bbox 2240 2105 2283 2144; x_wconf 89' lang='lat' dir='ltr'><strong>in</strong></span> <span class='ocrx_word' id='word_1_755' title='bbox 2306 2106 2512 2159; x_wconf 86' lang='lat' dir='ltr'><strong>regionem</strong></span> <span class='ocrx_word' id='word_1_756' title='bbox 2536 2107 2587 2147; x_wconf 88' lang='lat' dir='ltr'><strong>ab</strong></span> 
     </span>
     <span class='ocr_line' id='line_1_87' title="bbox 1355 2165 2587 2219; baseline 0.002 -12"><span class='ocrx_word' id='word_1_757' title='bbox 1355 2169 1533 2208; x_wconf 89' lang='lat' dir='ltr'><strong>Arriano</strong></span> <span class='ocrx_word' id='word_1_758' title='bbox 1566 2167 1734 2208; x_wconf 89' lang='lat' dir='ltr'><strong>Abascis</strong></span> <span class='ocrx_word' id='word_1_759' title='bbox 1757 2167 1998 2219; x_wconf 84' lang='lat' dir='ltr'><strong>assignatam</strong></span> <span class='ocrx_word' id='word_1_760' title='bbox 2022 2165 2145 2215; x_wconf 86' lang='lat' dir='ltr'><strong>cadit,</strong></span> <span class='ocrx_word' id='word_1_761' title='bbox 2170 2167 2213 2205; x_wconf 88' lang='lat' dir='ltr'><strong>in</strong></span> <span class='ocrx_word' id='word_1_762' title='bbox 2242 2174 2353 2206; x_wconf 89' lang='lat' dir='ltr'><strong>tanta</strong></span> <span class='ocrx_word' id='word_1_763' title='bbox 2375 2175 2510 2207; x_wconf 89' lang='lat' dir='ltr'><strong>tamen</strong></span> <span class='ocrx_word' id='word_1_764' title='bbox 2536 2168 2587 2209; x_wconf 89' lang='lat' dir='ltr'><strong>de</strong></span> 
     </span>
     <span class='ocr_line' id='line_1_88' title="bbox 1354 2227 2586 2282; baseline -0.001 -13"><span class='ocrx_word' id='word_1_765' title='bbox 1354 2229 1417 2268; x_wconf 90' lang='lat' dir='ltr'><strong>his</strong></span> <span class='ocrx_word' id='word_1_766' title='bbox 1443 2229 1567 2269; x_wconf 88' lang='lat' dir='ltr'><strong>rebus</strong></span> <span class='ocrx_word' id='word_1_767' title='bbox 1585 2228 1881 2268; x_wconf 84' lang='lat' dir='ltr'><strong>sententiarum</strong></span> <span class='ocrx_word' id='word_1_768' title='bbox 1905 2227 2111 2277; x_wconf 90' lang='lat' dir='ltr'><strong>varietate,</strong></span> <span class='ocrx_word' id='word_1_769' title='bbox 2138 2227 2205 2266; x_wconf 88' lang='lat' dir='ltr'><strong>vix</strong></span> <span class='ocrx_word' id='word_1_770' title='bbox 2232 2235 2293 2267; x_wconf 91' lang='lat' dir='ltr'><strong>est</strong></span> <span class='ocrx_word' id='word_1_771' title='bbox 2314 2241 2337 2266; x_wconf 89' lang='lat' dir='ltr'><strong>a</strong></span> <span class='ocrx_word' id='word_1_772' title='bbox 2354 2227 2497 2282; x_wconf 91' lang='lat' dir='ltr'><strong>populi</strong></span> <span class='ocrx_word' id='word_1_773' title='bbox 2520 2243 2586 2268; x_wconf 93' lang='lat' dir='ltr'><strong>co-</strong></span> 
     </span>
    </p>
   </div>
   <div class='ocr_carea' id='block_1_11' title="bbox 1355 2281 2665 2344">
    <p class='ocr_par' dir='ltr' id='par_1_14' title="bbox 1355 2281 2665 2344">
     <span class='ocr_line' id='line_1_89' title="bbox 1355 2281 2665 2344; baseline -0.002 -14"><span class='ocrx_word' id='word_1_774' title='bbox 1355 2290 1560 2344; x_wconf 87' lang='lat' dir='ltr'><strong>gnominis</strong></span> <span class='ocrx_word' id='word_1_775' title='bbox 1576 2290 1773 2330; x_wconf 88' lang='lat' dir='ltr'><strong>memoria</strong></span> <span class='ocrx_word' id='word_1_776' title='bbox 1795 2288 2086 2342; x_wconf 87' lang='lat' dir='ltr'><strong>scjungendus.</strong></span> <span class='ocrx_word' id='word_1_777' title='bbox 2109 2286 2267 2328; x_wconf 87' lang='lat' dir='ltr'><strong>Eodem</strong></span> <span class='ocrx_word' id='word_1_778' title='bbox 2290 2287 2415 2327; x_wconf 91' lang='lat' dir='ltr'><strong>modo</strong></span> <span class='ocrx_word' id='word_1_779' title='bbox 2434 2302 2585 2342; x_wconf 76' lang='lat' dir='ltr'><strong>nomen</strong></span> <span class='ocrx_word' id='word_1_780' title='bbox 2649 2281 2665 2286; x_wconf 57' lang='lat'>„</span> 
     </span>
    </p>
   </div>
   <div class='ocr_carea' id='block_1_12' title="bbox 1355 2348 2590 4077">
    <p class='ocr_par' dir='ltr' id='par_1_15' title="bbox 1355 2348 2590 4077">
     <span class='ocr_line' id='line_1_90' title="bbox 1355 2348 2585 2406; baseline -0.002 -14"><span class='ocrx_word' id='word_1_781' title='bbox 1355 2352 1550 2392; x_wconf 88' lang='lat' dir='ltr'><strong>scribitur</strong></span> <span class='ocrx_word' id='word_1_782' title='bbox 1568 2366 1635 2406; x_wconf 91' lang='lat' dir='ltr'><strong>ap.</strong></span> <span class='ocrx_word' id='word_1_783' title='bbox 1650 2354 1826 2405; x_wconf 88' lang='lat' dir='ltr'><strong>Procop.</strong></span> <span class='ocrx_word' id='word_1_784' title='bbox 1852 2350 1879 2391; x_wconf 91' lang='lat' dir='ltr'><strong>l.</strong></span> <span class='ocrx_word' id='word_1_785' title='bbox 1906 2351 1932 2390; x_wconf 94' lang='lat' dir='ltr'><strong>l.</strong></span> <span class='ocrx_word' id='word_1_786' title='bbox 1958 2352 2034 2400; x_wconf 93' lang='lat' dir='ltr'><strong>IV,</strong></span> <span class='ocrx_word' id='word_1_787' title='bbox 2062 2351 2084 2390; x_wconf 83' lang='lat'><strong>3</strong></span> <span class='ocrx_word' id='word_1_788' title='bbox 2105 2364 2148 2404; x_wconf 87' lang='lat' dir='ltr'><strong>p.</strong></span> <span class='ocrx_word' id='word_1_789' title='bbox 2171 2352 2248 2403; x_wconf 89' lang='lat'><strong>471</strong></span> <span class='ocrx_word' id='word_1_790' title='bbox 2271 2362 2280 2390; x_wconf 88' lang='lat'>:</span> <span class='ocrx_word' id='word_1_791' title='bbox 2305 2349 2414 2390; x_wconf 84' lang='grc' dir='ltr'>Μετὰ</span> <span class='ocrx_word' id='word_1_792' title='bbox 2432 2349 2471 2390; x_wconf 83' lang='grc' dir='ltr'>δὲ</span> <span class='ocrx_word' id='word_1_793' title='bbox 2491 2348 2585 2405; x_wconf 75' lang='grc' dir='ltr'>Ἀψι-</span> 
     </span>
     <span class='ocr_line' id='line_1_91' title="bbox 1355 2409 2586 2468; baseline -0.003 -13"><span class='ocrx_word' id='word_1_794' title='bbox 1355 2415 1459 2462; x_wconf 88' lang='grc' dir='ltr'>λίους</span> <span class='ocrx_word' id='word_1_795' title='bbox 1488 2430 1528 2455; x_wconf 90' lang='grc' dir='ltr'><strong>τε</strong></span> <span class='ocrx_word' id='word_1_796' title='bbox 1560 2414 1625 2455; x_wconf 73' lang='grc' dir='ltr'><strong>καὶ</strong></span> <span class='ocrx_word' id='word_1_797' title='bbox 1647 2416 1714 2454; x_wconf 89' lang='grc' dir='ltr'><strong>τοῦ</strong></span> <span class='ocrx_word' id='word_1_798' title='bbox 1737 2414 1960 2468; x_wconf 85' lang='grc' dir='ltr'>μηνοειδοῦς</span> <span class='ocrx_word' id='word_1_799' title='bbox 1981 2411 2050 2464; x_wconf 79' lang='grc' dir='ltr'><strong>τὴν</strong></span> <span class='ocrx_word' id='word_1_800' title='bbox 2079 2411 2206 2467; x_wconf 76' lang='grc' dir='ltr'>ἑτέραν</span> <span class='ocrx_word' id='word_1_801' title='bbox 2228 2409 2351 2466; x_wconf 83' lang='grc' dir='ltr'>ἀρχὴν</span> <span class='ocrx_word' id='word_1_802' title='bbox 2380 2411 2415 2460; x_wconf 81' lang='grc' dir='ltr'><strong>ἐς</strong></span> <span class='ocrx_word' id='word_1_803' title='bbox 2429 2410 2497 2463; x_wconf 81' lang='grc' dir='ltr'><strong>τὴν</strong></span> <span class='ocrx_word' id='word_1_804' title='bbox 2514 2428 2586 2454; x_wconf 81' lang='grc' dir='ltr'><strong>πα-</strong></span> 
     </span>
     <span class='ocr_line' id='line_1_92' title="bbox 1356 2473 2587 2532; baseline 0 -15"><span class='ocrx_word' id='word_1_805' title='bbox 1356 2477 1490 2532; x_wconf 89' lang='grc' dir='ltr'>ραλίαν</span> <span class='ocrx_word' id='word_1_806' title='bbox 1517 2475 1695 2532; x_wconf 72' lang='grc' dir='ltr'>Ἇὸασγοὶ</span> <span class='ocrx_word' id='word_1_807' title='bbox 1716 2476 1886 2532; x_wconf 82' lang='grc' dir='ltr'>ᾤκηνται</span> <span class='ocrx_word' id='word_1_808' title='bbox 1904 2475 1994 2530; x_wconf 80' lang='grc' dir='ltr'>ἄχρι</span> <span class='ocrx_word' id='word_1_809' title='bbox 2011 2474 2045 2522; x_wconf 83' lang='grc' dir='ltr'><strong>ἐς</strong></span> <span class='ocrx_word' id='word_1_810' title='bbox 2070 2473 2117 2515; x_wconf 83' lang='grc' dir='ltr'><strong>τὰ</strong></span> <span class='ocrx_word' id='word_1_811' title='bbox 2133 2474 2326 2515; x_wconf 86' lang='grc' dir='ltr'>Καυκάσια</span> <span class='ocrx_word' id='word_1_812' title='bbox 2345 2474 2413 2530; x_wconf 87' lang='grc' dir='ltr'>ὄρη</span> <span class='ocrx_word' id='word_1_813' title='bbox 2434 2475 2587 2526; x_wconf 83' lang='grc' dir='ltr'>διήκον-</span> 
     </span>
     <span class='ocr_line' id='line_1_93' title="bbox 1355 2534 2584 2594; baseline -0.001 -14"><span class='ocrx_word' id='word_1_814' title='bbox 1355 2555 1430 2587; x_wconf 88' lang='grc' dir='ltr'>τες.</span> <span class='ocrx_word' id='word_1_815' title='bbox 1448 2539 1496 2580; x_wconf 83' lang='grc' dir='ltr'><strong>Οἱ</strong></span> <span class='ocrx_word' id='word_1_816' title='bbox 1515 2538 1556 2580; x_wconf 85' lang='grc' dir='ltr'>δὲ</span> <span class='ocrx_word' id='word_1_817' title='bbox 1581 2538 1762 2594; x_wconf 71' lang='grc' dir='ltr'>Ἀδασγοὶ</span> <span class='ocrx_word' id='word_1_818' title='bbox 1780 2539 1913 2586; x_wconf 85' lang='grc' dir='ltr'>Λαζῶν</span> <span class='ocrx_word' id='word_1_819' title='bbox 1940 2537 2005 2593; x_wconf 81' lang='grc' dir='ltr'><strong>μὲν</strong></span> <span class='ocrx_word' id='word_1_820' title='bbox 2023 2536 2206 2589; x_wconf 81' lang='grc' dir='ltr'>κατήκοοι</span> <span class='ocrx_word' id='word_1_821' title='bbox 2228 2535 2269 2577; x_wconf 79' lang='grc' dir='ltr'><strong>ἐκ</strong></span> <span class='ocrx_word' id='word_1_822' title='bbox 2287 2536 2452 2578; x_wconf 88' lang='grc' dir='ltr'>παλαιοῦ</span> <span class='ocrx_word' id='word_1_823' title='bbox 2471 2534 2584 2590; x_wconf 78' lang='grc' dir='ltr'>ἦσαν,</span> 
     </span>
     <span class='ocr_line' id='line_1_94' title="bbox 1357 2594 2588 2657; baseline -0.001 -16"><span class='ocrx_word' id='word_1_824' title='bbox 1357 2601 1540 2657; x_wconf 82' lang='grc' dir='ltr'>ἄρχοντες</span> <span class='ocrx_word' id='word_1_825' title='bbox 1557 2600 1598 2642; x_wconf 84' lang='grc' dir='ltr'>δὲ</span> <span class='ocrx_word' id='word_1_826' title='bbox 1617 2600 1820 2656; x_wconf 79' lang='grc' dir='ltr'>ὁμογενεῖς</span> <span class='ocrx_word' id='word_1_827' title='bbox 1847 2600 1914 2640; x_wconf 91' lang='grc' dir='ltr'><strong>δύο</strong></span> <span class='ocrx_word' id='word_1_828' title='bbox 1939 2599 1974 2647; x_wconf 78' lang='grc' dir='ltr'><strong>ἐς</strong></span> <span class='ocrx_word' id='word_1_829' title='bbox 1993 2597 2052 2640; x_wconf 70' lang='grc' dir='ltr'><strong>ἀεὶ</strong></span> <span class='ocrx_word' id='word_1_830' title='bbox 2069 2597 2195 2654; x_wconf 77' lang='grc' dir='ltr'>εἶχον·</span> <span class='ocrx_word' id='word_1_831' title='bbox 2225 2594 2280 2639; x_wconf 84' lang='grc' dir='ltr'><strong>ὧν</strong></span> <span class='ocrx_word' id='word_1_832' title='bbox 2302 2598 2432 2654; x_wconf 78' lang='grc' dir='ltr'>ἅτερος</span> <span class='ocrx_word' id='word_1_833' title='bbox 2463 2598 2528 2654; x_wconf 82' lang='grc' dir='ltr'><strong>μὲν</strong></span> <span class='ocrx_word' id='word_1_834' title='bbox 2553 2598 2588 2647; x_wconf 78' lang='grc' dir='ltr'><strong>ἐς</strong></span> 
     </span>
     <span class='ocr_line' id='line_1_95' title="bbox 1356 2658 2587 2720; baseline -0.003 -15"><span class='ocrx_word' id='word_1_835' title='bbox 1356 2667 1422 2716; x_wconf 83' lang='grc' dir='ltr'><strong>τῆς</strong></span> <span class='ocrx_word' id='word_1_836' title='bbox 1435 2666 1564 2720; x_wconf 87' lang='grc' dir='ltr'>χώρας</span> <span class='ocrx_word' id='word_1_837' title='bbox 1589 2662 1636 2703; x_wconf 80' lang='grc' dir='ltr'><strong>τὰ</strong></span> <span class='ocrx_word' id='word_1_838' title='bbox 1658 2662 1750 2718; x_wconf 76' lang='grc' dir='ltr'>πρὸς</span> <span class='ocrx_word' id='word_1_839' title='bbox 1770 2662 1943 2717; x_wconf 74' lang='grc' dir='ltr'>ἑσπέραν,</span> <span class='ocrx_word' id='word_1_840' title='bbox 1963 2661 1984 2702; x_wconf 93' lang='lat'><strong>6</strong></span> <span class='ocrx_word' id='word_1_841' title='bbox 1998 2660 2039 2702; x_wconf 79' lang='grc' dir='ltr'>δὲ</span> <span class='ocrx_word' id='word_1_842' title='bbox 2061 2659 2107 2712; x_wconf 84' lang='grc' dir='ltr'>δὴ</span> <span class='ocrx_word' id='word_1_843' title='bbox 2130 2661 2256 2716; x_wconf 80' lang='grc' dir='ltr'>ἕτερος</span> <span class='ocrx_word' id='word_1_844' title='bbox 2272 2658 2308 2708; x_wconf 76' lang='grc' dir='ltr'><strong>ἐς</strong></span> <span class='ocrx_word' id='word_1_845' title='bbox 2323 2659 2372 2701; x_wconf 77' lang='grc' dir='ltr'><strong>τὰ</strong></span> <span class='ocrx_word' id='word_1_846' title='bbox 2389 2661 2491 2716; x_wconf 73' lang='grc' dir='ltr'>πρὸς</span> <span class='ocrx_word' id='word_1_847' title='bbox 2507 2660 2587 2702; x_wconf 84' lang='grc' dir='ltr'>ἀνί-</span> 
     </span>
     <span class='ocr_line' id='line_1_96' title="bbox 1358 2720 2590 2781; baseline -0.002 -14"><span class='ocrx_word' id='word_1_848' title='bbox 1358 2742 1505 2781; x_wconf 89' lang='grc' dir='ltr'>σχοντα</span> <span class='ocrx_word' id='word_1_849' title='bbox 1526 2726 1637 2777; x_wconf 78' lang='grc' dir='ltr'>ἥλιον</span> <span class='ocrx_word' id='word_1_850' title='bbox 1662 2725 1810 2780; x_wconf 80' lang='grc' dir='ltr'>ἵδρυτο.</span> <span class='ocrx_word' id='word_1_851' title='bbox 1836 2724 1884 2765; x_wconf 81' lang='grc' dir='ltr'><strong>Οἱ</strong></span> <span class='ocrx_word' id='word_1_852' title='bbox 1907 2723 1948 2765; x_wconf 83' lang='grc' dir='ltr'>δὲ</span> <span class='ocrx_word' id='word_1_853' title='bbox 1974 2723 2157 2779; x_wconf 75' lang='grc' dir='ltr'>βάρὸαροι</span> <span class='ocrx_word' id='word_1_854' title='bbox 2176 2720 2283 2764; x_wconf 72' lang='grc' dir='ltr'>οὗτοι</span> <span class='ocrx_word' id='word_1_855' title='bbox 2304 2724 2416 2779; x_wconf 90' lang='grc' dir='ltr'>μέχρι</span> <span class='ocrx_word' id='word_1_856' title='bbox 2436 2722 2503 2779; x_wconf 84' lang='grc' dir='ltr'><strong>μὲν</strong></span> <span class='ocrx_word' id='word_1_857' title='bbox 2525 2724 2590 2764; x_wconf 76' lang='grc' dir='ltr'><strong>καὶ</strong></span> 
     </span>
     <span class='ocr_line' id='line_1_97' title="bbox 1359 2784 2589 2844; baseline -0.002 -15"><span class='ocrx_word' id='word_1_858' title='bbox 1359 2788 1394 2837; x_wconf 83' lang='grc' dir='ltr'><strong>ἐς</strong></span> <span class='ocrx_word' id='word_1_859' title='bbox 1411 2788 1477 2844; x_wconf 81' lang='grc' dir='ltr'>ἐμὲ</span> <span class='ocrx_word' id='word_1_860' title='bbox 1491 2789 1591 2841; x_wconf 82' lang='grc' dir='ltr'>ἄλση</span> <span class='ocrx_word' id='word_1_861' title='bbox 1613 2803 1654 2829; x_wconf 91' lang='grc' dir='ltr'><strong>τε</strong></span> <span class='ocrx_word' id='word_1_862' title='bbox 1673 2787 1738 2828; x_wconf 71' lang='grc' dir='ltr'><strong>καὶ</strong></span> <span class='ocrx_word' id='word_1_863' title='bbox 1755 2787 1846 2835; x_wconf 74' lang='grc' dir='ltr'>ὕλας</span> <span class='ocrx_word' id='word_1_864' title='bbox 1877 2786 2069 2836; x_wconf 75' lang='grc' dir='ltr'>ἐσέὸοντο,</span> <span class='ocrx_word' id='word_1_865' title='bbox 2098 2794 2195 2835; x_wconf 67' lang='lat' dir='ltr'><strong>etc„</strong></span> <span class='ocrx_word' id='word_1_866' title='bbox 2213 2800 2304 2840; x_wconf 87' lang='lat' dir='ltr'><strong>quae</strong></span> <span class='ocrx_word' id='word_1_867' title='bbox 2325 2784 2435 2840; x_wconf 88' lang='lat' dir='ltr'><strong>apud</strong></span> <span class='ocrx_word' id='word_1_868' title='bbox 2454 2786 2589 2841; x_wconf 89' lang='lat' dir='ltr'><strong>ipsum</strong></span> 
     </span>
     <span class='ocr_line' id='line_1_98' title="bbox 1357 2848 2589 2905; baseline -0.003 -14"><span class='ocrx_word' id='word_1_869' title='bbox 1357 2850 1608 2905; x_wconf 88' lang='lat' dir='ltr'><strong>Procopium</strong></span> <span class='ocrx_word' id='word_1_870' title='bbox 1629 2848 1761 2902; x_wconf 85' lang='lat' dir='ltr'><strong>legere</strong></span> <span class='ocrx_word' id='word_1_871' title='bbox 1777 2848 1779 2850; x_wconf 67' lang='grc'><strong>’</strong></span> <span class='ocrx_word' id='word_1_872' title='bbox 1793 2861 1928 2903; x_wconf 88' lang='lat' dir='ltr'><strong>operae</strong></span> <span class='ocrx_word' id='word_1_873' title='bbox 1945 2848 2124 2902; x_wconf 85' lang='lat' dir='ltr'><strong>pretium</strong></span> <span class='ocrx_word' id='word_1_874' title='bbox 2158 2855 2231 2888; x_wconf 89' lang='lat' dir='ltr'><strong>est.</strong></span> <span class='ocrx_word' id='word_1_875' title='bbox 2263 2848 2425 2887; x_wconf 92' lang='lat' dir='ltr'><strong>Nomen</strong></span> <span class='ocrx_word' id='word_1_876' title='bbox 2460 2849 2589 2900; x_wconf 86' lang='lat' dir='ltr'><strong>gentis</strong></span> 
     </span>
     <span class='ocr_line' id='line_1_99' title="bbox 1358 2908 2590 2965; baseline -0.002 -13"><span class='ocrx_word' id='word_1_877' title='bbox 1358 2912 1504 2952; x_wconf 87' lang='lat' dir='ltr'><strong>veteris</strong></span> <span class='ocrx_word' id='word_1_878' title='bbox 1523 2911 1565 2951; x_wconf 90' lang='lat' dir='ltr'><strong>in</strong></span> <span class='ocrx_word' id='word_1_879' title='bbox 1580 2909 1793 2951; x_wconf 90' lang='lat' dir='ltr'><strong>hodiernis</strong></span> <span class='ocrx_word' id='word_1_880' title='bbox 1808 2909 1966 2950; x_wconf 77' lang='lat' dir='ltr'><strong>Abasis</strong></span> <span class='ocrx_word' id='word_1_881' title='bbox 1977 2923 2186 2965; x_wconf 88' lang='lat' dir='ltr'><strong>superesse</strong></span> <span class='ocrx_word' id='word_1_882' title='bbox 2203 2908 2379 2949; x_wconf 87' lang='lat' dir='ltr'><strong>videtur.</strong></span> <span class='ocrx_word' id='word_1_883' title='bbox 2397 2911 2452 2950; x_wconf 89' lang='lat' dir='ltr'><strong>V.</strong></span> <span class='ocrx_word' id='word_1_884' title='bbox 2470 2911 2590 2950; x_wconf 92' lang='lat' dir='ltr'><strong>Gam-</strong></span> 
     </span>
     <span class='ocr_line' id='line_1_100' title="bbox 1358 2971 2585 3028; baseline -0.003 -13"><span class='ocrx_word' id='word_1_885' title='bbox 1358 2975 1412 3015; x_wconf 88' lang='lat' dir='ltr'><strong>ba</strong></span> <span class='ocrx_word' id='word_1_886' title='bbox 1437 2976 1482 3014; x_wconf 93' lang='lat' dir='ltr'><strong>V</strong></span> <span class='ocrx_word' id='word_1_887' title='bbox 1478 2988 1599 3028; x_wconf 73' lang='lat' dir='ltr'><strong>oyage</strong></span> <span class='ocrx_word' id='word_1_888' title='bbox 1617 2972 1723 3013; x_wconf 81' lang='lat' dir='ltr'><strong>dans</strong></span> <span class='ocrx_word' id='word_1_889' title='bbox 1743 2972 1783 3012; x_wconf 80' lang='lat' dir='ltr'><strong>la</strong></span> <span class='ocrx_word' id='word_1_890' title='bbox 1799 2971 1943 3013; x_wconf 79' lang='lat' dir='ltr'><strong>Russie</strong></span> <span class='ocrx_word' id='word_1_891' title='bbox 1960 2971 2103 3012; x_wconf 77' lang='lat' dir='ltr'><strong>me&#39;rid.</strong></span> <span class='ocrx_word' id='word_1_892' title='bbox 2123 2974 2157 3022; x_wconf 92' lang='lat' dir='ltr'><strong>I,</strong></span> <span class='ocrx_word' id='word_1_893' title='bbox 2180 2986 2222 3026; x_wconf 90' lang='lat' dir='ltr'><strong>p.</strong></span> <span class='ocrx_word' id='word_1_894' title='bbox 2241 2974 2309 3019; x_wconf 87' lang='lat'><strong>41.</strong></span> <span class='ocrx_word' id='word_1_895' title='bbox 2329 2972 2585 3012; x_wconf 87' lang='lat' dir='ltr'><strong>Constantin.</strong></span> 
     </span>
     <span class='ocr_line' id='line_1_101' title="bbox 1359 3033 2588 3091; baseline -0.002 -15"><span class='ocrx_word' id='word_1_896' title='bbox 1359 3036 1616 3091; x_wconf 85' lang='lat' dir='ltr'><strong>Porphyrog.</strong></span> <span class='ocrx_word' id='word_1_897' title='bbox 1634 3036 1697 3075; x_wconf 87' lang='lat' dir='ltr'><strong>De</strong></span> <span class='ocrx_word' id='word_1_898' title='bbox 1719 3034 1831 3075; x_wconf 90' lang='lat' dir='ltr'><strong>adm.</strong></span> <span class='ocrx_word' id='word_1_899' title='bbox 1851 3035 1951 3089; x_wconf 92' lang='lat' dir='ltr'><strong>imp.</strong></span> <span class='ocrx_word' id='word_1_900' title='bbox 1973 3049 2009 3074; x_wconf 91' lang='lat' dir='ltr'><strong>c.</strong></span> <span class='ocrx_word' id='word_1_901' title='bbox 2037 3037 2088 3082; x_wconf 87' lang='lat'><strong>42</strong></span> <span class='ocrx_word' id='word_1_902' title='bbox 2107 3049 2150 3088; x_wconf 90' lang='lat' dir='ltr'><strong>p.</strong></span> <span class='ocrx_word' id='word_1_903' title='bbox 2177 3035 2252 3074; x_wconf 89' lang='lat'><strong>182</strong></span> <span class='ocrx_word' id='word_1_904' title='bbox 2278 3034 2413 3072; x_wconf 91' lang='lat' dir='ltr'><strong>Bonn.</strong></span> <span class='ocrx_word' id='word_1_905' title='bbox 2442 3046 2451 3071; x_wconf 75' lang='grc' dir='ltr'>ε</span> <span class='ocrx_word' id='word_1_906' title='bbox 2475 3033 2527 3071; x_wconf 80' lang='grc' dir='ltr'><strong>Τὸ</strong></span> <span class='ocrx_word' id='word_1_907' title='bbox 2548 3033 2588 3073; x_wconf 82' lang='grc' dir='ltr'>δὲ</span> 
     </span>
     <span class='ocr_line' id='line_1_102' title="bbox 1359 3092 2586 3154; baseline -0.007 -14"><span class='ocrx_word' id='word_1_908' title='bbox 1359 3096 1683 3154; x_wconf 87' lang='grc' dir='ltr'>παραθαλάσσιον</span> <span class='ocrx_word' id='word_1_909' title='bbox 1704 3095 1777 3138; x_wconf 73' lang='grc' dir='ltr'><strong>ἀπὸ</strong></span> <span class='ocrx_word' id='word_1_910' title='bbox 1808 3098 1873 3147; x_wconf 82' lang='grc' dir='ltr'><strong>τῆς</strong></span> <span class='ocrx_word' id='word_1_911' title='bbox 1909 3095 2216 3150; x_wconf 79' lang='grc' dir='ltr'>συμπληρώσεως</span> <span class='ocrx_word' id='word_1_912' title='bbox 2241 3095 2307 3144; x_wconf 86' lang='grc' dir='ltr'><strong>τῆς</strong></span> <span class='ocrx_word' id='word_1_913' title='bbox 2342 3092 2471 3146; x_wconf 83' lang='grc' dir='ltr'>Ζιχίας</span> <span class='ocrx_word' id='word_1_914' title='bbox 2503 3092 2586 3143; x_wconf 81' lang='grc' dir='ltr'>ἤτοι</span> 
     </span>
     <span class='ocr_line' id='line_1_103' title="bbox 1358 3155 2587 3217; baseline -0.007 -14"><span class='ocrx_word' id='word_1_915' title='bbox 1358 3161 1555 3217; x_wconf 77' lang='grc' dir='ltr'>Νικόψεως</span> <span class='ocrx_word' id='word_1_916' title='bbox 1581 3161 1756 3214; x_wconf 85' lang='grc' dir='ltr'>ποταμοῦ</span> <span class='ocrx_word' id='word_1_917' title='bbox 1781 3158 1880 3198; x_wconf 76' lang='grc' dir='ltr'>ἐστὶν</span> <span class='ocrx_word' id='word_1_918' title='bbox 1899 3156 1922 3207; x_wconf 85' lang='grc' dir='ltr'>ἣ</span> <span class='ocrx_word' id='word_1_919' title='bbox 1952 3159 2018 3207; x_wconf 87' lang='grc' dir='ltr'><strong>τῆς</strong></span> <span class='ocrx_word' id='word_1_920' title='bbox 2046 3155 2240 3210; x_wconf 78' lang='grc' dir='ltr'>ἈίΞασγίας</span> <span class='ocrx_word' id='word_1_921' title='bbox 2255 3155 2365 3208; x_wconf 89' lang='grc' dir='ltr'>χώρα</span> <span class='ocrx_word' id='word_1_922' title='bbox 2386 3155 2497 3208; x_wconf 80' lang='grc' dir='ltr'>μέχρι</span> <span class='ocrx_word' id='word_1_923' title='bbox 2520 3158 2587 3194; x_wconf 82' lang='grc' dir='ltr'><strong>τοῦ</strong></span> 
     </span>
     <span class='ocr_line' id='line_1_104' title="bbox 1360 3215 2587 3279; baseline -0.007 -14"><span class='ocrx_word' id='word_1_924' title='bbox 1360 3225 1523 3279; x_wconf 85' lang='grc' dir='ltr'>κάστρου</span> <span class='ocrx_word' id='word_1_925' title='bbox 1544 3219 1889 3276; x_wconf 86' lang='grc' dir='ltr'>Σωτηριουπόλεως</span> <span class='ocrx_word' id='word_1_926' title='bbox 1903 3234 1911 3242; x_wconf 97' lang='grc'><em>·</em></span> <span class='ocrx_word' id='word_1_927' title='bbox 1934 3217 2006 3258; x_wconf 76' lang='grc' dir='ltr'>εἰσὶ</span> <span class='ocrx_word' id='word_1_928' title='bbox 2024 3217 2063 3257; x_wconf 85' lang='grc' dir='ltr'>δὲ</span> <span class='ocrx_word' id='word_1_929' title='bbox 2088 3218 2196 3272; x_wconf 82' lang='grc' dir='ltr'>μίλια</span> <span class='ocrx_word' id='word_1_930' title='bbox 2218 3215 2265 3256; x_wconf 85' lang='grc' dir='ltr'><strong>τ’.</strong></span> <span class='ocrx_word' id='word_1_931' title='bbox 2293 3219 2433 3270; x_wconf 89' lang='lat' dir='ltr'><strong>Quum</strong></span> <span class='ocrx_word' id='word_1_932' title='bbox 2448 3216 2587 3257; x_wconf 78' lang='lat' dir='ltr'><strong>Zichia</strong></span> 
     </span>
     <span class='ocr_line' id='line_1_105' title="bbox 1359 3278 2586 3339; baseline -0.007 -13"><span class='ocrx_word' id='word_1_933' title='bbox 1359 3285 1447 3325; x_wconf 90' lang='lat' dir='ltr'><strong>haec</strong></span> <span class='ocrx_word' id='word_1_934' title='bbox 1461 3281 1802 3339; x_wconf 77' lang='lat' dir='ltr'><strong>porphyrogeniti</strong></span> <span class='ocrx_word' id='word_1_935' title='bbox 1818 3280 1869 3320; x_wconf 90' lang='lat' dir='ltr'><strong>ab</strong></span> <span class='ocrx_word' id='word_1_936' title='bbox 1883 3278 2055 3320; x_wconf 88' lang='lat' dir='ltr'><strong>Ukruch</strong></span> <span class='ocrx_word' id='word_1_937' title='bbox 2079 3279 2219 3327; x_wconf 78' lang='lat' dir='ltr'><strong>fluvio,</strong></span> <span class='ocrx_word' id='word_1_938' title='bbox 2238 3291 2262 3317; x_wconf 91' lang='lat' dir='ltr'><strong>a</strong></span> <span class='ocrx_word' id='word_1_939' title='bbox 2275 3278 2459 3331; x_wconf 88' lang='lat' dir='ltr'><strong>Bosporo</strong></span> <span class='ocrx_word' id='word_1_940' title='bbox 2475 3278 2586 3318; x_wconf 88' lang='lat' dir='ltr'><strong>Cim·</strong></span> 
     </span>
     <span class='ocr_line' id='line_1_106' title="bbox 1361 3339 2588 3393; baseline -0.005 -7"><span class='ocrx_word' id='word_1_941' title='bbox 1361 3347 1515 3386; x_wconf 88' lang='lat' dir='ltr'><strong>merico</strong></span> <span class='ocrx_word' id='word_1_942' title='bbox 1538 3346 1644 3384; x_wconf 87' lang='lat' dir='ltr'><strong>circa</strong></span> <span class='ocrx_word' id='word_1_943' title='bbox 1672 3347 1748 3383; x_wconf 85' lang='lat'><strong>160</strong></span> <span class='ocrx_word' id='word_1_944' title='bbox 1766 3340 1893 3381; x_wconf 88' lang='lat' dir='ltr'><strong>stadia</strong></span> <span class='ocrx_word' id='word_1_945' title='bbox 1913 3339 2102 3389; x_wconf 87' lang='lat' dir='ltr'><strong>distante,</strong></span> <span class='ocrx_word' id='word_1_946' title='bbox 2126 3339 2306 3393; x_wconf 88' lang='lat' dir='ltr'><strong>incipiat,</strong></span> <span class='ocrx_word' id='word_1_947' title='bbox 2332 3341 2442 3387; x_wconf 85' lang='lat'><strong>2400</strong></span> <span class='ocrx_word' id='word_1_948' title='bbox 2461 3339 2588 3380; x_wconf 88' lang='lat' dir='ltr'><strong>stadia</strong></span> 
     </span>
     <span class='ocr_line' id='line_1_107' title="bbox 1367 3400 2586 3464; baseline -0.005 -16"><span class='ocrx_word' id='word_1_949' title='bbox 1367 3408 1379 3464; x_wconf 94' lang='lat'>(</span> <span class='ocrx_word' id='word_1_950' title='bbox 1401 3409 1481 3448; x_wconf 82' lang='lat'><strong>300</strong></span> <span class='ocrx_word' id='word_1_951' title='bbox 1509 3422 1566 3446; x_wconf 86' lang='lat' dir='ltr'><strong>m.</strong></span> <span class='ocrx_word' id='word_1_952' title='bbox 1592 3405 1605 3461; x_wconf 90' lang='lat'><em>)</em></span> <span class='ocrx_word' id='word_1_953' title='bbox 1639 3404 1836 3444; x_wconf 90' lang='lat' dir='ltr'><strong>ducerent</strong></span> <span class='ocrx_word' id='word_1_954' title='bbox 1867 3402 1951 3442; x_wconf 88' lang='lat' dir='ltr'><strong>fere</strong></span> <span class='ocrx_word' id='word_1_955' title='bbox 1975 3402 2016 3441; x_wconf 91' lang='lat' dir='ltr'><strong>in</strong></span> <span class='ocrx_word' id='word_1_956' title='bbox 2056 3401 2263 3455; x_wconf 86' lang='lat' dir='ltr'><strong>regionem</strong></span> <span class='ocrx_word' id='word_1_957' title='bbox 2300 3400 2586 3455; x_wconf 87' lang='lat' dir='ltr'><strong>Sebastopolis.</strong></span> 
     </span>
     <span class='ocr_line' id='line_1_108' title="bbox 1363 3461 2585 3521; baseline -0.007 -11"><span class='ocrx_word' id='word_1_958' title='bbox 1363 3471 1554 3510; x_wconf 90' lang='lat' dir='ltr'><strong>Ceterum</strong></span> <span class='ocrx_word' id='word_1_959' title='bbox 1575 3467 1742 3521; x_wconf 89' lang='lat' dir='ltr'><strong>quinam</strong></span> <span class='ocrx_word' id='word_1_960' title='bbox 1760 3465 1811 3504; x_wconf 90' lang='lat' dir='ltr'><strong>sit</strong></span> <span class='ocrx_word' id='word_1_961' title='bbox 1825 3464 2012 3518; x_wconf 88' lang='lat' dir='ltr'><strong>Nicopsis</strong></span> <span class='ocrx_word' id='word_1_962' title='bbox 2032 3463 2181 3503; x_wconf 85' lang='lat' dir='ltr'><strong>fluvius</strong></span> <span class='ocrx_word' id='word_1_963' title='bbox 2199 3464 2215 3516; x_wconf 90' lang='lat'>(</span> <span class='ocrx_word' id='word_1_964' title='bbox 2234 3470 2274 3502; x_wconf 90' lang='lat' dir='ltr'><strong>et</strong></span> <span class='ocrx_word' id='word_1_965' title='bbox 2292 3461 2390 3502; x_wconf 84' lang='lat' dir='ltr'><strong>urbs</strong></span> <span class='ocrx_word' id='word_1_966' title='bbox 2409 3477 2452 3517; x_wconf 91' lang='lat' dir='ltr'><strong>p.</strong></span> <span class='ocrx_word' id='word_1_967' title='bbox 2479 3464 2550 3503; x_wconf 88' lang='lat'><strong>181</strong></span> <span class='ocrx_word' id='word_1_968' title='bbox 2572 3463 2585 3518; x_wconf 92' lang='lat'>)</span> 
     </span>
     <span class='ocr_line' id='line_1_109' title="bbox 1363 3524 2588 3584; baseline -0.008 -11"><span class='ocrx_word' id='word_1_969' title='bbox 1363 3540 1403 3572; x_wconf 90' lang='lat' dir='ltr'><strong>et</strong></span> <span class='ocrx_word' id='word_1_970' title='bbox 1418 3528 1679 3584; x_wconf 85' lang='lat' dir='ltr'><strong>Soteriopolis</strong></span> <span class='ocrx_word' id='word_1_971' title='bbox 1702 3535 1878 3566; x_wconf 88' lang='lat' dir='ltr'><strong>castrum</strong></span> <span class='ocrx_word' id='word_1_972' title='bbox 1908 3524 2043 3565; x_wconf 89' lang='lat' dir='ltr'><strong>dicere</strong></span> <span class='ocrx_word' id='word_1_973' title='bbox 2066 3525 2216 3565; x_wconf 91' lang='lat' dir='ltr'><strong>certius</strong></span> <span class='ocrx_word' id='word_1_974' title='bbox 2234 3538 2320 3564; x_wconf 88' lang='lat' dir='ltr'><strong>non</strong></span> <span class='ocrx_word' id='word_1_975' title='bbox 2349 3524 2495 3572; x_wconf 85' lang='lat' dir='ltr'><strong>habeo,</strong></span> <span class='ocrx_word' id='word_1_976' title='bbox 2517 3525 2588 3564; x_wconf 90' lang='lat' dir='ltr'><strong>sed</strong></span> 
     </span>
     <span class='ocr_line' id='line_1_110' title="bbox 1363 3585 2587 3649; baseline -0.007 -14"><span class='ocrx_word' id='word_1_977' title='bbox 1363 3592 1573 3649; x_wconf 88' lang='lat' dir='ltr'><strong>probabile</strong></span> <span class='ocrx_word' id='word_1_978' title='bbox 1588 3599 1645 3631; x_wconf 91' lang='lat' dir='ltr'><strong>est</strong></span> <span class='ocrx_word' id='word_1_979' title='bbox 1661 3587 1931 3643; x_wconf 87' lang='lat' dir='ltr'><strong>Soteriopolin</strong></span> <span class='ocrx_word' id='word_1_980' title='bbox 1947 3601 2032 3627; x_wconf 87' lang='lat' dir='ltr'><strong>csse</strong></span> <span class='ocrx_word' id='word_1_981' title='bbox 2050 3586 2330 3642; x_wconf 89' lang='lat' dir='ltr'><strong>Sebastopolin</strong></span> <span class='ocrx_word' id='word_1_982' title='bbox 2342 3602 2352 3636; x_wconf 94' lang='lat'>;</span> <span class='ocrx_word' id='word_1_983' title='bbox 2361 3585 2480 3640; x_wconf 82' lang='lat' dir='ltr'><strong>juxta</strong></span> <span class='ocrx_word' id='word_1_984' title='bbox 2496 3587 2587 3626; x_wconf 91' lang='lat' dir='ltr'><strong>Col·</strong></span> 
     </span>
     <span class='ocr_line' id='line_1_111' title="bbox 1364 3648 2588 3706; baseline -0.008 -9"><span class='ocrx_word' id='word_1_985' title='bbox 1364 3657 1463 3697; x_wconf 92' lang='lat' dir='ltr'><strong>chos</strong></span> <span class='ocrx_word' id='word_1_986' title='bbox 1475 3653 1622 3706; x_wconf 82' lang='lat' dir='ltr'><strong>Abasgi</strong></span> <span class='ocrx_word' id='word_1_987' title='bbox 1636 3658 1916 3691; x_wconf 89' lang='lat' dir='ltr'><strong>memorantur</strong></span> <span class='ocrx_word' id='word_1_988' title='bbox 1934 3650 1976 3690; x_wconf 90' lang='lat' dir='ltr'><strong>in</strong></span> <span class='ocrx_word' id='word_1_989' title='bbox 1991 3649 2253 3704; x_wconf 87' lang='lat' dir='ltr'><strong>Theophanis</strong></span> <span class='ocrx_word' id='word_1_990' title='bbox 2272 3650 2368 3704; x_wconf 83' lang='lat' dir='ltr'><strong>Byz.</strong></span> <span class='ocrx_word' id='word_1_991' title='bbox 2388 3648 2588 3701; x_wconf 82' lang='lat' dir='ltr'><strong>fragmen-</strong></span> 
     </span>
     <span class='ocr_line' id='line_1_112' title="bbox 1364 3710 2585 3770; baseline -0.01 -11"><span class='ocrx_word' id='word_1_992' title='bbox 1364 3720 1417 3761; x_wconf 90' lang='lat' dir='ltr'><strong>tis</strong></span> <span class='ocrx_word' id='word_1_993' title='bbox 1437 3719 1453 3770; x_wconf 93' lang='lat'>(</span> <span class='ocrx_word' id='word_1_994' title='bbox 1473 3719 1541 3757; x_wconf 90' lang='lat' dir='ltr'><strong>Fr.</strong></span> <span class='ocrx_word' id='word_1_995' title='bbox 1570 3715 1674 3754; x_wconf 83' lang='lat' dir='ltr'><strong>Hist.</strong></span> <span class='ocrx_word' id='word_1_996' title='bbox 1699 3714 1775 3762; x_wconf 90' lang='lat' dir='ltr'><strong>IV,</strong></span> <span class='ocrx_word' id='word_1_997' title='bbox 1803 3726 1844 3767; x_wconf 90' lang='lat' dir='ltr'><strong>p.</strong></span> <span class='ocrx_word' id='word_1_998' title='bbox 1879 3724 1956 3766; x_wconf 81' lang='lat'><strong>271</strong></span> <span class='ocrx_word' id='word_1_999' title='bbox 1975 3712 2008 3764; x_wconf 93' lang='lat'><strong>).</strong></span> <span class='ocrx_word' id='word_1_1000' title='bbox 2030 3710 2094 3751; x_wconf 85' lang='lat' dir='ltr'><strong>Cf.</strong></span> <span class='ocrx_word' id='word_1_1001' title='bbox 2116 3710 2307 3764; x_wconf 87' lang='lat' dir='ltr'><strong>Agathias</strong></span> <span class='ocrx_word' id='word_1_1002' title='bbox 2325 3723 2365 3763; x_wconf 94' lang='lat' dir='ltr'><strong>p.</strong></span> <span class='ocrx_word' id='word_1_1003' title='bbox 2401 3712 2490 3757; x_wconf 82' lang='lat'><strong>140,</strong></span> <span class='ocrx_word' id='word_1_1004' title='bbox 2518 3721 2585 3750; x_wconf 81' lang='lat'><strong>22.</strong></span> 
     </span>
     <span class='ocr_line' id='line_1_113' title="bbox 1365 3770 2586 3828; baseline -0.011 -8"><span class='ocrx_word' id='word_1_1005' title='bbox 1365 3780 1519 3824; x_wconf 89' lang='lat' dir='ltr'><strong>Plinius</strong></span> <span class='ocrx_word' id='word_1_1006' title='bbox 1536 3776 1716 3828; x_wconf 85' lang='lat' dir='ltr'><strong>Abasgos</strong></span> <span class='ocrx_word' id='word_1_1007' title='bbox 1730 3789 1813 3814; x_wconf 92' lang='lat' dir='ltr'><strong>non</strong></span> <span class='ocrx_word' id='word_1_1008' title='bbox 1832 3781 2046 3814; x_wconf 88' lang='lat' dir='ltr'><strong>memorat.</strong></span> <span class='ocrx_word' id='word_1_1009' title='bbox 2080 3773 2167 3827; x_wconf 74' lang='grc'><strong>11-</strong></span> <span class='ocrx_word' id='word_1_1010' title='bbox 2179 3788 2220 3826; x_wconf 89' lang='lat'><strong>9.</strong></span> <span class='ocrx_word' id='word_1_1011' title='bbox 2238 3772 2327 3811; x_wconf 90' lang='grc' dir='ltr'><strong>Σαν</strong></span> <span class='ocrx_word' id='word_1_1012' title='bbox 2345 3770 2356 3808; x_wconf 88' lang='grc' dir='ltr'>ί</span> <span class='ocrx_word' id='word_1_1013' title='bbox 2366 3785 2390 3823; x_wconf 89' lang='grc' dir='ltr'>γ</span> <span class='ocrx_word' id='word_1_1014' title='bbox 2404 3785 2426 3807; x_wconf 87' lang='grc' dir='ltr'><strong>α</strong></span> <span class='ocrx_word' id='word_1_1015' title='bbox 2441 3770 2466 3822; x_wconf 89' lang='grc' dir='ltr'>ι]</span> <span class='ocrx_word' id='word_1_1016' title='bbox 2487 3771 2586 3808; x_wconf 91' lang='lat' dir='ltr'><strong>For-</strong></span> 
     </span>
     <span class='ocr_line' id='line_1_114' title="bbox 1365 3830 2583 3891; baseline -0.01 -9"><span class='ocrx_word' id='word_1_1017' title='bbox 1365 3850 1467 3882; x_wconf 89' lang='lat' dir='ltr'><strong>tasse</strong></span> <span class='ocrx_word' id='word_1_1018' title='bbox 1495 3838 1616 3879; x_wconf 78' lang='lat' dir='ltr'><strong>scrib.</strong></span> <span class='ocrx_word' id='word_1_1019' title='bbox 1648 3837 1825 3891; x_wconf 86' lang='grc' dir='ltr'>Σάνιγαι.</span> <span class='ocrx_word' id='word_1_1020' title='bbox 1850 3835 1964 3876; x_wconf 82' lang='lat' dir='ltr'><strong>Infra</strong></span> <span class='ocrx_word' id='word_1_1021' title='bbox 1983 3830 2076 3889; x_wconf 74' lang='lat'><strong>§27</strong></span> <span class='ocrx_word' id='word_1_1022' title='bbox 2100 3833 2152 3874; x_wconf 90' lang='lat' dir='ltr'><strong>de</strong></span> <span class='ocrx_word' id='word_1_1023' title='bbox 2178 3833 2400 3874; x_wconf 88' lang='lat' dir='ltr'><strong>Achaeuntc</strong></span> <span class='ocrx_word' id='word_1_1024' title='bbox 2427 3831 2551 3868; x_wconf 81' lang='lat' dir='ltr'><strong>fluvio</strong></span> <span class='ocrx_word' id='word_1_1025' title='bbox 2573 3842 2583 3870; x_wconf 88' lang='lat'>:</span> 
     </span>
     <span class='ocr_line' id='line_1_115' title="bbox 1366 3890 2590 3957; baseline -0.011 -16"><span class='ocrx_word' id='word_1_1026' title='bbox 1366 3902 1519 3957; x_wconf 81' lang='grc' dir='ltr'>διορίζει</span> <span class='ocrx_word' id='word_1_1027' title='bbox 1535 3899 1697 3953; x_wconf 60' lang='grc' dir='ltr'>Ζιλχοὺς</span> <span class='ocrx_word' id='word_1_1028' title='bbox 1718 3898 1782 3938; x_wconf 74' lang='grc' dir='ltr'><strong>καὶ</strong></span> <span class='ocrx_word' id='word_1_1029' title='bbox 1798 3898 1967 3951; x_wconf 79' lang='grc' dir='ltr'>Σάνιχας</span> <span class='ocrx_word' id='word_1_1030' title='bbox 1993 3897 2008 3949; x_wconf 85' lang='grc'>(</span> <span class='ocrx_word' id='word_1_1031' title='bbox 2028 3897 2085 3936; x_wconf 89' lang='lat' dir='ltr'><strong>sic</strong></span> <span class='ocrx_word' id='word_1_1032' title='bbox 2098 3898 2130 3949; x_wconf 90' lang='lat'><strong>),</strong></span> <span class='ocrx_word' id='word_1_1033' title='bbox 2148 3894 2220 3934; x_wconf 88' lang='lat' dir='ltr'><strong>ubi</strong></span> <span class='ocrx_word' id='word_1_1034' title='bbox 2242 3892 2498 3947; x_wconf 86' lang='lat' dir='ltr'><strong>reposuimus</strong></span> <span class='ocrx_word' id='word_1_1035' title='bbox 2513 3890 2590 3929; x_wconf 86' lang='grc' dir='ltr'><strong>Σα-</strong></span> 
     </span>
     <span class='ocr_line' id='line_1_116' title="bbox 1369 3953 2590 4018; baseline -0.011 -14"><span class='ocrx_word' id='word_1_1036' title='bbox 1369 3965 1488 4018; x_wconf 83' lang='grc' dir='ltr'>νίγας.</span> <span class='ocrx_word' id='word_1_1037' title='bbox 1516 3959 1635 4015; x_wconf 83' lang='lat' dir='ltr'><strong>Apud</strong></span> <span class='ocrx_word' id='word_1_1038' title='bbox 1652 3960 1845 4014; x_wconf 84' lang='lat' dir='ltr'><strong>Stephan.</strong></span> <span class='ocrx_word' id='word_1_1039' title='bbox 1875 3960 1971 4012; x_wconf 80' lang='lat' dir='ltr'><strong>Byz.</strong></span> <span class='ocrx_word' id='word_1_1040' title='bbox 1992 3957 2019 3996; x_wconf 92' lang='grc'><strong>1.</strong></span> <span class='ocrx_word' id='word_1_1041' title='bbox 2048 3956 2075 3995; x_wconf 82' lang='lat' dir='ltr'><strong>l.</strong></span> <span class='ocrx_word' id='word_1_1042' title='bbox 2100 3954 2204 3994; x_wconf 87' lang='lat' dir='ltr'><strong>erdo</strong></span> <span class='ocrx_word' id='word_1_1043' title='bbox 2221 3953 2429 3993; x_wconf 87' lang='lat' dir='ltr'><strong>literarum</strong></span> <span class='ocrx_word' id='word_1_1044' title='bbox 2449 3959 2590 4006; x_wconf 88' lang='lat' dir='ltr'><strong>postu·</strong></span> 
     </span>
     <span class='ocr_line' id='line_1_117' title="bbox 1369 4012 2588 4077; baseline -0.011 -10"><span class='ocrx_word' id='word_1_1045' title='bbox 1369 4027 1422 4067; x_wconf 87' lang='lat' dir='ltr'><strong>lat</strong></span> <span class='ocrx_word' id='word_1_1046' title='bbox 1440 4024 1622 4077; x_wconf 81' lang='grc' dir='ltr'>Σαννίγαι</span> <span class='ocrx_word' id='word_1_1047' title='bbox 1635 4053 1644 4070; x_wconf 91' lang='grc'>,</span> <span class='ocrx_word' id='word_1_1048' title='bbox 1668 4020 1791 4074; x_wconf 90' lang='lat' dir='ltr'><strong>idque</strong></span> <span class='ocrx_word' id='word_1_1049' title='bbox 1803 4020 1969 4075; x_wconf 89' lang='lat' dir='ltr'><strong>plurimi</strong></span> <span class='ocrx_word' id='word_1_1050' title='bbox 1994 4016 2153 4058; x_wconf 90' lang='lat' dir='ltr'><strong>codices</strong></span> <span class='ocrx_word' id='word_1_1051' title='bbox 2167 4015 2358 4055; x_wconf 87' lang='lat' dir='ltr'><strong>exhibere</strong></span> <span class='ocrx_word' id='word_1_1052' title='bbox 2378 4012 2588 4064; x_wconf 59' lang='lat' dir='ltr'><strong>videntum</strong></span> 
     </span>
    </p>
   </div>
  </div>
 </body>
</html>
