2756 4354
609 64 653 107 0

150 163 271 197 mxiv

142 265 305 311 guum,
325 248 381 295 ad
408 209 532 310 quod
551 246 785 295 Chabinus
803 260 935 291 mons
956 244 1078 303 (94);
1103 242 1379 290 contermini

147 324 286 372 Deba:
322 323 522 379 Arabes,
543 321 666 384 apud
697 335 815 383 quos
843 319 1013 364 fluvius
1051 317 1151 363 auri
1178 330 1382 364 ramenta

146 399 357 445 deserens
398 398 525 457 (95);
571 396 719 442 Alilaei
756 404 800 440 et
842 390 1159 437 Gasandenses
1205 390 1380 439 Arabes

147 472 271 536 (96);
313 483 408 520 tum
438 472 595 533 Carpae
618 471 674 517 ad
697 471 851 516 sinum
882 466 1161 529 profundum
1183 477 1230 513 et
1249 467 1382 515 dein·

147 564 254 611 ceps
269 564 380 609 gens
395 547 594 593 maxima
611 543 894 598 Sabaeorum,
907 557 1105 603 quorum
1126 541 1185 590 de
1194 543 1383 603 regione

147 624 340 684 ejusque
357 618 682 683 proventu,‘de
703 616 823 663 Saba
843 615 980 674 urbe,
1000 616 1208 678 regibus,
1225 619 1383 665 viven-

146 699 195 744 di
221 713 403 757 genere,
438 693 743 751 commerciis,
775 693 960 740 divitiis
996 695 1202 741 narratio
1236 705 1384 743 exstat

145 774 427 835 amplissima
461 768 683 833 (97·102).
718 769 1045 831 Subjiciuntur
1072 771 1298 818 nonnulla
1325 771 1383 818 de

147 850 284 895 maris
303 850 351 894 in
374 848 460 893 hoc
489 857 637 893 tractu
664 846 820 893 colore
837 847 987 908 deque
1014 847 1182 893 insulis
1209 848 1379 903 beatis,

145 942 246 987 quae
266 924 530 970 Sabaeorum
555 934 691 969 terrae
705 925 749 984 (a
765 922 984 986 meridie)
1001 922 1215 984 objacent
1235 921 1379 984 (103).

145 1028 207 1037 —
224 1000 447 1047 Absoluta
462 1015 557 1045 orae
568 999 894 1060 descriptione,
909 998 1103 1060 exponit
1116 1007 1276 1043 auctor
1287 997 1382 1060 περὶ

144 1081 225 1124 τῶν
256 1078 349 1123 κατ’
379 1077 546 1137 οὐρανὸν
575 1075 795 1138 ὁρωμένων
831 1074 1090 1137 παραδόξων,
1119 1075 1177 1121 de
1213 1076 1381 1132 ventis,

146 1156 284 1198 maris
306 1150 770 1214 reciprocationibus,
800 1151 971 1212 plantis
990 1150 1038 1196 in
1064 1152 1244 1196 marina
1265 1165 1385 1213 aqua

146 1226 454 1284 nascentibus,
469 1225 677 1288 piscibus
689 1225 966 1287 quibusdam
984 1234 1160 1272 naturae
1181 1227 1383 1286 singula-

147 1303 230 1350 ris.
249 1302 476 1347 Hactenus
487 1301 545 1347 de
560 1301 841 1360 argumentis
852 1309 1172 1361 excerptorum
1186 1318 1199 1357 ;
1214 1300 1385 1362 quibus

143 1391 289 1438 quum
321 1376 504 1435 egregia
535 1375 678 1421 multa
706 1374 976 1432 debeamus,
1008 1374 1133 1421 haud
1159 1391 1303 1438 pauca
1326 1387 1387 1422 ta·

147 1468 250 1498 men
277 1453 435 1499 insunt
456 1452 593 1497 etiam
621 1451 734 1498 salsa
756 1452 828 1497 vel
850 1467 1012 1513 pamm
1030 1463 1256 1509 accurata,
1286 1453 1386 1499 sive

145 1529 270 1592 quod
309 1529 435 1590 vulgi
465 1528 767 1591 opinionibus
802 1528 937 1575 iidem
962 1538 1122 1575 auctor
1155 1530 1386 1588 adhibuit,

145 1606 245 1652 sive
267 1605 391 1667 quod
418 1605 652 1651 rhetorum
680 1605 729 1650 in
758 1619 933 1651 morem
957 1606 1250 1665 exaggeravit
1284 1621 1383 1663 res,

146 1680 244 1726 sive
257 1680 383 1742 quod
405 1680 463 1726 de
478 1680 568 1727 situ
585 1681 795 1727 locorum
818 1696 912 1726 non
937 1682 1047 1727 satis
1067 1682 1110 1727 ei
1129 1680 1382 1730 constabat.

147 1755 384 1818 Ejusmodi
401 1767 510 1803 sunt
531 1773 634 1818 quae
652 1757 869 1817 leguntur
886 1757 944 1803 de
960 1773 1074 1804 auro
1092 1757 1308 1815 Arabico,
1330 1758 1387 1804 de

148 1831 326 1878 ratione
349 1841 535 1894 topazos
557 1833 606 1878 in
624 1832 837 1894 Ophiode
856 1833 1008 1879 insula
1038 1832 1305 1893 colligendi,
1330 1833 1387 1880 de

145 1906 412 1954 Sabaeorum
445 1907 639 1965 divitiis,
675 1909 731 1954 de
764 1909 855 1954 situ
885 1907 1168 1968 Myoshormi
1191 1919 1235 1954 et
1258 1913 1386 1955 sinus

149 1982 380 2029 lmmundi
395 1993 441 2030 et
452 1983 509 2029 de
523 1985 625 2030 aliis
641 1983 939 2045 quibusdam,
954 1999 1150 2044 quorum
1174 1985 1221 2030 in
1243 2000 1385 2031 anno-

148 2058 322 2104 tatione
343 2059 623 2105 mentionem
644 2059 805 2120 injeci.

215 2147 321 2182 xoo.
347 2132 450 2180 «lam
483 2135 523 2181 si
556 2135 604 2181 id
634 2136 805 2195 agitur,
843 2147 894 2182 ut
923 2151 1005 2183 ora
1035 2138 1164 2185 sinus
1196 2137 1386 2187 Arabici

147 2209 399 2257 secundum
423 2220 600 2258 veteres
623 2223 831 2259 auctores
850 2213 1153 2272 describatur,
1173 2227 1388 2277 excerpta

148 2284 501 2344 Agatharchidis
519 2286 722 2349 plurima
738 2286 944 2348 praebent
960 2304 1138 2346 eorum,
1164 2306 1267 2351 quae
1285 2306 1386 2353 spe·

145 2369 270 2404 etant
305 2369 514 2406 naturam
553 2377 673 2416 orae,
716 2362 787 2407 vel
830 2363 1066 2410 montibus
1088 2364 1318 2411 distinctae
1344 2376 1390 2412 et

146 2449 323 2481 saxosae
342 2435 416 2482 vel
442 2450 664 2495 arenosae,
683 2437 825 2484 modo
846 2449 981 2485 rectae
996 2440 1135 2486 modo
1158 2442 1384 2501 sinuosae,

147 2515 272 2555 mare
291 2508 506 2557 habentis
533 2511 669 2557 modo
702 2512 982 2574 profundum
1010 2514 1147 2560 modo
1178 2515 1381 2575 humile3

145 2599 250 2645 quae
263 2600 375 2632 vero
389 2588 623 2647 pertinent
637 2587 694 2632 ad
718 2588 889 2648 oppida
915 2599 962 2634 et
975 2590 1103 2635 vicos
1116 2602 1385 2652 portusque,

149 2674 291 2719 quum
306 2659 427 2705 libro
444 2661 607 2720 quinto
619 2660 677 2706 de
689 2660 921 2707 industria
937 2663 1296 2722 Agatharchides
1315 2682 1391 2715 ne·

147 2735 340 2795 glexerit
360 2745 404 2780 et
423 2736 606 2782 nonnisi
630 2737 893 2797 praeteriens
909 2738 959 2783 in
976 2737 1153 2800 Libyco
1175 2741 1303 2788 sinus
1323 2742 1389 2787 la·

149 2818 244 2856 tere
259 2809 597 2870 Myoshormum
611 2821 655 2856 et
671 2811 999 2859 Ptolemaidem
1017 2850 1029 2874 ,
1047 2815 1094 2860 in
1110 2816 1307 2862 Arabico
1335 2819 1393 2864 la·

147 2892 248 2931 tere
266 2885 454 2932 nonnisi
475 2884 592 2933 Saba
615 2885 774 2933 urbem
794 2887 1172 2943 mediterraneam
1191 2908 1387 2938 enimue-

1180 142 1653 195 Pnomfloumu.

1451 246 1702 293 moraverit
1732 262 1819 293 :ea
1850 257 2023 295 tantum
2056 264 2150 295 non
2181 248 2338 294 omnia
2365 249 2561 310 petenda
2604 254 2609 257 “

1449 335 1508 367 ex
1526 322 1818 369 Artemidoro
1834 333 1881 369 et
1901 323 2060 371 Plinio
2092 334 2138 370 et
2165 323 2413 370 Ptolemaeo
2435 333 2481 370 et
2499 323 2540 371 si
2564 340 2596 387 q

1450 395 1637 443 aliunde
1672 396 1778 443 addi
1802 406 1964 460 potest.
1990 397 2062 445 Ex
2087 398 2163 445 his
2195 399 2538 445 Artemidorum
2568 400 2627 455 A·-

1453 469 1707 518 tharcbidei
1730 473 1887 534 operis
1924 472 2060 520 libris
2093 473 2247 535 primo
2282 484 2327 521 et
2361 475 2525 538 quinto
2551 490 2596 521 ιι

1453 544 1593 592 fuisse
1623 548 1741 594 bene
1779 558 1976 605 constat,
2007 564 2060 594 ac
2094 559 2447 595 consentaneum
2482 560 2550 596 est
2596 564 2645 596 n·

1453 620 1709 680 neglexisse
1731 636 1836 667 eum
1868 622 2094 684 reliquam
2118 624 2275 684 operis
2302 634 2498 684 partem,
2519 641 2575 671 ex
2610 650 2617 665 -

1451 697 1490 740 si
1512 710 1608 741 non
1628 697 1798 754 omnia,
1815 708 1935 744 certe
1951 698 2149 759 plurima
2170 698 2389 743 fluxerint
2412 713 2570 745 eorum
2588 715 2651 761 qu

1451 769 1509 815 de
1521 770 1719 830 singulis
1735 771 1940 833 oppidis,
1954 773 2085 829 vicis,
2100 771 2345 834 portubus,
2366 773 2635 821 venationib
2663 800 2665 814 ι

1451 842 1617 890 Strabo
1634 846 1876 907 excerpsit.
1900 846 2112 893 Ceterum
2132 863 2273 909 quum
2295 848 2625 905 Artemidorus
2692 862 2694 864 ·

1453 933 1556 978 quae
1588 918 1647 965 de
1677 934 1773 965 orae
1811 921 1928 968 locis
1965 932 2011 968 et
2040 923 2311 983 regionibus
2345 924 2665 974 mediterranei

1453 992 1646 1039 Cnidius
1662 1003 1821 1040 auctor
1838 994 2038 1042 diversis
2056 997 2106 1042 in
2125 996 2261 1044 libris
2283 999 2533 1046 secundum
2558 1015 2672 1061 gene
2751 1004 2753 1006 ’

1453 1083 1505 1113 ra
1537 1083 1691 1114 rerum
1725 1069 1941 1115 distincta
1973 1070 2249 1130 tradiderat,
2277 1088 2370 1119 uno
2398 1074 2502 1121 loeo
2529 1078 2576 1121 in
2600 1092 2669 1122 or

1454 1143 1765 1206 descriptione
1791 1145 2060 1207 complexus
2083 1146 2160 1202 sit,
2190 1161 2534 1211 nonnumquam
2559 1152 2603 1199 ei
2662 1163 2685 1201 οξ

1454 1221 1623 1268 cidisse
1654 1221 1838 1267 videtur
1866 1232 2028 1268 utnon
2048 1237 2182 1269 suum
2206 1223 2374 1284 cuique
2402 1224 2554 1272 locum
2584 1228 2674 1275 ass'

1454 1306 1631 1355 gnaret.
1673 1322 1737 1332 —
1760 1297 1960 1354 Plinius,
1986 1298 2068 1356 qui
2092 1314 2213 1344 nova
2244 1297 2382 1345 habet
2409 1315 2502 1347 non
2527 1316 2617 1363 pau
2656 1337 2659 1341 -

1455 1371 1571 1418 alios
1610 1387 1803 1433 prorsus
1836 1381 2046 1418 auctores
2078 1383 2261 1419 secutus
2304 1384 2399 1434 est,
2422 1376 2543 1422 inter
2577 1392 2671 1439 quo

1454 1444 1577 1491 Juba
1597 1446 1812 1509 princeps
1831 1446 1986 1493 suerit.
2006 1447 2215 1493 Plurima
2233 1458 2383 1494 autem
2407 1450 2506 1496 loca
2524 1466 2581 1497 ex
2599 1468 2683 1499 un·

1456 1522 1670 1569 novimus
1702 1522 1976 1580 Ptolemae03
1994 1523 2074 1569 sed
2104 1524 2242 1570 situm
2266 1525 2552 1585 singulorum
2582 1529 2671 1575 defi

1457 1597 1561 1643 nire
1596 1612 1671 1644 res
1692 1597 1871 1645 lubrica
1905 1608 2001 1655 est,
2025 1614 2168 1659 quum
2192 1600 2543 1648 meridionalem
2565 1604 2685 1652 sinu

1456 1684 1630 1735 partem
1653 1685 1698 1720 et
1720 1675 1770 1722 in
1789 1675 1875 1721 hac
1901 1691 2062 1722 rursus
2081 1676 2322 1723 occiduum
2348 1680 2547 1727 maxime
2576 1681 2695 1729 lan--⁴

1458 1749 1697 1797 falsissime
1736 1750 2010 1796 Ptolemaeus
2051 1751 2372 1809 delineaverit,
2405 1753 2525 1801 adeo
2562 1766 2611 1804 ut
2648 1770 2700 1804 ,οἳ

1456 1825 1679 1885 graduum
1718 1828 1954 1873 notatione
1993 1843 2156 1889 parum
2183 1830 2428 1891 proficias,
2452 1837 2709 1897 οηιιιιεφ)

1458 1900 1552 1948 sere
1573 1902 1749 1949 utilitas
1765 1903 1814 1949 in
1837 1904 1956 1951 serie
1971 1905 2211 1951 nominum
2236 1908 2437 1970 reposita
2455 1910 2533 1959 sit.
2566 1902 2679 1959 Niliv

1457 1978 1624 2025 mirum
1642 1980 1784 2039 igitur
1802 1982 1950 2027 nostri
1980 1997 2166 2043 quoque
2201 1986 2286 2029 aevi
2305 1985 2436 2033 viros
2461 1985 2620 2035 doctos
2638 1988 2661 2021 ·‘
2678 2015 2696 2026 ·=
2716 2022 2722 2054 4

1456 2052 1796 2102 diversissimas
1818 2056 1875 2101 de
1898 2056 1969 2103 his
2003 2058 2253 2105 sententias
2284 2058 2477 2119 abiisse,
2502 2077 2534 2124 p
2567 2086 2572 2101 τ
2605 2087 2650 2103 a«
2718 2055 2722 2099 ἶ

1458 2131 1539 2176 tim
1563 2146 1705 2194 quum
1731 2133 1937 2195 ne·ipsis
1967 2134 2153 2194 quidem
2186 2138 2445 2183 accuratior
2466 2154 2560 2185 orae
2582 2128 2687 2189 dotis

1457 2208 1610 2253 neatio
1641 2217 1920 2270 suppeteret.
1961 2212 2106 2268 Quam
2147 2225 2289 2272 quum
2335 2227 2483 2275 nuper
2514 2214 2699 2264 demu'

1457 2281 1695 2344 Moresbyi
1718 2282 1913 2345 ejusque
1928 2286 2164 2331 sociorum
2184 2301 2327 2348 opera
2344 2297 2389 2333 et
2400 2287 2555 2335 studio
2574 2304 2635 2336 na
2647 2313 2681 2330 v<

1460 2356 1622 2415 simus,
1648 2357 1705 2403 de
1727 2358 1924 2404 multis
1905 2374 2001 2419 Jam
2033 2370 2231 2406 statuere
2248 2361 2356 2408 licet
2375 2361 2694 2428 probabilius

1459 2448 1737 2493 quamquam
1761 2433 1884 2480 haud
1916 2451 2061 2495 pauca
2085 2436 2349 2482 etiamnunc
2367 2449 2552 2485 manent
2580 2452 2691 2493 sem

1460 2523 1634 2570 perque
1678 2507 1930 2556 manebunt
1955 2511 2146 2559 incerta.
2172 2538 2230 2547 -
2267 2511 2547 2567 Quomodo
2532 2530 2582 2561 in
2630 2539 2637 2554 ·
2660 2542 2674 2553 ν

1459 2584 1597 2629 ciduo
1615 2585 1745 2631 sinus
1768 2584 1955 2631 Arabici
1989 2586 2131 2632 latere
2170 2587 2548 2648 Agatharchidis,
2572 2591 2658 2636 Ar
2671 2624 2676 2629 -

1459 2658 1649 2715 midori,
1685 2659 1828 2705 Plinii
1861 2670 1906 2706 et
1938 2660 2170 2708 Ptolemaei
2203 2664 2490 2711 narrationes
2515 2680 2640 2712 com·
2662 2691 2669 2705 ·
2699 2690 2706 2697 ·>

1459 2733 1620 2779 nendae
1653 2735 1768 2780 mihi
1799 2735 2062 2795 videantur,
2093 2740 2252 2799 paucis
2290 2740 2509 2795 indicabo
2545 2741 2623 2790 tab

1459 2810 1711 2870 synopticzi.
