2756 4354
622 71 666 113 0

140 182 167 215 (⁸
174 179 328 214 XXXVI
441 213 485 256 ο

141 271 278 317 initio
290 269 491 332 primum
506 275 663 311 auctor
684 263 876 308 Pontum
903 257 1166 303 universum
1181 286 1194 309 ,
1209 250 1376 299 deinde

142 345 201 392 ab
219 344 378 391 eodem
399 342 522 388 Fano
543 336 836 401 Propontidis
870 344 914 378 et
939 328 1221 390 Hellesponti
1236 328 1376 374 litora

141 418 571 478 circumnavigavit.
593 415 646 460 Et
662 415 756 458 liaec
773 409 957 471 quidem
978 406 1149 452 librum
1171 405 1374 468 primurn

141 495 416 542 absumsisse
450 493 681 538 videntur.
706 480 1022 546 Sequebatur(
1041 480 1163 527 libro
1182 480 1259 541 11)
1284 479 1375 539 Εμ-

143 586 271 634 ropae
293 569 509 632 paraplus
531 565 589 611 ab
614 562 910 621 Hellesponto
938 557 995 604 ad
1021 558 1183 604 fretum
1203 556 1375 604 Hercu-

142 646 261 691 leum
281 643 536 701 Gadesque.
560 636 693 683 Unde
716 635 764 680 in
783 633 1042 696 oppositam
1065 633 1373 680 continentem

146 718 369 764 transiens
401 714 562 775 (libro
585 710 679 770 111)
713 709 824 769 legit
857 708 1075 770 Libyam,
1110 707 1372 771 AEgyptum,

138 793 317 852 Syriam
340 805 391 835 ac
414 789 591 846 reliqua
620 784 777 831 litoris
804 783 995 831 Asiatici
1017 798 1164 846 usque
1185 783 1294 828 dum
1319 782 1375 829 ad

141 865 482 925 Hellespontum
520 859 847 922 descriptionis
898 857 1013 905 orbe
1062 857 1373 904 reduceretur.

140 940 364 986 Praeterea
397 937 642 998 Menippus
676 935 847 997 dicitur
866 950 912 996 p.
951 934 1060 990 566,
1089 950 1113 990 7
1138 932 1378 993 scripsisse

137 1014 354 1074 διάπλους,
386 1013 419 1060 i.
441 1028 482 1060 e.
507 1010 824 1070 navigationes
858 1008 917 1055 ab
936 1008 1079 1054 altera
1111 1007 1168 1053 ad
1187 1007 1374 1053 alteram

137 1089 444 1135 continentem
464 1087 562 1133 sive
584 1086 709 1131 linea
732 1094 854 1130 recta
875 1099 959 1146 per
982 1083 1121 1129 altum
1144 1082 1379 1144 nullisque

136 1162 412 1210 stationibus
432 1162 717 1223 interruptas
751 1158 974 1220 (διάπλους
1011 1156 1078 1203 διὰ
1101 1156 1257 1219 πόρου)
1280 1157 1378 1203 sive

135 1240 212 1285 vizi
232 1254 317 1299 per
354 1237 609 1284 insularum
645 1235 867 1282 stationes
887 1234 1116 1280 delineata
1154 1232 1378 1292 (διάπλους

135 1311 202 1359 διὰ
228 1311 417 1373 νήσων).
438 1313 529 1367 Qui
553 1311 740 1373 quidem
774 1309 940 1356 διάπλοι
977 1325 1069 1354 non
1099 1308 1332 1353 diversum
1352 1324 1378 1353 a

134 1376 321 1437 periplo
358 1390 493 1436 opus,
533 1374 612 1419 sed
635 1374 794 1419 inserti
815 1372 859 1418 ei
888 1382 933 1417 et
965 1371 1200 1431 subjuncti
1238 1372 1377 1416 fuisse

134 1450 369 1496 videntur.
404 1449 482 1495 Sic
504 1449 700 1499 διάπλους
739 1450 796 1493 ab
838 1447 1057 1493 Heraclea
1092 1445 1285 1492 Pontica
1320 1446 1377 1491 ad

137 1525 429 1586 Apolloniam
474 1523 515 1568 Τ
518 1523 745 1568 hracicam
792 1523 840 1567 in
893 1521 1106 1583 Epitome
1150 1520 1372 1567 Marciani

137 1610 422 1645 memoratur
436 1615 483 1659 p.
506 1599 615 1656 569,
633 1599 710 1644 25.
726 1597 936 1657 Denique
949 1596 1006 1641 de
1022 1596 1188 1642 insulis
1202 1610 1380 1641 eorum·

137 1689 228 1735 que
260 1673 435 1719 ambitu
473 1673 647 1718 dixisse
684 1672 952 1734 Menippum
978 1671 1043 1716 rei
1072 1680 1375 1717 consentana-

138 1764 276 1797 neum
300 1758 384 1807 est,
395 1759 453 1812 ⁴ut
470 1749 553 1794 vix
572 1763 784 1809 egeamus
808 1757 920 1793 teste
941 1747 1245 1806 Agathemero
1264 1746 1304 1803 1,
1325 1747 1371 1802 5,

137 1827 218 1888 qui
232 1861 246 1883 ‚
275 1827 462 1889 ἐροῦμεν,
486 1826 654 1886 inquit,
676 1827 754 1870 τῶν
773 1824 864 1870 καθ’
881 1826 993 1882 ἡμᾶς
1013 1820 1151 1877 νήσων
1171 1821 1245 1875 τὰς
1260 1839 1377 1884 περι-

138 1902 335 1963 μέτρους,
352 1901 551 1953 λαθόντες
564 1902 665 1962 παρ’
683 1898 985 1963 Ἀρτεμιδώρου
1002 1898 1073 1944 καὶ
1093 1899 1139 1945 Μ
1155 1898 1375 1943 ενίππου

136 1978 208 2025 καὶ
222 1977 372 2041 ἑτάρων
384 1977 645 2031 ἀξιοπίστων.
659 1976 790 2022 Haud
804 1975 1080 2021 omittendus
1093 1984 1242 2020 autem
1256 1974 1375 2020 Con·

139 2057 369 2103 stantinus
400 2056 827 2118 porphyrogenitus
858 2055 1049 2115 (Them.
1074 2054 1112 2112 1,
1139 2072 1184 2112 τι,
1210 2072 1255 2116 p.
1289 2056 1375 2114 18)

136 2133 218 2193 qui
241 2131 288 2177 τὸ
312 2132 418 2192 θέμα
441 2130 721 2193 Ἀρμενιακὸν,
751 2130 876 2192 quod
899 2131 1046 2192 ipsius
1070 2141 1274 2192 tempore
1304 2130 1376 2175 di-

138 2210 346 2270 cebatur,
369 2211 457 2257 sub
479 2212 688 2257 Heraclio
722 2211 905 2256 demum
943 2212 1219 2272 imperatore
1258 2211 1375 2257 hanc

136 2286 486 2348 appellationem
521 2287 738 2332 sumsisse
761 2296 933 2343 censet,
960 2303 1102 2347 quum
1123 2302 1271 2347 neque
1294 2287 1377 2332 Ju-

135 2362 349 2408 stinianei
374 2364 462 2408 aevi
486 2363 733 2424 scriptores
766 2363 867 2422 ejus
900 2362 1196 2408 meminerint
1224 2377 1374 2423 neque

134 2437 310 2498 antiqui
350 2437 626 2499 geographi,
661 2437 851 2493 Strabo,
896 2437 1142 2500 Menippus
1185 2440 1207 2482 ὁ
1254 2456 1276 2482 τ
1291 2436 1342 2483 οὺ
1357 2457 1375 2490 ς

134 2510 494 2570 σταδιασμοὺς
530 2515 619 2566 τῆς
655 2512 773 2567 ὅλης
816 2512 1127 2571 οἰκουμένης
1156 2514 1373 2574 ἀπογρα-

133 2587 238 2649 ψάμ
251 2605 267 2631 ε
281 2606 301 2630 ν
314 2605 335 2631 ο
349 2606 388 2642 ς,
425 2588 590 2647 Scylax
616 2587 977 2647 Curyandensis,
1001 2588 1251 2633 Pausanias
1286 2590 1375 2634 Da·

138 2676 390 2706 mascenus.
413 2662 525 2714 Qnae
538 2664 576 2708 si
594 2672 713 2707 recte
729 2661 918 2716 habent,
934 2677 1024 2706 non
1050 2672 1206 2707 notum
1221 2662 1370 2707 aliun·

133 2734 191 2779 de
227 2734 431 2796 Menippi
475 2753 590 2798 opus
629 2737 846 2782 indicant.
883 2736 1195 2796 Quamquam,
1231 2752 1371 2797 quum

134 2809 366 2869 Scylacem
402 2811 568 2871 peripli
594 2821 824 2856 auctorem
847 2826 1007 2869 parum
1036 2811 1374 2857 accommodate

134 2883 243 2928 citet
250 2882 577 2929 Constantinus
589 2884 645 2929 de
662 2885 856 2930 themate
867 2885 1200 2931 mediterraneo
1213 2901 1369 2946 agens,

137 2959 343 3005 fortassis
360 2959 481 3006 haud
517 2960 690 3021 majore
722 2960 830 3020 jure
870 2961 1081 3006 laudatur
1101 2960 1344 3023 Menippus
1358 2997 1368 3017 ,

134 3049 284 3094 neque
308 3037 379 3090 τῆς
391 3033 490 3090 ὅλης
508 3035 746 3094 οἰκουμένης
766 3035 1014 3095 σταδιασμοὶ
1028 3070 1040 3091 ,
1060 3051 1175 3097 quos
1201 3036 1277 3082 ille
1301 3037 1369 3082 di·

134 3110 214 3168 cit,
240 3126 267 3158 a
284 3111 452 3174 peripli
474 3111 731 3158 stadiasmis
750 3111 922 3157 diversi
946 3123 1089 3159 erant.

180 3286 230 3334 (⁶)
253 3283 365 3324 Aliud
386 3284 498 3334 liuius
513 3285 627 3334 liujus
642 3286 804 3325 nominis
818 3286 1035 3335 exemplum
1056 3297 1130 3326 uon
1151 3287 1321 3334 invenio;
1342 3290 1508 3327 attamen
1529 3290 1742 3339 Ἁμφιοα),ἡς
1758 3291 1912 3339 quidam
1925 3320 1936 3339 ,
1957 3292 2227 3339 antioclienus,
2250 3295 2293 3332 ut
2317 3292 2477 3343 videtur,
2494 3304 2557 3334 m
2604 3312 2609 3326 ·

131 3342 193 3379 tur
207 3350 267 3390 ap.
288 3340 461 3380 §talaiam
482 3351 520 3390 p.
540 3344 611 3381 287
627 3341 688 3380 ed.
714 3342 834 3381 Bonn.

180 3396 254 3443 (··)
280 3395 431 3435 Titulus
448 3399 487 3435 et
517 3399 780 3445 argumentum
806 3398 929 3447 operis
949 3398 1132 3447 deperditi
1148 3409 1266 3448 quum
1285 3409 1331 3437 ex
1352 3401 1555 3448 superstite
1576 3403 1680 3449 parte
1699 3401 1805 3439 tacite
1823 3404 2032 3447 erueretur,
2048 3404 2143 3441 mire
2174 3404 2210 3441 in
2235 3404 2294 3442 tiis
2316 3405 2506 3450 caecutivit
2533 3406 2618 3455 pri

130 3448 252 3488 editor
272 3451 521 3497 Hoesclielius,
537 3452 603 3501 qui
622 3452 776 3492 titulum
809 3454 970 3502 pra-lixit
990 3466 999 3491 :
1021 3453 1256 3503 Τεμάχιον
1282 3458 1362 3500 τῆς
1397 3454 1620 3502 ἐπιτομῆς
1646 3459 1735 3493 τῶν
1763 3455 1819 3493 ια’
1847 3458 2043 3505 βιόλίων
2075 3458 2406 3510 Ἀρτεμιδώρου
2441 3465 2526 3500 τοῦ
2548 3460 2678 3512 'Eos'

130 3504 247 3543 siau.
272 3507 455 3544 t‘utarunt
472 3507 540 3544 viri
560 3506 659 3545 docti
677 3507 760 3546 haec
778 3509 834 3547 sic
850 3510 1026 3557 reperisse
1043 3509 1298 3548 tioesclielium
1318 3510 1354 3547 in
1378 3511 1597 3559 apographo
1616 3511 1816 3557 Vaticano:
1833 3514 1872 3550 at
1892 3513 1982 3551 nihil
2000 3513 2111 3552 habet
2131 3525 2257 3563 apogr.
2278 3519 2415 3564 praeter
2431 3525 2476 3555 ea
2489 3526 2576 3566 qun
2674 3535 2679 3563 ς

130 3557 171 3596 tn
185 3558 316 3598 codice
340 3561 528 3608 Patisium
558 3563 717 3611 margini
736 3566 865 3603 autem
888 3565 952 3602 tot.
974 3570 1039 3603 211
1063 3565 1285 3613 itoescbelii,
1302 3569 1345 3602 ut
1378 3565 1542 3612 videtur,
1560 3575 1673 3603 manu
1693 3567 1881 3616 adscripta
1908 3567 2082 3617 leguntur
2103 3582 2112 3607 ε
2142 3570 2392 3610 Artemidori
2409 3573 2611 3621 Ερυοηισ,
2657 3582 2683 3610 vz·

1174 137 1652 197 PROLEGOMENA‘.

1502 266 1614 311 2²9·
1638 249 1850 297 Ceterum
1877 250 2124 313 Menippus
2148 266 2241 297 non
2266 261 2390 299 totus
2406 254 2599 303 ven-saba
2624 240 2647 250 γ’

1439 327 1488 372 in
1510 326 1719 372 locorum
1742 326 2012 374 nominibus
2034 336 2079 372 et
2100 326 2357 389 distantiis,
2380 329 2460 375 sed
2504 352 2513 383 ·.
2534 355 2565 369 ,ι
2590 356 2628 385 μ.

1440 402 1576 464 phica
1597 402 1846 450 illustravit
1868 402 2119 450 historicis.
2153 401 2309 450 Testis
2328 412 2396 450 est
2418 403 2559 452 Mare·

1437 493 1485 537 p.
1504 477 1611 535 566,
1630 484 1689 532 4²
1716 494 1727 523 ε
1754 478 1974 531 Μένιππος
2007 476 2051 524 δέ
2072 480 2095 523 δ
2126 478 2401 542 Πιργαμηνὸς
2429 481 2601 544 inquit,
2642 518 2644 520 .

1438 550 1560 603 αὐτὸς
1578 553 1651 608 τῆς
1670 551 1781 605 ἐντὸς
1808 553 2014 610 θαλάττης
2039 552 2264 616 περίπλουν
2291 554 2334 600 ἐν
2353 554 2487 618 τρισὶν
2506 555 2577 614 fio
2594 584 2600 593 ι
2620 589 2637 594 -<

1441 626 1614 690 βιὸλίοις
1627 661 1640 684 ,
1669 629 1724 674 ίσ
1735 647 1819 691 τορ
1830 647 1844 674 ι
1856 647 1881 675 ιι
1894 627 1953 685 ήν
1971 646 2063 674 τινα
2087 627 2158 674 καὶ
2174 624 2464 694 γεωγραφιιιὴν
2481 630 2615 688 inosti
2636 664 2638 667 v
2656 653 2659 658 ’

1439 720 1487 749 το
1518 700 1592 759 τὴν
1619 703 1885 764 ἐπαγγελίαν.
1911 703 2037 750 ldem
2074 704 2311 764 colligitur
2341 706 2478 753 exiis
2499 721 2603 768 quie
2631 732 2637 745 ·
2663 740 2669 746 -

1437 777 1598 825 Sicilia
1614 794 1673 826 ex
1685 779 1865 840 integro
1880 779 2110 842 Stephano
2130 782 2422 844 transcripsit
2445 781 2646 832 Constat!

1438 855 1703 903 tinus.,vid.
1728 856 1935 916 Menippi
1957 857 2016 903 t'r.
2046 857 2092 913 5,
2118 874 2164 919 p.
2193 858 2299 916 573.
2344 917 2353 925 ·

1503 932 1610 981 230.
1633 930 1783 992 Hujus
1822 932 1967 991 igitur
2005 932 2178 994 peripli
2220 934 2452 995 epitomen
2491 925 2676 997 quideni

1440 1006 1520 1053 sed
1571 1023 1694 1054 nova
1737 1023 1922 1069 quoque
1956 1008 2030 1053 vel
2079 1010 2357 1056 correctiora
2398 1010 2675 1073 praebentem

1440 1083 1639 1130 confecit
1648 1083 1926 1143 Marcianus,
1945 1099 2081 1145 quam
2096 1084 2414 1146 Amphithalio
2427 1085 2479 1151 (‘)
2496 1087 2677 1135 cuidam

1439 1158 1587 1205 amico
1599 1158 1850 1221 inscripsit.
1870 1159 2089 1221 Deopera
2099 1174 2182 1205 sua
2197 1160 2386 1221 exponit
2400 1176 2447 1223 p.
2470 1161 2579 1219 567,
2602 1165 2676 1220 16,

1440 1233 1522 1280 ubi
1546 1243 1788 1296 postquam
1806 1233 1863 1279 de
1884 1232 2124 1295 prioribus
2147 1234 2243 1280 suis
2256 1233 2674 1294 lucubrationibus,

1441 1307 1719 1355 Artemidori
1734 1310 1939 1371 epitome
1957 1319 2001 1355 et
2016 1309 2186 1355 Oceani
2206 1310 2404 1372 periplo,
2420 1310 2551 1366 dixit,
2575 1326 2659 1373 per

1439 1386 1506 1445 git
1527 1383 1649 1432 hunc
1676 1386 1726 1432 in
1748 1385 1935 1432 modum
1964 1402 1974 1429 ε
2005 1384 2272 1445 Καταμαθὼν
2308 1385 2351 1432 δὲ
2373 1386 2445 1432 καὶ
2461 1385 2656 1434 mmm

1438 1460 1609 1524 μετρίαν
1629 1461 1703 1522 μάν
1715 1480 1806 1508 τινα
1822 1468 1904 1514 τοῖς
1929 1462 2243 1524 ἐντυγχάνουσιν
2268 1464 2314 1508 ἐκ
2328 1464 2410 1508 τῶν
2426 1461 2587 1509 οἰκείων
2613 1465 2680 1526 βι-

1438 1534 1565 1582 ὅλίων
1582 1535 1867 1599 παρεχόμενον
1889 1535 2063 1592 εἴδησιν,
2087 1536 2145 1595 μὴ
2169 1543 2273 1583 πᾶσι
2297 1537 2340 1583 δέ
2357 1537 2539 1599 ἀκριὸῶς
2560 1536 2678 1592 im}-

1437 1610 1552 1657 ελθόν
1560 1629 1628 1671 τα,
1639 1610 1691 1656 τὰ
1700 1610 1941 1658 ἐλλείποντα
1952 1613 2127 1657 πλεῖστα
2140 1610 2237 1657 ὄντα
2251 1611 2440 1675 προσθεὶς
2455 1612 2527 1658 καὶ
2538 1613 2683 1675 προσέ·

1435 1703 1522 1747 τιγε
1541 1684 1617 1742 τὴν
1640 1686 1735 1748 περὶ
1750 1684 1843 1738 τοὺς
1864 1686 2013 1738 τόπους
2030 1685 2191 1737 καὶτὰς
2213 1685 2431 1756 διαιρέσεις
2454 1689 2536 1733 τῶν
2554 1688 2679 1735 ίθνόν

1437 1760 1681 1824 σαφήνειαν,
1693 1759 1781 1816 ἥτις
1792 1760 1839 1806 τὸ
1851 1760 2003 1807 τέλειον
2015 1763 2088 1817 τῆς
2097 1759 2287 1822 γνώσεως
2294 1763 2378 1814 τοῖς
2386 1758 2683 1825 ἐντυγχάνουσι

1437 1834 1635 1899 παρέχειν
1654 1834 1770 1881 εἴωθε
1782 1870 1794 1891 ,
1815 1834 1891 1891 τὴν
1915 1834 2076 1881 ἔκδοσιν
2095 1837 2177 1880 τῶν
2196 1837 2320 1899 τριῶν
2344 1834 2516 1899 βιόλίων
2532 1838 2699 1896 ‘notu-'T

1439 1910 1594 1970 σάμην,
1632 1911 1705 1956 οὗκ
1734 1910 1982 1974 ἀφελόμενος
2014 1913 2086 1966 τῆς
2108 1910 2387 1973 προσηγορίας
2411 1910 2480 1958 τὸν
2519 1910 2680 1977 κατάρα
2712 1926 2717 1957 ἰ,

1437 1985 1607 2043 τούτων,
1631 1983 1723 2031 οὐδὲ
1749 1986 1805 2037 είς
1825 1985 2004 2045 ἐμαυτὸν
2034 1985 2300 2046 μεταστήσας
2330 1985 2424 2039 τοὺς
2446 1986 2684 2050 ἀλλοτρίως
2700 1984 2721 2034 Ἰἶ.

1437 2059 1604 2117 πόνους,
1642 2058 1784 2123 ὥσπερ
1816 2059 1909 2105 οῦδὲ
1944 2064 2074 2109 τοῦ...
2110 2059 2433 2124 Ἀρτεμιδώρου,
2472 2060 2581 2109 ἀλλὰ
2607 2041 2723 2119 τὸς-Τί

1440 2135 1514 2195 μὲν
1550 2134 1715 2181 ἐκείνων
1746 2134 2026 2199 προσηγορίας
2056 2135 2288 2199 ἐπιγράψας
2319 2141 2403 2189 τοῖς
2445 2135 2704 2199 βιόλίοις,..’.

1438 2209 1512 2262 τὰς
1525 2210 1568 2256 δὲ
1583 2210 1738 2256 τούτων
1761 2211 1908 2256 ἐπιτο
1921 2209 2015 2270 μὰς
2042 2210 2113 2256 καὶ
2133 2211 2444 2273 διορθώσεις
2466 2216 2692 2275 τῶνέμαυέ·’
2723 2242 2726 2277 .'

1438 2291 1510 2333 τοῦ
1537 2286 1816 2347 ποιησάμενος
1851 2287 1985 2332 πόνων
2026 2286 2193 2350 ἐναργὲς
2228 2286 2462 2352 γνώρισμα.
2483 2316 2548 2327 -
2568 2277 2690 2346 Qu·¹

1441 2365 1498 2408 de
1520 2378 1605 2409 suo
1625 2362 1849 2423 adjecerit
1871 2361 2134 2409 Marcianus
2156 2378 2321 2409 vereor
2346 2378 2404 2410 ne
2425 2365 2570 2412 multo
2592 2359 2691 2414 mi&¹

1437 2456 1552 2486 nora
1598 2439 1767 2485 fuerint
1808 2454 1945 2500 quam
1982 2455 2081 2485 esse
2124 2439 2276 2487 videri
2313 2451 2474 2487 auctor
2502 2443 2652 2490 voluit
2662 2431 2697 2502 ξ’

1438 2517 1745 2564 confidentius
1758 2526 1909 2563 tamen
1929 2516 2043 2563 nihil
2061 2519 2363 2579 pronuntiare
2390 2518 2515 2577 licet,
2537 2532 2680 2580 quum

1437 2604 1604 2655 praeter
1628 2593 1823 2639 indiculi
1866 2596 2014 2655 capita
2048 2604 2281 2655 postrema
2317 2604 2363 2640 et
2402 2595 2683 2656 prooemium<

1437 2668 1678 2729 ipsiusque
1693 2667 1863 2728 peripli
1877 2667 2061 2713 initium
2080 2684 2106 2713 a
2133 2668 2254 2714 Fano
2266 2667 2399 2715 Jovis
2413 2668 2516 2715 Urii
2532 2682 2681 2732 usqua

1437 2741 1494 2787 ad
1520 2741 1724 2787 Amisum
1749 2751 1795 2787 et
1814 2741 2082 2788 Chadisium
2114 2742 2307 2789 fluvium
2331 2744 2568 2805 pertinens
2590 2760 2655 2791 ιι·»

1439 2815 1558 2862 nihil
1605 2815 1851 2862 habeamus
1901 2828 2131 2878 superstes
2157 2817 2245 2880 (⁰).
2277 2818 2428 2864 Pauca
2466 2818 2674 2880 quaedan
2689 2814 2693 2842 ³

1437 2906 1463 2936 e
1482 2891 1699 2952 Menippo
1719 2891 1850 2937 affert
1885 2891 2141 2954 Stephanus
2156 2927 2169 2949 ,
2195 2894 2277 2954 qui
2300 2904 2351 2939 ut
2368 2894 2646 2942 Artemidori
2658 2922 2683 2953 ,ν

1438 2966 1505 3011 sic
1538 2967 1674 3011 etiam
1707 2966 1912 3028 Menippi
1938 2978 2031 3013 tum
2058 2969 2285 3028 integrum
2310 2984 2427 3031 opus
2446 2979 2541 3016 tum
2569 2969 2683 3033 epi-‘s
2733 3000 2738 3034 ;

1436 3050 1590 3086 tomen
1631 3041 1685 3086 ad
1719 3058 1880 3087 manus
1922 3042 2141 3090 habuisse
2185 3046 2369 3090 videtur
2405 3044 2532 3107 (Vid.
2578 3052 2690 3093 nub·
2739 3063 2754 3068 '¹

1436 3115 1508 3159 ad.
1533 3132 1578 3175 p.
1617 3116 1704 3173 57²
1743 3133 1812 3177 sq.
1843 3134 1887 3178 p.
1926 3118 2035 3177 570,
2067 3121 2113 3165 6.
2145 3117 2252 3175 571,
2276 3136 2319 3177 9.
2348 3135 2421 3163 20.
2463 3121 2570 3177 572,
2595 3117 2674 3183 4).

2677 3367 2756 3455 ,ἶ

129 3622 359 3663 oeqnoeeere
381 3615 474 3654 ticet
490 3627 542 3654 ex
559 3618 736 3658 secundo
756 3619 909 3659 abhinc
926 3620 1048 3667 solio.
1072 3624 1100 3659 Α
1121 3622 1337 3659 Marciano
1351 3621 1493 3659 autem
1509 3620 1775 3668 compilatam
1805 3633 1888 3661 esse
1912 3623 2018 3663 hanc
2048 3628 2248 3674 epitomen
2271 3627 2389 3675 patet
2416 3635 2470 3666 ex
2496 3627 2601 3676 eius
2623 3651 2637 3658 ..
2673 3645 2680 3650 ·
2745 3628 2747 3635 ’

131 3668 339 3708 Marciani
360 3669 464 3708 libro
490 3673 543 3716 ΙΙ,
565 3674 657 3709 ime.
670 3672 754 3719 sol.
784 3678 850 3712 198
865 3678 904 3712 et
926 3680 1011 3714 202.
1040 3676 1146 3714 Locis
1163 3675 1324 3714 laudatis
1344 3675 1488 3714 mentio
1500 3685 1590 3713 sane
1607 3675 1649 3713 m
1664 3677 1847 3725 epitomes
1867 3679 2119 3728 Artemidori,
2140 3680 2206 3719 sed
2225 3680 2272 3719 ad
2293 3684 2459 3721 neuram
2480 3692 2561 3721 rem
2583 3671 2679 3721 nili'·

131 3721 336 3771 muman.
355 3726 555 3765 ttoesctielii
574 3735 740 3766 errorem
759 3729 941 3768 iteramnt
967 3731 1168 3769 tiudsonus
1182 3733 1221 3769 et
1245 3730 1425 3769 Millerus.
1449 3733 1687 3780 Quamquam
1710 3734 1871 3782 Menippi
1891 3736 2081 3783 epitomen
2103 3747 2185 3776 esse
2209 3736 2268 3775 vel
2287 3747 2335 3775 ex
2351 3736 2500 3778 collatis
2516 3739 2616 3778 tuter
2672 3739 2732 3770 Υ·

130 3778 342 3828 inmoto
371 3779 500 3819 nostro
521 3783 558 3819 et
583 3782 774 3831 Stephano
797 3784 974 3831 Byzantio
993 3795 1030 3823 v,
1054 3786 1202 3832 Ψύλλοι,
1221 3786 1322 3833 Tiar„
1350 3783 1514 3823 Χαδισία
1532 3783 1738 3833 intelligere
1756 3790 1849 3825 erat.
1884 3789 1992 3827 Mitto
2011 3788 2112 3837 quod
2135 3789 2272 3838 soepius
2294 3800 2382 3839 qua
2406 3799 2467 3829 rea
2488 3793 2590 3831 esset
2654 3799 2681 3823 1*
2744 3781 2748 3790 ⁷

130 3833 233 3874 docti
246 3838 494 3883 monuerunt,
515 3838 559 3875 ut
576 3837 791 3876 ttotstenius
811 3839 847 3875 in
865 3838 972 3886 epist.
999 3850 1037 3887 p.
1059 3845 1099 3878 st
1124 3841 1183 3878 ed.
1207 3841 1324 3878 Boiss.
1352 3842 1391 3878 et
1409 3838 1447 3877 in
1466 3839 1564 3877 notis
1588 3838 1634 3876 ad
1658 3841 1786 3889 steph.
1828 3844 1932 3890 Byr...
1965 3843 2185 3883 Dodweltus
2203 3843 2251 3882 de
2276 3843 2504 3895 MarcianoS
2526 3851 2563 3886 8.
2598 3856 2603 3865 ·
2624 3840 2650 3876 ·''
2668 3864 2686 3896 g

130 3890 265 3930 mittet-i
288 3890 495 3931 editionem
513 3890 639 3945 denuo
657 3890 705 3930 de
731 3892 791 3930 tiis
812 3892 909 3931 dixit
943 3893 1195 3933 nortmannus
1218 3898 1290 3934 Die
1322 3894 1462 3934 lber-er
1494 3895 1536 3933 in
1570 3895 1687 3932 osten
1718 3905 1758 3933 u.
1802 3900 1958 3937 Weseen
1991 3898 2081 3938 und
2110 3899 2340 3939 Artemidor
2365 3899 2440 3939 der
2462 3898 2647 3951 Geoyra‘
2674 3902 2684 3927 ²

130 3952 166 3992 p.
188 3947 260 3984 ais
280 3955 340 3997 aq.
359 3946 373 3994 (
389 3947 562 3995 Leipzio.
583 3946 715 3994 1838),
730 3947 770 3985 et
787 3947 823 3985 in
842 3947 1008 3986 editione
1030 3950 1144 3987 Marc.
1162 3951 1267 3998 praet.
1287 3960 1320 3998 p.
1342 3949 1392 3987 V·
1408 3948 1516 3995 (ΗΡ
1530 3945 1615 3984 lade
1640 3948 1832 3991 ‘'abricius
1856 3953 1893 3991 in
1920 3953 2081 3994 Archiv.
2104 3954 2146 4003 f.
2167 3954 2394 4003 Philolooie
2415 3964 2456 3995 ιι.
2478 3954 2618 4011 Raed
2638 3981 2641 3986 -
2679 3963 2693 4010 J

132 3995 201 4043 9515
217 4001 307 4039 tom.
322 4002 390 4047 vt,
408 4010 447 4050 p.
467 4004 534 4039 811
556 4008 616 4049 sq.
643 4001 749 4040 t840.
