2808 4342
17 110 20 113 ’
84 139 171 201 (ιι)

26 876 64 906 10

87 242 242 306 ραμὸιν
275 240 403 286 εἴκοσι
437 239 508 284 καὶ
544 237 707 284 ἑκατόν.
784 229 972 285 Ἐνθένδε
1012 243 1068 292 εἷς
1117 241 1313 303 Ζεφύριον

87 312 299 368 ἑξήκοντα.
368 306 466 353 Ἀπὸ
490 305 531 351 δὲ
560 306 760 370 Ζεφυρίου
781 309 836 359 εἷς
857 307 1034 354 Ἀὅώνου
1053 310 1209 370 τεῖχος,
1234 310 1312 355 πό-

87 382 149 425 λιν
191 375 390 438 σμικρὰν,
431 375 683 430 πεντήκοντα
725 375 796 422 καὶ
839 376 1013 422 ἑκατόν·
1059 376 1193 439 ὅρμος.
1217 395 1312 422 ναυ-

87 447 149 492 σὶν
182 448 255 491 οὐκ
289 442 488 506 ἀσφαλής·
515 443 622 488 ἀλλὰ
657 444 864 490 σαλεύοιεν
901 444 948 490 ἂν
972 447 1164 505 ἀπαθεῖς,
1196 447 1230 491 εἷ
1255 445 1313 506 μὴ

86 514 212 575 μέγας
233 511 390 574 χειμὼν
413 511 599 574 κατέχοι.
667 513 766 560 Ἀπὸ
801 512 843 558 δὲ
867 512 1045 558 Ἀὅώνου
1068 513 1230 576 τείχους
1259 516 1315 566 εἷς

85 582 307 642 Αἰγινήτην
330 581 446 626 ἄλλοι
470 580 726 636 πεντήκοντα
750 579 820 626 καὶ
845 581 1008 628 ἑκατόν.

146 666 204 698 21.
244 649 432 696 Ἐνθένδε
455 651 512 700 εἷς
538 648 713 695 Κίνωλιν
745 649 938 711 ἐμπόριον
957 649 1075 695 ἄλλοι
1099 649 1311 705 ἑξήκοντα·

85 718 155 764 καὶ
187 721 226 764 ἐν
263 717 438 765 Κινώλει
461 717 670 763 σαλεύοιεν
706 717 752 763 ἂν
783 721 875 774 νῆες
898 717 986 781 ὥρᾳ
1013 718 1150 771 ἔτους.
1217 719 1315 765 Ἀπὸ

87 788 128 834 δὲ
166 787 363 840 Κινώλιος
405 789 445 840 ἐς
477 788 693 850 Στεφάνην
742 787 990 849 ὀγδοήκοντα
1043 790 1113 835 καὶ
1154 789 1313 835 ἑκατόν·

86 857 209 920 ὅρμος
231 857 370 902 ναυσὶν
394 857 598 919 ἀσφαλής.
669 855 766 903 Ἀπὸ
786 857 828 903 δὲ
853 857 1065 920 Στεφάνης
1094 861 1149 910 εἷς
1175 860 1316 905 Ποτα-

85 926 184 986 μοὺς
211 925 474 981 πεντήκοντα
501 925 572 971 καὶ
612 926 772 974 ἑκατόν.
844 926 1027 972 Ἐνθένδε
1062 929 1116 978 εἷς
1147 925 1316 981 Λεπτὴν

85 994 214 1057 ἄκραν
246 994 391 1041 ἑκατὸν
413 995 483 1040 καὶ
517 993 661 1042 εἴκοσι.
732 994 832 1041 Ἀπὸ
861 994 901 1040 δὲ
936 999 1100 1051 Λεπτῆς
1127 995 1253 1058 ἄκρας
1275 997 1315 1046 ἐς

964 138 1260 193 PERIPLUS
1295 140 1477 187 PONTI
1512 141 1698 188 EUXlN
1702 143 1737 189 1.

2525 167 2610 207 38?

1385 250 1607 302 sexaginta.
1667 252 1705 291 A
1723 250 1930 305 Zephyrio
1944 250 1997 291 ad
2013 252 2150 293 Aboni
2173 258 2323 297 moenia
2338 289 2348 308 ,
2371 262 2514 302 urbem
2533 268 2615 305 exi-

1385 329 1533 368 guam,
1559 324 1726 358 centum
1756 325 1797 358 et
1815 319 2115 373 quinquaginta
2149 332 2159 360 t
2192 324 2313 363 statio
2335 325 2416 367 illic
2444 331 2614 371 navibus

1386 396 1470 423 non
1487 382 1718 425 admodum
1735 392 1845 435 tuta;
1866 385 1939 425 ubi
1958 394 2110 437 tamen,
2128 388 2161 427 si
2177 402 2261 429 non
2281 405 2425 446 magna
2444 397 2495 436 sit
2515 405 2616 438 tem-

1385 458 1518 504 pestas
1533 482 1544 500 ,
1570 465 1594 491 a
1626 450 1779 492 damno
1801 452 2010 492 immunes
2045 457 2292 501 commorari
2325 471 2490 513 queant.
2551 466 2616 508 Ab

1388 516 1756 573 Abonimoenibus
1780 517 1833 558 ad
1857 519 2085 572 AEginetam
2101 521 2178 561 alia
2200 532 2295 564 sunt
2306 526 2435 567 stadia
2454 539 2617 586 centum

1385 591 1424 623 et
1438 584 1750 638 quinquaginta.
2403 626 2406 628 ,

1442 663 1510 690 21.
1543 650 1647 691 Inde
1665 651 1718 692 ad
1747 653 1924 693 Cinolim
1956 657 2188 709 emporium
2207 658 2283 699 alia
2307 662 2534 715 sexaginta5
2566 666 2619 706 ad

1387 738 1565 779 Cinolim
1577 752 1743 794 quoque
1759 748 1894 781 aestate
1916 755 2037 783 naves
2051 744 2093 783 in
2111 744 2194 785 salo
2207 748 2427 789 consistere
2443 753 2616 805 possint.

1389 828 1425 866 A
1445 825 1577 867 Cinoli
1589 826 1641 867 ad
1656 828 1903 882 Stephanen,
1921 828 1993 869 ubi
2009 831 2128 871 statio
2143 833 2315 874 navibus
2332 843 2434 886 tuta,
2452 846 2618 879 centum

1387 918 1427 950 01
1441 913 1662 965 octoginta.
1689 915 1725 953 A
1740 913 1941 967 Stephane
1964 913 2015 953 ad
2038 916 2229 957 Potamos
2250 928 2414 972 centum
2437 929 2476 962 et
2496 924 2618 976 quin·

1387 996 1594 1050 quaginta.
1655 997 1762 1037 Hinc
1784 997 1835 1037 ad
1857 1000 2013 1053 Lepten
2039 1002 2190 1040 Acram
2210 1011 2375 1044 centum
2394 1013 2434 1045 et
2457 1007 2614 1060 viginti.

87 1158 252 1214 μωνίτης
267 1160 331 1200 καὶ
345 1159 389 1200 τὸ
403 1159 570 1212 θηλυκὸν
587 1160 807 1215 Τιμωνῖτις,
827 1175 927 1201 1111111
946 1160 998 1201 ad
1015 1175 1089 1201 1105
1100 1162 1315 1216 pertineat,

87 1223 250 1273 nescio;
272 1237 358 1263 non
377 1222 540 1263 videtur
563 1230 714 1273 tamen,
734 1237 863 1277 quum
895 1222 1241 1264 mediterraneum
1261 1223 1320 1263 lo-

86 1300 183 1326 cum
216 1299 301 1326 esse
333 1284 500 1325 suadeat
540 1285 697 1325 mentio
731 1285 997 1326 Timonitidis
1012 1285 1292 1339 Paphlagoniae
1306 1316 1317 1334 ‚

87 1348 288 1402 Bithyniae
300 1348 581 1396 conterminae,
592 1361 659 1402 ap.
679 1347 869 1388 Strabon.
889 1362 931 1402 p.
949 1347 1044 1388 562.
1062 1347 1197 1387 Hodie
1211 1347 1323 1402 Thy-

89 1424 219 1462 maena
229 1411 293 1450 sin
303 1410 515 1450 Timonaea
525 1410 609 1449 sive
623 1410 883 1450 Timonaeum
900 1418 960 1450 est
985 1409 1156 1458 Timtelae,
1174 1413 1227 1450 60
1240 1408 1321 1449 fere

87 1470 227 1511 stadiis
263 1485 287 1511 a
322 1471 434 1520 loco,
467 1485 591 1525 quem
629 1471 797 1512 Climaci
837 1474 852 1525 (
875 1472 1078 1512 hodierno
1114 1470 1289 1512 Tchideh
1305 1474 1320 1525 )

85 1533 291 1586 assignare
330 1532 552 1582 debemus,
592 1532 770 1584 distans,
813 1535 931 1574 sicuti
967 1542 1076 1574 recte
1111 1541 1323 1587 computat

87 1595 342 1644 Marcianus;
368 1594 568 1634 Arrianus
580 1594 614 1633 si
633 1593 685 1633 ab
696 1594 854 1647 AEgialo
865 1594 918 1634 ad
933 1595 1155 1634 Climacem
1177 1594 1227 1635 50
1246 1603 1320 1634 sta-

85 1654 157 1696 dia
170 1656 438 1711 computavit,
452 1655 550 1695 hinc
565 1654 617 1695 ad
629 1655 890 1710 Thymenam
902 1656 1067 1696 nonnisi
1082 1659 1135 1704 40
1150 1669 1321 1710 compu-

88 1727 174 1759 tare
191 1720 341 1774 potuit.
373 1718 488 1759 Idem
518 1733 649 1773 quum
682 1720 770 1773 ipso
790 1718 871 1759 loci
898 1719 1066 1759 nomine
1084 1733 1107 1758 a
1127 1719 1323 1772 Menippo

89 1781 318 1831 recederet,
345 1781 471 1821 facilis
494 1780 730 1834 conjectura
751 1790 838 1822 erat
866 1784 954 1821 duo
984 1780 1137 1835 oppida
1165 1775 1324 1820 diversa

90 1837 144 1884 20
172 1843 312 1883 stadiis
342 1844 448 1882 inter
467 1857 509 1882 se
529 1842 722 1883 distantia
751 1842 1042 1897 distinguenda
1060 1856 1159 1882 esse.
1181 1843 1324 1896 Itaque

89 1904 275 1945 distinxit
315 1906 575 1959 AnonymuS,
623 1920 708 1945 non
743 1905 960 1946 observato
990 1913 1125 1945 tamen
1161 1903 1322 1954 ordine,

89 1981 218 2021 quum
243 1967 456 2022 Thymene
486 1968 522 2007 ei
555 1976 649 2007 ante
684 1968 930 2008 Timolaeum
969 1966 1164 2022 ponenda
1204 1974 1321 2007 esset.

90 2030 154 2070 Sic
177 2030 278 2069 mihi
300 2028 477 2083 videtur.
495 2030 565 2069 Sin
582 2029 668 2069 duo
688 2029 841 2085 oppida
859 2030 995 2070 notari
1026 2038 1072 2069 tu
1096 2029 1236 2078 mavis,
1257 2029 1326 2068 Ti-

92 2091 283 2141 molaeum
304 2090 414 2130 dices
429 2105 515 2131 esse
534 2091 785 2131 hodiernum
813 2092 908 2132 Ula.
931 2093 947 2144 {l
970 2115 1027 2124 -·-
1041 2091 1093 2130 Ζε
1105 2090 1239 2144 φύριο
1254 2104 1271 2129 ν
1289 2091 1303 2143 ]

91 2155 188 2194 Post
225 2153 444 2193 Carambin
473 2167 537 2207 pr.
565 2154 801 2193 Marcianus
838 2161 1042 2193 memorat
1084 2152 1324 2205 Καλλιστρα-

91 2215 175 2257 τΙαν
215 2217 230 2268 (
262 2230 286 2255 a
317 2214 536 2255 Ptolemaeo
567 2214 594 2254 l.
636 2214 662 2254 l.
699 2228 914 2268 perperam
950 2222 1045 2268 post
1076 2213 1324 2267 Zephyrium

91 2277 330 2318 collocatam
353 2278 385 2330 ),
418 2291 543 2331 quam
568 2276 877 2330 Καλλιστρατίδα
903 2274 974 2326 τὴν
1009 2274 1073 2315 καὶ
1094 2276 1324 2329 Μαρσίλλαν

98 2340 112 2396 (
129 2339 256 2381 hodie
271 2342 422 2379 Merset
439 2343 453 2391 )
471 2338 571 2378 dicit
590 2341 849 2395 Anonymus,
871 2352 924 2378 20
943 2337 1084 2377 stadiis
1099 2352 1122 2376 a
1137 2338 1325 2379 Cal-ambi

93 2401 313 2442 distantem
338 2402 354 2454 (
369 2401 467 2442 atin
492 2401 650 2456 mappis
669 2403 819 2442 nostris
836 2398 1030 2441 distantia
1045 2398 1129 2441 sere
1146 2402 1198 2448 40
1221 2402 1324 2441 stad.

96 2468 201 2518 est).
229 2466 326 2505 Post
339 2465 416 2504 alia
437 2464 567 2504 stadia
586 2467 653 2514 40,
680 2463 854 2518 ideoque
871 2468 925 2505 60
946 2463 1073 2503 stadia
1093 2478 1116 2503 a
1137 2463 1326 2503 Can-ambi

95 2540 190 2566 cum
213 2527 390 2567 Arriano
414 2529 657 2580 Anonymus
676 2526 794 2580 ponit
815 2526 1068 2581 Zephyrium
1092 2526 1108 2577 (
1125 2525 1194 2564 ubi
1218 2540 1329 2564 nunc

93 2593 155 2627 ’051
175 2588 352 2642 Kar-jani
365 2587 396 2643 ),
419 2587 531 2642 quod
552 2596 752 2628 memorat
766 2587 888 2627 etiam
907 2586 1150 2628 Ptolemaeus
1165 2600 1206 2640 p.
1231 2587 1326 2639 327,

95 2650 166 2690 sed
184 2652 336 2691 omittit
348 2651 597 2700 Marcianus,
624 2651 694 2704 qui
713 2659 803 2704 post
822 2649 1108 2690 Callistratiam
1130 2658 1329 2689 memorat

93 2713 268 2754 Garium
292 2711 305 2768 (
321 2712 419 2752 hod.
450 2716 635 2768 Sarpana
656 2716 687 2766 ),
708 2716 759 2754 80
781 2712 913 2753 stadia
931 2711 1084 2752 distans
1103 2711 1303 2766 oppidum
1315 2727 1326 2761 ;

95 2775 174 2815 hoc
193 2776 345 2815 omittit
375 2776 590 2825 Arrianus,
614 2775 737 2816 habet
766 2776 864 2816 item
898 2774 1158 2830 Anonymus,
1183 2773 1253 2813 sed
1276 2775 1330 2813 ita

32 2849 38 2853 ·
99 2845 143 2877 ut
164 2851 187 2877 a
203 2837 409 2892 Zephyrio
428 2851 477 2877 eo
500 2851 628 2892 usque
649 2839 716 2888 30,
742 2836 917 2892 ideoque
947 2852 970 2878 a
993 2836 1210 2879 Callistrati
1228 2836 1331 2875 non·

96 2899 174 2939 nisi
205 2913 258 2952 70
282 2898 411 2939 stadia
433 2907 659 2955 computet.
693 2900 892 2939 Marciani
915 2906 1135 2953 computus
1150 2906 1326 2952 praestat.

93 2959 202 3000 Cum
230 2963 451 3016 Anonymo
471 2960 568 3001 facit
586 2962 801 3011 Arrianus,
819 2960 1020 3015 siquidem
1049 2960 1118 2999 hic
1136 2974 1160 2999 a
1175 2960 1332 3014 Zephy-

96 3021 161 3061 rio
192 3036 319 3076 usque
340 3023 392 3063 ad
414 3023 717 3064 Abona-tichos
749 3031 939 3063 numerat
972 3021 1079 3062 stad.
1113 3024 1209 3071 150,
1242 3037 1332 3076 quae

99 3093 311 3138 exaequant
332 3085 462 3127 stadia
478 3087 531 3127 30
546 3090 595 3138 -Ι-
614 3099 691 3127 120
711 3086 934 3140 Anonymi.
960 3085 975 3139 Η
994 3108 1049 3116 -—
1061 3097 1101 3124 2.
1120 3083 1235 3124 Ἀὂὼ
1248 3099 1266 3123 ν
1277 3100 1297 3123 o
1312 3100 1332 3123 υ

99 3148 212 3200 τεῒχ
225 3164 244 3187 0
259 3165 274 3195 ς
296 3150 310 3203 ]
328 3158 578 3191 memoratur
592 3164 615 3190 a
630 3149 829 3190 Strabone
848 3150 945 3199 XII,
966 3159 1011 3203 p.
1040 3147 1116 3196 545
1141 3160 1151 3187 ε
1170 3147 1279 3187 Μετὰ
1295 3148 1333 3188 δὲ

102 3207 298 3263 Κάραμὸιν
330 3212 492 3259 Κίνωλις
513 3212 578 3252 καὶ
604 3211 865 3259 Ἀντικίνωλις
903 3211 968 3251 καὶ
999 3208 1170 3249 Ἀ’ὃώνου
1205 3211 1336 3263 τεῖχος

99 3269 306 3323 πολίχνιον
337 3273 400 3312 καὶ
427 3273 589 3328 Ἀρμένη
614 3275 630 3327 (
654 3275 695 3315 in
722 3273 872 3328 quibus
903 3273 1027 3313 series
1045 3272 1233 3312 locorum.
1264 3286 1334 3311 ne-

100 3331 300 3386 gligitur),
323 3349 345 3374 a
367 3336 586 3376 Ptolemaeo
600 3336 626 3376 1.
650 3336 678 3377 l.
696 3345 736 3376 et
755 3335 997 3377 Lucianoin
1012 3334 1246 3376 Alexandro
1265 3349 1336 3375 seu

56 3416 59 3418 ·
106 3394 394 3436 Pseudomanti
414 3412 450 3437 c.
483 3413 506 3450 9
530 3412 591 3451 sq.
625 3406 664 3437 et
685 3413 721 3437 c.
753 3398 802 3438 58
827 3413 867 3452 p.
891 3399 970 3446 343
992 3396 1059 3438 ed.
1080 3397 1241 3447 Didot.,
1263 3397 1334 3437 ubi

104 3456 192 3496 haec
213 3470 222 3496 ε
246 3455 398 3498 Ἐκεῖνο
420 3458 460 3499 δὲ
477 3464 555 3507 πῶς
570 3459 613 3499 οὗ
635 3460 733 3513 μέγα
752 3457 789 3499 ἐν
809 3460 890 3506 τοῖς
909 3459 1044 3506 ἄλλοις
1059 3458 1104 3500 τὸ
1123 3459 1307 3514 τόλμημα
1321 3491 1331 3509 ,

105 3518 150 3558 τὸ
182 3517 333 3570 αἰτῆσαι
366 3520 467 3574 παρὰ
502 3523 570 3561 τοῦ
603 3520 879 3575 αὐτοκράτορος
914 3521 1260 3576 μετωνομασθῆναι
1292 3521 1335 3561 τὸ

104 3581 279 3621 Ἀδώνου
315 3583 446 3636 τεῖχος
470 3583 534 3622 καὶ
570 3581 795 3623 Ἰωνόπολιν
833 3583 1024 3635 κληθῆναι
1049 3583 1135 3623 κτλ.
1158 3584 1213 3623 Ac
1241 3598 1336 3624 sane

107 3658 259 3683 nomen
278 3646 471 3695 mutavit3
496 3659 591 3685 nam
617 3648 860 3700 Anonymus
879 3645 1004 3685 habet
1028 3658 1037 3685 ι
1066 3644 1237 3685 Ἀὅώνου
1257 3648 1336 3686 τεῖ·

108 3720 194 3758 χος,
212 3706 325 3747 πόλιν
347 3707 361 3760 [
380 3704 448 3757 τὴν
470 3709 564 3762 νῦν]
590 3707 805 3762 λεγομένην
835 3706 1060 3749 Ἰωνόπολιν
1084 3707 1098 3763 (
1118 3706 1332 3749 Ἰουνόπολ.

106 3767 203 3808 cod.
219 3767 252 3824 ).
270 3768 334 3810 Cf.
349 3770 561 3810 Constant.
576 3769 778 3824 Porphyr.
797 3771 861 3810 De
879 3771 1007 3810 them.
1028 3772 1063 3819 Ι,
1086 3785 1124 3823 7.
1143 3785 1186 3825 p.
1209 3772 1276 3822 30,
1294 3775 1333 3821 6;

110 3830 331 3871 Hierocles.
350 3845 392 3886 p.
406 3835 495 3884 -696
515 3831 581 3872 cd.
605 3833 746 3873 Wess.
774 3833 789 3884 (
801 3832 871 3871 ubi
891 3833 986 3872 item
1019 3831 1266 3883 Ἰουνόπολις,
1284 3834 1337 3873 si-

107 3900 181 3932 cut
199 3894 319 3933 etiam
345 3894 384 3933 in
402 3892 650 3934 Chalcedon.
672 3893 830 3934 Concil.
850 3908 894 3948 p.
927 3893 977 3947 95
991 3924 1002 3943 ‚
1038 3902 1078 3934 ct
1096 3895 1262 3934 Nicaeno
1280 3897 1335 3943 ΙΙ,

110 3969 154 4010 p.
174 3956 260 4011 52).
271 3955 506 4006 Numisslmv
517 3971 538 3997 0
550 3972 578 3998 π
589 3955 643 3997 ολ
654 3970 667 3996 ε
681 3971 761 3998 ιτω
772 3971 807 4008 ν,
819 3964 986 3997 notante
997 3957 1272 4010 Wessclingio
1287 3958 1338 3998 ad

1393 1160 1575 1202 Hierool.
1606 1161 1669 1202 Cf.
1695 1163 1900 1204 Mannert.
1918 1165 1994 1214 VI,
2019 1165 2058 1215 3,
2079 1179 2143 1219 ¹9·
2172 1168 2420 1209 Etiamnunc
2440 1170 2537 1210 urbs
2554 1185 2623 1211 vo·

1393 1231 1509 1263 catur
1531 1223 1705 1264 Ineboli.
1737 1225 1752 1278 ΙΙ
1777 1248 1832 1255 —
1852 1228 1893 1273 4.
1921 1224 2042 1265 ἀλλὰ
2062 1227 2347 1284 σαλεύοιεν]
2369 1229 2457 1270 ἀλλ’
2480 1232 2621 1273 εὕδοιεν

1393 1284 1546 1335 0011οΧ1
1565 1300 1644 1326 0111.
1661 1301 1711 1326 ex
1727 1289 2050 1342 Anonymo.l}—
2063 1293 2103 1329 6.
2119 1289 2410 1347 Αἰγινήτην]
2427 1292 2622 1347 Αἰγινῆτιν

1393 1345 1504 1397 0οἀ.;
1542 1362 1624 1389 em.
1658 1348 1765 1398 Gail.
1796 1363 1846 1389 ex
1868 1351 2007 1390 Anon.
2048 1350 2308 1405 (Αἰγινήτην,
2336 1353 2540 1408 πολίχνιον
2562 1357 2626 1396 καὶ

1393 1410 1568 1463 ποταμόν
1590 1412 1622 1463 ),
1644 1411 1857 1452 Marciano
1893 1420 1934 1451 et
1955 1413 2095 1466 Steph.
2130 1415 2245 1468 Byz„
2270 1414 2343 1456 ubi
2368 1428 2378 1455 :
2404 1415 2623 1471 Αἰγινήτης,

1393 1470 1598 1524 πολίχνιον
1638 1471 1702 1512 καὶ
1723 1472 1894 1527 ποταμὸς
1923 1473 2210 1529 Παφλαγονίας.
2237 1476 2290 1517 Τὸ
2314 1475 2461 1519 ἐθνικὸν
2485 1479 2626 1534 ὁμοίως

1394 1532 1456 1572 διὰ
1471 1531 1542 1583 τὴν
1560 1536 1627 1573 τοῦ
1647 1534 1894 1588 πρωτοτύπου
1920 1535 2124 1591 πρόληψιν.
2146 1537 2277 1579 ’Έοικε
2300 1538 2340 1580 δὲ
2357 1539 2402 1580 τὸ
2425 1541 2548 1596 ὄνομα
2564 1543 2627 1594 δη-

1393 1593 1486 1634 λοῦν
1502 1592 1572 1645 τὴν
1593 1595 1631 1635 ἓν
1655 1599 1710 1650 τῷ
1725 1595 1863 1651 Πόντῳ
1881 1594 2057 1651 Αἴγιναν.
2079 1598 2333 1654 Παφλαγονία
2353 1600 2429 1656 γὰρ
2451 1607 2506 1658 τῷ
2523 1603 2625 1644 Πόνο

1394 1671 1449 1711 τῳ
1488 1656 1664 1710 συνεχής.
1705 1659 1826 1698 Nunc
1863 1658 1999 1716 vicum
2041 1674 2127 1699 esse
2176 1661 2316 1703 Jnichi
2350 1665 2625 1722 Beauchampi

1394 1719 1633 1758 auctoritate
1657 1718 1782 1759 refert
1811 1721 2017 1761 Mannert.
2044 1735 2085 1775 p.
2121 1725 2183 1763 18.
2210 1725 2259 1762 In
2289 1725 2390 1764 meis
2416 1726 2564 1768 tabulis
2583 1728 2624 1768 id

1395 1794 1548 1820 nomen
1567 1795 1651 1821 non
1668 1789 1857 1831 notatur;
1883 1795 1960 1838 120
1979 1782 2063 1822 fere
2079 1784 2218 1823 stadiis
2234 1785 2285 1824 ab
2307 1786 2464 1827 Ineboli
2484 1803 2626 1830 occur·

1396 1843 1449 1882 rit
1463 1842 1613 1882 fluvius
1628 1842 1681 1883 ad
1696 1857 1873 1897 eumque
1891 1844 1993 1883 situs
2007 1845 2122 1884 locus
2141 1848 2310 1901 Apana,
2324 1861 2446 1901 quem
2465 1850 2627 1904 AEgine·

1397 1913 1465 1945 ten
1494 1919 1580 1945 esse
1611 1906 1832 1960 Kiepcrtus
1865 1907 2021 1947 statuit.
2043 1909 2103 1948 Ac
2135 1922 2232 1948 sane
2266 1922 2343 1951 120
2361 1911 2491 1952 stadia
2513 1923 2628 1955 notat

1398 1970 1656 2022 Anonymus.
1686 1970 1742 2008 At
1764 1968 1965 2009 Arrianus
1992 1983 2070 2024 pro
2097 1976 2178 2012 120
2193 1970 2317 2012 habet
2343 1972 2433 2023 150,
2454 1976 2627 2017 Marcia-

1397 2043 1474 2069 nus
1498 2034 1597 2080 160,
1629 2028 1755 2083 idque
1779 2030 1890 2070 haud
1918 2030 2044 2071 dubie
2066 2033 2240 2082 rectius;
2264 2048 2361 2074 nam
2383 2036 2441 2075 sic
2459 2035 2626 2078 demum

1397 2089 1448 2129 ab
1483 2091 1668 2144 AEginete
1698 2090 1750 2131 ad
1769 2091 1953 2140 Cinolin,
1985 2091 2038 2131 de
2070 2091 2185 2146 cujus
2217 2094 2297 2134 situ
2325 2103 2509 2147 constat,
2549 2107 2628 2139 sta·
2684 2142 2687 2146 ,

1397 2150 1465 2190 dia
1496 2155 1573 2200 60,
1609 2159 1710 2204 quot
1739 2165 1823 2191 uno
1850 2165 2053 2191 consensu
2074 2154 2203 2193 nostri
2224 2155 2412 2209 periplon
2443 2166 2629 2200 auctores

1398 2220 1653 2266 computant,
1668 2221 1777 2252 recte
1792 2212 1959 2254 habent.
1974 2216 2115 2266 Quare
2128 2215 2342 2268 AEgineten
2358 2219 2484 2271 magis
2495 2221 2629 2261 orien-

1398 2282 1480 2313 tem
1514 2288 1657 2317 versus·
1691 2289 1883 2317 removeo
1925 2276 1977 2316 ad
2011 2276 2147 2316 locum
2171 2276 2340 2318 Hadchi
2364 2279 2469 2320 Weli
2497 2282 2628 2332 Oghlu

1399 2336 1604 2379 Iskelessl.

1455 2400 1624 2452 §21,1.
1659 2414 1699 2453 7.
1727 2398 2065 2455 Κίνωλιν].ν.
2087 2398 2353 2452 ScylaX.§9o
2375 2399 2432 2440 ibi
2451 2411 2558 2453 not.;
2582 2404 2626 2445 h.

1390 2463 1566 2503 'Kinolm
1581 2464 1678 2502 Post
1690 2461 1853 2501 Cinolin
1865 2460 1975 2515 apud
1986 2460 2181 2512 Plinium,
2192 2461 2356 2512 Melam,
2368 2462 2626 2518 Strabonem,

1399 2525 1670 2573 Marcianum,
1690 2526 1955 2577 Auonymum
1981 2532 2234 2564 memoratur
2258 2523 2521 2577 Ἀντικίνωλις,
2539 2543 2630 2583 quae

1401 2586 1568 2627 fortasse
1584 2600 1668 2626 non
1681 2585 1840 2625 diversa
1851 2593 1937 2624 erat
1947 2599 1970 2624 a
1984 2584 2165 2634 Colussa,
2180 2599 2308 2639 quam
2315 2600 2422 2627 unus
2431 2599 2631 2631 memorat

1401 2649 1560 2703 Scylax.
1580 2651 1615 2688 A
1632 2647 1763 2687 Cinoli
1781 2645 1833 2686 ad
1849 2646 2081 2701 Stephanen
2100 2646 2180 2699 (de
2197 2661 2279 2702 qua
2297 2662 2336 2688 ν.
2354 2649 2515 2690 not.ad.
2533 2652 2630 2706 Scy-

1402 2711 1476 2751 lac.
1496 2710 1509 2766 )
1533 2711 1766 2750 Marcianus
1789 2709 1952 2748 nonnisi
1991 2708 2068 2749 150
2096 2708 2226 2748 stadia
2246 2717 2414 2764 exputat
2423 2725 2434 2760 ;
2468 2712 2631 2752 Arriani

1402 2781 1441 2812 et
1464 2773 1674 2826 Anonymi
1694 2785 1891 2811 numerus
1914 2778 2092 2824 praestat.
2124 2772 2139 2824 ll
2163 2794 2218 2801 -
2239 2784 2302 2812 10.
2330 2771 2584 2827 Ποταμοὺς
2615 2777 2628 2828 ]

1407 2834 1484 2875 150
1506 2833 1650 2883 stadia,
1668 2846 1760 2887 quae
1781 2839 1877 2872 sunt
1895 2846 1918 2872 a
1937 2832 2071 2872 Cinoli
2086 2832 2139 2872 ad
2155 2835 2346 2873 Potamos
2365 2847 2447 2881 sec.
2465 2835 2629 2876 Ari-ian.

1403 2905 1443 2936 et
1461 2899 1670 2950 Anonym.
1710 2896 1726 2947 (
1750 2906 1827 2934 120
1859 2893 1965 2933 stad.
1998 2908 2078 2934 sec.
2098 2894 2388 2950 Marcianum)
2426 2894 2477 2935 ad
2496 2898 2633 2936 ruinas

1403 2957 1577 3007 ducunt,
1595 2970 1686 3011 quae
1700 2956 1880 2996 Potamis
1899 2954 2165 2996 vindicandas
2187 2970 2272 2996 esse
2291 2964 2606 2997 consentaneum
2617 2973 2629 3007 ;

1405 3021 1557 3061 mirum
1578 3027 1715 3059 tamen
1730 3017 1888 3057 nullum
1903 3017 1959 3057 ibi
1974 3018 2107 3057 notari
2119 3017 2430 3070 fluvium'quem
2444 3026 2484 3057 et
2499 3019 2632 3072 ipsum

1404 3098 1555 3126 nomen
1571 3080 1751 3137 postulat
1768 3088 1808 3119 et
1839 3079 1961 3119 verba
1974 3079 2172 3118 Marciani
2196 3091 2204 3118 :
2231 3078 2310 3118 ἔστι
2326 3078 2365 3118 δὲ
2381 3077 2555 3126 εἴσπλους
2584 3078 2635 3127 εἷς

1405 3145 1610 3201 Ποταμοὺς
1642 3141 1864 3197 πορθμίοις.“
1885 3140 2010 3194 Apud
2029 3140 2234 3194 Scylacem
2257 3140 2364 3179 inter
2388 3140 2564 3180 Cinolim
2591 3151 2631 3182 01

1407 3214 1615 3252 Armenen
1637 3211 1890 3244 memoratur
1905 3216 1989 3241 non
2008 3211 2104 3242 nota
2121 3201 2283 3242 aliunde
2298 3201 2396 3241 urbs
2412 3204 2633 3255 graecanica

1406 3271 1609 3325 Τετράκις;
1638 3266 1704 3306 cui
1729 3260 1829 3304 num
1850 3277 1946 3303 cum
1975 3271 2116 3303 nostro
2135 3263 2224 3303 loco
2240 3277 2459 3303 commune
2478 3263 2632 3317 aliquid

1407 3334 1459 3373 sit
1492 3333 1651 3384 ignoro.
1681 3327 1752 3367 Sin
1788 3324 2031 3378 conjecturae
2063 3324 2275 3378 indulgere
2306 3324 2420 3374 licet,
2460 3325 2633 3379 Scylacis

1407 3395 1552 3437 urbem
1571 3390 1622 3431 ad
1644 3388 1892 3430 hodiernum
1908 3386 2008 3427 Kios
2027 3386 2146 3438 Dagh
2161 3394 2202 3427 et
2219 3388 2374 3442 Lepten
2393 3394 2635 3441 promonto-

1407 3460 1517 3500 rium
1541 3451 1796 3500 collocarim3
1831 3463 1958 3504 porro
1994 3463 2122 3503 quum
2159 3450 2201 3489 in
2230 3448 2308 3489 hac
2344 3449 2633 3503 Sinopensium

1410 3520 1566 3560 ditione
1583 3512 1776 3557 Hercules
1791 3510 1890 3551 olim
1904 3510 2123 3564 Τρικκαίους
2136 3509 2364 3559 Thessalos,
2379 3509 2634 3550 Deileontem

1411 3591 1450 3623 et
1480 3579 1724 3633 Autolycum
1755 3573 2069 3627 Phlogiumque,
2102 3571 2312 3626 reliquisse
2343 3571 2395 3612 ab
2417 3571 2634 3626 Apollonio

1409 3647 1463 3695 II,
1507 3640 1605 3696 955.
1636 3640 1651 3691 (
1672 3638 1725 3678 cf.
1766 3639 1905 3677 Anon.
1937 3635 2090 3690 perieg.
2120 3635 2199 3688 945
2230 3648 2274 3689 p.
2307 3634 2387 3674 236
2408 3635 2423 3686 )
2455 3633 2630 3683 dicatur,

1411 3706 1544 3747 nescio
1563 3717 1614 3743 an
1634 3700 1746 3741 urbis
1768 3696 1938 3751 alicujus
1960 3698 2159 3737 memoria
2177 3710 2272 3737 cum
2293 3696 2370 3736 hac
2389 3695 2522 3735 sabula
2537 3708 2634 3734 con·

1404 3768 1546 3823 juncta
1563 3763 1703 3811 suerit,
1730 3760 1905 3814 ideoque
1931 3773 2008 3814 pro
2030 3760 2137 3799 miro
2160 3759 2238 3798 isto
2264 3757 2431 3797 nomine
2456 3755 2634 3809 Τετράκις

1409 3827 1687 3881 1110111Τρίκκη
1707 3823 1948 3877 νο1Τρ1κκις.
1974 3823 1989 3876 ΙΙ
2008 3846 2065 3852 —-
2090 3836 2154 3862 11.
2175 3818 2362 3869 Λεπτὴν
2383 3818 2468 3872 ἄκρ
2481 3818 2563 3871 αν]
2585 3816 2635 3864 εἷς

1409 3892 1570 3946 Συριάδα
1584 3889 1700 3943 ἄκραν
1714 3884 1862 3936 Λεπτὴν
1875 3885 2093 3932 Marcian.;
2112 3882 2162 3929 εἷς
2180 3882 2359 3936 Συριάδος
2374 3876 2632 3934 ἀκρουλεπτὴν

1410 3953 1537 3994 codex
1563 3954 1718 4000 Anon.,
1742 3950 1784 3989 in
1804 3948 1952 4002 quibus
1969 3944 2102 3998 Συριὰς
2121 3944 2216 3998 ἄκρα
2230 3951 2290 3983 est
2310 3942 2438 3996 Συρῶν
2461 3940 2520 3980 νο1
2539 3941 2634 3980 Λευ-

2399 4017 2406 4025 ’
2430 4018 2486 4047 25.
