2782 4348
473 0 521 45 Ο

687 77 731 121 0

151 160 214 201 *⁶⁴

219 269 277 301 ss·
303 220 665 303 Momfflffissol.
690 248 811 298 Μετὰ
824 248 872 295 δὲ
893 247 1243 327 Μακροκεφάλως
1271 249 1388 294 Μοσ-

158 315 338 362 σύνοικοι
372 315 506 376 ἔθνος,
541 314 613 361 καὶ
645 311 843 374 Ζεφύριος
874 309 1018 370 λιμὴν,
1048 309 1252 371 Χοιρᾶδις
1269 309 1388 365 πόλις

157 383 374 441 Ἑλληνὶς,
396 382 548 446 Ἄρεως
566 386 698 438 νῆσος.
763 373 892 426 Οὗτοι
909 378 986 440 ὅρη
1004 382 1279 429 κατοικοῦσιν.

156 548 288 590 usque
316 534 369 575 ad
397 534 663 575 Cerasuntem
694 527 759 569 vel
785 527 924 584 paullo
942 526 1065 571 ultra.
1092 529 1251 572 Contra
1277 532 1393 574 Ano-

155 612 272 654 nym.
286 596 435 651 Peripl.
450 598 474 647 S
488 606 541 635 22
555 607 643 640 τους
656 591 893 646 λεγομένους
909 590 1121 648 Μάκρωνες
1132 591 1220 646 ἦτοι
1233 594 1394 652 Mapo-

157 660 343 715 κεφάλους
360 658 563 699 habitasse
580 654 706 695 refert
724 651 881 695 iudea

157 720 392 766 Aretiadem
415 717 589 759 insulam
618 715 704 770 (cs.
726 723 816 758 not.
836 714 929 771 ads
949 717 1059 773 83);
1090 717 1209 774 cujus
1240 727 1395 762 tractus

156 783 352 838 majorem
368 789 527 837 partem
549 780 593 820 in
613 787 756 821 nostro
782 778 950 852 Periplo
967 787 1111 823 tenent
1127 783 1392 838 Mossynoeci.

155 847 347 887 Ceterum
362 843 415 884 de
428 841 752 898 Macrocephalis
765 842 852 883 sive
875 842 1144 884 Macronihus
1159 858 1200 884 v.
1220 843 1392 886 Hesiod.

156 922 222 963 ap.
253 908 498 961 Harpocrat.
530 919 565 946 s
587 919 647 954 v.,
635 919 645 929 ·
675 903 824 945 Strabo
842 906 885 955 Ι,
906 918 950 960 Ρ.
982 905 1063 954 43;
1091 906 1196 955 VII,
1218 919 1261 960 p.
1286 918 1392 960 2993

155 972 245 1019 XI,
266 983 310 1025 p.
334 969 436 1018 520;
466 968 574 1018 XII,
612 980 655 1022 Ρ.
688 968 814 1013 548:
839 966 1094 1023 Palaephatus
1122 981 1190 1023 ap.
1224 966 1395 1010 Suidam

156 1001 415 1086 wlliaxpoxq
432 1028 578 1071 Pollux
606 1031 762 1071 Onom.
779 1030 836 1079 Π,
854 1043 937 1083 9ος
955 1030 1200 1085 Hippocrat.
1221 1031 1284 1071 De
1302 1045 1397 1073 aere

150 1097 178 1148 5
197 1096 250 1136 80
270 1108 381 1149 sqq.;
413 1094 627 1134 neoetaeus
655 1090 840 1145 sr.191;
870 1091 1074 1134 Herodot.
1108 1094 1164 1143 11,
1203 1095 1393 1145 104.III,

156 1161 225 1211 94.
244 1158 343 1207 VII,
361 1157 431 1210 78;
449 1144 684 1211 Xenophon
720 1153 856 1196 Anah.
874 1155 951 1204 IV,
970 1156 1012 1204 8,
1027 1156 1060 1195 Ι.
1080 1156 1136 1205 V,
1158 1155 1197 1205 5,
1220 1156 1393 1208 18.V11,

156 1223 198 1271 8,
220 1219 298 1261 25·
289 1236 300 1270 ;
327 1218 464 1261 Schol.
503 1218 639 1273 Apoll.
676 1216 813 1258 Rhod.
836 1219 855 1257 1
873 1248 885 1267 ,
913 1220 1034 1266 ιο24.
1061 1217 1185 1273 Apud
1215 1218 1395 1260 Plinium

154 1285 232 1335 VI,
250 1286 292 1334 4,
316 1282 411 1324 ubi:
428 1291 567 1337 gentes
598 1280 806 1329 Tibareni,
839 1279 1097 1335 Μοσηπίμ..
1116 1295 1215 1332 gens
1233 1284 1398 1325 Maem-

154 1345 337 1404 cephali,
362 1343 563 1402 oppidum
585 1342 780 1385 chordule
793 1360 809 1392 ,·
824 1351 963 1395 gentes
985 1342 1172 1384 Bechires
1189 1375 1200 1392 ‚
1224 1345 1368 1399 Byzeri
1383 1378 1393 1394 ,

145 1410 305 1465 flumen
334 1408 469 1450 Melas
484 1424 500 1455 ,·
518 1421 617 1459 gens
640 1409 855 1448 Macrones
872 1422 888 1454 ;
909 1404 1053 1446 Sidene
1064 1406 1298 1463 flumenque
1331 1408 1397 1449 Si-

151 1471 319 1519 denum,
336 1479 435 1521 etc.,
449 1468 800 1525 Macrocephaliet
817 1469 1035 1509 Macrones
1047 1476 1243 1523 tanquam
1257 1479 1397 1524 gentes

155 1534 330 1576 diversae
349 1532 543 1574 videntur
567 1531 792 1586 distingui;
818 1528 890 1571 sed
913 1543 1043 1585 quum
1067 1529 1264 1572 Plinianis
1286 1533 1398 1574 nulla

157 1598 255 1639 insit
277 1598 402 1638 serioe
433 1595 622 1638 locorum
638 1626 650 1647 ,
674 1602 786 1651 patet
817 1593 905 1634 haec
937 1607 989 1634 ex
1013 1592 1178 1635 duobus
1212 1594 1396 1637 sontibus

158 1660 287 1700 mixta
317 1672 419 1700 esse.
447 1659 554 1700 Cum
587 1657 739 1699 nostris
771 1655 951 1698 conferri
989 1664 1125 1712 potest
1147 1657 1281 1712 prima
1313 1658 1393 1700 loci

156 1736 253 1779 pars
285 1735 416 1777 usquc
447 1720 501 1762 ad
524 1719 648 1762 verba
659 1721 816 1775 flumen
838 1718 988 1761 Melas.
1025 1721 1130 1772 Quae
1165 1718 1317 1762 deinde
1337 1714 1397 1762 se·

139 1793 346 1841 *quuntur
366 1798 417 1825 ex
442 1784 523 1825 alio
542 1782 655 1825 sonte
672 1797 888 1839 perperam
908 1789 1043 1823 assuta
1064 1790 1176 1824 sunt.

214 1850 238 1902 S
262 1850 332 1890 86.
365 1846 750 1901 Μοσσύνοικοι]
783 1845 904 1886 sich.
930 1844 959 1885 1.
985 1844 1131 1886 codex.
1154 1844 1266 1886 Infra
1298 1848 1322 1899 S
1346 1848 1398 1901 87

156 1910 282 1953 habet
313 1910 400 1959 rob<
431 1908 649 1957 Μοσσινοῖις
673 1908 733 1965 (i.
758 1922 797 1949 e.
835 1907 1102 1961 Μοσσύνους).
1128 1909 1276 1949 Dicere
1308 1909 1401 1950 licet

158 1972 449 2024 Μοσσύνοικοι,
471 1972 671 2020 Μόσσυνες
686 1979 728 2012 et
749 1971 963 2012 Μόσσυνοι.
984 1971 1040 2012 V.
1064 1972 1114 2012 L.
1139 1969 1335 2013 Dindorl'.
1358 1972 1399 2012 in

157 2037 219 2079 St.
241 2035 368 2077 Thes.
386 2049 426 2077 v.
445 2034 621 2076 Μόσσυν.
644 2033 771 2087 Quod
793 2034 941 2074 seriem
961 2033 1214 2089 populorum
1236 2035 1398 2083 attinet,

158 2097 584 2154 Macrocephalorum,
604 2099 961 2152 Mossynoecorum
979 2097 1065 2137 sive
1088 2097 1398 2152 Mossynorum,

152 2161 480 2211 Tibarenorum,
490 2159 738 2215 Chalybum,
749 2173 844 2200 cum
853 2158 1017 2214 Scylace
1025 2160 1402 2201 consentiuntMela

158 2225 196 2275 1,
224 2237 292 2279 19,
314 2238 359 2266 11
385 2231 426 2265 et
445 2223 609 2266 Plinius
624 2224 701 2273 VI,
724 2225 766 2272 4,
793 2230 836 2263 et
852 2236 938 2278 prae
963 2222 1110 2263 ceteris
1128 2236 1226 2263 cum
1248 2223 1401 2265 Nostro

158 2284 431 2343 comparandi
465 2285 691 2341 Dionysius
720 2285 949 2339 Periegetes
969 2288 1050 2339 766
1070 2284 1399 2341 Apolloniusque

159 2349 348 2392 Rhodius
362 2351 420 2401 11,
448 2351 551 2399 1241
572 2362 664 2404 sqq.
689 2349 753 2389 De
774 2348 966 2389 Hecataeo
989 2346 1053 2400 (f.
1090 2350 1203 2403 192)
1226 2348 1307 2390 hoc
1328 2348 1404 2390 sal-

159 2420 243 2454 tem
254 2413 407 2454 scimus
420 2426 516 2454 eum
521 2410 642 2467 juxta
654 2412 953 2466 Mossynoecos,
970 2409 1082 2467 apud
1098 2424 1203 2466 quos
1217 2411 1404 2467 Χοιράδας

157 2475 421 2527 memoravit,
434 2475 619 2531 posuisse
635 2474 880 2525 Tibarenos,
895 2473 1047 2529 quihus
1061 2482 1271 2529 tamquam
1290 2489 1404 2530 προσ-

162 2538 247 2594 εχὲς
267 2538 376 2587 ἔθνος
393 2537 585 2594 adjunxit
607 2539 745 2579 Mares
770 2536 866 2594 (Cf.
888 2537 1092 2579 Herodot.
1114 2539 1192 2586 IV,
1214 2540 1267 2592 78
1286 2540 1316 2590 ).
1339 2539 1402 2579 Ex

161 2601 332 2656 Ephoro
358 2602 457 2657 (ap.
478 2600 620 2656 Steph.
647 2602 696 2641 B.
719 2614 759 2641 V.
787 2599 1030 2655 Τιὸαρηνία)
1053 2607 1213 2640 constat
1246 2601 1404 2655 Mossy-

162 2678 302 2705 noecos
323 2666 512 2719 excipere
532 2663 761 2705 Tibarenos
776 2693 788 2713 ,
814 2670 904 2703 tum
924 2662 1127 2717 Chalybes
1141 2693 1152 2711 ,
1185 2670 1274 2703 tum
1299 2665 1405 2703 Leu-

162 2741 329 2782 cosyros
345 2729 362 2780 (
378 2727 567 2782 Assyrios
583 2734 731 2767 vooent
745 2724 905 2780 Scylax,
921 2724 1115 2780 Apollon.
1130 2733 1171 2765 et
1189 2726 1401 2780 Dion3·s.).

162 2788 305 2831 Paullo
324 2790 453 2843 magis
466 2788 609 2830 dissert
630 2787 868 2843 Xenophon
892 2788 934 2828 in
957 2787 1092 2829 Anah.
1119 2788 1175 2837 V,
1202 2790 1244 2838 4,
1274 2801 1311 2837 ι,
1334 2788 1403 2828 ubi

165 2860 262 2908 post
295 2852 578 2907 Moss3·noecos
592 2882 604 2902 ,
651 2864 831 2906 quorum
873 2850 1084 2903 regionem
1129 2858 1224 2891 octo
1263 2852 1405 2891 casn-is

154 2914 298 2956 Graeci
317 2921 588 2970 peragrarunt
602 2943 614 2964 ,
635 2920 866 2967 sequuntur
887 2911 1088 2967 Chalybes
1112 2926 1286 2953 numero
1321 2914 1402 2953 cxi·

164 2975 235 3031 gui
263 2983 305 3017 et
336 2975 605 3031 Mossynoecis
626 2973 797 3029 subjecti
830 2975 846 3027 (
862 2975 933 3029 qui
957 2988 1024 3029 ap.
1062 2973 1267 3029 Scylacem
1296 2976 1406 3015 Mos·

163 3051 427 3093 synoeeorum
463 3039 506 3079 in
545 3036 703 3078 ditione
737 3034 1151 3092 comprehenduntur
1169 3037 1182 3092 )
1201 3052 1211 3085 ς
1254 3036 1405 3078 deinde

155 3101 376 3153 Tibareni,
390 3115 571 3158 quorum
587 3102 631 3142 in
646 3114 745 3155 agro
759 3100 836 3140 sita
850 3108 911 3141 est
927 3100 1105 3155 Cotyora
1121 3100 1134 3155 (
1153 3098 1261 3140 idem
1280 3101 1402 3141 etiam

165 3177 247 3206 sec.
261 3163 437 3220 Scylacis
452 3165 632 3206 rationes
646 3161 940 3216 statuendum)
955 3160 1127 3212 ,deinde
1142 3161 1317 3218 populos
1324 3177 1406 3203 orac

161 3225 401 3281 singillatim
436 3239 523 3267 non
545 3224 722 3281 amplius
744 3238 960 3267 recensens
992 3223 1228 3280 Xenophon
1264 3232 1406 3279 utpote

164 3289 427 3344 navigatione
440 3287 528 3344 jam
542 3296 679 3340 utens,
707 3289 844 3330 statim
867 3286 1403 3344 memoratPaphlagoniam.

166 3352 367 3393 Praeterea
395 3349 626 3393 notandum
646 3358 706 3392 est
721 3349 968 3407 Dionysium
992 3357 1033 3390 et
1052 3347 1317 3405 Apollonium
1342 3350 1404 3399 11,

167 3412 249 3465 375
288 3413 396 3454 inter
430 3414 649 3455 Macrones
680 3420 721 3454 et
753 3414 1036 3468 Mossynoecos
1064 3423 1296 3452 memorare
1331 3409 1406 3451 ‹bz-

167 3473 309 3528 λύρας,
341 3476 400 3516 sic
422 3475 555 3517 dictos
581 3490 604 3517 a
628 3474 862 3532 Philyreide
880 3473 1013 3516 insula
1039 3472 1159 3530 juxta
1179 3474 1407 3529 Moss3·noe-

163 3549 314 3577 eorum
345 3552 460 3579 oram
489 3540 587 3589 sita,
615 3538 668 3579 de
690 3553 771 3594 qua
787 3538 977 3594 pluribus
998 3545 1119 3594 poeta
1138 3536 1310 3592 exponit
1338 3537 1378 3577 11
1393 3566 1405 3586 ,

172 3597 276 3639 1231
302 3612 393 3653 sqq.
419 3599 516 3652 (cf.
541 3601 682 3656 Steph.
704 3602 752 3642 Β.
768 3614 807 3642 v.
835 3600 1023 3655 Φίλυρες;
1045 3597 1172 3641 Ovid.
1192 3599 1293 3640 Met.
1308 3599 1406 3649 Vll,

171 3658 254 3701 312
268 3661 303 3714 ).
338 3660 571 3703 Turbatum
606 3664 790 3716 gentium
812 3662 1002 3704 ordinem
1035 3661 1191 3718 praebet
1222 3660 1410 3703 Valerius

170 3719 340 3764 naemu
374 3723 419 3764 in
457 3726 558 3778 Arg.
598 3725 661 3765 VI
677 3755 690 3775 ,
735 3738 813 3767 120
827 3756 839 3775 ,
878 3725 950 3767 ubi
986 3732 1254 3767 recensentur
1285 3737 1295 3765 ε
1324 3723 1410 3765 Cis·

167 3784 264 3836 saei,
287 3785 517 3837 Heniochi,
538 3786 713 3842 Philyrae
727 3818 739 3836 ,
763 3789 934 3842 Byzeres
949 3818 960 3838 ,
979 3789 1218 3837 Macrones,
1253 3787 1409 3842 Moss3·

171 3847 295 3888 noeci.
321 3846 445 3904 Apud
468 3850 735 3891 Ammianum
767 3850 913 3900 XXII,
939 3852 981 3900 8,
1003 3863 1058 3892 2ο
1078 3856 1404 3891 enumerantur.

172 3908 372 3966 Philyres,
404 3911 639 3963 Macrones,
677 3913 943 3968 Mossynoeci,
983 3912 1195 3963 Tibareni,
1229 3912 1405 3967 Sapires,

169 3971 360 4027 Byzeres,
379 3972 597 4031 Chalybes,
618 3973 762 4026 Dahae,
780 3977 1023 4018 Amazones.
1043 3974 1231 4016 Tibullus
1257 3974 1333 4025 IV,
1366 3986 1404 4025 ι,

1032 142 1322 193 SCYLAClS
1354 140 1816 191 CARYANDENsls

854 654 1436 714 n'lhpemnteusquead·

2602 147 2696 211 (ιιι
2765 197 2767 199 .

1511 250 1582 292 86.
1609 250 1902 292 Momm-01.
1938 252 2036 294 Post
2053 251 2390 308 Macrocephalos
2410 259 2509 294 sunt
2537 254 2699 311 Mossy-

1458 317 1583 368 noeci,
1596 317 1876 375 thcphyrius
1890 327 2050 375 portus,
2067 318 2290 361 Choeradoe
2304 318 2404 360 urbs
2418 302 2701 373 Graec-,unir-

1460 385 1515 426 tis
1532 384 1680 428 insula.
1740 387 1795 428 ui
1812 395 1975 429 montes
1989 387 2235 429 inhabitant.

1469 538 1547 585 146
1565 536 1846 593 Mossynoecos
1862 537 1915 580 ad
1936 539 2110 580 Tanaim
2133 537 2340 580 transfert.
2366 540 2534 580 Curtius
2555 540 2633 590 VI,
2657 542 2700 592 4,
2710 495 2742 579 {l

1469 611 1519 653 ¹7
1546 599 1848 656 Mossynoecos,
1881 601 2092 653 Cercetas,
2113 600 2339 657 Chal3·,boe
2377 603 2631 657 Leucos3ros
2662 610 2734 645 et

1465 664 1695 704 Amazones
1708 677 1733 704 ι
1761 664 1895 705 Ponto
1912 663 2088 706 deduxit
2107 663 2160 706 ad
2181 678 2294 706 mare
2314 665 2525 720 Caspium.
2557 665 2704 708 Strabo
2732 691 2748 715 f

1463 724 1745 779 Mossynoecos
1790 734 2088 767 commemorat
2146 727 2253 768 inter
2296 741 2384 775 τους
2427 725 2758 782 ἱπτακωμῆτας

1464 784 1642 841 Scydisae
1657 788 1824 830 montis.
1839 789 1902 829 De
1915 802 2057 844 aspera
2070 799 2111 830 et
2123 797 2309 830 montosa
2326 791 2509 845 Moss3n.
2526 791 2704 843 regionis

1466 855 1613 890 natura
1644 849 1789 905 Scylax
1811 863 1978 906 quoque
2002 859 2150 906 praeter
2183 866 2340 893 morem
2370 853 2554 901 monuit,
2587 852 2704 908 plura

1467 907 1561 949 vide
1577 922 1644 964 ap.
1667 910 1919 966 Xenophon.
1945 911 1972 952 l.
1998 911 2027 952 l.
2047 913 2161 953 Ditio
2177 914 2533 969 Mossyna-corum
2553 914 2606 955 ab
2632 929 2703 956 ora
2759 913 2767 930 ³

1466 983 1559 1024 quae
1594 979 1688 1026 post
1722 973 1991 1014 Cerasuntem
2027 974 2228 1029 sequitur,
2263 977 2461 1031 pertinuit
2491 990 2622 1033 usque
2651 976 2704 1018 ad
2757 982 2761 987 ”

1466 1031 1690 1074 Choerades
1701 1035 1786 1075 sive
1802 1035 2088 1077 Pharnaciam.
2101 1037 2275 1079 Cerasus
2287 1052 2367 1081 sec.
2378 1039 2556 1083 Plinium
2570 1039 2706 1083 adhuc

1467 1104 1556 1137 erat
1577 1097 1619 1137 in
1642 1098 1810 1151 regione
1834 1098 2268 1155 Macrocephalorum3
2297 1109 2339 1142 at
2357 1116 2443 1144 non
2470 1102 2592 1158 longe
2614 1113 2707 1160 post
2778 1141 2782 1145 .

1466 1172 1557 1199 eam
1570 1160 1734 1201 initium
1752 1159 1875 1202 fuisse
1889 1163 2180 1217 Mossynorum
2193 1176 2216 1203 e
2230 1163 2509 1219 Xenophonte
2523 1164 2537 1220 (
2551 1168 2632 1208 An.
2647 1168 2703 1217 V,

1468 1222 1848 1278 4,1)intelligitur;
1867 1225 2113 1280 pertinuisse
2127 1233 2265 1266 autem
2277 1225 2472 1282 usquead
2485 1227 2708 1272 Choendes

1466 1284 1552 1325 sive
1563 1284 1833 1327 Pharnaciam
1851 1301 1903 1328 ex
1922 1288 2012 1343 ipso
2029 1286 2194 1343 Scylace
2209 1288 2351 1343 liquet.
2373 1289 2463 1330 Sec.
2487 1291 2699 1347 Anonym.

1467 1349 1557 1400 §20
1572 1346 1677 1389 ditio
1695 1362 1841 1390 eorum
1857 1350 1989 1405 patuit
2007 1364 2031 1391 a
2046 1349 2274 1392 Pharnacia
2285 1353 2353 1403 τῆς
2371 1350 2436 1392 καὶ
2454 1350 2575 1393 πάλαι
2590 1351 2709 1408 Repe·
2776 1381 2782 1395 ν,

1468 1414 1628 1459 σοῦντος
1656 1411 1727 1459 ἕως
1745 1413 1813 1463 τῆς
1833 1411 1999 1464 πλησίον
2026 1410 2254 1467 Κωτυώρου.
2286 1414 2342 1454 At
2363 1412 2451 1454 haec
2480 1427 2621 1455 errore
2649 1417 2711 1456 ni-

1468 1480 1628 1514 tuntur.
1642 1472 1873 1516 Confundit
1890 1483 2035 1515 auctor
2047 1474 2602 1517 Cerasuntem-Pharnaciam
2614 1491 2708 1518 cum

1468 1534 1598 1578 altera
1630 1538 1880 1588 Cerasunte,
1917 1552 2009 1593 quae
2037 1536 2090 1578 ab
2122 1537 2188 1578 illa
2216 1539 2419 1579 orientem
2456 1553 2596 1580 versus
2622 1548 2708 1590 esu

1468 1599 1520 1641 ab
1558 1600 1635 1641 hac
1670 1601 1835 1641 initium
1868 1614 2031 1642 sumere
2066 1608 2248 1655 poterat,
2301 1615 2386 1642 non
2420 1615 2444 1643 a
2488 1602 2711 1644 Cerasuntc

1469 1662 1711 1705 Pharnacia.
1741 1663 1801 1704 Ea
1819 1670 1958 1703 autem
1991 1662 2235 1705 confusione
2267 1662 2421 1705 sactum
2450 1672 2512 1706 est
2546 1672 2593 1706 ut
2620 1666 2711 1706 Ma·

1469 1724 1808 1781 crocephalorum
1829 1734 1991 1779 gentem
2022 1726 2149 1779 magis
2171 1740 2296 1781 quam
2318 1741 2393 1782 par
2410 1734 2497 1768 erat
2518 1726 2711 1770 occiden-

1469 1796 1553 1829 tem
1570 1802 1711 1829 versus
1721 1787 1940 1829 collocaret
1955 1787 2012 1844 (v.
2025 1796 2111 1829 not.
2132 1790 2155 1841 S
2172 1788 2260 1844 85).
2279 1790 2342 1829 Dc
2356 1790 2712 1845 Moss3·noecorum

1471 1850 1645 1902 scritate,
1664 1850 1851 1892 moribus
1874 1849 2095 1906 impudicis
2109 1852 2335 1907 ceterisque
2354 1852 2550 1893 institutis
2574 1867 2613 1895 v.
2632 1853 2714 1895 Xe-

1470 1913 1642 1969 nophon
1662 1915 1744 1955 An.
1775 1914 1832 1964 V,
1850 1915 1901 1964 4;
1923 1912 2099 1955 Diodor.
2122 1914 2239 1964 XIV,
2261 1915 2336 1965 305
2361 1915 2528 1956 Vitruv.
2554 1916 2610 1966 11,
2638 1919 2710 1967 143

1471 1976 1608 2031 Apoll.
1626 1975 1706 2018 Rh.
1724 1977 1781 2027 11,
1803 1977 1907 2017 1015
1921 1990 2039 2032 sqq.;
2063 1978 2265 2032 Scymnus
2281 1990 2359 2031 901
2386 1990 2497 2033 sqq.;
2521 1978 2714 2020 Nicolaus

1472 2040 1594 2080 Dam.
1620 2038 1671 2080 fr.
1698 2042 1798 2089 126;
1815 2038 2003 2080 Eustath.
2022 2037 2074 2079 ad
2098 2039 2224 2079 Dion.
2246 2042 2341 2093 766.
2361 2054 2372 2090 ;
2392 2038 2555 2091 Strabo,
2578 2039 2685 2081 Mela
2699 2073 2711 2091 ,

1471 2100 1654 2152 Plinius,
1693 2102 1939 2143 Ammianus
1974 2100 2001 2142 ll
2037 2101 2100 2151 ll.;
2152 2101 2326 2143 Aristot.
2378 2100 2500 2143 Polit.
2553 2103 2615 2151 11,
2659 2116 2711 2153 2;

1472 2165 1619 2206 Sextus
1638 2165 1798 2219 Empir.
1820 2163 2026 2220 Pyrrhon.
2044 2162 2229 2219 Hypoth.
2250 2165 2328 2214 111,
2354 2166 2407 2214 24
2424 2179 2435 2215 ;
2456 2164 2708 2207 Artemidor.

1472 2226 1661 2267 Onesicr.
1701 2227 1748 2276 I,
1794 2240 1836 2279 9.
1870 2228 1890 2278 11
1923 2249 1980 2256 --
2015 2224 2244 2280 Ζεφύριος
2295 2222 2483 2282 λιμὴν]
2523 2225 2588 2268 Cl'.
2636 2230 2714 2269 Ar-

1473 2289 1579 2329 rian.
1606 2290 1630 2342 5
1653 2290 1705 2337 24
1730 2300 1739 2328 ε
1763 2287 1961 2343 Ζεφύριον,
1998 2288 2116 2342 ὅρμος
2145 2286 2299 2338 venusin
2339 2289 2548 2344 Anonym.
2574 2291 2597 2342 S
2627 2290 2679 2330 36
2702 2302 2711 2330 :

1474 2351 1654 2406 Ζεφύριον
1691 2350 1852 2406 χωρίον.
1866 2350 1996 2392 ‘Tab.
2037 2350 2226 2405 Peuting.
2252 2363 2262 2391 z
2302 2349 2534 2407 Zept'rium.
2568 2350 2716 2393 Strabo

1474 2414 1682 2469 ceterique
1697 2413 1833 2455 locum
1846 2427 1931 2454 non
1953 2421 2200 2455 memorant.
2221 2413 2344 2454 Nunc
2363 2411 2505 2468 Zqffre
2522 2412 2584 2455 vel
2607 2413 2717 2456 Kaik-

1475 2476 1639 2519 Liman.
1663 2477 1720 2517 V.
1757 2477 1966 2518 Mannert.
2002 2477 2064 2517 VI
2079 2507 2090 2527 ,
2125 2489 2151 2516 2
2167 2507 2178 2525 ,
2199 2489 2242 2532 p.
2275 2474 2383 2526 3853
2407 2474 2617 2517 Hamilton
2638 2478 2715 2518 Re·

1473 2538 1631 2579 search.
1655 2540 1692 2588 Ι,
1714 2551 1757 2593 p.
1787 2542 1883 2579 261.
1904 2540 1997 2591 11-
2018 2537 2262 2592 Χοιράδες
2298 2535 2469 2592 πόλις]
2493 2537 2553 2579 St.
2582 2537 2711 2591 1332:

1474 2600 1654 2655 Χοιράδες
1676 2599 1786 2647 πόλις
1806 2599 2099 2640 Μοσσυνοίκων.
2129 2597 2334 2646 Ἑκαταῖος
2352 2597 2532 2655 Εὐρώπῃ·
2559 2615 2575 2636 ι
2596 2597 2714 2639 Τιὸα-

1476 2664 1607 2716 ρηνοῖς
1628 2661 1669 2703 δὲ
1688 2661 1780 2717 πρὸς
1801 2661 1914 2713 ἥλιον
1939 2661 2151 2716 ἀνίσχοντα
2181 2660 2443 2701 Μοσσύνοικοι
2460 2658 2708 2715 ὁμουρέουσι·

1476 2723 1515 2765 ἐν
1546 2723 1586 2764 δὲ
1606 2722 1735 2771 αὐτοῖς
1753 2723 1933 2778 Χοιράδες
1954 2723 2064 2770 πόλις
2083 2743 2118 2762 ι.
2148 2724 2293 2763 Postea
2313 2721 2413 2763 urbs
2434 2735 2458 2763 a
2479 2722 2599 2763 Ponti
2621 2736 2715 2777 rege

1478 2783 1493 2839 (
1516 2784 1568 2826 ab
1600 2799 1678 2826 avo
1708 2783 1962 2826 Mithridatis
1994 2785 2155 2838 magni,
2182 2792 2229 2825 ut
2260 2781 2453 2839 videtur)
2487 2783 2714 2827 Pharnacia

1475 2846 1600 2889 dicta.
1624 2849 1805 2903 Χοιράδες
1829 2862 1981 2889 nomen
2004 2862 2028 2889 a
2048 2846 2236 2903 rupibus,
2258 2846 2409 2902 quihus
2426 2846 2523 2889 litus
2542 2846 2598 2889 ibi
2616 2849 2713 2891 hor·

1476 2918 1553 2961 ret,
1579 2909 1773 2951 inditum.
1791 2912 2028 2963 Arrianuss
2047 2913 2098 2959 24
2122 2923 2317 2965 excoque
2342 2912 2589 2966 Anonymus
2613 2913 2636 2964 S
2660 2911 2712 2960 34
2779 2930 2782 2933 ·

1477 2971 1746 3014 Pharnaciam
1767 2972 1865 3014 olim
1896 2972 2136 3029 appellatam
2156 2986 2243 3014 esse
2264 2974 2552 3027 commutem(
2589 2974 2712 3016 ctiam

1476 3049 1589 3077 nunc
1607 3039 1783 3078 Keresem
1800 3036 1813 3092 )
1829 3068 1840 3086 ,
1865 3043 1905 3076 ct
1923 3050 1946 3076 a
1974 3034 2270 3091 Sinopensibus
2286 3033 2507 3077 deductam
2527 3034 2711 3089 tradunt.
2773 3060 2782 3078 ι

1475 3098 1711 3154 Xenophon
1744 3107 1880 3139 autem
1909 3097 2045 3140 Anab.
2079 3099 2134 3147 V,
2171 3098 2194 3139 3
2217 3097 2384 3139 alteram
2417 3098 2712 3150 Cerasuntem,
2769 3102 2773 3112 ‘⁴

1475 3173 1567 3214 quze
1603 3175 1626 3201 a
1661 3160 1886 3202 Pharnacia
1923 3173 2046 3215 supra
2076 3160 2155 3201 500
2184 3157 2315 3201 stadia
2345 3159 2546 3201 orientem
2576 3173 2716 3202 versus

1475 3220 1614 3273 distat,
1640 3223 1930 3278 Sinopensium
1950 3221 2153 3263 coloniam
2173 3220 2289 3262 dicit.
2310 3220 2421 3263 Nihil
2440 3220 2544 3263 adeo
2562 3220 2714 3275 obstat,

1476 3284 1578 3339 quin
1599 3298 1741 3325 verum
1766 3283 1901 3325 tradat
1923 3292 2067 3325 auctor
2089 3291 2288 3339 uterque,
2312 3282 2384 3326 sed
2408 3283 2495 3326 lieri
2517 3291 2653 3341 potest
2668 3292 2717 3328 m

1475 3345 1529 3388 de
1556 3346 1840 3388 conditoribus
1863 3347 2100 3389 Cerasuntis
2123 3347 2361 3389 Pharnacioe
2383 3347 2583 3389 Arrianus
2607 3360 2718 3390 erra·
2764 3367 2782 3397 «ς

1477 3410 1594 3451 verit.
1615 3411 1859 3451 Mannertus
1877 3411 1955 3459 VI,
1980 3423 2021 3461 2,
2044 3424 2086 3466 Ρ.
2116 3410 2196 3452 386
2213 3410 2354 3451 statuit
2374 3410 2598 3452 Arrianum
2615 3423 2716 3452 con·
2768 3403 2782 3458 ‚l

1479 3470 1631 3514 fudisse
1642 3473 1811 3514 nomina
1825 3473 2003 3527 Χοιράδες
2014 3480 2054 3514 ct
2068 3473 2270 3528 Κερασοῦς,
2286 3471 2346 3514 vel
2359 3473 2496 3529 potius
2510 3479 2716 3529 receptam
2737 3472 2740 3475 ’
2763 3460 2782 3509 3

1477 3534 1588 3591 apud
1614 3534 1758 3589 vulgus
1776 3536 2015 3591 opinionem
2036 3543 2222 3577 secutum
2243 3550 2345 3587 esse,
2366 3549 2449 3591 qua
2467 3533 2637 3591 quidem
2655 3532 2715 3576 el·

1479 3596 1630 3638 sectum
1652 3598 1704 3638 sit
1726 3606 1772 3639 ut
1793 3599 1916 3639 etiam
1942 3612 2054 3640 nunc
2086 3597 2187 3639 urbs
2212 3597 2402 3653 Κερασοῦς
2422 3595 2599 3638 dicatur.
2624 3593 2716 3638 Suf-
2780 3619 2782 3625 .

1479 3658 1661 3715 fragatur
1676 3660 1993 3715 Forbigerusll,
2011 3675 2053 3718 p.
2074 3662 2170 3709 423.
2188 3662 2453 3715 Quamquam
2467 3657 2714 3701 hodiernum

1478 3735 1631 3763 nomen
1652 3738 1701 3764 ex
1735 3723 1979 3765 confusione
2007 3723 2176 3765 urbium
2200 3722 2320 3778 longe
2338 3721 2574 3763 dissitamm
2602 3730 2717 3775 repc-

1478 3791 1565 3826 tere
1584 3799 1751 3841 prorsus
1772 3794 1833 3827 est
1851 3785 2095 3828 absurdum.
2119 3786 2256 3827 Immo
2276 3798 2360 3826 non
2383 3783 2448 3825 hae
2470 3782 2565 3825 duze
2582 3778 2714 3823 solum

1478 3856 1595 3889 erant
1617 3850 1886 3900 Cerasuntes,
1914 3848 1987 3891 sed
2010 3849 2134 3891 etiam
2167 3848 2330 3890 tertiam
2354 3847 2396 3888 in
2428 3844 2571 3888 eadem
2594 3839 2739 3885 Ponti

1477 3925 1550 3952 ora
1589 3925 1684 3953 mox
1724 3912 1778 3968 (S
1812 3913 1864 3966 89
1882 3911 1896 3968 )
1933 3909 2306 3968 deprehendemus.
2338 3909 2501 3951 Nomen
2535 3901 2715 3959 xoapatze

1477 3973 1802 4031 comparandum
1826 3982 1888 4018 est
1915 3987 2011 4018 cum
2035 3972 2272 4017 nominibus
2294 3971 2449 4027 Ψωρῶν
2482 3964 2618 4024 λιι-*ἦ*
2637 3966 2716 4021 Ali·

2780 1951 2782 1961 e
2775 1719 2782 1934 -.—-.——.m....
2774 1604 2782 1705 ,ιι-...ἢ
