2782 4348
34 95 44 118 ἕ

33 122 47 143 θ

14 140 70 207 γι

16 222 18 230 ,
43 203 221 270 (3435.)
943 213 1024 259 DE
1059 215 1220 263 MAm
1254 202 1621 272 ERYTHRAEO.

2507 264 2590 303 139

33 309 139 362 scat
157 295 257 369 πρὸς
274 307 342 354 τὸν
361 309 469 371 βίον,
495 309 587 355 οὔτε
603 309 757 372 ἥμερον
771 310 862 356 οὔτε
883 311 1047 374 ἄγριον,
1067 315 1297 378 ἀπέχουσαι

20 367 22 379 ἲ
67 375 141 434 μὲν
170 381 242 432 τῆς
265 379 479 441 εἰρημένης
501 378 671 440 ἠπείρου
693 380 880 432 σταδίους
903 383 958 433 ὥς
981 382 1264 440 ἓὸδομήκοντα
1279 422 1292 443 ,

63 445 342 507 τετραμμέναι
365 445 408 490 δὲ
441 446 542 506 πρὸς
563 446 610 491 τὸ
645 448 787 493 δοκοῦν
811 448 988 511 πέλαγος
1015 454 1295 515 παρεκτείνειν

0 540 11 563 s,
61 514 135 568 τὴν
160 513 332 566 Ἰνδικὴν
355 513 425 558 καὶ
448 515 702 577 Γεδρωσίαν.
773 516 982 564 Ἐνταῦθα
1011 525 1126 581 κῦμα
1149 522 1224 583 μὲν
1247 527 1291 570 οὐ

0 578 23 605 A
59 582 233 642 γίνεται,
274 582 364 630 ἀλλ’
402 583 506 640 ἄλλη
544 584 683 646 (μὲν)
725 585 852 643 ἄλλης
887 590 1180 672 προκαθημένη
1222 596 1290 639 τὸν

4 651 25 676 ·“
59 650 246 699 κλύδωνα
261 653 341 701 τοῖς
361 653 629 714 ἀκρωτηρίοις
651 654 873 714 λαμὸάνει·
895 659 1026 720 ἀερων
1047 658 1089 704 δὲ
1113 660 1180 705 τὸν
1202 661 1290 724 ἀρι·

57 736 152 763 στον
171 720 355 764 δοκοῦσιν
376 720 502 781 ἔχειν.
571 721 739 776 Ταύτας
757 723 964 786 ἅνθρωποι
986 731 1291 790 κατανέμονται

59 787 219 849 ἀριθμῶ
243 786 317 847 μὲν
340 787 591 852 σύμμετροι,
616 793 764 844 ζῶντες
777 792 818 838 δὲ
844 794 930 856 βίον
953 802 1147 846 τοιοῦτον.
1215 800 1289 847 Ἐν

1 892 3 894 v
53 857 112 916 τῷ
131 856 358 919 παρήκοντι
373 860 569 919 πελάγει,
584 868 733 923 τραχεῖ
751 862 822 908 καὶ
839 866 1038 930 χειμερίῳ
1059 868 1289 931 ὑπάρχοντι

2 920 3 923 ¹
51 924 224 983 τελέως,
260 927 416 988 γίνεται
451 931 512 992 τῷ
547 929 696 976 πλάτει
732 932 803 977 καὶ
836 937 894 995 τῷ
932 936 1095 998 μεγέθει
1135 940 1289 995 πλῆθος

0 1006 2 1051 ᾗ
50 992 225 1041 ἄπιστον
260 998 476 1058 χελωνῶν,
511 997 558 1051 ἃς
596 1001 819 1054 θαλαττίας
857 1002 1007 1057 πάντες
1046 1007 1280 1067 νομίζομεν.

0 1095 1 1098 =
53 1056 185 1109 Αῧται
207 1065 349 1118 νυκτὸς
375 1066 448 1126 μὲν
470 1069 510 1112 ἐν
532 1070 591 1131 τῷ
615 1063 726 1134 βυθῷ
749 1070 968 1133 νέμονται,
990 1074 1147 1136 ἡμέρας
1171 1076 1213 1121 δὲ
1230 1079 1285 1129 εἷς

0 1154 11 1173 κ
47 1131 122 1188 τὴν
147 1135 188 1179 ἐν
213 1138 303 1195 ταῖς
335 1135 482 1192 νήσοιςι
497 1137 676 1200 ἡσυχίαν
713 1139 784 1185 καὶ
822 1142 1007 1203 γαλήνην
1035 1145 1283 1207 ἀφικόμεναι

47 1206 298 1264 κοιμῶνται,
326 1207 396 1251 καὶ
427 1210 547 1252 τοῦτο
569 1212 731 1254 ποιοῦσι
768 1210 870 1273 πρὸς
893 1210 962 1257 τὸν
984 1212 1098 1269 ἥλιον
1124 1214 1283 1273 μετέω-

47 1290 124 1334 ροι,
176 1278 264 1327 ταῖς
318 1277 706 1340 κατεστραμμέναις
750 1281 970 1342 πορθμίσιν
1009 1285 1281 1342 ὁμοιοπαθεῖς.

9 1341 11 1348 ’
45 1342 211 1395 Ταύτας
251 1345 344 1390 κατ’
380 1347 512 1393 ἐκεῖνο
544 1352 688 1411 καιροῦ
725 1349 762 1394 οἱ
801 1349 1014 1413 ἐπιχώριοι
1050 1352 1174 1415 τέχνῃ
1210 1353 1282 1399 καὶ

45 1413 203 1474 σπουδῇ
234 1412 304 1458 καὶ
345 1415 561 1477 μερμίθαις
584 1419 640 1468 εἷς
661 1415 736 1472 τὴν
766 1417 915 1481 χέρσον
940 1419 1205 1480 ἐκὸαλόντες,
1228 1423 1280 1468 τὰ

44 1479 119 1540 μὲν
145 1481 254 1534 ἐντὸς
278 1482 442 1529 ἅπαντα
477 1489 708 1542 σιτοῦνται,
739 1487 898 1549 βραχὺν
932 1491 1275 1553 παροπτήσαντες

41 1549 83 1594 ἐν
105 1553 161 1612 τῷ
195 1550 379 1611 καύματι
415 1553 587 1615 χρόνον,
612 1561 695 1606 τοῖς
728 1556 771 1601 δὲ
803 1555 946 1603 κύτεσι
967 1562 1151 1621 χρῶνται
1178 1561 1277 1624 πρὸς

39 1617 112 1670 τὰς
129 1618 350 1676 σκηνώσεις
362 1656 373 1677 ,
398 1621 518 1668 οἱονεὶ
532 1622 717 1675 καλύὸας
741 1623 804 1688 ἐφ’
820 1627 991 1688 ὑψηλοῖς
1009 1627 1148 1681 τόποις
1166 1648 1275 1692 πρη-

1367 330 1515 383 tivum,
1533 348 1668 390 neque
1678 336 1919 391 silvestrem,
1930 340 2127 384 distantes
2144 359 2168 386 a
2179 346 2287 390 dicta
2300 356 2533 400 continente
2542 363 2594 403 ad

1362 403 1617 456 septuaginta
1631 405 1775 458 stadia,
1791 423 1997 452 conversae
2007 411 2060 453 ad
2070 414 2234 469 pelagus
2249 421 2360 472 quod
2371 434 2517 476 praeter
2526 431 2594 470 In-

1361 467 1472 509 diam
1491 479 1532 511 et
1546 473 1788 517 Gedrosiam
1809 489 2025 522 excurrere
2042 491 2225 537 putatur.
2286 489 2364 529 Hic
2379 492 2512 534 nullus
2527 511 2595 537 ex-

1361 536 1466 577 sistit
1480 538 1644 592 fluctus‚
1665 543 1736 583 sed
1750 545 1827 585 alia
1844 547 1910 587 alii
1927 549 2043 602 quasi
2058 551 2295 605 praesidem,
2313 564 2592 613 tempestatem

1358 611 1654 661 promontoriis
1681 615 1846 669 excipit.
1906 618 2057 658 Aerem
2083 628 2220 661 autem
2240 623 2432 668 videntur
2446 629 2594 674 habere

1359 676 1579 729 optimum.
1638 680 1689 719 In
1708 680 1772 720 his
1789 694 2100 726 commorantur
2114 687 2301 730 homines
2317 707 2490 738 numero
2507 714 2593 741 mo-

1358 747 1468 799 dico,
1490 750 1562 804 qui
1583 751 1707 792 vitam
1727 752 1809 794 hoc
1829 755 1956 796 modo
1971 766 2215 801 sustentant.
2275 766 2322 804 In
2343 767 2591 814 circumfuso

1355 821 1499 876 pelago
1512 854 1524 874 ‚
1549 824 1663 879 quod
1685 825 1802 867 valde
1820 841 2012 883 asperum
2032 839 2093 871 est
2107 841 2149 873 et
2168 841 2503 895 tempestuosum,
2530 855 2588 887 tc-

1356 893 1571 936 studinum
1583 898 1701 952 copia
1710 899 1906 951 nascitur,
1921 914 2012 955 quae
2029 902 2244 947 latitudine
2252 918 2293 949 et
2307 916 2587 966 magnitudine

1354 965 1478 1008 fidem
1518 982 1648 1025 prope
1681 970 1902 1021 excedunt,
1935 987 2012 1029 pro
2046 978 2214 1019 marinis
2249 990 2384 1025 autem
2413 1001 2436 1027 a
2467 990 2585 1031 nobis

1354 1042 1547 1083 omnibus
1568 1043 1788 1087 habentur.
1849 1048 1923 1087 Hae
1941 1057 2070 1090 noctu
2095 1051 2138 1091 in
2158 1053 2367 1107 profundo
2382 1062 2503 1102 maris
2514 1078 2584 1118 pa-

1352 1123 1538 1167 scuntur,
1551 1117 1621 1157 sed
1634 1118 1817 1160 interdiu
1830 1121 1871 1161 in
1886 1121 2045 1175 quietos
2059 1132 2100 1164 et
2108 1128 2347 1181 tranquillos
2359 1131 2582 1179 insularum

1351 1202 1532 1229 recessus
1546 1191 1754 1233 venientes
1770 1192 2000 1240 dormiunt,
2021 1195 2147 1251 idque
2158 1199 2210 1239 ad
2228 1201 2353 1244 solem
2368 1205 2410 1246 in
2421 1221 2584 1253 summo

1351 1263 1579 1317 apricantes
1598 1264 1775 1315 faciunt,
1800 1269 1950 1308 eversis
1969 1270 2120 1311 similes
2142 1275 2351 1318 naviculis.
2374 1330 2378 1334 ι
2411 1282 2492 1323 Has
2515 1285 2583 1326 illo

1349 1337 1546 1392 temporis
1564 1347 1776 1380 momento
1798 1340 1941 1381 incolae
1959 1350 2046 1383 arte
2070 1352 2111 1384 et
2134 1346 2271 1388 studio
2293 1358 2333 1390 et
2355 1351 2522 1396 funibus
2540 1359 2582 1398 in

1348 1416 1499 1449 terram
1527 1411 1765 1463 extrahunt,
1787 1421 1828 1454 et
1857 1415 2057 1470 quicquid
2086 1418 2259 1462 interius
2291 1432 2366 1474 est,
2391 1426 2443 1467 ad
2461 1428 2583 1473 breve

1346 1490 1508 1537 tempus
1519 1483 1615 1524 solis
1637 1484 1796 1527 fervore
1810 1497 2004 1540 assatum,
2019 1492 2259 1546 comedunt,
2278 1505 2397 1539 testas
2419 1515 2516 1542 vero
2530 1505 2582 1546 ad

1347 1555 1497 1597 aedium
1528 1559 1878 1601 constructionem
1909 1572 2136 1618 usurpant;
2169 1572 2377 1622 gurgustia
2398 1575 2509 1616 enim
2538 1579 2580 1618 in

1346 1630 1466 1672 editis
1488 1631 1589 1673 locis
1619 1636 1897 1688 prominentia
1920 1636 2018 1677 inde
2049 1652 2359 1696 coagmentant3
2392 1648 2444 1689 ad
2469 1654 2580 1692 navi—

559 1719 2054 1737 Ἃ

36 1752 110 1812 γῆς
128 1750 328 1812 κείμεναι,
349 1754 500 1800 πολλαὶ
521 1754 593 1815 μὲν
615 1756 661 1801 τὸ
682 1759 849 1814 πλῆθος,
877 1759 1024 1822 μικραὶ
1041 1761 1082 1806 δὲ
1100 1763 1180 1813 τοῖς
1197 1781 1268 1822 με·

18 1820 168 1879 γέθεσι
192 1820 261 1866 καὶ
281 1822 494 1879 ταπειναὶ,
507 1824 665 1887 καρπὸν
682 1825 725 1870 δὲ
742 1825 825 1871 οὔθ’
846 1826 1003 1892 ἥμερον
1021 1828 1105 1875 οὔτ’
1126 1829 1267 1893 ἄγριον

17 1855 217 1951 ίέχουσαιι
286 1891 357 1937 Ἐν
380 1890 548 1945 ταύταις
580 1893 648 1939 διὰ
677 1895 752 1950 τὴν
784 1897 1021 1953 πυκνότητα
1052 1903 1166 1959 κῦμα
1192 1901 1265 1961 μὲν

18 1959 79 2017 οὗ
97 1958 275 2020 γίνεται,
301 1965 372 2006 τοῦ
402 1962 603 2015 κλύδωνος
637 1965 889 2027 θραυομένου
924 1967 1018 2030 περὶ
1042 1967 1112 2021 τὰς
1137 1969 1266 2032 ἄκρας

19 2030 113 2091 τῶν
134 2027 285 2086 νήσων,
310 2032 501 2091 χελωνῶν
521 2031 563 2077 δὲ
593 2035 821 2080 θαλαττίων
845 2037 1000 2093 πλῆθος
1020 2039 1264 2102 ἐνδιατρίὸει

19 2097 123 2168 περὶ
145 2096 236 2149 τοὺς
253 2099 399 2152 τόπους
417 2101 595 2158 τούτους,
615 2104 875 2166 πανταχόθεν
892 2111 1147 2169 καταφεῦγον
1164 2108 1264 2171 πρὸς

61 2165 101 2221 ’,ν
121 2168 167 2212 ἐκ
185 2171 259 2223 τῆς
278 2170 460 2229 γαλήνης
479 2172 651 2228 σκέπην.
699 2168 836 2219 Α’ῧται
861 2174 902 2219 δὲ
921 2176 994 2227 τὰς
1018 2176 1091 2234 μὲν
1116 2176 1263 2230 νύκτας

50 2253 69 2277 ν
96 2239 203 2296 βυθῷ
237 2238 512 2301 διατρίὸουσιν
554 2242 859 2301 ἀσχολούμεναι
888 2244 983 2305 περὶ
1010 2243 1084 2300 τὴν
1109 2246 1258 2304 νομὴν,

57 2301 101 2354 ὰς
120 2305 154 2347 δ’
177 2305 333 2367 ἡμέρας
359 2308 414 2358 εἷς
440 2308 515 2362 τὴν
541 2308 619 2353 ἀνὰ
643 2309 766 2369 μέσον
791 2314 871 2357 τῶν
891 2313 1028 2368 νήσων
1053 2314 1260 2361 θάλατταν

28 2375 226 2417 υοιτῶσαι
262 2379 487 2434 κοιμῶνται
527 2377 724 2442 μετέωροι
766 2387 849 2431 τοῖς
887 2381 1026 2427 κύτεσι
1056 2383 1156 2445 πρὸς
1189 2384 1258 2429 τὸν

33 2440 158 2498 ς’λιον,
185 2450 430 2507 παρεμφερῆ
459 2445 534 2502 τὴν
566 2447 767 2512 πρόσοψιν
794 2455 985 2497 ποιοῦσαι
1016 2455 1104 2504 ταῖς
1131 2472 1258 2500 κατε-

32 2512 309 2572 στραμμέναις
350 2514 537 2567 ἀκάτοις·
582 2517 752 2569 ἐξαίσιοι
792 2518 871 2581 γὰρ
920 2524 1002 2572 τοῖς
1048 2521 1256 2582 μεγέθεσιν

18 2553 21 2618 ί
50 2579 255 2642 πάρχουσι
279 2584 349 2626 καὶ
372 2587 452 2628 τῶν
485 2585 715 2647 ἐλαχίστων
739 2587 919 2633 ἁλιάδων
949 2591 1023 2635 οὐκ
1047 2592 1253 2643 ἐλάττους.

36 2650 80 2694 Οἳ
104 2648 145 2693 δὲ
169 2649 237 2701 τὰς
258 2651 403 2705 νήσους
431 2658 715 2707 κατοικοῦντες
741 2656 944 2720 βάρὸαροι
978 2659 1087 2703 κατὰ
1114 2661 1253 2704 τοῦτον

18 2765 19 2783 ¹
48 2718 88 2763 ὸν
120 2721 260 2781 καιρὸν
281 2720 418 2782 ἠρέμα
451 2723 757 2785 προσνήχονται
788 2733 878 2778 ταῖς
900 2727 1120 2787 χελώναις·
1157 2729 1255 2791 πρὸς

17 2786 19 2848 Ῑ
45 2787 211 2852 κάτερον
234 2788 276 2834 δὲ
308 2789 427 2852 μέρος
449 2792 778 2850 πλησιάσαντες,
803 2796 839 2840 οἱ
864 2795 937 2855 μὲν
972 2796 1191 2852 πιέζουσιν,
1217 2801 1253 2844 οἱ

18 2855 58 2916 ,δ’
78 2855 321 2920 ἐξαίρουσιν,
356 2859 431 2912 ἕως
464 2859 605 2906 ’ὕπτιον
633 2862 802 2922 γένηται
835 2865 882 2910 τὸ
916 2868 1044 2926 ζῷον·
1065 2865 1192 2911 ἔπειθ’
1216 2870 1252 2913 οἱ

20 2943 21 2966 1
57 2925 96 2971 ἐν
121 2926 159 2980 ἐξ
184 2927 378 2990 ἑκατέρου
406 2929 551 2992 μέρους
571 2932 793 2986 οἰακίζουσι
816 2934 883 2980 τὸν
914 2935 1006 2980 ὅλον
1027 2935 1161 2996 ὄγκον,
1185 2935 1250 2982 ἵνα

20 3023 22 3038 ι
55 2993 81 3050 ὴ
106 2997 281 3060 στραφὲν
302 2999 346 3044 τὸ
366 3001 466 3062 ζῶον
487 3001 557 3046 καὶ
574 3001 799 3063 νηξάμενον
816 3008 874 3067 τῷ
894 3009 967 3060 τῆς
983 3005 1140 3068 φύσεως
1159 3011 1252 3069 βοη-

22 3062 175 3124 ἰήματι
195 3066 301 3130 φύγῃ
323 3069 431 3114 κατὰ
450 3071 610 3132 βάθους,
631 3065 686 3125 εἷς
707 3074 741 3117 δ’
759 3073 864 3135 ἔχων
886 3074 1067 3137 μέρμιθα
1086 3076 1249 3138 μακρὰν

50 3135 91 3178 αὶ
110 3136 234 3190 δήσας
251 3141 323 3193 τ’ἧς
346 3141 468 3201 οὐρᾶς
492 3140 663 3203 νήχεται
679 3143 778 3205 πρὸς
800 3143 873 3199 τὴν
893 3149 968 3206 γῆν
991 3145 1060 3190 καὶ
1081 3147 1250 3209 προσέλ-

51 3222 136 3248 εται
179 3207 365 3268 μετάγων
398 3209 444 3255 τὸ
474 3212 575 3274 ζῷον
606 3212 673 3257 ἐπὶ
710 3212 783 3269 τὴν
820 3213 985 3277 χέρσον,
1027 3234 1248 3279 συμπαρα-

50 3276 294 3332 ομιζομένων
318 3280 396 3323 τῶν
422 3278 463 3332 ἐξ
486 3281 615 3343 ἀρχῆς
640 3281 714 3337 τὴν
738 3284 917 3329 ἐπίθεσιν
938 3285 1244 3346 πεποιημένων.

43 3343 156 3386 Οταν
176 3343 208 3386 δ’
231 3346 285 3396 εἷς
300 3345 373 3401 τὴν
393 3351 513 3403 νῆσον
531 3351 796 3411 ἐκκομίσωσι,
816 3353 867 3398 τὰ
885 3353 958 3414 μὲν
982 3355 1091 3407 ἐντὸς
1109 3355 1245 3400 πάντα

32 3409 180 3471 ,ραχὺν
199 3411 339 3473 χρόνον
361 3417 400 3460 ἐν
417 3417 520 3481 ἡλίῳ
539 3421 878 3481 παροπτήσαντες
897 3430 1244 3487 κατευωχοῦνται,

47 3479 101 3529 οἷς
121 3477 162 3522 δὲ
182 3478 341 3525 κύτεσιν
365 3476 453 3529 oiim
487 3489 749 3549 σκαφοειδέσι
772 3494 955 3552 χρῶνται
975 3493 1074 3554 πρός
1107 3513 1150 3539 τε
1176 3494 1243 3539 τὸν

43 3548 76 3597 ἷς
109 3545 180 3601 τὴν
218 3547 382 3612 ἤπειρον
417 3554 627 3612 διάπλουν,
664 3557 707 3602 ὃν
744 3565 953 3605 ποιοῦνται
977 3567 1048 3617 τῆς
1084 3563 1245 3625 ὑδρείας

51 3728 207 3768 laribus
235 3730 361 3771 tralzi.
388 3733 403 3783 (
419 3728 628 3775 Cf.'etia1n
647 3737 828 3778 AElianus
846 3741 940 3781 Nat.
958 3742 1097 3782 Anim.
1125 3745 1243 3796 XVI,

49 3802 72 3840 7
107 3798 148 3829 et
179 3792 315 3842 XVII,
351 3793 392 3833 3.
410 3795 426 3846 )
445 3796 463 3846 ΙΙ
480 3819 535 3826 —
569 3797 608 3837 5.
650 3798 715 3852 μὲν
753 3800 917 3842 inclusit
962 3803 1135 3846 Bekker.
1157 3809 1174 3858 Η
1191 3832 1248 3838 —-

31 3871 59 3890 .
80 3852 270 3908 ταύτας]
294 3854 444 3903 ταύταις
466 3857 609 3909 codd.;
628 3874 709 3901 em.
731 3862 904 3904 Bekker.
926 3868 1071 3917 11-8.
1095 3866 1246 3925 ἀριθμῷ

31 3910 62 3950 ὖ
74 3913 281 3970 σύμμετροι
298 3919 394 3968 AC;
413 3917 910 3980 ἀριθμούμενοι-σύμμετροι
924 3928 957 3966 Β
978 3936 1019 3968 et
1040 3942 1169 3983 marg.
1188 3933 1243 3982 C;

48 3976 114 4016 inc
143 3977 432 4033 ἀριθμουμένοις
462 3981 569 4037 conj.
602 3986 731 4026 Henr.
765 3988 1008 4042 Stephanus.
1047 3992 1247 4034 Dedimus

32 4038 134 4078 uod
152 4041 238 4081 aliis
253 4041 351 4083 loci's
366 4044 382 4096 (
396 4051 443 4084 ut
459 4046 480 4097 S
499 4047 551 4093 48
569 4044 582 4101 )
598 4056 742 4089 auctor
752 4064 950 4106 usurpare
961 4053 1076 4094 solet.
1098 4057 1115 4107 Η
1132 4080 1187 4087 -
1199 4057 1248 4098 δὲ

1345 1772 1388 1810 iu
1408 1773 1575 1813 Oceano
1598 1774 1740 1815 insulae
1773 1777 2000 1818 continenti
2022 1781 2282 1836 propinquae,
2308 1799 2482 1840 quarum
2501 1805 2577 1831 nu-

1343 1854 1481 1881 merus
1499 1842 1642 1896 ingens
1661 1853 1747 1895 est,
1775 1845 1846 1886 sed
1876 1848 2117 1901 magnitudo
2136 1852 2304 1906 exigua,
2330 1854 2577 1914 humilisque

1342 1908 1458 1959 situs,
1491 1919 1533 1950 et
1563 1925 1654 1965 quae
1684 1911 1822 1954 fructu
1857 1922 1941 1954 tam
1963 1918 2111 1970 agresti
2134 1933 2258 1974 quam
2287 1922 2396 1964 culto
2418 1937 2571 1970 carent.

1341 1979 1516 2033 Propter
1537 1989 1690 2022 arctam
1709 1983 1817 2023 inter
1835 1998 1878 2024 se
1900 1985 2190 2029 cohaerentiam
2218 1991 2330 2032 nulla
2353 1994 2396 2034 in
2415 1995 2464 2036 iis
2498 1998 2574 2038 flu-

1341 2055 1483 2088 ctuum
1516 2058 1578 2090 est
1606 2059 1849 2106 tempestas3
1882 2054 2047 2096 alluvies
2077 2058 2187 2099 enim
2215 2060 2268 2101 ad
2290 2069 2573 2116 promontoria

1339 2116 1565 2159 insularum
1587 2120 1848 2175 infringitur3
1882 2134 2099 2180 propterea
2132 2129 2275 2182 ingens
2310 2134 2566 2178 testudinum

1338 2186 1591 2227 marinarum
1621 2189 1739 2242 copia
1757 2198 1908 2231 tractus
1928 2192 2016 2233 illos
2036 2193 2288 2249 frequentat,
2311 2200 2495 2256 undique
2517 2205 2568 2246 ad

1335 2253 1416 2294 hoc
1432 2257 1734 2310 tranquillitatis
1750 2267 2031 2312 tegumentum
2046 2263 2294 2318 perfugiens.
2354 2270 2427 2310 Hae
2442 2282 2565 2314 noctu

1335 2322 1377 2361 in
1399 2322 1610 2376 profundo
1645 2336 1957 2368 commorantur
1985 2344 2060 2369 suo
2091 2341 2278 2374 vacantes
2313 2339 2472 2389 pastui3
2501 2341 2564 2380 in-

1333 2391 1472 2432 terdiu
1499 2407 1612 2433 mare
1633 2394 1776 2434 insulis
1798 2396 1980 2437 cinctum
2009 2399 2267 2453 introgressae
2289 2405 2400 2444 testis
2421 2406 2473 2446 ad
2500 2423 2563 2449 so-

1332 2458 1411 2499 lem
1434 2461 1577 2500 erectis
1596 2461 1789 2503 sublimes
1823 2462 2061 2516 dormiunt,
2093 2468 2288 2510 naviculis
2323 2482 2488 2526 aspectu
2508 2477 2560 2516 si·

1332 2529 1447 2569 miles
1465 2531 1630 2572 eversis.
1689 2534 1882 2574 Enormis
1900 2535 2010 2575 enim
2030 2535 2178 2578 harum
2209 2541 2450 2593 magnitudo
2470 2553 2529 2585 cst
2542 2577 2554 2595 ,

1330 2604 1485 2658 exiguis
1503 2607 1753 2661 piscatorum
1764 2609 1907 2650 lembis
1923 2610 2034 2651 haud
2048 2612 2199 2653 minor.
2258 2615 2425 2657 Barbari
2441 2633 2554 2673 ergo,

1329 2679 1400 2732 qui
1420 2680 1572 2721 insulas
1592 2681 1678 2722 illas
1700 2682 1886 2723 incolunt
1899 2714 1911 2734 ‚
1936 2698 2011 2739 per
2033 2687 2288 2728 occasionem
2308 2689 2417 2730 illam
2437 2693 2557 2733 tacite

1327 2750 1538 2803 adnatant,
1573 2762 1614 2793 et
1644 2755 1841 2809 utrinque
1875 2756 2136 2798 imminentes
2164 2758 2261 2800 hinc
2296 2760 2554 2816 deprimunt,

1326 2826 1438 2866 illinc
1455 2842 1618 2868 sursum
1639 2828 1795 2878 levant,
1814 2829 1951 2884 quoad
1967 2831 2117 2871 animal
2137 2833 2390 2887 resupinent.
2449 2837 2557 2878 Tum

1326 2901 1520 2955 utrinque
1539 2910 1668 2942 totam
1687 2902 1838 2943 molem
1861 2902 2046 2957 dirigunt
2060 2935 2072 2954 ,
2094 2919 2146 2945 ne
2167 2920 2363 2948 conversa
2394 2917 2558 2951 natura·

1324 2972 1372 3013 lis
1396 2988 1473 3029 ope
1506 2983 1668 3015 natatus
1698 2975 1880 3030 aufugiat
1911 2977 1954 3016 in
1984 2976 2256 3031 profundum.
2315 2982 2433 3022 Unus
2459 2997 2556 3025 vero

1324 3061 1373 3087 ex
1393 3047 1470 3088 illis
1495 3048 1636 3089 sunem
1654 3049 1862 3103 prolixum
1882 3057 2024 3090 tenens
2043 3058 2084 3090 et
2103 3050 2156 3090 ad
2175 3051 2346 3092 caudam
2371 3055 2554 3098 animalis

1324 3124 1564 3178 astringens,
1591 3125 1643 3165 ad
1660 3125 1755 3165 litus
1774 3133 1972 3179 praenatat
1987 3134 2027 3166 et
2045 3126 2194 3166 animal
2213 3127 2255 3166 in
2276 3129 2551 3171 continentem

1322 3199 1537 3253 pertrahit,
1564 3199 1855 3240 comitantibus
1877 3214 1900 3239 a
1918 3208 2032 3253 tergo
2054 3201 2195 3250 sociis,
2217 3201 2287 3254 qui
2308 3202 2431 3255 primi
2449 3217 2549 3257 prae-

1322 3269 1418 3310 dam
1438 3271 1612 3323 aggressi
1635 3278 1745 3310 sunt,
1806 3270 1917 3310 Illius
1935 3285 2030 3323 ergo
2054 3271 2095 3310 in
2122 3270 2234 3310 littus
2255 3271 2428 3312 traducti
2461 3288 2549 3313 car·

1320 3357 1392 3383 nes
1415 3343 1499 3384 sole
1518 3358 1602 3383 non
1623 3344 1678 3383 ita
1697 3342 1770 3382 diu
1790 3351 1937 3382 assatas
1953 3343 2142 3383 convivio
2157 3343 2273 3382 hilari
2296 3343 2516 3386 absumunt
2533 3362 2545 3396 ;

1320 3423 1431 3455 testae
1456 3424 1607 3465 autem,
1628 3415 1786 3469 scaphae
1811 3415 1941 3455 forma
1967 3429 2169 3465 concavae,
2203 3416 2467 3457 commodum
2490 3419 2547 3458 eis

1318 3505 1437 3531 usum
1462 3489 1645 3544 praebent
1659 3520 1670 3539 ,
1694 3497 1782 3529 tum
1818 3498 1864 3529 ut
1886 3490 1928 3528 in
1964 3489 2211 3529 continentis
2244 3504 2335 3529 oras
2368 3491 2547 3545 aquandi

1319 3563 1446 3616 gratia
1470 3562 1682 3614 enavigent
1697 3592 1707 3611 ,
1730 3569 1818 3600 tum
1839 3568 1885 3600 ut
1903 3561 2092 3601 cavitates
2113 3575 2264 3615 pronas
2288 3561 2407 3602 editis
2426 3563 2466 3602 in
2490 3562 2544 3603 lo-

1320 3745 1456 3798 βίον]
1479 3742 1518 3783 δὲ
1534 3741 1601 3782 τὸν
1628 3741 1709 3795 βίον
1729 3755 1819 3794 vgo.
1842 3744 1859 3794 Η
1877 3766 1933 3772 —
1952 3754 2017 3782 12.
2034 3740 2157 3796 ἡμέρα
2175 3744 2260 3783 ΑΒ.
2281 3745 2299 3795 Η
2316 3766 2372 3772 -
2393 3743 2440 3782 13
2463 3744 2545 3789 ταῖς

1316 3815 1409 3847 ante
1430 3806 1557 3856 νήσοις
1578 3819 1662 3844 om.
1688 3805 1735 3844 B.
1757 3806 1774 3856 ΙΙ
1790 3828 1847 3834 -
1872 3803 1935 3844 15.
1958 3805 2340 3859 κατεστραμμέναιςε
2359 3803 2542 3844 Diodoro

1316 3869 1479 3924 reposui
1496 3883 1573 3922 pro
1601 3881 1666 3921 vg.
1695 3867 2069 3922 κατεσκευασμέναις.
2091 3869 2109 3920 ΙΙ
2126 3891 2182 3898 --
2204 3880 2268 3920 19.
2293 3870 2459 3920 χρῶνται
2479 3865 2543 3912 τὰς

1319 3933 1523 3983 σκηνώσεις
1538 3931 1788 3976 καθιστῶντες
1799 3929 1918 3970 οἱονεὶ
1933 3929 2098 3976 καλύδας
2114 3928 2151 3969 ἐν
2168 3928 2325 3983 ὓψηλοῖς
2337 3928 2463 3974 τόποις
2475 3943 2541 3966 κα-

1320 3996 1518 4040 θιστῶντες
1547 3993 1820 4046 (καθίσταντες
1852 3991 1945 4032 cod.
1978 3991 2066 4047 B),
2092 3990 2214 4031 codd.
2237 3998 2277 4029 et
2298 3988 2432 4038 editt.;
2458 4003 2538 4030 em.

1318 4056 1569 4109 Wesseling.
1589 4054 1656 4095 ed.
1683 4055 1876 4106 Diodor„
1894 4061 2101 4110 praeeunte
2124 4052 2316 4093 Salmasio
2335 4050 2387 4092 ad
2409 4051 2535 4092 Solin.
