2756 4354
1110 171 1194 215 DE
1228 167 1579 217 CODIC1BUS.

16 303 23 314 =
78 280 242 342 ρίπλους
261 282 332 335 τῆς
355 277 555 338 Ἐρυθρᾶς
569 272 797 328 θαλάσσης.
818 272 1056 332 Repetitur
1071 272 1231 316 titulus
1251 272 1307 315 ad

73 356 212 401 'finem
237 354 316 399 fol.
339 353 396 404 54
434 365 536 403 vso,
564 348 822 407 iterumque
845 351 1076 402 monetur,
1116 356 1160 390 et
1186 355 1308 390 recte

75 414 259 492 quidem
286 445 297 473 :
316 425 557 488 Διώρθωται
573 423 672 484 πρὸς
690 425 735 468 οὗ
761 423 982 467 σπουδαῖον
1008 420 1272 482 ἀντίγραφον.

138 507 182 550 5.
207 503 303 552 Fol.
327 501 385 546 55
406 517 451 546 V.
471 499 529 544 56
559 499 594 544 R
616 514 626 544 :
647 497 844 548 Ἄννωνος
869 495 1165 557 Καρχηδονίων
1192 497 1306 556 βασι-

69 578 172 630 λέως
187 577 420 639 περίπλους.
435 575 545 620 Post
560 573 803 622 Gelenium
820 572 1015 617 contulit
1032 571 1206 616 Bastius
1219 570 1249 614 l.
1267 570 1301 613 l.

70 670 117 712 p.
139 659 196 705 42
219 662 264 698 et
283 650 551 710 Bernhardy
573 651 607 696 l.
629 651 659 697 l.
683 666 731 710 p.

79 744 81 746 ’
133 729 178 774 6.
222 727 319 772 Fol.
363 727 422 771 56
458 741 542 771 vso
580 741 591 769 ι
615 724 814 775 ’.Φίλωνος
845 722 1068 783 Βυζαντίου
1092 721 1186 783 περὶ
1225 724 1305 766 τῶν

70 800 176 846 ἑπτὰ
211 800 443 861 Θεαμάτων.
491 803 680 844 Mancus
720 797 908 843 libellus
947 799 1043 843 exit
1079 798 1128 842 in
1163 796 1307 842 verba

0 906 5 915 ι
73 878 153 924 fol.
179 878 238 938 59
253 893 337 923 vso
359 893 370 924 :
389 874 692 939 μετεωροφανὲς
706 874 776 920 καὶ
796 874 905 936 περὶ.
931 875 1178 922 Recentior
1201 889 1307 918 ma-

70 968 157 998 nus
177 952 372 1013 subjecit
396 969 406 997 2
433 951 580 998 Λείπει
604 950 738 1013 φύλλα
761 949 867 997 τινά.
893 950 1175 995 Exciderunt
1199 949 1307 994 folia

63 1040 239 1090 septem
260 1029 517 1089 posteriora
535 1027 846 1088 quaternionis
872 1025 943 1088 ιβ’.

136 1122 178 1161 7.
203 1104 303 1150 Fol.
326 1106 384 1148 60
408 1121 418 1148 ε
442 1102 525 1149 Σὺν
547 1105 625 1164 θεῷ
650 1101 970 1163 Χρηστομάθεια
994 1103 1039 1146 ἐκ
1062 1104 1141 1145 τῶν
1164 1099 1304 1160 Στρά-

76 1178 200 1229 gom<
219 1181 511 1240 γεωγραφικῶν
539 1176 725 1238 βιὸλίων.
761 1177 964 1222 Pertinet
979 1190 1125 1235 usque
1149 1175 1205 1219 ad
1226 1175 1303 1220 fol.

76 1256 160 1299 156
186 1255 262 1310 R.;
289 1256 432 1299 altera
446 1255 546 1298 folii
569 1254 737 1313 pagina
758 1268 905 1298 vacua
926 1262 1010 1297 est.
1206 1304 1209 1306 ¹
1271 1247 1273 1249 ¹

135 1331 179 1373 8.
200 1329 298 1374 Fol.
331 1329 415 1384 157
447 1327 483 1371 R
511 1344 522 1370 z
565 1326 839 1388 Πλουτάρχου
876 1325 969 1386 περὶ
1002 1328 1201 1385 ποταμῶν
1235 1325 1305 1371 καὶ

69 1405 173 1465 ὀρῶν
198 1401 434 1463 ἐπωνυμίας
457 1401 528 1447 καὶ
549 1404 627 1446 τῶν
652 1403 692 1446 ἐν
721 1403 858 1452 αὐτοῖς
895 1400 1208 1462 εὑρισκομένων.
1233 1402 1304 1446 Ad

67 1478 319 1536 marginem
342 1478 451 1533 *alia
499 1492 663 1522 manus
697 1494 706 1520 :
750 1475 1101 1538 Ψευδεπίγραφον
1156 1480 1298 1521 τοῦτο·

67 1552 206 1615 πόρρω
227 1550 306 1615 γὰρ
332 1555 404 1607 τῆς
425 1551 702 1613 Πλουτάρχου
725 1551 1002 1614 μεγαλοφυίας
1021 1550 1049 1602 ἥ
1070 1570 1114 1596 τε
1146 1551 1303 1596 διάνοια

67 1627 136 1674 καὶ
152 1627 363 1691 ἡφράσις·
383 1630 417 1674 εἰ
438 1628 496 1688 μή
516 1647 574 1680 τις
593 1627 728 1691 ἕτερος
747 1627 810 1685 εἴη
833 1626 1117 1690 Πλούταρχος.
1141 1629 1303 1673 Denuo

2490 203 2598 236 xvu

1374 286 1521 329 nuper
1557 272 1753 316 contulit
1782 263 1995 316 ¹Hercher
2035 274 2048 332 (
2079 275 2308 324 Plutarch.
2374 283 2438 327 Dc
2490 287 2597 335 fluv.

1374 343 1502 404 Lips.
1532 342 1684 406 1851).

1435 433 1478 475 9.
1501 418 1596 462 Fol.
1625 419 1734 474 173:
1748 418 1978 478 Παρθενίου
1997 437 2092 479 περι
2110 422 2311 481 ἐρωτικῶν
2330 430 2598 485 παθημάτων.

1441 509 1513 537 10.
1554 494 1651 539 Fol.
1695 495 1815 552 189:
1847 494 2082 540 Ἀντωνίνου
2118 496 2318 558 Λιὸεράλι
2322 518 2338 549 ς
2380 503 2600 566 Μεταμορ-

1373 566 1543 631 φώσεων
1567 569 1802 629 συναγωγή.

1440 660 1514 690 11.
1539 643 1638 691 Fol.
1664 661 1787 703 209:
1816 631 1982 708 Πάτρια
2004 651 2473 704 Κωνσταντινουπόλεως
2500 656 2604 700 κατὰ

1373 717 1572 780 Ἧσύχιον
1597 718 1866 782 ἷλλούστριον.

1440 813 1514 841 12.
1543 796 1637 841 Fol.
1675 797 1764 840 216
1788 811 1798 842 :
1844 795 2075 857 Φλέγοντος
2103 801 2362 861 Τραλλιανοῦ
2390 804 2607 848 ἀπελευθέ-

1373 890 1442 934 ρου
1453 871 1702 934 [Ἀδριανοῦ]
1712 872 1920 935 Καίσαρος
1928 873 2022 934 περὶ
2032 875 2269 933 θαυμασίων
2279 877 2348 920 καὶ
2358 878 2607 937 μακροὸίων.

1441 948 1514 994 13.
1547 947 1644 994 Fol.
1665 948 1754 992 235
1785 963 1796 994 ε
1835 947 2068 1008 Φλέγοντος
2101 949 2370 1010 ἀπελευθέρου
2402 950 2608 1012 Ἀδριανοῦ

1372 1021 1580 1084 Καίσαρος
1606 1023 1702 1084 περὶ
1716 1024 1796 1066 τῶν
1816 1021 2077 1082 Ὀλυμπίων.

1442 1105 1515 1150 14.
1543 1098 1640 1142 Fol.
1669 1100 1757 1143 236
1779 1113 1789 1144 :
1808 1098 2082 1143 Ἀπολλωνίου
2104 1098 2278 1160 ἱστορίαι
2296 1100 2537 1160 θαυμάσιαι.

1439 1174 1512 1220 15.
1553 1174 1651 1218 Fol.
1697 1175 1784 1228 243
1821 1191 1832 1218 z
1869 1173 2096 1235 Ἀντιγόνου
2143 1177 2331 1237 ἱστοριῶν
2370 1177 2607 1240 παραδόξων

1375 1249 1610 1309 συναγωγή.

1441 1325 1512 1371 16.
1527 1324 1624 1370 Fol.
1638 1325 1726 1368 265
1750 1342 1760 1368 z
1777 1323 2076 1386 Ἱπποκράτους
2090 1326 2228 1386 ἰητροῦ
2245 1324 2366 1388 Κῴου
2380 1327 2606 1374 ἐπιστολαί.

1443 1418 1513 1457 17.
1542 1400 1638 1446 Fol.
1662 1402 1750 1446 283
1774 1418 1783 1445 :
1812 1400 2141 1461 Θεμιστοκλέους
2165 1402 2394 1447 ἐπιστολαί.

1443 1478 1514 1523 18.
1543 1477 1638 1522 Fol.
1664 1479 1751 1522 303
1771 1495 1780 1522 :
1801 1477 2011 1538 Διογένους
2035 1479 2262 1525 ἐπιστολαί.

1442 1569 1512 1611 19.
1540 1552 1648 1597 Fol..
1674 1554 1761 1597 322
1799 1570 1809 1597 :

1370 1629 1528 1676 στολαί.

1850 1553 2030 1615 Βρούτου
2073 1552 2296 1613 Ῥωμαίων
2325 1553 2480 1599 ὑπάτου
2515 1556 2607 1599 ἐπι-

812 1738 1017 1776 Vaticanus
1043 1737 1161 1775 codex
1190 1740 1272 1776 143.
1295 1737 1609 1776 Vindobonensis.
1633 1739 1857 1777 Hafniensis.

133 1823 206 1867 25.
248 1823 372 1868 Inter
399 1823 485 1869 hos
520 1824 663 1882 igitur
700 1823 884 1868 libellos
925 1823 1176 1867 dolendum
1207 1833 1302 1867 erat

9 1900 11 1908 ⁴
67 1898 267 1958 priorem
279 1910 451 1959 partem
465 1899 636 1959 peripli
649 1899 786 1943 Ponti
797 1898 983 1953 Euxini,
999 1913 1134 1957 quem
1146 1907 1303 1942 auctor

66 1973 267 2018 incertus
291 1989 347 2018 ex
365 1974 562 2018 Arriano
582 1985 625 2018 et
647 1974 867 2034 Menippo
886 1972 1168 2033 etperiegesi
1190 1973 1304 2016 iam--

13 2061 16 2062 ⁷
64 2047 171 2092 bica
189 2048 432 2104 conflavit,
456 2049 506 2093 in
530 2049 688 2094 codice
715 2048 1102 2106 Heidelbergense
1123 2047 1303 2092 deside-

67 2122 178 2166 rari.
201 2122 289 2166 Sed
316 2123 461 2168 fausta
485 2123 669 2168 fortuna
695 2123 861 2168 accidit
883 2133 934 2167 ut
951 2122 1096 2167 codex
1117 2121 1299 2166 Vatica-

46 2212 151 2242 —-nus
201 2199 285 2249 143
328 2213 487 2243 eorum
528 2215 633 2259 quae,
663 2199 983 2244 desiderantur
1017 2214 1110 2242 non
1149 2199 1304 2242 omnia

65 2271 268 2331 quidem,
325 2274 547 2334 majorem
602 2285 748 2319 tamen
802 2286 980 2335 partem
1026 2274 1299 2334 suppeditet.

65 2345 385 2404 Fragmentum
419 2349 507 2392 hoc
535 2364 775 2408 perperam
812 2349 1111 2393 inscribitur:
1140 2347 1302 2407 Ἀρρια-

65 2423 134 2464 νοῦ
154 2420 375 2480 περίπλους
397 2420 544 2465 πόντου
570 2421 787 2476 mianton,
815 2431 938 2480 patet
971 2421 1175 2479 ejusdem
1205 2435 1302 2464 esse

64 2497 285 2551 auctoris,
328 2498 408 2556 qui
448 2498 650 2556 primum
689 2497 1089 2555 Heidelbergensis
1131 2499 1301 2543 codicis

62 2571 293 2630 periplum
317 2586 342 2615 e
360 2572 504 2616 variis
525 2571 832 2631 scriptoribus
849 2572 1156 2618 concinnavit.
1182 2573 1295 2616 Per-

60 2644 178 2689 tinet
223 2646 426 2690 narratio
475 2657 704 2706 superstes
742 2662 889 2705 usque
927 2646 982 2690 ad
1023 2646 1299 2706 Ophiuntem

62 2719 272 2773 fluvium,
308 2720 421 2765 adeo
454 2730 528 2780 ut,
558 2721 597 2766 si
623 2720 757 2765 ambo
787 2721 1040 2779 fragmenta
1070 2722 1120 2765 in
1158 2737 1299 2766 unum

60 2793 387 2854 conjunxeris,
425 2811 478 2840 ea
514 2805 688 2841 tantum
719 2812 825 2856 pars
857 2796 1160 2852 desideretur,
1201 2812 1301 2857 quae

1374 1834 1440 1868 est
1453 1823 1510 1867 ab
1523 1823 1755 1884 Ophiunte
1768 1825 1824 1868 ad
1836 1824 2031 1870 Tanain.
2045 1823 2249 1868 Vaticani
2259 1823 2369 1868 libri
2382 1825 2605 1884 fragmen-

1369 1915 1465 1950 tum
1505 1908 1750 1967 exscripsit
1782 1908 2046 1952 Holstenius
2059 1926 2070 1963 3
2111 1923 2136 1952 e
2167 1907 2344 1952 schedis
2383 1908 2605 1954 Holstenii

1369 1988 1549 2047 primus
1583 1989 1738 2034 'edidit
1771 1989 2033 2034 Hudsonus.
2075 2016 2137 2023 —
2178 1989 2391 2049 Ejusdem
2436 1991 2605 2050 peripli

1372 2083 1594 2134 excerpta
1604 2074 1808 2134 quaedam
1832 2074 2007 2135 praebet
2026 2074 2170 2119 codex
2184 2073 2477 2117 bibliothecae
2495 2073 2603 2117 Vin-

1369 2154 1675 2215 dobonensis,
1710 2166 1899 2201 testante
1932 2154 2177 2199 Lambecio
2212 2155 2261 2198 in
2302 2154 2599 2199 Commentat.

1369 2237 1436 2280 De
1466 2236 1582 2280 bibl.
1613 2236 1809 2282 Vindob.
1829 2237 1880 2292 V,
1899 2253 1945 2296 p.
1975 2237 2079 2282 153.
2102 2235 2401 2280 —Praeterea
2425 2235 2600 2280 Biblio-

1367 2317 1506 2361 thecae
1535 2318 1799 2361 Hafniensis
1841 2317 1985 2360 codex
2012 2317 2128 2375 1985
2162 2318 2346 2360 notitias
2384 2317 2599 2374 quasdam

1373 2396 1697 2455 geographicas
1731 2395 1883 2449 habet,
1919 2410 2031 2453 quas
2062 2410 2088 2438 a
2117 2395 2305 2441 Blochio
2350 2396 2599 2456 descriptas

1367 2456 1544 2536 primus
1579 2476 1722 2520 edidit
1740 2476 1949 2520 Osannus
1982 2474 2059 2537 (V.
2082 2485 2176 2519 not.
2204 2475 2259 2519 ad
2282 2492 2329 2535 p.
2351 2482 2438 2529 424
2458 2475 2490 2536 ).
2514 2476 2599 2522 Eas

1365 2559 1452 2602 hoc
1489 2559 1594 2603 loco
1630 2574 1934 2602 memoramus
1958 2568 2202 2618 propterea
2233 2558 2356 2617 quod
2381 2559 2599 2617 majorem

1365 2654 1542 2703 partem
1579 2654 1822 2688 versantur
1851 2644 1902 2687 in
1933 2642 2240 2687 describendo
2269 2642 2444 2687 ambitu
2465 2643 2599 2687 Ponti

1370 2720 1565 2776 Euxini,
1592 2721 1732 2780 idque
1764 2722 1828 2765 ita
1864 2720 2046 2780 quidem
2074 2731 2124 2764 ut
2156 2730 2304 2780 pateat
2341 2737 2422 2765 sua
2447 2731 2599 2766 aucto-

1367 2814 1462 2842 rem
1487 2815 1543 2843 ex
1559 2799 1741 2860 periplo
1766 2799 1996 2856 Anonymi
2021 2798 2167 2843 nostri
2191 2799 2441 2857 collegisse.

1080 2906 1208 2943 Codex
1235 2907 1464 2946 Matritensis
1498 2913 1578 2947 121.

130 2989 205 3033 26.
242 2988 457 3049 Superest
482 2989 626 3034 codex
661 2989 945 3034 Mati-isensis
982 3007 1085 3046 121,
1117 3006 1172 3034 ex
1207 3007 1298 3049 quo

16 3092 24 3096 -
62 3061 363 3109 Stadiasmum
393 3067 530 3110 maris
559 3065 713 3124 Magni
741 3067 886 3110 edidit
922 3066 1101 3111 Iriarte.
1128 3068 1194 3111 De
1213 3066 1299 3112 hoc

64 3138 168 3183 vide
188 3156 286 3199 quae
310 3142 573 3187 monuimus
591 3143 640 3187 in
661 3153 816 3189 annot.
843 3159 891 3203 p.
917 3150 1024 3200 427.
1056 3144 1213 3188 Denuo
1237 3144 1296 3188 li-

1370 2991 1504 3036 brum
1527 2993 1721 3037 contulit
1740 2992 1784 3037 E.
1800 2993 2024 3047 Millerus,
2045 3001 2148 3052 post
2168 2991 2297 3050 cujus
2310 3006 2492 3051 operam
2509 3007 2598 3035 non

1371 3067 1557 3112 subesse
1579 3068 1756 3128 putavi,
1775 3078 1825 3111 ut
1846 3068 1943 3127 ipse
1966 3083 2057 3126 quo
2081 3076 2282 3126 tempore
2304 3066 2474 3110 Matriti
2499 3082 2600 3110 ver-

1370 3142 1520 3199 sabar,
1540 3143 1658 3187 idem
1682 3143 1913 3201 negotium
1938 3141 2156 3187 subirem.

904 3255 1027 3292 Photii
1053 3256 1090 3293 et
1115 3255 1259 3292 Arriani
1284 3254 1430 3293 codices
1453 3266 1475 3291 a
1498 3255 1605 3292 nobis
1621 3255 1759 3292 collati.

16 3399 19 3402 ἱ
129 3350 203 3388 27.
247 3335 300 3379 In
339 3337 687 3395 Agatharchidis
728 3338 967 3398 E·xce1ptis
1012 3350 1178 3399 praeter
1217 3354 1294 3383 eos

67 3405 219 3451 Photii
251 3410 452 3467 codices,
486 3428 601 3471 quos
637 3413 864 3458 Bekkerus
901 3415 1129 3474 inspexit,
1168 3413 1293 3458 adhi-

66 3481 147 3525 bui
193 3483 393 3530 codicem
439 3488 702 3534 Parisinum
743 3490 798 3534 N.
858 3493 991 3535 1226.
1037 3491 1152 3535 Vide
1197 3501 1292 3536 not.

223 4084 360 4115 nmen.

1366 3356 1411 3399 p.
1438 3356 1451 3382 1
1470 3356 1484 3381 1
1500 3356 1539 3382 1.
1567 3338 1619 3382 ln
1642 3338 1830 3381 Arriani
1857 3336 2027 3380 Indicis
2052 3336 2227 3395 primus
2248 3334 2508 3394 comparavi
2523 3349 2598 3376 co-

1369 3415 1491 3458 dices
1530 3413 1764 3458 Parisinos
1823 3412 1927 3464 [256.
1978 3418 2111 3466 1407.
2162 3410 2294 3461 1438.
2339 3407 2450 3452 Vide
2499 3417 2596 3453 not.

1366 3490 1542 3549 p„306.
