2782 4348
120 206 204 266 (ω)

181 323 235 354 94.
264 307 384 356 Μετὰ
418 311 552 353 ταῦτα
589 306 632 352 δὲ
668 309 741 353 οὐκ
778 307 892 361 εὐθὺς
926 302 1094 371 ἐφεξῆς,
1117 311 1224 356 ἀλλὰ
1252 315 1342 370 μεθ’

112 376 232 438 ἕτερά
272 395 383 432 τινα,
425 374 533 420 ἔστιν
566 375 748 434 αἰγιαλὸς
782 377 839 427 εἷς
875 377 1105 439 ὑπερὸολὴν
1147 379 1344 442 κάθυδρος

112 465 202 492 εκτε
186 446 411 504 εινόμενος,
444 443 515 489 καὶ
554 463 601 489 το
625 445 1008 506 προσηγορευμένον
1040 447 1253 507 Λαιμὸν”
1228 467 1342 512 ορος,

112 515 318 573 ἀμύθητον
353 511 426 572 μὲν
451 514 674 575 ἀναφαῒνον
694 532 767 568 της
787 513 1036 577 περιμέτρου
1061 514 1107 561 τὸ
1143 516 1339 578 μέγεθος,

51 602 69 627 5
112 581 306 633 παντοίας
329 581 370 626 δὲ
393 581 492 638 ὕλης
508 583 673 645 δρυμοῖς
698 582 980 642 διεζωσμένον.

169 667 225 697 95.
253 650 349 697 Ὅτι
371 649 445 706 τὴν
471 651 736 713 ἀστυγείτονα
768 655 844 707 τῆς
866 654 1020 714 ὀρεινῆς
1041 653 1193 717 χέρσου
1209 654 1340 702 Δέὸαι

0 310 102 349 ΡΙιυῐ.

1052 210 1129 255 DE
1163 211 1318 258 MARI
1352 213 1725 265 ERYTHRAEO.

2558 249 2640 287 183

1472 326 1541 376 94.
1565 326 1663 366 Post
1695 327 1783 369 haec
1811 343 1896 370 non
1915 330 2115 370 continuo
2148 334 2330 386 quidem,
2354 338 2424 378 sed
2457 353 2547 395 post
2570 347 2644 388 alia

1414 391 1613 433 nonnulla
1644 393 1739 435 litus
1765 396 2003 437 extenditur
2034 397 2205 439 eximie
2222 401 2424 455 irriguum
2456 417 2496 447 et
2528 424 2643 453 mons

1415 457 1577 498 Laemus
1606 461 1839 513 (Chabinus
1867 463 2043 505 Diodor.
2062 466 2079 518 )
2107 466 2315 520 ingentem
2342 471 2534 514 circuitus
2562 493 2645 520 ma-

1413 525 1671 577 gnitudinem
1694 538 1926 583 ostentans,
1947 540 1988 572 et
2009 531 2206 574 arborum
2230 538 2364 578 omnis
2391 544 2547 592 generis
2570 548 2645 586 sal-

1410 591 1522 633 tibus
1544 594 1732 637 amictus.

1469 659 1538 713 95.
1571 662 1964 723 Finitimadeinceps
1976 666 2041 708 his
2063 671 2270 719 montanis
2295 672 2420 715 Debae
2442 676 2642 731 incolunt,

631 747 2137 769 Ἃ

0 793 26 830 >i
40 782 178 838 )ᾱ,τῆν
201 781 417 835 κάλλιστος
437 786 516 828 τῶν
540 786 595 835 εἷς
617 784 798 847 ἱστορίαν
831 786 1122 844 πεπτωκότων,
1143 790 1339 849 ὀνομαζό-

107 870 224 912 μενος
240 851 505 913 Χαρμουθάς.
573 852 682 899 Ὑπὸ
700 853 779 916 γὰρ
797 853 932 916 χηλὴν
953 854 1127 908 ἐξαίσιον
1150 859 1339 918 κεκλιμέ·

104 939 175 976 νην
196 920 298 983 πρὸς
316 921 483 984 ζέφυρον
499 921 650 975 κόλπος
670 922 778 968 ἐστὶν
800 927 845 968 οὐ
867 924 987 982 μόνον
1005 924 1112 970 κατὰ
1130 925 1204 982 τὴν
1228 927 1339 973 ἰδέαν

44 1010 83 1039 10
105 991 358 1051 θαυμαστὸς,
386 990 494 1037 ἀλλὰ
524 992 593 1037 καὶ
617 993 723 1038 κατὰ
742 992 815 1049 τὴν
846 995 1095 1082 εὐχρηστίαν
1126 997 1229 1043 πολυ
1249 998 1340 1050 τους

105 1061 284 1111 ἄλλους’
270 1060 500 1123 ὑπεράγων·
520 1062 701 1124 παρήκει
723 1061 803 1147 γὰρ
836 1064 956 1109 αὐτὸν
977 1064 1068 1127 ὄρος
1096 1067 1337 1130 συνηρεφὲς,

103 1129 375 1189 κυκλούμενον
395 1132 693 1193 πανταχόθεν’
676 1132 743 1177 επὶ
761 1133 947 1186 σταδίους
967 1134 1126 1179 ἑκατόν·
1144 1135 1336 1182 εἴσπλουν

104 1200 138 1243 δ’
104 1199 248 1260 οέχει
287 1199 513 1262 δίπλεθρον,
554 1202 674 1247 ναυσὶ
707 1203 926 1264 δισχιλίαις
959 1203 1159 1250 ἄκλυστον
1188 1205 1336 1266 λιμένα

103 1269 402 1331 παρεχόμενος.
470 1271 608 1333 Χωρὶς
634 1270 674 1316 δὲ
699 1271 851 1317 τούτων
875 1272 1040 1335 εὔυδρός
1058 1273 1104 1318 τέ
1126 1277 1214 1319 ἐστι
1244 1277 1335 1320 καθ’

42 1350 79 1379 15
104 1337 354 1401 ὑπερὸολὴν,
385 1344 574 1399 ποταμοῦ
601 1339 781 1400 μείζονος
805 1344 859 1393 εἷς
883 1342 1003 1387 αὐτὸν
1034 1342 1332 1404 ἐμὸάλλοντος,

101 1407 171 1451 καὶ
210 1406 316 1452 κατὰ
351 1407 478 1492 μέσον
513 1407 600 1469 ἔχει
637 1413 758 1465 νῆσον
794 1410 958 1472 εὔυδρον
996 1411 1067 1457 καὶ
1107 1413 1335 1473 δυναμένην

100 1475 208 1536 ἔχειν
231 1476 499 1536 κηπεύματα.
571 1479 762 1524 Καθόλου
791 1480 826 1525 δ’
846 1482 1146 1544 ἐμφερέστατός
1169 1484 1255 1528 ἐστι
1278 1486 1336 1528 τῶ

97 1544 205 1590 κατὰ
222 1544 294 1600 τὴν
314 1545 565 1607 Καρχηδόνα
589 1547 742 1608 λιμένι,
762 1550 1159 1614 προσαγορευομένῳ
1179 1551 1221 1596 δὲ
1245 1535 1337 1598 Koi-

98 1618 213 1660 θωνι·
250 1616 344 1678 περὶ
385 1634 429 1661 ου
467 1617 539 1669 τὰς
581 1617 690 1663 κατὰ
730 1617 849 1682 μέρος
893 1619 1138 1681 εὐχρηστίας
1173 1622 1213 1665 ἐν
1251 1625 1334 1674 τοῖς

35 1700 75 1729 20
98 1684 258 1738 οἰκείοις
286 1685 447 1748 χρόνοις
479 1687 759 1749 πειρασόμεθα
804 1690 991 1735 διελθεῖν.
1076 1689 1245 1751 Ἰχθύων
1293 1690 1336 1737 δὲ

97 1756 250 1810 πλῆθος
274 1758 319 1801 ἐκ
342 1759 414 1812 τῆς
430 1757 612 1817 μεγάλης
638 1757 843 1815 θαλάττης
874 1761 930 1811 εἷς
953 1758 1074 1804 αὐτὸν
1103 1761 1335 1822 ἀθροίζεται

97 1825 163 1870 διά
186 1844 230 1870 τε
252 1825 324 1881 τὴν
344 1826 539 1887 νηνεμίαν
559 1827 630 1872 καὶ
649 1827 723 1885 τὴν
747 1828 986 1890 γλυκύτητα
1014 1832 1096 1875 τῶν
1123 1832 1179 1882 εἷς
1211 1831 1333 1877 αὐτὸν

97 1894 268 1957 ῥεόντων
291 1896 467 1944 ὑδάτων.

159 1965 510 2027 Παραπλεύσαντι
533 1964 576 2012 δὲ
605 1967 696 2020 τοὺς
727 1968 876 2021 τόπους
907 1968 1071 2022 τούτους
1109 1969 1184 2032 ὅρη
1211 1971 1333 2016 πέντε

34 2050 73 2078 25
95 2035 337 2092 διεστηκότα
369 2036 559 2093 ἀλλήλων
584 2039 640 2089 εἷς
668 2036 771 2101 ὕψος
797 2038 1019 2096 ἀνατείνει,
1056 2039 1336 2100 συναγομένας

94 2105 241 2166 ἔχοντα
263 2104 335 2158 τὰς
353 2105 530 2169 κορυφὰς
554 2108 609 2159 εἷς
636 2107 826 2170 πετρώδη
848 2127 1023 2169 μαστον,
1042 2109 1333 2195 παραπλήσιον

94 2175 320 2235 φαντασίαν
340 2178 618 2222 ἀποτελουντα
634 2178 723 2230 ταῖς
741 2180 835 2223 κατ’
855 2178 1062 2239 Αιγυπτον
1088 2179 1334 2240 πυραμίσιν.

95 2241 217 2299 Εξης
242 2244 274 2288 δ’
295 2244 381 2289 ἐστι
405 2243 555 2296 κόλπος
585 2245 831 2308 κυκλοτερης
850 2246 1042 2306 μεγάλοις
1067 2247 1335 2309 ἀκρωτηρίοις

94 2311 408 2373 περιεχόμενος,
435 2317 480 2358 ου
511 2312 619 2358 κατὰ
644 2314 773 2374 μέσην
796 2314 870 2368 τὴν
892 2314 1108 2377 διάμετρον
1135 2316 1333 2371 ἀνέστηκε

32 2395 73 2424 30
94 2380 214 2442 λόφος
243 2380 528 2441 τραπεζώδης,
569 2383 630 2444 ἐφ’
658 2387 703 2428 οὗ
737 2390 843 2444 τρεῖς
871 2402 963 2428 ναοι
1000 2384 1230 2444 θαυμαστοι
1252 2392 1334 2437 τοῖς

96 2447 169 2493 ὔὺε
155 2467 235 2494 εσιν
252 2450 537 2512 ᾠκοδόμηνται
554 2454 653 2497 θεῶν
661 2451 973 2512 ,ἀγνοουμένων
993 2452 1066 2512 μὲν
1086 2456 1155 2498 ὑπ’
1177 2453 1332 2509 Ἑλλή-

94 2537 190 2574 νων,
212 2521 454 2577 τιμωμένων
479 2522 514 2566 δ’
540 2521 619 2566 ὑπὸ
640 2524 720 2567 τῶν
739 2521 951 2584 ἐγχωρίων
972 2522 1261 2586 διαφερόντως.

155 2603 208 2633 94.
247 2588 366 2635 Μετὰ
390 2589 433 2635 δὲ
459 2594 590 2635 ταῦτα
612 2590 798 2651 αἰγιαλὸς
820 2589 999 2651 παρήκει
1016 2592 1236 2654 κάθυγρος,
1254 2610 1332 2636 να-

95 2656 296 2714 ματιαίοις
329 2656 399 2702 καὶ
422 2657 591 2718 γλυκέσι
627 2658 797 2722 ῥείθροις
827 2660 1135 2719 διειλημμένος·
1171 2659 1262 2705 καθ’
1285 2658 1328 2704 ὅν

31 2739 70 2769 35
92 2729 200 2770 ἐστιν
220 2725 311 2787 ὅρος
337 2726 635 2787 ὀνομαζόμενον
657 2726 731 2787 μὲν
748 2728 952 2788 Χαὸἴνον,
976 2730 1141 2791 δρυμοῖς
1165 2729 1207 2774 δὲ
1229 2747 1330 2774 παν-

91 2796 280 2847 τοδαποῖς
302 2798 636 2856 πεπυκνωμένον.

83 2908 86 2913 ,
154 2882 211 2912 95.
250 2863 338 2920 Τὴν
364 2864 405 2910 δὲ
423 2866 569 2927 χέρσον
591 2865 665 2922 τὴν
690 2867 891 2928 ἐχομένην
911 2871 984 2923 τῆς
1004 2869 1161 2926 ὀρεινῆς
1181 2866 1330 2927 νέμον·-

93 2998 279 3040 bicorum
290 3014 355 3055 ap.
372 3001 539 3042 Graecos
552 3002 743 3042 varietate
754 3017 839 3042 non
852 3001 954 3043 adeo
969 3002 1241 3058 improbabile
1257 3010 1330 3042 est.

99 3062 114 3115 Η
138 3065 271 3111 -24,
295 3063 374 3117 ὄρη
399 3064 510 3104 πέντ
523 3079 538 3104 ε
557 3066 572 3119 ]
602 3064 724 3105 Illum
742 3079 824 3105 01·ae
839 3065 976 3105 locum
993 3073 1137 3106 auctor
1150 3064 1335 3118 designat

93 3138 175 3178 quo
185 3124 424 3166 altissimum
436 3125 612 3168 Raclualz
621 3125 784 3181 jugum,
799 3142 823 3168 a
835 3127 1006 3168 meridie
1013 3127 1181 3169 boream
1194 3142 1334 3167 versus

93 3186 278 3237 tendens,
310 3203 331 3228 e
358 3187 663 3230 mediterraneis
681 3190 733 3230 ad
759 3190 883 3230 maris
899 3190 994 3230 litus
1010 3190 1182 3232 accedit.
1211 3192 1334 3230 Mons

94 3262 175 3288 orae
206 3251 418 3304 proximus
443 3252 668 3306 appellatur
694 3253 838 3307 Djebel
859 3253 990 3303 Nabt,
1017 3253 1133 3309 cujus
1164 3254 1334 3293 vertices

95 3311 355 3363 pyramidum
382 3313 509 3353 instar
530 3329 615 3354 sese
637 3314 862 3355 attollentes
875 3316 1118 3371 Moresbyus
1147 3316 1335 3356 nominat

97 3372 295 3423 Scraggecl
313 3373 413 3423 hill,
442 3376 682 3429 Sagarloaf,
708 3377 820 3431 Cliff
830 3377 910 3418 hill
922 3410 931 3426 ‚
964 3387 1006 3418 et
1034 3393 1142 3433 pone
1160 3393 1229 3419 eos
1254 3378 1333 3418 alio

99 3434 238 3473 veitici
259 3434 381 3476 veiha
402 3437 549 3477 Roand
571 3438 783 3478 mountain
807 3439 1035 3495 adscripsit.
1067 3442 1148 3493 Qui
1183 3440 1333 3481 deinde

98 3509 256 3534 memor
258 3504 347 3536 atur
358 3497 470 3538 collis
482 3513 598 3552 τραπε
582 3500 723 3551 ..ζώδης
735 3515 830 3541 cum
841 3502 1001 3556 templis
1013 3502 1114 3543 de01
1118 3517 1203 3552 um,
1222 3517 1332 3557 quae-

98 3556 252 3596 iendus
284 3556 336 3597 ad
370 3561 451 3614 Cap
481 3560 646 3610 Beridi,
678 3563 744 3602 cui
776 3577 800 3603 a
825 3562 996 3603 meridie
1028 3563 1184 3618 adjacet
1220 3566 1332 3605 sinus

99 3632 181 3658 sem
188 3619 260 3658 icir
262 3618 421 3660 cularis.

155 3683 263 3732 §94-
289 3681 481 3735 Sequitur
508 3682 637 3723 litus
627 3684 855 3738 irriguum,
874 3685 992 3739 juxta
1025 3687 1139 3742 quod
1171 3697 1331 3730 montes

98 3742 265 3783 saltibus
283 3744 414 3798 opaci.
436 3745 499 3783 De
513 3743 660 3785 eodem
682 3753 817 3787 tractu
834 3748 889 3787 ita
907 3747 1031 3788 habet
1060 3749 1330 3791 Wellstedius

98 3807 153 3854 II,
171 3819 213 3858 p.
233 3805 345 3845 223:
371 3824 388 3840 «x
406 3805 461 3845 F1
463 3819 532 3845 om
550 3805 620 3846 the
648 3814 761 3847 town
777 3806 826 3847 of
836 3808 1012 3849 Yembo’
1032 3809 1101 3850 the
1117 3812 1331 3852 coast-line

99 3866 331 3907 soutliwa1d
349 3881 392 3907 as
412 3865 473 3907 sar
494 3881 537 3907 as
558 3867 703 3908 Sherm
732 3869 932 3910 Barcikah
960 3871 993 3911 is
1022 3870 1116 3922 low,
1147 3874 1326 3929 marshy,

99 3929 179 3969 and
192 3928 345 3984 thickly
359 3943 456 3970 over
457 3943 537 3970 run
550 3929 650 3970 with
666 3940 991 3985 mangrovetrees
1009 3931 1056 3989 (1
1058 3933 1326 3993 hizophora).

97 3991 296 4031 Yembo’
287 4005 318 4030 is
329 3990 570 4045 principally
586 3962 786 4046 suppliedo
786 3993 882 4033 with
899 3993 990 4034 fire-
974 4009 1027 4034 ἢν
1031 3994 1111 4035 ood
1127 3995 1233 4037 from
1249 3999 1329 4038 this

100 4061 228 4104 tiact3
252 4054 319 4094 the
349 4062 451 4094 trees
471 4067 539 4094 are
556 4052 684 4101 ,selled
710 4053 791 4094 and
810 4057 1028 4110 permitted
1052 4066 1093 4098 to
1108 4060 1263 4100 remain
1287 4061 1330 4100 in

1411 800 1724 844 Charmutham.
1782 805 1888 845 Nam
1920 806 2121 862 crepidini
2143 810 2229 864 ejus
2257 813 2452 867 prolixae,
2489 830 2570 871 qua
2591 819 2642 859 ad

1410 887 1646 943 Zephyrum
1664 891 1848 942 inclinat,
1873 894 1986 934 sinus
2008 910 2092 936 non
2113 905 2273 938 tantum
2293 899 2423 942 forma
2439 902 2645 946 admiran-

1411 974 1504 1027 duS‚
1526 976 1598 1018 sed
1618 979 1916 1021 commoditate
1939 982 2062 1022 etiam
2091 982 2210 1037 longe
2241 986 2406 1027 vincens
2427 988 2526 1028 alios
2545 987 2643 1027 sub-

1404 1062 1539 1117 jectus
1564 1074 1637 1106 est.
1699 1067 1879 1108 Silvosus
1901 1069 1944 1108 in
1972 1083 2067 1109 eum
2098 1085 2216 1111 mons
2235 1075 2455 1127 prominet,
2477 1075 2529 1116 ad
2551 1090 2644 1117 cen-

1410 1153 1500 1186 tum
1534 1147 1666 1189 stadia
1685 1148 1872 1204 undique
1901 1151 2198 1203 circumfusu53
2224 1153 2354 1196 duum
2385 1156 2642 1211 plcthrorum

1409 1229 1529 1280 ostio,
1554 1230 1618 1270 bis
1637 1231 1745 1271 mille
1768 1246 1891 1273 naves
1916 1235 2090 1289 excipit,
2109 1237 2373 1295 tranquillum
2396 1254 2420 1280 a
2451 1240 2642 1281 fluctibus

1406 1313 1576 1366 portum
1598 1313 1811 1354 exhibens.
1874 1317 1988 1368 Quin
2011 1319 2128 1372 aquis
2149 1319 2270 1359 etiam
2295 1321 2459 1375 optimis
2490 1322 2643 1364 redun-

1407 1393 1492 1444 dat,
1516 1408 1666 1449 magno
1688 1410 1731 1436 se
1756 1396 1884 1437 fluvio
1907 1398 1951 1438 in
1974 1413 2070 1439 eum
2103 1409 2365 1442 exonerante.
2424 1404 2473 1442 In
2506 1404 2643 1446 medio

1407 1474 1581 1516 insulam
1617 1477 1904 1532 complectitur
1947 1479 2143 1533 irriguam
2158 1512 2169 1531 ‚
2219 1481 2438 1522 hortorum
2476 1483 2643 1526 culturae

1406 1563 1558 1611 aptam.
1618 1558 1809 1614 Denique
1826 1573 1901 1614 per
1919 1561 2059 1602 omnia
2077 1562 2219 1602 similis
2238 1571 2298 1603 est
2316 1565 2455 1619 portui
2475 1566 2642 1608 Cartha-

1407 1639 1671 1692 giniensium,
1697 1641 1769 1695 qui
1793 1640 1958 1682 Cothon
1985 1651 2266 1698 nuncupatur,
2287 1644 2340 1685 de
2356 1645 2471 1699 cujus
2491 1662 2642 1703 oppor-

1406 1724 1582 1765 tunitate
1621 1739 1696 1766 suo
1731 1724 1893 1766 dicetur
1933 1725 2024 1767 loco
2064 1727 2312 1780 singulatim.
2385 1730 2535 1783 Magna
2581 1731 2640 1769 vis

1405 1807 1581 1862 piscium
1597 1821 1647 1847 ex
1669 1808 1835 1848 Oceano
1847 1816 2018 1864 propter
2031 1810 2365 1863 tranquillitatem
2385 1819 2424 1851 et
2442 1826 2640 1866 aquarum

1405 1886 1663 1928 affluentium
1683 1887 1944 1929 dulcedinem
1965 1889 2009 1929 in
2026 1903 2121 1929 eum
2144 1899 2430 1944 congregatur.

1464 1968 1597 2026 (Cap.
1628 1969 1729 2024 45.)
1768 1970 2086 2011 Praetervehenti
2115 1971 2202 2012 haec
2235 1972 2322 2013 loca
2350 1974 2533 2028 quinque
2568 1989 2642 2028 per

1406 2038 1667 2079 intervallum
1703 2046 1864 2079 montes
1896 2039 1937 2079 in
1972 2038 2100 2080 altum
2129 2054 2214 2080 sese
2242 2040 2425 2094 erigunt,
2461 2056 2640 2095 quorum

1405 2107 1576 2147 vertices
1590 2105 1854 2162 pyramidum
1870 2107 2154 2163 AEgyptiarum
2173 2109 2306 2163 specie
2322 2109 2364 2149 in
2384 2124 2509 2149 unam
2525 2112 2639 2164 quasi

1404 2175 1597 2230 papillam
1629 2182 1794 2215 coeunt.
1857 2175 1979 2215 Sinus
2000 2174 2098 2215 inde
2120 2175 2324 2216 rotundus
2339 2207 2350 2227 ‚
2381 2178 2538 2230 magnis
2561 2179 2639 2218 cir-

1404 2242 1671 2283 cumvallatus
1688 2243 2001 2297 promontoriis,
2019 2243 2190 2283 exsistit.
2249 2246 2299 2284 In
2316 2243 2431 2299 cujus
2450 2244 2638 2286 diametri

1403 2309 1543 2351 medio
1563 2309 1675 2350 collis
1696 2324 1848 2350 mensae
1881 2310 1924 2350 in
1948 2309 2121 2350 modum
2154 2313 2356 2365 exsurgit,
2382 2313 2424 2352 in
2447 2327 2530 2367 quo
2561 2315 2638 2354 tria

1402 2377 1602 2419 mirandae
1625 2378 1815 2419 celsitatis
1837 2377 1931 2418 fana
1951 2378 2124 2419 deorum
2138 2409 2150 2430 ,
2186 2378 2354 2420 Graeciae'
2386 2381 2552 2434 quidem
2576 2383 2638 2422 in-

1402 2447 1690 2501 cognitorum,
1729 2445 1800 2486 sed
1835 2460 1939 2501 quos
1975 2446 2120 2487 accolae
2163 2461 2326 2488 summo
2367 2450 2638 2490 venerationis

1402 2516 1515 2556 cultu
1532 2523 1856 2571 prosequuntur,
1879 2523 2084 2556 exstructa
2101 2524 2211 2556 sunt.

1458 2601 1527 2652 94.
1556 2600 1654 2639 Post
1675 2597 1763 2638 haee
1784 2597 1878 2637 litus
1914 2597 2097 2638 fontibus
2120 2606 2275 2638 scatens
2298 2607 2338 2638 ct
2367 2597 2497 2638 dulcis
2520 2613 2635 2654 aquae

1401 2686 1498 2725 rivis
1536 2685 1808 2739 interceptum
1846 2685 2068 2739 procurrit.
2129 2687 2179 2726 In
2206 2685 2286 2726 hoc
2322 2684 2532 2726 Chabinus
2565 2687 2636 2740 qui

1402 2778 1574 2813 vocatur
1593 2778 1678 2821 est,
1703 2770 1825 2810 variis
1848 2784 2000 2824 opacus
2018 2769 2200 2810 saltibus.

1461 2865 1529 2919 95.
1548 2866 1678 2906 Terra
1701 2864 1909 2904 montanis
1927 2863 2028 2904 locis
2042 2863 2218 2904 finitima
2239 2862 2291 2903 ab
2306 2863 2493 2904 Arabum
2507 2864 2635 2914 tribu,

1405 3000 1474 3040 the
1494 3013 1573 3039 sun
1594 2997 1701 3039 until
1721 2997 1818 3052 they
1836 3011 1906 3038 are
1923 2995 2119 3052 perfectly
2149 2995 2283 3037 dried.
2308 3016 2325 3032 n
2351 2997 2367 3051 ΙΙ
2390 3021 2447 3031 -.
2463 2997 2502 3037 3.
2524 2998 2588 3036 Λα
2603 3012 2637 3035 ι-

1405 3062 1464 3118 μὸ
1478 3077 1497 3103 ν
1515 3063 1530 3117 ]
1549 3061 1718 3102 Χαδῖνον
1741 3059 1966 3101 Diodorus.
1982 3058 2194 3112 Quidnam
2212 3059 2263 3099 sit
2275 3059 2409 3099 verius
2424 3059 2633 3113 quaeritur.

1402 3123 1637 3165 Diodorum
1676 3122 1892 3176 antiquum
1927 3129 2136 3162 auctorem
2175 3119 2393 3174 multisque
2425 3118 2635 3161 codicibus

1402 3187 1661 3242 superstitem
1684 3199 1808 3240 quam
1831 3184 2026 3226 Photium
2052 3184 2168 3237 sequi
2197 3182 2376 3223 mavelis.
2396 3183 2527 3223 Miror
2549 3184 2635 3223 Rit-

1402 3258 1536 3291 terum
1567 3249 1638 3303 qui
1671 3246 1964 3303 (Reichhardi,
1987 3254 2034 3286 ut
2056 3245 2232 3294 videtur,
2257 3244 2434 3285 ludibria
2455 3253 2629 3285 secutus

1401 3313 1455 3353 V.
1478 3312 1650 3353 Reiehh.
1678 3309 1809 3350 Klein.
1838 3307 2153 3360 geogr.Scl1slen
2173 3322 2214 3361 p.
2242 3306 2320 3354 452
2337 3308 2352 3360 )
2379 3306 2524 3361 Λαιμον
2548 3322 2634 3349 esse

1401 3384 1517 3430 putat
1534 3373 1679 3428 Djebel
1691 3372 1820 3420 Nabt,
1840 3372 2008 3411 Χα6ινον
2022 3385 2118 3410 velo
2132 3369 2265 3410 Shaab
2285 3369 2494 3423 Djabalalz
2505 3383 2633 3425 prope

1400 3437 1500 3478 Aba
1514 3435 1622 3477 Mad
1637 3448 1772 3489 prom.
1797 3441 1837 3473 et
1853 3433 2008 3474 Malear
2021 3440 2203 3487 portum.
2223 3430 2349 3483 Quod
2367 3445 2419 3472 ne
2435 3436 2523 3472 tum
2543 3434 2633 3486 qui-

1401 3499 1517 3549 dem,
1540 3498 1572 3538 si
1596 3496 1778 3536 diversos
1793 3503 1954 3535 montes
1968 3494 2162 3545 haberes,
2187 3501 2323 3549 posset
2337 3492 2513 3534 admitti.
2535 3495 2633 3535 Clea-

1401 3560 1491 3601 bini
1508 3559 1675 3600 nomine
1691 3557 1758 3598 ille
1772 3556 1885 3597 haud
1902 3555 2028 3597 dubie
2047 3555 2252 3597 indicatur
2265 3556 2394 3606 locus,
2412 3570 2496 3611 quo
2515 3571 2632 3597 mon-

1399 3624 1504 3663 tium
1522 3629 1689 3670 tractus,
1708 3618 1806 3659 inde
1820 3619 1872 3660 ab
1896 3619 2028 3660 Ianbo
2046 3619 2091 3660 in
2106 3618 2403 3660 mediterranea
2419 3619 2627 3669 recedens,

1400 3685 1537 3725 denuo
1552 3682 1604 3724 ad
1620 3697 1734 3723 oram
1749 3681 1906 3723 accedit
1920 3696 2050 3737 prope
2064 3685 2149 3724 Ras
2163 3682 2201 3722 el
2212 3684 2352 3723 Hama
2366 3682 2450 3722 sive
2463 3681 2630 3722 Abbialz

1401 3748 1486 3800 (sic
1500 3739 1741 3799 Berghaus.;
1759 3744 1913 3786 Attialt
1932 3745 1974 3785 in
1992 3759 2140 3800 mappa
2149 3744 2356 3799 Moresbyi
2373 3744 2406 3800 ).
2427 3744 2442 3797 Η
2455 3768 2511 3774 -
2523 3745 2562 3790 4.
2578 3742 2627 3782 τὸ

1401 3808 1646 3864 μέγεθος]
1671 3806 1716 3847 τὸ
1735 3821 1820 3848 om.
1846 3809 1931 3848 AB.

1454 3874 1475 3923 §
1505 3873 1573 3912 95.
1611 3869 1639 3911 l.
1667 3874 1706 3911 6.
1742 3869 1772 3909 Δ
1785 3869 1830 3910 ἑῧ
1844 3885 1893 3910 αι
1912 3871 1928 3925 ]
1969 3870 2127 3911 Δεδεὸαὶ
2159 3869 2281 3910 codd.
2317 3867 2473 3913 Photii;
2515 3865 2627 3906 Δέὸαι

1399 3932 1607 3974 Diodorus
1621 3940 1660 3972 et
1676 3931 1977 3973 Artemidorus.
1993 3933 2098 3973 Cum
2117 3930 2241 3971 Debis
2258 3929 2406 3969 nostris
2422 3927 2627 3981 fluvioque

1400 3995 1578 4036 auiifero
1601 3995 1810 4048 regionem
1840 4009 1985 4035 eorum
2014 3992 2246 4049 perlabente
2316 3988 2625 4044 componendus

1402 4057 1510 4114 apud
1539 4057 1802 4098 Ptolemaeum
1836 4067 1894 4098 est
1928 4057 1999 4097 Oe'?
1981 4072 2043 4096 οαι
2066 4055 2148 4111 (sic
2186 4058 2208 4102 4
2240 4051 2394 4107 codd.)
2420 4051 2480 4092 vel
2503 4051 2626 4103 Θῆῧαι
