2756 4354
139 202 221 239 οτι
460 214 505 259 0

139 289 303 336 Potius
347 285 589 347 legendum
625 294 694 331 est
729 285 802 340 τῆς
833 281 1043 343 'Amen-fic,
1081 278 1206 340 (Ιῦοἆ
1238 278 1375 325 etim

142 366 172 428 5
199 373 250 420 4ι
290 364 341 410 in
376 361 597 425 Ἆραὸικῆς
635 356 797 420 abiit).
831 357 1004 402 Laecus
1046 369 1254 416 purpura
1283 363 1376 412 est,

141 455 277 502 quam
316 438 471 484 indice
487 436 647 483 dicunt
665 436 792 487 lata,
822 429 1004 490 vulgari
1026 429 1188 488 lingua
1211 429 1376 474 lakkha

141 514 215 560 vel
241 513 377 560 etiam
399 516 519 556 raa-d
546 510 601 573 (a
635 523 770 568 mag,
792 506 827 552 i.
852 520 892 550 e.
916 504 1146 565 tingere),
1164 514 1377 550 monente

140 589 360 636 Lassenio
380 587 411 633 l.
442 587 476 633 l.
510 601 559 647 p.
592 584 707 638 316,
727 581 807 642 qui
840 579 898 626 de
920 579 1096 627 insecto
1121 594 1375 642 purpuram

142 666 273 711 istam
295 661 527 724 praebente
542 657 694 705 laudat
712 656 1014 704 Guilielmum
1033 654 1286 717 Roxburgh
1306 659 1377 703 On

140 742 315 785 theLac
330 741 469 784 insece
482 736 530 781 in
553 738 700 782 Ase'at.
722 736 824 780 Res.
834 733 931 782 vol.
948 732 1092 796 111‚p.
1106 734 1193 787 364
1205 749 1378 795 sqq.—

140 813 186 861 Μ
203 828 362 875 αργαρ
376 810 391 855 ί
399 828 514 865 της,
532 806 671 860 ἱκανὸς
697 806 771 854 καὶ
793 807 1001 872 διάφορος,
1023 823 1127 871 exp.
1151 808 1315 854 Muziri
1334 817 1380 854 et

139 885 369 948 Nelcynda
390 886 434 946 (5
452 885 544 944 56).
568 883 637 930 cf.
654 883 833 931 πινικόν.
852 910 909 920 ·-
928 885 1088 945 Νῆμα
1104 884 1335 947 Σηρικὸν
1353 898 1380 929 e

139 962 388 1007 'rhinarum
402 970 524 1006 terra
536 959 812 1021 importatur
826 959 1060 1021 Barygaza
1067 959 1168 1006 etin
1184 958 1381 1020 Limyri-

140 1037 432 1099 cesemporia
449 1036 492 1096 (5
510 1036 606 1095 64);
630 1050 736 1097 exp.
762 1034 1008 1095 Barygazis
1025 1035 1071 1096 (5
1094 1035 1168 1095 49)
1187 1049 1379 1081 necnon

139 1128 196 1158 ex
218 1111 465 1158 Barbarico
488 1110 591 1156 ludi
614 1110 824 1172 emporio
850 1110 892 1171 (5
931 1110 1029 1170 39).
1055 1136 1115 1144 —
1142 1108 1380 1157 Πινικίου

139 1187 292 1250 κόγχου
310 1184 588 1247 κολυμὸήσιις
615 1186 808 1232 πλεῖσται
825 1183 935 1231 κατὰ
953 1184 999 1231 τὸ
1021 1184 1157 1246 στόμα
1175 1187 1247 1241 τῆς
1271 1187 1383 1248 Πιρ-

139 1266 256 1319 σικῆς
274 1260 484 1318 θαλάσσης
506 1262 547 1321 (5
573 1261 670 1322 35).
697 1262 795 1307 Πιν
810 1259 920 1306 ικὸν
934 1294 947 1317 ,
962 1260 1068 1306 πολὺ
1087 1259 1324 1323 μὲν,χιῖρον
1337 1259 1380 1306 δὲ

70 1365 73 1368 ·
138 1342 211 1385 τοῦ
235 1338 410 1386 Ἰνδικοῦ
434 1353 540 1399 exp.
570 1352 629 1383 ex
651 1337 848 1399 Apologi
875 1347 921 1383 et
947 1336 1137 1383 Omanis
1159 1338 1380 1399 emporiis

141 1415 184 1479 (5
206 1414 298 1475 36).
325 1415 499 1461 Πινικοῦ
524 1411 780 1473 κολύμὸησις
801 1412 859 1459 ad
881 1412 1079 1460 Colchos
1105 1415 1152 1459 in
1175 1413 1380 1459 Pandio-

140 1490 215 1537 nis
249 1504 393 1550 regno
433 1506 579 1552 prope
618 1489 838 1551 Epiodori
883 1490 1107 1547 insulam3
1142 1490 1380 1536 collectum

143 1575 478 1627 transportatur
507 1566 556 1611 in
580 1564 753 1626 Argalu
791 1566 940 1611 locum
977 1565 1378 1623 mediterraneum,

142 1641 224 1689 ubi
261 1640 555 1704 μαργαρίτιδες
573 1642 629 1703 (Τ)
665 1640 842 1693 σινδόνες
867 1642 1175 1688 conficiuntur
1217 1644 1259 1703 (5
1283 1642 1378 1703 59).

140 1718 411 1778 Margaritas
445 1716 580 1764 habet
618 1718 755 1764 etiam
794 1716 1073 1779 Taprobane
1100 1719 1144 1779 (5
1175 1716 1380 1781 61).1m-

143 1802 386 1855 portantur
408 1793 457 1839 in
470 1792 673 1852 Gangem
693 1792 951 1853 emporium
979 1794 1020 1853 (5
1045 1790 1136 1853 63).
1163 1821 1218 1829 —
1246 1795 1286 1840 11
1301 1812 1382 1855 ορ-

141 1867 299 1932 φῦρα,
325 1866 515 1930 διάφορος
549 1867 622 1912 καὶ
641 1866 816 1929 χυδαία,
841 1882 897 1912 ex
924 1867 1117 1929 AEgypto
1142 1869 1256 1929 imp.
1282 1868 1380 1913 Mu·

142 1959 240 1991 tam
257 1944 302 2005 (5
313 1945 391 2005 al.)
407 1954 453 1990 et
463 1943 618 1989 Canen
640 1944 683 2004 (5
697 1945 770 2003 28)
789 1954 833 1989 et
854 1944 1108 1990 exOmanis
1123 1955 1167 1990 et
1187 1945 1381 2006 Apologi

143 2033 297 2081 empp.
314 2018 549 2080 Barygaza
563 2019 607 2078 (5
622 2020 718 2078 36).
737 2015 1097 2081 -Ῥινόκερως
1114 2030 1384 2081 exportatur

143 2094 348 2142 exAduli
366 2094 408 2159 (5
425 2096 471 2156 6)
486 2105 531 2141 et
543 2094 724 2140 Azaniae
735 2095 957 2155 emporiis
969 2096 1013 2156 (5
1033 2095 1155 2155 7).—
1172 2095 1382 2154 Χελώνη

147 2184 254 2232 exp.
277 2169 418 2216 Aduli
438 2171 563 2231 (56),
589 2170 771 2216 Aualite
794 2172 854 2231 (7)
872 2189 885 2228 ;
912 2170 1085 2228 ἀληθινὴ
1109 2171 1179 2217 καὶ
1204 2172 1382 2235 χερσαία

141 2244 288 2306 ὀλίγη,
322 2244 394 2291 καὶ
421 2242 548 2301 λευκὴ
587 2245 810 2307 μικροτέρα
842 2251 924 2297 τοῖς
957 2245 1193 2308 ὀστράκοις,
1230 2248 1383 2294 Ptole-

143 2319 294 2365 maide
316 2320 358 2380 (5
379 2320 450 2379 3);
474 2318 709 2381 χελωνάρια
730 2319 875 2380 ὀλίγα,
901 2319 1102 2382 Mossylo
1127 2323 1167 2382 (5
1191 2323 1295 2383 1o);
1315 2340 1385 2385 χε·

143 2392 253 2450 λώνη
289 2393 465 2449 πλείστη
502 2393 574 2438 καὶ
608 2393 890 2457 διαφορωτέρα
914 2398 987 2450 τῆς
1028 2395 1157 2451 ἄλλης
1171 2430 1184 2453 ,
1219 2397 1384 2459 Opone

146 2469 201 2528 (i5
230 2469 331 2528 13);
361 2467 498 2530 ὀρεινὴ
521 2484 546 2513 e
568 2468 860 2514 Menuthiade
888 2469 977 2515 ins.
1016 2470 1059 2534 (5
1088 2470 1182 2531 15);
1209 2473 1383 2529 πλείστη

143 2556 187 2591 et
208 2545 396 2607 διάφορος
431 2544 536 2604 μετὰ
564 2545 640 2600 τὴν
661 2545 858 2606 Ἰνδικὴν,
883 2562 942 2592 ex
964 2548 1144 2594 Azaniae
1163 2550 1385 2611 emporiis

145 2620 188 2680 (5
211 2621 283 2665 16.
316 2621 416 2679 17);
441 2618 612 2675 ἀληθινὴ
629 2618 700 2665 καὶ
723 2621 901 2683 χερσαία
918 2621 988 2668 καὶ
1003 2625 1029 2678 ἡ
1050 2623 1195 2679 λευκὴ,
1209 2625 1383 2682 πλείστη

146 2691 190 2739 δὲ
228 2693 299 2738 καὶ
332 2692 518 2755 διάφορος
551 2700 632 2746 τοῖς
654 2694 871 2757 ὀστράκοις
899 2696 1059 2757 μείζοσι
1086 2702 1113 2755 ἡ
1148 2699 1302 2761 ὀρεινή,
1328 2715 1386 2746 ex

147 2768 463 2814 Dioscuriadis
495 2772 580 2815 ins.
628 2772 671 2830 (5
710 2772 781 2816 30.
816 2774 920 2834 31);
945 2774 1068 2830 ἱκανὴ
1106 2791 1131 2821 e
1152 2776 1386 2839 Serapidis

147 2843 298 2889 insula
318 2842 362 2906 (5
377 2844 471 2902 33).
485 2842 537 2889 Ἡ
556 2845 718 2905 χελώνη
733 2850 805 2901 τῆς
816 2848 981 2910 Χρυσῆς
993 2849 1118 2905 νήσου
1128 2851 1294 2898 πάντων
1304 2855 1384 2898 τῶν

146 2916 257 2964 κατὰ
273 2916 348 2972 τὴν
366 2915 569 2979 Ἐρυθρὰν
590 2918 725 2964 τόπων
744 2922 915 2982 ἀρίστη,
935 2925 961 2982 5
980 2926 1058 2970 63.
1079 2924 1141 2972 ‘'ll
1165 2945 1207 2971 τε
1230 2928 1387 2989 Χρυσο-

146 2989 372 3050 νησιωτικὴ
385 2991 456 3037 καὶ
472 2995 498 3047 ἡ
515 2991 611 3054 πιρὶ
627 2992 699 3045 τὰς
714 2994 859 3050 νήσους
881 2995 953 3047 τὰς
965 2999 1236 3059 προκειμένας
1261 3003 1386 3057 αὐτῆς

93 3061 105 3070 ’
145 3066 221 3122 τῆς
230 3068 463 3129 Διμυρικῆς
474 3076 743 3128 exportatur
758 3068 921 3115 Muziri
933 3071 1218 3132 etNelcynda
1238 3074 1280 3133 (5
1295 3074 1383 3136 56).

146 3140 359 3203 Denique
375 3139 653 3203 Taprobane
676 3143 947 3190 testudinem
974 3145 1113 3191 habet
1135 3149 1176 3206 (5
1195 3148 1289 3207 61).

209 3214 297 3262 ΙΙΙ.
322 3214 510 3263 Pus-ru
541 3234 597 3263 ιτ
630 3234 728 3272 001
760 3236 817 3265 tx
867 3236 1049 3266 »tauris
1084 3238 1383 3270 novamus-r.

144 3288 291 3350 Ἀλόη
325 3302 596 3357 exportatur
631 3309 657 3340 e
678 3294 801 3341 Cane
838 3295 879 3359 (5
904 3298 1000 3357 28).
1034 3324 1095 3332 --
1114 3297 1153 3344 Ἀ
1170 3297 1386 3359 ρώματα

148 3368 345 3430 (εὐωδία,
382 3368 623 3430 θυμιάματα
646 3371 661 3431 )
698 3386 756 3417 ex
792 3371 968 3419 Aualite
1006 3373 1047 3434 (S
1088 3375 1161 3435 7),
1183 3373 1388 3437 Mossylo

148 3443 190 3503 (5
214 3445 299 3494 ιο).
324 3443 448 3490 luter
466 3444 507 3489 T
508 3444 696 3492 abarum
710 3446 885 3509 species
901 3449 943 3508 (5
970 3449 1042 3509 12)
1064 3461 1384 3497 recensentur:

70 3552 74 3559 .
148 3516 286 3580 ἆσῦφη
309 3520 380 3564 καὶ
407 3519 572 3581 ἄρωμα,
595 3521 667 3567 καὶ
700 3522 869 3584 gad-sxa,
891 3533 936 3570 et
959 3524 1173 3570 similiter
1190 3525 1238 3571 in
1264 3526 1389 3589 Opo-

146 3607 229 3640 nes
273 3594 503 3642 mercibus
525 3614 535 3641 z
573 3598 727 3643 κασσία
761 3598 832 3644 καὶ
868 3599 1019 3662 ἄρωμα
1052 3600 1123 3646 καὶ
1162 3602 1306 3661 μότω;
1333 3603 1382 3649 in

45 3680 53 3688 ·
146 3668 320 3731 quibus
343 3670 533 3717 forsitan
557 3683 729 3719 certum
753 3675 982 3734 quoddam
1019 3688 1268 3723 aromatum
1307 3694 1384 3739 ge-

146 3758 235 3791 nus
250 3744 343 3791 κατ’
351 3743 499 3809 ἐξοχὴν
515 3758 706 3794 vocatur
715 3748 863 3809 ἅρωμα
876 3750 949 3813 (an
964 3752 1302 3798 cinnamomum
1315 3755 1349 3809 Ρ)
1366 3772 1379 3812 ;

145 3818 340 3866 fortasse
357 3820 493 3867 etiam
518 3836 603 3883 pro
630 3821 781 3886 ἄρωμα
802 3824 889 3885 leg.
927 3825 1072 3887 ἀρηὸὼ
1088 3862 1100 3886 ,
1136 3839 1183 3872 ut
1205 3829 1250 3873 in
1287 3839 1380 3877 not.

130 3964 137 3990 ‘
195 3968 245 4018 Γ)
269 3971 398 4016 Quum
425 3971 630 4020 genuinum
655 3973 923 4012 cinnamonum
952 3975 1087 4022 (ce‘tm.
1109 3977 1367 4016 Zeilam'cum
1389 3979 1403 4026 )
1424 3978 1527 4027 quod
1554 3990 1622 4018 nos
1642 3981 1838 4027 novimus,
1868 3981 2013 4020 nonnisi
2039 3981 2077 4020 in
2099 3981 2322 4031 Taprobane
2340 3983 2554 4032 proveniat,
2572 3971 2708 4033 pluri-⁴

148 4023 199 4060 mi
219 4025 380 4063 credunt
409 4025 446 4064 ln
477 4026 594 4077 Libya
616 4037 804 4078 nusquam
840 4029 877 4068 id
903 4030 1022 4078 nasci,
1048 4030 1112 4070 sed
1136 4032 1237 4080 quod
1264 4043 1308 4071 ex
1331 4032 1445 4073 indiae
1477 4036 1654 4084 emm-iis
1677 4037 1713 4074 in
1736 4037 1950 4076 Barbariam
1974 4040 2013 4077 et
2042 4038 2131 4077 hinc
2158 4037 2206 4077 ad
2234 4037 2326 4078 alios
2354 4037 2624 4089 devehebant,
2646 4037 2689 4079 l}
2718 4094 2721 4095 ⁷

1171 175 1643 226 PROLEGOMRNA.

1441 278 1700 341 suspicatus
1714 294 1829 327 sum.
1851 307 1913 315 —
1934 280 1976 331 ’Δ
1989 280 2046 327 σύ
2059 298 2146 343 φη,
2169 282 2328 330 cassiae
2356 298 2520 343 genus,
2546 301 2575 334 ο
2646 273 2660 290 ³*

1440 350 1517 400 bis
1537 350 1581 417 (5
1604 352 1768 415 12).—
1788 354 1993 402 Βδίλλα
2016 354 2162 418 (hanc
2181 356 2372 404 formam
2393 374 2481 421 pro
2499 358 2578 406 vul
2593 384 2613 413 3.

1444 426 1630 490 βδίλλιον
1663 429 1796 476 affert
1829 430 1966 476 etiam
1999 430 2284 495 Hesychius)
2305 434 2508 481 nascitur
2529 435 2579 483 in
2612 438 2641 500 ι’,

1444 503 1674 550 maritima
1688 504 1930 552 Gedrosiae
1952 505 1995 568 (5
2030 504 2131 568 37);
2157 517 2426 569 exportatur
2456 524 2482 555 e
2510 510 2620 557 Bar

1445 578 1543 624 rico
1571 577 1629 624 ad
1645 578 1858 626 Sinthum
1878 580 1924 625 fl.
1958 581 2169 642 emporio
2188 582 2233 641 (5
2258 581 2359 644 39);
2377 574 2662 636 emediterra

1444 653 1543 700 neis
1563 653 1709 700 fertur
1725 654 1952 716 Barygaza
1975 654 2019 718 (5
2041 654 2135 718 48),
2156 656 2277 702 unde
2309 657 2524 705 auserunt
2546 675 2680 723 pere·

1443 729 1567 790 grini
1598 740 1873 778 mercatores
1896 732 1937 794 (5
1972 732 2063 792 49).
2104 732 2175 778 cf.
2217 732 2478 783 Dioscorid.
2512 734 2552 795 1,
2591 738 2681 796 80;

1443 806 1569 854 Ptin.
1605 807 1718 865 xn,
1753 825 1813 869 93
1848 808 2009 858 Galen.
2047 809 2302 872 therapeut.
2338 810 2394 855 ad
2427 810 2592 861 Glauc.
2616 811 2682 872 11,

1445 899 1493 944 p.
1525 885 1632 939 ωε,
1669 883 1752 930 ubi
1788 883 1989 932 mm.
2021 886 2207 947 pem...
2230 887 2286 933 ad
2320 875 2686 953 iudaseyuiimi
2719 881 2721 885 ’

1446 958 1616 1020 peripli
1641 959 1853 1020 pertinet.
1877 959 2016 1022 Apud
2041 960 2256 1009 Dioscod.
2282 977 2370 1022 pro
2395 964 2689 1026 Σαρακηνικοῦ

1448 1021 1638 1094 βδέλλίου
1658 1032 1903 1080 Lassenius
1919 1033 1952 1082 1.
1979 1034 2010 1080 l.
2032 1050 2080 1096 p.
2104 1050 2191 1095 ²9¹
2214 1035 2524 1097 probabiliter
2539 1040 2685 1103 Χαρα-

1445 1110 1615 1163 κηνικοῦ
1646 1108 1960 1170 reponendum
1984 1123 2084 1155 esse
2111 1108 2318 1170 conjicit,
2345 1126 2488 1172 quum
2506 1113 2686 1161 Charax
2710 1155 2714 1160 .

1446 1183 1704 1244 emporium
1729 1183 1967 1229 Gedrosiae
1986 1185 2303 1246 propinquum
2346 1186 2437 1244 sit„
2457 1202 2606 1249 neque
2629 1189 2688 1236 de
2707 1182 2711 1187 ’

1447 1258 1649 1305 Arabico
1684 1259 1858 1306 bdellio
1895 1261 2065 1307 certius
2098 1271 2288 1310 constet.
2316 1262 2541 1310 Bdellium
2565 1266 2686 1312 indi·

1446 1350 1549 1380 cum
1569 1344 1636 1380 est
1658 1335 1832 1394 gummi
1850 1338 2076 1394 Amyn‘dis
2093 1338 2349 1396 Agalloche’.
2371 1338 2439 1384 De
2453 1338 2687 1387 Gedrosiae

1445 1408 1624 1456 bdellio
1652 1426 1724 1456 res
1744 1411 1981 1458 incertior.
2006 1411 2122 1458 Vide
2140 1428 2243 1474 quae
2273 1415 2501 1474 congessit
2523 1415 2705 1464 Lassen

1446 1485 1480 1530 l.
1506 1485 1536 1531 1.
1566 1501 1613 1547 p.
1656 1492 1759 1545 490.
1790 1485 1947 1547 Neque
1980 1486 2037 1532 de
2067 1488 2271 1534 nominis
2310 1488 2496 1551 βδέλλιον
2534 1501 2691 1553 etymo

1446 1561 1617 1621 liquet;
1658 1562 1863 1610 indicum
1909 1578 2008 1610 esse
2040 1563 2284 1611 Lassenius
2314 1567 2588 1628 suspicatur.
2626 1594 2688 1603 —

1446 1635 1659 1699 Γίζειρ,
1681 1639 1840 1684 cassiae
1855 1653 2023 1698 genus,
2043 1654 2070 1684 e
2087 1638 2511 1703 'sabis(512).—
2528 1629 2691 1690 Δόκοι

1446 1713 1694 1775 Barygazis
1709 1714 1941 1760 vehuntur
1962 1716 2011 1760 in
2029 1715 2205 1761 Omana
2229 1726 2274 1762 et
2294 1716 2493 1778 Apologi
2519 1733 2685 1782 empo-

1446 1792 1517 1836 ria
1533 1791 1575 1851 <s
1593 1790 1684 1853 36).
1701 1817 1760 1826 -
1776 1789 1944 1837 Aoo«.
1955 1808 1981 1835 α
1998 1791 2010 1854 (
2027 1790 2335 1853 probabiliter
2350 1807 2404 1838 ea
2418 1793 2576 1840 cassia
2593 1781 2698 1858 spe.

1447 1866 1541 1912 cies
1560 1881 1661 1926 quae
1683 1866 1804 1927 apud
1833 1866 2151 1912 Dioscoridem
2183 1866 2219 1924 1,
2248 1884 2301 1913 ια
2325 1866 2459 1931 δάκαρ
2490 1884 2529 1916 s.
2554 1868 2735 1937 δακὰριη

1447 1957 1487 1988 s.
1507 1941 1640 2004 δάρκα
1669 1952 1860 1988 vocatur
1882 1942 1895 2002 )
1922 1948 2203 2004 exportatur'
2224 1959 2251 1989 e
2275 1943 2425 1990 Malao
2451 1954 2496 1991 et
2514 1944 2693 1994 Mundo
2715 1960 2735 1999 j

1446 2033 1600 2080 empp.
1618 2018 1661 2082 (5
1682 2019 1725 2063 8.
1745 2018 1806 2080 9).
1825 2017 2052 2065 -Ἐὸέν
2068 2038 2173 2065 ιναι
2213 2019 2473 2083 φάλαγγες
2494 2021 2692 2084 Baryga-
2734 2019 2742 2081 J

1448 2094 1515 2141 zis
1532 2110 1634 2157 exp.
1648 2095 1697 2140 in
1708 2094 1884 2141 Omana
1896 2095 2143 2157 etApologi
2158 2112 2311 2158 empp.
2333 2098 2375 2158 (5
2393 2096 2487 2161 36).
2500 2099 2691 2147 —1360

1449 2188 1616 2234 μορον
1638 2187 1673 2219 s.
1712 2171 1943 2234 βόσπορονῗ
1972 2171 2025 2219 V.
2046 2181 2145 2218 not.
2165 2187 2271 2233 pag.
2286 2171 2435 2217 cv—
2450 2166 2725 2244 'Exneovg

1447 2247 1492 2291 οὗ
1512 2245 1646 2307 πολύ,
1672 2261 1729 2291 ex
1758 2246 1953 2308 AEgypto
1985 2262 2088 2307 exp.
2124 2247 2311 2293 Adulim
2338 2248 2382 2309 (S
2405 2246 2480 2312 6);
2506 2248 2697 2297 ἔλαιον
2723 2243 2745 2265 ⁹

1449 2339 1511 2378 ση
1526 2338 1552 2367 σ
1564 2322 1764 2382 άμινον,
1786 2322 1834 2367 ἰη
1851 2322 2014 2368 Ariace
2025 2323 2304 2385 proveniens
2321 2322 2364 2386 (5
2383 2323 2475 2387 4ο),
2491 2325 2694 2387 Baryga—
2718 2345 2720 2351 ·

1449 2396 1517 2442 zis
1531 2411 1635 2456 exp.
1653 2397 1702 2442 in
1719 2395 1953 2442 Barbariae
1964 2413 2115 2459 empp.
2142 2399 2185 2458 (5
2208 2398 2278 2458 ι4)
2302 2398 2444 2460 inque
2455 2398 2696 2460 Moschatn

1448 2471 1633 2518 Arabiae
1662 2473 1705 2533 (5
1738 2474 1831 2532 32).
1867 2499 1931 2508 —
1968 2471 2195 2519 Ἰνδικὸν
2255 2473 2427 2533 μέλαν
2467 2474 2721 2544 (Indiga)

1447 2563 1549 2609 exp.
1587 2564 1613 2594 e
1630 2547 1879 2594 Barbarico
1907 2548 2106 2609 Scythiae
2125 2549 2168 2609 (5
2188 2548 2278 2612 39).
2298 2549 2401 2597 vid.
2421 2550 2612 2600 Salmas.
2642 2553 2723 2600 in.

1446 2622 1635 2670 Exercc.
1669 2623 1790 2669 Plin.
1814 2639 1860 2684 p.
1889 2626 1969 2668 181
1991 2633 2196 2669 veterum
2221 2625 2484 2671 testimonia
2504 2641 2691 2689 compo·

1446 2698 1843 2759 nens‚ridensque
1862 2713 1964 2759 quae
1987 2697 2168 2744 Plinius
2190 2699 2266 2756 35,
2286 2699 2343 2745 25
2367 2698 2425 2746 de
2444 2695 2714 2762 atramen'f.

1447 2772 1609 2819 Indico
1653 2773 1808 2819 tradit.
1841 2800 1903 2808 —
1942 2772 2123 2834 Κᾶγκα
2138 2790 2230 2833 μον
2273 2789 2379 2836 exp.
2422 2790 2449 2821 e
2477 2774 2626 2824 Malao
2659 2810 2674 2816 -
2708 2779 2716 2827 ζ’

1446 2848 1619 2894 Mundu
1653 2850 1695 2908 (5
1719 2850 1745 2893 8
1774 2858 1869 2894 not.
1898 2848 1963 2910 9).
1992 2874 2055 2882 —
2091 2848 2394 2909 Καλάμινον
2420 2849 2552 2911 μίλι.
2584 2850 2695 2903 vid.

1448 2923 1560 2981 μέλι.
1595 2953 1649 2959 -
1697 2923 1986 2986 Κάρπασος
2037 2924 2049 2986 (
2073 2939 2245 2970 sanscr.
2288 2927 2511 2986 Karpdse'3
2553 2919 2707 2978 hebr.

1447 3003 1650 3059 Kalpas-3
1686 3003 1939 3061 Gossypium
1966 3002 2192 3045 arboreum
2219 3001 2231 3061 )
2258 3000 2306 3046 in
2340 2987 2503 3048 Ariane
2522 3016 2710 3065 prover

1449 3076 1516 3120 nit
1538 3077 1579 3134 (5
1609 3077 1702 3135 41).
1729 3103 1790 3111 -·
1822 3075 2034 3122 Κασσία
2076 3092 2156 3122 seu
2179 3075 2341 3122 κασία
2382 3076 2547 3138 (hebr.
2582 3072 2702 3134 Kldi,

1446 3152 1537 3194 doh
1569 3161 1611 3195 et
1637 3152 1839 3211 Keziah)
1879 3166 1983 3212 exp.
2010 3150 2194 3196 e'l'abis
2217 3152 2265 3210 (5
2299 3152 2393 3211 12);
2434 3153 2701 3216 σκληροτέρα4

1448 3242 1472 3270 e
1494 3225 1640 3270 Malao
1656 3237 1699 3270 et
1723 3225 1897 3271 Muudu
1918 3226 1958 3286 (5
1978 3230 2023 3271 8.
2051 3227 2124 3285 9);
2150 3225 2325 3276 κασσίας
2336 3228 2481 3287 χρῆμα
2497 3226 2693 3283 πλιῖστονζ

1448 3314 1473 3343 e
1514 3298 1708 3359 Mosyuo
1745 3310 1788 3344 et
1823 3300 1984 3360 Opone
2011 3300 2057 3359 (5
2086 3315 2154 3346 ιο.
2197 3301 2281 3358 13).
2320 3299 2494 3363 Peripli
2533 3313 2699 3358 aneton

1449 3384 1614 3419 certam
1644 3375 1871 3435 quandam
1902 3374 2057 3420 cassiae
2083 3376 2279 3436 speciem
2305 3374 2396 3421 κατ’
2421 3376 2567 3440 ὶξοχὴν
2587 3394 2703 3428 cas

1450 3451 1563 3496 siam
1598 3449 1751 3495 dicere
1785 3450 1986 3506 videtur,
2021 3450 2247 3511 siquidem
2279 3467 2381 3512 quae
2417 3468 2519 3500 cum
2548 3450 2709 3504 cassiis

1453 3524 1512 3571 ab
1534 3540 1589 3570 eo
1614 3533 1954 3587 componuntur
1983 3527 2109 3589 γίζειρ
2125 3563 2137 3585 ‚
2164 3526 2327 3590 ἀσύφη,
2350 3527 2485 3590 μότω,
2509 3530 2710 3603 &mainan⁴¹

1454 3601 1557 3647 aliis
1586 3612 1691 3647 sunt
1725 3618 1890 3661 genera
1918 3604 2087 3648 cassiae.
2122 3603 2298 3658 Quodsi
2329 3604 2494 3653 Strabo
2511 3608 2681 3671 aliiqu
2699 3619 2713 3646 '2-

1454 3677 1501 3723 in
1525 3677 1756 3724 Barbaria!
1791 3680 1977 3738 regione
2000 3690 2043 3724 et
2079 3682 2268 3726 cassiam
2288 3692 2332 3728 et
2351 3683 2693 3731 cinnamomum
2726 3732 2733 3739 ,,

1454 3756 1577 3800 nasci
1621 3754 1804 3811 dicunt,
1841 3758 2117 3802 cinnamomi
2151 3758 2337 3805 nomine
2379 3760 2485 3806 item
2534 3762 2709 3827 cassin:

1454 3846 1596 3891 genus
1639 3833 1809 3890 signari
1837 3833 2019 3879 videtur
2046 3833 2118 3897 (⁴¹).
2163 3834 2317 3897 Ipsum
2342 3834 2428 3882 hoc
2455 3838 2626 3883 cinna·-
