2782 4348
0 143 13 230 ζ
44 168 202 227 <20‚21.›

1163 173 1471 224 PERIPLUS.
2515 208 2570 244 45

43 272 213 328 70t0⁷ixet
246 273 325 337 γὰρ
357 277 411 326 εἷς
437 275 504 320 τὸν
537 273 689 319 κόλπον
718 278 859 318 τοῦτον
893 273 1040 318 στάδια
1064 275 1118 322 λ’·
1157 276 1278 331 Μετὰ
1342 288 1417 327 ria.
1478 291 1661 331 Pertinet
1700 293 1812 332 enim
1848 292 1901 333 ad
1933 293 2046 334 hunc
2077 308 2242 350 quoque
2268 301 2403 341 sinum
2444 308 2575 357 spatio

1155 343 1272 400 Αὕτη

1142 413 1272 474 Περί-

47 340 88 385 ὂὲ
112 341 185 397 τὴν
210 342 483 405 Ἐπιδαυρίαν
521 340 663 402 χώραν
696 339 812 386 Ἆλία
836 340 907 384 καὶ
943 340 1086 399 λιμήν.

47 411 134 454 ἐστὶ
159 413 227 456 ἐπὶ
261 413 318 472 τῷ
346 410 521 469 στόματι
543 413 614 453 τοῦ
638 408 874 469 Ἀργολικοῦ
899 409 1072 456 κόλπου.

45 481 171 531 πλους
190 479 340 534 ταύτης
367 477 454 522 ἐστὶ
481 475 657 521 σταδίων
681 477 842 525 ἑκατόν.

108 564 165 596 51.
203 550 411 594 ΕΡΜΙΩΝ.
436 545 556 592 Μετὰ
577 545 618 590 δὲ
642 545 796 601 ταύτην
830 546 1016 608 Ἑρμιὼν
1041 547 1272 600 πόλιςέστὶ

44 615 115 660 καὶ
135 615 275 675 λιμήν.
343 614 509 670 Ταύτης
527 614 569 659 δὲ
590 614 813 677 περίπλους
832 615 1009 661 σταδίων
1025 615 1083 664 π’.
1151 617 1273 663 Μετὰ

44 684 86 730 δὲ
122 681 321 745 Ἑρμιόνα
347 682 579 728 Σκύλλαιόν
602 686 710 728 ἐστιν
736 684 990 748 ἀκρωτήριον
1017 689 1088 731 τοῦ
1116 687 1274 732 κόλπου

41 759 108 800 τοῦ
132 753 231 816 πρὸς
247 753 405 814 ἰσθμόν·
426 753 512 799 ἔστι
537 753 579 799 δὲ
595 754 641 799 τὸ
665 754 897 800 Σκύλλαιον
918 760 990 811 τῆς
1009 756 1269 817 Τροιζηνίας.

46 822 305 889 Καταντικρὺ
342 822 384 868 δὲ
421 825 546 868 αὐτοῦ
582 823 668 869 ἐστὶ
705 823 874 870 Σούνιον
915 825 1169 889 ἀκρωτήριον
1202 831 1275 883 τῆς

41 891 263 947 Ἀθηναίων
279 892 430 954 χώρας.
501 893 623 940 Κατὰ
644 894 685 939 δὲ
708 895 828 940 τοῦτό
846 898 933 940 ἐστι
955 900 1075 952 νῆσος
1098 896 1274 943 Βέλὸινα

39 962 110 1005 καὶ
135 961 266 1012 πόλις.
335 961 494 1008 Τούτου
517 968 589 1008 τοῦ
612 963 766 1009 κόλπου
804 964 886 1009 ἀπὸ
909 965 1052 1011 τούτου
1077 970 1149 1011 τοῦ
1178 966 1273 1011 στό-

40 1048 168 1088 ματος
191 1029 289 1076 εἵσω
307 1033 359 1083 εἷς
382 1032 448 1076 τὸν
471 1032 616 1093 ἰσθμὸν
636 1033 786 1078 στάδιά
809 1035 896 1079 ἐστι
919 1035 1014 1098 qugd.
1085 1034 1208 1081 ’Έστι
1229 1035 1270 1080 δὲ

37 1102 58 1144 ὁ
82 1099 232 1150 κόλπος
256 1093 370 1153 οὗτος
395 1101 513 1153 αὐτὸς
537 1100 646 1147 κατὰ
664 1102 797 1162 στόμα
818 1102 1048 1156 εὐθύτατος.

102 1185 160 1217 52.
198 1171 490 1225 TPOIZHNIA.
522 1171 642 1216 Μετὰ
663 1171 705 1216 δὲ
725 1171 924 1234 Ἑρμιόνα
945 1172 1168 1235 Τροιζηνία
1191 1173 1272 1219 πό-

35 1239 96 1287 λις
119 1238 190 1283 καὶ
213 1240 356 1299 λιμήν.
426 1239 683 1299 Παράπλους
703 1241 736 1285 δ’
760 1243 868 1286 ἐστὶν
889 1244 1016 1297 αὐτῆς
1040 1242 1188 1288 στάδια
1211 1242 1266 1290 λ’.

35 1307 154 1352 Μετὰ
177 1307 218 1352 δὲ
259 1313 389 1353 ταῦτα
414 1308 534 1363 νῆσός
573 1311 661 1354 ε’στι
696 1310 917 1372 Καλαυρία
957 1310 1027 1355 καὶ
1055 1310 1176 1363 πόλις
1200 1310 1270 1357 καὶ

35 1376 180 1435 λιμήν.
250 1378 502 1439 Παράπλους
526 1379 561 1422 δ’
583 1378 693 1423 ἐστὶν
717 1381 843 1434 αὐτῆς
866 1380 1013 1425 στάδια
1039 1379 1093 1427 τ’.

98 1463 160 1492 53.
195 1456 379 1493 ΑΙΓΙΝΑ.
410 1446 534 1492 Κατὰ
565 1447 606 1491 δὲ
632 1446 784 1504 ταύτην
809 1448 929 1503 νῆεός
952 1444 1039 1494 ἐστι
1061 1448 1131 1494 καὶ
1156 1448 1272 1500 πόλις

31 1515 180 1575 Αἴγινα
210 1515 280 1560 καὶ
311 1515 471 1575 λιμένες
491 1515 573 1561 δύο.
645 1517 865 1578 Ἐπάνειμι
890 1518 931 1563 δὲ
951 1519 1076 1565 πάλιν
1105 1520 1172 1565 ἐπὶ
1194 1519 1268 1576 τὴν

32 1584 217 1647 ἤπειρον,
247 1584 335 1630 ὅθεν
357 1584 656 1647 ἐξετραπόμην.

75 1670 149 1700 ’54.
188 1656 488 1701 ΕΪΠΔΑΥΡΟΣ.
527 1655 652 1702 Μετὰ
677 1655 719 1702 δὲ
740 1657 985 1719 Τροιζηνίαν
1007 1659 1124 1711 πόλις
1143 1658 1267 1706 Ἐπί-

32 1724 174 1785 δαυρος
213 1723 283 1769 καὶ
317 1724 456 1784 λιμήν.
525 1725 779 1788 Παράπλους
817 1726 858 1771 δὲ
887 1721 966 1783 ιτῆς
1011 1729 1265 1792 Ἐπιδαύρου

29 1793 166 1855 χώρας
193 1793 338 1838 στάδια
363 1792 423 1857 [ρ]
447 1793 503 1841 λ’.

93 1880 148 1909 55.
187 1865 443 1910 ΚΟΡΙΝΘΙΑ.
481 1864 601 1910 Μετὰ
635 1865 677 1910 δὲ
708 1866 958 1930 Ἐπίδαυρον
990 1872 1015 1923 ἡ
1045 1867 1268 1930 Κορινθίων

28 1931 146 1994 χώρα
179 1932 288 1979 ἐστὶν
325 1931 422 1996 [ἡ]
459 1933 558 1996 πρὸς
580 1938 656 1992 ἠῶ,
681 1936 751 1981 καὶ
778 1944 911 1999 τεῖχος
946 1937 1172 1999 Κεγχρειαὶ
1201 1938 1272 1983 καὶ

29 2001 188 2061 ἰσθμὸς,
225 1997 271 2047 οἷ
293 2003 398 2066 ἱερὸν
422 2005 689 2057 Ποσειδῶνος.
759 2005 965 2052 Ἐνταῦθα
990 2010 1015 2061 ἦ
1045 2006 1269 2053 Πελοπόν-

28 2089 147 2126 νησος
168 2071 301 2132 λήγει.
370 2069 493 2118 ’Έστι
514 2073 555 2118 δὲ
578 2075 648 2119 καὶ
673 2075 747 2128 ἔξω
771 2081 840 2120 τοῦ
866 2078 1012 2135 ἰσθμοῦ
1036 2076 1154 2138 χώρα
1183 2078 1268 2122 Κο-

31 2139 214 2202 ρινθίοις,
237 2140 307 2185 καὶ
332 2148 465 2203 τεῖχος
499 2144 645 2194 Σιδοῦς
677 2143 747 2188 καὶ
782 2143 915 2206 ἕτερον
949 2145 1082 2205 τεῖχος
1117 2148 1269 2206 Κρεμ-

30 2317 125 2372 μετὰ
141 2318 274 2373 ’Άργος
283 2318 413 2359 codex
429 2319 602 2359 Palatin.
623 2322 638 2373 Η
654 2344 711 2350 -
735 2318 816 2360 'Ex
828 2320 866 2358 ιδ
877 2335 927 2358 αυ
942 2335 960 2373 ρ
975 2320 1017 2359 ία
1028 2335 1046 2360 ν
1061 2323 1074 2372 ]
1092 2319 1271 2361 Ἐπιδαυ-

27 2380 130 2434 ρείαν
157 2380 302 2421 codex.
338 2383 436 2436 [L—
461 2379 628 2433 Ἁλία]
668 2380 802 2429 Ἁλιεῖς
831 2396 897 2436 ap.
923 2382 1112 2422 Strabon.
1139 2384 1266 2432 VIII,

26 2456 68 2496 p.
93 2443 188 2496 373,
218 2441 393 2482 Diodor.
423 2444 509 2493 XI,
532 2445 601 2496 78,
627 2443 824 2498 Stephan.
858 2458 891 2484 S.
917 2458 976 2494 v.,
997 2458 1073 2484 nec
1092 2458 1177 2484 non
1200 2459 1266 2500 ap.

25 2504 215 2559 Thucyd.
239 2506 274 2554 I,
294 2503 386 2555 105,
409 2519 446 2554 1,
467 2505 540 2545 ubi
560 2518 570 2546 :
597 2505 631 2552 ἐς
660 2504 782 2553 Ἆλιᾶς
800 2505 894 2562 (vgo
915 2505 949 2553 ἐς
975 2504 1136 2560 Ἃλιάς).
1166 2509 1269 2548 Pau-

26 2567 156 2606 sanias
175 2567 240 2616 H,
262 2567 330 2616 36,
360 2580 378 2606 1
408 2565 559 2618 Ἁλικήν
579 2566 696 2608 dicit.

82 2631 103 2681 §
125 2627 190 2668 51.
232 2627 497 2684 Ἑρμιόνα]
531 2628 782 2684 εΕρμιῶνα
800 2630 895 2671 cod.
922 2640 962 2671 et
981 2646 1079 2672 mox
1099 2632 1264 2673 iterum.

25 2692 114 2742 -Η
134 2690 342 2731 σταδίων
377 2689 681 2745 π’]’Νιιῐῐιειύε
711 2692 858 2747 procul
887 2692 1016 2733 dubio
1049 2702 1268 2748 corruptus

26 2760 100 2792 est.
145 2755 159 2803 Η
196 2776 253 2783 -
281 2753 522 2806 Βέλὸινα]
554 2754 838 2795 Meminerant
861 2753 948 2808 ejus
983 2755 1124 2795 insulae
1156 2757 1265 2797 Stra·

27 2813 80 2854 bo
98 2816 215 2865 VIII,
238 2829 282 2870 p.
301 2815 397 2870 375.
419 2817 496 2866 IX,
520 2830 563 2871 Ρ.
590 2817 687 2870 398,
709 2825 750 2857 et
768 2817 909 2871 Steph.
934 2819 982 2858 B.
1005 2832 1045 2859 v.
1078 2816 1264 2873 Ἑρμιών,

27 2885 67 2917 et
80 2877 235 2918 Plinius
248 2879 324 2929 IV,
347 2892 412 2933 19.
430 2880 553 2920 Nunc
569 2882 610 2920 S.
631 2879 801 2931 Georgio
819 2880 1032 2921 cl'Arbori.
1054 2882 1068 2935 ΙΙ
1087 2905 1145 2912 -
1162 2882 1267 2937 ψμ’]

26 2939 121 2978 Non
143 2940 317 2981 nimium
339 2955 424 2981 esse
446 2955 690 2992 numerum,
713 2942 746 2982 si
769 2956 852 2982 01·ae
871 2941 1077 2982 anfractus
1098 2943 1264 2997 legeris,

30 3002 239 3054 exputavit
271 3004 462 3058 Lapieus.
496 3003 708 3044 Fabricius
731 3005 893 3059 scripsit
930 3003 1010 3059 υμ’,
1038 3005 1134 3053 430.
1168 3007 1182 3060 Η
1211 3030 1268 3038 —

31 3061 316 3117 εὖθύτατος]
353 3065 397 3106 id
433 3074 518 3106 est:
542 3066 664 3106 litora
691 3067 889 3121 utrinque
921 3082 1005 3107 non
1029 3068 1167 3108 statim
1197 3070 1268 3110 fle-

31 3133 198 3166 ctuntur
213 3135 253 3167 et
272 3137 541 3183 convergunt,
567 3128 639 3170 sed
657 3129 831 3170 eandem
843 3129 1079 3171 distantiam
1102 3146 1266 3173 servan-

30 3186 86 3226 tia
104 3195 213 3228 rccta
233 3189 479 3241 procedunt.

89 3250 112 3299 S
138 3247 203 3290 52.
233 3250 528 3306 Τροιζηνία]
548 3254 712 3309 Τροίζην
745 3253 840 3295 cod.
874 3255 961 3296 Pal.
984 3256 998 3308 ΙΙ
1021 3280 1078 3287 -—
1109 3257 1264 3311 παρά-

33 3309 92 3349 πλ
105 3324 202 3356 ους.
223 3342 256 3351 ..
294 3314 464 3354 στάδια
496 3315 582 3368 λ’.]
612 3336 628 3352 α
664 3317 733 3357 Bis
768 3326 1020 3368 recensetur,
1061 3327 1264 3373 quantum

31 3372 243 3412 Troezenia
274 3372 396 3416 fuerit
429 3385 616 3428 extensa,
639 3393 714 3434 per
731 3380 900 3433 triginta
917 3389 958 3420 et
979 3394 1054 3435 per
1084 3389 1266 3423 trecenta

33 3434 176 3475 stadia.
198 3435 385 3489 Triginta
414 3440 482 3481 illa
501 3442 712 3495 pertinent
729 3457 751 3483 a
773 3445 1061 3498 promontorio
1097 3444 1263 3498 Scyllaeo

33 3496 147 3551 quod
163 3498 328 3538 initium
343 3497 440 3540 facit
455 3502 693 3554 Troezeniae,
717 3518 846 3559 usque
860 3505 912 3545 ad
930 3520 1025 3545 eum
1043 3507 1269 3547 terminum

34 3561 105 3614 qui
126 3574 148 3600 e
170 3561 338 3613 regione
366 3562 561 3604 Calauriae
579 3565 679 3605 situs
702 3575 762 3606 est
776 3598 787 3616 ,
809 3575 989 3608 trecenta
1011 3567 1108 3609 inde
1125 3569 1177 3609 ab
1200 3570 1269 3610 illo

34 3635 164 3675 usque
179 3621 231 3661 ad
252 3621 355 3662 fines
370 3623 617 3677 Epidauriae.
638 3623 859 3682 Propterea
878 3627 1036 3669 dictum
1057 3638 1117 3670 est
1135 3643 1145 3671 :
1173 3631 1269 3686 μετὰ

37 3683 75 3723 δὲ
98 3686 218 3723 ταῦτα
240 3682 313 3738 (τὰ
337 3684 503 3738 στάδια)
534 3687 648 3737 νῆσός
670 3687 749 3729 ἐστι
776 3689 985 3743 Καλαυρία.
1015 3708 1031 3728 »
1056 3692 1264 3734 CLAUSEN.

35 3747 227 3786 Ceterum
242 3746 453 3801 Scyllaeum
464 3757 724 3802 promontor.
742 3751 883 3805 Scylax
899 3753 944 3792 in
958 3753 1270 3797 Troezeniorum

35 3806 191 3848 ditione
210 3809 335 3848 situm
353 3807 474 3858 dixit,
498 3824 584 3850 non
602 3824 700 3851 vero
718 3812 842 3853 etiam
870 3811 957 3866 ejus
979 3828 1064 3854 esse
1086 3815 1266 3859 initium.

35 3871 194 3924 Quodsi
218 3886 315 3912 vero
338 3873 396 3912 sic
416 3886 504 3912 rem
527 3872 694 3926 intelligi
724 3874 854 3915 voluit
879 3875 956 3929 (ut
990 3877 1074 3931 ipse
1104 3891 1269 3933 quoque

35 3935 194 3986 puto),
221 3936 273 3975 80
301 3933 529 3975 stadiorum
547 3949 745 3975 numerus
768 3938 1012 3978 Hermiones
1045 3953 1127 3979 orae
1154 3942 1269 3981 attri-

16 3994 159 4036 ‘butus
192 3995 313 4037 falsus
346 4004 407 4037 est
419 4013 431 4046 ;
463 3998 525 4037 sin
560 4011 758 4039 numerus
795 3998 861 4039 ille
891 4008 1001 4041 recte
1037 4001 1157 4043 habet
1173 4033 1184 4052 ,
1223 4004 1264 4043 in

1341 355 1570 398 stadiorum
1591 359 1659 399 30.
1686 361 1784 400 Post
1802 359 2071 414 Epidauriam
2101 363 2310 415 regionem
2345 367 2461 408 Halia
2480 385 2574 413 cum

1340 431 1479 476 portu.
1539 425 1624 465 Sita
1654 426 1741 467 haec
1770 435 1830 467 est
1866 428 1908 467 in
1941 442 2013 468 ore
2035 429 2149 469 sinus
2182 431 2377 483 Argolici.
2410 436 2577 477 Praeter-

1342 490 1479 539 vectio„
1491 490 1578 544 ejus
1608 501 1668 532 est
1687 493 1915 535 stadiorum
1934 503 2116 536 centum.

1401 556 1467 597 51.
1501 559 1728 600 HERMION.
1768 562 1971 617 Deinceps
1994 571 2054 603 est
2085 563 2287 604 Hermion
2321 567 2461 607 civitas
2483 583 2575 609 cum

1338 633 1479 679 portu.
1541 625 1675 680 Hujus
1697 631 2052 684 praeternavigatio
2074 639 2134 671 est
2148 632 2375 674 stadiorum
2393 638 2460 676 80.
2483 639 2579 678 Post

1339 694 1609 734 Hermionem
1647 703 1708 735 est
1744 696 1974 750 Scyllaeum,
2019 702 2355 753 promontorium
2381 704 2494 744 sinus
2527 705 2579 746 ad

1339 761 1538 802 isthmum
1566 763 1850 817 pertingentis
1911 766 1985 805 Est
2007 780 2106 806 vero
2144 767 2355 822 Scyllaeum
2388 771 2429 811 in
2462 774 2578 814 Troe-

1338 830 1479 880 zenia;
1522 845 1573 871 ex
1608 830 1780 872 adverso
1820 830 1907 886 ejus
1945 841 2006 873 est
2038 834 2213 874 Sunium
2245 842 2576 890 promontorium

1340 898 1487 939 Atticae
1508 899 1702 952 regionis.
1764 901 1799 940 E
1823 900 1992 954 regione
2022 901 2146 942 etiam
2168 911 2228 942 est
2255 905 2423 948 Belbina
2447 909 2577 949 insula

1339 981 1435 1008 cum
1454 967 1573 1008 urbe.
1634 967 1768 1022 Hujus
1805 969 1919 1010 sinus
1952 970 2004 1010 ab
2032 970 2114 1012 hoc
2147 986 2219 1012 ore
2240 973 2350 1014 intus
2369 990 2496 1031 usque
2526 978 2577 1018 ad

1340 1035 1539 1076 isthmum
1559 1045 1656 1077 sunt
1677 1036 1808 1077 stadia
1831 1040 1927 1091 740.
1989 1040 2063 1079 Est
2084 1054 2182 1080 vero
2211 1040 2279 1081 hic
2301 1043 2412 1084 sinus
2432 1046 2474 1085 in
2505 1061 2576 1086 ore

1344 1104 1608 1145 rectissimus.

1402 1171 1468 1212 52.
1493 1174 1751 1214 ΤΒοΕΖΕΝῐΑ.
1777 1176 1876 1214 Post
1906 1175 2175 1216 Hermionem
2197 1177 2407 1219 Troezenia
2440 1181 2578 1221 civitas

1343 1255 1438 1280 cum
1459 1249 1600 1295 portu.
1650 1243 1936 1282 Praetervectio
1956 1241 2043 1297 ejus
2065 1252 2125 1284 est
2146 1244 2374 1286 stadiorum
2394 1248 2459 1288 30.
2483 1250 2579 1288 Post

1342 1308 1430 1349 haec
1450 1317 1512 1350 est
1540 1309 1673 1350 insula
1695 1310 1882 1351 Calauria
1903 1325 1999 1351 cum
2020 1312 2124 1352 urbe
2155 1321 2196 1353 et
2213 1322 2353 1368 portu.
2414 1317 2582 1356 Praeter·

1342 1380 1475 1420 vectio
1497 1378 1511 1436 (
1530 1379 1697 1434 reliquae
1715 1381 1939 1421 Troezeniae
1962 1380 1975 1437 )
2006 1390 2067 1422 est
2084 1382 2312 1423 stadiorum
2332 1385 2426 1426 300.

1400 1447 1468 1488 53.
1501 1449 1674 1489 AEGINA.
1713 1451 1748 1489 E
1774 1450 1942 1503 regione
1963 1451 2187 1491 Troezeniae
2203 1460 2263 1492 est
2281 1452 2427 1506 AEgina
2450 1453 2579 1493 insula

1342 1531 1438 1557 cum
1453 1518 1557 1558 urbe
1579 1527 1619 1558 et
1647 1518 1811 1559 duobus
1832 1519 2052 1574 portubus.
2114 1520 2194 1561 Sed
2223 1521 2347 1562 redeo
2367 1522 2419 1562 ad
2449 1524 2583 1563 conti·

1341 1594 1525 1636 nentem,
1546 1586 1658 1627 unde
1680 1586 1943 1629 diverteram.

1399 1654 1466 1703 54.
1491 1657 1759 1696 EPIDAURUS.
1783 1658 1880 1697 Post
1893 1657 2151 1698 Troezeniam
2172 1666 2232 1698 est
2248 1659 2387 1699 civitas
2399 1659 2580 1714 Epidau-

1340 1737 1411 1763 rus
1450 1738 1545 1763 cum
1577 1732 1717 1778 portu,
1777 1726 2137 1779 Praete1·navigatio
2173 1727 2350 1780 regionis
2380 1727 2577 1783 Epidauri

1342 1791 1571 1832 stadiorum
1594 1793 1686 1834 130.

1401 1861 1468 1901 55.
1491 1863 1747 1903 CORINTHIA.
1775 1865 1874 1904 Post
1905 1863 2162 1919 Epidaurum
2184 1874 2245 1906 cst
2271 1866 2581 1906 Corinthiorum

1342 1919 1521 1973 regionis
1538 1933 1585 1965 ea
1607 1933 1701 1973 pars
1717 1950 1727 1968 ,
1753 1934 1844 1974 quae
1866 1922 2068 1961 orientem
2091 1930 2265 1976 spectat,
2288 1929 2328 1961 et
2345 1923 2578 1962 munimen-

1344 1983 1432 2015 tum
1451 1975 1670 2016 Cenchreae
1685 2007 1695 2025 ,
1721 1984 1761 2016 et
1777 1975 1972 2026 isthmus,
1994 1976 2066 2017 ubi
2086 1976 2227 2017 fanum
2246 1978 2443 2032 Neptuni.
2503 1979 2585 2018 Hic

1340 2041 1401 2072 est
1423 2031 1516 2071 finis
1536 2031 1824 2086 Peloponnesi.
1885 2034 1959 2072 Est
1974 2047 2070 2073 vero
2085 2034 2208 2073 etiam
2239 2042 2354 2074 extra
2383 2034 2580 2074 isthmum

1341 2087 1566 2128 Corinthiis
1594 2089 1865 2138 territorium,
1884 2096 1923 2128 et
1938 2088 2060 2128 Sidus
2079 2090 2386 2129 munimentum
2409 2098 2450 2129 et
2470 2089 2580 2129 aliud

1340 2144 1648 2183 munimentum
1694 2145 1960 2198 Cremmyon.
2030 2145 2388 2198 Praeternavigatio
2426 2146 2573 2186 Corin-

1349 2321 1574 2360 Troezeniae
1607 2318 1776 2373 paraplo
1815 2327 1997 2358 erratum
2034 2327 2094 2358 est
2108 2350 2120 2369 ,
2160 2319 2309 2359 omissa
2338 2334 2384 2359 ea
2424 2321 2577 2374 parapli

1348 2391 1479 2436 parte,
1501 2396 1592 2435 quae
1612 2381 1664 2420 ab
1680 2381 1931 2421 Hermioniae
1958 2379 2110 2420 finibus
2132 2388 2218 2420 erat
2234 2394 2363 2433 usque
2385 2382 2436 2420 ad
2468 2382 2581 2435 Scyl-

1346 2444 1482 2484 laeum.
1505 2448 1522 2497 Η
1539 2468 1596 2474 -
1614 2443 1655 2483 Μ
1669 2458 1716 2483 ετ
1728 2441 1781 2496 ὰ]
1814 2441 1919 2482 Κατὰ
1936 2456 2015 2482 scr.
2041 2442 2267 2483 Fabricius.

1402 2508 1425 2558 §
1449 2506 1516 2554 54.
1543 2521 1562 2560 ρ
1574 2504 1640 2557 λ’]
1660 2503 1700 2544 λ’
1718 2503 1874 2554 codex;
1892 2503 1993 2543 illud
2011 2504 2187 2558 Lapieus
2204 2503 2367 2558 posuit,
2384 2502 2581 2557 probabi-

1345 2568 1452 2608 liter.
1487 2568 1652 2608 Etenim
1685 2582 1709 2608 a
1730 2566 1896 2621 Scyllaeo
1916 2566 2204 2620 promontorio
2234 2578 2363 2619 usque
2391 2564 2444 2605 ad
2471 2565 2577 2605 Isth-

1345 2644 1462 2670 mum
1484 2630 1627 2684 Scylax
1655 2628 1786 2669 stadia
1807 2643 1892 2668 esse
1923 2629 1980 2668 ait
2003 2630 2099 2682 740.
2134 2628 2358 2668 Troezeniis
2376 2641 2474 2667 vero
2506 2628 2586 2667 tri--

1344 2691 1436 2733 buit
1454 2691 1585 2732 stadia
1621 2692 1728 2737 33ος
1763 2691 1988 2731 Corinthiis
2009 2704 2140 2744 usque
2176 2688 2228 2729 ad
2261 2690 2578 2744 Cremmyonem

1346 2755 1442 2804 300,
1468 2754 1571 2795 adeo
1590 2762 1637 2794 ut
1652 2753 1797 2794 iisdem
1815 2768 1946 2808 usque
1965 2751 2017 2793 ad
2038 2753 2243 2792 Isthmum
2258 2750 2478 2802 tribuenda
2497 2752 2579 2793 sint

1345 2818 1507 2858 circiter
1543 2821 1639 2858 260.
1668 2817 1779 2857 Hinc
1810 2829 1972 2855 summa
2007 2815 2184 2855 efficitur
2219 2813 2446 2854 stadiorum
2482 2814 2576 2868 590.

1345 2879 1641 2920 Desiderantur
1655 2879 1780 2932 igitur
1800 2878 1892 2927 150,
1907 2876 2111 2932 siquidem
2128 2877 2438 2924 Troezeniorum
2451 2876 2580 2918 stadia

1343 2942 1441 2983 inde
1459 2958 1483 2983 a
1504 2942 1671 2997 Scyllaeo
1688 2941 1977 2996 promontorio
1995 2947 2188 2994 exputata
2209 2947 2329 2990 sunt;
2347 2940 2410 2979 sin
2424 2939 2582 2990 minus,

1343 3004 1513 3045 fortasse
1534 3002 1798 3044 scribendum
1817 3011 1877 3043 est
1894 3001 1957 3042 σλ’
1975 3003 1992 3055 (
2008 3002 2136 3055 230).

1400 3069 1422 3119 §
1447 3066 1514 3107 55.
1547 3066 1818 3121 Κορινθία]
1848 3064 2040 3120 Κεγχρεία
2056 3063 2201 3104 codex.
2226 3062 2384 3103 Titulos
2407 3062 2573 3112 codicis,

1342 3137 1486 3184 utpote
1515 3143 1539 3170 a
1567 3129 1743 3169 librariis
1771 3127 1977 3183 profectos
1999 3140 2185 3181 saepeque
2219 3125 2393 3178 ineptos,
2428 3138 2574 3178 parum

1343 3207 1550 3233 curamus.
1584 3198 1596 3240 12
1616 3190 1713 3243 -ἣ
1745 3190 1867 3245 πρὸς
1895 3188 1993 3242 ἠῶ]
2016 3188 2247 3230 Articulum
2270 3186 2411 3227 addidi
2435 3201 2456 3226 e
2479 3201 2579 3226 con-

1336 3254 1498 3309 jectura
1521 3255 1658 3296 Gailii.
1685 3256 1701 3308 il
1726 3278 1783 3284 —-
1801 3253 1833 3293 K
1847 3251 2110 3308 εγχρειαὶ]
2137 3249 2345 3305 Κεγχρείας
2365 3247 2458 3288 cod.
2486 3250 2499 3300 Η
2519 3273 2577 3279 —-

1341 3317 1543 3369 Σιδοῦς]
1572 3316 1635 3358 Cf.
1660 3316 1912 3370 Xenophon.
1945 3314 2051 3355 Hell.
2076 3314 2152 3360 IV,
2183 3312 2230 3351 13
2251 3324 2260 3350 z
2293 3310 2405 3363 Αἱρεῖ
2422 3314 2572 3363 πρῶτον

1344 3379 1410 3434 μὲν
1444 3380 1657 3429 Σιδοῦντα,
1685 3377 1814 3419 ἔπειτα
1847 3377 2104 3431 Κρομμυῶνα,
2130 3382 2170 3414 et
2199 3372 2301 3412 ibid.
2329 3374 2405 3421 IV,
2431 3372 2469 3421 5,
2506 3386 2570 3425 19.

1341 3442 1482 3497 Steph.
1519 3443 1617 3496 Byz.
1643 3453 1652 3480 :
1688 3440 1836 3489 Σιδοῦς,
1873 3438 2057 3493 Κορίνθου
2087 3437 2110 3487 ἢ
2142 3435 2358 3490 Μεγαρίδος
2385 3434 2570 3493 ἐπίνειον.

1339 3504 1554 3559 Euphorio
1572 3511 1612 3543 et
1624 3501 1830 3543 Nicander
1848 3515 1915 3556 ap.
1934 3500 2087 3542 Athen.
2108 3500 2184 3546 III,
2206 3512 2248 3552 p.
2273 3499 2341 3545 82,
2363 3496 2435 3536 ubi
2454 3496 2574 3537 Sidus

1339 3569 1451 3622 κώμη
1474 3566 1658 3621 Κορίνθου
1689 3564 1858 3605 dicitur.
1894 3562 2158 3618 Hesychius:
2191 3558 2426 3609 Σιδουντιὰς,
2458 3561 2569 3613 κώμη

1340 3632 1408 3681 τῆς
1429 3628 1639 3683 Κορινθίας.
1665 3627 1811 3667 Ruinae
1836 3640 1967 3682 prope
1985 3623 2158 3666 Sousaki
2186 3637 2266 3663 sec.
2302 3621 2480 3675 Boblaye
2498 3624 2578 3660 Sut-

1342 3692 1398 3732 [ες
1421 3691 1556 3732 mines
1579 3690 1628 3730 de
1659 3689 1701 3730 la
1723 3691 1874 3737 More'e,
1900 3703 1943 3743 p.
1980 3686 2058 3737 35;
2088 3700 2220 3741 prope
2257 3682 2446 3725 Cassicllzi
2468 3683 2574 3722 inter

1342 3754 1493 3795 Kineta
1511 3762 1552 3794 et
1571 3752 1793 3794 Kalamctki
1814 3766 1894 3792 sec.
1917 3750 2052 3793 Leake
2077 3748 2245 3791 Travels
2266 3746 2308 3788 in
2331 3746 2397 3786 tlte
2415 3747 2568 3790 Mor-ea,

1340 3819 1418 3867 III,
1439 3831 1482 3872 Ρ.
1503 3817 1598 3858 308.
1623 3816 1637 3867 ἰῖ
1647 3840 1710 3847 ‡—
1726 3815 1962 3870 Κρεμμυὼ
1972 3830 1990 3853 ν
2008 3816 2020 3865 ]
2045 3811 2256 3868 Κρεμμύων
2275 3808 2428 3856 codex3
2448 3806 2570 3859 Κρεμ-

1343 3880 1464 3933 μυὼν,
1487 3880 1598 3933 κώμη
1624 3878 1810 3933 Κορίνθου
1839 3892 1887 3917 ex
1910 3876 2087 3918 Eudoxo
2106 3876 2254 3915 citatur
2271 3886 2336 3926 ap.
2359 3869 2573 3937 Stephan.·,

1339 3941 1495 3982 Plinius
1524 3954 1690 3994 quoque
1723 3943 1964 3993 Cremmyon.
2003 3940 2064 3978 De
2091 3936 2231 3976 formis
2254 3931 2447 3987 Κρεμυὼν,
2475 3929 2571 3982 lipo-

1343 4004 1463 4059 μυὼν,
1492 4003 1725 4058 Κρομμυὼν,
1753 4016 1790 4042 v.
1810 4001 1949 4055 Steph.
1973 4000 2171 4040 Thesaur.
2196 4010 2233 4036 v.
2261 3993 2571 4049 Κρομμυόνησος..
