2756 4354
145 187 233 224 xiv
456 206 502 252 ·

144 275 463 329 traducuntur,
484 272 689 333 viaque,
713 268 884 331 quibus
914 266 973 312 ab
994 267 1107 311 urbe
1130 262 1186 308 ad
1214 259 1376 307 urbem

144 353 258 407 itur,
290 350 435 397 fusius
471 344 822 403 describuntur)
852 343 915 388 ita
937 340 998 386 sit
1033 345 1375 398 comparatum,

144 436 196 473 ut
215 425 377 473 titulus
396 423 477 471 ille
499 421 675 483 majore
695 418 766 465 sui
793 426 920 479 parte
943 412 1103 459 referri
1119 410 1176 456 ad
1201 409 1249 455 id
1274 424 1380 471 pos-

145 502 235 548 sit:
252 500 334 547 vix
348 497 577 546 erraveris
595 495 634 540 si
660 492 781 539 tituli
805 491 906 535 loco
925 487 1122 549 priscam
1148 484 1375 543 fragmen·

145 585 297 621 torum
319 572 635 636 prosariorum
656 566 806 612 sedem
828 561 1024 608 indicari
1049 573 1248 606 censeas.

215 666 287 707 ¹7·
343 647 606 707 Sequuntur
651 637 863 698 Ἰσιδώρου
911 636 1163 696 Χαρακηνοῦ
1202 631 1379 692 σταθμοὶ

147 722 363 786 nuptant,
374 722 453 782 qui
467 718 696 781 pertinent
710 729 736 759 a
752 713 920 775 pagina
940 727 1044 769 107,
1061 715 1117 758 13
1137 710 1193 756 ad
1206 726 1254 771 p.
1277 726 1293 754 ι
1307 725 1324 754 1
1340 725 1378 764 t,

150 816 221 845 ιο.
237 797 435 850 Titulus,
454 793 533 853 qui
553 793 599 837 in
616 789 830 835 Parisino
844 787 901 832 ad
924 787 1091 832 calcem
1110 783 1376 839 exhibetur,

144 875 192 921 in
222 873 410 918 Roman.
436 878 481 915 et
500 868 676 912 Monac.
702 864 758 911 ad
794 864 990 909 frontem
1017 862 1262 908 translatus
1290 869 1375 905 est.

144 947 320 994 Deinde
338 947 382 991 in
399 943 553 990 eadem
571 942 691 987 linea
710 940 782 1001 (p.
808 955 823 983 1
839 955 855 983 1
870 955 886 983 ι
898 972 912 996 ,
935 936 1017 999 ιο)
1033 935 1175 982 habes
1192 934 1376 980 initium

148 1021 386 1081 fragmenti
409 1018 594 1065 iambici
618 1016 675 1061 de
696 1013 889 1059 Graeciae
911 1010 1126 1066 urbibus,
1159 1010 1380 1055 continuo

145 1097 265 1158 stylo
286 1095 480 1142 exarati.
503 1091 705 1138 Pertinet
724 1103 870 1149 usque
891 1087 947 1132 ad
974 1103 1021 1149 p.
1064 1102 1082 1131 1
1097 1091 1170 1142 14,
1197 1085 1272 1141 13,
1297 1083 1380 1131 ubi

142 1173 236 1219 exit
256 1172 305 1217 in
331 1168 473 1215 verba
499 1167 677 1229 Λέχαιον
699 1162 904 1226 λεγομένη
927 1162 1060 1215 πόλις.
1093 1161 1381 1224 Sequiturin

142 1246 296 1293 eadem
312 1245 434 1291 linea
458 1243 759 1303 fragmentum
780 1239 837 1286 de
854 1239 1042 1285 Boeotiae
1065 1237 1256 1283 urbibus
1274 1253 1381 1299 pro-

142 1324 314 1369 saicum
338 1337 483 1382 usque
500 1319 557 1365 ad
577 1336 622 1381 p.
644 1335 750 1374 ¹21,
771 1318 848 1372 23,
872 1318 946 1362 cui
975 1316 1102 1361 nulla
1125 1315 1383 1360 distinctio-

143 1412 202 1444 ne
211 1396 419 1443 adhibita
430 1394 678 1455 subjicitur
692 1392 896 1453 ejusdem
911 1390 1152 1452 scriptoris
1163 1389 1384 1449 fragmen·

141 1483 239 1518 tum
272 1471 484 1525 alterum,
513 1469 638 1530 quod
661 1485 707 1530 p.
747 1468 849 1526 123,
875 1483 929 1526 19
956 1466 1127 1511 desinit
1163 1465 1211 1510 in
1241 1464 1384 1511 verba

143 1546 439 1605 καταπαῦομεν
461 1545 530 1590 τὸν
554 1545 684 1605 λόγον.
708 1543 924 1604 Sequenti
949 1542 1071 1587 linea
1096 1540 1215 1586 redit
1238 1540 1383 1588 codex

144 1622 200 1668 ad
232 1632 430 1684 poetam,
466 1621 750 1679 alterumque
779 1618 882 1678 ejus
918 1617 975 1663 de
1015 1617 1177 1676 graecis
1217 1616 1383 1663 insulis

146 1699 349 1756 fragmen
386 1695 593 1748 exhibet,
637 1695 710 1740 cui
739 1709 786 1755 p.
833 1700 938 1748 124,
970 1692 1029 1737 25
1073 1691 1386 1738 subscribitur

144 1772 304 1818 titulus
328 1788 339 1816 :
365 1769 620 1832 Δικαιάρχου
640 1766 859 1831 ἀναγραφὴ
880 1770 951 1823 τῆς
975 1766 1194 1820 Ἑλλάδος.
1216 1793 1280 1802 -
1301 1766 1385 1812 Eo·

144 1846 247 1894 dem
270 1845 406 1892 modo
439 1845 536 1891 haec
567 1844 787 1890 adornata
820 1853 926 1889 sunt
949 1843 999 1887 in
1032 1842 1134 1888 cod.
1175 1842 1382 1888 Romano

148 1923 208 1983 (s.
235 1924 326 1969 238
349 1923 505 1983 sqq.),
533 1922 619 1967 nisi
660 1922 782 1982 quod
815 1921 974 1966 titulus
1000 1936 1028 1964 a
1068 1921 1159 1978 fine
1193 1919 1384 1966 secundi

147 1998 387 2059 fragmenti
411 1998 589 2043 metrici
617 1997 672 2042 ad
702 1998 842 2058 primi
869 1998 1052 2043 initium
1081 1996 1386 2057 transpositus

144 2086 188 2121 et
212 2074 334 2120 hunc
353 2075 401 2120 in
421 2073 607 2119 modum
632 2084 789 2119 auctus
812 2074 871 2119 sit
896 2090 906 2120 :
930 2073 1188 2136 Δικαιάρχου
1205 2074 1386 2134 ἀναγρα-

144 2149 203 2213 φὴ
226 2149 327 2212 πρὸς
348 2149 632 2212 Θεόφραστον,
656 2149 810 2195 addita
833 2166 896 2195 sc.
922 2148 1231 2210 Theophrasti
1261 2164 1386 2194 men-

145 2224 284 2278 tione,
317 2239 452 2285 quem
492 2224 628 2270 initio
650 2225 823 2286 prioris
849 2224 1088 2283 fragmenti
1122 2234 1255 2286 poeta
1275 2226 1386 2269 allo·

144 2302 314 2361 quitur.
353 2298 579 2344 Praeterea
611 2315 772 2345 versus
801 2299 987 2345 iambici
1023 2300 1070 2345 in
1111 2300 1266 2361 primo
1300 2300 1387 2344 sra-

144 2385 327 2435 gmento
345 2374 551 2421 distincti
577 2385 700 2432 sunt,
736 2374 844 2420 dum
876 2377 925 2420 in
953 2376 1097 2420 altero
1118 2375 1388 2420 scribuntur

148 2450 355 2496 oratione
378 2449 612 2494 continua.
638 2476 693 2484 -
733 2448 887 2494 Codex
912 2449 1200 2494 Monacensis
1245 2450 1292 2494 in
1316 2449 1387 2494 his

146 2540 305 2570 manca
327 2522 532 2579 exhibet,
558 2539 698 2583 quum
741 2525 788 2569 in
824 2524 976 2584 primo
999 2524 1251 2584 fragmento
1274 2541 1386 2586 pro-

147 2599 271 2645 saico
296 2608 399 2659 post
433 2596 574 2642 verba
598 2597 865 2656 ἁμαξηλατὸς
889 2599 939 2643 δι’
963 2599 1130 2659 ἀγρῶν(
1150 2616 1252 2658 quae
1283 2612 1389 2645 sunt

146 2676 196 2722 in
222 2674 321 2720 solii
358 2674 414 2730 57
446 2688 493 2717 v·
520 2674 640 2718 linea
670 2672 863 2734 ultima)
889 2675 1036 2718 oratio
1070 2674 1385 2736 abrumpatur.

147 2750 202 2798 ln
231 2748 476 2811 superstite
509 2759 636 2809 parte
660 2765 763 2794 cum
793 2752 1004 2794 Romano
1043 2750 1270 2795 consentit
1294 2761 1389 2797 tum

147 2825 206 2872 de
226 2840 442 2872 versuum
476 2823 774 2870 distinctione
799 2835 892 2869 tum
925 2825 981 2869 ‹le
1005 2824 1114 2876 loco
1143 2825 1390 2887 verbisque

147 2902 287 2949 tituli.
309 2903 398 2957 Qui
430 2902 616 2964 quidem
654 2917 933 2957 consensus,
972 2918 1112 2961 quum
1151 2902 1386 2949 fortuitum

149 2993 250 3025 esse
264 2979 345 3024 vix
361 2979 551 3033 dixeris,
569 2977 718 3024 libros
739 2978 843 3023 illos
860 2994 950 3022 non
967 2994 1023 3022 ex
1038 2979 1140 3040 ipso
1154 2978 1386 3036 Parisino,

149 3052 229 3099 aed
250 3068 308 3099 ex
334 3053 600 3115 apographo
637 3052 740 3113 ejus
764 3051 974 3098 derivare
1011 3054 1234 3113 coarguit.
1262 3056 1390 3101 Cete-

149 3144 251 3175 rum
288 3132 469 3192 poetica
504 3131 754 3189 fragmenta
793 3130 905 3174 salso
947 3129 1271 3175 adscribuntur
1311 3132 1387 3177 ni-

151 3203 373 3261 caearcho,
403 3221 544 3267 quum
584 3206 676 3251 sint
701 3205 913 3266 Dionysii
941 3205 1248 3268 Calliphontis
1283 3207 1383 3252 filii.

1179 157 1656 209 PnoLEGouENA.

1451 259 1669 306 Prosaica
1690 269 1857 316 autem,
1877 275 1981 322 quae
2002 261 2260 320 argumenti
2282 260 2505 307 affinitate
2525 259 2712 319 ductus,

1450 349 1693 397 perperam
1734 334 1920 396 quidam
1971 334 2276 396 interposuit,
2314 352 2408 397 quo
2451 334 2710 393 referendas

1450 409 1544 455 sint
1565 409 1723 471 paullo
1746 418 1852 455 ante
1880 409 1924 469 (5
1953 410 2026 463 16)
2049 411 2334 457 monuimus.
2666 447 2693 482 j.
2708 436 2730 454 ³.

1520 484 1590 529 18.
1610 483 1720 529 Post
1737 483 1836 529 haec
1858 484 1963 533 cod.
1978 483 2088 530 Par.
2110 484 2174 530 ita
2195 484 2347 547 pergit
2367 501 2417 547 p.
2445 486 2555 541 125,
2578 502 2596 530 ι
2628 502 2639 531 :
2670 493 2731 539 w

1450 560 1633 622 εὐτυχῶς
1674 561 1923 623 Μαρκιανῷ.
2240 559 2418 607 Πάντων
2466 548 2738 623 &raritati-Q

1450 651 1573 681 τατον
1610 638 1638 692 ἡ
1684 634 1885 698 κωμῳδία
1921 645 1966 680 et
1998 646 2173 693 cetera,
2212 649 2317 696 quae
2351 650 2446 682 non
2478 635 2735 696 discretis-*g

1450 712 1667 760 versibus
1694 713 1916 760 exhibent
1949 714 2208 775 periegesin
2245 712 2520 771 iambicam,
2556 712 2698 776 cujus
2706 703 2741 754 es

1449 809 1558 856 pars
1584 806 1817 857 superstes
1840 811 1986 857 usque
2016 795 2072 842 ad
2105 797 2240 842 finem
2279 794 2494 841 hodierni
2517 794 2721 846 codicis:

1448 875 1664 934 pertinet.
1690 876 1869 923 Ultima
1890 891 2003 923 vero
2026 877 2196 939 pagina
2213 875 2315 938 ejus
2338 874 2585 921 obliterata
2601 854 2738 936 1οςίὟ

1451 956 1640 1015 nequit3
1666 957 1920 1017 penultima
1941 958 2038 1004 exit
2069 958 2121 1004 in
2156 956 2351 1004 verbum
2384 948 2541 1016 Αἶμος,
2567 954 2722 1017 quod
2741 979 2756 1022 ‘a'

1451 1029 1665 1076 ultimum
1697 1042 1766 1077 est
1787 1031 1961 1078 codicis
1998 1031 2194 1079 Romani
2218 1034 2296 1081 sol.
2336 1033 2427 1079 256
2466 1031 2530 1090 R,
2550 1047 2693 1080 vacua
2727 1001 2756 1076 ἐ

1450 1105 1759 1168 relinquentis
1771 1107 2011 1168 sequentia
2026 1107 2136 1154 folia
2150 1117 2322 1171 septem
2335 1106 2478 1155 totius
2489 1106 2602 1156 libri
2619 1125 2695 1172 po·
2752 1095 2756 1102 ⁸

1453 1191 1635 1229 strenia.
1654 1182 1945 1229 Monacensis
1961 1182 2082 1228 liber
2096 1183 2183 1228 hoc
2200 1198 2341 1245 opere
2363 1193 2499 1229 caret.
2517 1182 2691 1232 Nomen

1453 1258 1670 1317 auctoris,
1692 1274 1835 1318 quum
1867 1258 1923 1303 ad
1952 1258 2088 1304 finem
2118 1257 2267 1303 libelli
2303 1274 2425 1303 nunc
2464 1247 2756 1320 perditum}-

1453 1337 1701 1397 legeretur,
1727 1352 1812 1382 nos
1838 1335 1934 1397 jam
1967 1337 2094 1383 latet.
2118 1335 2172 1381 ln
2213 1335 2420 1382 Romano
2449 1337 2608 1383 codice
2628 1334 2714 1383 ti-‘
2738 1345 2756 1374 ’-

1454 1416 1578 1462 tulus
1620 1417 1876 1478 praefigitur
1913 1418 2157 1478 Μαρκιανοῦ
2202 1413 2513 1478 Ἡρακλιιώτου
2558 1417 2722 1482 (sic),

1451 1499 1532 1558 qui
1562 1496 1672 1542 hinc
1701 1497 1888 1542 transiit
1931 1496 1981 1541 in
2024 1496 2252 1541 editiones
2295 1494 2547 1542 Hoeschelii
2577 1496 2696 1543 alio-
2717 1520 2756 1576 ,Ἰη-

1453 1594 1667 1639 rumque,
1693 1578 1866 1639 quibus
1891 1577 2180 1624 Hoeschelius
2203 1577 2299 1623 dux
2315 1587 2399 1625 est.
2421 1577 2481 1623 At
2502 1576 2696 1625 Marcia-
2724 1591 2756 1639 ,ς

1455 1672 1592 1714 num,
1634 1674 1769 1719 quem
1802 1658 1989 1719 quidem
2013 1658 2245 1714 novimus,
2276 1656 2334 1703 ab
2367 1656 2452 1703 bac
2470 1657 2696 1719 periegesi
2728 1659 2756 1720 ‚s

1454 1738 1657 1784 alienum
1682 1754 1782 1795 esse
1811 1748 1933 1785 recte
1959 1738 2057 1799 jam
2082 1737 2263 1783 monuit
2281 1737 2548 1785 ·Holstenius
2573 1737 2589 1800 (
2609 1737 2695 1802 Ep.

1456 1836 1502 1880 p.
1531 1820 1607 1877 57.
1636 1820 1754 1880 226)
1776 1834 1787 1876 ;
1809 1818 2036 1878 originem
2064 1832 2175 1864 vero
2197 1817 2372 1864 erroris
2401 1816 2697 1892 repetendam
2739 1811 2756 1870 [ξ’

1455 1900 1585 1945 vides
1605 1915 1662 1945 ex
1692 1899 1898 1944 Parisini
1925 1897 2083 1944 verbis
2106 1898 2289 1960 εὗτυχῶς
2311 1897 2564 1961 Μαρκιανῷ.
2593 1896 2698 1944 Hoec
2750 1909 2756 1966 '3

1456 1982 1524 2027 sic
1539 1981 1678 2027 nihili
1694 1990 1825 2038 sunt;
1844 1995 1896 2026 ac
1919 1995 2062 2041 quum
2082 1995 2176 2025 vox
2195 1979 2377 2042 εὐτυχῶς
2395 1977 2524 2025 nulla
2541 1978 2700 2025 distin·

1456 2072 1621 2122 guatur
1642 2060 2061 2122 litera'majuscula,
2075 2061 2149 2106 vel
2164 2060 2272 2106 hinc
2293 2059 2476 2119 colligis
2494 2073 2696 2121 pannum

1457 2159 1541 2189 nos
1562 2141 1747 2197 habere,
1772 2156 1907 2203 quem
1932 2141 2157 2187 resarcire
2185 2156 2277 2186 non
2300 2140 2424 2188 licet.
2454 2138 2698 2186 Pertinere

1456 2226 1640 2269 videtur
1658 2222 1716 2268 ad
1734 2221 1917 2268 initium
1946 2221 1973 2283 [
1987 2223 2008 2266 ὁ
2028 2222 2140 2267 δεῖνα
2160 2219 2356 2283 πράττειν
2373 2219 2554 2282 εὖτυχῶς
2573 2220 2695 2280 Map-

1457 2303 1616 2363 κιανῷῗ
1635 2297 1835 2362 Εὗτύχιος
1857 2299 1923 2345 Μ.
1940 2294 1994 2362 i’]
2014 2298 2087 2343 vel
2116 2297 2173 2343 ad
2207 2298 2344 2343 finem
2374 2294 2532 2358 operis
2557 2294 2700 2341 alicu-

1451 2379 1526 2435 jus
1550 2391 1577 2421 a
1602 2374 1770 2421 Nostro
1795 2373 1973 2420 omissi.
2002 2372 2229 2418 Fortassis
2262 2373 2312 2418 in
2347 2370 2531 2427 codice,
2564 2385 2700 2431 quem

1458 2452 1677 2497 tractabat
1724 2449 1902 2508 scriba,
1955 2449 2059 2494 finis
2106 2447 2253 2493 libelli
2315 2446 2615 2510 praecedentis
2658 2458 2703 2495 et

1457 2526 1706 2589 periegesis
1737 2523 1945 2571 iambicae
1986 2524 2168 2569 initium
2203 2526 2251 2569 in
2287 2522 2446 2570 eadem
2485 2522 2700 2583 legeban-

1459 2614 1533 2648 tur
1566 2604 1710 2658 linea,
1751 2616 1887 2661 quam
1929 2610 2066 2645 totam
2101 2599 2263 2645 Noster
2299 2600 2547 2646 oscitanter
2579 2610 2703 2648 tran·

1459 2677 1665 2739 scripsit.
1688 2675 1775 2721 Sed
1797 2690 1899 2735 quae
1928 2675 2037 2720 sciri
2070 2684 2328 2734 nequeunt,
2354 2675 2413 2721 iis
2446 2690 2504 2721 ne
2534 2675 2702 2723 immo-

1460 2766 1629 2797 r.emur
1646 2749 1923 2796 Letronnius
1944 2753 2097 2795 Poc‘m.
2121 2754 2231 2811 ge'oe,
2212 2767 2273 2798 vn
2292 2766 2340 2812 p.
2363 2766 2420 2808 27
2447 2750 2512 2797 ita
2530 2749 2700 2799 habete

1465 2849 1483 2869 α
1519 2828 1619 2882 Que
1661 2842 1735 2873 ces
1757 2837 1875 2873 mots
1912 2828 2062 2874 soient
2092 2843 2211 2889 pour
2243 2829 2429 2890 εὐτυχεῖν
2471 2830 2703 2894 Μαρκιανῷ

1463 2904 1557 2967 (ου
1596 2902 1746 2964 plutot
1783 2905 1845 2951 Μ.
1871 2903 2086 2964 εὐτυχεῖν)
2122 2913 2169 2949 et
2199 2903 2463 2965 expriment
2494 2919 2558 2951 un
2581 2906 2704 2952 salae

1460 2996 1519 3025 ou
1551 2996 1612 3025 un
1642 2982 1726 3025 bon
1755 2985 1863 3036 jour
1883 2979 2036 3025 donne
2072 2995 2157 3042 par
2193 2996 2255 3026 un
2284 2986 2450 3040 copiste
2478 2981 2552 3042 (Ρ),
2570 2989 2702 3043 peut·

1461 3058 1556 3100 titre
1595 3056 1683 3100 sort
1721 3057 1907 3110 ancien,
1954 3055 2034 3115 qui
2069 3055 2286 3101 destinuit
2325 3070 2375 3101 sa
2410 3055 2543 3118 copie
2578 3057 2606 3102 a
2636 3070 2702 3103 un

1459 3130 1631 3175 ‹·crtain
1649 3129 1932 3186 Marcianus,
1955 3131 2064 3175 c’est
2092 3131 2133 3174 la
2156 3146 2206 3175 ce
2237 3131 2317 3190 qui
2343 3146 2415 3176 me
2438 3130 2587 3192 parait
2607 3128 2697 3177 sort

1454 3206 1693 3269 probable.
1720 3228 1737 3246 υ

90 3555 106 3575 2
138 3541 231 3597 ¹net
251 3534 577 3594 quaterniones
599 3535 653 3578 53
678 3536 876 3593 integros
899 3548 941 3581 et
959 3539 1191 3597 sequentis
1208 3554 1285 3598 qu.
1274 3548 1388 3582 ater·

1195 3302 1325 3341 Codex
1350 3303 1540 3341 Parisinus
1561 3305 1645 3342 571.

221 3398 292 3442 19.
309 3383 463 3429 Codex
479 3384 720 3430 Parisinus
736 3385 967 3441 ›71,olim
988 3385 1247 3455 Medic-mus,
1260 3385 1386 3431 chai-
1461 3384 1678 3430 translata
1697 3394 1818 3430 sunt.
1843 3381 1989 3443 Cujus
2020 3381 2086 3427 rei
2122 3381 2346 3427 indicium
2376 3381 2584 3442 estquod
2607 3380 2700 3428 ho-

153 3467 320 3512 taeeus,
340 3459 386 3502 in
411 3460 489 3504 sol.
499 3475 633 3514 ,sa-‚c
651 3458 742 3515 XV,
771 3470 818 3505 ut
844 3460 1044 3516 νὶάοῑιιτ,
1073 3477 1195 3506 nunc
1221 3461 1386 3510 conti·
1460 3461 1561 3507 diei
1564 3476 1611 3506 m
1636 3459 1808 3506 codicis
1826 3458 2069 3543 quaternio
2105 3456 2516 3518 quinquagesimus
2541 3457 2699 3504 tertius

1462 3538 1507 3582 in
1540 3550 1717 3581 summa
1750 3533 1917 3596 pagina
1960 3542 2145 3578 notatur
2179 3547 2373 3578 numero
2405 3530 2473 3593 ιγ’,
2509 3531 2623 3578 adeo
2648 3542 2699 3578 ut

134 3605 312 3671 „Anionis
329 3606 436 3653 solia
453 3623 547 3653 sex.
573 3608 759 3654 Priores
779 3613 1105 3668 quaterniones
1129 3613 1184 3656 52
1207 3613 1389 3673 scriptis
1464 3610 1599 3656 suerit
1618 3608 1861 3670 quaternio
1872 3606 2078 3653 decimus
2096 3607 2259 3653 tertius
2272 3606 2446 3652 codicis
2459 3605 2696 3668 cuiusdam

150 3678 461 3731 absumuntur
501 3681 768 3741 theologicis
784 3719 794 3737 ,
838 3702 938 3745 quw
975 3703 1115 3746 (μιιιιιι
1154 3689 1199 3731 in
1241 3686 1389 3732 media
1462 3685 1783 3747 geographici3
1809 3684 1932 3730 hunc
1955 3698 2066 3729 vero
2086 3682 2312 3742 originem
2338 3683 2505 3730 ducere
2522 3697 2580 3728 ex
2601 3697 2696 3728 ma·

153 3753 312 3820 phrasi
336 3755 686 3818 abrumpamur,
718 3769 838 3818 patet
870 3761 915 3804 in
949 3761 1037 3806 fine
1066 3778 1205 3806 unum
1231 3763 1386 3807 saltem
1458 3761 1562 3822 jore
1585 3760 1951 3822 geographorum
1976 3769 2284 3820 syntagmate,
2305 3774 2331 3804 e
2349 3774 2442 3820 quo
2463 3757 2600 3804 etiam
2621 3771 2697 3803 co·

154 3831 502 3893 quaternionem
526 3831 766 3879 excidisse.
783 3834 1034 3886 Quaternio
1055 3837 1110 3881 53
1136 3848 1178 3881 et
1197 3853 1389 3897 sequen-

155 3906 216 3952 tis
240 3905 350 3953 solia
382 3916 561 3953 servata
593 3922 698 3963 sex,
734 3924 837 3968 qua:
865 3910 1167 3971 geographica
1201 3911 1386 3966 habent,

156 3980 247 4026 alit
283 3997 420 4028 manu
469 3982 644 4045 §cripta
678 3992 810 4029 etex
852 3984 945 4029 alio
985 3985 1141 4030 codice
1185 3989 1229 4031 in
1270 3988 1390 4032 hunc

163 4238 230 4252 ’ἡ

157 4315 256 4354 52³5

1461 3836 1580 3883 dicis
1602 3836 1801 3882 Parisini
1829 3836 1917 3890 443
1942 3845 2101 3881 auctor
2121 3850 2203 3881 sua
2226 3831 2518 3887 delibaverit,
2543 3828 2697 3877 nullus

1462 3912 1641 3959 dubito.
1666 3913 1915 3958 Servantur
1939 3912 1986 3957 in
2010 3911 2107 3957 cod.
2135 3911 2220 3968 571
2249 3926 2261 3955 2

1533 4007 1570 4037 ι.
1596 3988 1693 4036 Fol.
1718 3995 1803 4047 4¹7
1834 3988 1987 4042 lt-{nss
2010 3987 2175 4034 Isidori
2201 3983 2487 4031 mansionum
2513 3979 2698 4029 Parthi·
