2782 4348
87 208 223 271 ew.)

92 310 201 362 θέαις
225 311 275 370 (ἡ
291 307 430 368 πόλις)
449 305 519 352 καὶ
536 306 703 367 σχολαῖς
720 303 803 354 τοῖς
823 302 1059 361 δημοτικοῖς
1075 295 1327 356 ἀνεπαίσθη-

93 398 160 431 τος
184 380 246 440 [ὁ]
264 376 401 437 λιμὸς,
423 373 553 430 λήθην
578 370 844 433 ἐμποιούσαις
866 373 938 424 τῆς
957 372 1037 414 τῶν
1062 368 1185 413 σίτων
1203 376 1327 430 προσ-

91 444 400 510 φορᾶς·.ἕφόδια
434 441 478 488 δὲ
515 441 679 503 ἔχουσιν
703 438 874 498 οὐδεμία
907 437 1078 494 τοιαύτη
1109 437 1208 499 πρὸς
1231 439 1325 492 ἡδο-

90 515 235 571 varim...
257 514 340 560 Καὶ
359 510 477 574 ἕτερα
492 510 533 556 δὲ
549 514 575 566 ἡ
591 509 707 562 πόλις
728 508 832 565 ἡδέα
856 507 941 570 ἔχει
963 506 1033 552 καὶ
1055 506 1208 552 πολλά.
1237 506 1324 552 Καὶ

89 583 166 645 γὰρ
190 584 232 627 αἱ
251 579 443 642 σύνεγγυς
463 581 588 635 αὐτῆς
598 578 736 630 πόλεις
755 575 985 639 προάστεια
1004 578 1085 622 τῶν
1100 575 1322 631 Ἀθηναίων

89 651 266 699 εἷσίν....

150 736 183 766 3.
209 718 372 780 Ἀγαθοὶ
408 718 451 764 δὲ
475 721 512 764 οἵ
543 721 826 768 κατοικοῦντες
852 714 980 771 αὐτὴν
1008 714 1134 760 παντὶ
1157 713 1323 776 τεχνίτῄ

86 792 357 850 περιποιῆσαι
377 787 495 841 δόξαν
520 786 725 847 μεγάλην,
753 786 820 831 ἐπὶ
841 791 923 836 τοῖς
946 777 991 830 εὐ
1015 783 1325 846 τετεχνημένοις

85 857 353 909 ἕκὸάλλοντες
391 856 464 908 τὰς
505 855 745 919 εὐημερίας,
781 855 796 917 [
821 857 874 906 ὣς
897 855 914 916 ]
972 852 1208 914 θαυμαστὸν
1250 851 1323 908 τὴν

87 927 204 973 πόλιν
228 925 389 972 λιθίνων
418 925 531 979 ζώων
548 918 682 992 [εἶναι
705 922 722 988 ]
747 924 1048 970 διδασκαλεῖον.

147 1012 184 1043 4.
208 998 304 1043 Τῶν
329 995 365 1040 δ’
389 995 651 1041 ἐνοικούντων
675 995 711 1039 οἱ
734 993 807 1052 μὲν
843 995 977 1038 αὐτῶν
1002 991 1196 1052 Ἀττικοὶ,
1222 994 1258 1037 οἱ
1291 992 1324 1036 δ’

85 1065 309 1122 Ἀθηναῖοι.
325 1066 380 1111 Οἱ
398 1063 471 1124 μὲν
494 1062 667 1109 Ἀττθιοὶ
679 1061 884 1125 περίεργοι
898 1059 987 1114 ταῖς
1005 1062 1182 1118 λαλιαῒς,
1198 1060 1323 1107 ὅπου·

85 1137 167 1194 λοι,
193 1133 533 1197 συκοφαντωδεις,
566 1131 861 1195 παρατηρηταὶ
898 1135 977 1177 τῶν
1003 1130 1168 1184 ξενικῶν
1204 1130 1322 1193 βίων·

89 1205 125 1248 οἱ
156 1203 189 1247 δ’
225 1203 431 1258 Ἀθηναῖοι
468 1201 776 1265 μεγαλόψυχοι,
804 1202 929 1246 ἁπλοῖ
947 1207 1031 1252 τοῖς
1054 1199 1240 1262 τρόποις,
1258 1219 1323 1262 φι-

88 1271 177 1324 λίας
197 1271 357 1332 γνήσιοι
382 1270 573 1334 φύλακες.
597 1271 870 1332 Διατρέχουσι
893 1270 940 1315 δέ
957 1288 1062 1321 τινες
1081 1271 1120 1314 ἓν
1135 1273 1186 1330 τῇ
1205 1269 1323 1314 πόλει

87 1341 357 1403 λογογράφοι,
382 1339 554 1391 σείοντες
584 1339 678 1391 τοὺς
702 1341 1091 1402 παρεπιδημοῦντας
1108 1337 1179 1383 καὶ
1197 1339 1325 1383 εὐπό-

91 1428 182 1471 ρους
218 1413 298 1454 τῶν
337 1409 479 1462 ξένων·
517 1407 587 1460 οὒς
622 1407 719 1453 ὅταν
750 1412 771 1454 ὁ
812 1409 940 1465 δῆμος
961 1407 1091 1470 λάὸῃ,
1127 1408 1326 1469 σκληραῖς

86 1477 327 1539 περιὸάλλει
350 1476 532 1536 ζημίαις.
571 1478 627 1523 Οἱ
664 1476 706 1522 δὲ
745 1478 978 1539 εἰλικρινεῖς
1000 1476 1205 1531 Ἀθηναῖοι
1241 1478 1325 1538 δρι-

87 1548 174 1606 μεῗς
196 1549 275 1591 τῶν
296 1548 451 1607 τεχνῶν
477 1545 679 1607 ἀκροαταὶ
712 1545 782 1591 καὶ
807 1544 949 1590 θεαταὶ
974 1545 1171 1606 συνεχεῖς.
1194 1544 1241 1606 (⁶)
1264 1543 1325 1590 Τὸ

86 1615 261 1661 καθόλου
294 1616 329 1660 δ’
365 1614 457 1660 ὅσον
483 1617 525 1660 αἳ
553 1614 699 1660 λοιπαὶ
730 1614 869 1666 πόλεις
886 1613 988 1677 πρός
1010 1632 1055 1659 τε
1078 1611 1227 1669 ἡδονὴν
1252 1614 1322 1658 καὶ

91 1685 182 1747 βίου
207 1684 416 1747 διόρθωσιν
454 1687 535 1730 τῶν
569 1686 705 1746 ἀγρῶν
739 1683 992 1747 διαφέρουσι,
1021 1688 1213 1729 τοσοῦτον
1243 1684 1322 1727 τῶν

84 1755 238 1800 λοιπῶν
258 1754 416 1799 πόλεων
440 1757 467 1810 ἡ
486 1755 567 1799 τῶν
594 1752 820 1810 Ἀθηναίων
841 1752 1141 1815 παραλλάττει.
1164 1754 1323 1799 Φυλα-

85 1822 200 1868 κτέον
214 1823 249 1867 δ’
270 1824 324 1874 ὡς
337 1822 395 1867 ἔνι
413 1821 593 1881 μάλιστα
614 1820 687 1874 τὰς
705 1821 892 1884 ἑταίρας,
911 1820 969 1882 μὴ
988 1821 1095 1883 λάθῃ
1114 1839 1174 1873 τις
1192 1819 1322 1876 ἡδέως

86 1890 352 1952 ἀπολόμενος.
391 1891 444 1939 Ὁ
473 1890 612 1953 στίχος
635 1891 881 1937 Λυσίππουο

182 1988 227 2025 Εἰ
252 1989 302 2035 μὴ
329 1988 499 2025 τεθέασαι
520 1988 585 2031 τὰς
605 1987 766 2034 Ἀθήνας,
785 1988 956 2035 στέλεχος
979 1987 1025 2024 εἷ·

180 2044 211 2079 εἷ
235 2044 273 2080 δὲ
290 2044 479 2090 τεθέασαι,
507 2044 557 2092 μή
579 2044 793 2092 τεθήρευσαι
810 2045 855 2090 δ’,
882 2044 977 2087 ὄνος·

181 2098 211 2134 εἰ
232 2097 262 2135 δ’
276 2098 491 2146 ,εὐαρεστῶν
515 2098 743 2147 ἀποτρέχεις,
764 2099 970 2143 κανθήλιος.

84 2229 273 2285 διατριῧὴ,
298 2233 322 2282 ἢ
342 2235 561 2285 περισπῶσα
584 2231 669 2271 κτλ.
702 2232 717 2284 Η
744 2230 838 2282 -ἣ
859 2231 1001 2277 πόλις
1019 2232 1034 2285 ]
1061 2233 1158 2271 Haec
1175 2230 1226 2270 ab
1246 2231 1325 2270 hoc

84 2293 175 2333 loco
205 2293 349 2343 aliena,
386 2292 562 2346 ideoque
594 2291 795 2346 ejicienda
824 2307 910 2332 esse
935 2293 1099 2349 monuit
1123 2293 1322 2333 Marxius.

84 2354 296 2395 Jacobsius
319 2354 332 2410 (
357 2353 408 2394 ad
424 2353 573 2395 Achill.
597 2355 690 2394 Tat.
711 2368 754 2408 p.
782 2354 893 2408 756)
911 2353 1085 2408 conjecit
1111 2368 1120 2394 :
1148 2355 1245 2401 θέαις
1263 2354 1327 2395 καὶ

85 2418 256 2471 πομπαῖς
271 2416 336 2456 καὶ
352 2431 417 2469 σχ.
443 2416 458 2469 ll
475 2440 532 2446 —
551 2414 821 2471 ἐμποιούσαις]
841 2414 1054 2470 ἐμποιοῦσα
1072 2415 1203 2456 codex
1217 2432 1228 2467 ;
1242 2431 1323 2457 em.

85 2480 284 2520 Marxius.
308 2479 324 2533 l}
343 2477 590 2534 -ἐφόδια
611 2478 697 2518 κτλ.
716 2478 732 2532 ]
750 2478 897 2519 Jacobs
919 2479 947 2519 l.
963 2478 990 2519 l.
1013 2493 1057 2534 p.
1076 2481 1156 2533 447
1175 2493 1327 2534 propo-

86 2542 147 2581 nit
175 2554 184 2581 :
212 2539 343 2595 ἐφόδια
362 2539 402 2580 δὲ
426 2538 511 2594 ἔχει
543 2540 616 2580 ὅσα
645 2538 805 2594 οὐδεμία
834 2555 888 2588 τις
918 2540 1020 2592 ἄλλη
1051 2540 1143 2595 πρὸς
1163 2540 1322 2592 ἡδονήν.

86 2603 270 2643 Marxius
295 2603 469 2643 tentavit
492 2615 502 2643 :
522 2602 587 2643 καὶ
603 2601 710 2657 ἑτέρα
737 2617 793 2650 τις
809 2603 919 2650 πόλις
940 2602 1036 2654 ἡδέα
1053 2601 1216 2657 ἔχεικαὶ
1235 2604 1328 2645 πολ-

84 2663 149 2705 λά·
179 2664 309 2721 ἐφόίια
331 2664 365 2703 δ’
387 2663 544 2719 ἔχουσιν
569 2663 727 2719 οὐδεμία
750 2668 908 2706 τοιαῦτα
925 2664 1016 2720 πρὸς
1044 2663 1202 2717 ἡδονήν.
1222 2667 1327 2707 Fru-

87 2737 184 2778 stra,
205 2735 325 2783 puto.

141 2793 163 2843 §
183 2791 223 2831 3.
254 2788 489 2845 Ἀγαθοὶ]
517 2788 642 2845 ἀγαθὴ
671 2789 765 2830 cod.
798 2791 813 2844 11
839 2814 895 2821 -
914 2786 966 2830 εἶ»
1005 2805 1220 2845 τετεχνη
1242 2807 1268 2846 μ
1284 2792 1328 2831 ε’-

88 2867 106 2892 ν
120 2853 218 2910 οις]
246 2851 590 2908 εὐτυγχανομένοις
613 2851 761 2893 codex.
781 2855 831 2893 In
862 2854 1027 2907 Fragm.
1055 2853 1152 2894 hist.
1177 2867 1329 2908 propo-

89 2928 248 2955 sueram
266 2912 328 2955 ἐπὶ
342 2916 424 2962 τοῖς
444 2913 482 2955 ἐν
506 2914 625 2971 τέχνῃ
646 2913 895 2970 αἰνουμένοις.
919 2915 1109 2969 Plerique
1124 2915 1328 2969 vulgatam

89 2977 341 3032 interpretati
361 2985 458 3018 sunt
485 2976 623 3018 obviis
648 2977 889 3033 quibusque,
909 2977 952 3017 id
979 2977 1093 3033 quod
1122 2993 1250 3032 graece
1267 2978 1329 3019 di-

89 3038 266 3079 cendum
297 3047 384 3080 erat
402 3040 485 3087 τοῖς
515 3038 806 3095 ἐντυγχάνουσι.
830 3041 1064 3087 Potuissent
1083 3040 1139 3081 illi
1160 3040 1292 3095 legere
1315 3055 1324 3082 ε

89 3102 169 3148 τοῖς
185 3099 482 3156 ἐντυγχάνουσιν
505 3101 669 3157 εὐμενῶς
684 3101 747 3143 vel
764 3101 934 3157 εὐμενεῖς
947 3101 1201 3151 ἐκῦάλλοντες
1219 3103 1306 3153 κτλ,
1317 3135 1325 3143 .

91 3161 162 3202 sed
180 3163 266 3218 ipsa
282 3164 370 3205 haec
391 3165 607 3214 sententia,
626 3179 756 3219 quum
776 3179 800 3205 a
812 3179 909 3205 vero
924 3165 1158 3216 abhorreat,
1180 3165 1325 3207 admit-

91 3224 122 3262 ti
145 3225 300 3278 nequit.
323 3228 404 3267 Im.
428 3225 603 3267 Bekker.
625 3241 692 3282 ap.
727 3228 1028 3268 Buttmannum
1057 3227 1234 3282 conjecit
1255 3227 1332 3269 ἐπι-

92 3288 406 3342 τυγχανομένοις,
431 3290 460 3330 i.
486 3304 523 3329 e.
545 3291 627 3337 τοῖς
649 3290 964 3345 κατορθουμένοις
979 3291 1191 3346 πράγμασι.
1214 3291 1332 3332 Simi-

92 3346 183 3386 liter
200 3349 383 3389 Marxius
410 3363 420 3390 ι
444 3349 482 3391 εὐ
498 3352 816 3407 τυγχανομένοις,
835 3351 1025 3408 operibus
1042 3352 1135 3393 bene
1149 3352 1330 3393 elabora-

95 3408 166 3448 tis.
190 3411 243 3449 At
256 3408 351 3463 jure
366 3410 528 3453 dubites
543 3427 595 3454 an
610 3413 662 3454 de
676 3414 775 3454 artis
794 3413 988 3469 operibus
998 3414 1170 3469 loquens
1185 3415 1330 3469 aliquis

96 3485 142 3510 ea
168 3485 267 3512 voce
283 3485 379 3513 usus
401 3473 539 3517 fuerit.
567 3476 584 3530 Η
610 3499 667 3508 -—
685 3475 736 3517 ἐκ
749 3477 770 3516 6
784 3477 881 3517 άλλ
894 3492 943 3518 ον
957 3493 979 3518 τ
992 3493 1008 3518 ε
1021 3494 1037 3526 ς
1059 3479 1074 3533 ]
1095 3476 1330 3526 ἓκῧαλῶντες

95 3532 188 3573 cod.
216 3533 445 3586 Η-ὧστε
480 3537 564 3576 θαυ
580 3538 777 3592 μαστὸν
807 3539 924 3594 κτλ.]
949 3539 1089 3580 Codex
1114 3540 1195 3581 ita:
1216 3570 1245 3581 ..
1264 3540 1330 3588 τὰς

96 3594 307 3650 εὐημερίας·
332 3595 549 3651 θαυμαστὸν
569 3598 777 3641 πλινθίνων
798 3603 909 3648 ζώων
940 3600 1040 3642 ἀνῶν
1063 3602 1327 3645 διδασκάλιον.

99 3657 287 3712 Abrupta
314 3656 403 3698 haec
424 3666 465 3699 et
499 3670 694 3715 corrupta
714 3662 926 3716 quomodo
952 3664 1034 3703 sint
1056 3664 1332 3706 antecedenti-

95 3719 173 3759 bus
183 3717 397 3773 jungenda
406 3734 493 3761 non
510 3721 623 3763 latet.
641 3723 757 3764 Dixit
771 3733 915 3765 auctor
932 3725 1010 3766 isto
1023 3727 1174 3767 artium
1190 3742 1330 3769 amore

95 3789 136 3822 et
155 3782 198 3821 in
213 3780 387 3822 artifices
408 3780 693 3825 benevolentia
707 3784 831 3835 effici,
851 3794 899 3826 ut
914 3786 1014 3827 urbs
1029 3789 1171 3829 statuis
1181 3789 1330 3832 referta

96 3843 162 3883 sit.
193 3844 257 3884 Ex
293 3843 501 3886 πλινθίνων
526 3845 645 3886 elicui
668 3846 781 3887 πόλιν
817 3846 1001 3900 λιθίνων;
1027 3864 1123 3891 nam
1153 3850 1330 3906 figulinae

96 3912 252 3957 statuae,
279 3907 313 3947 si
349 3906 455 3948 forte
483 3916 614 3958 erant,
639 3916 776 3949 tamen
810 3924 895 3965 prae
931 3913 1074 3953 ceteris
1110 3917 1328 3956 memorari

98 3979 182 4006 non
213 3974 404 4021 poterant
417 3984 428 4019 ;
459 3978 604 4011 contra
625 3986 723 4012 vero
745 3971 873 4013 λίθινα
896 3975 976 4020 ζῶα
994 3973 1107 4015 haud
1128 3989 1223 4016 raro
1253 3986 1331 4018 sta-

100 4033 179 4067 tuae
207 4028 476 4084 appellantur.
507 4031 667 4073 Deinde
698 4033 881 4088 supplevi
911 4035 962 4083 ὡς
992 4043 1032 4076 et
1069 4034 1184 4078 εἶναι.
1224 4039 1331 4079 Fieri

1008 181 1371 243 DEse'mrrlo
1415 196 1694 270 GssAEmAE.
2557 215 2613 252 99

1392 305 1608 346 Plebecula
1626 313 1761 348 autem
1785 304 2023 359 spectaculis
2046 312 2086 344 et
2119 307 2257 345 otiosis
2286 310 2623 356 confabulationi-

1390 360 1469 400 bus
1491 360 1595 400 adeo
1624 367 1864 414 occupatur,
1899 367 1946 399 ut
1981 359 2131 399 famem
2168 375 2251 400 non
2284 365 2430 404 sentiat
2462 368 2622 422 cibique

1392 418 1655 459 obliviscatur
1678 432 1687 459 :
1710 420 1759 459 iis
1783 433 1880 458 vero
1903 419 1974 473 qui
2005 419 2153 472 opibus
2173 421 2359 461 instructi
2383 434 2490 474 sunt,
2516 430 2622 471 nulla

1391 481 1452 512 est
1468 473 1568 513 urbs
1597 488 1688 527 quae
1714 482 1775 514 tot
1796 481 2010 527 tantasque
2039 474 2272 528 suppeditet
2306 481 2556 521 amoenitatcs

1394 530 1408 586 (
1431 533 1707 587 Sequebantur
1730 533 1929 589 exempla.
1952 532 2065 586 >Sed
2093 535 2214 573 etiam
2237 535 2312 574 alia
2328 540 2625 592 quamplurima

1390 590 1491 631 urbs
1523 591 1646 631 habet
1671 590 1880 644 jucunda3
1906 593 2059 632 etenim
2079 593 2231 647 oppida
2265 595 2397 636 vicina
2417 605 2623 653 tamquam

1393 650 1591 691 suburbia
1614 651 1871 691 Athenarum
1891 660 2001 691 sunt.
2011 683 2037 692 ..

1449 713 1490 753 3.
1516 713 1709 754 Ceterum
1736 712 2006 753 Athenienses
2022 728 2045 753 a
2076 714 2221 755 tissimi
2244 717 2406 758 suntad
2436 734 2624 775 magnam

1391 769 1540 822 cuique
1555 767 1701 808 artifici
1724 767 2023 808 conciliandam
2060 783 2208 820 amam,
2228 773 2379 827 quippe
2398 777 2468 828 qui
2484 778 2517 816 si
2536 792 2627 831 quae

1391 824 1543 864 artium
1566 837 1690 878 opera
1713 824 1762 862 iis
1793 823 2039 878 probentur,
2071 824 2234 865 laudem
2258 828 2421 870 artificis
2451 832 2626 887 prodigo

1390 893 1462 920 ore
1479 879 1739 935 'proclament
1757 879 2027 933 efferantque.
2054 882 2142 930 Quo
2163 881 2235 935 fit,
2259 892 2304 922 ut
2327 884 2426 925 urbs
2449 886 2626 929 admira-

1390 935 1471 976 bile
1493 949 1765 990 personarum
1787 934 2042 989 lapidearum
2061 934 2120 975 sit
2138 939 2409 990 gymnasium.

1448 998 1488 1044 4.
1515 997 1578 1036 Ex
1594 994 1738 1034 incolis
1753 994 1820 1034 alii
1839 1002 1936 1034 sunt
1955 995 2096 1044 Attici,
2119 995 2184 1038 alii
2201 997 2481 1042 Athenienses.
2501 1004 2626 1044 Attici

1391 1057 1560 1112 quidem
1577 1058 1738 1098 curiose
1759 1057 1964 1111 loquace5‚
1990 1056 2167 1107 subdoli,
2191 1061 2462 1114 sycophantae‚
2488 1066 2626 1120 explo-

1390 1129 1546 1161 ratores
1568 1121 1661 1160 vitae
1685 1121 2025 1174 peregrinorum3
2051 1119 2320 1163 Athenienses
2346 1139 2442 1166 vero
2465 1141 2630 1180 magna-

1392 1187 1521 1237 nimi,·
1548 1186 1751 1241 simplices
1792 1185 1995 1236 moribus,
2033 1187 2220 1227 amicitiae
2251 1190 2398 1230 sinceri
2435 1192 2624 1234 cultores.

1394 1252 1574 1305 Quidam
1589 1261 1726 1292 autem
1746 1252 1898 1293 rabulae
1912 1266 1986 1307 per
2000 1252 2147 1292 urbem
2163 1252 2399 1297 discurrunt
2410 1289 2420 1307 ,
2439 1269 2629 1300 vexantes

1393 1316 1631 1370 peregrinos
1650 1315 1721 1369 qui
1740 1313 1910 1355 ditiores
1931 1315 1972 1354 in
1993 1314 2097 1355 urbe
2125 1314 2289 1357 adsunt.
2323 1321 2438 1370 Quos
2463 1321 2630 1362 simulac

1391 1377 1568 1433 populus
1600 1376 1843 1432 prehendit,
1866 1378 1978 1431 gravi
2014 1377 2167 1418 mulcta
2186 1380 2398 1434 opprimit.
2434 1381 2512 1422 Sed
2537 1387 2628 1437 puri

1391 1441 1482 1495 puti
1504 1437 1774 1481 Athenienses
1797 1454 1909 1480 acres
1944 1441 2097 1480 artium
2121 1450 2217 1481 sunt
2246 1441 2452 1484 auditores
2481 1453 2521 1485 et
2544 1460 2631 1500 spe-

1393 1511 1567 1543 ctatores
1625 1502 1961 1557 frequentissimi.
2002 1503 2063 1560 (5)
2102 1505 2159 1543 Ut
2196 1507 2431 1545 summatim
2471 1506 2628 1562 loquar,

1393 1573 1594 1620 quantum
1614 1570 1757 1605 ceterae
1772 1565 1895 1605 urbes
1911 1566 1954 1605 in
1973 1566 2021 1605 iis
2040 1580 2130 1620 quae
2146 1565 2198 1606 ad
2221 1567 2468 1622 voluptatem
2485 1578 2524 1610 et
2541 1572 2630 1611 vitae

1392 1626 1722 1668 emendationem
1746 1630 1970 1682 pertinent,
2000 1629 2105 1682 agris
2127 1638 2346 1683 praestant,
2371 1639 2531 1671 tantum
2550 1632 2630 1672 dis·
2695 1659 2697 1661 ·

1391 1691 1576 1731 criminis
1612 1698 1673 1730 est
1702 1690 1810 1730 inter
1847 1691 2161 1731 Atheniensium
2189 1692 2334 1732 urbem
2368 1701 2407 1733 et
2438 1693 2626 1748 reliquas,

1390 1755 1549 1793 Verum
1565 1767 1727 1794 summa
1756 1754 1799 1793 in
1823 1753 1998 1794 vitandis
2021 1755 2303 1795 meretricibus
2322 1754 2552 1796 adhibenda
2571 1766 2632 1797 est

1389 1819 1623 1874 diligentia,
1650 1835 1702 1861 ne
1722 1821 1813 1874 quis
1832 1835 1906 1876 per
1925 1821 2247 1876 imprudentiam
2276 1823 2384 1863 malo
2406 1823 2518 1863 suavi
2538 1837 2629 1877 per-

1393 1898 1472 1930 eat.
1495 1891 1558 1929 Ita
1576 1888 1628 1929 de
1651 1889 1823 1930 Athenis
1840 1890 2043 1944 Lysippus
2070 1903 2078 1929 :

1481 1994 1530 2024 Tu
1550 1993 1698 2024 truncus
1715 2000 1763 2030 οε,
1783 1991 1810 2024 si
1826 2000 1901 2024 non
1918 1991 2072 2025 Athenas
2091 1991 2235 2029 videris;

1476 2045 1503 2077 si
1521 2045 1602 2078 visae
1620 2044 1765 2078 Athenae
1782 2054 1854 2078 non
1871 2046 2039 2085 inescant,
2061 2045 2176 2078 asinus
2191 2054 2246 2083 cs;

1475 2099 1503 2130 si
1519 2107 1592 2131 non
1611 2107 1716 2140 grave
1731 2098 1791 2131 has
1807 2099 2021 2140 relinquere,
2037 2107 2073 2131 es
2087 2098 2299 2132 cantherius.

1395 2231 1517 2270 etiam
1539 2239 1672 2284 potest
1690 2239 1736 2270 ut
1758 2245 1835 2270 vox
1863 2229 1964 2271 εἶναι
1985 2230 2106 2270 lateat
2128 2231 2170 2270 in
2191 2230 2307 2280 ἀνῶν,
2326 2231 2438 2285 quod
2462 2233 2502 2271 in
2520 2231 2632 2272 codi-

1397 2293 1512 2332 cibus
1535 2307 1620 2333 esse
1642 2292 1743 2332 solet
1761 2293 1870 2332 vocis
1894 2291 2103 2346 ἀνθρώπων
2127 2291 2436 2346 compendium.
2462 2293 2531 2332 Sin
2553 2293 2629 2332 mi-

1395 2368 1488 2403 nus,
1515 2352 1723 2408 ἀνθρώπων
1742 2353 1872 2407 glossa
1893 2361 1953 2393 est
1968 2367 2110 2393 vocem
2129 2354 2239 2399 ζώων
2256 2353 2475 2407 explicans.

1450 2418 1473 2468 S
1496 2418 1537 2464 4.
1559 2415 1709 2470 οἱμὲν
1734 2415 1893 2456 αὐτῶν
1921 2414 2166 2465 Ἀττικοὶ,
2193 2414 2235 2454 οἱ
2271 2415 2305 2454 δ’
2332 2413 2627 2470 Ἀθηναῖοι]

1395 2478 1614 2517 Distinctio
1630 2477 1717 2518 haec
1730 2476 1909 2517 ludentis
1926 2485 1988 2517 est
2002 2485 2042 2517 et
2058 2475 2221 2517 facetias
2237 2477 2421 2517 venantis
2433 2478 2627 2526 auctoris,

1396 2540 1514 2580 sicuti
1531 2538 1674 2594 jocans
1703 2539 1818 2580 Plato
1854 2538 1867 2595 (
1890 2541 1953 2580 De
1969 2538 2073 2593 legg.
2095 2541 2131 2590 I,
2162 2552 2205 2595 p.
2233 2542 2311 2579 626
2332 2538 2346 2594 )
2371 2539 2428 2579 ait
2449 2551 2458 2578 :
2479 2538 2535 2578 ’Ὦ
2553 2538 2631 2586 ξένε

1401 2600 1651 2654 Ἀθηναῖε·
1690 2601 1732 2642 οὐ
1759 2602 1833 2657 γάρ
1859 2617 1900 2641 σε
1931 2600 2146 2642 Ἀττικὸν
2171 2600 2337 2656 ἐθέλοιμ’
2359 2602 2404 2641 ἂν
2438 2616 2631 2656 προσαγο-

1397 2664 1530 2718 ρεύειν·
1557 2666 1683 2712 δοκεῖς
1700 2666 1775 2720 γάρ
1793 2679 1858 2720 μοι
1871 2666 1939 2715 τῆς
1959 2664 2046 2704 θεοῦ
2066 2663 2279 2718 ἐπωνυμίας
2294 2662 2393 2711 ἄξιος
2415 2661 2516 2703 εἶναι
2533 2664 2631 2718 μᾶλ-

1396 2727 1467 2768 λον
1492 2728 1811 2783 ἐπονομάζεσθαι.
1834 2729 1939 2769 Cum
1961 2728 2112 2782 quibus
2127 2726 2269 2768 confer
2283 2741 2374 2781 quae
2396 2727 2633 2768 Eustathius

1397 2789 1449 2830 ad
1467 2790 1516 2830 Il.
1557 2806 1595 2841 α,
1620 2804 1663 2845 p.
1690 2791 1742 2837 84
1765 2804 1787 2829 e
1819 2788 2046 2842 Megaclide
2081 2790 2097 2842 (
2120 2790 2190 2829 Fr.
2216 2789 2324 2829 Hist.
2349 2790 2425 2839 IV,
2447 2803 2490 2844 p.
2517 2790 2594 2838 443
2617 2792 2632 2842 )

1396 2851 1538 2903 tradit,
1559 2852 1712 2893 scilicet
1729 2849 1779 2906 μὴ
1796 2851 1976 2906 λέγεσθαι
2003 2850 2258 2903 Ἀθηναίας
2275 2850 2341 2898 τὰς
2365 2849 2541 2901 Ἀττικὰς,
2568 2851 2634 2891 ἵνα

1401 2913 1451 2970 μὴ
1469 2912 1538 2966 τὴν
1562 2915 1715 2970 ἄγαμον
1733 2913 1772 2954 αἱ
1787 2914 2030 2969 γαμούμεναι
2048 2917 2096 2970 τῇ
2110 2913 2347 2968 προσηγορίᾳ
2369 2914 2633 2968 καταισχύνω-

1398 2990 1473 3017 σιν·
1500 2977 1564 3017 ὅτε
1594 2975 1634 3016 δὲ
1649 2974 1811 3031 ἤρξαντο
1841 2975 1880 3015 αἱ
1910 2974 2022 3016 ἀσταὶ
2043 2973 2129 3027 ἤτοι
2157 2974 2317 3016 Ἀττικαὶ
2339 2976 2515 3029 γυναῖκες
2535 2973 2635 3026 Ἀθη-

1399 3040 1505 3079 ναῖαι
1526 3038 1722 3094 λέγεσθαι,
1746 3039 1833 3078 τότε
1856 3035 1902 3088 δὴ
1925 3036 2110 3089 ἐπενοήθη
2139 3037 2203 3077 καὶ
2223 3036 2267 3077 τὶ)
2289 3034 2358 3086 τὴν
2381 3035 2466 3076 θεὸν
2500 3037 2633 3090 μηκέτι

1404 3100 1604 3154 Ἀθηναίην
1626 3100 1850 3150 καλεῖσθαι,
1879 3098 1981 3139 ἀλλὰ
2001 3098 2098 3139 κατὰ
2114 3098 2325 3152 συναίρεσιν
2355 3096 2527 3148 Ἄθηνᾶν.
2550 3098 2633 3136 No-

1399 3172 1481 3204 ster
1507 3162 1722 3215 Ἀθηναίους
1741 3170 1874 3211 vocat,
1893 3176 1996 3216 quos
2017 3160 2154 3216 paullo
2178 3168 2271 3214 post
2293 3158 2394 3199 dicit
2420 3157 2633 3213 εἰλικρινεῖς

1405 3225 1632 3278 Ἀθηναίους,
1652 3225 1714 3265 vel
1730 3239 1833 3279 quos
1852 3223 1917 3264 alii
1933 3227 2111 3278 χρηστῶν
2131 3222 2298 3262 nomine
2316 3235 2340 3261 a
2357 3219 2510 3274 reliqua
2526 3221 2632 3261 mul-

1399 3288 1577 3329 titudine
1595 3288 1867 3341 distinguunt.
1886 3287 2077 3327 Ceterum
2107 3284 2158 3324 de
2179 3292 2265 3324 tota
2279 3283 2355 3323 hac
2376 3282 2632 3324 Athenarum

1400 3351 1796 3404 Atheniensiumque
1822 3348 2097 3402 descriptione
2111 3360 2195 3401 prae
2211 3346 2355 3386 ceteris
2373 3344 2494 3387 adeas
2509 3345 2633 3386 velim

1401 3415 1448 3455 C.
1473 3415 1758 3454 Hermannum
1777 3410 1923 3453 Lehrb.
1940 3409 1983 3451 d.
2001 3424 2066 3462 gr.
2087 3407 2403 3463 Antiquitaeten,
2427 3415 2528 3447 tom.
2553 3409 2629 3457 III,

1399 3491 1442 3531 p.
1466 3490 1517 3530 29
1538 3490 1628 3529 sqq.
1657 3475 1672 3529 ΙΙ
1691 3499 1747 3509 -—
1766 3471 2005 3529 ἀκροαταὶ
2028 3471 2110 3512 καὶ
2140 3470 2319 3511 θεαταὶ
2346 3470 2630 3524 συνεχεῖς]

1402 3537 1587 3593 ἀκροαταὶ
1600 3536 1662 3576 διὰ
1681 3535 1748 3583 τὰς
1771 3535 1947 3590 συνεχεῖς
1965 3533 2111 3575 codex.
2140 3534 2245 3574 Cum
2261 3547 2310 3573 eo
2332 3531 2445 3587 quod
2473 3532 2629 3586 scripsi,

1402 3600 1454 3640 ef.
1480 3603 1502 3653 §
1529 3614 1545 3639 1
1584 3607 1688 3639 extr.
1727 3598 1807 3639 θέαι
1837 3598 2024 3652 συνεχεῖς.
2060 3595 2326 3638 Casaubonus
2346 3602 2439 3649 post
2462 3595 2633 3646 συνεχεῖς

1401 3661 1598 3703 excidisse
1615 3661 1776 3716 putavit
1798 3660 1882 3708 θέας
1903 3659 1967 3700 vel
1984 3660 2111 3706 στοάς.
2133 3658 2345 3699 Fabricius
2365 3655 2507 3710 ἑορτὰς,
2522 3657 2630 3695 Mar-

1402 3727 1493 3766 xius
1509 3725 1645 3779 τέχνας
1667 3722 1884 3778 supplevit.
1901 3721 2114 3764 Jacobsius
2136 3720 2188 3761 ad
2207 3719 2354 3762 Achill.
2372 3719 2463 3758 Tat.
2482 3731 2523 3770 p.
2551 3715 2627 3767 593

1399 3787 1614 3843 proposuit
1642 3799 1651 3827 :
1673 3786 1821 3841 δριμεῖς
1842 3789 1918 3826 τῶν
1941 3789 2089 3840 τεχνῶν
2115 3782 2270 3838 ἐρασταὶ
2291 3780 2353 3821 διὰ
2381 3779 2446 3825 τὰς
2460 3779 2631 3830 συνεχεῖς

1401 3850 1611 3905 ἀκροάσεις.

1456 3916 1478 3966 §
1504 3912 1543 3953 5.
1566 3911 1799 3967 ἑταίρας]
1828 3910 1952 3966 ἐτέρας
1971 3908 2083 3958 cod.;
2108 3922 2188 3948 em.
2214 3906 2331 3947 editt.
2363 3904 2377 3957 Η
2397 3927 2452 3933 —
2469 3899 2627 3955 εἰμὴ]

1403 3974 1482 4030 εἷ’μι
1515 3973 1627 4024 cod.;
1653 3988 1734 4014 em.
1761 3972 1879 4014 editt.
1917 3973 1933 4026 Η
1966 3995 2023 4002 —
2055 3966 2358 4019 κανθήλιος]
2398 3962 2630 4014 σκανθήλιον

1403 4038 1515 4089 cod.;
1540 4052 1620 4078 em.
1647 4036 1764 4077 editt.
1782 4060 1839 4067 —
1859 4036 2080 4088 Sequentes
2112 4044 2248 4071 versus
2270 4041 2418 4068 novem
2445 4025 2496 4067 ab
2519 4033 2631 4066 ante-

2430 4104 2461 4136 7.
