2808 4342
144 933 182 964 10
206 912 440 970 Θαλάσσης,
465 914 506 959 ἕν

205 301 280 346 τοῦ
301 297 504 354 Ἰνδικοῦ,
527 295 600 343 καὶ
626 293 815 358 πορφύρα
837 290 910 338 καὶ
927 289 1153 351 ἱματισμος
1173 289 1358 345 ἕντόπιος
1377 290 1452 339 καὶ

207 358 316 420 οἶνος
337 366 410 413 καὶ
426 363 555 430 φοῖνιξ
573 362 701 415 πολυς
714 361 787 408 καὶ
801 358 954 423 χρυσὸς
969 357 1046 405 καὶ
1064 357 1260 419 σώματα.

272 450 331 484 37.
366 433 491 483 Μετὰ
526 431 572 479 δὲ
609 430 685 487 τὴν
726 425 1001 488 Ὀμανιτικὴν
1039 426 1185 491 χώραν
1225 427 1376 489 ὁμοίως
1417 432 1446 486 ἡ

208 504 437 567 Παρσιδῶν
458 499 736 563 παράκειται,
771 495 983 559 βασιλείας
1016 496 1184 560 stipae,
1204 496 1279 544 καὶ
1300 498 1453 552 κόλπος

164 594 185 625 ι
206 574 288 619 τῶν
306 570 533 634 Τερᾶὅδων
552 566 795 629 λεγόμενος,
825 557 873 611 οὗ
894 563 1006 611 κατὰ
1025 564 1152 626 μέσον
1182 566 1239 620 εἰς
1259 565 1331 613 τὸν
1353 566 1452 614 κόλ·

207 659 286 688 «πον
313 638 461 705 [ἄκρα]
492 633 803 696 παρανατείνει.
872 633 961 681 Καὶ
988 634 1088 698 παρ’
1119 634 1244 683 αὐτὸν
1265 635 1452 698 ποταμός

207 711 337 762 ἐστιν,
376 705 485 766 ἔχων
521 702 757 765 εἰσαγωγὴν
787 702 964 760 πλοίοις,
1001 702 1074 751 καὶ
1101 702 1248 768 μικρὸν
1273 704 1342 752 ἐπὶ
1379 709 1451 752 τοῦ

207 775 413 835 στόματος
434 772 632 838 ἐμπόριον
646 771 805 836 Ὠραία
827 774 1078 834 λεγόμενον,
1095 773 1168 820 καὶ
1186 772 1297 821 κατὰ
1318 772 1451 822 νώτου

211 842 424 906 μεσόγειος
445 842 591 901 πόλις,
618 843 876 906 [ἀπ]έχουσα
899 842 991 889 ὁδὸν
1025 845 1192 906 ἡμερῶν
1221 842 1328 889 ἔπτὰ
1360 838 1452 890 ἀπὸ

525 906 555 977 ᾔ
572 913 644 959 καὶ
671 911 864 976 βασιλεία
882 915 909 968 ἡ
940 912 1209 973 λεγομένη.
1164 914 1188 939 *
1252 912 1383 976 Φέρει
1403 912 1448 960 δὲ

205 987 232 1039 ἡ
251 983 371 1046 χώρα
406 1001 518 1029 σιτον
534 981 640 1029 πολυ
660 981 733 1028 καὶ
764 974 871 1029 οἶνον
899 981 971 1028 καὶ
993 980 1142 1045 ὄρυζαν
1172 981 1245 1028 καὶ
1266 979 1451 1046 φοίνικα,

205 1050 309 1115 πρὸς
329 1050 372 1098 δὲ
393 1050 469 1108 τὴν
489 1050 661 1115 ἤπειρον
688 1050 804 1097 οὐδὲν
827 1050 965 1114 ἕτερον
988 1051 1016 1106 ἢ
1038 1050 1235 1114 βδέλλαν.

267 1136 324 1168 33.
362 1119 487 1169 Μετὰ
506 1120 550 1167 δὲ
568 1120 726 1177 ταύτην
763 1118 836 1177 τὴν
858 1119 1004 1185 χώραν
1018 1154 1033 1178 ,
1056 1118 1139 1177 ἤδη
1173 1122 1247 1176 τῆς
1276 1117 1451 1182 ἠπείρου

205 1189 272 1237 διὰ
285 1189 333 1236 τὸ
347 1190 471 1254 βάθος
485 1193 568 1238 τῶν
587 1190 752 1237 κόλπων
772 1192 820 1237 ἐκ
837 1193 912 1246 τῆς
927 1190 1133 1247 ἅνατολης
1148 1189 1452 1253 ὃπερκερώσης,

145 1274 186 1308 15
205 1258 420 1324 ἐκδέχεται
443 1260 565 1323 [τὰ]
587 1259 916 1323 παραθαλάσσια
933 1258 1041 1323 μέρη
1062 1263 1134 1315 τῆς
1151 1259 1331 1312 Σκυθίας
1353 1258 1452 1322 παρ’

206 1329 331 1376 αὐτὸν
352 1330 543 1390 κειμένης
560 1329 630 1375 τὸν
656 1328 826 1392 βορέαν,
844 1328 1022 1375 ταπεινὰ
1041 1328 1158 1389 λίαν,
1184 1328 1224 1382 ἐξ
1242 1321 1299 1375 ὧν
1322 1346 1451 1374 ποτα-

207 1396 282 1458 μὸς
298 1398 465 1455 Σίνθος,
484 1398 676 1459 μέγιστος
691 1400 774 1444 τῶν
797 1395 907 1444 κατὰ
923 1397 998 1453 τὴν
1018 1396 1221 1460 Ἐρυθρὰν
1237 1398 1452 1443 Θάλασσαν

204 1468 407 1527 ποταμῶν
429 1466 501 1513 καὶ
524 1467 718 1512 πλεῖστον
742 1464 853 1530 ὕδωρ
884 1467 939 1519 εἰς
968 1466 1183 1512 θάλασσαν
1207 1466 1423 1512 ἐκὸαλλων
1438 1502 1451 1523 ,

205 1533 313 1581 ὥστε
336 1535 437 1597 ἄχρι
452 1536 608 1582 πολλοῦ
628 1536 643 1597 (
663 1534 735 1581 καὶ
764 1535 861 1598 πρὶν
880 1534 908 1591 ἢ
931 1536 1130 1597 συμὸάλῃ
1153 1540 1204 1599 τῇ
1224 1534 1343 1599 χώρα
1362 1537 1375 1597 )
1397 1537 1454 1588 εἰς

263 1714 378 1764 53⁷,
398 1711 427 1753 l.
446 1714 487 1760 4.
506 1709 530 1763 ᾗ
551 1711 861 1768 Παρσιδῶν]
883 1712 1014 1768 ἥπαρ’
1033 1711 1125 1754 ὁδὸν
1142 1711 1290 1754 oodex.
1309 1712 1453 1768 Παρσί·

205 1774 294 1824 δαι,
310 1787 411 1828 gens
433 1773 668 1825 Gedrosiae,
696 1788 822 1830 quam
845 1775 1062 1831 excipiunt
1082 1775 1284 1816 orientem
1311 1787 1454 1816 versus

205 1835 378 1886 Arbitae,
395 1837 665 1878 nominantur
683 1851 751 1892 ap.
768 1836 1036 1878 Ptolemaeum
1057 1837 1143 1888 VI,
1164 1849 1219 1879 20
1237 1850 1281 1892 p.
1306 1836 1388 1891 439
1408 1836 1453 1877 in

204 1896 350 1940 codiee
369 1900 408 1940 A
430 1898 569 1940 Wilb.
596 1914 672 1940 nec
698 1913 783 1940 non
802 1899 847 1940 in
871 1898 1048 1954 vulgata,
1073 1899 1155 1940 nisi
1177 1897 1293 1955 quod
1314 1899 1357 1940 in
1377 1898 1454 1940 bae

203 1959 395 2016 Παρσίδαι
416 1959 518 2002 abiit
550 1962 593 2002 in
612 1961 809 2034 Γαρσίδαι.
848 1961 1012 2018 Reliqui
1037 1960 1250 2016 Wilbergi
1287 1959 1452 2003 oodices

204 2022 411 2080 Παρσίραι,
425 2023 538 2078 quod
557 2025 730 2080 propius
748 2024 863 2066 abest
880 2038 906 2067 a
922 2024 1122 2067 Plinianis
1139 2025 1217 2075 VI,
1234 2028 1305 2076 26,
1323 2027 1347 2078 §
1365 2025 1448 2079 93·

203 2085 376 2128 Flumen
396 2085 604 2128 Tonberon
625 2085 878 2140 navigabile,
899 2086 1013 2129 cirea
1032 2086 1145 2144 quod
1166 2084 1327 2129 Parim,-
1345 2086 1452 2143 (Pa-

203 2146 309 2190 sim
340 2162 422 2191 scr.
457 2147 665 2190 Harduin.
684 2151 728 2203 ),
761 2148 865 2191 ibid.
897 2151 921 2203 S
943 2149 1031 2204 95:
1060 2149 1154 2191 Alii
1175 2147 1381 2191 Gedrusos
1412 2157 1453 2190 ee

203 2209 314 2253 Sires
343 2211 361 2264 (
372 2211 543 2252 Pasires
579 2224 662 2251 em
703 2210 948 2252 Harduinus
970 2219 1011 2252 et
1030 2211 1142 2265 Sillig
1161 2211 1176 2268 )
1194 2225 1365 2268 posuere
1375 2224 1456 2267 per

208 2271 287 2313 135
324 2270 430 2313 mill.
462 2285 602 2328 pass„
655 2286 751 2314 mox
786 2272 1115 2330 Ichthyophagos
1160 2271 1328 2323 Oritas,
1367 2279 1448 2314 ete.

204 2333 303 2374 Haec
319 2332 432 2375 haud
462 2332 592 2375 dubie
609 2348 660 2375 ex
689 2333 798 2375 Juba
812 2364 823 2383 ,
846 2334 919 2389 qui
949 2334 1037 2390 ipse
1060 2333 1287 2376 Alexandri
1310 2347 1452 2376 rerum

204 2395 439 2451 scriptores,
449 2396 730 2437 Onoeicritum
741 2396 920 2438 maxime
931 2404 971 2438 et
978 2397 1231 2448 Nearchum,
1242 2395 1450 2439 adhibuit.

203 2458 384 2499 Arriano
403 2457 501 2499 Ind.
529 2458 581 2499 25
606 2458 814 2515 Πασιρέες,
850 2473 1033 2515 quorum
1053 2467 1114 2500 est
1149 2459 1301 2515 Πασίρα
1337 2460 1452 2501 vicus

203 2527 241 2561 et
257 2520 458 2576 Βαγίσαρα
478 2529 624 2577 portus
643 2520 696 2563 ab
718 2522 879 2563 oriente
897 2523 1035 2576 magni
1051 2522 1326 2578 promontorii
1346 2523 1452 2579 (Cap

204 2582 451 2641 Amabah).
484 2584 579 2638 11-
598 2587 640 2634 4.
677 2583 855 2632 κόλπος
889 2589 980 2626 τῶν
1013 2584 1304 2641 Τεράὸδων]
1339 2585 1451 2626 Num

204 2647 381 2699 genuina
393 2647 597 2702 scriptura
608 2647 663 2688 sit
673 2661 803 2689 necne
818 2648 1015 2698 nescitur,
1034 2661 1165 2703 quum
1181 2646 1348 2689 aliunde
1362 2646 1453 2688 nul-

204 2706 292 2748 lum
311 2709 425 2750 sinus
446 2709 491 2749 in
510 2708 591 2750 hoc
609 2716 745 2751 tractu
767 2724 920 2751 nomen
939 2708 1156 2766 proditum
1179 2710 1248 2751 sit.
1270 2709 1451 2751 Ortelius

204 2775 247 2810 et
263 2770 495 2812 Vincentus
513 2770 694 2813 eundem
717 2786 804 2814 esse
820 2771 1058 2829 Παράγοντα
1082 2771 1290 2814 Ptolemaei
1310 2772 1451 2814 sinum

205 2832 363 2887 opinati
381 2841 495 2882 sunt,
521 2847 772 2889 quamquam
793 2835 815 2876 ὁ
830 2836 1024 2891 Παράγων
1045 2834 1254 2877 Ptolemaei
1269 2833 1322 2875 ad
1344 2834 1453 2877 hanc

204 2893 416 2947 regionem
438 2895 612 2936 minime
633 2898 827 2951 pertinet.
853 2897 1069 2938 Fabricius
1092 2892 1200 2947 conj.
1240 2911 1275 2937 τ.
1307 2894 1453 2951 Ἆραὸι-

205 2959 299 2998 τῶν.
316 2957 368 2999 In
382 2956 537 3011 Geogr.
559 2958 663 2999 Rav.
684 2960 741 3008 11,
762 2958 908 3013 5justa
923 2960 1060 2999 Oritas
1074 2958 1201 2999 habes
1229 2958 1405 3000 Ter-itas.
1430 2960 1446 3014 ΙΙ

205 3022 316 3062 -6,
335 3019 435 3076 ἄκρα
452 3020 636 3073 inserui;
656 3019 795 3062 malim
813 3020 912 3076 ἄκρα
927 3019 1130 3062 ἀνατείνει.
1150 3021 1282 3062 Causa
1297 3020 1452 3063 lacuum

206 3080 332 3124 fuisse
352 3080 518 3124 videtur
538 3082 775 3139 irrumpens
796 3082 1020 3139 glossema;
1041 3097 1138 3124 nam
1165 3083 1287 3124 verba
1314 3083 1365 3130 εἰς
1383 3085 1427 3125 τὸ
1432 3101 1450 3125 ν

205 3142 355 3187 κόλπον
374 3141 615 3198 abundant3
637 3159 719 3202 pro
740 3139 787 3187 οὔ
808 3143 908 3187 κατὰ
932 3145 1048 3201 μέσον
1067 3144 1214 3200 aliquis
1248 3149 1450 3187 notaverit

208 3206 364 3249 variam
384 3206 632 3263 scripturam
673 3206 727 3257 εἰς
757 3207 874 3264 μίσον
896 3206 965 3250 τον
998 3207 1162 3259 κόλπον,
1184 3221 1276 3263 quae
1297 3208 1451 3250 deinde

206 3281 303 3311 cum
319 3267 446 3311 altera
471 3268 650 3311 conflata
677 3277 756 3312 est.
776 3270 971 3313 Ceterum
993 3269 1113 3327 ἄκραν
1135 3268 1273 3312 dicere
1304 3279 1452 3312 auctor

206 3329 382 3374 eandem
400 3329 567 3374 videtur
583 3346 708 3388 quam
726 3332 943 3376 Nearchus
960 3347 1028 3390 ap.
1050 3334 1149 3376 Arr-
1175 3331 1205 3375 1.
1225 3332 1254 3375 l.
1270 3333 1450 3375 circum-

208 3392 414 3448 navigavit
431 3392 553 3450 ἄκρην
576 3392 639 3437 ἰπὶ
655 3394 757 3438 πολύ
775 3409 818 3437 τε
843 3393 1060 3452 ἀνέχουσαν
1079 3393 1116 3444 l<
1133 3393 1202 3436 τὸν
1223 3394 1366 3437 πόντον
1386 3394 1451 3436 καὶ

208 3452 326 3507 αὖτὴν
337 3452 488 3512 ίιψηλὴν
497 3455 801 3514 καὶκρημνωδέα
813 3456 1123 3516 (CapAn-ubalt
1137 3470 1173 3500 3.
1194 3457 1420 3500 Umemah
1432 3457 1447 3514 )

207 3516 368 3569 Quodsi
388 3518 431 3560 in
447 3517 588 3562 medio
598 3520 693 3563 sinu
709 3519 752 3562 id
768 3521 1104 3577 promontorium
1119 3527 1224 3572 erat,
1244 3518 1267 3561 6
1284 3523 1361 3562 τῶν
1380 3519 1451 3562 Τε-

209 3577 360 3632 ράὸδων
378 3580 448 3633 (an
459 3580 668 3637 Γεδρωσῶν
679 3582 717 3637 i’)
728 3583 874 3632 κόλπος
888 3583 1136 3640 pertinuisse
1149 3579 1315 3624 videtur
1327 3595 1351 3624 a
1366 3585 1451 3639 Cap

210 3639 374 3682 Gnade!
388 3640 440 3682 ad
466 3645 550 3699 Cap
570 3646 729 3687 Monac.
755 3646 1004 3702 Emporium
1030 3647 1194 3689 Ormm
1219 3642 1346 3687 bodie
1363 3659 1450 3687 esse

217 3703 394 3744 Urmam
411 3701 549 3745 locum
564 3715 662 3747 sunt
682 3708 754 3762 qui
781 3717 944 3764 putent.
967 3711 1023 3752 At
1042 3707 1179 3751 nullus
1197 3707 1255 3750 ibi
1270 3706 1446 3759 Ωιινίιιις

209 3763 280 3805 hie
294 3761 478 3806 fortassis
495 3773 585 3807 erat
600 3767 791 3810 Toberus
806 3783 930 3824 quem
945 3756 1130 3813 Plinius
1119 3785 1162 3813 ιιι
1176 3769 1365 3814 Pasirum
1380 3782 1447 3811 re-

209 3826 353 3882 gione,
385 3827 589 3870 Arrianus
613 3838 751 3872 autem
776 3831 958 3888 Τόμηρον
984 3847 1136 3875 vocans
1163 3834 1205 3875 in
1234 3832 1445 3875 Oritarum

209 3886 368 3931 ditione
402 3888 598 3944 eolloeat3
634 3893 805 3947 cogitari
838 3895 962 3937 etiam
997 3896 1125 3951 possit
1156 3895 1210 3938 de
1241 3893 1447 3937 hodierno

209 3950 355 4005 Agbor
370 3951 516 4005 fluvio,
536 3923 598 3995 ad
606 3966 731 4010 quem
750 3968 862 3997 nunc
889 3958 1091 3998 Har-cana
1111 3957 1224 3999 locus
1238 3964 1384 4008 exstat,
1403 3963 1447 3999 et

210 4014 448 4057 Leonnatus
469 4014 568 4058 olim
592 4013 663 4069 τὴν
681 4016 812 4077 ’Ὤρων
828 4017 972 4061 πόλιν
957 4032 1077 4074 Jussu
1095 4018 1318 4063 Alexandri
1338 4019 1446 4075 regis

978 186 1266 235 Αιιοιιιιιι
1300 186 1615 262 (samm,
1646 191 1732 240 m·
1762 191 2033 255 raama)

1518 303 2083 359 commeantem,
2103 321 2265 359 vinum,
2282 306 2416 364 palma
2433 310 2576 360 multa,
2563 322 2773 377 auru*

1519 372 1744 429 mancipia.

1576 438 1647 494 37.
1687 439 1788 482 Post
1815 440 2094 486 omnium
2130 443 2341 499 regionem
2374 443 2569 500 deinceps
2605 412 2754 524 aQJ*

1519 504 1784 549 Parsidarum
1805 515 1915 551 terra
1940 508 1995 552 ad
2011 508 2124 554 aliud
2142 525 2316 567 mgnum
2348 513 2560 568 pertinens
2583 520 2625 555 et
2647 513 2702 555 ε’·

1518 574 1743 619 Terabdon
1764 575 1926 630 dietus,
1946 577 2067 636 eujus
2082 579 2127 623 in
2142 579 2322 623 mediam
2341 590 2500 638 partem
2519 596 2697 639 promon
2727 582 2747 617 ·‘'
2765 567 2775 617 ¹-

1519 644 1631 686 rium
1663 646 1863 688 exeun-it.
1918 648 2053 691 Porro
2088 648 2240 691 fluvius
2284 648 2336 691 ad
2369 664 2466 692 eum
2496 659 2558 692 est
2590 639 2766 714 navibus

1519 712 1737 755 introitum
1755 713 1959 770 prebens,
1980 723 2022 758 et
2048 715 2102 759 ad
2130 718 2284 759 ostium
2305 716 2395 773 ejus
2420 731 2774 775 parvumempos·

1519 782 1652 834 rium,
1694 783 1815 825 Oraia
1846 782 2036 837 dictum,
2070 793 2112 827 at
2143 800 2252 842 pone
2275 786 2317 828 id
2355 788 2397 828 in
2436 779 2764 830 mediterranei

1519 857 1676 905 septem
1694 849 1890 892 dierum
1876 852 2024 894 ttinere
2036 866 2061 895 a
2076 854 2179 895 mari
2195 853 2367 906 distans,
2387 854 2487 896 urbs
2506 854 2613 910 regis
2627 850 2751 897 sed
2712 884 2735 890 ν.

1520 930 1613 972 quae
1633 925 1804 960 vocatur
1814 917 1852 960 ’ἢ
1911 919 2011 962 Fert
2030 920 2145 976 regio
2160 922 2340 965 multum
2359 923 2581 974 frumenti,
2599 923 2671 967 vin
2730 921 2773 963 -ἵ“·ἴ“

1520 998 1720 1095 <¹:3¹3ssle
1747 984 1952 1042 palmam;
1979 985 2033 1028 ad
2073 1002 2191 1030 oram
2226 1003 2326 1032 vero
2357 990 2461 1033 nihil
2489 990 2604 1033 aliud
2648 1011 2656 1028 .
2679 1010 2685 1027 ·
2735 1013 2739 1027 .

1578 1122 1647 1163 38.
1671 1122 1791 1163 Hane
1808 1122 2019 1176 regionem
2031 1152 2044 1172 ,
2062 1123 2301 1166 continente
2309 1122 2398 1179 jam
2415 1125 2471 1168 ob
2488 1127 2658 1170 sinuum
2673 1141 2702 1185 p
2763 1102 2767 1121 ἶ

1523 1188 1771 1231 funditatem
1790 1188 1844 1230 ab
1873 1197 1970 1231 ortu
1992 1188 2118 1231 veluti
2138 1204 2272 1232 cornu
2289 1202 2535 1236 excurrente
2556 1208 2683 1251 seque
2706 1194 2775 1238 ἰιιὲ

1522 1266 1719 1300 curvante
1730 1289 1743 1310 ,
1763 1258 1978 1315 excipiunt
1988 1258 2165 1315 Scytbiae
2178 1258 2350 1301 boream
2366 1274 2508 1303 versus
2521 1263 2743 1318 pertinent·
2777 1302 2782 1310 ,

1521 1334 1658 1383 partes
1675 1327 1907 1378 maritimae,
1924 1327 2101 1369 humiles
2117 1325 2364 1379 admodum,
2386 1342 2409 1369 e
2427 1328 2583 1384 quibus
2598 1329 2732 1373 Sinun
2768 1350 2772 1357 ·

1521 1395 1624 1446 exie,
1643 1395 1796 1438 fluvius
1809 1396 1997 1438 omnium
2015 1396 2140 1438 maris
2154 1396 2359 1453 Erythraei
2377 1398 2599 1453 mximas,
2612 1400 2686 1457 qui
2701 1415 2737 1442 c(

1523 1466 1753 1522 piosissima
1782 1479 1987 1521 aquarum
2008 1466 2049 1507 vi
2079 1466 2123 1508 in
2146 1480 2261 1509 mare
2281 1481 2325 1508 se
2346 1476 2557 1520 exonerat,
2581 1467 2686 1511 adeo
2721 1484 2750 1510 ιι
2764 1491 2775 1500 ·>

1524 1534 1577 1576 ad
1599 1534 1771 1590 longum
1791 1548 1924 1591 usque
1952 1536 2149 1591 spatium,
2168 1536 2412 1592 priusquam
2428 1538 2641 1592 regionem
2659 1537 2741 1579 han

1521 1710 1734 1751 συνοικίσαι
1756 1709 1958 1764 videtur(
1985 1724 2025 1751 v.
2049 1718 2136 1751 not.
2166 1709 2235 1752 ad.
2254 1712 2421 1753 Arrian.
2446 1710 2543 1754 Ind.
2570 1727 2610 1755 c.
2630 1715 2730 1767 αα).

1519 1796 1577 1805 -
1594 1774 1636 1815 8.
1659 1770 1874 1828 Ὠραία]
1898 1771 2021 1827 ὡραία
2042 1770 2190 1822 codex,
2215 1770 2329 1827 quod
2348 1772 2382 1813 si
2402 1773 2510 1815 tueri
2525 1772 2641 1826 velis,
2668 1788 2747 1829 oon

1521 1834 1628 1877 serre
1642 1834 1736 1877 lieet
1749 1834 1944 1877 Curtium
1962 1835 2040 1885 IX,
2062 1847 2127 1885 10,
2151 1833 2220 1875 ubi
2243 1833 2429 1890 plerique
2448 1833 2613 1878 eodiees
2635 1827 2749 1879 Hori

1522 1904 1590 1938 tas
1605 1895 1808 1954 praebent.
1844 1897 1862 1951 ΙΙ
1883 1895 2043 1937 -καὶ
2063 1910 2194 1937 κατα
2223 1897 2413 1953 νώτου]
2444 1897 2510 1939 καὶ
2540 1897 2627 1940 κατ’
2648 1897 2765 1942 αὖτδν

1520 1957 1669 2001 oodex.
1688 1958 1754 2001 Cr.
1775 1958 1885 2001 infra
1905 1960 1929 2012 S
1951 1959 2003 2001 38
2029 1958 2094 1999 καὶ
2125 1957 2224 1999 κατὰ
2247 1959 2371 2000 νώτου
2406 1960 2608 2016 μεσόγειος
2639 1959 2665 2014 ἡ
2690 1977 2768 2019 μη-

1520 2021 1716 2078 τρόπολις,
1746 2030 1786 2063 et
1816 2024 1888 2075 §2
1922 2033 1933 2062 z
1973 2018 2032 2069 οἷς
2062 2020 2245 2063 ἐπίκειται
2286 2020 2385 2063 κατὰ
2414 2022 2538 2063 νώτου
2563 2023 2766 2080 μεσόγειος

1520 2084 1608 2127 κτλ.
1628 2085 1780 2140 11-9.
1794 2083 2233 2139 ἀπέχουσα]ἔχουσα
2251 2083 2407 2134 codex,
2430 2099 2512 2127 em.
2534 2084 2652 2129 editt.
2670 2088 2770 2131 Post

1520 2160 1563 2189 v.
1593 2146 1788 2203 λεγομένη
1816 2160 1970 2188 nomen
1995 2146 2147 2188 excidit
2175 2146 2313 2197 urbis,
2338 2161 2463 2202 quam
2488 2147 2612 2190 fuisse
2645 2148 2768 2207 Ῥαμ-

1522 2209 1676 2261 ὅακίαν,
1705 2210 1937 2266 principem
1964 2210 2179 2251 Oritarum
2205 2209 2344 2252 locum
2373 2210 2417 2251 in
2448 2212 2617 2266 regione
2643 2211 2783 2257 fertili

1520 2272 1647 2315 situm
1662 2273 1849 2328 (Arrian.
1864 2271 2782 2329 Anab.V1,ax),probabilitereensetMan·

1520 2338 1799 2388 nertusV‚a,
1825 2348 1960 2409 p.19.
1990 2335 2084 2391 11-
2116 2347 2183 2378 12.
2203 2334 2361 2392 ἤπειρον
2392 2330 2674 2395 ρωαίγιαλδν
2702 2337 2782 2419 Q

1520 2406 1657 2449 ctum,
1674 2406 1723 2441 ut
1742 2398 1913 2456 passim.

1578 2463 1602 2514 S
1624 2464 1695 2505 38
1727 2459 1780 2503 ἐκ
1798 2475 1835 2503 τ.
1872 2458 2139 2512 ἀνατολῆς
2160 2458 2551 2519 δπερκερώσης]
2573 2461 2787 2570 Schwan2:

1520 2522 1743 2580 beckiusp.
1762 2526 1846 2579 490
1858 2536 2001 2565 vocem
2019 2521 2229 2579 ὓπερκερᾶν
2241 2521 2409 2566 aliunde
2421 2537 2507 2566 non
2523 2532 2703 2567 notam

1520 2586 1714 2642 opinatus
1737 2585 1814 2641 legi
1846 2585 1976 2627 voluit
1997 2584 2299 2641 δποχωροῦσηςς
2333 2598 2426 2641 quae
2457 2586 2639 2643 suspicio
2676 2619 2681 2623 -
2726 2611 2758 2625 ..
2783 2597 2788 2636 j

1520 2648 1631 2690 nasci
1655 2655 1818 2704 poterat
1835 2661 1884 2689 ex
1907 2660 2023 2703 seqq.
2052 2645 2142 2702 παρ’
2172 2644 2287 2687 αότδν
2317 2646 2477 2702 κείμενα
2493 2645 2563 2689 τὸν
2597 2647 2735 2706 βορέαν
2784 2646 2787 2664 ¹

1519 2709 1577 2751 ita
1593 2710 1705 2751 enim
1723 2708 1881 2759 codex3
1902 2716 1945 2750 at
1973 2716 2064 2749 tum
2082 2722 2172 2749 rem
2206 2706 2464 2750 salsissimam
2492 2708 2672 2753 maaet
2689 2725 2743 2755 au
2784 2706 2787 2724 ³

1518 2765 1625 2814 c'tor.
1662 2772 1819 2814 Contra
1843 2771 1949 2813 bene
1970 2770 2111 2813 omnia
2143 2769 2313 2820 habent,
2351 2769 2480 2812 modo
2501 2785 2581 2827 pro
2606 2772 2750 2830 κείμε

1519 2833 1628 2888 legas
1657 2834 1854 2891 κειμένης,
1878 2831 1983 2875 adeo
2000 2841 2049 2875 ut
2077 2846 2163 2875 non
2195 2846 2270 2875 ora
2294 2845 2438 2875 versus
2457 2832 2628 2877 boream
2654 2834 2727 2877 fl

1517 2894 2065 2952 dicatur,sed1ndoscythia
2082 2895 2136 2937 ab
2148 2909 2222 2938 ora
2236 2894 2406 2938 boream
2424 2909 2565 2939 versus
2577 2863 2787 2973 extendi

1520 2959 1638 3001 Litus
1674 2959 1718 3001 in
1756 2966 1892 3001 tractu
1923 2957 2032 3000 Indo
2065 2958 2203 3000 vicino
2238 2972 2292 3001 ex
2326 2959 2487 3001 oriente
2517 2972 2587 3015 p·

1518 3022 1740 3077 sinumque
1781 3022 1892 3063 flexu
1926 3034 2004 3063 suo
2034 3020 2197 3063 effieere
2228 3029 2339 3063 recte
2368 3021 2519 3062 Noster
2544 3021 2730 3076 signifi

1518 3084 1779 3139 Exquisitior
1802 3098 1883 3125 vox
1914 3083 2122 3140 δπερκερᾶν
2160 3097 2246 3124 non
2280 3083 2407 3137 magis
2429 3081 2604 3124 oss‘endit
2635 3097 2750 3139 qua

1518 3160 1642 3201 supra
1654 3146 1809 3189 locutio
1822 3146 2049 3202 ὓποφεῦγειν
2065 3143 2134 3196 τὴν
2150 3146 2298 3200 χώραν.
2323 3146 2339 3199 11
2358 3167 2416 3177 -
2435 3144 2501 3186 15.
2519 3144 2733 3196 Σκυθίας
2760 3184 2762 3193 ,

1524 3205 1784 3249 Ἰνδοσκυῠίαν
1827 3207 1929 3249 dicit
1959 3207 2202 3250 Ptolemaeus
2240 3205 2293 3247 de
2323 3205 2485 3262 Scythis
2523 3206 2639 3250 Getis
2677 3208 2711 3250 si

2673 197 2727 261 (¹¹
2729 130 2803 263 ἐ),

2741 3038 2797 3082 l,

1516 3269 1627 3310 Sacis
1656 3269 1792 3323 (saka
1820 3268 1907 3310 ind.
1927 3268 1959 3325 ),
1981 3269 2076 3323 qui,
2096 3282 2239 3310 everso
2259 3282 2386 3323 regno
2407 3267 2747 3330 greco-bactria
2792 3287 2793 3290 ¹

1517 3344 1655 3372 rerum
1686 3332 1727 3372 in
1754 3331 1816 3372 his
1839 3331 2075 3386 regionibus
2107 3331 2224 3386 potiti
2247 3338 2345 3373 sunt
2365 3331 2473 3373 cirea
2495 3345 2566 3374 an.
2598 3344 2692 3385 tao,
2728 3357 2730 3364 ›

1516 3391 1681 3436 videtur
1702 3392 1827 3451 (Vid.
1846 3393 2001 3449 Bensey
2019 3394 2061 3435 in
2078 3394 2210 3435 Ersch
2225 3394 2463 3436 u.Gr11ber's
2483 3393 2605 3437 Encl.
2624 3409 2669 3438 v.
2742 3393 2745 3400 ’

1515 3453 1610 3496 dien
1633 3469 1675 3511 p.
1700 3469 1753 3511 77
1787 3470 1879 3511 sqq.
1899 3458 1932 3511 ).
1954 3454 2254 3497 ΝότιοιΣκὺΟαι
2276 3455 2535 3512 appellantur
2555 3469 2624 3513 ap.
2672 3466 2734 3501 i„
2806 3471 2808 3484 *

1517 3532 1608 3573 nys.
1629 3521 1722 3561 Per.
1746 3521 1866 3561 1018.
1894 3519 1911 3574 ΙΙ
1931 3542 1985 3551 -—
2006 3523 2068 3562 16.
2093 3515 2225 3567 ὶξῶν
2242 3519 2257 3574 ]
2274 3518 2446 3561 verbum
2463 3517 2578 3567 ἔξεισι
2596 3532 2674 3562 ex

1516 3582 1586 3622 rit.
1609 3580 1834 3623 Hudsonus
1865 3580 1948 3634 ἑξῆς
1963 3581 2143 3638 scripsit,
2163 3582 2281 3637 quasi
2297 3579 2429 3623 Indus
2447 3581 2598 3624 fluvius
2615 3581 2701 3625 ab

1516 3644 1805 3701 Indoscythiea
1827 3653 1964 3701 posset
1976 3645 2151 3701 sejungi.
2181 3645 2198 3699 ΙΙ
2222 3667 2278 3677 -
2301 3657 2364 3699 ¹7·
2384 3643 2585 3702 Σίνθος]
2603 3644 2681 3687 Pli

1516 3708 1599 3758 vl,
1639 3708 1722 3748 23:
1752 3706 1884 3750 Indus
1918 3707 2064 3750 ιἰισοίίε
2098 3704 2241 3748 stadis
2273 3704 2458 3761 (Sindus
2479 3719 2568 3748 var.
2599 3705 2693 3749 leet

1517 3769 1616 3823 ling.
1640 3768 2204 3813 sanscr.Sindl1u.Nativum
2227 3769 2343 3811 fluvii
2364 3782 2517 3811 nomeu
2535 3766 2709 3826 apud'

1518 3830 1704 3873 lemaeum
1722 3831 1867 3874 habes'
1858 3847 1900 3874 ιιι
1915 3830 2100 3875 secundo
2114 3830 2202 3888 ejus
2219 3831 2342 3883 ostio,
2354 3829 2468 3887 quod
2480 3837 2727 3889 vocatur>

1517 3894 1595 3934 δων
1632 3895 1773 3951 στόμα.
1814 3895 1830 3950 ΙΙ
1867 3918 1925 3928 -
1949 3908 2016 3950 ι9.
2051 3892 2294 3951 συμὸάλῃ
2327 3894 2385 3951 τῇ
2416 3891 2642 3950 χώρᾳ]

1518 3957 1683 4014 συμὸάλ
1674 3960 1828 4015 ητιςτῇ
1844 3973 1889 4013 γ.
1912 3958 2005 4012 11-
2021 3957 2086 4013 ἀγ
2097 3971 2140 4013 ρι
2157 3954 2385 3999 πολλοῦ..
2412 3953 2633 3998 ἀπαντᾶν
2653 3950 2756 4006 λι

1517 4019 1596 4061 κον
1617 4020 1806 4074 Semel«
1826 4021 1911 4063 Das
1921 4018 2226 4076 ausgeworl'ene
2236 4018 2412 4062 Wasser
2428 4014 2705 4060 ιΐιιιιάυἱί

2727 3519 2808 3599 -
