2782 4348
92 183 184 244 ‹aa›

90 284 293 344 Σησαμὸς
307 286 423 337 πόλις
435 284 627 339 εΕλληνὶς
642 283 713 328 καὶ
729 283 952 344 Παρθένιος
964 285 1162 344 ποταμὸς,
1181 286 1319 333 Τίειον

11 356 14 359 “
90 353 206 405 πόλις
226 353 416 410 Ἑλληνὶς
438 351 508 398 καὶ
536 350 678 411 λιμὴν,
715 351 875 398 Ψύλλα
898 352 969 397 καὶ
988 353 1172 413 ποταμὸς
1198 357 1317 400 Καλ-

87 422 139 466 λί·
160 441 181 468 ο
208 442 262 475 ος.

129 441 210 540 kalp.
245 494 606 538 ΜΑΡΙΑΝΔΥΝΟΙ.
649 488 770 535 Μετὰ
806 488 848 534 δὲ
890 490 1188 552 Παφλαγονίαν
1223 494 1323 538 Μα-

42 569 46 571 ’
91 559 291 623 ριάνδυνοί
323 561 424 604 εἰσιν
457 558 581 610 ἔθνος.
652 558 861 605 Ἐνταῦθα
895 559 1012 610 πόλις
1052 559 1162 605 ἐστὶν
1187 559 1322 622 Ἡρά-

85 631 202 674 κλεια
225 626 435 683 Ἑλληνὶς,
455 626 526 671 καὶ
544 626 729 686 ποταμὸς
749 625 884 678 Λύκος
901 627 972 672 καὶ
990 627 1111 679 ἄλλος
1132 629 1320 687 ποταμὸς

86 696 253 748 υΥπιος.

145 782 201 811 92.
234 768 456 814 ΒΙΘΥΝΟΙ.
491 765 612 812 Μετὰ
634 765 677 811 δὲ
710 765 1021 829 Μαριανδύνους
1053 766 1131 812 εἷσὶ
1155 769 1320 832 Θρᾷκες

86 835 250 882 Βιθυνοὶ
273 835 405 895 ἔθνος,
432 836 503 881 καὶ
525 836 710 896 ποταμὸς
731 836 937 899 Σαγάριος
956 836 1027 882 καὶ
1049 836 1170 890 ἄλλος
1187 857 1319 883 ποτα-

85 905 158 963 μὸς
200 905 394 967 Ἀρτάνης
430 906 502 951 καὶ
544 909 665 961 ν’ἧσος
703 904 858 958 Θυνιὰς
875 940 877 942 -
896 906 1076 967 (οἷκοῧσι
1110 906 1152 951 δὲ
1188 907 1315 962 αὐτὴν

81 973 395 1036 (Ηρακλεῶται)
420 973 492 1021 καὶ
507 975 691 1036 ποταμὸς
718 974 891 1031 Ῥήὸας.
961 968 1051 1022 Εἶτ’
1069 975 1183 1028 εὐθὺς
1205 979 1226 1021 ὁ
1245 976 1320 1022 πό-

83 1063 148 1106 ρος
167 1038 237 1089 καὶ
258 1044 302 1090 τὸ
317 1044 611 1108 προειρημένον
638 1045 744 1108 ἱερὸν
771 1047 811 1090 ἓν
839 1048 897 1108 τῷ
915 1044 1091 1105 στόματι
1113 1050 1185 1092 τοῦ
1208 1045 1321 1092 Πόν-

81 1133 168 1170 του,
192 1114 263 1160 καὶ
297 1114 401 1174 μετὰ
424 1120 543 1161 τοῦτο
580 1115 697 1168 πόλις
726 1114 959 1171 Χαλκηδὼν
981 1114 1059 1168 ἔξω
1082 1116 1105 1139 *
1128 1114 1314 1179 Θρᾴκης,

81 1185 170 1242 μεθ’
194 1182 244 1238 ἣν
265 1186 284 1227 ὁ
307 1183 459 1236 κόλπος
484 1187 504 1229 ὁ
526 1183 759 1236 Ὀλὸιανός.
828 1183 1081 1247 Παράπλους
1102 1183 1184 1229 ἀπὸ
1210 1186 1314 1230 Μα-

79 1250 301 1313 ριανδύνων
329 1251 452 1315 μέχρι
476 1258 545 1299 τοῦ
568 1257 700 1314 μυχοῦ
722 1257 792 1298 τοῦ
816 1252 972 1299 κόλπου
995 1257 1064 1298 τοῦ
1085 1252 1313 1300 Ὀλὸιανοῧ

78 1384 126 1425 τὰ
160 1384 320 1439 Κύτωρα
343 1386 618 1440 (Theoprast.
651 1387 706 1426 H.
729 1386 862 1428 Plant.
889 1389 976 1437 ΙΙΙ,
1006 1386 1071 1437 15,
1099 1385 1171 1440 5).
1196 1388 1319 1427 Mon-

76 1456 162 1488 tem
188 1450 374 1501 Cytorum
395 1448 590 1502 Paphlag.
612 1458 815 1489 memorat
833 1449 940 1491 Plin.
957 1450 1035 1500 VI,
1063 1463 1088 1490 2
1107 1457 1148 1489 et
1166 1449 1314 1503 Virgil.

79 1510 231 1563 Georg.
252 1512 315 1560 II,
341 1510 438 1564 437.
464 1534 520 1541 -
537 1511 776 1551 Eustathius
797 1511 851 1552 ad
873 1513 999 1552 Hom.
1027 1525 1070 1566 p.
1091 1513 1186 1562 361,
1226 1515 1279 1560 42
1304 1525 1314 1553 :

79 1570 216 1619 Ἔδοξε
235 1572 276 1612 δέ
290 1587 367 1612 τισι
386 1572 451 1613 καὶ
469 1572 533 1612 διὰ
548 1575 617 1613 τοῦ
641 1573 662 1612 δ
678 1573 835 1628 γράφειν
855 1573 1051 1629 Κύδωρον.
1074 1575 1172 1614 Haec
1187 1587 1209 1613 e
1231 1574 1317 1614 Ste-

76 1633 214 1688 phano
245 1636 459 1690 petiverit,
491 1650 515 1676 a
549 1649 633 1690 quo
654 1634 862 1691 duplicem
884 1636 1060 1678 formam
1094 1635 1316 1678 indicatam

74 1709 163 1737 >esse
185 1697 316 1737 nostri
337 1706 516 1752 arguunt
535 1697 712 1748 codices,
742 1698 942 1754 Κύτδωρος
962 1698 1204 1754 praebentes.
1226 1701 1244 1751 Ι]
1261 1722 1318 1730 —

78 1757 339 1814 Σήσαμος]
360 1761 416 1800 V.
455 1761 626 1801 Homer.
664 1760 714 1801 Il.
739 1762 802 1812 Π,
838 1761 942 1812 853,
977 1760 1109 1816 Apoll.
1141 1760 1221 1800 Rh.
1247 1763 1313 1812 H,

79 1823 186 1873 941,
211 1822 340 1863 schol.
364 1822 417 1863 ad
438 1822 574 1878 Apoll.
596 1822 676 1863 Rh.
701 1825 764 1874 II,
800 1826 903 1878 178;
927 1823 1035 1865 Mela
1055 1825 1101 1874 Ι,
1131 1836 1208 1876 19,
1238 1825 1312 1873 18,

74 1881 224 1924 *Strabo
253 1885 337 1925 XII
350 1915 362 1935 ,
397 1899 439 1940 p.
476 1885 578 1936 544,
602 1885 710 1927 Plin.
747 1887 832 1936 VI,
859 1899 899 1926 2.
935 1887 1081 1927 Postea
1113 1886 1315 1926 Amastris

79 1944 308 2001 (lMemnon
327 1962 364 1988 c.
392 1947 414 1988 5
432 1947 464 2004 );
482 1948 608 1989 hodie
623 1948 892 1989 Amasseralz.
913 1950 1005 2002 11-
1026 1948 1057 1988 Τ
1072 1948 1111 1988 ίε
1126 1963 1169 1988 ιο
1183 1949 1234 2003 ν]
1261 1949 1316 1988 τί-

78 2007 157 2047 θιον
178 2008 324 2060 codex‚
349 2010 474 2057 Ἑίειον
495 2010 641 2052 Strabo
657 2024 724 2065 ap.
747 2010 942 2065 Stephan.
961 2025 1000 2050 v.
1026 2010 1134 2060 Τίος,
1153 2009 1315 2050 codices

71 2070 210 2112 Strab.
234 2073 332 2124 XII,
362 2087 405 2128 p.
435 2073 514 2122 542
536 2073 671 2125 Τήιον,
701 2072 827 2127 idque
843 2071 931 2127 jam
953 2074 1106 2128 reperit
1122 2074 1311 2113 Eustath.

69 2132 128 2174 -ad
142 2133 192 2175 Il.
209 2136 265 2187 H,
289 2135 367 2176 855
386 2145 425 2177 et
444 2136 526 2178 Od.
548 2138 626 2186 III,
643 2137 739 2177 366.
764 2135 903 2189 Vulgo
923 2136 1010 2183 Τίος
1025 2136 1212 2186 νεΙΤίον,
1237 2136 1313 2176 ho-

73 2195 142 2236 die
163 2197 259 2239 Tios
274 2198 337 2239 vel
360 2199 506 2240 Tilios.
527 2201 546 2251 Ι]
562 2223 620 2230 -
637 2198 846 2253 Ψύλλα]
866 2198 912 2238 Ψ
913 2198 1013 2250 όλλη
1035 2213 1100 2253 ap.
1126 2199 1312 2249 Arriam,

76 2261 233 2311 Anon.,
256 2263 458 2302 Marcian.
476 2278 487 2311 ;
519 2261 701 2302 Ψύλλιον
739 2261 864 2311 Ptol„
899 2261 1094 2315 Scylleum
1126 2269 1310 2316 corrupt.

68 2321 178 2362 Tala.
214 2325 402 2379 Peuting.
431 2327 448 2375 Η
474 2349 530 2355 -
560 2324 920 2377 Καλλίχορος]
960 2331 1215 2364 memoratur
1243 2337 1310 2378 ap.

74 2384 210 2438 Apoll.
233 2386 370 2426 Rhod.
401 2388 465 2436 ΙΙ,
488 2400 565 2440 901
584 2417 595 2437 ,
619 2387 691 2426 ubi
719 2388 968 2440 Argonautae
1000 2386 1051 2426 ab
1085 2385 1314 2427 Acherusio

73 2460 211 2500 prom.
239 2457 280 2489 et
312 2449 547 2490 Acheronte
575 2449 702 2490 fluvio
731 2448 785 2488 ad
817 2449 1034 2489 Callichori
1070 2449 1184 2488 fluvii
1210 2449 1314 2489 ostia

76 2510 269 2560 veniunt;
309 2511 447 2552 Valer.
488 2511 622 2553 Flacc.
660 2512 717 2562 V,
753 2511 805 2565 75
823 2528 832 2561 ;
860 2512 1106 2553 Ammianus
1142 2511 1315 2552 Marcel-

73 2570 146 2611 lin.
171 2573 268 2622 XII,
295 2574 335 2623 8,
358 2577 410 2622 24
435 2574 564 2627 (item
586 2588 638 2614 ex
653 2575 941 2628 Aigonauticis
958 2573 989 2630 );
1012 2573 1148 2614 Schol.
1173 2573 1310 2628 Apoll.

73 2633 153 2674 Rh.
179 2634 206 2674 l.
245 2635 272 2675 l.
300 2649 308 2676 :
344 2628 516 2692 ποταμὸς
548 2635 844 2692 Παφλαγονίας,
870 2636 969 2691 ἱερὸς
989 2636 1186 2692 Διονύσῳ,
1227 2636 1314 2691 περὶ

30 2734 31 2737 ,
80 2694 331 2751 Ἡράκλειαν·
367 2695 411 2739 οὗ
447 2700 637 2754 μέμνηται
659 2701 723 2741 καὶ
746 2700 1021 2755 Καλλίμαχος·
1045 2698 1159 2747 ἔξεισι
1191 2699 1231 2740 δὲ
1250 2699 1314 2739 διὰ

74 2761 276 2814 στομάτων
300 2762 454 2802 δισσῶν·
479 2762 579 2803 οὕτω
603 2761 644 2803 δὲ
659 2762 842 2814 κέκληται
864 2763 939 2807 ἀπὸ
959 2765 1026 2803 τοῦ
1039 2762 1106 2804 τὸν
1127 2762 1310 2803 Διόνυσον

74 2820 205 2862 αὐτόθι
231 2825 367 2874 στῆσαι
393 2825 531 2879 χορόν,
562 2825 626 2865 ὅτε
651 2823 725 2865 ἀπὸ
750 2823 884 2865 Ἰνδῶν
914 2825 1132 2880 ὑπέστρεφε.
1163 2825 1310 2866 Τοῦτον

73 2883 114 2923 δὲ
136 2884 251 2926 πάλιν
280 2885 486 2935 Ὀξύνοντα
510 2889 593 2941 (an
631 2886 919 2942 ὈξυνοῦνταΡ)
940 2888 1117 2929 ἐκάλουν.
1141 2890 1232 2929 Hoc
1254 2889 1310 2929 al-

73 2954 162 2986 tero
195 2949 364 2989 nomine
383 2949 532 2990 fluvius
567 2959 822 2991 memoratur
850 2965 917 3006 ap.
940 2951 1142 2992 Marcian.
1173 2965 1216 3005 p.
1240 2965 1307 3005 7ο.

76 3007 91 3063 (
112 3006 260 3063 Ὀξίνης
275 3010 308 3067 ),
344 3013 509 3053 Arrian.
540 3012 555 3069 (
575 3011 744 3060 Ὀξείνας
759 3013 792 3069 ),
828 3015 1039 3069 Anonym.
1069 3012 1083 3070 (
1101 3011 1249 3060 Ὀξίνας
1265 3015 1307 3067 ),

72 3072 193 3114 Nune
215 3074 370 3115 Oksimz
385 3076 468 3116 sive
484 3076 630 3117 Koselz.
641 3078 784 3131 Usque
798 3075 851 3117 ad
866 3077 979 3117 hunc
993 3077 1167 3117 fluvium
1182 3079 1198 3130 (
1214 3076 1311 3118 inde

72 3147 98 3173 a
116 3136 242 3190 Lepte
259 3141 423 3192 prom.)
439 3139 713 3194 Paphlagonia
730 3139 904 3194 Scylacis
921 3141 1135 3195 pertinuit.
1150 3139 1310 3190 Eodem

75 3196 201 3236 modo
237 3200 421 3240 statuisse
461 3201 746 3256 Apollonium⁴
766 3202 863 3242 inde
893 3202 1072 3256 colligis,
1104 3201 1218 3257 quod
1257 3202 1310 3243 ad

75 3265 291 3313 utramque
311 3262 435 3302 Billaei
454 3277 583 3319 prope
598 3265 723 3305 Tium
743 3264 988 3319 egredientis
1006 3266 1138 3320 ripam
1155 3280 1311 3306 memo-

76 3329 138 3360 rat
153 3321 428 3376 Paphlagones
451 3327 467 3379 (
482 3328 538 3377 ΙΙ,
569 3340 649 3382 792
666 3326 699 3384 ).

134 3385 156 3435 5
180 3396 247 3436 91.
273 3384 633 3445 Μαριάνδυνοι]
666 3391 724 3431 sic
746 3391 869 3431 etiam
902 3392 945 3431 in
969 3405 1059 3445 sqq.
1087 3391 1309 3446 Μαριανδῦ-

79 3460 172 3494 νων,
187 3445 492 3499 Μαρυανδὺνους.
510 3452 567 3492 St.
585 3453 682 3506 Byz.
699 3467 766 3507 ap.
784 3453 973 3493 Eustath.
991 3452 1042 3493 ad
1055 3454 1181 3494 Dion.
1199 3456 1278 3508 787
1296 3468 1305 3495 z

79 3506 132 3546 Τὸ
150 3506 296 3548 ἐθνικὸν
319 3509 582 3565 Μαριάνδυνος
601 3514 667 3569 μὲν
687 3514 843 3570 λέγεται
859 3514 1197 3570 προπαροξυτόνως
1212 3516 1310 3557 κατὰ

79 3569 166 3616 τοὺς
178 3568 386 3622 Αἷολεῖς..,
400 3572 424 3624 ἦ
436 3573 477 3615 δὲ
487 3573 595 3626 κοινὴ
612 3575 734 3624 ὄξύνει
750 3577 856 3618 αὖτό.
873 3577 936 3619 Cf.
949 3578 1101 3619 Arcad.
1115 3593 1158 3634 p.
1178 3583 1246 3628 66,
1266 3581 1306 3621 3.

96 3634 114 3683 1}
131 3631 330 3672 -Λύκο
344 3635 386 3688 ς]
410 3637 465 3676 V.
484 3638 618 3692 Apoll.
640 3639 720 3679 Rh.
738 3642 795 3690 II,
815 3643 918 3694 724,
940 3641 1072 3695 Orph.
1090 3644 1190 3696 Arg.
1210 3656 1306 3696 721,

79 3693 245 3734 Arrian.
279 3696 300 3746 §
331 3697 379 3736 18
414 3701 552 3737 Anon.
584 3701 606 3750 5
639 3714 679 3752 9.
701 3702 792 3752 Η-
826 3699 1046 3756 “Υπιος]
1080 3702 1144 3743 Cf.
1169 3705 1306 3758 Apoll.

81 3755 161 3795 Rh.
183 3757 242 3806 II,
268 3756 374 3810 7953
397 3758 596 3799 Marcian.
622 3773 664 3814 p.
685 3774 762 3813 70;
788 3762 954 3802 Arrian.
979 3771 1019 3803 et
1035 3766 1187 3808 Anom.
1209 3766 1237 3806 l.
1261 3766 1306 3817 l.;

79 3817 278 3858 Memnon
305 3832 341 3858 c.
364 3820 433 3866 44.
455 3819 671 3860 Salmasius
693 3823 838 3862 Exere.
862 3822 968 3864 Plin.
990 3838 1033 3879 p.
1058 3829 1153 3867 616.
1187 3828 1309 3869 Nunc

80 3877 300 3919 Milan-su.
344 3879 710 3936 Mariandynorum
750 3882 947 3925 ditionem
975 3886 1081 3928 ultra
1125 3890 1306 3945 Hypium

80 3953 228 4043 35?qu
246 3941 297 3981 ad
329 3942 576 4044 3Sangarium
610 3945 853 3999 pertinuisse
887 3946 1048 4002 colligas
1080 3964 1131 3991 ex
1169 3952 1304 4006 Apoll.

132 4017 162 4043 ι.
237 4034 249 4054 ,
274 4017 324 4058 72
359 4035 368 4045 .

1202 185 1515 236 PERIPLUS.
1653 212 1659 218 ·
2556 224 2613 262 6,

1390 299 1489 339 urbs
1514 301 1676 351 Graeca,
1701 296 1890 344 Sesamus
1914 304 2013 347 urbs
2034 306 2177 347 Graeca
2200 317 2240 349 et
2263 312 2503 355 Parthenius
2540 319 2615 359 ssu-

1390 367 1479 406 vius
1490 397 1509 426 ⁷.
1537 369 1685 410 Tieum
1708 370 1807 411 urbs
1833 371 1977 412 Graeca
2005 381 2044 413 et
2080 381 2224 428 portus
2249 377 2380 431 Psylla
2409 389 2448 420 et
2471 382 2617 427 fluvius

1391 435 1657 479 Callichorus.

1448 517 1516 556 91.
1536 506 1841 548 MARIANDYNI.
1867 510 1965 549 Post
1983 508 2304 563 Paphlagoniam
2325 513 2610 571 Mariandynoe

1388 584 1483 611 rum
1505 580 1566 611 est
1593 574 1721 613 natio.
1781 574 1870 616 Illic
1893 584 1955 616 est
1980 576 2176 618 Heraclea
2197 577 2296 618 urbs
2318 580 2460 622 Graeca
2486 593 2525 624 et
2544 586 2609 626 ssu·

1389 639 1479 678 vius
1498 640 1632 693 Lycus
1661 649 1702 680 et
1719 641 1820 682 alius
1839 643 1989 684 fluvius
2004 644 2180 699 Hypius.

1445 782 1513 823 92.
1538 771 1741 810 ΒῙΤΗΥΝΙ.
1766 771 1863 811 Post
1891 770 2188 827 Mariandynos
2217 776 2399 828 sequitur
2423 778 2621 821 Thracica

1388 853 1485 893 gens
1503 838 1780 894 Bithynorum
1795 846 1836 878 et
1851 838 2007 879 flumen
2027 840 2244 893 Sangarius
2264 850 2304 882 et
2329 843 2439 884 aliud
2465 846 2620 889 flumen

1387 909 1563 948 Artanes
1583 915 1623 947 et
1650 907 1834 962 Thynias
1851 906 2008 957 insula3
2030 907 2263 949 inhabitant
2282 910 2389 951 hanc
2406 914 2621 956 Heracleo-

1386 984 1463 1026 tae;
1482 984 1572 1016 tum
1591 976 1740 1017 fluvius
1763 975 1940 1016 Rhebas.
1966 977 2074 1016 Dein
2095 978 2233 1017 statim
2248 986 2307 1018 est
2328 978 2478 1023 fretum
2498 992 2538 1023 et
2552 998 2620 1024 su-

1385 1058 1461 1100 pra
1472 1053 1748 1085 memoratum
1759 1043 1902 1084 fanum
1913 1045 1957 1084 in
1972 1045 2077 1085 ostio
2087 1045 2231 1095 Ponti3
2247 1054 2339 1100 post
2354 1047 2432 1089 hoc
2446 1059 2506 1090 cst
2521 1052 2620 1092 urbs

1387 1113 1622 1155 Chalcedon
1641 1113 1729 1168 jam
1751 1122 1867 1154 extra
1886 1116 2120 1169 Bosporum
2142 1114 2328 1156 Thraciae
2350 1117 2449 1169 sita;
2470 1118 2621 1162 deinde

1386 1184 1499 1222 sinus
1521 1183 1736 1223 Olbianus.
1761 1183 2049 1222 Praetervectio
2072 1197 2093 1222 a
2114 1182 2397 1238 Mariandynis
2418 1200 2546 1241 usque
2564 1188 2620 1228 ad

1386 1252 1581 1291 intimum
1604 1252 1718 1291 sinus
1735 1251 1900 1291 Olbiani
1927 1265 2133 1291 recessum
2152 1250 2165 1307 (
2189 1260 2310 1292 tantae
2329 1254 2439 1295 enim
2463 1259 2620 1311 magni-

1443 1388 1467 1438 §
1489 1398 1558 1438 92.
1586 1384 1779 1440 Θρᾷκες
1807 1384 2048 1439 Βιθυνοί]
2087 1386 2143 1425 V.
2168 1385 2371 1427 Herodot.
2405 1389 2509 1439 VII,
2542 1389 2619 1442 75,

1385 1448 1623 1503 Xenophon
1646 1449 1728 1489 An.
1750 1448 1834 1496 VI,
1860 1460 1908 1497 2,
1938 1448 2010 1497 18,
2037 1447 2182 1487 Strabo
2203 1449 2301 1498 XII,
2327 1463 2370 1504 p.
2407 1449 2501 1501 541,
2525 1452 2623 1492 Dio·

1386 1526 1476 1566 nyS.
1514 1511 1620 1565 793,
1659 1509 1788 1553 schol.
1814 1509 1950 1564 Apoll.
1986 1510 2066 1550 Rh.
2106 1512 2170 1561 Π,
2211 1524 2314 1565 117,
2350 1512 2515 1554 Arrian.
2554 1528 2619 1569 ap.

1385 1573 1574 1614 Eustath.
1600 1571 1653 1613 ad
1675 1573 1801 1613 Dion.
1823 1571 1852 1612 l.
1877 1571 1905 1612 l.
1927 1573 1945 1624 Ι]
1962 1572 2302 1629 -,Σαγάριος]
2325 1574 2384 1614 sic
2406 1574 2550 1616 codex.
2572 1579 2622 1617 In

1385 1636 1524 1676 numis
1543 1634 1725 1675 occurrit
1750 1634 1968 1690 Σαγγάριος
1989 1643 2030 1675 et
2046 1634 2225 1690 Σάγαρις.
2253 1635 2379 1692 Apud
2403 1646 2590 1679 auctores
2610 1653 2618 1680 t

1384 1697 1600 1753 Σαγγάριος
1614 1730 1626 1751 ‚
1645 1696 1849 1752 Σάγγαρος
1861 1728 1872 1747 ,
1894 1696 2087 1752 Σάγγαρις
2101 1728 2111 1747 ,
2132 1697 2310 1753 Σάγαρις.
2343 1699 2515 1754 Scylacis
2538 1700 2621 1740 for·

1386 1775 1519 1811 mam,
1557 1761 1591 1800 si
1637 1761 1879 1815 incorrupta
1911 1768 1997 1810 est,
2037 1760 2205 1801 exhibet
2237 1762 2360 1802 etiam
2394 1763 2621 1817 Hesychius

1385 1839 1424 1864 v,
1452 1825 1656 1879 Σαγάριος.
1687 1824 1811 1865 Plura
1831 1837 1872 1864 v.
1901 1823 1946 1863 in
1969 1824 2108 1879 Steph.
2130 1824 2254 1866 Thes.
2277 1839 2310 1866 s.
2332 1839 2370 1865 v.
2400 1826 2522 1866 Nunc
2543 1827 2620 1866 ssu-

1384 1887 1474 1927 vius
1507 1886 1697 1927 Sakaria.
1726 1889 1744 1939 11
1761 1910 1818 1916 -
1843 1884 1886 1926 ’A
1901 1901 1920 1941 ρ
1933 1901 1954 1927 τ
1967 1887 1990 1926 ά
2003 1901 2021 1927 ν
2035 1902 2058 1939 η
2073 1886 2118 1941 ς]
2157 1885 2327 1942 ἀρτώνης
2362 1886 2491 1928 codex
2501 1903 2512 1938 ;
2538 1903 2618 1929 em.

1382 1951 1505 1990 Voss.
1543 1949 1606 1990 Cf.
1649 1949 1851 1991 Arrianus
1873 1952 1894 2001 S
1929 1963 2005 2004 17,
2030 1951 2239 2005 Anonym.
2282 1953 2305 2004 S
2337 1951 2359 1991 3
2387 1949 2490 2005 (ubi
2526 1950 2618 1992 cod.

1389 2010 1571 2068 Ἀρτάνος
1586 2012 1619 2069 ).
1642 2014 1765 2053 Nunc
1794 2012 2004 2053 Kabakoz.
2037 2015 2055 2066 11
2086 2037 2143 2043 —-
2164 2012 2260 2053 Θυν
2277 2014 2378 2069 ιάς]
2403 2014 2459 2054 V.
2484 2015 2618 2069 Apoll.

1383 2075 1462 2116 Rh.
1487 2079 1550 2127 II,
1587 2075 1690 2130 675,
1724 2075 1863 2130 ibique
1889 2075 2016 2116 schol.
2034 2106 2045 2126 ‚
2067 2075 2207 2131 Steph.
2239 2078 2336 2131 Byz.
2359 2091 2393 2117 s.
2419 2090 2478 2127 v.,
2512 2078 2620 2118 Stra-

1382 2137 1437 2178 bo
1464 2153 1507 2194 p.
1543 2138 1637 2187 543.
1680 2147 1759 2179 etc.
1797 2139 1920 2178 Nunc
1946 2137 2099 2190 Kesloen
2130 2137 2304 2180 Adassi.
2339 2140 2357 2190 ΙΙ
2394 2162 2451 2169 -—
2479 2137 2619 2194 εΗρα-

1382 2200 1619 2255 κλεῶται]
1643 2200 1794 2255 οἱρακλ.
1820 2199 1973 2250 codex3
2000 2199 2096 2240 fort.
2121 2199 2158 2239 οἵ
2187 2197 2274 2254 Ἤρ.
2296 2202 2313 2252 Ι]
2330 2223 2387 2229 -—
2411 2197 2616 2255 εΡήὸας]

1381 2262 1638 2303 NuncRiva.
1658 2264 1713 2302 V.
1726 2261 1861 2316 Apoll.
1878 2262 1956 2301 Rh.
1971 2263 2028 2311 H,
2048 2260 2152 2311 65o;
2171 2262 2344 2315 Dionys·
2365 2264 2468 2315 794,
2483 2263 2615 2317 Orph.

1381 2326 1483 2378 Arg.
1502 2339 1598 2379 711,
1617 2326 1780 2364 Arrian.
1803 2324 1830 2364 l.
1853 2324 1879 2363 l.
1895 2340 1906 2374 ;
1925 2323 2030 2365 Plin.
2049 2325 2125 2373 VI,
2151 2337 2188 2363 1.
2209 2326 2226 2375 ΙΙ
2244 2347 2301 2355 -
2318 2322 2339 2362 ὁ
2356 2323 2526 2378 πόρος]
2546 2325 2617 2365 ad-

1382 2386 1470 2427 didi
1510 2387 1743 2427 articulum.
1778 2386 1896 2427 Malis
1934 2386 1954 2426 ὁ
1992 2386 2199 2440 Βόσπορος.
2232 2385 2256 2438 ΙΙ
2283 2409 2341 2416 —-
2373 2385 2615 2441 Χαλκηδὼν]

1382 2449 1589 2505 Καλχιδὼν
1634 2448 1788 2500 codex,
1826 2457 1941 2489 sueta
1962 2450 2193 2501 *nominum
2228 2447 2484 2489 confusione.
2527 2453 2544 2501 Η
2562 2475 2618 2481 —-

1383 2513 1403 2554 ἔ
1414 2513 1473 2561 ξω
1511 2513 1671 2568 Θρᾴκη
1686 2514 1730 2568 ς]
1754 2511 1978 2565 Quomodo
2000 2510 2236 2553 Chalcedon
2262 2518 2378 2551 extra
2397 2511 2615 2553 Thraciam

1380 2577 1638 2632 Bithynicam
1657 2576 1733 2616 sita
1757 2576 1809 2615 sit
1826 2589 1912 2615 non
1936 2575 2068 2629 capio.
2091 2576 2231 2626 Quare
2247 2571 2437 2613 lacunam
2457 2576 2611 2615 notavi.

1381 2641 1494 2688 Erat,
1511 2647 1614 2693 puto
1637 2652 1647 2679 ;
1671 2636 1742 2685 ἔξω
1764 2637 1858 2691 [τοῦ
1876 2637 1994 2692 πόρου
2009 2637 2104 2691 τῆς]
2128 2635 2292 2690 Θρᾴκης.
2314 2639 2331 2686 Η
2347 2658 2404 2665 —
2425 2650 2448 2675 κ
2461 2634 2589 2676 όλπο
2603 2653 2618 2684 ς

1380 2702 1401 2742 ὁ
1426 2700 1723 2756 Ὀλὸιανός]
1747 2701 1812 2741 Sic
1827 2701 1949 2740 etiam
1967 2699 2076 2740 Mela
2090 2700 2126 2748 Ι,
2155 2712 2203 2751 19
2227 2711 2237 2738 :
2260 2696 2460 2738 Olbianus
2482 2697 2613 2747 sinus,

1380 2765 1498 2820 cujus
1537 2764 1579 2804 in
1611 2762 1765 2815 gremio
1805 2765 1988 2803 Astacus
2028 2776 2056 2801 α
2090 2759 2399 2813 Megarensibus
2432 2759 2613 2801 condita.

1379 2827 1513 2868 Plinio
1540 2827 1597 2876 V,
1625 2826 1676 2874 43
1701 2834 1742 2866 et
1771 2825 1962 2866 Straboni
1988 2825 2096 2874 XII,
2125 2837 2168 2879 p.
2196 2821 2276 2876 459
2293 2830 2334 2862 et
2358 2821 2434 2862 563
2466 2821 2618 2863 dicitur

1379 2905 1416 2930 κ.
1445 2888 1684 2940 Ἂστακηνός.
1706 2889 1948 2928 Mannertus
1968 2888 2053 2936 VI,
2082 2886 2104 2926 3
2121 2916 2132 2936 ,
2152 2899 2195 2940 p.
2229 2884 2304 2926 581
2327 2886 2522 2925 Astacum
2549 2900 2619 2926 ur-

1379 2952 1475 2993 bem
1495 2951 1812 2993 Atheniensium
1828 2949 1991 2990 colonia
2007 2955 2276 2989 restauratam
2294 2945 2490 3002 (Dydalso
2507 2948 2616 3002 apud

1377 3014 1578 3069 Bithynos
1602 3020 1799 3066 regnante
1821 3012 1928 3052 circa
1950 3019 2138 3065 tempora
2158 3009 2253 3050 belli
2264 3008 2612 3063 Peloponnesiaci.

1378 3077 1434 3117 V.
1462 3075 1628 3116 Clinton
1661 3076 1709 3115 F.
1735 3075 1790 3115 H.
1816 3075 1904 3124 III,
1928 3088 1972 3129 p.
2005 3071 2118 3128 411)
2153 3071 2390 3125 viribusque
2422 3070 2614 3125 deinceps

1378 3140 1595 3180 florentem
1620 3138 1864 3194 (Memnon.
1899 3151 1936 3177 c.
1959 3149 2012 3177 20
2033 3135 2046 3192 )
2072 3143 2229 3176 mutato
2262 3134 2429 3173 nomine
2452 3133 2613 3174 Olbiam

1379 3201 1531 3243 dictam
1556 3216 1642 3242 esse
1661 3209 1813 3251 censet,
1837 3198 2006 3254 ejusque
2025 3199 2084 3238 rei
2109 3197 2378 3238 certissimum
2398 3209 2614 3247 argumen-

1378 3274 1468 3305 tum
1487 3265 1530 3304 in
1550 3278 1599 3304 eo
1614 3263 1796 3318 positum
1811 3277 1912 3312 esse,
1931 3260 2044 3316 quod
2062 3260 2205 3315 Scylax
2221 3259 2356 3299 sinum
2372 3258 2613 3309 Olbianum,

1377 3342 1464 3368 non
1498 3341 1596 3366 vero
1620 3328 1878 3367 Astacenum
1894 3355 1904 3374 ‚
1941 3323 2065 3363 dicat.
2092 3322 2206 3363 Abiit
2228 3321 2315 3361 haec
2345 3321 2546 3361 sententia
2568 3322 2612 3362 in

1377 3390 1504 3430 libros
1525 3389 1726 3444 plurimos
1758 3400 2022 3441 mappasque.
2057 3386 2168 3425 Num
2195 3398 2290 3424 vcra
2311 3384 2364 3423 sit
2381 3383 2611 3436 {anquirere

1377 3467 1462 3492 non
1482 3459 1542 3491 est
1557 3450 1711 3499 otiun1'3
1729 3448 1810 3488 hoc
1825 3456 1960 3487 tamen
1981 3455 2092 3501 patet
2110 3452 2398 3500 argumentum
2414 3458 2436 3484 e
2450 3444 2612 3499 Scylace

1377 3515 1553 3569 petitum
1573 3512 1672 3552 nihil
1691 3511 1889 3567 probare3
1908 3524 2003 3550 nam
2034 3522 2164 3563 quum
2188 3506 2322 3548 cidem
2352 3506 2506 3562 Scylaci
2527 3507 2612 3562 pla-

1378 3578 1525 3617 cuisset
1541 3574 1808 3617 Anactorium
1825 3574 1962 3613 sinum
1985 3580 2025 3612 et
2046 3571 2292 3626 Delphicum
2311 3578 2352 3610 et
2369 3569 2611 3625 Selymbria-

1379 3654 1479 3679 num
1506 3638 1642 3678 dicere
1660 3637 1731 3692 qui
1762 3636 1930 3690 reliquis
1950 3643 2010 3675 est
2038 3633 2282 3675 Ambracius
2303 3640 2344 3673 et
2372 3632 2609 3673 Corinthius

1378 3711 1418 3743 et
1435 3703 1662 3742 Toronaeus
1685 3713 1694 3740 :
1730 3699 1842 3740 haud
1867 3698 2053 3752 graviore
2072 3695 2125 3737 de
2153 3709 2274 3737 causa
2299 3695 2521 3736 Olbianum
2545 3693 2608 3732 di·-

1378 3780 1468 3806 cere
1492 3763 1639 3804 licebat
1661 3777 1783 3818 quem
1810 3762 1876 3802 alii
1901 3764 2151 3803 Astacenum
2184 3767 2347 3799 vocant.
2370 3756 2508 3798 Nihilo
2541 3754 2608 3794 fir-

1378 3828 1484 3868 mius
1519 3835 1580 3867 est
1619 3825 1789 3866 alterum
1829 3832 2118 3878 argumentum
2137 3853 2149 3872 ‚
2187 3820 2300 3876 quod
2328 3834 2376 3860 ex
2400 3817 2605 3872 Stephano

1379 3893 1572 3931 Astacum
1587 3888 1716 3929 Olbiae
1728 3887 1920 3943 nymphae
1935 3886 2065 3926 filium
2081 3899 2167 3925 esse
2181 3882 2366 3924 tradente
2377 3879 2463 3920 erui
2480 3877 2607 3918 voluit

1377 3955 1632 3993 Mannertus.
1664 3953 1799 3991 Immo
1831 3949 1951 3991 Olbia
1975 3947 2111 3990 Astaci
2139 3946 2221 3986 filia
2252 3941 2426 3985 dicenda
2448 3939 2604 3980 suisset.

1378 4023 1531 4058 Contra
1546 4029 1642 4056 vero
1660 4014 1818 4054 mireris
1826 4011 1991 4062 Melam,
2001 4010 2030 4051 l.
2048 4009 2077 4050 l.
2092 4021 2218 4063 quum
2235 4005 2452 4047 Olbiamem
2468 4003 2605 4043 sinum

2402 4082 2434 4111 5.
