2808 4342
884 138 1265 188 STADIASMUS
1299 141 1488 188 MARlS
1523 141 1739 188 MAGNI.

100 261 178 293 259.
218 245 294 293 Ἐκ
318 243 464 308 Κρύων
483 246 537 296 εἷς
560 244 631 296 τὰς
656 244 846 302 Κλύδας,
866 246 1022 292 στάδιοι
1045 247 1095 294 ν’.

97 330 176 362 260.
216 314 294 361 Ἐκ
316 315 491 360 Κλυδῶν
513 313 581 359 ἐπὶ
601 314 645 359 τὸ
666 314 878 372 Πηδάλιον
899 315 1151 379 ἀκρωτήριον
1174 315 1271 362 στά-

36 382 112 427 διοι
138 383 192 428 λ’.

0 513 2 517 ι
97 467 172 498 261.
209 450 309 497 Ἀπὸ
324 455 395 496 τοῦ
416 451 630 507 Πηδαλίου
656 451 806 505 ἐπὶτὸν
825 452 1010 513 Ἀγκῶνα
1029 453 1098 498 τὸν
1119 452 1187 498 ἐπὶ
1203 457 1272 499 τοῦ

0 536 13 566 ⁵
36 519 226 566 Γλαύκου
244 519 402 564 στάδιοι
421 518 484 564 π’.

99 604 176 635 262.
216 587 317 634 Ἀπὸ
337 593 407 633 τοῦ
442 589 624 650 ἅγκωνος
643 588 711 633 ἐπὶ
744 587 811 633 τὸν
839 588 1028 634 Καυνίων
1053 589 1274 652 Πάνορμον

36 658 194 703 στάδιοι
216 658 299 723 ρκ’.

98 743 174 774 263.
210 726 310 774 Ἀπὸ
329 731 401 772 τοῦ
431 726 656 787 Πανόρμου
680 724 748 770 ἐπὶ
765 723 838 780 τὴν
872 725 1092 788 Κυμαρίαν
1125 728 1273 773 καλου-

35 795 160 855 μένην
186 795 342 841 στάδιοι
364 794 415 841 ν’.

0 879 13 911 1
96 880 174 911 264.
213 864 311 910 Ἀπὸ
334 862 548 925 Κυμαρίας
573 864 628 915 εἷς
653 861 856 910 Πασάδαν
883 863 1042 910 στάδιοι
1064 863 1113 917 ξ’.

97 946 171 978 265.
212 931 311 977 Ἀπὸ
331 931 535 986 Πασάδης
558 933 612 983 εἷς
635 934 799 978 Καῦνον
819 930 975 976 στάδιοι
997 931 1054 976 λ’.

96 1017 171 1047 266.
207 1000 306 1047 Ἀπὸ
328 1000 491 1047 Καύνου
516 1003 569 1053 εἷς
588 1000 662 1056 τὴν
683 1000 916 1048 Ῥόπουσαν
938 999 1094 1046 στάδιοι
1119 1001 1178 1046 ιε’.

0 1126 2 1128 ¹
96 1085 171 1117 267.
208 1068 307 1115 Ἀπὸ
328 1073 398 1125 τῆς
428 1069 660 1126 Ῥοπούσης
687 1073 740 1120 εἷς
763 1069 808 1114 τὸ
830 1069 1054 1130 ἀπέναντι,
1088 1073 1142 1122 εἷς
1157 1073 1274 1116 Λευ-

0 1153 7 1181 J
33 1138 238 1199 κόπαγον,
265 1139 422 1184 στάδιοι
443 1138 508 1198 μ’·
536 1138 617 1183 ἀπὸ
642 1139 683 1183 δὲ
705 1142 776 1193 τῆς
802 1137 1033 1194 Ῥοπούσης
1057 1140 1110 1190 εἷς
1131 1139 1275 1201 Σάμον

0 1220 15 1258 5
34 1206 190 1252 στάδιοι
210 1206 259 1268 ρ’.

90 1414 112 1464 §
138 1414 236 1452 259.
271 1409 338 1457 εἰς
371 1409 457 1457 τὰς
485 1410 699 1465 Κλύδας]
720 1409 770 1457 εἰς
798 1410 864 1450 τὸν
898 1410 1073 1464 Κοχλίαν
1097 1413 1174 1463 015
1198 1415 1277 1452 260

36 1473 77 1515 ἐκ
97 1473 255 1513 Κλυδῶν
281 1472 427 1528 codex.
461 1474 558 1512 Haec
582 1487 711 1527 quum
742 1474 888 1513 seriem
922 1474 1160 1513 continuam
1192 1487 1276 1513 non

2 1546 14 1562 ‘³'
35 1536 300 1585 constituant,
320 1534 609 1575 distantiarum
632 1549 730 1575 vero
761 1536 939 1575 rationes
958 1535 1062 1575 nihil
1080 1534 1278 1576 excidisse

0 1599 3 1646 ζ
35 1597 229 1654 probent,
247 1605 471 1651 utrumque
487 1611 638 1637 nomen
656 1596 709 1636 ad
728 1596 906 1636 eundem
918 1597 1056 1636 locum
1074 1598 1278 1651 pertinere

34 1659 170 1700 debet.
194 1658 319 1714 Apud
341 1659 609 1700 Ptolemaeum
623 1667 717 1714 post
735 1659 841 1713 Crya
856 1659 1044 1712 sequitur
1058 1658 1187 1708 locus,
1206 1660 1277 1712 qui

33 1721 156 1775 vulgo
173 1721 367 1762 scribitur
388 1722 520 1772 Λύδαι,
543 1722 587 1761 in
617 1720 826 1774 Wilbergi
853 1719 978 1760 codd.
1003 1720 1143 1770 Χύδαι;
1164 1720 1279 1763 Wil-

0 1818 11 1839 ς,
33 1783 199 1838 bergius
240 1792 459 1837 utramque
493 1783 738 1837 scripturam
762 1781 940 1835 jungens
965 1781 1080 1822 dedit
1115 1782 1275 1822 Χλύῧαι.

0 1840 10 1894 -ᾆ
33 1846 181 1886 Tutius
197 1844 321 1884 fuerit
341 1857 437 1884 cum
455 1845 608 1883 Nostro
630 1843 810 1884 scribere
826 1843 986 1893 Κλύδαι,
1006 1842 1120 1897 quod
1137 1845 1158 1896 S
1179 1843 1275 1897 259,

0 1906 7 1934 '³-
35 1907 215 1948 confusis
237 1906 365 1946 literis
388 1905 450 1945 ΛΔ
480 1914 520 1945 01
538 1906 603 1946 ΧΛ
626 1906 727 1946 abiit
748 1906 792 1946 in
822 1906 991 1956 ΚΧυλαι,
1009 1906 1123 1946 unde
1141 1908 1279 1947 nescio

6 2013 11 2016 ,
35 1969 126 2023 quis
136 1968 330 2008 formavit
339 1967 528 2022 Κοχλίαν.
549 1968 863 2022 Quinquaginta
874 1967 1004 2008 stadia
1015 1968 1066 2008 ad
1080 1969 1279 2009 isthmum

0 2023 22 2082 ξ’
32 2030 256 2088 pertinent,
282 2045 366 2086 quo
384 2031 723 2085 promontorium
746 2032 761 2082 (
777 2031 933 2071 Suwelu
948 2034 1136 2071 Bouroun
1153 2031 1166 2087 )
1186 2046 1281 2071 con-

0 2095 181 2150 357'tinenti
200 2093 393 2134 adhaeret.
640 2135 642 2138 ,
904 2095 916 2105 ⁴

7 2153 20 2216 L
90 2160 113 2210 S
151 2162 248 2200 260.
284 2156 540 2207 Πηδάλιον
561 2156 575 2209 ]
609 2156 674 2196 Ab
709 2156 862 2195 isthmo
892 2156 1019 2195 modo
1051 2164 1280 2196 memorato

36 2233 167 2261 cornu
184 2219 458 2274 promontorii
482 2218 683 2257 orientem
708 2231 848 2257 versus
867 2230 942 2271 per
967 2218 1136 2270 'triginta
1151 2217 1280 2258 stadia

8 2283 238 2336 Jexcurrit,
272 2280 386 2334 quod
420 2294 516 2320 cum
539 2279 818 2333 gubernaculo
840 2287 995 2319 veteres
1025 2293 1280 2334 comparasse

33 2358 186 2386 nomen
202 2343 337 2383 docet.
354 2342 420 2385 Cf.
437 2342 543 2382 Mela
560 2344 594 2391 I,
621 2345 669 2382 16
690 2355 698 2382 τ
714 2344 762 2382 H
762 2341 798 2382 ic
813 2341 983 2381 castella
995 2341 1155 2396 aliquot
1165 2351 1277 2392 sunt,

15 2430 18 2432 v
35 2405 178 2447 deinde
200 2404 492 2461 promontoria
521 2403 616 2452 duo,
658 2403 857 2444 Pedalion
891 2412 929 2442 et
966 2406 1080 2457 Crya.
1123 2404 1280 2444 Plinius

4 2460 91 2518 LV,
111 2481 163 2521 29
189 2470 210 2520 S
231 2468 305 2507 103
337 2481 346 2507 2
373 2470 426 2507 In
446 2481 492 2506 ea
523 2465 676 2522 (Caria)
699 2464 1028 2521 promontorium
1047 2465 1276 2515 Pedalium,

37 2530 172 2573 amnis
192 2530 374 2571 Glaucus
407 2528 588 2581 defirens
616 2527 880 2577 Telmedium,
910 2527 1065 2583 oppida
1087 2527 1277 2576 Daeclala,

14 2583 18 2592 ,
40 2595 140 2647 Crya
157 2592 466 2646 fitgitivorum;
485 2592 642 2644 flumen
669 2593 794 2631 Axon
808 2608 823 2638 ;
858 2589 1055 2646 oppidum
1090 2590 1277 2631 Calindu.

6 2651 24 2708 ἶ,
37 2654 222 2696 Pliniana
244 2655 463 2694 nominum
484 2653 608 2693 series
630 2654 877 2707 Kiepertum
905 2654 1080 2693 movisse
1100 2653 1278 2703 videtur,

15 2725 84 2769 ⁴Jut
100 2717 294 2759 Pedalion
314 2731 379 2771 pr.
401 2724 668 2770 componeret
689 2730 784 2755 cum
803 2715 903 2755 hod.
924 2718 1007 2770 Cap
1022 2715 1223 2767 Angistro
1239 2716 1281 2755 in

12 2809 22 2840 ,Γ
39 2779 182 2821 Glauci
201 2781 295 2820 sinu
316 2780 440 2820 latere
458 2779 662 2819 orientali.
684 2781 947 2832 Quamquam
963 2779 1110 2832 exigua
1127 2787 1188 2819 est
1202 2778 1282 2817 Pli-

19 2843 97 2896 ⁷nii
115 2842 168 2883 de
186 2843 250 2883 his
273 2842 396 2883 rebus
411 2843 647 2882 auctoritas.

15 2935 26 2954 ³.
95 2908 116 2957 §
148 2909 245 2948 261.
290 2903 532 2959 Ἀγκῶνα]
578 2907 614 2945 Α
638 2903 804 2945 Pedalio
838 2904 891 2944 ad
913 2903 1066 2944 Suwela
1095 2907 1283 2943 Bouroun

10 2959 123 3028 ''j-sive
142 2966 194 3007 ad
210 2967 513 3007 extremitatem
532 2965 844 3007 meridionalem
856 2966 1147 3020 promontorii,
1170 2965 1283 3020 quod

12 3027 241 3092 &Glaucum
257 3030 394 3069 sinum
413 3030 465 3069 ab
481 3020 629 3069 occasu
644 3028 814 3080 claudit,
839 3028 890 3068 50
906 3028 990 3068 sere
1006 3037 1102 3068 sunt
1129 3027 1279 3079 stadia3

41 3091 191 3133 Noster
210 3092 349 3132 minus
371 3100 559 3132 accurate
578 3093 630 3132 80
653 3090 783 3131 stadia
805 3099 1037 3146 computat,
1064 3091 1283 3145 locumque

13 3166 19 3206 j
42 3153 93 3194 de
122 3155 203 3195 situ
227 3169 302 3195 suo
325 3162 444 3194 vocat
474 3153 540 3195 τὸν
564 3153 720 3209 ἀγκῶνα
743 3153 808 3194 τὸν
841 3152 902 3194 ἐπὶ
927 3156 994 3194 τοῦ
1027 3153 1199 3193 Γλαύκου
1222 3167 1279 3193 50.

27 3218 202 3270 ,κόλποω
228 3218 361 3268 Idem,
381 3219 545 3272 opinor,
563 3217 898 3273 promontorium
917 3216 1024 3257 Mela
1049 3219 1162 3271 Crya,
1188 3217 1284 3272 Scy-

21 3273 105 3338 ,',lax
117 3296 159 3336 p.
188 3282 238 3334 73
261 3280 475 3334 Κρυασσὸν,
494 3280 655 3329 dicunt,
681 3279 827 3320 Strabo
844 3293 941 3319 vero
957 3277 1009 3319 de
1027 3279 1169 3319 Dianae
1189 3278 1284 3319 fano

47 3341 277 3398 Ἀρτεμίσιον
293 3350 410 3381 vocat
424 3356 466 3396 p.
487 3342 563 3381 651
587 3354 597 3381 ;
618 3341 691 3382 ἀπὸ
712 3341 913 3381 Δαιδάλων
931 3341 1109 3382 πλέουσιν
1131 3340 1192 3382 ἐπὶ
1214 3339 1283 3392 τὴν

0 3443 2 3445 ,
24 3403 202 3458 ζὸύσιν...
228 3402 371 3451 κόλπος
402 3403 482 3443 ἐστὶ
502 3402 699 3458 εὐλίμενος
724 3403 894 3450 Γλαῦκος
919 3403 1170 3458 καλούμενος,
1199 3402 1286 3444 εἶτα

26 3522 28 3525 Υ
47 3468 92 3509 τὸ
120 3468 351 3524 Ἀρτεμίσιον
373 3466 469 3521 ἄκρα
492 3466 557 3507 καὶ
572 3466 688 3521 ἱερόν.
711 3466 858 3506 Nescio
877 3480 961 3520 quo
975 3474 1096 3520 pacto
1111 3467 1285 3522 Kieper·

43 3538 113 3570 tus
127 3530 241 3571 hunc
262 3529 419 3585 ἀγκῶνα
438 3528 490 3570 ad
509 3528 609 3569 hod.
636 3528 832 3584 Kupania
856 3531 1043 3568 Bouroun
1066 3529 1286 3570 transferre

47 3594 243 3647 potuerit.

105 3659 126 3707 S
149 3661 247 3698 262.
276 3656 357 3697 τὸν
382 3656 596 3696 Καυνίων
620 3656 634 3710 ]
669 3654 840 3694 Κουνίων
871 3652 1025 3703 0οἀοΧ;
1066 3668 1148 3695 0111.
1176 3655 1283 3695 Gail.

51 3718 187 3759 Stadia
212 3732 288 3758 120
309 3719 549 3773 pertingunt
570 3716 622 3758 ad
645 3717 770 3757 maris
789 3730 994 3756 recessum
1017 3716 1123 3756 inter
1141 3715 1285 3755 Calbin

53 3779 223 3820 fluvium
254 3782 270 3834 (
291 3781 493 3822 Doloman
533 3779 690 3833 Tclzai)
717 3787 756 3819 ct
784 3777 969 3834 Capam'a
997 3781 1184 3818 Bouroun
1206 3792 1289 3818 me-

39 3840 183 3883 ¹dium.
210 3842 275 3883 Ad
291 3843 395 3883 latus
413 3842 537 3898 hujus
565 3855 746 3882 recessus
765 3839 961 3880 orientale
986 3848 1204 3894 supersunt
1227 3853 1291 3880 ve-

35 3905 149 3944 —-teris
175 3905 250 3945 loci
273 3906 403 3946 ruinae
419 3937 429 3955 ‚
455 3920 556 3960 quas
580 3904 633 3944 ad
662 3905 917 3943 Panormum
936 3902 1162 3942 retulerim.
1187 3904 1289 3943 Pro·

15 3971 39 4034 ᾗ·
57 3967 193 4020 prIum
212 3967 291 4008 loci
314 3982 467 4008 nomen
504 3967 628 4007 fuisse
652 3965 802 4005 Πίσιλιν
824 3963 1015 4019 conjicias
1041 3979 1063 4004 e
1093 3963 1292 4005 Strabone

2486 151 2575 190 495

1399 255 1496 309 259.
1529 258 1564 296 A
1586 256 1704 311 Cryis
1723 254 1776 296 ad
1798 254 1946 309 Clydas
1971 253 2101 294 stadia
2120 253 2186 296 50.

1398 327 1494 364 260.
1529 326 1564 364 A
1579 323 1717 378 Clydis
1731 323 1783 364 ad
1805 322 2015 364 Pedalium
2033 336 2105 362 seu
2124 321 2465 364 Gubernaculum
2484 336 2581 379 pro-

1343 391 1597 431 montorium
1611 390 1742 431 stadia
1760 390 1827 432 30.

1401 462 1496 498 261.
1530 461 1565 499 A
1588 457 1753 499 Pedalio
1773 472 1903 512 usque
1921 457 1974 498 ad
1993 456 2189 498 Cubitum
2204 456 2349 508 Glauci
2371 459 2485 499 sinus
2504 467 2582 500 sta·

1345 526 1413 566 dia
1432 528 1499 567 80.

1403 597 1498 633 262.
1531 595 1565 633 Α
1577 592 1728 633 Cubito
1740 592 1791 632 ad
1805 593 2058 633 Cauniorum
2065 593 2326 634 'Panormum
2338 593 2467 634 stadia
2486 607 2577 636 120.

1403 733 1499 773 263.
1531 737 1565 773 Α
1599 735 1805 773 Panormo
1828 732 1879 773 ad
1903 734 2135 788 Cymariam
2159 748 2282 788 quam
2312 743 2475 786 vocant,
2501 743 2580 776 sta-

1347 800 1413 840 dia
1431 799 1496 840 50.

1402 870 1498 915 264.
1532 870 1567 908 A
1590 868 1779 922 Cymaria
1797 866 1849 908 ad
1867 867 2063 908 Pasadam
2082 868 2286 920 (Passala
2295 876 2317 909 ,ὓ
2331 871 2348 923 )
2364 869 2494 910 stadia
2510 873 2578 911 60.

1403 934 1497 974 265.
1531 937 1567 975 Α
1586 934 1740 975 Pasada
1761 937 1776 988 (
1794 935 2013 975 PassalisP
2032 937 2048 988 )
2072 935 2124 975 ad
2149 937 2338 976 Caunum
2357 937 2487 978 stadia
2510 938 2580 980 30.

1402 1007 1496 1044 266.
1528 1006 1564 1044 Α
1583 1004 1738 1060 Pasada
1769 1006 1783 1057 (
1803 1004 1877 1045 ἀπὸ
1912 1005 2120 1058 Πασάδης)
2142 1005 2192 1045 ad
2225 1006 2461 1061 Rhopusam
2499 1006 2578 1049 ins.

1346 1070 1476 1111 stadia
1504 1071 1550 1111 15
1575 1071 1671 1123 (115
1685 1071 1736 1125 P).

1404 1144 1499 1194 267.
1533 1143 1569 1181 Α
1592 1141 1786 1195 Rhopusa
1808 1142 1859 1182 ad
1884 1142 2090 1196 objectum
2114 1144 2156 1182 in
2173 1144 2409 1183 continente
2429 1146 2574 1185 Leuco

1346 1223 1498 1263 pagum
1520 1209 1648 1250 stadia
1665 1213 1739 1260 40;
1761 1225 1784 1250 3
1803 1211 1997 1265 Rhopusa
2016 1210 2068 1251 ad
2090 1213 2256 1252 Samum
2280 1211 2410 1253 stadia
2430 1226 2522 1255 100.

1346 1426 1389 1466 p.
1421 1411 1517 1462 651,
1545 1412 1616 1452 ubi
1640 1426 1649 1452 :
1681 1410 1767 1452 εἶτα
1788 1410 1935 1459 Καῦνος
1966 1413 2030 1452 καὶ
2058 1412 2228 1467 ποταμὸς
2250 1412 2414 1464 πλησίον
2442 1414 2584 1460 Ram-323

1350 1473 1464 1526 βαθὺς
1478 1504 1488 1523 ,
1515 1472 1619 1527 ἔχων
1637 1472 1878 1528 εἰσαγωγήν·
1900 1474 1964 1514 καὶ
1989 1473 2126 1529 μεταξὺ
2143 1474 2304 1521 Πίσιλις.

1404 1538 1426 1588 5
1442 1539 1523 1578 263
1540 1550 1602 1590 sq.
1625 1537 1815 1591 Cymaria
1838 1545 1878 1577 et
1903 1535 2058 1577 Pasada
2077 1536 2241 1577 aliunde
2255 1551 2340 1577 non
2356 1545 2478 1578 notae.
2497 1539 2583 1579 Sta-

1348 1597 1416 1638 dia
1437 1597 1592 1654 50÷60
1622 1597 1782 1638 ducunt
1806 1598 1858 1638 ad
1894 1599 2045 1639 ostium
2079 1598 2283 1649 fluminis,
2306 1613 2430 1654 supra
2461 1614 2583 1654 quem

1349 1660 1401 1700 30
1424 1661 1475 1701 ab
1511 1676 1585 1702 ora
1613 1660 1753 1700 stadiis
1775 1669 1934 1702 exstant
1964 1655 2092 1701 Cauni
2126 1661 2240 1701 urbis
2268 1661 2413 1702 ruinae.
2447 1665 2585 1714 Quare

1348 1722 1548 1764 Pasadam
1567 1723 1692 1763 fuisse
1714 1724 1847 1763 Cauni
1871 1722 2050 1774 ἐπίνειον,
2087 1732 2126 1763 01
2148 1724 2357 1778 sequentia
2374 1723 2503 1764 stadia
2533 1726 2584 1765 3ο

1351 1798 1436 1823 11011
1447 1783 1567 1839 juxta
1579 1799 1695 1825 oram
1708 1784 1913 1825 metienda
1924 1800 2024 1835 0550,
2044 1785 2221 1825 scribam
2233 1793 2369 1825 autem
2382 1784 2583 1839 frequenti

1349 1845 1416 1885 illo
1440 1860 1580 1887 errore
1602 1849 1624 1899 5
1648 1850 1728 1886 266
1762 1845 1835 1887 ἀπὸ
1858 1846 2006 1886 Καύνου
2037 1861 2114 1901 pro
2138 1846 2211 1887 ἀπὸ
2244 1846 2424 1897 Πασάδης
2445 1860 2586 1901 perpe-

1348 1922 1648 1956 ram,exarasse
1669 1917 1787 1963 puto.
1822 1911 2021 1949 Praeterea
2046 1923 2175 1962 quum
2202 1907 2308 1948 infra
2330 1906 2377 1947 τὰ
2399 1908 2586 1948 Πάσσαλα

1347 1971 1640 2026 Mylasensium
1664 1971 1825 2012 ἐπίνειον
1845 1979 2048 2021 occurrat,
2079 1972 2217 2010 nescio
2236 1985 2289 2010 an
2304 1969 2412 2010 idem
2433 1985 2585 2012 nomen

1348 2035 1470 2074 etiam
1494 2042 1635 2074 nostro
1668 2034 1799 2074 navali
1828 2033 1962 2073 fuerit.
1990 2034 2109 2072 Certe
2130 2032 2159 2071 Δ
2193 2040 2232 2072 01
2261 2033 2292 2071 Α
2323 2032 2448 2072 literae
2472 2032 2586 2073 facile

1350 2095 1727 2145 confundebantur,
1771 2110 1818 2135 ac
1857 2094 2054 2149 pluralem
2086 2094 2266 2134 nominis
2290 2093 2465 2134 formam
2501 2094 2585 2134 for-

1352 2167 1453 2198 tasse
1476 2157 1710 2197 subindicat
1733 2160 1754 2208 5
1781 2157 1858 2196 265
1882 2164 2076 2210 corrupta
2105 2156 2258 2195 codicis
2288 2155 2490 2208 scriptura
2510 2156 2584 2197 ἀπὸ

1349 2220 1548 2269 Πασάδαν,
1572 2218 1684 2273 quod
1708 2219 1751 2258 in
1774 2217 1847 2258 ἀπὸ
1868 2218 2081 2269 Πασάδας(
2105 2218 2162 2257 sic
2182 2219 2198 2270 )
2222 2218 2395 2256 mutavit
2411 2218 2582 2258 Gailius.

1406 2285 1427 2334 S
1450 2286 1545 2324 265.
1570 2281 1717 2330 Cauni,
1744 2288 1851 2320 notae
1867 2279 1996 2329 urbis,
2018 2280 2148 2319 ruinae
2174 2293 2302 2333 prope
2335 2280 2472 2318 vicum
2500 2283 2586 2320 Da-

1351 2346 1451 2393 lian,
1482 2359 1566 2385 non
1588 2344 1707 2397 longe
1727 2357 1748 2383 a
1766 2342 1957 2383 Koitches
1980 2342 2086 2382 lacu.

1407 2410 1428 2458 5
1452 2411 1550 2448 266.
1577 2405 1650 2446 ἀπὸ
1667 2405 1824 2445 Καύνων
1853 2403 1983 2443 codex
2003 2404 2018 2458 ΙΙ
2042 2428 2098 2434 --
2127 2402 2338 2443 Ῥόπουσαν
2359 2417 2415 2443 50.
2448 2406 2580 2455 νῆσον.

1349 2469 1509 2509 Eodem
1533 2468 1659 2508 modo
1678 2482 1830 2507 nomen
1853 2466 2046 2506 scribitur
2069 2469 2093 2518 ς
2110 2479 2205 2519 272.
2233 2467 2418 2505 Fortasse
2436 2466 2585 2506 rectius

1351 2532 1506 2572 Plinius
1518 2533 1574 2581 V,
1595 2530 1645 2571 35
1668 2533 1690 2583 5
1718 2531 1790 2569 131
1814 2543 1822 2570 ;
1835 2543 2045 2584 proxuma
2064 2531 2197 2568 Cauno
2221 2526 2436 2567 Rhodussa
2455 2525 2587 2582 (Rho-

1351 2594 1456 2635 clusa
1479 2593 1602 2634 codd.
1633 2592 1852 2647 plurimi).
1878 2592 2070 2631 Ceterum
2104 2588 2279 2629 insulam
2309 2602 2399 2642 quae
2422 2589 2585 2628 nonnisi
2636 2608 2639 2610 ·

1357 2670 1404 2710 17
1426 2671 1450 2696 a
1465 2657 1609 2696 Cauno
1640 2653 1781 2694 stadiis
1804 2653 1929 2702 absit,
1965 2667 2050 2692 11011
2073 2651 2208 2691 video.
2230 2650 2371 2695 Insula
2399 2651 2586 2704 proxima

1355 2717 1485 2773 (hod.
1516 2716 1699 2772 Linosa)
1722 2724 1889 2755 centum
1912 2714 1996 2755 fere
2020 2714 2148 2755 stadia
2171 2713 2315 2763 distat,
2336 2727 2383 2753 ac
2398 2720 2460 2753 tot
2482 2713 2590 2752 inter

1352 2780 1543 2819 Caunum
1573 2788 1613 2819 et
1635 2779 1875 2833 Rhopusam
1898 2776 2150 2817 intercedere
2179 2776 2222 2815 in
2254 2773 2482 2815 Stadiasmo
2509 2783 2587 2814 sta-

1351 2849 1526 2882 tuuntur
1539 2844 1560 2894 §
1573 2854 1670 2895 272,
1688 2854 1818 2895 quum
1830 2855 1853 2880 a
1867 2839 2016 2880 Rhodo
2032 2838 2083 2879 ad
2092 2839 2330 2893 Rhopusam
2346 2836 2476 2878 stadia
2491 2837 2586 2886 350,

1352 2917 1375 2943 3
1396 2903 1545 2944 Rhodo
1568 2902 1620 2944 ad
1650 2904 1839 2943 Caunum
1860 2901 1941 2950 450
1972 2900 2102 2942 stadia
2128 2907 2433 2955 computentur.
2460 2899 2591 2952 Igitur

1351 2980 1429 3020 pro
1454 2965 1499 3006 ιε’
1517 2964 1805 3020 reponendum
1828 2963 1934 3004 foret
1953 2962 2007 3018 ρ’,
2034 2978 2080 3003 03
2101 2971 2238 3003 tamen
2256 2961 2473 3001 violentior
2496 2975 2588 2999 mu-

1352 3028 1468 3068 tatio.
1489 3029 1599 3080 'Quo
1618 3026 1776 3068 accedit
1806 3025 1919 3080 quod
1949 3026 2018 3079 qui
2055 3039 2150 3064 mox
2181 3031 2409 3077 sequuntur
2434 3022 2588 3062 ὃιάπλοι

1352 3103 1437 3129 11011
1453 3103 1502 3129 ex
1517 3088 1663 3129 eodem
1681 3102 1764 3142 quo
1782 3086 1971 3142 paraplus
1986 3094 2125 3126 noster
2141 3085 2252 3124 fonte
2267 3083 2430 3122 fluxisse
2447 3083 2588 3122 viden-

1353 3161 1437 3193 tur.
1469 3152 1601 3193 Scribi
1630 3151 1759 3205 possit
1778 3150 1858 3204 με’,
1892 3149 1970 3188 11ἰεί
2001 3156 2083 3187 13111
2114 3154 2326 3187 accuratus
2348 3158 2543 3184 numerus
2565 3159 2587 3184 a

1354 3229 1470 3256 more
1487 3214 1626 3255 Nostri
1647 3213 1801 3252 alienus
1820 3219 1945 3260 esset,
1971 3219 2011 3250 et
2031 3223 2191 3249 summa
2213 3206 2441 3247 stadiorum
2463 3209 2484 3258 S
2507 3211 2586 3260 296

1354 3277 1505 3319 tradita
1527 3277 1704 3318 auctoris
1726 3276 1861 3329 potius
1888 3287 2010 3327 quam
2041 3271 2195 3312 librarii
2232 3283 2416 3309 errorem
2446 3277 2590 3309 nostro

1354 3341 1445 3382 loco
1462 3340 1624 3380 subesse
1641 3345 1842 3390 argueret.

1414 3407 1551 3456 5267.
1579 3403 1869 3454 Leucopagum
1900 3405 1939 3437 et
1961 3398 2127 3437 Samum
2156 3394 2256 3434 alius
2279 3406 2402 3433 nemo
2433 3406 2589 3432 meino-

1355 3474 1433 3516 rat,
1462 3472 1664 3520 quantum
1686 3463 1827 3502 sciam.
1847 3462 2023 3500 Centum
2043 3456 2181 3498 stadiis
2202 3456 2243 3495 in
2264 3455 2459 3495 intimum
2477 3453 2589 3494 sinus

1356 3542 1560 3569 recessum
1597 3524 1837 3570 deferimur,
1875 3522 1942 3561 cui
1983 3519 2107 3560 hodie
2140 3517 2296 3573 adjacet
2326 3519 2589 3564 Marmar-as,-

1357 3591 1455 3632 olim
1474 3590 1531 3630 ibi
1563 3588 1766 3642 Physcum
1794 3584 1939 3623 urbem
1958 3582 2082 3622 fuisse
2101 3581 2295 3622 statuitur
2322 3577 2591 3633 probabiliter

1362 3652 1375 3708 (
1396 3651 1460 3692 Cf.
1480 3653 1542 3690 De
1554 3649 1712 3702 Physco
1728 3645 1874 3686 Strabo
1892 3658 1935 3699 p.
1958 3643 2038 3684 652
2065 3655 2074 3683 2
2097 3641 2249 3688 Φύσκος
2271 3639 2439 3692 πολίχνη
2454 3668 2463 3686 ,
2486 3637 2595 3690 λιμέ·

1361 3730 1407 3755 να
1442 3713 1586 3767 ἔγουσα
1609 3709 1673 3750 καὶ
1707 3708 1822 3755 ἄλσος
1851 3708 2023 3762 Λητῷον.
2057 3704 2122 3745 Id.
2152 3718 2196 3759 p.
2223 3703 2325 3751 6633
2352 3700 2592 3741 Ptolemaeus

1359 3777 1415 3825 V,
1431 3761 1538 3828 2‚'p.
1555 3773 1651 3821 318,
1675 3784 1710 3820 1,
1731 3770 1802 3810 ubi
1820 3769 1996 3818 Φοῦσκα,
2012 3767 2206 3822 Stephan.
2222 3767 2317 3818 Byz.
2335 3777 2372 3802 v.
2389 3759 2588 3814 Φύσκος);

1361 3838 1503 3878 Samus
1534 3841 1673 3874 nostra
1706 3832 1851 3886 Physci
1889 3830 2010 3871 suerit
2031 3837 2187 3884 portus.
2217 3828 2351 3880 Ipsam
2388 3822 2590 3876 Physcum

1362 3899 1505 3940 urbcm
1526 3903 1728 3936 memorat
1747 3893 1918 3935 διάπλων
1939 3901 2082 3934 auctor
2102 3893 2123 3942 S
2140 3902 2242 3941 272,
2267 3886 2318 3927 ab
2338 3899 2383 3925 ca
2406 3883 2455 3924 ad
2481 3882 2592 3922 Rho-

1362 3961 1460 4002 dum
1483 3966 1725 4012 computans
1748 3955 1875 3996 stadia
1899 3954 2000 4001 [25o‚
2026 3965 2152 4007 quum
2171 3963 2310 4004 reapse
2330 3947 2394 3986 vix
2417 3953 2592 3986 trecenta
