2808 4342
976 191 1373 243 STADIASMUS
1407 197 1596 245 MARIS
1631 199 1847 247 MAGNI.

210 307 282 338 119.
317 293 335 352 [
352 290 451 337 Ἀπὸ
470 293 543 343 τῆς
566 289 771 351 Ἑρμαίας
789 292 916 355 ἄκρας
936 293 1003 338 ἐπὶ
1029 295 1217 341 Μισούαν
1233 283 1394 357 λιμένα

147 359 304 405 στάδιοι
325 359 386 421 ρκ’
402 359 438 419 ].

208 442 288 483 120.
324 426 455 490 [Ἀπὸ
477 427 667 479 Μισούας
683 428 875 489 λιμένος]
899 430 966 476 ἐπὶ
984 431 1135 493 Θερμὰ
1155 431 1312 478 στάδιοι
1335 432 1380 486 ξ’·

145 495 266 556 κώμη
289 496 376 540 ἐστὶ
396 495 467 541 καὶ
491 495 629 541 ἐπάνω
656 497 708 542 τὰ
731 497 876 558 θερμά.

208 580 281 611 121.
312 565 410 612 Ἀπὸ
429 568 509 610 τῶν
529 567 707 627 Θερμῶν
726 569 780 618 εἰς
803 565 978 628 Κάρπην
1000 568 1159 614 στάδιοι
1185 568 1254 630 ρξ’·
1268 569 1383 623 πόλις

143 633 230 678 ἐστὶ
249 633 319 679 καὶ
341 634 489 692 λιμένα
513 633 614 695 ἔχει.
982 629 990 634 “

206 719 284 748 122.
321 703 420 749 Ἀπὸ
450 703 630 763 Κάρπης
665 705 718 754 εἷς
751 702 951 756 Μάξυλαν
986 704 1146 751 στάδιοι
1179 706 1231 751 κ’·
1266 707 1382 760 πόλις

143 772 230 818 ἐστὶ
254 772 324 818 καὶ
346 771 494 831 λιμένα
515 771 617 832 ἔχει.

210 857 285 887 123.
322 839 421 886 Ἀπὸ
444 839 650 892 Μαξύλων
669 841 734 885 ἐπὶ
758 840 826 886 τὸν
847 842 1126 904 Γαλάὸραντα
1152 844 1307 890 στάδιοι
1330 847 1378 890 ν’·

0 898 9 943 {-
80 917 118 946 10
140 909 262 971 ὅρμος
283 908 391 954 ἐστὶν
414 909 488 960 ἕως
511 910 528 970 [
547 910 752 971 τῆς-τῶν]
778 911 988 971 ἀμμώδων
1010 914 1188 973 ἀγωγῆς.

207 994 281 1023 121.
320 976 419 1022 Ἀπὸ
442 981 512 1022 τοῦ
536 977 830 1039 Γαλάὸραντος
855 982 909 1031 εἷς
941 981 1194 1042 Καρχηδόνα
1221 983 1377 1029 στάδιοι

140 1046 215 1108 ρκ’·
239 1045 355 1097 πόλις
371 1045 458 1091 ἐστὶ
479 1047 653 1108 μεγίστη
671 1048 740 1093 καὶ
759 1048 906 1108 λιμένα
936 1048 1038 1110 ἔχει,
1070 1053 1109 1095 ἓν
1131 1050 1172 1095 δὲ
1189 1054 1239 1112 τῇ
1260 1052 1376 1097 πόλει

136 1113 290 1176 πύργος
309 1115 432 1160 ἐστίν·
456 1114 588 1180 [ἐπὶ]
613 1116 743 1170 δεξιὰν
772 1118 938 1179 ὂρμίζου
974 1119 1050 1164 ὑπὸ
1073 1119 1118 1165 τὸ
1137 1123 1279 1182 χῶμα.

118 1190 121 1192 “
200 1187 254 1230 Οἱ
283 1184 430 1237 πάντες
464 1189 566 1246 ὁμοῦ
601 1186 682 1231 ἀπὸ
721 1187 931 1249 Μήνιγγος
957 1191 1028 1244 τῆς
1062 1192 1141 1234 τῶν
1173 1190 1373 1252 Λωτοφά-

134 1270 216 1313 γων
236 1253 360 1309 νήσου
382 1254 454 1307 ἕως
478 1257 531 1307 εἷς
555 1256 806 1318 Καρχηδόνα
833 1257 987 1302 στάδιοι
1007 1257 1086 1321 φν’.

2599 220 2624 258 4
2635 222 2655 258 7
2669 223 2683 259 l

1515 320 1532 346 1
1543 319 1607 361 19.
1644 308 1743 362 [Ab
1762 312 1949 351 Hermceo
1960 313 2242 367 promontorio
2259 314 2317 354 ad
2330 317 2381 356 M
2382 315 2514 357 isuam
2526 330 2690 373 portum

1454 373 1598 415 stadia
1628 378 1751 431 120]-

1516 454 1608 484 120.
1645 443 1716 497 [A
1736 447 1788 485 M
1789 444 1882 485 isua
1890 454 2019 500 portu
2033 447 2048 501 ]
2070 446 2123 487 ad
2136 448 2316 490 Therma
2331 451 2460 492 stadia
2478 457 2530 494 60
2544 470 2554 503 ;
2579 456 2691 497 vicus

1454 519 1515 550 est
1536 520 1576 552 01
1594 526 1719 567 supra
1740 527 1838 554 eum
1858 514 2029 556 thermae
2045 526 2156 557 sunt.

1514 592 1605 619 121.
1640 585 1676 620 A
1707 581 1898 622 Thermis
1936 581 1988 622 ad
2024 584 2184 639 Carpen
2207 585 2336 628 stadia
2370 592 2470 638 1603
2503 590 2601 631 urbs
2631 602 2690 633 est

1453 659 1544 699 quae
1566 655 1732 701 portum
1755 649 1892 690 habet.

1513 727 1605 756 122.
1639 719 1675 757 A
1690 717 1820 772 Carpe
1838 718 1890 758 ad
1919 720 2123 774 Maxylam
2141 721 2272 762 stadia
2293 736 2366 774 2o;
2392 725 2492 766 urbs
2514 735 2574 767 est
2593 743 2687 770 cum

1452 791 1591 836 portu.

1512 853 1604 892 123.
1634 854 1667 893 A
1680 854 1854 908 Maxylis
1869 853 2076 911 (Massyla)
2095 856 2147 897 ad
2159 858 2447 902 Galabrantem
2466 863 2595 904 stadia
2610 865 2683 916 5o;

1451 920 1571 959 statio
1586 928 1646 960 est
1664 934 1795 974 usque
1814 920 1866 961 ad
1885 936 2102 963 arenosum
2126 933 2300 966 tractum
2320 930 2542 982 pertinens.

1511 991 1603 1037 124.
1636 991 1673 1030 Α
1689 989 1935 1031 Galabrante
1950 991 2001 1031 ad
2021 993 2306 1048 Carthaginem
2323 997 2451 1038 stadia
2471 1012 2568 1050 1203
2587 1002 2685 1042 urbs

1450 1064 1509 1096 est
1527 1057 1724 1107 maxima,
1749 1066 1999 1113 portumque
2022 1059 2231 1112 liabet;*in
2255 1064 2357 1104 urbe
2377 1067 2503 1106 turris
2526 1077 2586 1108 est
2598 1085 2610 1119 ς
2631 1070 2683 1110 ad

1449 1123 1636 1165 dextram
1655 1125 1810 1179 appelle
1827 1126 1904 1166 sub
1922 1141 2123 1181 aggerem.

1504 1193 1656 1233 Omnia
1674 1193 1796 1233 simul
1810 1208 1831 1234 a
1847 1195 2039 1249 Meninge
2056 1198 2391 1253 Lotophagorum
2406 1202 2538 1244 insula
2552 1218 2682 1260 usque

1448 1259 1500 1300 ad
1515 1260 1805 1314 Carthaginem
1827 1261 1956 1302 stadia
1973 1271 2070 1303 sunt
2095 1264 2203 1306 3550
2219 1267 2235 1317 (
2253 1267 2353 1321 ,γφν’
2368 1268 2399 1323 ).

154 1359 2677 1389 mua—*Q*

61 1457 69 1466 ·
134 1418 201 1451 1115
222 1413 407 1465 egregius
423 1413 558 1453 Misua
573 1414 635 1453 vel
657 1415 828 1465 Missua,
861 1414 976 1469 cujus
999 1418 1277 1457 meminerunt
1296 1418 1374 1458 Pli-

134 1474 227 1514 nius
248 1475 304 1523 V,
325 1475 347 1514 3
369 1478 391 1527 5
411 1478 480 1525 24,
501 1475 759 1527 Ptolemaeus,
781 1478 886 1518 Tab.
900 1480 1036 1529 Peut.,
1053 1480 1151 1520 Itin.
1173 1481 1370 1521 maritim.

132 1549 175 1590 p.
199 1538 300 1588 498,
319 1537 471 1590 Geogr.
495 1540 595 1578 Rav.
613 1540 668 1587 V,
687 1539 708 1579 5
726 1547 766 1579 et
784 1542 960 1595 Procop.
981 1543 1028 1581 B.
1050 1541 1191 1583 Vand.
1207 1544 1264 1592 II,
1291 1546 1340 1591 14
1361 1555 1369 1582 :

133 1597 315 1645 Σταδίους
345 1600 583 1653 τριακοσίους
627 1599 640 1655 (
661 1601 906 1654 Carthagine
934 1601 1107 1656 profecti
1129 1604 1145 1655 )
1169 1601 1373 1650 ἀνύσαντες

134 1658 315 1715 ἀφίκοντο
338 1661 538 1703 Μισσούαν
562 1663 606 1703 τὸ
621 1662 899 1718 Καρχηδονίων
922 1662 1102 1704 ἐπίνειον.
1124 1663 1373 1706 Missuensis

131 1722 347 1780 episcopus
364 1726 546 1765 occurrit
560 1726 603 1765 in
624 1726 781 1766 Notitia
798 1724 963 1775 Africae,
989 1735 1183 1766 monente
1205 1728 1374 1768 Wesse-

65 1795 79 1801 ‘
131 1785 257 1839 lingio
279 1786 444 1826 ad·Itin.
466 1788 611 1827 Ruinae
632 1787 726 1827 loci'
744 1795 785 1827 et
807 1796 951 1841 portus
978 1788 1178 1842 perampli
1201 1798 1298 1829 sunt
1320 1790 1372 1830 ad

130 1847 230 1888 hod.
260 1848 398 1887 vicum
419 1846 510 1888 Sidi
526 1847 666 1889 Daud.
691 1849 747 1889 V.
772 1849 915 1889 Barth.
936 1863 980 1904 p.
1007 1851 1100 1890 131.
1117 1851 1229 1891 Hinc
1243 1865 1372 1906 usque

129 1908 183 1948 ad
211 1910 412 1950 Thermas
444 1912 655 1951 numerari
678 1919 868 1967 poterant
901 1911 1031 1953 stadia
1055 1916 1132 1962 60,
1165 1914 1371 1967 siquidem

128 1985 303 2027 sequens
322 1972 451 2026 locus,
475 1972 634 2029 Carpis,
661 1988 712 2014 ex
736 1974 1012 2029 plurimorum
1034 1977 1236 2017 sententia
1258 1991 1371 2017 com-

110 2088 113 2091 ·
128 2034 346 2089 ponendus
371 2044 432 2077 est
445 2050 542 2077 cum
560 2035 764 2078 hodierno
781 2038 964 2078 Gourbos
979 2038 1064 2078 sive
1078 2038 1281 2089 Kourbos,
1300 2041 1371 2094 qui

128 2110 152 2136 a
165 2097 297 2137 ruinis
315 2098 461 2139 Misuae
476 2098 600 2139 distat
619 2112 701 2141 220
717 2099 801 2140 fere
822 2099 967 2150 stadia,
986 2108 1089 2154 quot
1111 2101 1235 2140 etiam
1257 2115 1280 2140 e
1297 2103 1370 2142 Pe-

128 2159 235 2214 riplo
264 2169 407 2201 nostro
437 2161 702 2214 colliguntur,
727 2161 947 2203 accedente
979 2163 1198 2202 Itinerario
1230 2165 1367 2205 marit.

127 2235 168 2275 p.
192 2223 272 2275 493
301 2236 311 2263 :
330 2226 372 2263 A
391 2223 558 2264 Missua
579 2227 730 2280 Carpos
745 2223 888 2264 stadia
898 2224 975 2278 {CC
989 2225 1004 2277 (
1021 2225 1079 2264 sic
1097 2225 1279 2279 optimus
1299 2241 1368 2266 co-

127 2282 207 2324 dex
230 2286 394 2335 Escur.;
430 2288 523 2326 CCC
551 2286 672 2339 vulgo
695 2288 728 2340 ).
756 2289 812 2327 At
839 2286 891 2326 de
915 2286 1086 2326 thermis
1111 2287 1156 2326 in
1178 2287 1258 2327 hoc
1278 2287 1369 2328 loco

126 2346 330 2400 ponendis
363 2347 527 2387 aliunde
571 2363 657 2388 non
693 2357 874 2398 constat;
910 2362 1044 2402 neque
1081 2347 1221 2389 calidae
1253 2364 1369 2404 aquae

126 2422 239 2449 nunc
268 2409 326 2449 ibi
350 2411 630 2464 reperiuntur,
659 2419 860 2465 quantum
891 2411 1032 2452 sciam.
1058 2412 1153 2451 Huc
1168 2411 1369 2453 accedunt

109 2470 217 2521 alia,
241 2485 333 2525 quae
348 2470 446 2511 salsa
461 2471 503 2511 in
517 2471 747 2513 Stadiasmo
759 2471 866 2513 tradi
883 2472 1082 2514 indicent.
1100 2475 1156 2514 V.
1174 2483 1261 2516 not.
1279 2489 1363 2529 seq.

181 2535 204 2584 §
230 2537 325 2575 121.
359 2533 527 2587 Κάρπη
542 2534 591 2588 ν]
612 2533 709 2575 sort.
735 2543 821 2575 erat
841 2535 1002 2590 Κάρπιν,
1028 2544 1075 2575 111
1094 2535 1206 2590 apud
1235 2537 1367 2577 Ptole-

124 2609 292 2636 maeum.
326 2595 450 2651 Carpi
468 2596 582 2636 locus
599 2597 793 2638 scribitur
814 2612 880 2652 ap.
912 2598 1114 2648 Plinium;
1138 2600 1235 2639 Itin.
1259 2615 1363 2641 mar.

123 2657 151 2698 l.
169 2658 224 2698 l.:
256 2660 289 2699 A
316 2657 482 2699 Missua
518 2662 668 2715 Carpos
686 2659 798 2700 stad.
829 2663 899 2709 CC,
919 2662 953 2713 a]
970 2663 1121 2716 Carpos
1152 2661 1366 2713 Carthagi-

123 2734 211 2760 nem
225 2719 339 2761 stad.
374 2723 450 2761 CL.
480 2719 611 2776 (CCC
634 2722 678 2761 in
697 2736 767 2762 sex
786 2721 911 2762 codd.
934 2724 967 2775 ).
990 2724 1166 2777 Optatus
1194 2724 1366 2765 Millevi—

122 2790 243 2823 tanus
275 2783 450 2824 Schism.
483 2785 636 2825 Donat.
675 2786 732 2834 II,
770 2800 808 2825 c.
838 2786 921 2827 18:
951 2782 1179 2841 Episcopis
1213 2787 1365 2828 vestris

115 2844 359 2898 jubentibus
378 2855 416 2885 et
425 2846 702 2901 praesentibus
717 2861 846 2902 supra
861 2846 993 2887 altare
1011 2846 1212 2888 Catholici
1227 2847 1364 2889 diaco-

123 2906 169 2946 ni
202 2906 329 2947 occisi
358 2917 482 2955 sunt,·
519 2908 715 2949 similiter
744 2918 783 2948 et
818 2909 935 2964 apud
961 2912 1134 2964 Carpos,
1171 2909 1364 2951 laudante

122 2969 402 3023 Wesselingio
435 2969 488 3010 ad
517 2972 567 3010 It.
605 2970 840 3026 Episcopus
873 2970 1123 3012 Secundinus
1155 2986 1182 3011 a
1219 2973 1363 3028 Carpis

122 3044 145 3070 0
160 3030 354 3071 Conciliis
369 3030 520 3072 citatur
530 3046 553 3072 a
567 3033 801 3072 Mannerto.
821 3034 980 3073 Locum
999 3033 1112 3074 hunc
1127 3032 1179 3074 ad
1197 3034 1364 3075 hodier-

121 3106 225 3133 num
246 3094 432 3134 Kourbos
453 3095 538 3135 sive
559 3096 743 3136 Gourbos
763 3095 1028 3137 referendum
1051 3111 1136 3137 esse
1166 3105 1257 3138 tum
1284 3113 1359 3139 no-

122 3168 218 3195 men
237 3155 397 3206 suadet,
430 3164 518 3196 tum
536 3155 740 3197 distantiae
763 3158 861 3199 Itin.
885 3158 1023 3198 Marit.
1052 3160 1271 3213 Pcrpaucae
1294 3175 1361 3201 su·

121 3226 292 3270 persunt
316 3219 447 3258 ruinae
463 3218 606 3273 oppidi
629 3219 671 3258 in
706 3218 788 3260 alto
811 3220 899 3271 siti3
932 3228 1077 3275 portus
1094 3221 1232 3276 paullo
1255 3223 1360 3264 infra

122 3280 308 3319 Kourbos
337 3279 583 3334 quaerendus
616 3282 659 3321 in
684 3281 786 3323 hod.
818 3282 1026 3333 Merisalz,
1066 3283 1092 3323 i.
1134 3298 1169 3323 e.
1196 3299 1359 3339 parvus

118 3350 281 3395 portus,
299 3356 424 3396 quem
441 3343 592 3397 partim
608 3352 758 3384 natura
779 3343 888 3394 fecit,
909 3346 1059 3399 partim
1079 3360 1144 3385 ars
1163 3347 1353 3387 munivit.

121 3404 295 3444 Exstant
317 3404 544 3445 etiamnum
566 3413 713 3459 portus
730 3420 949 3446 murorum
978 3406 1152 3459 rudera,
1177 3417 1217 3449 et
1239 3408 1359 3463 juxta

120 3474 288 3519 portum
319 3465 406 3507 aliae
442 3467 594 3516 ruinae,
627 3480 727 3520 quas
759 3465 812 3506 ad
850 3466 1012 3508 ἐπίνειον
1045 3469 1271 3511 retulerim.
1303 3495 1359 3502 —

119 3530 210 3568 ιῘ3111
243 3543 341 3569 vero
381 3529 566 3569 Kourbos
601 3528 725 3568 habet
761 3542 885 3582 aquas
918 3529 1082 3579 calidas,
1122 3530 1174 3571 de
1208 3533 1358 3586 quibus

119 3590 249 3644 ipsam
274 3591 398 3631 etiam
413 3590 561 3630 urbem
585 3589 736 3631 dictam
754 3605 840 3630 esse
859 3593 1005 3645 Aquas
1020 3591 1181 3632 calidas
1195 3594 1262 3633 vix
1285 3594 1359 3635 du-

119 3651 324 3694 bitaveris.
343 3654 515 3706 Egregie
530 3652 582 3693 ad
593 3654 716 3694 situm
732 3651 943 3692 hodiernae
957 3653 1140 3693 Koarbos
1155 3654 1357 3708 quadrant

120 3715 245 3755 verba
276 3716 381 3756 Livii
404 3716 542 3765 XXX,
566 3719 618 3764 24
653 3729 662 3756 :
700 3714 920 3762 Oneraria’,
958 3729 1064 3769 pars
1099 3716 1283 3757 maxima
1301 3720 1360 3759 acl

120 3777 381 3828 AEgimurum
420 3778 436 3828 (
456 3776 557 3817 hod.
589 3777 802 3817 Dclzamur
846 3777 923 3816 ins.
943 3777 981 3829 ),
1025 3776 1119 3816 alioe
1157 3777 1356 3821 adversas

121 3839 256 3879 urbem
278 3839 410 3897 ip'sam
433 3840 448 3890 (
469 3839 788 3891 Carthaginem)
809 3838 866 3877 ad
889 3837 1053 3878 Calidas
1069 3853 1199 3893 aquas
1210 3840 1356 3883 delata’

118 3909 231 3940 sunt.
249 3902 379 3940 Porro
399 3914 528 3954 quum
559 3901 600 3939 in
624 3900 728 3939 Tab.
761 3902 878 3940 Peut.
900 3899 952 3939 ab
975 3900 1110 3954 Aquis
1129 3902 1280 3943 calidis
1302 3903 1354 3943 ad

118 3961 328 4002 Maxulam
366 3974 416 4001 21
458 3962 582 4001 millia
614 3961 724 4016 (168
748 3970 799 4001 st.
818 3961 850 4016 ),
886 3961 937 4001 ad
966 3963 1121 4002 Tunim
1146 3966 1197 4004 28
1227 3965 1352 4006 millia

123 4022 232 4078 (224
265 4032 314 4064 51.
339 4027 352 4079 )
382 4032 645 4079 exputentur,
675 4024 742 4064 hic
775 4038 940 4078 quoque
969 4034 1187 4080 computus
1214 4029 1352 4082 Aquas

1446 1417 1594 1458 calidas
1606 1417 1658 1458 ad
1671 1418 1922 1459 hodiernum
1938 1421 2123 1461 Kourbos
2134 1423 2338 1476 pertinere
2349 1426 2510 1478 probat.
2527 1429 2680 1472 Eadem

1445 1494 1543 1520 vero
1563 1479 1853 1521 distantiarum
1877 1482 1983 1522 ratio
2002 1491 2061 1523 est
2077 1484 2119 1523 in
2133 1484 2361 1526 Stadiasmo
2386 1502 2409 1528 a
2426 1489 2616 1531 Thermis
2629 1494 2680 1534 ad

1442 1542 1650 1582 Maxulam
1673 1544 1688 1595 (
1712 1545 1789 1584 180
1804 1542 1910 1584 stad.
1928 1545 1944 1597 )
1964 1552 2005 1584 et
2019 1544 2310 1588 Galabrantem
2331 1563 2426 1590 cum
2440 1553 2550 1592 Tuni
2567 1569 2679 1596 com-

1442 1603 1715 1657 ponendum(
1730 1606 1810 1646 230
1827 1605 1930 1646 stad.
1947 1608 1963 1660 )
1978 1623 1990 1657 ;
2010 1616 2153 1649 contra
2171 1623 2269 1650 vero
2287 1625 2310 1651 a
2329 1611 2451 1667 Carpi
2470 1613 2522 1654 ad
2534 1617 2679 1658 Maxu·

1443 1665 1524 1706 lam
1564 1666 1773 1707 falsissime
1806 1677 2101 1723 computantur
2128 1670 2257 1713 stadia
2300 1686 2368 1714 20.
2414 1676 2522 1717 Η1110
2557 1678 2681 1732 igitur

1445 1729 1621 1782 suspicio
1645 1729 1776 1769 oritur
1793 1730 1993 1771 Thermas
2012 1740 2051 1773 et
2062 1733 2214 1788 Carpin
2234 1749 2448 1790 perperam
2465 1738 2677 1795 distingui,

1443 1790 1674 1843 Nostraque
1708 1805 1730 1829 0
1753 1790 1917 1831 duobus
1942 1791 2125 1834 fontibus
2147 1794 2252 1835 male
2283 1811 2369 1838 esse
2389 1801 2578 1842 conflata.
2599 1805 2679 1844 Po·

1444 1851 1524 1890 tuit
1547 1851 1715 1904 quidem
1738 1853 2014 1894 Thermarum
2035 1854 2148 1895 locus
2170 1856 2212 1895 in
2235 1857 2317 1897 alto
2340 1859 2440 1900 situs
2457 1875 2479 1901 a
2500 1871 2624 1917 portu
2640 1874 2680 1906 et

1444 1911 1595 1968 ἐπινείῳ
1614 1912 1827 1967 distingui,
1849 1928 1934 1954 non
1949 1916 2006 1956 ita
2029 1924 2163 1957 tamen
2178 1926 2225 1958 ut
2238 1927 2378 1960 noster
2393 1920 2501 1964 iecit.
2522 1925 2678 1967 Unicus

1442 1988 1576 2028 neque
1588 1975 1621 2015 is
1633 1974 1738 2015 adeo
1754 1977 1887 2029 gravis
1902 1978 2014 2018 testis
2034 1979 2104 2032 qui
2117 1980 2239 2020 simul
2256 1990 2295 2021 et
2307 1985 2452 2037 Aquas
2471 1993 2511 2025 et
2529 1989 2678 2043 Carpos

1441 2046 1658 2088 memoret,
1685 2038 1953 2094 Geograp'hus
1972 2049 2032 2080 est
2054 2043 2308 2084 Ravennates
2330 2046 2385 2095 V,
2414 2045 2452 2095 5,
2469 2047 2540 2087 ubi
2556 2051 2678 2091 series

1441 2097 1627 2139 locorum
1654 2113 1663 2139 :
1690 2100 1870 2149 Missua,
1904 2101 2110 2142 Seminina
2127 2104 2143 2156 (
2162 2103 2213 2143 ad
2238 2108 2322 2146 Ras
2358 2107 2397 2146 el
2430 2109 2620 2151 Semialm
2641 2112 2674 2167 ),

1441 2164 1602 2214 Aquas,
1627 2164 1795 2216 Cat-pas,
1821 2162 1980 2210 Gumis,
1998 2164 2190 2212 Maxula,
2218 2166 2394 2214 Thallos,
2419 2171 2674 2223 Carthagine.

1441 2221 1586 2262 Obiter
1605 2222 1749 2263 Strabo
1773 2237 1815 2276 p.
1840 2224 1919 2271 834
1937 2222 1989 2263 dc
2007 2225 2100 2264 sinu
2121 2227 2518 2280 Carthaginiensium
2539 2245 2548 2271 ε
2568 2233 2676 2282 Τύνις

1441 2282 1521 2323 ἐστὶ
1535 2283 1644 2331 πόλις
1662 2283 1726 2324 καὶ
1738 2283 1869 2338 Θερμὰ
1891 2284 1955 2324 καὶ
1983 2284 2167 2340 λατομίαι
2189 2289 2297 2336 τινές.

1496 2349 1517 2397 5
1544 2350 1637 2387 122.
1669 2345 1756 2386 Ἀπὸ
1774 2346 1929 2400 Κάρπην
1947 2346 2091 2388 codex.
2121 2349 2135 2402 Η
2160 2373 2215 2380 -—
2230 2353 2262 2390 κ’
2283 2351 2299 2404 ]
2322 2366 2518 2394 numerus
2535 2354 2671 2408 salsus,

1439 2415 1479 2447 at
1507 2421 1592 2447 non
1612 2407 1778 2458 scribae,
1801 2414 1849 2450 ut
1876 2417 1993 2462 puto,
2018 2408 2090 2449 sed
2110 2411 2411 2466 interpolatoris
2434 2415 2573 2471 culpa;
2597 2421 2674 2461 La-

1437 2469 1552 2522 pieus
1574 2483 1650 2524 pro
1689 2486 1726 2520 κ,
1752 2470 1893 2510 scribit
1920 2469 1993 2520 σκ’,
2031 2472 2319 2528 Maxulamque
2345 2480 2556 2532 componit
2577 2495 2672 2522 cum

1438 2529 1641 2572 hodierno
1658 2531 1833 2574 Rhades.
1860 2531 2096 2576 Secundum
2112 2535 2207 2575 Tab.
2224 2538 2342 2578 Peut.
2362 2539 2527 2580 Maxula
2549 2555 2572 2581 a
2586 2543 2671 2583 Tu-

1437 2592 1480 2631 ni
1500 2591 1623 2634 distat
1645 2594 1746 2635 mill.
1770 2609 1793 2648 7
1812 2596 1827 2647 (
1847 2594 1997 2648 quibus
2016 2596 2267 2650 respondent
2288 2598 2418 2640 stadia
2436 2600 2487 2643 50
2505 2603 2547 2643 in
2564 2605 2669 2646 stad.

1437 2656 1458 2705 5
1486 2655 1560 2694 123
1586 2653 1599 2710 )
1615 2686 1625 2705 ,
1665 2654 1762 2696 111ἀο
1798 2655 1850 2696 ad
1877 2657 2164 2710 Carthaginem
2201 2660 2325 2701 millia
2362 2674 2426 2703 10.
2459 2663 2671 2707 Consentit

1435 2717 1532 2757 Itin.
1556 2731 1675 2771 prov.
1696 2732 1738 2772 p.
1768 2717 1834 2767 58,
1868 2733 1891 2759 3
1923 2719 2167 2772 Carthagine
2197 2721 2248 2761 ad
2266 2724 2476 2764 Maxulam
2499 2741 2669 2782 compu-

1435 2784 1525 2816 tans
1546 2778 1669 2819 millia
1707 2782 1771 2820 18.
1796 2780 1904 2820 Situs
1926 2780 2040 2820 urbis
2065 2782 2173 2822 inter
2195 2784 2355 2825 Rhacles
2380 2794 2421 2826 et
2449 2790 2669 2831 Hammam

1434 2839 1473 2878 el
1491 2840 1854 2895 Ensquaerendus,
1876 2843 1933 2882 ita
1950 2851 2087 2883 tamen
2107 2852 2153 2884 ut
2168 2844 2219 2884 ab
2240 2848 2397 2887 oriente
2416 2850 2468 2889 sit
2480 2851 2670 2893 Meliance

1435 2902 1566 2952 fluvii,
1581 2902 1833 2958 siquidemjis
1846 2912 1907 2944 est
1922 2903 1943 2943 ὁ
1959 2904 2131 2953 Κατάδας
2149 2907 2320 2963 ποταμὸς
2335 2909 2557 2952 Ptolemaei.
2575 2914 2668 2953 Non

1434 2964 1491 3004 ita
1513 2964 1634 3018 longe
1655 2964 1791 3005 locum
1816 2964 1994 3006 abfuisse
2018 2981 2041 3007 a
2063 2968 2205 3019 taenia,
2241 2983 2331 3023 quae
2349 2969 2454 3011 lacui
2484 2973 2666 3013 Tunensi

1432 3035 1632 3080 praetensa
1653 3035 1727 3076 est,
1760 3027 1857 3068 inde
1875 3028 2052 3081 colligas,
2078 3029 2191 3083 quod
2212 3030 2334 3084 ligula
2354 3033 2667 3076 Massilitanum

1434 3087 1535 3129 litus
1560 3097 1732 3129 vocatur
1754 3103 1820 3143 ap.
1842 3091 2003 3130 Victor.
2028 3091 2189 3133 Vitens.
2212 3094 2247 3141 I,
2274 3092 2295 3132 5
2326 3107 2369 3147 p.
2395 3097 2419 3134 6
2443 3094 2623 3138 Chifsset.
2653 3112 2663 3139 z

1435 3150 1518 3202 Qui
1539 3150 1836 3206 (Gensericus)
1858 3150 1970 3199 cltmz,
1992 3161 2037 3191 ut
2050 3152 2174 3192 moris
2191 3163 2264 3201 est,
2284 3154 2343 3193 ad
2351 3156 2663 3200 Massilitanum

1432 3212 1534 3254 litas
1559 3213 1741 3262 exiisset,
1764 3212 1875 3267 quod
1901 3213 2029 3265 ligula
2041 3214 2160 3265 ‘vulgi
2174 3216 2461 3257 consuetudine
2475 3230 2661 3262 vocatur.

1429 3274 1554 3330 Apud
1570 3275 1733 3316 Plinum
1752 3275 1807 3324 V,
1829 3276 1851 3314 3
1872 3278 1893 3326 5
1909 3278 1960 3322 24
1982 3283 2065 3315 est:
2091 3276 2250 3317 colonia
2266 3278 2444 3319 Maxula
2464 3281 2480 3332 (
2495 3282 2664 3323 ,Μαχαί-

1432 3338 1486 3386 la,
1510 3337 1715 3384 Massula,
1736 3335 1921 3377 Maxilia
1937 3350 2023 3378 var.
2048 3337 2141 3379 lect.
2168 3337 2181 3393 )
2534 3387 2537 3390 y

1485 3402 1506 3452 5
1530 3404 1622 3441 123.
1655 3399 1683 3438 Γ
1697 3414 1720 3437 α
1732 3398 1757 3437 λ
1770 3398 1822 3437 ά6
1834 3413 1886 3453 ρα
1899 3412 1917 3438 ν
1930 3414 1985 3439 τα
2003 3399 2018 3453 ]
2035 3400 2195 3439 Nomen
2212 3401 2376 3442 aliunde
2394 3416 2479 3443 non
2498 3412 2659 3455 notum,

1427 3463 1507 3502 nisi
1528 3461 1631 3501 forte
1653 3461 1736 3501 huc
1757 3462 1934 3515 pertinet
1949 3461 2127 3501 Maxula
2149 3463 2296 3503 Prates
2312 3465 2514 3505 Itinerarii
2533 3480 2575 3521 p.
2593 3467 2659 3520 57,

1428 3526 1499 3579 qui
1528 3525 1640 3565 locus
1664 3537 1715 3564 10
1734 3523 1857 3563 millia
1879 3538 1903 3563 a
1928 3523 2172 3577 Carthagine
2194 3524 2345 3566 distare
2364 3525 2531 3578 dicitur,
2554 3529 2663 3569 ideo·

1428 3603 1523 3642 quc,
1549 3588 1580 3627 si
1600 3594 1709 3626 recte
1734 3585 1858 3625 habet
1885 3583 2092 3636 distantia,
2113 3585 2165 3626 ab
2183 3587 2307 3628 altera
2334 3589 2499 3630 Maxula
2521 3590 2662 3631 distin-

1427 3649 1612 3704 guendus
1634 3656 1708 3688 est.
1737 3648 1750 3700 ΙΙ
1772 3671 1828 3678 -
1847 3647 1931 3695 ἕως
1955 3650 2032 3699 τῆς
2061 3653 2152 3689 τῶν
2180 3648 2423 3704 ἀμμώδων
2462 3651 2568 3706 ἀγ.]
2591 3653 2661 3700 ἕως

1429 3712 1639 3767 ἀμμωδίων
1661 3709 1818 3765 ἀγωγῆς
1833 3709 1979 3750 codex.
1998 3711 2112 3752 Fort.
2137 3720 2224 3752 erat
2240 3713 2310 3759 ἕως
2329 3716 2395 3763 τῆς
2410 3712 2540 3767 ἅμμου
2559 3715 2659 3754 διαν-

1427 3777 1598 3830 αγωγῆς,
1620 3773 1803 3826 Intellige
1823 3781 1998 3813 tractum
2018 3787 2251 3824 arenosum,
2278 3776 2349 3828 qui
2370 3774 2473 3814 lacui
2493 3776 2659 3816 Tunen-

1426 3839 1458 3877 51
1476 3836 1763 3892 praetenditur.
2147 3847 2149 3849 ’
2205 3832 2208 3834 ’

1481 3903 1502 3952 S
1523 3903 1614 3942 124.
1640 3898 1720 3953 ρκ’]
1737 3897 1927 3938 Totidem
1942 3899 2134 3953 Polybius
2145 3900 2261 3949 XIV,
2281 3912 2345 3949 10,
2366 3898 2387 3939 5
2403 3899 2592 3954 aTynete
2604 3900 2656 3940 ad

1423 3963 1709 4015 Carthaginem
1727 3975 1812 4001 esse
1821 3960 1935 4001 dicit.
1956 3962 1971 4015 ll
1987 3986 2042 3992 —
2053 3978 2080 4002 π
2091 3961 2110 4000 ι’)
2121 3977 2174 4016 ργ
2188 3977 2208 4000 ο
2221 3962 2252 4016 ς]
2268 3960 2415 4016 Byrsa?
2431 3960 2655 4002 ἐπ1111501111

1424 4041 1445 4067 0
1457 4023 1564 4079 conj.
1578 4023 1740 4076 Gailii.[l
1754 4024 1927 4063 --σταδ
1942 4055 1949 4063 .
1962 4023 2043 4078 φνῚ
2058 4025 2164 4077 Lege
2189 4022 2544 4080 Yssv‘Nidetabp.
2556 4027 2650 4074 466.
