<?xml version="1.0" encoding="UTF-8"?>
<!DOCTYPE html PUBLIC "-//W3C//DTD XHTML 1.0 Transitional//EN"
    "http://www.w3.org/TR/xhtml1/DTD/xhtml1-transitional.dtd">
<html xmlns="http://www.w3.org/1999/xhtml" xml:lang="en" lang="en">
 <head>
  <title>
</title>
<meta http-equiv="Content-Type" content="text/html;charset=utf-8" />
  <meta name='ocr-system' content='tesseract 3.04.00' />
  <meta name='ocr-capabilities' content='ocr_page ocr_carea ocr_par ocr_line ocrx_word'/>
</head>
<body>
  <div class='ocr_page' id='page_1' title='image "./geographigraeci00mueluoft_0329.png"; bbox 0 0 2782 4348; ppageno 0'>
   <div class='ocr_carea' id='block_1_1' title="bbox 78 194 235 255">
    <p class='ocr_par' dir='ltr' id='par_1_1' title="bbox 78 194 235 255">
     <span class='ocr_line' id='line_1_1' title="bbox 78 194 235 255; baseline 0.006 -1"><span class='ocrx_word' id='word_1_1' title='bbox 78 194 235 255; x_wconf 56' lang='lat' dir='ltr'>(w)</span> 
     </span>
    </p>
   </div>
   <div class='ocr_carea' id='block_1_2' title="bbox 0 0 63 588">
    <p class='ocr_par' dir='ltr' id='par_1_2' title="bbox 0 0 63 588">
     <span class='ocr_line' id='line_1_2' title="bbox 0 0 63 588; baseline 0 0"><span class='ocrx_word' id='word_1_2' title='bbox 0 0 63 588; x_wconf 95' lang='lat' dir='ltr'>   </span> 
     </span>
    </p>
   </div>
   <div class='ocr_carea' id='block_1_3' title="bbox 0 297 1298 2239">
    <p class='ocr_par' dir='ltr' id='par_1_3' title="bbox 0 297 1298 2239">
     <span class='ocr_line' id='line_1_3' title="bbox 72 297 1298 363; baseline 0.005 -22"><span class='ocrx_word' id='word_1_3' title='bbox 72 297 343 358; x_wconf 78' lang='grc' dir='ltr'>φυλάσσοντες</span> <span class='ocrx_word' id='word_1_4' title='bbox 363 299 433 344; x_wconf 86' lang='grc' dir='ltr'>καὶ</span> <span class='ocrx_word' id='word_1_5' title='bbox 459 298 719 359; x_wconf 82' lang='grc' dir='ltr'>συλλέγοντες</span> <span class='ocrx_word' id='word_1_6' title='bbox 739 300 1029 361; x_wconf 81' lang='grc' dir='ltr'>προστάγματι</span> <span class='ocrx_word' id='word_1_7' title='bbox 1046 301 1152 346; x_wconf 72' lang='grc' dir='ltr'>οὕτω</span> <span class='ocrx_word' id='word_1_8' title='bbox 1177 305 1298 363; x_wconf 79' lang='grc' dir='ltr'>λαμ-</span> 
     </span>
     <span class='ocr_line' id='line_1_4' title="bbox 7 364 1297 436; baseline 0.006 -28"><span class='ocrx_word' id='word_1_9' title='bbox 7 376 38 436; x_wconf 50' lang='lat' dir='ltr'>ss</span> <span class='ocrx_word' id='word_1_10' title='bbox 70 364 277 412; x_wconf 75' lang='grc' dir='ltr'>ὅάνουσιν.</span> <span class='ocrx_word' id='word_1_11' title='bbox 344 367 417 412; x_wconf 88' lang='grc' dir='ltr'>Ἐν</span> <span class='ocrx_word' id='word_1_12' title='bbox 457 369 507 428; x_wconf 81' lang='grc' dir='ltr'>τῇ</span> <span class='ocrx_word' id='word_1_13' title='bbox 537 366 652 411; x_wconf 86' lang='grc' dir='ltr'>νυκτὶ</span> <span class='ocrx_word' id='word_1_14' title='bbox 688 366 790 428; x_wconf 84' lang='grc' dir='ltr'>πρὸς</span> <span class='ocrx_word' id='word_1_15' title='bbox 831 367 952 430; x_wconf 84' lang='grc' dir='ltr'>μέρος</span> <span class='ocrx_word' id='word_1_16' title='bbox 993 371 1297 432; x_wconf 73' lang='grc' dir='ltr'>περιπολοῦσιν,</span> 
     </span>
     <span class='ocr_line' id='line_1_5' title="bbox 12 433 1296 499; baseline 0.006 -21"><span class='ocrx_word' id='word_1_17' title='bbox 12 437 29 482; x_wconf 59' lang='grc' dir='ltr'><strong>κί</strong></span> <span class='ocrx_word' id='word_1_18' title='bbox 68 433 228 494; x_wconf 77' lang='grc' dir='ltr'>ἔχοντες</span> <span class='ocrx_word' id='word_1_19' title='bbox 258 434 453 485; x_wconf 84' lang='grc' dir='ltr'>παντοίας</span> <span class='ocrx_word' id='word_1_20' title='bbox 478 440 570 485; x_wconf 80' lang='grc' dir='ltr'>’τοῖς</span> <span class='ocrx_word' id='word_1_21' title='bbox 609 434 796 496; x_wconf 82' lang='grc' dir='ltr'>μεγέθεσι</span> <span class='ocrx_word' id='word_1_22' title='bbox 832 437 1046 499; x_wconf 81' lang='grc' dir='ltr'>σκαφίδας.</span> <span class='ocrx_word' id='word_1_23' title='bbox 1113 439 1163 485; x_wconf 92' lang='grc' dir='ltr'>Ὁ</span> <span class='ocrx_word' id='word_1_24' title='bbox 1184 440 1225 486; x_wconf 82' lang='grc' dir='ltr'>δὲ</span> <span class='ocrx_word' id='word_1_25' title='bbox 1256 443 1296 486; x_wconf 91' lang='grc' dir='ltr'>ἐν</span> 
     </span>
     <span class='ocr_line' id='line_1_6' title="bbox 14 501 1296 571; baseline 0.006 -25"><span class='ocrx_word' id='word_1_26' title='bbox 14 547 19 558; x_wconf 64' lang='lat'>‚</span> <span class='ocrx_word' id='word_1_27' title='bbox 67 510 155 554; x_wconf 90' lang='grc' dir='ltr'>ταῖς</span> <span class='ocrx_word' id='word_1_28' title='bbox 189 503 356 566; x_wconf 83' lang='grc' dir='ltr'>πέτραις</span> <span class='ocrx_word' id='word_1_29' title='bbox 381 502 509 558; x_wconf 85' lang='grc' dir='ltr'>λίθος,</span> <span class='ocrx_word' id='word_1_30' title='bbox 530 501 604 558; x_wconf 79' lang='grc' dir='ltr'>τὴν</span> <span class='ocrx_word' id='word_1_31' title='bbox 629 503 702 562; x_wconf 81' lang='grc' dir='ltr'>μὲν</span> <span class='ocrx_word' id='word_1_32' title='bbox 724 504 885 571; x_wconf 82' lang='grc' dir='ltr'>ἡμέραν</span> <span class='ocrx_word' id='word_1_33' title='bbox 910 506 988 551; x_wconf 84' lang='grc' dir='ltr'>ὑπὸ</span> <span class='ocrx_word' id='word_1_34' title='bbox 1019 511 1091 553; x_wconf 79' lang='grc' dir='ltr'>τοῦ</span> <span class='ocrx_word' id='word_1_35' title='bbox 1125 509 1296 571; x_wconf 79' lang='grc' dir='ltr'>φέγγους</span> 
     </span>
     <span class='ocr_line' id='line_1_7' title="bbox 13 560 1292 637; baseline 0.008 -22"><span class='ocrx_word' id='word_1_36' title='bbox 13 560 38 618; x_wconf 68' lang='grc'>,5</span> <span class='ocrx_word' id='word_1_37' title='bbox 63 571 357 632; x_wconf 78' lang='grc' dir='ltr'>κρατούμενος,</span> <span class='ocrx_word' id='word_1_38' title='bbox 383 569 449 614; x_wconf 83' lang='grc' dir='ltr'>διὰ</span> <span class='ocrx_word' id='word_1_39' title='bbox 473 570 519 616; x_wconf 83' lang='grc' dir='ltr'>τὸ</span> <span class='ocrx_word' id='word_1_40' title='bbox 539 571 678 633; x_wconf 77' lang='grc' dir='ltr'>πνῖγος</span> <span class='ocrx_word' id='word_1_41' title='bbox 697 575 741 618; x_wconf 81' lang='grc' dir='ltr'>οὗ</span> <span class='ocrx_word' id='word_1_42' title='bbox 768 573 924 635; x_wconf 87' lang='grc' dir='ltr'>γίνεται</span> <span class='ocrx_word' id='word_1_43' title='bbox 947 575 1164 637; x_wconf 87' lang='grc' dir='ltr'>σύνδηλος,</span> <span class='ocrx_word' id='word_1_44' title='bbox 1197 579 1292 624; x_wconf 76' lang='grc' dir='ltr'>σκό-</span> 
     </span>
     <span class='ocr_line' id='line_1_8' title="bbox 0 626 1293 708; baseline 0.009 -26"><span class='ocrx_word' id='word_1_45' title='bbox 0 626 20 642; x_wconf 51' lang='grc'><em>”</em></span> <span class='ocrx_word' id='word_1_46' title='bbox 61 658 131 684; x_wconf 86' lang='grc' dir='ltr'>του</span> <span class='ocrx_word' id='word_1_47' title='bbox 163 639 204 686; x_wconf 84' lang='grc' dir='ltr'>δὲ</span> <span class='ocrx_word' id='word_1_48' title='bbox 234 638 499 700; x_wconf 77' lang='grc' dir='ltr'>ἐπιστάντος,</span> <span class='ocrx_word' id='word_1_49' title='bbox 521 642 561 685; x_wconf 89' lang='grc' dir='ltr'>ἐν</span> <span class='ocrx_word' id='word_1_50' title='bbox 581 633 614 703; x_wconf 74' lang='grc' dir='ltr'>ᾧ</span> <span class='ocrx_word' id='word_1_51' title='bbox 636 642 727 687; x_wconf 86' lang='grc' dir='ltr'>ποτ’</span> <span class='ocrx_word' id='word_1_52' title='bbox 751 642 799 688; x_wconf 83' lang='grc' dir='ltr'>ἂν</span> <span class='ocrx_word' id='word_1_53' title='bbox 824 637 851 706; x_wconf 72' lang='grc' dir='ltr'>ᾗ</span> <span class='ocrx_word' id='word_1_54' title='bbox 875 644 1085 708; x_wconf 88' lang='grc' dir='ltr'>πεφυκὼς,</span> <span class='ocrx_word' id='word_1_55' title='bbox 1112 649 1293 708; x_wconf 83' lang='grc' dir='ltr'>διαλάμ-</span> 
     </span>
     <span class='ocr_line' id='line_1_9' title="bbox 59 707 1292 780; baseline 0.009 -28"><span class='ocrx_word' id='word_1_56' title='bbox 59 727 127 753; x_wconf 92' lang='grc' dir='ltr'>πει</span> <span class='ocrx_word' id='word_1_57' title='bbox 153 707 366 756; x_wconf 81' lang='grc' dir='ltr'>πάντοθεν.</span> <span class='ocrx_word' id='word_1_58' title='bbox 433 709 485 756; x_wconf 89' lang='grc' dir='ltr'>Ὁ</span> <span class='ocrx_word' id='word_1_59' title='bbox 507 709 548 755; x_wconf 84' lang='grc' dir='ltr'>δὲ</span> <span class='ocrx_word' id='word_1_60' title='bbox 565 710 735 757; x_wconf 88' lang='grc' dir='ltr'>συνιδὼν</span> <span class='ocrx_word' id='word_1_61' title='bbox 753 712 883 776; x_wconf 81' lang='grc' dir='ltr'>φύλαξ</span> <span class='ocrx_word' id='word_1_62' title='bbox 900 716 1138 770; x_wconf 80' lang='grc' dir='ltr'>τηλικοῦτον</span> <span class='ocrx_word' id='word_1_63' title='bbox 1155 717 1292 780; x_wconf 85' lang='grc' dir='ltr'>περίε-</span> 
     </span>
     <span class='ocr_line' id='line_1_10' title="bbox 6 777 1287 863; baseline 0.009 -42"><span class='ocrx_word' id='word_1_64' title='bbox 6 797 15 815; x_wconf 76' lang='lat'>.=</span> <span class='ocrx_word' id='word_1_65' title='bbox 58 782 177 833; x_wconf 87' lang='grc' dir='ltr'>θηκεν</span> <span class='ocrx_word' id='word_1_66' title='bbox 199 777 320 838; x_wconf 82' lang='grc' dir='ltr'>ἄγγος</span> <span class='ocrx_word' id='word_1_67' title='bbox 344 778 515 839; x_wconf 84' lang='grc' dir='ltr'>σημείου</span> <span class='ocrx_word' id='word_1_68' title='bbox 538 779 660 843; x_wconf 90' lang='grc' dir='ltr'>χάριν</span> <span class='ocrx_word' id='word_1_69' title='bbox 681 782 775 845; x_wconf 81' lang='grc' dir='ltr'>περὶ</span> <span class='ocrx_word' id='word_1_70' title='bbox 799 783 846 828; x_wconf 79' lang='grc' dir='ltr'>τὸ</span> <span class='ocrx_word' id='word_1_71' title='bbox 870 785 1121 843; x_wconf 77' lang='grc' dir='ltr'>διαστίλὸον,</span> <span class='ocrx_word' id='word_1_72' title='bbox 1146 788 1287 863; x_wconf 54' lang='grc' dir='ltr'>ἡλίκον</span> 
     </span>
     <span class='ocr_line' id='line_1_11' title="bbox 58 841 1287 916; baseline 0.01 -24"><span class='ocrx_word' id='word_1_73' title='bbox 58 846 105 892; x_wconf 79' lang='grc' dir='ltr'>ἂν</span> <span class='ocrx_word' id='word_1_74' title='bbox 128 841 155 908; x_wconf 71' lang='grc' dir='ltr'>ᾗ</span> <span class='ocrx_word' id='word_1_75' title='bbox 174 852 243 893; x_wconf 76' lang='grc' dir='ltr'>τοῦ</span> <span class='ocrx_word' id='word_1_76' title='bbox 275 848 548 910; x_wconf 84' lang='grc' dir='ltr'>θεωρουμένου</span> <span class='ocrx_word' id='word_1_77' title='bbox 585 851 878 913; x_wconf 81' lang='grc' dir='ltr'>φαντάσματος</span> <span class='ocrx_word' id='word_1_78' title='bbox 906 853 952 899; x_wconf 83' lang='grc' dir='ltr'>τὸ</span> <span class='ocrx_word' id='word_1_79' title='bbox 988 855 1154 916; x_wconf 90' lang='grc' dir='ltr'>μέγεθος</span> <span class='ocrx_word' id='word_1_80' title='bbox 1169 876 1179 886; x_wconf 90' lang='grc'><em>·</em></span> <span class='ocrx_word' id='word_1_81' title='bbox 1199 863 1287 904; x_wconf 81' lang='grc' dir='ltr'>εἶτα</span> 
     </span>
     <span class='ocr_line' id='line_1_12' title="bbox 2 912 1286 991; baseline 0.01 -30"><span class='ocrx_word' id='word_1_82' title='bbox 2 912 36 962; x_wconf 63' lang='lat' dir='ltr'>lo</span> <span class='ocrx_word' id='word_1_83' title='bbox 55 915 127 971; x_wconf 87' lang='grc' dir='ltr'>τὴν</span> <span class='ocrx_word' id='word_1_84' title='bbox 162 916 319 977; x_wconf 80' lang='grc' dir='ltr'>ἡμέραν</span> <span class='ocrx_word' id='word_1_85' title='bbox 357 917 653 981; x_wconf 82' lang='grc' dir='ltr'>ἐπερχόμενος,</span> <span class='ocrx_word' id='word_1_86' title='bbox 685 922 887 980; x_wconf 78' lang='grc' dir='ltr'>ἰσοπληθῆ</span> <span class='ocrx_word' id='word_1_87' title='bbox 921 927 972 986; x_wconf 82' lang='grc' dir='ltr'>τῇ</span> <span class='ocrx_word' id='word_1_88' title='bbox 1011 927 1286 991; x_wconf 80' lang='grc' dir='ltr'>προειρημένῃ</span> 
     </span>
     <span class='ocr_line' id='line_1_13' title="bbox 53 983 1289 1059; baseline 0.011 -31"><span class='ocrx_word' id='word_1_89' title='bbox 53 983 283 1047; x_wconf 84' lang='grc' dir='ltr'>περιτεμὼν</span> <span class='ocrx_word' id='word_1_90' title='bbox 310 986 486 1049; x_wconf 88' lang='grc' dir='ltr'>πέτραν,</span> <span class='ocrx_word' id='word_1_91' title='bbox 519 989 602 1041; x_wconf 79' lang='grc' dir='ltr'>τοῖς</span> <span class='ocrx_word' id='word_1_92' title='bbox 634 991 855 1037; x_wconf 79' lang='grc' dir='ltr'>ἐκλεαίνειν</span> <span class='ocrx_word' id='word_1_93' title='bbox 886 993 1123 1053; x_wconf 79' lang='grc' dir='ltr'>δυναμένοις</span> <span class='ocrx_word' id='word_1_94' title='bbox 1144 998 1289 1059; x_wconf 88' lang='grc' dir='ltr'>τεχνί-</span> 
     </span>
     <span class='ocr_line' id='line_1_14' title="bbox 0 1054 431 1117; baseline 0.014 -21"><span class='ocrx_word' id='word_1_95' title='bbox 0 1095 2 1104; x_wconf 64' lang='grc'>,</span> <span class='ocrx_word' id='word_1_96' title='bbox 51 1072 139 1105; x_wconf 89' lang='grc' dir='ltr'>ταις</span> <span class='ocrx_word' id='word_1_97' title='bbox 157 1054 431 1117; x_wconf 86' lang='grc' dir='ltr'>παραδίδωσι.</span> 
     </span>
     <span class='ocr_line' id='line_1_15' title="bbox 0 1109 1284 1193; baseline 0.01 -24"><span class='ocrx_word' id='word_1_98' title='bbox 0 1109 2 1124; x_wconf 28' lang='lat' dir='ltr'><strong><em>s</em></strong></span> <span class='ocrx_word' id='word_1_99' title='bbox 114 1140 169 1170; x_wconf 84' lang='lat'>83.</span> <span class='ocrx_word' id='word_1_100' title='bbox 196 1125 322 1170; x_wconf 82' lang='grc' dir='ltr'>Μετὰ</span> <span class='ocrx_word' id='word_1_101' title='bbox 343 1125 385 1170; x_wconf 82' lang='grc' dir='ltr'>δὲ</span> <span class='ocrx_word' id='word_1_102' title='bbox 404 1131 534 1173; x_wconf 70' lang='grc' dir='ltr'>ταῦτα</span> <span class='ocrx_word' id='word_1_103' title='bbox 555 1128 601 1174; x_wconf 80' lang='grc' dir='ltr'>τὸ</span> <span class='ocrx_word' id='word_1_104' title='bbox 624 1129 798 1192; x_wconf 85' lang='grc' dir='ltr'>πέλαγος</span> <span class='ocrx_word' id='word_1_105' title='bbox 821 1131 947 1184; x_wconf 80' lang='grc' dir='ltr'>οὕτως</span> <span class='ocrx_word' id='word_1_106' title='bbox 968 1133 1055 1179; x_wconf 85' lang='grc' dir='ltr'>ἐστὶ</span> <span class='ocrx_word' id='word_1_107' title='bbox 1078 1137 1284 1193; x_wconf 84' lang='grc' dir='ltr'>ταπεινὸν,</span> 
     </span>
     <span class='ocr_line' id='line_1_16' title="bbox 51 1191 1285 1264; baseline 0.013 -28"><span class='ocrx_word' id='word_1_108' title='bbox 51 1191 156 1238; x_wconf 80' lang='grc' dir='ltr'>ὥστε</span> <span class='ocrx_word' id='word_1_109' title='bbox 195 1195 298 1253; x_wconf 72' lang='grc' dir='ltr'>μήτε</span> <span class='ocrx_word' id='word_1_110' title='bbox 323 1197 461 1241; x_wconf 76' lang='grc' dir='ltr'>πλεῖον</span> <span class='ocrx_word' id='word_1_111' title='bbox 495 1199 600 1243; x_wconf 85' lang='grc' dir='ltr'>δυεῖν</span> <span class='ocrx_word' id='word_1_112' title='bbox 636 1202 807 1262; x_wconf 83' lang='grc' dir='ltr'>ὀργυιῶν</span> <span class='ocrx_word' id='word_1_113' title='bbox 842 1204 1180 1264; x_wconf 79' lang='grc' dir='ltr'>ἀναμετρεῗσθαι,</span> <span class='ocrx_word' id='word_1_114' title='bbox 1215 1208 1285 1252; x_wconf 87' lang='grc' dir='ltr'>καὶ</span> 
     </span>
     <span class='ocr_line' id='line_1_17' title="bbox 0 1263 1284 1334; baseline 0.012 -28"><span class='ocrx_word' id='word_1_115' title='bbox 0 1271 30 1301; x_wconf 65' lang='lat'>&gt;⁵</span> <span class='ocrx_word' id='word_1_116' title='bbox 52 1263 212 1326; x_wconf 82' lang='grc' dir='ltr'>χλωρὸν</span> <span class='ocrx_word' id='word_1_117' title='bbox 242 1265 459 1326; x_wconf 87' lang='grc' dir='ltr'>πάντοθεν,</span> <span class='ocrx_word' id='word_1_118' title='bbox 492 1269 536 1312; x_wconf 82' lang='grc' dir='ltr'>οὐ</span> <span class='ocrx_word' id='word_1_119' title='bbox 568 1273 618 1331; x_wconf 77' lang='grc' dir='ltr'>τῇ</span> <span class='ocrx_word' id='word_1_120' title='bbox 642 1269 774 1332; x_wconf 72' lang='grc' dir='ltr'>’φύσει</span> <span class='ocrx_word' id='word_1_121' title='bbox 797 1273 877 1316; x_wconf 90' lang='grc' dir='ltr'>τῶν</span> <span class='ocrx_word' id='word_1_122' title='bbox 912 1275 1059 1334; x_wconf 89' lang='grc' dir='ltr'>ὑγρῶν,</span> <span class='ocrx_word' id='word_1_123' title='bbox 1095 1276 1185 1320; x_wconf 88' lang='grc' dir='ltr'>ἀλλ’</span> <span class='ocrx_word' id='word_1_124' title='bbox 1204 1277 1284 1321; x_wconf 85' lang='grc' dir='ltr'>ὑπὸ</span> 
     </span>
     <span class='ocr_line' id='line_1_18' title="bbox 0 1319 1282 1402; baseline 0.012 -28"><span class='ocrx_word' id='word_1_125' title='bbox 0 1319 1 1325; x_wconf 27' lang='lat'>¹</span> <span class='ocrx_word' id='word_1_126' title='bbox 48 1335 117 1375; x_wconf 80' lang='grc' dir='ltr'>τοῦ</span> <span class='ocrx_word' id='word_1_127' title='bbox 144 1333 421 1395; x_wconf 84' lang='grc' dir='ltr'>διαφαίνοντος</span> <span class='ocrx_word' id='word_1_128' title='bbox 452 1336 568 1393; x_wconf 82' lang='grc' dir='ltr'>μνίου</span> <span class='ocrx_word' id='word_1_129' title='bbox 588 1356 631 1382; x_wconf 85' lang='grc' dir='ltr'>τε</span> <span class='ocrx_word' id='word_1_130' title='bbox 651 1338 722 1383; x_wconf 85' lang='grc' dir='ltr'>καὶ</span> <span class='ocrx_word' id='word_1_131' title='bbox 747 1338 918 1402; x_wconf 52' lang='grc' dir='ltr'>φύκους</span> <span class='ocrx_word' id='word_1_132' title='bbox 944 1342 1032 1387; x_wconf 80' lang='grc' dir='ltr'>ὅθεν</span> <span class='ocrx_word' id='word_1_133' title='bbox 1058 1343 1131 1388; x_wconf 78' lang='grc' dir='ltr'>καὶ</span> <span class='ocrx_word' id='word_1_134' title='bbox 1152 1348 1282 1390; x_wconf 84' lang='grc' dir='ltr'>κυνῶν</span> 
     </span>
     <span class='ocr_line' id='line_1_19' title="bbox 47 1398 1281 1469; baseline 0.012 -25"><span class='ocrx_word' id='word_1_135' title='bbox 47 1398 133 1460; x_wconf 84' lang='grc' dir='ltr'>ἔχει</span> <span class='ocrx_word' id='word_1_136' title='bbox 168 1404 393 1448; x_wconf 83' lang='grc' dir='ltr'>θαλαττίων</span> <span class='ocrx_word' id='word_1_137' title='bbox 427 1405 702 1466; x_wconf 86' lang='grc' dir='ltr'>ἀναρίθμητον</span> <span class='ocrx_word' id='word_1_138' title='bbox 733 1411 901 1465; x_wconf 83' lang='grc' dir='ltr'>πλῆθος.</span> <span class='ocrx_word' id='word_1_139' title='bbox 966 1413 1031 1458; x_wconf 91' lang='grc' dir='ltr'>Δι’</span> <span class='ocrx_word' id='word_1_140' title='bbox 1062 1412 1113 1469; x_wconf 79' lang='grc' dir='ltr'>ἢν</span> <span class='ocrx_word' id='word_1_141' title='bbox 1148 1413 1281 1459; x_wconf 87' lang='grc' dir='ltr'>αἰτίαν</span> 
     </span>
     <span class='ocr_line' id='line_1_20' title="bbox 0 1470 1279 1544; baseline 0.013 -31"><span class='ocrx_word' id='word_1_142' title='bbox 0 1486 1 1520; x_wconf 45' lang='grc' dir='ltr'>ᾗ</span> <span class='ocrx_word' id='word_1_143' title='bbox 44 1472 66 1514; x_wconf 85' lang='grc' dir='ltr'><em>ὃ</em></span> <span class='ocrx_word' id='word_1_144' title='bbox 94 1471 226 1532; x_wconf 78' lang='grc' dir='ltr'>ῥηθεὶς</span> <span class='ocrx_word' id='word_1_145' title='bbox 248 1472 368 1534; x_wconf 85' lang='grc' dir='ltr'>πόρος</span> <span class='ocrx_word' id='word_1_146' title='bbox 390 1470 457 1530; x_wconf 77' lang='grc' dir='ltr'>νηῒ</span> <span class='ocrx_word' id='word_1_147' title='bbox 480 1474 555 1534; x_wconf 77' lang='grc' dir='ltr'>μὲν</span> <span class='ocrx_word' id='word_1_148' title='bbox 580 1485 723 1541; x_wconf 74' lang='grc' dir='ltr'>μακρᾷ</span> <span class='ocrx_word' id='word_1_149' title='bbox 741 1478 812 1523; x_wconf 75' lang='grc' dir='ltr'>καὶ</span> <span class='ocrx_word' id='word_1_150' title='bbox 834 1486 918 1532; x_wconf 89' lang='grc' dir='ltr'>τοῖς</span> <span class='ocrx_word' id='word_1_151' title='bbox 938 1481 1108 1544; x_wconf 82' lang='grc' dir='ltr'>ἐπήρεσι</span> <span class='ocrx_word' id='word_1_152' title='bbox 1126 1483 1279 1536; x_wconf 89' lang='grc' dir='ltr'>πλοίοις</span> 
     </span>
     <span class='ocr_line' id='line_1_21' title="bbox 0 1528 1278 1611; baseline 0.014 -30"><span class='ocrx_word' id='word_1_153' title='bbox 0 1528 1 1597; x_wconf 48' lang='grc' dir='ltr'>Ξ</span> <span class='ocrx_word' id='word_1_154' title='bbox 44 1537 200 1599; x_wconf 87' lang='grc' dir='ltr'>γίνεται</span> <span class='ocrx_word' id='word_1_155' title='bbox 242 1540 518 1602; x_wconf 79' lang='grc' dir='ltr'>εὐάρμοστος·</span> <span class='ocrx_word' id='word_1_156' title='bbox 559 1544 729 1605; x_wconf 85' lang='grc' dir='ltr'>ἀκύμων</span> <span class='ocrx_word' id='word_1_157' title='bbox 756 1566 798 1592; x_wconf 90' lang='grc' dir='ltr'>τε</span> <span class='ocrx_word' id='word_1_158' title='bbox 843 1549 923 1611; x_wconf 88' lang='grc' dir='ltr'>γάρ</span> <span class='ocrx_word' id='word_1_159' title='bbox 954 1551 1080 1606; x_wconf 88' lang='grc' dir='ltr'>ἐστιν,</span> <span class='ocrx_word' id='word_1_160' title='bbox 1120 1554 1194 1598; x_wconf 77' lang='grc' dir='ltr'>οὐκ</span> <span class='ocrx_word' id='word_1_161' title='bbox 1232 1555 1278 1598; x_wconf 91' lang='grc' dir='ltr'>ἐκ</span> 
     </span>
     <span class='ocr_line' id='line_1_22' title="bbox 0 1607 1276 1684; baseline 0.014 -34"><span class='ocrx_word' id='word_1_162' title='bbox 0 1607 21 1651; x_wconf 64' lang='grc' dir='ltr'><strong>Ὁ</strong></span> <span class='ocrx_word' id='word_1_163' title='bbox 43 1609 196 1652; x_wconf 81' lang='grc' dir='ltr'>πολλοῦ</span> <span class='ocrx_word' id='word_1_164' title='bbox 219 1609 367 1655; x_wconf 87' lang='grc' dir='ltr'>κυλίων</span> <span class='ocrx_word' id='word_1_165' title='bbox 391 1611 457 1656; x_wconf 88' lang='grc' dir='ltr'>τὸν</span> <span class='ocrx_word' id='word_1_166' title='bbox 482 1611 692 1673; x_wconf 88' lang='grc' dir='ltr'>κλύδωνα,</span> <span class='ocrx_word' id='word_1_167' title='bbox 716 1616 788 1662; x_wconf 88' lang='grc' dir='ltr'>καὶ</span> <span class='ocrx_word' id='word_1_168' title='bbox 812 1616 938 1678; x_wconf 80' lang='grc' dir='ltr'>θήραν</span> <span class='ocrx_word' id='word_1_169' title='bbox 963 1619 1116 1681; x_wconf 86' lang='grc' dir='ltr'>ἰχθύων</span> <span class='ocrx_word' id='word_1_170' title='bbox 1135 1640 1276 1684; x_wconf 83' lang='grc' dir='ltr'>παρα-</span> 
     </span>
     <span class='ocr_line' id='line_1_23' title="bbox 0 1675 1274 1751; baseline 0.015 -32"><span class='ocrx_word' id='word_1_171' title='bbox 0 1675 1 1684; x_wconf 69' lang='grc'>’</span> <span class='ocrx_word' id='word_1_172' title='bbox 42 1675 203 1722; x_wconf 87' lang='grc' dir='ltr'>δίδωσιν</span> <span class='ocrx_word' id='word_1_173' title='bbox 223 1677 413 1726; x_wconf 79' lang='grc' dir='ltr'>ἄπιστον.</span> <span class='ocrx_word' id='word_1_174' title='bbox 482 1682 542 1728; x_wconf 83' lang='grc' dir='ltr'>Τὸ</span> <span class='ocrx_word' id='word_1_175' title='bbox 560 1683 602 1728; x_wconf 82' lang='grc' dir='ltr'>δὲ</span> <span class='ocrx_word' id='word_1_176' title='bbox 625 1685 718 1748; x_wconf 88' lang='grc' dir='ltr'>περὶ</span> <span class='ocrx_word' id='word_1_177' title='bbox 735 1683 807 1738; x_wconf 80' lang='grc' dir='ltr'>τὰς</span> <span class='ocrx_word' id='word_1_178' title='bbox 837 1689 1133 1751; x_wconf 81' lang='grc' dir='ltr'>ἐλεφαντηγοὺς</span> <span class='ocrx_word' id='word_1_179' title='bbox 1149 1692 1274 1738; x_wconf 84' lang='grc' dir='ltr'>κακὸν</span> 
     </span>
     <span class='ocr_line' id='line_1_24' title="bbox 41 1746 1272 1820; baseline 0.015 -30"><span class='ocrx_word' id='word_1_180' title='bbox 41 1746 167 1792; x_wconf 77' lang='grc' dir='ltr'>πολὺν</span> <span class='ocrx_word' id='word_1_181' title='bbox 192 1748 302 1794; x_wconf 85' lang='grc' dir='ltr'>ἔλεον</span> <span class='ocrx_word' id='word_1_182' title='bbox 326 1754 408 1803; x_wconf 87' lang='grc' dir='ltr'>τοῖς</span> <span class='ocrx_word' id='word_1_183' title='bbox 428 1751 658 1814; x_wconf 83' lang='grc' dir='ltr'>πάσχουσιν</span> <span class='ocrx_word' id='word_1_184' title='bbox 677 1756 758 1801; x_wconf 85' lang='grc' dir='ltr'>ἀπὸ</span> <span class='ocrx_word' id='word_1_185' title='bbox 775 1760 854 1802; x_wconf 90' lang='grc' dir='ltr'>τῶν</span> <span class='ocrx_word' id='word_1_186' title='bbox 879 1759 1065 1820; x_wconf 82' lang='grc' dir='ltr'>ὁρώντων</span> <span class='ocrx_word' id='word_1_187' title='bbox 1086 1764 1272 1808; x_wconf 85' lang='grc' dir='ltr'>ἐκκαλεῖ-</span> 
     </span>
     <span class='ocr_line' id='line_1_25' title="bbox 0 1816 1270 1893; baseline 0.015 -34"><span class='ocrx_word' id='word_1_188' title='bbox 0 1852 1 1871; x_wconf 56' lang='lat'>3</span> <span class='ocrx_word' id='word_1_189' title='bbox 38 1833 121 1860; x_wconf 87' lang='grc' dir='ltr'>ται·</span> <span class='ocrx_word' id='word_1_190' title='bbox 145 1816 196 1861; x_wconf 88' lang='grc' dir='ltr'>τὰ</span> <span class='ocrx_word' id='word_1_191' title='bbox 219 1817 297 1880; x_wconf 87' lang='grc' dir='ltr'>γὰρ</span> <span class='ocrx_word' id='word_1_192' title='bbox 319 1821 443 1865; x_wconf 81' lang='grc' dir='ltr'>πλοῖα</span> <span class='ocrx_word' id='word_1_193' title='bbox 462 1821 508 1866; x_wconf 83' lang='grc' dir='ltr'>τὸ</span> <span class='ocrx_word' id='word_1_194' title='bbox 526 1827 637 1883; x_wconf 75' lang='grc' dir='ltr'>κῦμα</span> <span class='ocrx_word' id='word_1_195' title='bbox 664 1825 853 1889; x_wconf 76' lang='grc' dir='ltr'>ἐξαίφνης</span> <span class='ocrx_word' id='word_1_196' title='bbox 875 1827 900 1883; x_wconf 85' lang='grc' dir='ltr'>ἢ</span> <span class='ocrx_word' id='word_1_197' title='bbox 925 1828 1059 1892; x_wconf 81' lang='grc' dir='ltr'>πέτρα</span> <span class='ocrx_word' id='word_1_198' title='bbox 1082 1832 1270 1893; x_wconf 87' lang='grc' dir='ltr'>περίεθη-</span> 
     </span>
     <span class='ocr_line' id='line_1_26' title="bbox 38 1884 1266 1965; baseline 0.015 -37"><span class='ocrx_word' id='word_1_199' title='bbox 38 1902 125 1941; x_wconf 84' lang='grc' dir='ltr'>κεν,</span> <span class='ocrx_word' id='word_1_200' title='bbox 157 1884 183 1940; x_wconf 78' lang='grc' dir='ltr'>ἢ</span> <span class='ocrx_word' id='word_1_201' title='bbox 209 1887 309 1949; x_wconf 78' lang='grc' dir='ltr'>πρὸς</span> <span class='ocrx_word' id='word_1_202' title='bbox 335 1890 515 1950; x_wconf 87' lang='grc' dir='ltr'>ἀμμώδη</span> <span class='ocrx_word' id='word_1_203' title='bbox 551 1894 754 1949; x_wconf 82' lang='grc' dir='ltr'>συνήλασε</span> <span class='ocrx_word' id='word_1_204' title='bbox 787 1897 999 1959; x_wconf 74' lang='grc' dir='ltr'>περιοχὴν,</span> <span class='ocrx_word' id='word_1_205' title='bbox 1022 1900 1092 1944; x_wconf 81' lang='grc' dir='ltr'>καὶ</span> <span class='ocrx_word' id='word_1_206' title='bbox 1116 1901 1266 1965; x_wconf 78' lang='grc' dir='ltr'>ἄπορον</span> 
     </span>
     <span class='ocr_line' id='line_1_27' title="bbox 6 1947 1266 2032; baseline 0.017 -36"><span class='ocrx_word' id='word_1_207' title='bbox 6 1947 109 2009; x_wconf 55' lang='grc' dir='ltr'>ἰ’τὴν</span> <span class='ocrx_word' id='word_1_208' title='bbox 141 1957 346 2020; x_wconf 87' lang='grc' dir='ltr'>σωτηρίαν</span> <span class='ocrx_word' id='word_1_209' title='bbox 380 1959 566 2023; x_wconf 86' lang='grc' dir='ltr'>παρέσχε</span> <span class='ocrx_word' id='word_1_210' title='bbox 600 1970 683 2016; x_wconf 91' lang='grc' dir='ltr'>τοῖς</span> <span class='ocrx_word' id='word_1_211' title='bbox 703 1966 943 2024; x_wconf 84' lang='grc' dir='ltr'>ἐμπλέουσι.</span> <span class='ocrx_word' id='word_1_212' title='bbox 1012 1968 1086 2015; x_wconf 86' lang='grc' dir='ltr'>Διὸ</span> <span class='ocrx_word' id='word_1_213' title='bbox 1105 1970 1156 2015; x_wconf 86' lang='grc' dir='ltr'>τὰ</span> <span class='ocrx_word' id='word_1_214' title='bbox 1192 1971 1266 2032; x_wconf 82' lang='grc' dir='ltr'>μὲν</span> 
     </span>
     <span class='ocr_line' id='line_1_28' title="bbox 0 2021 1265 2107; baseline 0.017 -41"><span class='ocrx_word' id='word_1_215' title='bbox 0 2021 1 2087; x_wconf 53' lang='lat' dir='ltr'>l</span> <span class='ocrx_word' id='word_1_216' title='bbox 34 2026 177 2086; x_wconf 88' lang='grc' dir='ltr'>πρῶτα</span> <span class='ocrx_word' id='word_1_217' title='bbox 207 2026 380 2089; x_wconf 84' lang='grc' dir='ltr'>ὀδυρμὸς</span> <span class='ocrx_word' id='word_1_218' title='bbox 411 2028 502 2082; x_wconf 78' lang='grc' dir='ltr'>τοὺς</span> <span class='ocrx_word' id='word_1_219' title='bbox 527 2032 796 2087; x_wconf 81' lang='grc' dir='ltr'>ἐπιπλέοντας</span> <span class='ocrx_word' id='word_1_220' title='bbox 818 2036 979 2099; x_wconf 88' lang='grc' dir='ltr'>συνέχει</span> <span class='ocrx_word' id='word_1_221' title='bbox 1013 2038 1140 2092; x_wconf 80' lang='grc' dir='ltr'>πολὺς</span> <span class='ocrx_word' id='word_1_222' title='bbox 1176 2042 1265 2107; x_wconf 61' lang='grc' dir='ltr'>μὲν,</span> 
     </span>
     <span class='ocr_line' id='line_1_29' title="bbox 0 2089 1264 2174; baseline 0.017 -38"><span class='ocrx_word' id='word_1_223' title='bbox 0 2089 1 2128; x_wconf 66' lang='lat' dir='ltr'>l</span> <span class='ocrx_word' id='word_1_224' title='bbox 33 2094 106 2138; x_wconf 79' lang='grc' dir='ltr'>οὐκ</span> <span class='ocrx_word' id='word_1_225' title='bbox 125 2096 416 2156; x_wconf 85' lang='grc' dir='ltr'>ἀπογινώσκων</span> <span class='ocrx_word' id='word_1_226' title='bbox 437 2098 479 2144; x_wconf 83' lang='grc' dir='ltr'>δὲ</span> <span class='ocrx_word' id='word_1_227' title='bbox 503 2100 576 2157; x_wconf 80' lang='grc' dir='ltr'>τὴν</span> <span class='ocrx_word' id='word_1_228' title='bbox 608 2104 763 2161; x_wconf 85' lang='grc' dir='ltr'>ἀμείνω</span> <span class='ocrx_word' id='word_1_229' title='bbox 782 2108 1052 2168; x_wconf 82' lang='grc' dir='ltr'>προσδοκίαν·</span> <span class='ocrx_word' id='word_1_230' title='bbox 1082 2110 1162 2166; x_wconf 82' lang='grc' dir='ltr'>ἤδη</span> <span class='ocrx_word' id='word_1_231' title='bbox 1186 2112 1264 2174; x_wconf 89' lang='grc' dir='ltr'>γάρ</span> 
     </span>
     <span class='ocr_line' id='line_1_30' title="bbox 0 2150 1263 2239; baseline 0.017 -34"><span class='ocrx_word' id='word_1_232' title='bbox 0 2150 1 2224; x_wconf 55' lang='lat' dir='ltr'>l</span> <span class='ocrx_word' id='word_1_233' title='bbox 30 2180 139 2215; x_wconf 91' lang='grc' dir='ltr'>τινας</span> <span class='ocrx_word' id='word_1_234' title='bbox 163 2164 287 2218; x_wconf 78' lang='grc' dir='ltr'>οὕτως</span> <span class='ocrx_word' id='word_1_235' title='bbox 325 2168 620 2231; x_wconf 86' lang='grc' dir='ltr'>ἀπενεχθέντας</span> <span class='ocrx_word' id='word_1_236' title='bbox 653 2173 808 2219; x_wconf 87' lang='grc' dir='ltr'>σέσωκε</span> <span class='ocrx_word' id='word_1_237' title='bbox 837 2178 1079 2239; x_wconf 76' lang='grc' dir='ltr'>πλημμυρὶς</span> <span class='ocrx_word' id='word_1_238' title='bbox 1107 2182 1263 2225; x_wconf 88' lang='grc' dir='ltr'>ὑπολα-</span> 
     </span>
    </p>
   </div>
   <div class='ocr_carea' id='block_1_4' title="bbox 0 654 2 773">
    <p class='ocr_par' dir='ltr' id='par_1_4' title="bbox 0 654 2 773">
     <span class='ocr_line' id='line_1_31' title="bbox 0 654 2 773; baseline 0 3575"><span class='ocrx_word' id='word_1_239' title='bbox 0 654 2 773; x_wconf 95' lang='lat' dir='ltr'> </span> 
     </span>
    </p>
   </div>
   <div class='ocr_carea' id='block_1_5' title="bbox 0 808 2 899">
    <p class='ocr_par' dir='ltr' id='par_1_5' title="bbox 0 808 2 899">
     <span class='ocr_line' id='line_1_32' title="bbox 0 808 2 899; baseline 0 3449"><span class='ocrx_word' id='word_1_240' title='bbox 0 808 2 899; x_wconf 95' lang='lat' dir='ltr'> </span> 
     </span>
    </p>
   </div>
   <div class='ocr_carea' id='block_1_6' title="bbox 1023 202 1690 256">
    <p class='ocr_par' dir='ltr' id='par_1_6' title="bbox 1023 202 1690 256">
     <span class='ocr_line' id='line_1_33' title="bbox 1023 202 1690 256; baseline 0.016 -10"><span class='ocrx_word' id='word_1_241' title='bbox 1023 202 1101 247; x_wconf 83' lang='grc' dir='ltr'>ΒΕ</span> <span class='ocrx_word' id='word_1_242' title='bbox 1137 203 1225 248; x_wconf 84' lang='lat' dir='ltr'>MA</span> <span class='ocrx_word' id='word_1_243' title='bbox 1235 204 1301 249; x_wconf 51' lang='lat' dir='ltr'>RI*</span> <span class='ocrx_word' id='word_1_244' title='bbox 1327 205 1690 256; x_wconf 86' lang='lat' dir='ltr'>ERYTHRAEO.</span> 
     </span>
    </p>
   </div>
   <div class='ocr_carea' id='block_1_7' title="bbox 2512 244 2590 283">
    <p class='ocr_par' dir='ltr' id='par_1_7' title="bbox 2512 244 2590 283">
     <span class='ocr_line' id='line_1_34' title="bbox 2512 244 2590 283; baseline 0.051 -3"><span class='ocrx_word' id='word_1_245' title='bbox 2512 244 2590 283; x_wconf 87' lang='lat'>171</span> 
     </span>
    </p>
   </div>
   <div class='ocr_carea' id='block_1_8' title="bbox 1355 314 2595 1011">
    <p class='ocr_par' dir='ltr' id='par_1_8' title="bbox 1355 314 2595 1011">
     <span class='ocr_line' id='line_1_35' title="bbox 1367 314 2594 390; baseline 0.025 -36"><span class='ocrx_word' id='word_1_246' title='bbox 1367 314 1502 357; x_wconf 86' lang='lat' dir='ltr'>edicto</span> <span class='ocrx_word' id='word_1_247' title='bbox 1525 319 1764 361; x_wconf 88' lang='lat' dir='ltr'>custodiunt</span> <span class='ocrx_word' id='word_1_248' title='bbox 1796 331 1835 363; x_wconf 88' lang='lat' dir='ltr'>et</span> <span class='ocrx_word' id='word_1_249' title='bbox 1861 323 2071 378; x_wconf 88' lang='lat' dir='ltr'>colligunt,</span> <span class='ocrx_word' id='word_1_250' title='bbox 2108 328 2186 368; x_wconf 87' lang='lat' dir='ltr'>isto</span> <span class='ocrx_word' id='word_1_251' title='bbox 2211 333 2336 373; x_wconf 92' lang='lat' dir='ltr'>modo</span> <span class='ocrx_word' id='word_1_252' title='bbox 2365 340 2594 390; x_wconf 88' lang='lat' dir='ltr'>potiuntur.</span> 
     </span>
     <span class='ocr_line' id='line_1_36' title="bbox 1364 383 2593 461; baseline 0.02 -38"><span class='ocrx_word' id='word_1_253' title='bbox 1364 383 1499 424; x_wconf 93' lang='lat' dir='ltr'>Noctu</span> <span class='ocrx_word' id='word_1_254' title='bbox 1525 386 1666 428; x_wconf 90' lang='lat' dir='ltr'>divisis</span> <span class='ocrx_word' id='word_1_255' title='bbox 1685 391 1918 442; x_wconf 79' lang='lat' dir='ltr'>agminibus</span> <span class='ocrx_word' id='word_1_256' title='bbox 1941 393 2313 449; x_wconf 86' lang='lat' dir='ltr'>circumvagantur‚</span> <span class='ocrx_word' id='word_1_257' title='bbox 2335 406 2434 443; x_wconf 88' lang='lat' dir='ltr'>vasis</span> <span class='ocrx_word' id='word_1_258' title='bbox 2453 408 2593 461; x_wconf 77' lang='lat' dir='ltr'><strong>ligneis</strong></span> 
     </span>
     <span class='ocr_line' id='line_1_37' title="bbox 1364 453 2594 534; baseline 0.022 -42"><span class='ocrx_word' id='word_1_259' title='bbox 1364 453 1486 494; x_wconf 88' lang='lat' dir='ltr'>variae</span> <span class='ocrx_word' id='word_1_260' title='bbox 1504 457 1800 510; x_wconf 84' lang='lat' dir='ltr'>magnitudinis</span> <span class='ocrx_word' id='word_1_261' title='bbox 1822 461 2027 503; x_wconf 86' lang='lat' dir='ltr'>instructi.</span> <span class='ocrx_word' id='word_1_262' title='bbox 2087 465 2192 505; x_wconf 90' lang='lat' dir='ltr'>Nam</span> <span class='ocrx_word' id='word_1_263' title='bbox 2216 467 2322 509; x_wconf 86' lang='lat' dir='ltr'>intra</span> <span class='ocrx_word' id='word_1_264' title='bbox 2339 481 2472 524; x_wconf 88' lang='lat' dir='ltr'>petras</span> <span class='ocrx_word' id='word_1_265' title='bbox 2496 478 2594 534; x_wconf 88' lang='lat' dir='ltr'>lapis</span> 
     </span>
     <span class='ocr_line' id='line_1_38' title="bbox 1361 519 2595 596; baseline 0.023 -37"><span class='ocrx_word' id='word_1_266' title='bbox 1361 519 1543 562; x_wconf 87' lang='lat' dir='ltr'>interdiu</span> <span class='ocrx_word' id='word_1_267' title='bbox 1572 524 1669 577; x_wconf 89' lang='lat' dir='ltr'>quia</span> <span class='ocrx_word' id='word_1_268' title='bbox 1694 539 1718 565; x_wconf 86' lang='lat' dir='ltr'>a</span> <span class='ocrx_word' id='word_1_269' title='bbox 1738 525 1828 567; x_wconf 92' lang='lat' dir='ltr'>luce</span> <span class='ocrx_word' id='word_1_270' title='bbox 1846 538 2078 583; x_wconf 82' lang='lat' dir='ltr'>superatur,</span> <span class='ocrx_word' id='word_1_271' title='bbox 2099 542 2270 588; x_wconf 88' lang='lat' dir='ltr'>propter</span> <span class='ocrx_word' id='word_1_272' title='bbox 2296 538 2389 578; x_wconf 89' lang='lat' dir='ltr'>solis</span> <span class='ocrx_word' id='word_1_273' title='bbox 2407 543 2595 596; x_wconf 90' lang='lat' dir='ltr'>splendo-</span> 
     </span>
     <span class='ocr_line' id='line_1_39' title="bbox 1359 590 2591 666; baseline 0.023 -39"><span class='ocrx_word' id='word_1_274' title='bbox 1359 602 1448 629; x_wconf 86' lang='lat' dir='ltr'>rem</span> <span class='ocrx_word' id='word_1_275' title='bbox 1467 603 1553 630; x_wconf 88' lang='lat' dir='ltr'>non</span> <span class='ocrx_word' id='word_1_276' title='bbox 1577 590 1624 631; x_wconf 89' lang='lat' dir='ltr'>fit</span> <span class='ocrx_word' id='word_1_277' title='bbox 1652 593 1908 646; x_wconf 87' lang='lat' dir='ltr'>manifestus,</span> <span class='ocrx_word' id='word_1_278' title='bbox 1933 597 2005 638; x_wconf 87' lang='lat' dir='ltr'>sed</span> <span class='ocrx_word' id='word_1_279' title='bbox 2028 599 2244 652; x_wconf 86' lang='lat' dir='ltr'>ingruente</span> <span class='ocrx_word' id='word_1_280' title='bbox 2269 608 2400 647; x_wconf 92' lang='lat' dir='ltr'>noctis</span> <span class='ocrx_word' id='word_1_281' title='bbox 2418 613 2565 656; x_wconf 89' lang='lat' dir='ltr'>umbra</span> <span class='ocrx_word' id='word_1_282' title='bbox 2580 648 2591 666; x_wconf 92' lang='lat'>,</span> 
     </span>
     <span class='ocr_line' id='line_1_40' title="bbox 1358 655 2589 731; baseline 0.024 -37"><span class='ocrx_word' id='word_1_283' title='bbox 1358 655 1614 712; x_wconf 89' lang='lat' dir='ltr'>ubicumque</span> <span class='ocrx_word' id='word_1_284' title='bbox 1645 657 1725 700; x_wconf 92' lang='lat' dir='ltr'>loci</span> <span class='ocrx_word' id='word_1_285' title='bbox 1754 662 1951 713; x_wconf 87' lang='lat' dir='ltr'>nascitur,</span> <span class='ocrx_word' id='word_1_286' title='bbox 1978 664 2029 704; x_wconf 88' lang='lat' dir='ltr'>ab</span> <span class='ocrx_word' id='word_1_287' title='bbox 2059 668 2173 707; x_wconf 91' lang='lat' dir='ltr'>omni</span> <span class='ocrx_word' id='word_1_288' title='bbox 2204 680 2318 724; x_wconf 90' lang='lat' dir='ltr'>parte</span> <span class='ocrx_word' id='word_1_289' title='bbox 2345 677 2589 731; x_wconf 88' lang='lat' dir='ltr'>resplendet.</span> 
     </span>
     <span class='ocr_line' id='line_1_41' title="bbox 1359 726 2593 803; baseline 0.024 -39"><span class='ocrx_word' id='word_1_290' title='bbox 1359 727 1455 777; x_wconf 90' lang='lat' dir='ltr'>Quo</span> <span class='ocrx_word' id='word_1_291' title='bbox 1482 726 1724 779; x_wconf 90' lang='lat' dir='ltr'>observato,</span> <span class='ocrx_word' id='word_1_292' title='bbox 1757 739 1894 772; x_wconf 89' lang='lat' dir='ltr'>custos</span> <span class='ocrx_word' id='word_1_293' title='bbox 1916 733 2020 786; x_wconf 85' lang='lat' dir='ltr'>sigui</span> <span class='ocrx_word' id='word_1_294' title='bbox 2043 749 2164 777; x_wconf 89' lang='lat' dir='ltr'>causa</span> <span class='ocrx_word' id='word_1_295' title='bbox 2195 739 2237 779; x_wconf 92' lang='lat' dir='ltr'>id</span> <span class='ocrx_word' id='word_1_296' title='bbox 2268 744 2379 796; x_wconf 92' lang='lat' dir='ltr'>quod</span> <span class='ocrx_word' id='word_1_297' title='bbox 2409 748 2593 803; x_wconf 85' lang='lat' dir='ltr'>splendet</span> 
     </span>
     <span class='ocr_line' id='line_1_42' title="bbox 1357 795 2591 872; baseline 0.024 -39"><span class='ocrx_word' id='word_1_298' title='bbox 1357 800 1473 834; x_wconf 89' lang='lat' dir='ltr'>tanto</span> <span class='ocrx_word' id='word_1_299' title='bbox 1489 795 1720 837; x_wconf 91' lang='lat' dir='ltr'>circumdat</span> <span class='ocrx_word' id='word_1_300' title='bbox 1735 811 1845 849; x_wconf 89' lang='lat' dir='ltr'>vase,</span> <span class='ocrx_word' id='word_1_301' title='bbox 1865 810 2061 854; x_wconf 85' lang='lat' dir='ltr'>quantam</span> <span class='ocrx_word' id='word_1_302' title='bbox 2078 805 2172 845; x_wconf 82' lang='lat' dir='ltr'>visae</span> <span class='ocrx_word' id='word_1_303' title='bbox 2192 807 2377 863; x_wconf 84' lang='lat' dir='ltr'>imaginis</span> <span class='ocrx_word' id='word_1_304' title='bbox 2390 821 2591 872; x_wconf 88' lang='lat' dir='ltr'>magnitu-</span> 
     </span>
     <span class='ocr_line' id='line_1_43' title="bbox 1356 862 2592 934; baseline 0.024 -31"><span class='ocrx_word' id='word_1_305' title='bbox 1356 862 1498 904; x_wconf 87' lang='lat' dir='ltr'>dinem</span> <span class='ocrx_word' id='word_1_306' title='bbox 1517 879 1604 907; x_wconf 86' lang='lat' dir='ltr'>esse</span> <span class='ocrx_word' id='word_1_307' title='bbox 1617 866 1856 909; x_wconf 84' lang='lat' dir='ltr'>arbitratur.</span> <span class='ocrx_word' id='word_1_308' title='bbox 1916 873 1996 912; x_wconf 92' lang='lat' dir='ltr'>Per</span> <span class='ocrx_word' id='word_1_309' title='bbox 2011 872 2202 916; x_wconf 90' lang='lat' dir='ltr'>diurnam</span> <span class='ocrx_word' id='word_1_310' title='bbox 2227 890 2366 932; x_wconf 85' lang='lat' dir='ltr'>postea</span> <span class='ocrx_word' id='word_1_311' title='bbox 2379 884 2509 930; x_wconf 91' lang='lat' dir='ltr'>lucem</span> <span class='ocrx_word' id='word_1_312' title='bbox 2528 905 2592 934; x_wconf 59' lang='lat' dir='ltr'>ace</span> 
     </span>
     <span class='ocr_line' id='line_1_44' title="bbox 1355 931 2588 1011; baseline 0.024 -39"><span class='ocrx_word' id='word_1_313' title='bbox 1355 931 1531 985; x_wconf 88' lang='lat' dir='ltr'>cedens,</span> <span class='ocrx_word' id='word_1_314' title='bbox 1571 950 1702 991; x_wconf 93' lang='lat' dir='ltr'>quum</span> <span class='ocrx_word' id='word_1_315' title='bbox 1737 939 1934 993; x_wconf 81' lang='lat' dir='ltr'>aequalem</span> <span class='ocrx_word' id='word_1_316' title='bbox 1967 942 2097 996; x_wconf 86' lang='lat' dir='ltr'>priori</span> <span class='ocrx_word' id='word_1_317' title='bbox 2127 944 2395 1001; x_wconf 83' lang='lat' dir='ltr'>designationi</span> <span class='ocrx_word' id='word_1_318' title='bbox 2431 967 2588 1011; x_wconf 86' lang='lat' dir='ltr'>partem</span> 
     </span>
    </p>
   </div>
   <div class='ocr_carea' id='block_1_9' title="bbox 1353 1004 2586 1115">
    <p class='ocr_par' dir='ltr' id='par_1_9' title="bbox 1353 1004 2586 1115">
     <span class='ocr_line' id='line_1_45' title="bbox 1354 1004 2586 1077; baseline 0.019 -35"><span class='ocrx_word' id='word_1_319' title='bbox 1354 1004 1437 1043; x_wconf 89' lang='lat' dir='ltr'>saxi</span> <span class='ocrx_word' id='word_1_320' title='bbox 1463 1005 1686 1058; x_wconf 87' lang='lat' dir='ltr'>exciderit,</span> <span class='ocrx_word' id='word_1_321' title='bbox 1712 1009 1914 1063; x_wconf 81' lang='lat' dir='ltr'>magistris</span> <span class='ocrx_word' id='word_1_322' title='bbox 1936 1010 2149 1067; x_wconf 83' lang='lat' dir='ltr'>laevigandi</span> <span class='ocrx_word' id='word_1_323' title='bbox 2176 1019 2316 1071; x_wconf 90' lang='lat' dir='ltr'>peritis</span> <span class='ocrx_word' id='word_1_324' title='bbox 2332 1036 2586 1077; x_wconf 84' lang='lat' dir='ltr'>segmentum</span> 
     </span>
     <span class='ocr_line' id='line_1_46' title="bbox 1353 1074 1493 1115; baseline 0.014 -2"><span class='ocrx_word' id='word_1_325' title='bbox 1353 1074 1493 1115; x_wconf 88' lang='lat' dir='ltr'>tradit.</span> 
     </span>
    </p>
   </div>
   <div class='ocr_carea' id='block_1_10' title="bbox 1347 1151 2587 1466">
    <p class='ocr_par' dir='ltr' id='par_1_10' title="bbox 1347 1151 2587 1466">
     <span class='ocr_line' id='line_1_47' title="bbox 1409 1151 2586 1229; baseline 0.022 -39"><span class='ocrx_word' id='word_1_326' title='bbox 1409 1151 1476 1191; x_wconf 84' lang='lat'>83.</span> <span class='ocrx_word' id='word_1_327' title='bbox 1506 1154 1603 1193; x_wconf 88' lang='lat' dir='ltr'>Post</span> <span class='ocrx_word' id='word_1_328' title='bbox 1624 1153 1712 1195; x_wconf 89' lang='lat' dir='ltr'>haec</span> <span class='ocrx_word' id='word_1_329' title='bbox 1739 1170 1853 1196; x_wconf 90' lang='lat' dir='ltr'>mare</span> <span class='ocrx_word' id='word_1_330' title='bbox 1878 1156 1981 1198; x_wconf 87' lang='lat' dir='ltr'>adeo</span> <span class='ocrx_word' id='word_1_331' title='bbox 2003 1159 2160 1202; x_wconf 90' lang='lat' dir='ltr'>humile</span> <span class='ocrx_word' id='word_1_332' title='bbox 2189 1172 2302 1206; x_wconf 89' lang='lat' dir='ltr'>estet</span> <span class='ocrx_word' id='word_1_333' title='bbox 2319 1170 2472 1223; x_wconf 80' lang='lat' dir='ltr'>exiguae</span> <span class='ocrx_word' id='word_1_334' title='bbox 2490 1188 2586 1229; x_wconf 89' lang='lat' dir='ltr'>pro-</span> 
     </span>
     <span class='ocr_line' id='line_1_48' title="bbox 1351 1210 2587 1287; baseline 0.023 -37"><span class='ocrx_word' id='word_1_335' title='bbox 1351 1210 1580 1264; x_wconf 88' lang='lat' dir='ltr'>funditatis,</span> <span class='ocrx_word' id='word_1_336' title='bbox 1609 1223 1655 1255; x_wconf 91' lang='lat' dir='ltr'>ut</span> <span class='ocrx_word' id='word_1_337' title='bbox 1681 1231 1757 1257; x_wconf 90' lang='lat' dir='ltr'>nec</span> <span class='ocrx_word' id='word_1_338' title='bbox 1775 1217 1892 1259; x_wconf 90' lang='lat' dir='ltr'>binas</span> <span class='ocrx_word' id='word_1_339' title='bbox 1917 1222 2077 1276; x_wconf 81' lang='lat' dir='ltr'>orgyias</span> <span class='ocrx_word' id='word_1_340' title='bbox 2101 1238 2291 1268; x_wconf 90' lang='lat' dir='ltr'>mensura</span> <span class='ocrx_word' id='word_1_341' title='bbox 2313 1243 2488 1287; x_wconf 85' lang='lat' dir='ltr'>superet,</span> <span class='ocrx_word' id='word_1_342' title='bbox 2511 1239 2587 1279; x_wconf 90' lang='lat' dir='ltr'>cir-</span> 
     </span>
     <span class='ocr_line' id='line_1_49' title="bbox 1350 1279 2587 1346; baseline 0.023 -33"><span class='ocrx_word' id='word_1_343' title='bbox 1350 1288 1610 1331; x_wconf 88' lang='lat' dir='ltr'>cumquaque</span> <span class='ocrx_word' id='word_1_344' title='bbox 1629 1279 1753 1319; x_wconf 92' lang='lat' dir='ltr'>etiam</span> <span class='ocrx_word' id='word_1_345' title='bbox 1776 1280 1923 1332; x_wconf 89' lang='lat' dir='ltr'>viride,</span> <span class='ocrx_word' id='word_1_346' title='bbox 1948 1298 2034 1324; x_wconf 91' lang='lat' dir='ltr'>non</span> <span class='ocrx_word' id='word_1_347' title='bbox 2058 1300 2258 1340; x_wconf 89' lang='lat' dir='ltr'>aquarum</span> <span class='ocrx_word' id='word_1_348' title='bbox 2288 1301 2447 1346; x_wconf 87' lang='lat' dir='ltr'>natura,</span> <span class='ocrx_word' id='word_1_349' title='bbox 2470 1300 2539 1340; x_wconf 86' lang='lat' dir='ltr'>sed</span> <span class='ocrx_word' id='word_1_350' title='bbox 2564 1317 2587 1342; x_wconf 90' lang='lat' dir='ltr'>a</span> 
     </span>
     <span class='ocr_line' id='line_1_50' title="bbox 1349 1339 2587 1404; baseline 0.023 -28"><span class='ocrx_word' id='word_1_351' title='bbox 1349 1351 1492 1378; x_wconf 89' lang='lat' dir='ltr'>musco</span> <span class='ocrx_word' id='word_1_352' title='bbox 1510 1347 1551 1379; x_wconf 89' lang='lat' dir='ltr'>et</span> <span class='ocrx_word' id='word_1_353' title='bbox 1571 1339 1660 1394; x_wconf 87' lang='lat' dir='ltr'>alga</span> <span class='ocrx_word' id='word_1_354' title='bbox 1681 1342 1862 1384; x_wconf 91' lang='lat' dir='ltr'>colorem</span> <span class='ocrx_word' id='word_1_355' title='bbox 1885 1359 2007 1387; x_wconf 89' lang='lat' dir='ltr'>suum</span> <span class='ocrx_word' id='word_1_356' title='bbox 2028 1351 2343 1396; x_wconf 86' lang='lat' dir='ltr'>transmittente.</span> <span class='ocrx_word' id='word_1_357' title='bbox 2403 1360 2525 1402; x_wconf 89' lang='lat' dir='ltr'>Unde</span> <span class='ocrx_word' id='word_1_358' title='bbox 2547 1373 2587 1404; x_wconf 90' lang='lat' dir='ltr'>et</span> 
     </span>
     <span class='ocr_line' id='line_1_51' title="bbox 1347 1404 2582 1466; baseline 0.022 -27"><span class='ocrx_word' id='word_1_359' title='bbox 1347 1414 1498 1441; x_wconf 87' lang='lat' dir='ltr'>canum</span> <span class='ocrx_word' id='word_1_360' title='bbox 1519 1404 1778 1446; x_wconf 88' lang='lat' dir='ltr'>marinorum</span> <span class='ocrx_word' id='word_1_361' title='bbox 1808 1406 2121 1452; x_wconf 87' lang='lat' dir='ltr'>innumerabilis</span> <span class='ocrx_word' id='word_1_362' title='bbox 2151 1413 2232 1455; x_wconf 91' lang='lat' dir='ltr'>illic</span> <span class='ocrx_word' id='word_1_363' title='bbox 2250 1425 2311 1457; x_wconf 89' lang='lat' dir='ltr'>est</span> <span class='ocrx_word' id='word_1_364' title='bbox 2345 1421 2582 1466; x_wconf 86' lang='lat' dir='ltr'>multitudo.</span> 
     </span>
    </p>
   </div>
   <div class='ocr_carea' id='block_1_11' title="bbox 1304 1464 2585 1542">
    <p class='ocr_par' dir='ltr' id='par_1_11' title="bbox 1304 1464 2585 1542">
     <span class='ocr_line' id='line_1_52' title="bbox 1304 1464 2585 1542; baseline 0.021 -40"><span class='ocrx_word' id='word_1_365' title='bbox 1304 1487 1315 1494; x_wconf 77' lang='lat'><em>—</em></span> <span class='ocrx_word' id='word_1_366' title='bbox 1346 1466 1484 1516; x_wconf 89' lang='lat' dir='ltr'>Quam</span> <span class='ocrx_word' id='word_1_367' title='bbox 1497 1464 1552 1506; x_wconf 93' lang='lat' dir='ltr'>ob</span> <span class='ocrx_word' id='word_1_368' title='bbox 1573 1481 1738 1509; x_wconf 84' lang='lat' dir='ltr'>causam</span> <span class='ocrx_word' id='word_1_369' title='bbox 1753 1471 1848 1510; x_wconf 88' lang='lat' dir='ltr'>navi</span> <span class='ocrx_word' id='word_1_370' title='bbox 1875 1471 2011 1527; x_wconf 90' lang='lat' dir='ltr'>longa,</span> <span class='ocrx_word' id='word_1_371' title='bbox 2039 1483 2081 1515; x_wconf 90' lang='lat' dir='ltr'>et</span> <span class='ocrx_word' id='word_1_372' title='bbox 2106 1476 2169 1517; x_wconf 91' lang='lat' dir='ltr'>his</span> <span class='ocrx_word' id='word_1_373' title='bbox 2191 1493 2282 1533; x_wconf 85' lang='lat' dir='ltr'>quae</span> <span class='ocrx_word' id='word_1_374' title='bbox 2302 1485 2473 1538; x_wconf 86' lang='lat' dir='ltr'>remigio</span> <span class='ocrx_word' id='word_1_375' title='bbox 2487 1501 2585 1542; x_wconf 89' lang='lat' dir='ltr'>pro-</span> 
     </span>
    </p>
   </div>
   <div class='ocr_carea' id='block_1_12' title="bbox 1335 1530 2584 2254">
    <p class='ocr_par' dir='ltr' id='par_1_12' title="bbox 1335 1530 2584 2254">
     <span class='ocr_line' id='line_1_53' title="bbox 1347 1530 2584 1600; baseline 0.022 -35"><span class='ocrx_word' id='word_1_376' title='bbox 1347 1536 1582 1579; x_wconf 89' lang='lat' dir='ltr'>moventur,</span> <span class='ocrx_word' id='word_1_377' title='bbox 1601 1530 1678 1571; x_wconf 88' lang='lat' dir='ltr'>iter</span> <span class='ocrx_word' id='word_1_378' title='bbox 1697 1531 1787 1572; x_wconf 86' lang='lat' dir='ltr'>illac</span> <span class='ocrx_word' id='word_1_379' title='bbox 1800 1537 2142 1588; x_wconf 88' lang='lat' dir='ltr'>percommodum</span> <span class='ocrx_word' id='word_1_380' title='bbox 2161 1549 2230 1587; x_wconf 67' lang='lat' dir='ltr'>est.</span> <span class='ocrx_word' id='word_1_381' title='bbox 2242 1551 2283 1584; x_wconf 89' lang='lat' dir='ltr'>et</span> <span class='ocrx_word' id='word_1_382' title='bbox 2298 1549 2438 1600; x_wconf 86' lang='lat' dir='ltr'>aptum</span> <span class='ocrx_word' id='word_1_383' title='bbox 2454 1564 2464 1599; x_wconf 80' lang='lat'><em>3</em></span> <span class='ocrx_word' id='word_1_384' title='bbox 2483 1558 2584 1591; x_wconf 89' lang='lat' dir='ltr'>tem·</span> 
     </span>
     <span class='ocr_line' id='line_1_54' title="bbox 1343 1592 2583 1667; baseline 0.022 -40"><span class='ocrx_word' id='word_1_385' title='bbox 1343 1597 1516 1643; x_wconf 88' lang='lat' dir='ltr'>pestates</span> <span class='ocrx_word' id='word_1_386' title='bbox 1541 1592 1653 1633; x_wconf 90' lang='lat' dir='ltr'>enim</span> <span class='ocrx_word' id='word_1_387' title='bbox 1674 1600 1828 1635; x_wconf 90' lang='lat' dir='ltr'>tractus</span> <span class='ocrx_word' id='word_1_388' title='bbox 1853 1596 1919 1637; x_wconf 88' lang='lat' dir='ltr'>ille</span> <span class='ocrx_word' id='word_1_389' title='bbox 1942 1597 2118 1652; x_wconf 87' lang='lat' dir='ltr'>ignorat,</span> <span class='ocrx_word' id='word_1_390' title='bbox 2152 1603 2266 1657; x_wconf 88' lang='lat' dir='ltr'>quod</span> <span class='ocrx_word' id='word_1_391' title='bbox 2290 1620 2339 1647; x_wconf 88' lang='lat' dir='ltr'>ex</span> <span class='ocrx_word' id='word_1_392' title='bbox 2358 1607 2583 1667; x_wconf 88' lang='lat' dir='ltr'>longinquo</span> 
     </span>
     <span class='ocr_line' id='line_1_55' title="bbox 1342 1650 2580 1724; baseline 0.022 -34"><span class='ocrx_word' id='word_1_393' title='bbox 1342 1650 1492 1693; x_wconf 89' lang='lat' dir='ltr'>fluctus</span> <span class='ocrx_word' id='word_1_394' title='bbox 1523 1668 1610 1695; x_wconf 89' lang='lat' dir='ltr'>non</span> <span class='ocrx_word' id='word_1_395' title='bbox 1633 1654 1890 1709; x_wconf 91' lang='lat' dir='ltr'>advolvatur,</span> <span class='ocrx_word' id='word_1_396' title='bbox 1919 1669 1960 1702; x_wconf 90' lang='lat' dir='ltr'>et</span> <span class='ocrx_word' id='word_1_397' title='bbox 1985 1662 2269 1708; x_wconf 88' lang='lat' dir='ltr'>incredibilem</span> <span class='ocrx_word' id='word_1_398' title='bbox 2294 1671 2468 1724; x_wconf 85' lang='lat' dir='ltr'>piscium</span> <span class='ocrx_word' id='word_1_399' title='bbox 2496 1677 2580 1716; x_wconf 87' lang='lat' dir='ltr'>suf-</span> 
     </span>
     <span class='ocr_line' id='line_1_56' title="bbox 1340 1713 2582 1784; baseline 0.021 -31"><span class='ocrx_word' id='word_1_400' title='bbox 1340 1713 1425 1754; x_wconf 85' lang='lat' dir='ltr'>ficit</span> <span class='ocrx_word' id='word_1_401' title='bbox 1446 1716 1642 1769; x_wconf 79' lang='lat' dir='ltr'>praedam.</span> <span class='ocrx_word' id='word_1_402' title='bbox 1704 1721 1807 1773; x_wconf 89' lang='lat' dir='ltr'>Quae</span> <span class='ocrx_word' id='word_1_403' title='bbox 1823 1736 1923 1763; x_wconf 83' lang='lat' dir='ltr'>vero</span> <span class='ocrx_word' id='word_1_404' title='bbox 1944 1725 2125 1767; x_wconf 87' lang='lat' dir='ltr'>navibus</span> <span class='ocrx_word' id='word_1_405' title='bbox 2144 1727 2379 1784; x_wconf 88' lang='lat' dir='ltr'>elephantos</span> <span class='ocrx_word' id='word_1_406' title='bbox 2401 1735 2582 1779; x_wconf 82' lang='lat' dir='ltr'>vehenti-</span> 
     </span>
     <span class='ocr_line' id='line_1_57' title="bbox 1338 1779 2580 1852; baseline 0.022 -33"><span class='ocrx_word' id='word_1_407' title='bbox 1338 1779 1415 1820; x_wconf 88' lang='lat' dir='ltr'>bus</span> <span class='ocrx_word' id='word_1_408' title='bbox 1435 1781 1491 1821; x_wconf 87' lang='lat' dir='ltr'>ibi</span> <span class='ocrx_word' id='word_1_409' title='bbox 1507 1783 1703 1827; x_wconf 88' lang='lat' dir='ltr'>accidunt</span> <span class='ocrx_word' id='word_1_410' title='bbox 1721 1787 1953 1830; x_wconf 87' lang='lat' dir='ltr'>infortunia</span> <span class='ocrx_word' id='word_1_411' title='bbox 1971 1791 2023 1831; x_wconf 90' lang='lat' dir='ltr'>ad</span> <span class='ocrx_word' id='word_1_412' title='bbox 2044 1807 2234 1847; x_wconf 88' lang='lat' dir='ltr'>magnam</span> <span class='ocrx_word' id='word_1_413' title='bbox 2254 1808 2480 1852; x_wconf 88' lang='lat' dir='ltr'>spectantes</span> <span class='ocrx_word' id='word_1_414' title='bbox 2502 1806 2580 1845; x_wconf 92' lang='lat' dir='ltr'>mi-</span> 
     </span>
     <span class='ocr_line' id='line_1_58' title="bbox 1340 1848 2580 1921; baseline 0.021 -35"><span class='ocrx_word' id='word_1_415' title='bbox 1340 1848 1607 1891; x_wconf 88' lang='lat' dir='ltr'>sericordiam</span> <span class='ocrx_word' id='word_1_416' title='bbox 1627 1866 1722 1907; x_wconf 87' lang='lat' dir='ltr'>erga</span> <span class='ocrx_word' id='word_1_417' title='bbox 1754 1853 1928 1896; x_wconf 87' lang='lat' dir='ltr'>afflictos</span> <span class='ocrx_word' id='word_1_418' title='bbox 1958 1870 2201 1912; x_wconf 88' lang='lat' dir='ltr'>provocant.</span> <span class='ocrx_word' id='word_1_419' title='bbox 2263 1865 2434 1921; x_wconf 89' lang='lat' dir='ltr'>Navigia</span> <span class='ocrx_word' id='word_1_420' title='bbox 2468 1871 2580 1912; x_wconf 90' lang='lat' dir='ltr'>enim</span> 
     </span>
     <span class='ocr_line' id='line_1_59' title="bbox 1340 1914 2580 1986; baseline 0.021 -33"><span class='ocrx_word' id='word_1_421' title='bbox 1340 1914 1487 1956; x_wconf 89' lang='lat' dir='ltr'>fluctus</span> <span class='ocrx_word' id='word_1_422' title='bbox 1506 1926 1675 1973; x_wconf 90' lang='lat' dir='ltr'>repente</span> <span class='ocrx_word' id='word_1_423' title='bbox 1694 1921 1866 1977; x_wconf 90' lang='lat' dir='ltr'>scopulo</span> <span class='ocrx_word' id='word_1_424' title='bbox 1893 1923 2013 1966; x_wconf 90' lang='lat' dir='ltr'>illidit</span> <span class='ocrx_word' id='word_1_425' title='bbox 2026 1957 2037 1976; x_wconf 92' lang='lat'>‚</span> <span class='ocrx_word' id='word_1_426' title='bbox 2062 1936 2133 1968; x_wconf 88' lang='lat' dir='ltr'>aut</span> <span class='ocrx_word' id='word_1_427' title='bbox 2152 1929 2195 1968; x_wconf 91' lang='lat' dir='ltr'>in</span> <span class='ocrx_word' id='word_1_428' title='bbox 2217 1933 2421 1986; x_wconf 85' lang='lat' dir='ltr'>angustias</span> <span class='ocrx_word' id='word_1_429' title='bbox 2439 1949 2580 1979; x_wconf 86' lang='lat' dir='ltr'>arena·</span> 
     </span>
     <span class='ocr_line' id='line_1_60' title="bbox 1339 1986 2573 2047; baseline 0.02 -25"><span class='ocrx_word' id='word_1_430' title='bbox 1339 1997 1432 2023; x_wconf 91' lang='lat' dir='ltr'>rum</span> <span class='ocrx_word' id='word_1_431' title='bbox 1469 1986 1710 2042; x_wconf 90' lang='lat' dir='ltr'>compingit,</span> <span class='ocrx_word' id='word_1_432' title='bbox 1749 1998 1790 2030; x_wconf 92' lang='lat' dir='ltr'>et</span> <span class='ocrx_word' id='word_1_433' title='bbox 1826 1991 1965 2033; x_wconf 89' lang='lat' dir='ltr'>salutis</span> <span class='ocrx_word' id='word_1_434' title='bbox 1996 1994 2104 2036; x_wconf 90' lang='lat' dir='ltr'>viam</span> <span class='ocrx_word' id='word_1_435' title='bbox 2132 1999 2268 2039; x_wconf 90' lang='lat' dir='ltr'>nautis</span> <span class='ocrx_word' id='word_1_436' title='bbox 2296 2008 2456 2044; x_wconf 89' lang='lat' dir='ltr'>tantum</span> <span class='ocrx_word' id='word_1_437' title='bbox 2476 1995 2573 2047; x_wconf 39' lang='lat' dir='ltr'>&#39;non</span> 
     </span>
     <span class='ocr_line' id='line_1_61' title="bbox 1339 2050 2578 2119; baseline 0.02 -31"><span class='ocrx_word' id='word_1_438' title='bbox 1339 2050 1568 2103; x_wconf 80' lang='lat' dir='ltr'>praecludit.</span> <span class='ocrx_word' id='word_1_439' title='bbox 1627 2053 1730 2096; x_wconf 93' lang='lat' dir='ltr'>Ideo</span> <span class='ocrx_word' id='word_1_440' title='bbox 1747 2057 1932 2111; x_wconf 89' lang='lat' dir='ltr'>prolixus</span> <span class='ocrx_word' id='word_1_441' title='bbox 1959 2060 2077 2102; x_wconf 88' lang='lat' dir='ltr'>initio</span> <span class='ocrx_word' id='word_1_442' title='bbox 2094 2074 2342 2119; x_wconf 89' lang='lat' dir='ltr'>conquestus</span> <span class='ocrx_word' id='word_1_443' title='bbox 2357 2082 2406 2109; x_wconf 90' lang='lat' dir='ltr'>eo</span> <span class='ocrx_word' id='word_1_444' title='bbox 2425 2068 2578 2114; x_wconf 90' lang='lat' dir='ltr'>delatos</span> 
     </span>
     <span class='ocr_line' id='line_1_62' title="bbox 1337 2120 2571 2189; baseline 0.02 -33"><span class='ocrx_word' id='word_1_445' title='bbox 1337 2127 1525 2173; x_wconf 91' lang='lat' dir='ltr'>occupat,</span> <span class='ocrx_word' id='word_1_446' title='bbox 1540 2120 1721 2163; x_wconf 89' lang='lat' dir='ltr'>melioris</span> <span class='ocrx_word' id='word_1_447' title='bbox 1732 2131 1869 2166; x_wconf 87' lang='lat' dir='ltr'>tamen</span> <span class='ocrx_word' id='word_1_448' title='bbox 1887 2126 2063 2169; x_wconf 83' lang='lat' dir='ltr'>fortunae</span> <span class='ocrx_word' id='word_1_449' title='bbox 2074 2144 2145 2185; x_wconf 89' lang='lat' dir='ltr'>spe</span> <span class='ocrx_word' id='word_1_450' title='bbox 2159 2146 2243 2173; x_wconf 91' lang='lat' dir='ltr'>non</span> <span class='ocrx_word' id='word_1_451' title='bbox 2259 2134 2431 2189; x_wconf 86' lang='lat' dir='ltr'>abjecta.</span> <span class='ocrx_word' id='word_1_452' title='bbox 2480 2141 2505 2179; x_wconf 91' lang='lat' dir='ltr'><strong>J</strong></span> <span class='ocrx_word' id='word_1_453' title='bbox 2506 2154 2571 2181; x_wconf 89' lang='lat' dir='ltr'>am</span> 
     </span>
     <span class='ocr_line' id='line_1_63' title="bbox 1335 2184 2572 2254; baseline 0.02 -32"><span class='ocrx_word' id='word_1_454' title='bbox 1335 2184 1447 2224; x_wconf 88' lang='lat' dir='ltr'>enim</span> <span class='ocrx_word' id='word_1_455' title='bbox 1480 2187 1703 2229; x_wconf 90' lang='lat' dir='ltr'>nonnullos</span> <span class='ocrx_word' id='word_1_456' title='bbox 1724 2204 1774 2231; x_wconf 92' lang='lat' dir='ltr'>eo</span> <span class='ocrx_word' id='word_1_457' title='bbox 1802 2190 2051 2235; x_wconf 87' lang='lat' dir='ltr'>discriminis</span> <span class='ocrx_word' id='word_1_458' title='bbox 2079 2196 2266 2240; x_wconf 88' lang='lat' dir='ltr'>redactos</span> <span class='ocrx_word' id='word_1_459' title='bbox 2287 2210 2428 2254; x_wconf 75' lang='lat' dir='ltr'>aestuS,</span> <span class='ocrx_word' id='word_1_460' title='bbox 2461 2205 2572 2246; x_wconf 88' lang='lat' dir='ltr'>intu-</span> 
     </span>
    </p>
   </div>
   <div class='ocr_carea' id='block_1_13' title="bbox 554 2283 2047 2309">
    <p class='ocr_par' dir='ltr' id='par_1_13' title="bbox 554 2283 2047 2309">
     <span class='ocr_line' id='line_1_64' title="bbox 554 2283 2047 2309; baseline 0.016 -24"><span class='ocrx_word' id='word_1_461' title='bbox 554 2283 2047 2309; x_wconf 54' lang='grc' dir='ltr'>Ἣ</span> 
     </span>
    </p>
   </div>
   <div class='ocr_carea' id='block_1_14' title="bbox 0 2335 1265 3797">
    <p class='ocr_par' dir='ltr' id='par_1_14' title="bbox 0 2335 1265 3797">
     <span class='ocr_line' id='line_1_65' title="bbox 0 2335 1265 2416; baseline 0.013 -33"><span class='ocrx_word' id='word_1_462' title='bbox 0 2358 15 2383; x_wconf 61' lang='lat'>1.</span> <span class='ocrx_word' id='word_1_463' title='bbox 34 2338 154 2393; x_wconf 80' lang='grc' dir='ltr'>δῆλός</span> <span class='ocrx_word' id='word_1_464' title='bbox 177 2342 342 2387; x_wconf 83' lang='grc' dir='ltr'>ἐστινέν</span> <span class='ocrx_word' id='word_1_465' title='bbox 363 2335 396 2404; x_wconf 76' lang='grc' dir='ltr'>ᾧ</span> <span class='ocrx_word' id='word_1_466' title='bbox 419 2347 511 2389; x_wconf 90' lang='grc' dir='ltr'>ποτ’</span> <span class='ocrx_word' id='word_1_467' title='bbox 535 2344 583 2390; x_wconf 76' lang='grc' dir='ltr'>ἂν</span> <span class='ocrx_word' id='word_1_468' title='bbox 601 2339 628 2407; x_wconf 76' lang='grc' dir='ltr'>ᾗ</span> <span class='ocrx_word' id='word_1_469' title='bbox 647 2346 775 2410; x_wconf 83' lang='grc' dir='ltr'>τόπῳ.</span> <span class='ocrx_word' id='word_1_470' title='bbox 841 2352 895 2396; x_wconf 82' lang='grc' dir='ltr'>Οἱ</span> <span class='ocrx_word' id='word_1_471' title='bbox 924 2349 964 2395; x_wconf 84' lang='grc' dir='ltr'>δὲ</span> <span class='ocrx_word' id='word_1_472' title='bbox 988 2352 1265 2416; x_wconf 86' lang='grc' dir='ltr'>νησοφύλακες</span> 
     </span>
     <span class='ocr_line' id='line_1_66' title="bbox 0 2407 1262 2484; baseline 0.013 -33"><span class='ocrx_word' id='word_1_473' title='bbox 0 2411 1 2451; x_wconf 55' lang='grc' dir='ltr'><strong>ἐ</strong></span> <span class='ocrx_word' id='word_1_474' title='bbox 32 2407 173 2470; x_wconf 82' lang='grc' dir='ltr'>κλήρῳ</span> <span class='ocrx_word' id='word_1_475' title='bbox 205 2410 444 2472; x_wconf 82' lang='grc' dir='ltr'>διῃρημένοι</span> <span class='ocrx_word' id='word_1_476' title='bbox 477 2413 567 2465; x_wconf 80' lang='grc' dir='ltr'>τοὺς</span> <span class='ocrx_word' id='word_1_477' title='bbox 599 2415 748 2467; x_wconf 89' lang='grc' dir='ltr'>τόπους</span> <span class='ocrx_word' id='word_1_478' title='bbox 783 2418 1066 2480; x_wconf 82' lang='grc' dir='ltr'>ἐφεδρεύουσι,</span> <span class='ocrx_word' id='word_1_479' title='bbox 1111 2421 1262 2484; x_wconf 79' lang='grc' dir='ltr'>καὶτῷ</span> 
     </span>
     <span class='ocr_line' id='line_1_67' title="bbox 0 2477 1262 2551; baseline 0.014 -32"><span class='ocrx_word' id='word_1_480' title='bbox 0 2512 1 2532; x_wconf 45' lang='lat'>3</span> <span class='ocrx_word' id='word_1_481' title='bbox 31 2477 196 2538; x_wconf 82' lang='grc' dir='ltr'>φανέντι</span> <span class='ocrx_word' id='word_1_482' title='bbox 219 2478 319 2542; x_wconf 86' lang='grc' dir='ltr'>λίθῳ</span> <span class='ocrx_word' id='word_1_483' title='bbox 353 2483 606 2545; x_wconf 87' lang='grc' dir='ltr'>περιτιθέασι</span> <span class='ocrx_word' id='word_1_484' title='bbox 634 2484 806 2545; x_wconf 88' lang='grc' dir='ltr'>σημείου</span> <span class='ocrx_word' id='word_1_485' title='bbox 844 2487 966 2550; x_wconf 89' lang='grc' dir='ltr'>χάριν</span> <span class='ocrx_word' id='word_1_486' title='bbox 1004 2489 1126 2551; x_wconf 82' lang='grc' dir='ltr'>ἄγγος</span> <span class='ocrx_word' id='word_1_487' title='bbox 1144 2492 1262 2548; x_wconf 86' lang='grc' dir='ltr'>τηλι-</span> 
     </span>
     <span class='ocr_line' id='line_1_68' title="bbox 0 2545 1259 2613; baseline 0.013 -23"><span class='ocrx_word' id='word_1_488' title='bbox 0 2551 2 2596; x_wconf 73' lang='lat' dir='ltr'>l</span> <span class='ocrx_word' id='word_1_489' title='bbox 29 2550 187 2603; x_wconf 81' lang='grc' dir='ltr'>κοῦτον,</span> <span class='ocrx_word' id='word_1_490' title='bbox 211 2548 352 2604; x_wconf 82' lang='grc' dir='ltr'>ἡλίκον</span> <span class='ocrx_word' id='word_1_491' title='bbox 377 2549 425 2596; x_wconf 79' lang='grc' dir='ltr'>ἂν</span> <span class='ocrx_word' id='word_1_492' title='bbox 450 2545 477 2613; x_wconf 69' lang='grc' dir='ltr'>ᾗ</span> <span class='ocrx_word' id='word_1_493' title='bbox 506 2552 552 2598; x_wconf 86' lang='grc' dir='ltr'>τὸ</span> <span class='ocrx_word' id='word_1_494' title='bbox 577 2552 742 2613; x_wconf 87' lang='grc' dir='ltr'>μέγεθος</span> <span class='ocrx_word' id='word_1_495' title='bbox 766 2560 836 2602; x_wconf 77' lang='grc' dir='ltr'>τοῦ</span> <span class='ocrx_word' id='word_1_496' title='bbox 868 2556 1104 2611; x_wconf 79' lang='grc' dir='ltr'>στίλὸοντος</span> <span class='ocrx_word' id='word_1_497' title='bbox 1124 2560 1234 2606; x_wconf 87' lang='grc' dir='ltr'>λίθου</span> <span class='ocrx_word' id='word_1_498' title='bbox 1250 2580 1259 2590; x_wconf 86' lang='grc'><em>·</em></span> 
     </span>
     <span class='ocr_line' id='line_1_69' title="bbox 26 2617 1262 2688; baseline 0.013 -29"><span class='ocrx_word' id='word_1_499' title='bbox 26 2619 98 2671; x_wconf 74' lang='grc' dir='ltr'>τῆς</span> <span class='ocrx_word' id='word_1_500' title='bbox 139 2617 176 2661; x_wconf 88' lang='grc' dir='ltr'>δ’</span> <span class='ocrx_word' id='word_1_501' title='bbox 215 2617 374 2681; x_wconf 75' lang='grc' dir='ltr'>ἡμέρας</span> <span class='ocrx_word' id='word_1_502' title='bbox 411 2620 633 2683; x_wconf 87' lang='grc' dir='ltr'>περιιόντες</span> <span class='ocrx_word' id='word_1_503' title='bbox 658 2624 947 2686; x_wconf 80' lang='grc' dir='ltr'>περιτέμνουσι</span> <span class='ocrx_word' id='word_1_504' title='bbox 984 2627 1051 2673; x_wconf 82' lang='grc' dir='ltr'>τὸν</span> <span class='ocrx_word' id='word_1_505' title='bbox 1079 2648 1262 2688; x_wconf 85' lang='grc' dir='ltr'>σημειω-</span> 
     </span>
     <span class='ocr_line' id='line_1_70' title="bbox 27 2684 1260 2757; baseline 0.013 -28"><span class='ocrx_word' id='word_1_506' title='bbox 27 2684 142 2730; x_wconf 82' lang='grc' dir='ltr'>θέντα</span> <span class='ocrx_word' id='word_1_507' title='bbox 168 2686 293 2732; x_wconf 86' lang='grc' dir='ltr'>τόπον</span> <span class='ocrx_word' id='word_1_508' title='bbox 312 2691 384 2744; x_wconf 77' lang='grc' dir='ltr'>τῆς</span> <span class='ocrx_word' id='word_1_509' title='bbox 407 2689 578 2752; x_wconf 83' lang='grc' dir='ltr'>πέτρας,Ι</span> <span class='ocrx_word' id='word_1_510' title='bbox 595 2691 667 2736; x_wconf 78' lang='grc' dir='ltr'>καὶ</span> <span class='ocrx_word' id='word_1_511' title='bbox 697 2695 972 2757; x_wconf 85' lang='grc' dir='ltr'>παραδιδόασι</span> <span class='ocrx_word' id='word_1_512' title='bbox 996 2704 1076 2750; x_wconf 88' lang='grc' dir='ltr'>τοῖς</span> <span class='ocrx_word' id='word_1_513' title='bbox 1100 2698 1166 2744; x_wconf 86' lang='grc' dir='ltr'>διὰ</span> <span class='ocrx_word' id='word_1_514' title='bbox 1188 2704 1260 2756; x_wconf 80' lang='grc' dir='ltr'>τῆς</span> 
     </span>
     <span class='ocr_line' id='line_1_71' title="bbox 25 2753 1191 2827; baseline 0.013 -28"><span class='ocrx_word' id='word_1_515' title='bbox 25 2753 170 2816; x_wconf 88' lang='grc' dir='ltr'>τέχνης</span> <span class='ocrx_word' id='word_1_516' title='bbox 194 2756 428 2818; x_wconf 86' lang='grc' dir='ltr'>δυναμένοις</span> <span class='ocrx_word' id='word_1_517' title='bbox 452 2760 671 2806; x_wconf 88' lang='grc' dir='ltr'>ἐκλεαίνειν</span> <span class='ocrx_word' id='word_1_518' title='bbox 696 2763 741 2808; x_wconf 86' lang='grc' dir='ltr'>τὸ</span> <span class='ocrx_word' id='word_1_519' title='bbox 764 2767 992 2827; x_wconf 85' lang='grc' dir='ltr'>παραδοθὲν</span> <span class='ocrx_word' id='word_1_520' title='bbox 1018 2769 1191 2820; x_wconf 83' lang='grc' dir='ltr'>οἰκείως.</span> 
     </span>
     <span class='ocr_line' id='line_1_72' title="bbox 85 2827 1256 2897; baseline 0.014 -28"><span class='ocrx_word' id='word_1_521' title='bbox 85 2839 141 2870; x_wconf 83' lang='lat'>83.</span> <span class='ocrx_word' id='word_1_522' title='bbox 178 2827 528 2889; x_wconf 80' lang='grc' dir='ltr'>Παραπλεύσαντι</span> <span class='ocrx_word' id='word_1_523' title='bbox 563 2830 603 2875; x_wconf 82' lang='grc' dir='ltr'>δὲ</span> <span class='ocrx_word' id='word_1_524' title='bbox 630 2831 793 2897; x_wconf 88' lang='grc' dir='ltr'>τούτους</span> <span class='ocrx_word' id='word_1_525' title='bbox 825 2835 918 2886; x_wconf 79' lang='grc' dir='ltr'>τοὺς</span> <span class='ocrx_word' id='word_1_526' title='bbox 939 2836 1086 2889; x_wconf 82' lang='grc' dir='ltr'>τόπους</span> <span class='ocrx_word' id='word_1_527' title='bbox 1122 2840 1256 2884; x_wconf 80' lang='grc' dir='ltr'>πολλὰ</span> 
     </span>
     <span class='ocr_line' id='line_1_73' title="bbox 26 2891 1254 2966; baseline 0.014 -29"><span class='ocrx_word' id='word_1_528' title='bbox 26 2891 96 2952; x_wconf 82' lang='grc' dir='ltr'>μὲν</span> <span class='ocrx_word' id='word_1_529' title='bbox 114 2893 205 2951; x_wconf 86' lang='grc' dir='ltr'>ἔθνη</span> <span class='ocrx_word' id='word_1_530' title='bbox 227 2896 505 2960; x_wconf 87' lang='grc' dir='ltr'>Ἰχθυοφάγων</span> <span class='ocrx_word' id='word_1_531' title='bbox 527 2906 711 2946; x_wconf 84' lang='grc' dir='ltr'>κατοικεῖ</span> <span class='ocrx_word' id='word_1_532' title='bbox 726 2903 799 2958; x_wconf 74' lang='grc' dir='ltr'>τὴν</span> <span class='ocrx_word' id='word_1_533' title='bbox 812 2905 1030 2966; x_wconf 86' lang='grc' dir='ltr'>παράλιον,</span> <span class='ocrx_word' id='word_1_534' title='bbox 1048 2909 1194 2953; x_wconf 86' lang='grc' dir='ltr'>πολλοὶ</span> <span class='ocrx_word' id='word_1_535' title='bbox 1213 2909 1254 2954; x_wconf 79' lang='grc' dir='ltr'>δὲ</span> 
     </span>
     <span class='ocr_line' id='line_1_74' title="bbox 22 2962 1252 3037; baseline 0.016 -33"><span class='ocrx_word' id='word_1_536' title='bbox 22 2962 192 3020; x_wconf 92' lang='grc' dir='ltr'>νομάδες</span> <span class='ocrx_word' id='word_1_537' title='bbox 217 2967 527 3027; x_wconf 79' lang='grc' dir='ltr'>Τρωγλοδῦται.</span> <span class='ocrx_word' id='word_1_538' title='bbox 599 2970 709 3032; x_wconf 86' lang='grc' dir='ltr'>Πρὸς</span> <span class='ocrx_word' id='word_1_539' title='bbox 732 2972 773 3016; x_wconf 82' lang='grc' dir='ltr'>δὲ</span> <span class='ocrx_word' id='word_1_540' title='bbox 804 2974 958 3025; x_wconf 87' lang='grc' dir='ltr'>τούτοις</span> <span class='ocrx_word' id='word_1_541' title='bbox 980 2975 1054 3037; x_wconf 82' lang='grc' dir='ltr'>ὄρη</span> <span class='ocrx_word' id='word_1_542' title='bbox 1077 2986 1252 3024; x_wconf 86' lang='grc' dir='ltr'>παντοῖα</span> 
     </span>
     <span class='ocr_line' id='line_1_75' title="bbox 22 3033 1253 3109; baseline 0.015 -35"><span class='ocrx_word' id='word_1_543' title='bbox 22 3036 108 3082; x_wconf 89' lang='grc' dir='ltr'>ταῖς</span> <span class='ocrx_word' id='word_1_544' title='bbox 130 3033 325 3090; x_wconf 85' lang='grc' dir='ltr'>ἰδιότησιν</span> <span class='ocrx_word' id='word_1_545' title='bbox 351 3036 528 3099; x_wconf 83' lang='grc' dir='ltr'>ὑπάρχει</span> <span class='ocrx_word' id='word_1_546' title='bbox 553 3038 676 3102; x_wconf 86' lang='grc' dir='ltr'>μέχρι</span> <span class='ocrx_word' id='word_1_547' title='bbox 700 3042 862 3101; x_wconf 90' lang='grc' dir='ltr'>λιμένος</span> <span class='ocrx_word' id='word_1_548' title='bbox 881 3049 951 3088; x_wconf 81' lang='grc' dir='ltr'>τοῦ</span> <span class='ocrx_word' id='word_1_549' title='bbox 970 3064 1253 3109; x_wconf 82' lang='grc' dir='ltr'>προσαγορευ-</span> 
     </span>
     <span class='ocr_line' id='line_1_76' title="bbox 23 3098 1250 3171; baseline 0.016 -29"><span class='ocrx_word' id='word_1_550' title='bbox 23 3098 154 3151; x_wconf 86' lang='grc' dir='ltr'>θέντος</span> <span class='ocrx_word' id='word_1_551' title='bbox 177 3103 414 3166; x_wconf 88' lang='grc' dir='ltr'>Σωτηρίας,</span> <span class='ocrx_word' id='word_1_552' title='bbox 438 3105 480 3157; x_wconf 77' lang='grc' dir='ltr'>ὃς</span> <span class='ocrx_word' id='word_1_553' title='bbox 506 3106 625 3169; x_wconf 84' lang='grc' dir='ltr'>ἔτυχε</span> <span class='ocrx_word' id='word_1_554' title='bbox 650 3113 721 3164; x_wconf 72' lang='grc' dir='ltr'>τῆς</span> <span class='ocrx_word' id='word_1_555' title='bbox 743 3112 967 3171; x_wconf 85' lang='grc' dir='ltr'>ὀνομασίας</span> <span class='ocrx_word' id='word_1_556' title='bbox 992 3115 1144 3171; x_wconf 85' lang='grc' dir='ltr'>ταύτης</span> <span class='ocrx_word' id='word_1_557' title='bbox 1169 3118 1250 3162; x_wconf 86' lang='grc' dir='ltr'>ἀπὸ</span> 
     </span>
     <span class='ocr_line' id='line_1_77' title="bbox 21 3169 1244 3235; baseline 0.019 -25"><span class='ocrx_word' id='word_1_558' title='bbox 21 3169 101 3211; x_wconf 88' lang='grc' dir='ltr'>τῶν</span> <span class='ocrx_word' id='word_1_559' title='bbox 124 3170 295 3229; x_wconf 86' lang='grc' dir='ltr'>πρώτων</span> <span class='ocrx_word' id='word_1_560' title='bbox 323 3175 588 3221; x_wconf 85' lang='grc' dir='ltr'>πλευσάντων</span> <span class='ocrx_word' id='word_1_561' title='bbox 614 3178 824 3235; x_wconf 84' lang='grc' dir='ltr'>Ἑλλήνων</span> <span class='ocrx_word' id='word_1_562' title='bbox 848 3182 919 3227; x_wconf 88' lang='grc' dir='ltr'>καὶ</span> <span class='ocrx_word' id='word_1_563' title='bbox 946 3184 1244 3234; x_wconf 88' lang='grc' dir='ltr'>διασωθέντων.</span> 
     </span>
     <span class='ocr_line' id='line_1_78' title="bbox 20 3232 1248 3314; baseline 0.019 -36"><span class='ocrx_word' id='word_1_564' title='bbox 20 3232 117 3279; x_wconf 81' lang='grc' dir='ltr'>Ἀπὸ</span> <span class='ocrx_word' id='word_1_565' title='bbox 135 3235 176 3281; x_wconf 81' lang='grc' dir='ltr'>δὲ</span> <span class='ocrx_word' id='word_1_566' title='bbox 202 3241 351 3285; x_wconf 88' lang='grc' dir='ltr'>τούτων</span> <span class='ocrx_word' id='word_1_567' title='bbox 371 3247 450 3288; x_wconf 89' lang='grc' dir='ltr'>τῶν</span> <span class='ocrx_word' id='word_1_568' title='bbox 473 3249 607 3307; x_wconf 91' lang='grc' dir='ltr'>μερῶν</span> <span class='ocrx_word' id='word_1_569' title='bbox 628 3247 800 3310; x_wconf 84' lang='grc' dir='ltr'>ἄρχεται</span> <span class='ocrx_word' id='word_1_570' title='bbox 820 3252 1060 3313; x_wconf 76' lang='grc' dir='ltr'>συναγωγὴν</span> <span class='ocrx_word' id='word_1_571' title='bbox 1080 3255 1248 3314; x_wconf 72' lang='grc' dir='ltr'>λαμὸά·</span> 
     </span>
     <span class='ocr_line' id='line_1_79' title="bbox 19 3305 1250 3387; baseline 0.021 -42"><span class='ocrx_word' id='word_1_572' title='bbox 19 3320 99 3347; x_wconf 91' lang='grc' dir='ltr'>νειν</span> <span class='ocrx_word' id='word_1_573' title='bbox 116 3306 136 3348; x_wconf 86' lang='grc' dir='ltr'><em>ὃ</em></span> <span class='ocrx_word' id='word_1_574' title='bbox 153 3305 301 3359; x_wconf 89' lang='grc' dir='ltr'>κόλπος</span> <span class='ocrx_word' id='word_1_575' title='bbox 316 3310 385 3354; x_wconf 78' lang='grc' dir='ltr'>καὶ</span> <span class='ocrx_word' id='word_1_576' title='bbox 405 3310 477 3366; x_wconf 86' lang='grc' dir='ltr'>τὴν</span> <span class='ocrx_word' id='word_1_577' title='bbox 495 3315 740 3379; x_wconf 84' lang='grc' dir='ltr'>ἐπιστροφὴν</span> <span class='ocrx_word' id='word_1_578' title='bbox 759 3318 828 3363; x_wconf 83' lang='grc' dir='ltr'>ἐπὶ</span> <span class='ocrx_word' id='word_1_579' title='bbox 843 3319 894 3364; x_wconf 85' lang='grc' dir='ltr'>τὰ</span> <span class='ocrx_word' id='word_1_580' title='bbox 912 3321 1020 3366; x_wconf 86' lang='grc' dir='ltr'>κατὰ</span> <span class='ocrx_word' id='word_1_581' title='bbox 1041 3322 1114 3378; x_wconf 82' lang='grc' dir='ltr'>τὴν</span> <span class='ocrx_word' id='word_1_582' title='bbox 1135 3323 1250 3387; x_wconf 88' lang='grc' dir='ltr'>Ἀρα-</span> 
     </span>
     <span class='ocr_line' id='line_1_80' title="bbox 20 3371 1246 3455; baseline 0.02 -40"><span class='ocrx_word' id='word_1_583' title='bbox 20 3371 112 3417; x_wconf 74' lang='grc' dir='ltr'>ὅίαν</span> <span class='ocrx_word' id='word_1_584' title='bbox 137 3374 243 3437; x_wconf 88' lang='grc' dir='ltr'>μέρη</span> <span class='ocrx_word' id='word_1_585' title='bbox 265 3382 479 3425; x_wconf 86' lang='grc' dir='ltr'>ποιεῖσθαι·</span> <span class='ocrx_word' id='word_1_586' title='bbox 505 3384 574 3428; x_wconf 81' lang='grc' dir='ltr'>καὶ</span> <span class='ocrx_word' id='word_1_587' title='bbox 605 3384 678 3440; x_wconf 77' lang='grc' dir='ltr'>τὴν</span> <span class='ocrx_word' id='word_1_588' title='bbox 702 3386 820 3449; x_wconf 88' lang='grc' dir='ltr'>φύσιν</span> <span class='ocrx_word' id='word_1_589' title='bbox 845 3389 887 3434; x_wconf 79' lang='grc' dir='ltr'>δὲ</span> <span class='ocrx_word' id='word_1_590' title='bbox 919 3394 993 3446; x_wconf 83' lang='grc' dir='ltr'>τ’ἧς</span> <span class='ocrx_word' id='word_1_591' title='bbox 1013 3392 1153 3455; x_wconf 82' lang='grc' dir='ltr'>χώρας</span> <span class='ocrx_word' id='word_1_592' title='bbox 1177 3396 1246 3440; x_wconf 82' lang='grc' dir='ltr'>καὶ</span> 
     </span>
     <span class='ocr_line' id='line_1_81' title="bbox 18 3442 1242 3520; baseline 0.021 -36"><span class='ocrx_word' id='word_1_593' title='bbox 18 3442 221 3499; x_wconf 89' lang='grc' dir='ltr'>θαλάττης</span> <span class='ocrx_word' id='word_1_594' title='bbox 258 3447 424 3493; x_wconf 91' lang='grc' dir='ltr'>ἀλλοίαν</span> <span class='ocrx_word' id='word_1_595' title='bbox 460 3444 565 3496; x_wconf 64' lang='grc' dir='ltr'>εἶναι</span> <span class='ocrx_word' id='word_1_596' title='bbox 600 3455 839 3513; x_wconf 72' lang='grc' dir='ltr'>συμὸέὸηκε</span> <span class='ocrx_word' id='word_1_597' title='bbox 874 3459 941 3503; x_wconf 84' lang='grc' dir='ltr'>διὰ</span> <span class='ocrx_word' id='word_1_598' title='bbox 961 3460 1033 3516; x_wconf 78' lang='grc' dir='ltr'>τὴν</span> <span class='ocrx_word' id='word_1_599' title='bbox 1059 3463 1242 3520; x_wconf 83' lang='grc' dir='ltr'>ἰδιότητα</span> 
     </span>
     <span class='ocr_line' id='line_1_82' title="bbox 15 3511 1241 3593; baseline 0.021 -40"><span class='ocrx_word' id='word_1_600' title='bbox 15 3512 95 3555; x_wconf 89' lang='grc' dir='ltr'>τῶν</span> <span class='ocrx_word' id='word_1_601' title='bbox 119 3511 269 3559; x_wconf 87' lang='grc' dir='ltr'>τόπων.</span> <span class='ocrx_word' id='word_1_602' title='bbox 334 3513 395 3562; x_wconf 77' lang='lat' dir='ltr'>“H</span> <span class='ocrx_word' id='word_1_603' title='bbox 426 3537 469 3563; x_wconf 93' lang='grc' dir='ltr'>τε</span> <span class='ocrx_word' id='word_1_604' title='bbox 492 3519 570 3583; x_wconf 83' lang='grc' dir='ltr'>γὰρ</span> <span class='ocrx_word' id='word_1_605' title='bbox 603 3522 770 3586; x_wconf 83' lang='grc' dir='ltr'>ἤπειρος</span> <span class='ocrx_word' id='word_1_606' title='bbox 793 3528 965 3583; x_wconf 87' lang='grc' dir='ltr'>ταπεινὴ</span> <span class='ocrx_word' id='word_1_607' title='bbox 990 3534 1241 3593; x_wconf 85' lang='grc' dir='ltr'>καθορᾶται,</span> 
     </span>
     <span class='ocr_line' id='line_1_83' title="bbox 16 3580 1241 3653; baseline 0.022 -32"><span class='ocrx_word' id='word_1_608' title='bbox 16 3580 254 3641; x_wconf 89' lang='grc' dir='ltr'>μηδαμόθεν</span> <span class='ocrx_word' id='word_1_609' title='bbox 286 3585 573 3645; x_wconf 79' lang='grc' dir='ltr'>ἀναστήματος</span> <span class='ocrx_word' id='word_1_610' title='bbox 596 3594 907 3653; x_wconf 80' lang='grc' dir='ltr'>ὑπερκειμένου,</span> <span class='ocrx_word' id='word_1_611' title='bbox 939 3597 966 3653; x_wconf 82' lang='grc' dir='ltr'>ἥ</span> <span class='ocrx_word' id='word_1_612' title='bbox 991 3618 1035 3643; x_wconf 92' lang='grc' dir='ltr'>τε</span> <span class='ocrx_word' id='word_1_613' title='bbox 1058 3601 1241 3648; x_wconf 89' lang='grc' dir='ltr'>θάλαττα</span> 
     </span>
     <span class='ocr_line' id='line_1_84' title="bbox 13 3647 1239 3731; baseline 0.021 -40"><span class='ocrx_word' id='word_1_614' title='bbox 13 3651 243 3709; x_wconf 85' lang='grc' dir='ltr'>τεναγώδης</span> <span class='ocrx_word' id='word_1_615' title='bbox 272 3647 372 3698; x_wconf 63' lang='grc' dir='ltr'>οὖσα</span> <span class='ocrx_word' id='word_1_616' title='bbox 407 3654 451 3699; x_wconf 81' lang='grc' dir='ltr'>τὸ</span> <span class='ocrx_word' id='word_1_617' title='bbox 478 3657 596 3717; x_wconf 85' lang='grc' dir='ltr'>βάθος</span> <span class='ocrx_word' id='word_1_618' title='bbox 625 3663 669 3706; x_wconf 82' lang='grc' dir='ltr'>οὔ</span> <span class='ocrx_word' id='word_1_619' title='bbox 690 3664 828 3709; x_wconf 78' lang='grc' dir='ltr'>πλεῖον</span> <span class='ocrx_word' id='word_1_620' title='bbox 862 3666 1094 3726; x_wconf 87' lang='grc' dir='ltr'>εὑρίσκεται</span> <span class='ocrx_word' id='word_1_621' title='bbox 1117 3675 1239 3731; x_wconf 90' lang='grc' dir='ltr'>τριῶν</span> 
     </span>
     <span class='ocr_line' id='line_1_85' title="bbox 14 3718 1241 3797; baseline 0.021 -37"><span class='ocrx_word' id='word_1_622' title='bbox 14 3718 199 3777; x_wconf 89' lang='grc' dir='ltr'>ὀργυιῶν,</span> <span class='ocrx_word' id='word_1_623' title='bbox 222 3720 292 3766; x_wconf 74' lang='grc' dir='ltr'>καὶ</span> <span class='ocrx_word' id='word_1_624' title='bbox 309 3726 359 3783; x_wconf 81' lang='grc' dir='ltr'>τῇ</span> <span class='ocrx_word' id='word_1_625' title='bbox 375 3723 482 3786; x_wconf 77' lang='grc' dir='ltr'>χρόα</span> <span class='ocrx_word' id='word_1_626' title='bbox 500 3729 710 3780; x_wconf 87' lang='grc' dir='ltr'>παντελῶς</span> <span class='ocrx_word' id='word_1_627' title='bbox 725 3731 904 3794; x_wconf 83' lang='grc' dir='ltr'>ὑπάρχει</span> <span class='ocrx_word' id='word_1_628' title='bbox 918 3737 1076 3797; x_wconf 86' lang='grc' dir='ltr'>χλωρά.</span> <span class='ocrx_word' id='word_1_629' title='bbox 1108 3741 1241 3786; x_wconf 75' lang='grc' dir='ltr'>Τοῦτο</span> 
     </span>
    </p>
   </div>
   <div class='ocr_carea' id='block_1_15' title="bbox 0 2645 13 3809">
    <p class='ocr_par' dir='ltr' id='par_1_15' title="bbox 0 2645 13 3809">
     <span class='ocr_line' id='line_1_86' title="bbox 0 2645 9 3003; baseline 0 0"><span class='ocrx_word' id='word_1_630' title='bbox 0 2645 9 3003; x_wconf 95' lang='lat' dir='ltr'>    </span> 
     </span>
     <span class='ocr_line' id='line_1_87' title="bbox 0 3003 11 3268; baseline 0 -121"><span class='ocrx_word' id='word_1_631' title='bbox 0 3003 11 3268; x_wconf 95' lang='lat' dir='ltr'>    </span> 
     </span>
     <span class='ocr_line' id='line_1_88' title="bbox 0 3268 11 3355; baseline 0 993"><span class='ocrx_word' id='word_1_632' title='bbox 0 3268 11 3355; x_wconf 95' lang='lat' dir='ltr'> </span> 
     </span>
     <span class='ocr_line' id='line_1_89' title="bbox 0 3355 12 3497; baseline 0 0"><span class='ocrx_word' id='word_1_633' title='bbox 0 3355 12 3497; x_wconf 95' lang='lat' dir='ltr'>  </span> 
     </span>
     <span class='ocr_line' id='line_1_90' title="bbox 0 3497 13 3809; baseline 0 -36"><span class='ocrx_word' id='word_1_634' title='bbox 0 3497 13 3809; x_wconf 95' lang='lat' dir='ltr'>     </span> 
     </span>
    </p>
   </div>
   <div class='ocr_carea' id='block_1_16' title="bbox 12 3847 1239 3924">
    <p class='ocr_par' dir='ltr' id='par_1_16' title="bbox 12 3847 1239 3924">
     <span class='ocr_line' id='line_1_91' title="bbox 12 3847 1239 3924; baseline 0.02 -35"><span class='ocrx_word' id='word_1_635' title='bbox 12 3847 49 3889; x_wconf 78' lang='grc' dir='ltr'>ἔν</span> <span class='ocrx_word' id='word_1_636' title='bbox 64 3857 196 3908; x_wconf 80' lang='grc' dir='ltr'>χρυσῷ</span> <span class='ocrx_word' id='word_1_637' title='bbox 215 3855 339 3895; x_wconf 88' lang='lat' dir='ltr'>codd.</span> <span class='ocrx_word' id='word_1_638' title='bbox 368 3864 407 3896; x_wconf 90' lang='lat' dir='ltr'>et</span> <span class='ocrx_word' id='word_1_639' title='bbox 423 3857 540 3899; x_wconf 85' lang='lat' dir='ltr'>editt.</span> <span class='ocrx_word' id='word_1_640' title='bbox 568 3861 583 3913; x_wconf 64' lang='lat' dir='ltr'>{l</span> <span class='ocrx_word' id='word_1_641' title='bbox 606 3884 663 3892; x_wconf 87' lang='lat'>-—</span> <span class='ocrx_word' id='word_1_642' title='bbox 681 3875 718 3902; x_wconf 91' lang='lat'>1.</span> <span class='ocrx_word' id='word_1_643' title='bbox 741 3863 863 3905; x_wconf 77' lang='grc' dir='ltr'>οὕτω</span> <span class='ocrx_word' id='word_1_644' title='bbox 889 3866 1239 3924; x_wconf 72' lang='grc' dir='ltr'>λαμὸάνουσιν,</span> 
     </span>
    </p>
   </div>
   <div class='ocr_carea' id='block_1_17' title="bbox 40 3912 1241 4026">
    <p class='ocr_par' dir='ltr' id='par_1_17' title="bbox 40 3912 1241 4026">
     <span class='ocr_line' id='line_1_92' title="bbox 40 3912 1241 3988; baseline 0.019 -36"><span class='ocrx_word' id='word_1_645' title='bbox 40 3912 148 3969; x_wconf 83' lang='grc' dir='ltr'>τλ.]</span> <span class='ocrx_word' id='word_1_646' title='bbox 187 3917 301 3968; x_wconf 87' lang='lat' dir='ltr'>Quid</span> <span class='ocrx_word' id='word_1_647' title='bbox 341 3932 479 3959; x_wconf 87' lang='lat' dir='ltr'>ansam</span> <span class='ocrx_word' id='word_1_648' title='bbox 517 3920 678 3963; x_wconf 84' lang='lat' dir='ltr'>dederit</span> <span class='ocrx_word' id='word_1_649' title='bbox 714 3924 885 3978; x_wconf 85' lang='lat' dir='ltr'>sabulae,</span> <span class='ocrx_word' id='word_1_650' title='bbox 927 3932 1080 3972; x_wconf 88' lang='lat' dir='ltr'>neseio.</span> <span class='ocrx_word' id='word_1_651' title='bbox 1123 3935 1138 3988; x_wconf 87' lang='grc' dir='ltr'>ΙΙ</span> <span class='ocrx_word' id='word_1_652' title='bbox 1185 3959 1241 3968; x_wconf 77' lang='lat'>—</span> 
     </span>
     <span class='ocr_line' id='line_1_93' title="bbox 41 3978 283 4026; baseline 0.021 -12"><span class='ocrx_word' id='word_1_653' title='bbox 41 3978 226 4026; x_wconf 75' lang='grc' dir='ltr'>,σκότους</span> <span class='ocrx_word' id='word_1_654' title='bbox 242 3980 283 4019; x_wconf 89' lang='lat' dir='ltr'>B.</span> 
     </span>
    </p>
   </div>
   <div class='ocr_carea' id='block_1_18' title="bbox 1333 2362 2622 2595">
    <p class='ocr_par' dir='ltr' id='par_1_18' title="bbox 1333 2362 2622 2595">
     <span class='ocr_line' id='line_1_94' title="bbox 1339 2362 2622 2438; baseline 0.022 -37"><span class='ocrx_word' id='word_1_655' title='bbox 1339 2362 1561 2418; x_wconf 89' lang='lat' dir='ltr'>dispertitis</span> <span class='ocrx_word' id='word_1_656' title='bbox 1583 2367 1691 2408; x_wconf 89' lang='lat' dir='ltr'>inter</span> <span class='ocrx_word' id='word_1_657' title='bbox 1707 2383 1750 2410; x_wconf 86' lang='lat' dir='ltr'>se</span> <span class='ocrx_word' id='word_1_658' title='bbox 1770 2370 1884 2423; x_wconf 91' lang='lat' dir='ltr'>locis,</span> <span class='ocrx_word' id='word_1_659' title='bbox 1910 2374 2161 2430; x_wconf 85' lang='lat' dir='ltr'>indagationi</span> <span class='ocrx_word' id='word_1_660' title='bbox 2194 2379 2295 2422; x_wconf 88' lang='lat' dir='ltr'>dant</span> <span class='ocrx_word' id='word_1_661' title='bbox 2314 2397 2506 2438; x_wconf 83' lang='lat' dir='ltr'>operam;</span> <span class='ocrx_word' id='word_1_662' title='bbox 2530 2397 2571 2429; x_wconf 87' lang='lat' dir='ltr'>et</span> <span class='ocrx_word' id='word_1_663' title='bbox 2619 2407 2622 2410; x_wconf 38' lang='lat'>³</span> 
     </span>
     <span class='ocr_line' id='line_1_95' title="bbox 1334 2441 2569 2520; baseline 0.022 -40"><span class='ocrx_word' id='word_1_664' title='bbox 1334 2441 1585 2499; x_wconf 89' lang='lat' dir='ltr'>ubicumque</span> <span class='ocrx_word' id='word_1_665' title='bbox 1603 2457 1771 2503; x_wconf 86' lang='lat' dir='ltr'>apparet</span> <span class='ocrx_word' id='word_1_666' title='bbox 1788 2449 1905 2506; x_wconf 90' lang='lat' dir='ltr'>lapis,</span> <span class='ocrx_word' id='word_1_667' title='bbox 1927 2468 1996 2494; x_wconf 90' lang='lat' dir='ltr'>vas</span> <span class='ocrx_word' id='word_1_668' title='bbox 2015 2463 2137 2498; x_wconf 87' lang='lat' dir='ltr'>tantae</span> <span class='ocrx_word' id='word_1_669' title='bbox 2148 2461 2444 2514; x_wconf 89' lang='lat' dir='ltr'>magnitudinis</span> <span class='ocrx_word' id='word_1_670' title='bbox 2464 2466 2569 2520; x_wconf 80' lang='lat' dir='ltr'>signi</span> 
     </span>
     <span class='ocr_line' id='line_1_96' title="bbox 1333 2522 2569 2595; baseline 0.02 -35"><span class='ocrx_word' id='word_1_671' title='bbox 1333 2534 1453 2563; x_wconf 88' lang='lat' dir='ltr'>causa</span> <span class='ocrx_word' id='word_1_672' title='bbox 1473 2522 1710 2578; x_wconf 89' lang='lat' dir='ltr'>imponunt,</span> <span class='ocrx_word' id='word_1_673' title='bbox 1732 2537 1933 2582; x_wconf 90' lang='lat' dir='ltr'>quantum</span> <span class='ocrx_word' id='word_1_674' title='bbox 1960 2533 2165 2589; x_wconf 90' lang='lat' dir='ltr'>refulgens</span> <span class='ocrx_word' id='word_1_675' title='bbox 2186 2537 2287 2593; x_wconf 89' lang='lat' dir='ltr'>lapis</span> <span class='ocrx_word' id='word_1_676' title='bbox 2317 2543 2434 2595; x_wconf 86' lang='lat' dir='ltr'>spatii</span> <span class='ocrx_word' id='word_1_677' title='bbox 2457 2558 2569 2584; x_wconf 91' lang='lat' dir='ltr'>com-</span> 
     </span>
    </p>
   </div>
   <div class='ocr_carea' id='block_1_19' title="bbox 1314 2601 2566 3727">
    <p class='ocr_par' dir='ltr' id='par_1_19' title="bbox 1328 2601 2566 2825">
     <span class='ocr_line' id='line_1_97' title="bbox 1331 2601 2566 2676; baseline 0.02 -36"><span class='ocrx_word' id='word_1_678' title='bbox 1331 2601 1450 2655; x_wconf 89' lang='lat' dir='ltr'>plecti</span> <span class='ocrx_word' id='word_1_679' title='bbox 1484 2603 1647 2647; x_wconf 87' lang='lat' dir='ltr'>videtur</span> <span class='ocrx_word' id='word_1_680' title='bbox 1656 2622 1667 2657; x_wconf 90' lang='lat'>;</span> <span class='ocrx_word' id='word_1_681' title='bbox 1693 2608 1898 2662; x_wconf 89' lang='lat' dir='ltr'>signatum</span> <span class='ocrx_word' id='word_1_682' title='bbox 1925 2626 2053 2668; x_wconf 90' lang='lat' dir='ltr'>porro</span> <span class='ocrx_word' id='word_1_683' title='bbox 2081 2615 2219 2659; x_wconf 90' lang='lat' dir='ltr'>locum</span> <span class='ocrx_word' id='word_1_684' title='bbox 2247 2621 2333 2660; x_wconf 87' lang='lat' dir='ltr'>saxi</span> <span class='ocrx_word' id='word_1_685' title='bbox 2364 2635 2439 2676; x_wconf 91' lang='lat' dir='ltr'>per</span> <span class='ocrx_word' id='word_1_686' title='bbox 2456 2622 2566 2665; x_wconf 90' lang='lat' dir='ltr'>diem</span> 
     </span>
     <span class='ocr_line' id='line_1_98' title="bbox 1330 2682 2565 2759; baseline 0.019 -38"><span class='ocrx_word' id='word_1_687' title='bbox 1330 2682 1528 2725; x_wconf 89' lang='lat' dir='ltr'>obeuntes</span> <span class='ocrx_word' id='word_1_688' title='bbox 1558 2687 1877 2743; x_wconf 89' lang='lat' dir='ltr'>circumcidunt,</span> <span class='ocrx_word' id='word_1_689' title='bbox 1902 2696 2168 2752; x_wconf 88' lang='lat' dir='ltr'>excisumque</span> <span class='ocrx_word' id='word_1_690' title='bbox 2189 2699 2361 2741; x_wconf 89' lang='lat' dir='ltr'>tradunt</span> <span class='ocrx_word' id='word_1_691' title='bbox 2380 2702 2472 2754; x_wconf 87' lang='lat' dir='ltr'>illis,</span> <span class='ocrx_word' id='word_1_692' title='bbox 2494 2706 2565 2759; x_wconf 90' lang='lat' dir='ltr'>qui</span> 
     </span>
     <span class='ocr_line' id='line_1_99' title="bbox 1328 2762 2242 2825; baseline 0.02 -23"><span class='ocrx_word' id='word_1_693' title='bbox 1328 2762 1483 2818; x_wconf 90' lang='lat' dir='ltr'>lapillos</span> <span class='ocrx_word' id='word_1_694' title='bbox 1503 2776 1596 2822; x_wconf 89' lang='lat' dir='ltr'>apte</span> <span class='ocrx_word' id='word_1_695' title='bbox 1618 2769 1831 2825; x_wconf 86' lang='lat' dir='ltr'>laevigandi</span> <span class='ocrx_word' id='word_1_696' title='bbox 1847 2775 2068 2818; x_wconf 85' lang='lat' dir='ltr'>artificium</span> <span class='ocrx_word' id='word_1_697' title='bbox 2084 2785 2242 2820; x_wconf 88' lang='lat' dir='ltr'>tenent.</span> 
     </span>
    </p>

    <p class='ocr_par' dir='ltr' id='par_1_20' title="bbox 1314 2839 2566 3727">
     <span class='ocr_line' id='line_1_100' title="bbox 1384 2839 2566 2912; baseline 0.018 -26"><span class='ocrx_word' id='word_1_698' title='bbox 1384 2846 1452 2900; x_wconf 79' lang='grc'>83.</span> <span class='ocrx_word' id='word_1_699' title='bbox 1474 2846 1489 2903; x_wconf 90' lang='grc'><strong>(</strong></span> <span class='ocrx_word' id='word_1_700' title='bbox 1508 2839 1605 2905; x_wconf 80' lang='lat' dir='ltr'>Cap.</span> <span class='ocrx_word' id='word_1_701' title='bbox 1630 2853 1699 2900; x_wconf 81' lang='grc' dir='ltr'>4ο.</span> <span class='ocrx_word' id='word_1_702' title='bbox 1718 2850 1733 2908; x_wconf 92' lang='grc'>)</span> <span class='ocrx_word' id='word_1_703' title='bbox 1758 2854 1799 2894; x_wconf 93' lang='lat' dir='ltr'>Si</span> <span class='ocrx_word' id='word_1_704' title='bbox 1820 2854 1991 2897; x_wconf 89' lang='lat' dir='ltr'>ulterius</span> <span class='ocrx_word' id='word_1_705' title='bbox 2011 2860 2193 2901; x_wconf 88' lang='lat' dir='ltr'>excurris</span> <span class='ocrx_word' id='word_1_706' title='bbox 2206 2891 2218 2912; x_wconf 90' lang='lat'>,</span> <span class='ocrx_word' id='word_1_707' title='bbox 2243 2862 2383 2904; x_wconf 86' lang='lat' dir='ltr'>multae</span> <span class='ocrx_word' id='word_1_708' title='bbox 2411 2879 2454 2905; x_wconf 90' lang='lat' dir='ltr'>se</span> <span class='ocrx_word' id='word_1_709' title='bbox 2475 2866 2566 2907; x_wconf 90' lang='lat' dir='ltr'>Ich-</span> 
     </span>
     <span class='ocr_line' id='line_1_101' title="bbox 1325 2924 2562 2997; baseline 0.02 -33"><span class='ocrx_word' id='word_1_710' title='bbox 1325 2924 1607 2983; x_wconf 71' lang='lat' dir='ltr'>thyophag‘um</span> <span class='ocrx_word' id='word_1_711' title='bbox 1635 2940 1774 2985; x_wconf 88' lang='lat' dir='ltr'>gentes</span> <span class='ocrx_word' id='word_1_712' title='bbox 1795 2948 1871 2990; x_wconf 88' lang='lat' dir='ltr'>per</span> <span class='ocrx_word' id='word_1_713' title='bbox 1892 2950 2008 2979; x_wconf 91' lang='lat' dir='ltr'>oram</span> <span class='ocrx_word' id='word_1_714' title='bbox 2030 2953 2179 2995; x_wconf 83' lang='lat' dir='ltr'>sparsae</span> <span class='ocrx_word' id='word_1_715' title='bbox 2201 2941 2385 2985; x_wconf 89' lang='lat' dir='ltr'>offerunt</span> <span class='ocrx_word' id='word_1_716' title='bbox 2398 2977 2409 2997; x_wconf 93' lang='lat'>,</span> <span class='ocrx_word' id='word_1_717' title='bbox 2445 2948 2562 2988; x_wconf 88' lang='lat' dir='ltr'>multi</span> 
     </span>
     <span class='ocr_line' id='line_1_102' title="bbox 1323 2988 2561 3074; baseline 0.019 -28"><span class='ocrx_word' id='word_1_718' title='bbox 1323 2988 1446 3048; x_wconf 86' lang='lat' dir='ltr'>etiam</span> <span class='ocrx_word' id='word_1_719' title='bbox 1467 3010 1730 3069; x_wconf 75' lang='lat' dir='ltr'>Troglodytae</span> <span class='ocrx_word' id='word_1_720' title='bbox 1751 3024 1935 3071; x_wconf 90' lang='lat' dir='ltr'>pastores</span> <span class='ocrx_word' id='word_1_721' title='bbox 1948 3050 1961 3071; x_wconf 94' lang='lat'>,</span> <span class='ocrx_word' id='word_1_722' title='bbox 1984 3021 2036 3074; x_wconf 73' lang='lat' dir='ltr'>eti</span> <span class='ocrx_word' id='word_1_723' title='bbox 2054 3035 2150 3063; x_wconf 90' lang='lat' dir='ltr'>cum</span> <span class='ocrx_word' id='word_1_724' title='bbox 2177 3023 2242 3064; x_wconf 90' lang='lat' dir='ltr'>his</span> <span class='ocrx_word' id='word_1_725' title='bbox 2263 3026 2366 3066; x_wconf 81' lang='lat' dir='ltr'>varii</span> <span class='ocrx_word' id='word_1_726' title='bbox 2393 3014 2561 3070; x_wconf 65' lang='lat' dir='ltr'>vmontes</span> 
     </span>
     <span class='ocr_line' id='line_1_103' title="bbox 1321 3078 2560 3158; baseline 0.018 -29"><span class='ocrx_word' id='word_1_727' title='bbox 1321 3078 1451 3144; x_wconf 80' lang='lat' dir='ltr'>usque</span> <span class='ocrx_word' id='word_1_728' title='bbox 1470 3091 1523 3133; x_wconf 94' lang='lat' dir='ltr'>ad</span> <span class='ocrx_word' id='word_1_729' title='bbox 1543 3094 1720 3137; x_wconf 90' lang='lat' dir='ltr'>Soterias</span> <span class='ocrx_word' id='word_1_730' title='bbox 1739 3098 1823 3139; x_wconf 89' lang='lat' dir='ltr'>sive</span> <span class='ocrx_word' id='word_1_731' title='bbox 1838 3099 1984 3142; x_wconf 90' lang='lat' dir='ltr'>Salutis</span> <span class='ocrx_word' id='word_1_732' title='bbox 1998 3112 2182 3158; x_wconf 88' lang='lat' dir='ltr'>portum,</span> <span class='ocrx_word' id='word_1_733' title='bbox 2200 3120 2224 3146; x_wconf 90' lang='lat' dir='ltr'>a</span> <span class='ocrx_word' id='word_1_734' title='bbox 2239 3107 2391 3148; x_wconf 79' lang='lat' dir='ltr'>Graecis</span> <span class='ocrx_word' id='word_1_735' title='bbox 2415 3110 2471 3150; x_wconf 90' lang='lat' dir='ltr'>ita</span> <span class='ocrx_word' id='word_1_736' title='bbox 2493 3125 2560 3151; x_wconf 87' lang='lat' dir='ltr'>co-</span> 
     </span>
     <span class='ocr_line' id='line_1_104' title="bbox 1320 3171 2557 3240; baseline 0.016 -31"><span class='ocrx_word' id='word_1_737' title='bbox 1320 3171 1620 3226; x_wconf 87' lang='lat' dir='ltr'>gnominatum,</span> <span class='ocrx_word' id='word_1_738' title='bbox 1639 3177 1710 3230; x_wconf 92' lang='lat' dir='ltr'>qui</span> <span class='ocrx_word' id='word_1_739' title='bbox 1730 3179 1900 3233; x_wconf 90' lang='lat' dir='ltr'>sospites</span> <span class='ocrx_word' id='word_1_740' title='bbox 1917 3195 1966 3221; x_wconf 91' lang='lat' dir='ltr'>eo</span> <span class='ocrx_word' id='word_1_741' title='bbox 1987 3183 2111 3236; x_wconf 89' lang='lat' dir='ltr'>primi</span> <span class='ocrx_word' id='word_1_742' title='bbox 2130 3185 2394 3240; x_wconf 85' lang='lat' dir='ltr'>appulissent.</span> <span class='ocrx_word' id='word_1_743' title='bbox 2455 3189 2557 3229; x_wconf 89' lang='lat' dir='ltr'>Inde</span> 
     </span>
     <span class='ocr_line' id='line_1_105' title="bbox 1321 3258 2555 3325; baseline 0.014 -29"><span class='ocrx_word' id='word_1_744' title='bbox 1321 3258 1520 3298; x_wconf 85' lang='lat' dir='ltr'>coarctari</span> <span class='ocrx_word' id='word_1_745' title='bbox 1550 3267 1591 3300; x_wconf 89' lang='lat' dir='ltr'>et</span> <span class='ocrx_word' id='word_1_746' title='bbox 1620 3259 1673 3301; x_wconf 89' lang='lat' dir='ltr'>ad</span> <span class='ocrx_word' id='word_1_747' title='bbox 1694 3261 1889 3303; x_wconf 87' lang='lat' dir='ltr'>Arabiam</span> <span class='ocrx_word' id='word_1_748' title='bbox 1915 3267 2098 3307; x_wconf 89' lang='lat' dir='ltr'>converti</span> <span class='ocrx_word' id='word_1_749' title='bbox 2120 3267 2233 3308; x_wconf 90' lang='lat' dir='ltr'>sinus</span> <span class='ocrx_word' id='word_1_750' title='bbox 2255 3269 2413 3325; x_wconf 89' lang='lat' dir='ltr'>incipit.</span> <span class='ocrx_word' id='word_1_751' title='bbox 2473 3273 2555 3314; x_wconf 88' lang='lat' dir='ltr'>Na-</span> 
     </span>
     <span class='ocr_line' id='line_1_106' title="bbox 1319 3340 2554 3403; baseline 0.015 -27"><span class='ocrx_word' id='word_1_752' title='bbox 1319 3344 1413 3378; x_wconf 88' lang='lat' dir='ltr'>tura</span> <span class='ocrx_word' id='word_1_753' title='bbox 1431 3352 1596 3394; x_wconf 91' lang='lat' dir='ltr'>quoque</span> <span class='ocrx_word' id='word_1_754' title='bbox 1615 3340 1801 3383; x_wconf 88' lang='lat' dir='ltr'>locorum</span> <span class='ocrx_word' id='word_1_755' title='bbox 1823 3351 1913 3384; x_wconf 90' lang='lat' dir='ltr'>tum</span> <span class='ocrx_word' id='word_1_756' title='bbox 1932 3346 2056 3386; x_wconf 90' lang='lat' dir='ltr'>maris</span> <span class='ocrx_word' id='word_1_757' title='bbox 2080 3355 2168 3388; x_wconf 89' lang='lat' dir='ltr'>tum</span> <span class='ocrx_word' id='word_1_758' title='bbox 2189 3350 2366 3403; x_wconf 89' lang='lat' dir='ltr'>regionis</span> <span class='ocrx_word' id='word_1_759' title='bbox 2385 3351 2554 3394; x_wconf 85' lang='lat' dir='ltr'>diversi-</span> 
     </span>
     <span class='ocr_line' id='line_1_107' title="bbox 1318 3420 2552 3490; baseline 0.014 -32"><span class='ocrx_word' id='word_1_760' title='bbox 1318 3425 1442 3460; x_wconf 91' lang='lat' dir='ltr'>tatem</span> <span class='ocrx_word' id='word_1_761' title='bbox 1462 3420 1670 3474; x_wconf 90' lang='lat' dir='ltr'>quandam</span> <span class='ocrx_word' id='word_1_762' title='bbox 1693 3422 1832 3463; x_wconf 86' lang='lat' dir='ltr'>efficit.</span> <span class='ocrx_word' id='word_1_763' title='bbox 1893 3426 2119 3468; x_wconf 89' lang='lat' dir='ltr'>Continens</span> <span class='ocrx_word' id='word_1_764' title='bbox 2149 3429 2260 3470; x_wconf 89' lang='lat' dir='ltr'>enim</span> <span class='ocrx_word' id='word_1_765' title='bbox 2291 3431 2458 3474; x_wconf 90' lang='lat' dir='ltr'>humilis</span> <span class='ocrx_word' id='word_1_766' title='bbox 2481 3449 2552 3490; x_wconf 88' lang='lat' dir='ltr'>ap-</span> 
     </span>
     <span class='ocr_line' id='line_1_108' title="bbox 1316 3501 2553 3566; baseline 0.014 -28"><span class='ocrx_word' id='word_1_767' title='bbox 1316 3507 1433 3553; x_wconf 87' lang='lat' dir='ltr'>paret</span> <span class='ocrx_word' id='word_1_768' title='bbox 1463 3514 1541 3541; x_wconf 89' lang='lat' dir='ltr'>nec</span> <span class='ocrx_word' id='word_1_769' title='bbox 1577 3501 1748 3542; x_wconf 88' lang='lat' dir='ltr'>collibus</span> <span class='ocrx_word' id='word_1_770' title='bbox 1784 3517 1998 3559; x_wconf 79' lang='lat' dir='ltr'>assurgens</span> <span class='ocrx_word' id='word_1_771' title='bbox 2013 3537 2025 3557; x_wconf 96' lang='lat'>,</span> <span class='ocrx_word' id='word_1_772' title='bbox 2070 3515 2110 3548; x_wconf 89' lang='lat' dir='ltr'>et</span> <span class='ocrx_word' id='word_1_773' title='bbox 2145 3522 2259 3550; x_wconf 88' lang='lat' dir='ltr'>mare</span> <span class='ocrx_word' id='word_1_774' title='bbox 2293 3511 2474 3566; x_wconf 87' lang='lat' dir='ltr'>palustre</span> <span class='ocrx_word' id='word_1_775' title='bbox 2506 3510 2553 3555; x_wconf 89' lang='lat' dir='ltr'>ac</span> 
     </span>
     <span class='ocr_line' id='line_1_109' title="bbox 1316 3582 2551 3642; baseline 0.013 -23"><span class='ocrx_word' id='word_1_776' title='bbox 1316 3594 1527 3621; x_wconf 89' lang='lat' dir='ltr'>coenosum</span> <span class='ocrx_word' id='word_1_777' title='bbox 1550 3596 1634 3622; x_wconf 91' lang='lat' dir='ltr'>non</span> <span class='ocrx_word' id='word_1_778' title='bbox 1657 3582 1775 3623; x_wconf 84' lang='lat' dir='ltr'>altius</span> <span class='ocrx_word' id='word_1_779' title='bbox 1795 3584 1926 3625; x_wconf 89' lang='lat' dir='ltr'>tribus</span> <span class='ocrx_word' id='word_1_780' title='bbox 1945 3587 2096 3642; x_wconf 87' lang='lat' dir='ltr'>orgyiis</span> <span class='ocrx_word' id='word_1_781' title='bbox 2112 3596 2152 3629; x_wconf 90' lang='lat' dir='ltr'>et</span> <span class='ocrx_word' id='word_1_782' title='bbox 2167 3597 2300 3631; x_wconf 90' lang='lat' dir='ltr'>totum</span> <span class='ocrx_word' id='word_1_783' title='bbox 2320 3592 2451 3634; x_wconf 83' lang='lat' dir='ltr'>viride</span> <span class='ocrx_word' id='word_1_784' title='bbox 2467 3609 2551 3635; x_wconf 84' lang='lat' dir='ltr'>esse</span> 
     </span>
     <span class='ocr_line' id='line_1_110' title="bbox 1314 3660 2549 3727; baseline 0.011 -25"><span class='ocrx_word' id='word_1_785' title='bbox 1314 3660 1652 3718; x_wconf 87' lang='lat' dir='ltr'>deprehenditur.</span> <span class='ocrx_word' id='word_1_786' title='bbox 1713 3666 1887 3707; x_wconf 88' lang='lat' dir='ltr'>Causam</span> <span class='ocrx_word' id='word_1_787' title='bbox 1925 3669 2073 3710; x_wconf 87' lang='lat' dir='ltr'>viroris</span> <span class='ocrx_word' id='word_1_788' title='bbox 2109 3685 2194 3712; x_wconf 92' lang='lat' dir='ltr'>non</span> <span class='ocrx_word' id='word_1_789' title='bbox 2230 3685 2432 3727; x_wconf 87' lang='lat' dir='ltr'>aquarum</span> <span class='ocrx_word' id='word_1_790' title='bbox 2470 3675 2549 3714; x_wconf 89' lang='lat' dir='ltr'>illic</span> 
     </span>
    </p>
   </div>
   <div class='ocr_carea' id='block_1_20' title="bbox 1313 3744 2547 3809">
    <p class='ocr_par' dir='ltr' id='par_1_21' title="bbox 1313 3744 2547 3809">
     <span class='ocr_line' id='line_1_111' title="bbox 1313 3744 2547 3809; baseline 0.01 -26"><span class='ocrx_word' id='word_1_791' title='bbox 1313 3752 1495 3794; x_wconf 84' lang='lat' dir='ltr'>naturae,</span> <span class='ocrx_word' id='word_1_792' title='bbox 1531 3744 1602 3785; x_wconf 87' lang='lat' dir='ltr'>sed</span> <span class='ocrx_word' id='word_1_793' title='bbox 1645 3747 1774 3786; x_wconf 84' lang='lat' dir='ltr'>musci</span> <span class='ocrx_word' id='word_1_794' title='bbox 1810 3747 1988 3803; x_wconf 86' lang='lat' dir='ltr'>algaeque</span> <span class='ocrx_word' id='word_1_795' title='bbox 2033 3764 2109 3805; x_wconf 89' lang='lat' dir='ltr'>per</span> <span class='ocrx_word' id='word_1_796' title='bbox 2151 3766 2277 3808; x_wconf 87' lang='lat' dir='ltr'>aquas</span> <span class='ocrx_word' id='word_1_797' title='bbox 2318 3756 2547 3809; x_wconf 87' lang='lat' dir='ltr'>apparentis</span> 
     </span>
    </p>
   </div>
   <div class='ocr_carea' id='block_1_21' title="bbox 23 3810 1886 3846">
    <p class='ocr_par' dir='ltr' id='par_1_22' title="bbox 23 3810 1886 3846">
     <span class='ocr_line' id='line_1_112' title="bbox 23 3810 1886 3846; baseline 0.017 -30"><span class='ocrx_word' id='word_1_798' title='bbox 23 3810 1886 3846; x_wconf 24' lang='lat' dir='ltr'>&amp;RQ</span> 
     </span>
    </p>
   </div>
   <div class='ocr_carea' id='block_1_22' title="bbox 1312 3877 2545 3999">
    <p class='ocr_par' dir='ltr' id='par_1_23' title="bbox 1312 3877 2545 3999">
     <span class='ocr_line' id='line_1_113' title="bbox 1315 3877 2545 3941; baseline 0.008 -25"><span class='ocrx_word' id='word_1_799' title='bbox 1315 3877 1490 3917; x_wconf 86' lang='lat' dir='ltr'>Diodor.</span> <span class='ocrx_word' id='word_1_800' title='bbox 1519 3878 1533 3931; x_wconf 64' lang='lat' dir='ltr'>l}</span> <span class='ocrx_word' id='word_1_801' title='bbox 1557 3902 1613 3908; x_wconf 95' lang='lat'>--</span> <span class='ocrx_word' id='word_1_802' title='bbox 1636 3883 1700 3920; x_wconf 82' lang='grc'>16.</span> <span class='ocrx_word' id='word_1_803' title='bbox 1733 3896 1773 3920; x_wconf 87' lang='grc' dir='ltr'>τε</span> <span class='ocrx_word' id='word_1_804' title='bbox 1795 3896 1878 3923; x_wconf 87' lang='lat' dir='ltr'>om.</span> <span class='ocrx_word' id='word_1_805' title='bbox 1913 3885 1960 3924; x_wconf 89' lang='lat' dir='ltr'>C.</span> <span class='ocrx_word' id='word_1_806' title='bbox 1988 3885 2003 3938; x_wconf 80' lang='grc'>11</span> <span class='ocrx_word' id='word_1_807' title='bbox 2034 3908 2091 3916; x_wconf 89' lang='lat'>-—</span> <span class='ocrx_word' id='word_1_808' title='bbox 2124 3887 2189 3928; x_wconf 91' lang='lat'>18.</span> <span class='ocrx_word' id='word_1_809' title='bbox 2209 3886 2444 3941; x_wconf 76' lang='grc' dir='ltr'>ἐπήρεσι]</span> <span class='ocrx_word' id='word_1_810' title='bbox 2472 3903 2545 3926; x_wconf 87' lang='grc' dir='ltr'>κω-</span> 
     </span>
     <span class='ocr_line' id='line_1_114' title="bbox 1312 3939 2543 3999; baseline 0.008 -21"><span class='ocrx_word' id='word_1_811' title='bbox 1312 3939 1447 3994; x_wconf 82' lang='grc' dir='ltr'>πήρεσι</span> <span class='ocrx_word' id='word_1_812' title='bbox 1480 3955 1576 3994; x_wconf 89' lang='lat' dir='ltr'>mgo</span> <span class='ocrx_word' id='word_1_813' title='bbox 1609 3944 1668 3993; x_wconf 94' lang='lat' dir='ltr'>A;</span> <span class='ocrx_word' id='word_1_814' title='bbox 1710 3945 1960 3987; x_wconf 84' lang='lat' dir='ltr'>«Diodorus</span> <span class='ocrx_word' id='word_1_815' title='bbox 1996 3949 2106 3988; x_wconf 92' lang='lat' dir='ltr'>enim</span> <span class='ocrx_word' id='word_1_816' title='bbox 2147 3947 2359 3996; x_wconf 80' lang='grc' dir='ltr'>ἐπικώποις.</span> <span class='ocrx_word' id='word_1_817' title='bbox 2379 3966 2408 3999; x_wconf 50' lang='lat' dir='ltr'>‚n</span> <span class='ocrx_word' id='word_1_818' title='bbox 2438 3950 2543 3988; x_wconf 65' lang='lat' dir='ltr'>Bm&lt;-</span> 
     </span>
    </p>
   </div>
   <div class='ocr_carea' id='block_1_23' title="bbox 1309 4003 2543 4066">
    <p class='ocr_par' dir='ltr' id='par_1_24' title="bbox 1309 4003 2543 4066">
     <span class='ocr_line' id='line_1_115' title="bbox 1309 4003 2543 4066; baseline 0.01 -26"><span class='ocrx_word' id='word_1_819' title='bbox 1309 4017 1408 4042; x_wconf 72' lang='lat' dir='ltr'>mm.</span> <span class='ocrx_word' id='word_1_820' title='bbox 1448 4003 1463 4056; x_wconf 79' lang='grc' dir='ltr'>Ι]</span> <span class='ocrx_word' id='word_1_821' title='bbox 1496 4005 1639 4045; x_wconf 77' lang='grc'>-23,</span> <span class='ocrx_word' id='word_1_822' title='bbox 1675 4005 1894 4063; x_wconf 85' lang='grc' dir='ltr'>ἢπέτρᾳ]</span> <span class='ocrx_word' id='word_1_823' title='bbox 1928 4012 1986 4059; x_wconf 85' lang='grc' dir='ltr'>Α;</span> <span class='ocrx_word' id='word_1_824' title='bbox 2008 4012 2058 4065; x_wconf 81' lang='grc' dir='ltr'>τῇ</span> <span class='ocrx_word' id='word_1_825' title='bbox 2086 4010 2201 4064; x_wconf 79' lang='grc' dir='ltr'>πέτρᾳ</span> <span class='ocrx_word' id='word_1_826' title='bbox 2225 4012 2282 4059; x_wconf 89' lang='grc' dir='ltr'>Β;</span> <span class='ocrx_word' id='word_1_827' title='bbox 2308 4011 2330 4061; x_wconf 84' lang='grc' dir='ltr'>ἢ</span> <span class='ocrx_word' id='word_1_828' title='bbox 2359 4014 2407 4065; x_wconf 79' lang='grc' dir='ltr'>τῇ</span> <span class='ocrx_word' id='word_1_829' title='bbox 2428 4012 2543 4066; x_wconf 79' lang='grc' dir='ltr'>πέτρᾳ</span> 
     </span>
    </p>
   </div>
   <div class='ocr_carea' id='block_1_24' title="bbox 63 4038 2452 4126">
    <p class='ocr_par' dir='ltr' id='par_1_25' title="bbox 63 4038 2452 4126">
     <span class='ocr_line' id='line_1_116' title="bbox 63 4038 2452 4126; baseline 0.016 -50"><span class='ocrx_word' id='word_1_830' title='bbox 63 4038 85 4088; x_wconf 72' lang='lat' dir='ltr'>S</span> <span class='ocrx_word' id='word_1_831' title='bbox 107 4043 175 4091; x_wconf 86' lang='grc'>83,</span> <span class='ocrx_word' id='word_1_832' title='bbox 196 4041 222 4080; x_wconf 87' lang='lat' dir='ltr'>l.</span> <span class='ocrx_word' id='word_1_833' title='bbox 248 4044 311 4090; x_wconf 75' lang='lat'>14.</span> <span class='ocrx_word' id='word_1_834' title='bbox 331 4043 460 4084; x_wconf 79' lang='grc' dir='ltr'>δυεῖν</span> <span class='ocrx_word' id='word_1_835' title='bbox 480 4045 495 4099; x_wconf 95' lang='grc'>]</span> <span class='ocrx_word' id='word_1_836' title='bbox 512 4045 569 4086; x_wconf 89' lang='lat' dir='ltr'>sic</span> <span class='ocrx_word' id='word_1_837' title='bbox 592 4049 878 4092; x_wconf 83' lang='lat' dir='ltr'>Artemidorus</span> <span class='ocrx_word' id='word_1_838' title='bbox 908 4068 1096 4110; x_wconf 82' lang='lat' dir='ltr'>quoque3</span> <span class='ocrx_word' id='word_1_839' title='bbox 1121 4065 1233 4114; x_wconf 85' lang='grc' dir='ltr'>τριῶν</span> <span class='ocrx_word' id='word_1_840' title='bbox 1307 4065 1353 4104; x_wconf 93' lang='lat' dir='ltr'>C.</span> <span class='ocrx_word' id='word_1_841' title='bbox 1396 4066 1410 4118; x_wconf 84' lang='lat' dir='ltr'>ll</span> <span class='ocrx_word' id='word_1_842' title='bbox 1436 4089 1491 4096; x_wconf 87' lang='lat'>—</span> <span class='ocrx_word' id='word_1_843' title='bbox 1512 4067 1579 4107; x_wconf 85' lang='lat'>28.</span> <span class='ocrx_word' id='word_1_844' title='bbox 1628 4066 2011 4126; x_wconf 78' lang='grc' dir='ltr'>ἀπενεχθέντες]</span> <span class='ocrx_word' id='word_1_845' title='bbox 2051 4071 2324 4126; x_wconf 77' lang='grc' dir='ltr'>ἔπενεχθέντες.</span> <span class='ocrx_word' id='word_1_846' title='bbox 2368 4075 2452 4114; x_wconf 89' lang='grc' dir='ltr'>ΑΒ.</span> 
     </span>
    </p>
   </div>
   <div class='ocr_carea' id='block_1_25' title="bbox 0 3962 39 4348">
    <p class='ocr_par' dir='ltr' id='par_1_26' title="bbox 0 3962 39 4348">
     <span class='ocr_line' id='line_1_117' title="bbox 0 3962 39 4348; baseline 0 0"><span class='ocrx_word' id='word_1_847' title='bbox 0 3962 39 4348; x_wconf 95' lang='lat' dir='ltr'> </span> 
     </span>
    </p>
   </div>
  </div>
 </body>
</html>
