2808 4342
508 16 557 67 0
708 65 718 76 .

724 104 766 145 Ο

224 169 311 210 308

217 262 327 320 γάλη
349 263 420 310 καὶ
455 244 587 322 αὐτ-θ,
616 266 662 312 οὗ
690 264 855 325 μακρὰν
887 267 958 309 τοῦ
989 262 1136 311 Ἰνδοῦ.
1205 265 1352 311 Ταῦτα
1378 266 1453 325 μὲν

217 332 296 387 ἔξω
315 337 386 380 τοῦ
408 333 541 381 Ἰνδοῦ
558 337 747 393 ποταμοῦ
768 332 943 395 ᾤκισται
959 332 1061 394 πρὸς
1078 330 1256 395 ἑσπέρην
1276 333 1368 380 ἔστε
1384 334 1451 382 ἐπὶ

217 402 287 447 τὸν
309 405 510 463 Κωφῆνα.

281 474 341 520 ll.
372 472 438 519 Τὰ
457 473 499 518 δὲ
530 470 612 516 ἀπὸ
634 473 704 515 τοῦ
729 468 859 514 Ἰνδοῦ
885 467 987 531 πρὸς
1011 467 1089 526 ἔω,
1112 470 1233 517 τοῦτό
1253 489 1326 533 μοι
1342 471 1450 519 ἔστω

176 558 195 587 ι
216 544 242 597 ἡ
268 540 407 588 Ἰνδῶν
426 544 480 601 γῆ
493 574 505 595 ,
526 539 596 583 καὶ
619 537 740 584 Ἰνδοὶ
766 530 876 584 οὗτοι
896 538 1099 588 ἔστωσαν.
1164 539 1292 605 Ὅροι
1314 540 1358 588 δὲ
1376 546 1450 599 τῆς

215 609 357 657 Ἰνδῶν
379 612 453 667 γῆς
474 608 574 668 πρὸς
593 604 668 664 μὲν
692 605 845 668 βορέεω
869 605 1026 668 ἀνέμου
1051 611 1073 654 ὁ
1092 610 1255 672 Ταῦρος
1272 610 1320 657 τὸ
1342 610 1447 672 ὄρος.

215 680 269 738 (a)
297 675 504 724 Καλέεται
532 673 574 718 δὲ
595 675 640 719 οὗ
664 676 827 737 Ταῦρος
856 674 916 721 ἔτι
944 679 986 723 ἐν
1015 680 1068 740 τῇ
1090 681 1144 740 γῇ
1174 679 1322 743 ταύτῃ·
1356 683 1448 726 ἀλλ’

214 746 384 806 ἄρχεται
403 742 478 803 μὲν
502 742 585 789 ἀπὸ
607 743 820 801 θαλάσσης
845 747 868 790 ὁ
891 748 1056 810 Ταῦρος
1085 750 1160 804 τῆς
1181 749 1291 795 κατὰ
1315 750 1447 807 Παμ-

212 814 360 876 φύλους
377 831 422 858 τε
445 812 516 858 καὶ
535 812 696 870 Λυκίην
714 814 786 860 καὶ
806 813 996 874 Κίλικας,
1017 815 1256 880 παρατείνει
1285 836 1331 864 τι
1354 817 1446 865 ἔστε

150 898 187 926 ιυ
207 882 281 938 τὴν
319 882 421 945 πρὸς
450 882 505 928 ἕω
542 883 782 941 θάλασσαν,
816 884 977 945 τέμνων
1005 885 1082 942 τὴν
1117 886 1256 943 Ἀσίην
1290 893 1445 934 πᾶσαν·

210 955 266 1015 (a)
286 953 392 1015 ἄλλῃ
414 952 457 998 δὲ
479 952 582 999 ἄλλο
604 954 799 999 καλέεται
826 954 874 1000 τὸ
895 954 1009 1017 ὅρος,
1043 958 1096 1017 τῇ
1134 955 1208 1016 μὲν
1234 958 1446 1020 Παραπα·

207 1022 350 1083 μισὸς,
373 1026 424 1084 τῇ
451 1022 492 1069 δὲ
517 1023 722 1084 Ἠμωδός·
747 1024 854 1086 ἄλλῃ
880 1025 922 1070 δὲ
942 1022 1090 1085 Ἴμαον
1112 1026 1348 1086 κληΐζεται,
1375 1026 1446 1073 καὶ

205 1093 328 1155 τυχὸν
357 1092 465 1140 ἄλλα
489 1092 562 1139 καὶ
586 1092 692 1139 ἄλλα
713 1093 799 1156 ἔχει
817 1094 1043 1154 οὐνόματα·
1070 1095 1121 1158 (ι)
1147 1094 1383 1149 Μακεδόνες
1402 1095 1445 1143 δὲ

205 1166 242 1210 οἱ
265 1164 332 1218 ξὺν
353 1162 604 1228 Ἀλεξάνδρῳ
628 1163 952 1227 στρατεύσαντες
973 1164 1198 1213 Καύκασον
1225 1166 1327 1213 αὐτὸ
1346 1166 1443 1213 ἐκά-

148 1243 184 1273 15
203 1236 310 1280 λεον·
327 1233 451 1280 ἄλλον
471 1238 614 1280 τοῦτον
635 1232 859 1281 Καύκασον
874 1270 887 1291 ,
906 1236 952 1281 οὖ
969 1233 1038 1281 τὸν
1057 1234 1275 1282 Σκυθικόν·
1298 1238 1353 1288 ὡς
1372 1234 1445 1281 καὶ

203 1304 256 1350 τὰ
290 1303 480 1351 ἐπέκεινα
503 1309 573 1350 τοῦ
598 1304 823 1352 Καυκάσου
856 1305 977 1365 λόγον
1001 1304 1193 1368 κατέχειν
1225 1302 1288 1350 ὅτι
1318 1298 1442 1362 ἦλθεν

205 1372 480 1436 Ἀλέξανδρος.
551 1374 601 1432 (5)
629 1374 699 1420 Τὰ
721 1373 822 1436 πρὸς
845 1373 1024 1437 ἑσπέρην
1047 1374 1091 1420 δὲ
1111 1377 1184 1430 τῆς
1209 1374 1347 1421 Ἰνδῶν
1370 1377 1446 1435 γ’ἧς

204 1446 227 1489 ὁ
250 1444 433 1504 ποταμὸς
454 1446 476 1489 ὁ
501 1441 626 1495 Ἰνδὸς
650 1443 836 1505 ἀπείργει
860 1443 951 1490 ἔστε
973 1444 1042 1490 ἐπὶ
1061 1442 1135 1500 τὴν
1157 1444 1343 1504 μεγάλην
1372 1443 1442 1489 θά-

203 1512 387 1570 λασσαν,
415 1515 564 1575 ἵναπερ
588 1510 710 1564 αὐτὸς
731 1511 838 1557 κατὰ
871 1511 942 1558 δύο
972 1512 1162 1573 στόματα
1187 1513 1360 1570 ἐκδιδοῖ,
1396 1514 1441 1558 οὗ

141 1596 181 1626 20
203 1580 379 1644 συνεχέα
400 1581 620 1637 ἀλλήλοισι
636 1580 687 1626 τὰ
711 1581 901 1642 στόματα
915 1617 927 1638 ,
949 1582 1137 1644 κατάπερ
1158 1580 1210 1628 τὰ
1231 1581 1354 1628 πέντε
1370 1586 1442 1628 τοῦ

202 1650 367 1714 Ἴστρου
390 1650 478 1697 ἐστὶ
501 1649 692 1713 συνεχέα·
722 1652 774 1712 (s)
798 1651 889 1696 ἀλλ’
911 1654 967 1704 ὡς
995 1651 1049 1697 τὰ
1066 1655 1138 1698 τοῦ
1160 1651 1338 1711 Νείλου,
1364 1650 1442 1697 ὑπὸ

201 1725 282 1768 τῶν
304 1722 351 1768 τὸ
369 1722 505 1769 Δέλτα
535 1722 721 1767 ποιέεται
741 1721 786 1768 τὸ
804 1721 1035 1783 Αἰγύπτιον
1050 1758 1065 1783 ‚
1089 1716 1172 1769 ῶδέ
1203 1741 1242 1768 τι
1268 1722 1339 1768 καὶ
1368 1726 1441 1778 τῆς

207 1791 350 1838 Ἰνδῶν
383 1794 458 1852 γῆς
480 1790 616 1838 Δέλτα
648 1792 779 1837 ποιέει
811 1795 833 1837 ὁ
853 1791 978 1843 Ἰνδὸς
998 1790 1209 1850 ποταμὸς,
1243 1791 1289 1836 οὗ
1327 1791 1439 1851 μεῖον

203 1866 275 1908 τοῦ
310 1861 554 1923 Αἰγυπτίου·
586 1860 796 1907 καὶτοῦτο
822 1860 1003 1908 Πάταλα
1032 1863 1084 1922 τῇ
1105 1860 1248 1907 Ἰνδῶν
1270 1858 1439 1923 γλώσσῃ

139 1940 182 1972 2⁶
201 1931 410 1978 καλέεται.
482 1932 534 1992 (7)
558 1931 619 1978 Τὸ
634 1930 676 1976 δὲ
699 1931 798 1992 πρὸς
817 1931 934 1976 νότου
954 1949 997 1976 τε
1022 1929 1177 1991 ἀνέμου
1193 1929 1264 1975 καὶ
1281 1948 1440 1990 μεσημ·

202 2000 317 2065 ὅρίης
349 2001 454 2057 αὐτὴ
487 2004 514 2056 ἡ
539 1999 700 2063 μεγάλη
735 2001 924 2045 θάλασσα
958 1999 1146 2061 ἀπείργει
1187 1998 1262 2052 τὴν
1297 1998 1436 2046 Ἰνδῶν

198 2137 248 2177 In
274 2135 475 2178 Strabone
502 2148 546 2191 p.
579 2136 660 2189 698
693 2134 745 2175 de
788 2134 891 2175 urbe
914 2147 923 2175 :
947 2133 1252 2184 Πευκολαῖτις,..
1290 2135 1434 2184 εἴτις,..

198 2201 280 2250 ἥτις
299 2196 425 2239 codd.
446 2196 604 2239 Plinius
618 2197 695 2248 VI,
713 2197 765 2238 23
786 2200 874 2251 §78
898 2209 907 2237 ε
930 2195 1192 2245 Peucolaum,
1217 2195 1436 2248 Arsagali-

199 2269 267 2309 toe,
289 2263 444 2302 Geretoe
465 2258 678 2315 (Γουραῖοι
698 2259 864 2301 Arriani
892 2258 925 2315 ),
958 2258 1086 2300 Assoi
1121 2258 1134 2314 (
1163 2256 1432 2300 ἈσσακηνοὶῚ.

197 2321 262 2364 Id.
295 2322 372 2373 VI,
407 2334 485 2374 21,
510 2324 606 2375 §62
634 2334 645 2363 ε
680 2320 879 2379 oppidum
915 2320 1113 2362 Indorum
1145 2320 1432 2369 Peucolaum,

198 2384 302 2427 unde
319 2384 379 2426 ad
387 2386 546 2440 flumen
564 2384 719 2428 Indum
750 2395 789 2426 et
809 2384 1010 2443 oppidum
1042 2382 1211 2426 Taxilla
1234 2386 1312 2425 LX
1329 2383 1434 2425 mill.

196 2447 261 2489 Cf.
301 2456 390 2489 not.
425 2447 479 2490 ad
512 2449 722 2505 Anonymi
759 2447 907 2503 peripl.
944 2447 1069 2490 maris
1098 2445 1301 2502 Erythraei
1335 2447 1358 2499 S
1382 2447 1435 2499 47

195 2525 237 2566 p.
264 2524 345 2565 292
369 2525 431 2567 sq.
462 2511 479 2566 ss
502 2534 560 2544 —
578 2511 619 2553 3.
643 2510 711 2553 τὸν
737 2525 823 2552 om.
849 2513 900 2553 A.

250 2574 308 2623 11,
334 2576 375 2622 4.
410 2573 557 2629 πρὸς]
585 2573 637 2622 ὡς
660 2574 710 2615 L.
737 2573 830 2627 11-
850 2570 935 2623 5.ἥ
969 2570 1101 2614 Ἰνδῶν
1134 2573 1186 2626 γῆ
1219 2568 1433 2622 ΑΒΟῙ),ἣ

195 2639 270 2675 τῶν
314 2635 443 2676 Ἰνδῶν
473 2639 525 2690 γῆ
556 2650 648 2690 vgo.
675 2637 691 2690 11
722 2659 777 2667 -
806 2639 847 2676 6.
886 2635 1019 2690 βορέου
1051 2632 1195 2685 codd.;
1221 2641 1329 2690 part.
1367 2632 1434 2688 μὲν

196 2710 281 2737 om.
306 2697 355 2738 C.
381 2699 397 2751 Η
419 2712 459 2752 7.
486 2696 535 2738 οὗ
554 2698 568 2752 ]
585 2697 606 2738 ὁ
627 2697 771 2748 codd.;
793 2711 877 2739 em.
897 2695 1201 2740 Schmiedcrus.
1226 2697 1242 2750 11
1265 2698 1377 2738 -8,
1414 2696 1435 2737 ὁ

196 2757 341 2813 Ταῦρος
368 2757 442 2800 ἀπὸ
470 2759 663 2812 θαλάσσης
688 2759 825 2814 vulgo.
855 2761 872 2814 1}
901 2773 966 2801 ιι.
992 2758 1094 2799 ἄλλο
1119 2758 1160 2799 ’δὲ
1182 2758 1286 2815 ἄλλῃ
1308 2759 1431 2800 BCD.

202 2822 218 2874 ss
237 2843 294 2852 —
316 2833 379 2861 ια.
404 2819 583 2876 Ἠμωδὸς
594 2823 647 2872 D,
660 2823 766 2862 sicut
781 2820 990 2863 Hemodus
1001 2820 1112 2877 apud
1126 2821 1276 2862 Melam
1288 2822 1365 2870 111,
1381 2835 1404 2875 7
1419 2837 1431 2872 ;

195 2896 322 2939 quam
344 2882 514 2939 quidem
544 2882 719 2924 formam
738 2884 911 2938 propius
936 2897 1061 2937 quam
1084 2882 1268 2934 alteram,
1302 2881 1435 2938 Ἠμω-

195 2945 274 2996 δός,
294 2943 347 2987 ab
361 2943 501 2987 indico
515 2945 684 2986 nomine
699 2944 838 2985 abesse
849 2944 951 2984 dicit
970 2946 1120 2986 Lassen
1134 2943 1231 2985 Ind.
1250 2944 1430 2986 Alterth.

194 3008 231 3058 1,
250 3020 293 3063 p.
316 3021 366 3063 17
386 3015 475 3050 not.
498 3007 664 3049 Etenim
688 3005 868 3063 Ἠμωδὸς
889 3015 1027 3048 ortum
1049 3020 1100 3046 ex
1122 3020 1221 3047 voce
1239 3009 1433 3051 sanserita

195 3068 448 3120 haimarum,
484 3072 664 3127 praerita
695 3068 896 3119 Ιιαίηιόια,
932 3069 960 3110 i.
997 3083 1035 3110 e.
1077 3067 1137 3109 ad
1172 3067 1432 3125 Himu‘lajam

198 3131 212 3189 (
226 3132 332 3174 nivis
344 3131 484 3175 locum
500 3136 518 3188 )
526 3132 752 3190 pertinens.
771 3133 807 3175 '1
811 3149 910 3190 μαον
929 3132 1145 3175 Lassenius
1158 3130 1431 3174 derivandum

195 3203 333 3238 censet
353 3210 378 3239 a
398 3196 579 3238 sancrito
601 3197 771 3238 nomine
803 3195 1004 3239 Himarae
1036 3197 1052 3250 (
1075 3194 1236 3236 nivium
1259 3193 1374 3235 dives
1398 3195 1428 3249 ).

200 3259 216 3313 ΙΙ
231 3282 288 3291 -
306 3270 371 3301 12.
384 3258 523 3315 Ἴμαον
535 3259 664 3310 ΑΒΟ;
682 3258 782 3317 τῇδὶ
798 3257 951 3315 Ἠμαδν
968 3257 1072 3315 ἄλλῃ
1088 3256 1130 3299 ’ὀὶ
1144 3255 1359 3310 κληΐζεται,
1371 3257 1428 3308 Ῑ),

194 3322 237 3362 in
253 3322 404 3377 quibus
421 3321 574 3378 duplex
596 3323 799 3379 scriptura
821 3321 925 3380 ἄλλῃ
942 3330 984 3364 et
1004 3324 1054 3378 τῇ
1072 3319 1113 3363 Bi
1134 3319 1239 3362 male
1256 3321 1430 3362 conflata

194 3382 374 3436 videtur,
395 3385 474 3426 nisi
508 3384 615 3427 sorte
647 3386 690 3426 in
713 3399 829 3441 seqq.
851 3384 929 3427 fuit
951 3397 962 3427 t
993 3384 1060 3426 καὶ
1090 3381 1211 3439 τυχὸν
1244 3381 1349 3440 ἄλλῃ
1367 3383 1432 3425 καὶ

195 3445 312 3503 ἄλλα.
341 3446 591 3489 Blancardus
617 3461 695 3504 pro
728 3446 862 3504 Ἰμαδν
894 3447 1057 3503 scripsit
1093 3444 1237 3502 Ἰμα6ς,
1278 3444 1431 3502 absque

195 3522 330 3550 causa.
346 3509 460 3551 Infra
480 3509 606 3552 habes
627 3510 642 3567 (
662 3526 700 3552 c.
724 3515 765 3563 6,
780 3514 803 3561 4
822 3510 835 3567 )
858 3509 903 3552 τὸ
922 3508 1098 3566 Ἰμαϊκὸν
1118 3509 1219 3565 ὄρος.
1237 3509 1429 3550 Caeterum

195 3569 373 3625 plurima
401 3571 529 3612 Tauri
558 3573 728 3614 nomina
755 3581 941 3615 recenset
969 3572 1125 3615 Plinius
1146 3572 1203 3623 V,
1227 3583 1297 3627 27.
1328 3571 1344 3626 ΙΙ
1374 3594 1431 3603 -

200 3630 267 3673 13.
285 3629 369 3687 Ῐχει
387 3646 472 3674 om.
487 3635 540 3684 A,
558 3633 738 3676 fortassis
750 3643 875 3687 recte,
892 3649 1022 3692 quum
1037 3635 1096 3677 sie
1107 3633 1350 3691 exquisitior
1361 3633 1430 3675 fiat

195 3691 371 3749 phrasis,
395 3703 589 3736 monente
614 3696 830 3738 Dfibnero.
857 3699 874 3752 u
895 3721 954 3729 —
979 3701 1045 3739 16.
1062 3695 1148 3754 τὰ]
1171 3694 1239 3737 τὸν
1266 3695 1427 3738 ABCD.

202 3753 404 3809 u-Kau
418 3755 572 3798 κάσου
586 3757 685 3812 ]·,Cs.
701 3760 866 3801 Arrian.
881 3758 1040 3815 Exped.
1062 3759 1119 3811 V,
1137 3758 1162 3800 3
1179 3756 1430 3810 et5,Strabo

195 3830 240 3872 p.
258 3816 354 3860 505.
373 3816 467 3861 506.
491 3817 539 3860 51
551 3832 587 3860 1.
607 3821 704 3874 689.
719 3824 816 3875 724.
832 3821 993 3874 Quodsi
1010 3820 1193 3863 adulatio
1202 3819 1316 3863 hunc
1325 3819 1431 3862 Cau-

196 3893 336 3922 casum
353 3878 548 3923 Indicum
578 3882 747 3934 creavit,
765 3882 944 3925 fortassis
958 3883 1067 3939 juvit
1082 3898 1173 3926 eam
1193 3883 1428 3940 Paropanisi

196 3955 350 3983 nomen
368 3940 554 3984 indicum
572 3944 832 3996 gravat-asos
852 3946 913 3999 (i.
930 3959 967 3987 e.
986 3945 1245 4001 splendentes
1262 3945 1428 4002 rupium

197 4012 358 4046 montes
377 4003 410 4062 ),
429 4004 543 4061 quod
564 4019 743 4050 servasse
765 4007 928 4051 videtur
942 4009 1063 4050 etiam
1083 4008 1239 4051 Plinius
1256 4009 1333 4060 VI,
1362 4021 1427 4064 ¹9,

1356 168 1615 218 annum

1523 293 1671 334 magna
1689 282 1814 323 etiam
1833 281 1943 333 haec,
1964 296 2050 326 non
2067 286 2214 342 procul
2234 287 2287 329 ab
2301 287 2423 329 Indo.
2450 289 2547 331 Haec
2564 299 2678 334 extra
2694 295 2772 342 n»,

1523 347 1628 390 dum
1650 363 1815 392 amnem
1837 349 2078 395 habitantur
2096 354 2354 398 occidentem
2381 372 2522 399 versus
2556 373 2686 416 usque
2708 342 2772 406 d'

1525 418 1766 473 Cophenem
1785 420 1975 462 fluvium.
2743 450 2746 454 ·
2763 410 2808 479 fs]

1577 488 1631 527 11.
1657 489 1762 540 Quae
1777 502 1875 530 vero
1889 489 2003 543 regio
2016 488 2069 531 ab
2079 488 2188 533 Indo
2201 492 2402 537 orientem
2413 509 2555 539 versus
2570 506 2646 547 est,
2741 467 2808 496 ΦΚ

1519 570 1595 610 ego
1613 556 1776 599 Indiam
1791 558 1951 614 appello
1962 590 1973 610 ,
1990 560 2146 616 quique
2161 574 2229 602 eas
2242 569 2380 617 partes
2394 564 2594 616 incolunt,
2615 551 2808 661 Indosgſsq

1518 626 1784 669 Terminatur
1804 636 1941 670 autem
1959 628 2079 671 India
2097 645 2121 671 a
2139 633 2418 686 septentrione
2442 635 2583 677 Tauro
2602 646 2760 689 monte,
2793 641 2808 680 ‘⁴

1519 696 1583 749 (α)
1605 696 1677 751 qui
1699 695 1870 752 quidem
1891 713 1974 740 non
1990 699 2166 755 amplius
2183 701 2225 742 in
2255 716 2303 743 ea
2329 703 2495 757 regione
2510 718 2663 749 nomen
2679 707 2760 749 hoc
2803 721 2808 735 ⁶

1518 764 1681 806 retinet.
1741 766 1893 822 Incipit
1910 781 2007 808 sane
2021 768 2185 809 Taurus
2198 783 2221 810 a
2234 770 2336 811 mari
2354 773 2463 812 cirea
2476 772 2758 830 Pamphyliam

1517 838 1558 871 et
1584 832 1753 887 Lyciam
1775 847 1825 875 ac
1845 833 2053 886 Ciliciam,
2088 835 2300 893 tenditque
2327 846 2532 895 perpetuo
2559 839 2685 883 dorso
2704 841 2758 884 ad
2783 862 2787 863 ⁷

1517 898 1758 941 orientalem
1773 914 1991 951 oceanum,
2008 909 2140 944 totam
2158 905 2296 946 Asiam
2309 905 2558 947 intersecans
2573 922 2584 957 ;
2603 907 2665 963 (3)
2689 826 2808 1050 uti-{i

1521 965 1562 1007 bi
1585 980 1683 1008 vero
1707 967 1828 1009 aliam
1857 969 2171 1025 appellationem
2193 973 2342 1029 accipit
2360 973 2428 1015 bic
2459 989 2593 1016 mons.
2653 975 2782 1029 Qui·‚

1518 1034 1692 1076 busdam
1709 1035 1881 1078 enimin
1901 1036 1998 1078 locis
2013 1038 2297 1094 Parapamisus
2310 1071 2323 1091 ,
2344 1040 2432 1083 aliis
2446 1041 2647 1093 Emodus,
2671 1043 2760 1085 aliis
2792 1051 2808 1086 3:

1473 1141 1486 1154 ,
1516 1104 1655 1144 Imaus
1682 1101 1851 1153 dicitur,
1883 1112 2009 1159 atque
2036 1105 2124 1147 fieri
2158 1115 2307 1162 potest,
2323 1116 2372 1150 ut
2385 1109 2482 1151 alias
2510 1111 2631 1153 etiam
2662 1110 2759 1154 alias
2805 1104 2808 1145 Ϊ

1517 1170 1807 1226 appellationes
1829 1170 1992 1213 habeat.
2054 1173 2116 1229 (4)
2140 1174 2388 1217 Macedones
2410 1191 2508 1219 vero
2522 1209 2534 1229 ‚
2558 1180 2630 1235 qui
2661 1194 2756 1222 cum
2799 1172 2808 1184 ⁷⁴

1518 1239 1754 1281 Alexandro
1770 1239 2015 1292 militarunt,
2035 1242 2264 1284 Caucasum
2280 1258 2376 1285 eum
2394 1255 2608 1297 vocarunt,
2625 1247 2757 1291 diver-
2800 1238 2808 1278 l

1517 1322 1609 1349 sum
1627 1307 1680 1349 ab
1697 1323 1747 1350 eo
1763 1308 1835 1364 qui
1858 1309 1900 1349 in
1923 1309 2089 1365 Scythia
2107 1319 2168 1351 est
2190 1323 2199 1352 :
2228 1319 2274 1352 ut
2296 1311 2403 1354 fama
2424 1312 2644 1366 obtineret,
2668 1315 2758 1359 Ale-
2784 1339 2788 1341 ·

1516 1377 1722 1419 xandrum
1745 1379 1868 1419 etiam
1897 1379 2125 1421 Caucasum
2159 1381 2472 1424 transcendisse.
2535 1383 2596 1441 (5)
2637 1376 2773 1427 Occi--

1516 1445 1685 1487 dentem
1707 1460 1849 1487 versus
1871 1446 2001 1488 Indiae
2017 1449 2218 1490 terminus
2237 1458 2298 1491 est
2311 1449 2441 1492 Indus
2454 1453 2587 1493 amnis
2601 1451 2653 1494 ad
2672 1467 2757 1496 ma·
2799 1470 2808 1499 -ῑ

1515 1529 1643 1570 gnum
1678 1530 1879 1557 oceanum
1913 1530 2066 1571 usque,
2092 1517 2163 1558 ubi
2197 1518 2283 1574 ipse
2317 1532 2391 1574 per
2418 1518 2505 1561 duo
2538 1521 2642 1563 ostia
2672 1524 2756 1564 exit
2797 1502 2808 1570 l

1516 1583 1630 1626 haud
1663 1584 1729 1626 illa
1753 1585 1860 1626 inter
1881 1599 1924 1625 se
1953 1586 2211 1641 propinqua,
2243 1586 2597 1642 quemadmodum
2628 1590 2751 1645 quin·

1514 1668 1596 1709 que
1614 1655 1708 1695 Istri
1739 1654 1863 1704 ostia;
1892 1654 1953 1710 (6)
1976 1654 2048 1695 sed
2071 1656 2175 1696 sicut
2199 1656 2273 1697 ista
2293 1656 2401 1707 Nili,
2422 1671 2446 1699 a
2466 1658 2617 1713 quibus
2635 1659 2754 1701 Delta
2782 1673 2783 1678 ¹

1510 1723 1749 1779 AEgyptium
1778 1722 1969 1775 efficitur,
1994 1723 2140 1766 codem
2161 1724 2289 1767 modo
2314 1727 2436 1768 etiam
2467 1727 2597 1770 Indus
2619 1729 2754 1771 amnis

1511 1801 1670 1849 partem
1691 1792 1822 1834 Indiae
1851 1792 1969 1835 Delta
1992 1793 2113 1844 facit,
2139 1809 2272 1850 neque
2301 1775 2364 1836 id‘
2379 1796 2517 1838 minus
2537 1797 2753 1854 AEgyptio,

1511 1860 1625 1928 quod
1641 1860 1809 1917 quidem
1824 1860 2026 1902 Indorum
2042 1861 2178 1915 lingua
2191 1862 2328 1904 Patala
2343 1872 2527 1907 vocatur.
2578 1865 2641 1921 (7)
2658 1868 2755 1920 Qua

1512 1944 1611 1972 vero
1636 1930 1690 1972 ad
1711 1939 1896 1972 austrum
1920 1939 1962 1972 et
1993 1930 2207 1973 meridiem
2231 1933 2359 1986 vergit
2389 1932 2531 1985 India,
2553 1934 2643 1990 ipso
2662 1948 2751 1978 ma·

1510 2013 1593 2053 gno
1616 1999 1717 2040 mari
1733 1998 1963 2050 clauditur;
1986 1999 2202 2041 orientales
2220 1996 2357 2041 a‘utem
2379 1999 2467 2056 ejus
2484 2010 2619 2057 partes
2637 2016 2753 2045 ocea-

1511 2132 1584 2174 uhi
1626 2145 1637 2174 Ξ
1666 2132 1874 2188 Scythae...
1920 2135 2143 2174 Caucasum
2174 2142 2348 2174 montem
2378 2134 2639 2183 Graucasim,
2679 2134 2753 2176 hoc
2802 2160 2808 2183 Ι

1510 2204 1573 2235 ese
1603 2193 1698 2236 nive
1727 2193 1968 2243 candidum,
1990 2196 2007 2247 (
2029 2194 2286 2251 appellavere
2304 2197 2336 2248 ).
2377 2196 2443 2237 Sic
2470 2204 2580 2238 certe
2611 2203 2751 2238 censet

1511 2258 1696 2299 Ritterus
1715 2258 1771 2308 V,
1798 2270 1842 2311 p.
1868 2259 1966 2312 449.
1992 2257 2209 2298 Lassenius
2232 2256 2329 2299 Iud.
2363 2258 2453 2299 Alt.
2490 2260 2526 2310 1,
2550 2272 2594 2315 p.
2621 2272 2675 2300 aa
2698 2258 2751 2300 ad

1511 2320 1681 2362 Caucasi
1704 2333 1855 2361 nomen
1878 2326 2027 2375 praeter
2047 2327 2230 2371 antrum,
2254 2318 2368 2375 quod
2395 2321 2642 2364 Ptometheo
2663 2322 2753 2364 vin·
2777 2326 2797 2373 a}

1511 2380 1729 2433 dicabant,
1761 2380 1932 2423 fortasse
1969 2380 2190 2422 contulisse
2225 2389 2364 2423 censet
2404 2396 2559 2425 nomen
2597 2383 2752 2428 Κασίων

1511 2445 1743 2496 montium,
1784 2458 1889 2500 quos
1925 2444 1968 2485 in
2000 2444 2137 2486 Serica
2171 2452 2373 2487 memorat
2400 2444 2644 2488 Ptolemaeus
2664 2447 2748 2500 v1,
2775 2439 2808 2534 ξ’

1513 2510 1579 2549 15.
1607 2509 1624 2564 ΙΙ
1643 2531 1700 2540 -
1722 2510 1788 2550 16.
1822 2508 1900 2550 ὅτι
1921 2503 2105 2563 ἦλθεν]
2130 2506 2253 2548 fuerit
2273 2508 2333 2549 ὅτι
2356 2506 2536 2560 ἐπῆλθεν.
2561 2508 2579 2564 Ι]
2603 2532 2661 2541 -
2681 2509 2749 2554 18.
2777 2475 2808 2564 ὲΙ

1510 2570 1533 2611 ὁ
1565 2569 1683 2620 Ἰνδὸς
1706 2569 1804 2612 κατὰ
1829 2571 1897 2611 ’δύο
1930 2570 2104 2626 στόματα
2137 2570 2307 2626 καθάπερ
2345 2571 2455 2613 πέντε
2491 2573 2561 2613 τοῦ
2599 2570 2751 2628 Ἴστρου
2771 2558 2808 2639 52}

1510 2633 1592 2675 ἔστι
1607 2635 1769 2689 συνεχέα
1781 2633 1876 2676 cod.
1890 2634 1924 2675 C
1939 2633 2019 2675 hoc
2033 2633 2125 2675 loco
2137 2647 2322 2675 mancus.
2348 2634 2365 2688 ΙΙ
2384 2658 2441 2666 -
2458 2645 2525 2689 19.
2543 2632 2625 2675 δύο
2647 2634 2750 2677 etd-
2775 2629 2808 2711 §d

1510 2698 1669 2754 ματα]
1695 2696 1853 2739 Eodem
1870 2694 1996 2738 modo
2012 2696 2181 2738 Arrian.
2203 2696 2245 2736 in
2263 2693 2424 2751 Exped.
2438 2695 2494 2746 V,
2510 2697 2552 2745 4.
2569 2694 2646 2745 vl,
2672 2693 2745 2748 18}
2762 2737 2766 2743 ,
2786 2698 2808 2755 ’Ξ

1507 2760 1656 2802 Strabo
1673 2774 1718 2816 p.
1747 2764 1844 2814 690.
1869 2773 1965 2814 700.
1997 2772 2100 2814 70¹3
2133 2758 2322 2800 Eustath.
2349 2756 2402 2799 ad
2423 2757 2595 2812 Dionys.
2621 2758 2742 2801 1088.
2798 2759 2808 2814 ξ

1507 2822 1572 2864 Cf.
1595 2831 1683 2865 not.
1703 2821 1756 2864 ad
1779 2825 1858 2864 An.
1881 2821 2029 2878 peripl.
2051 2835 2155 2862 mar.
2181 2820 2348 2876 Erythr.
2380 2821 2404 2872 S
2424 2819 2492 2861 38.
2510 2841 2568 2850 —
2585 2830 2653 2861 20.
2679 2817 2748 2860 ἄλ·
2797 2820 2808 2889 ἓ

1506 2884 1697 2937 λήλοισι..
1722 2884 1884 2939 συνεχέα
1903 2897 1989 2925 om.
2015 2885 2066 2925 A.
2097 2885 2112 2936 Η
2137 2907 2192 2914 -
2210 2896 2277 2923 ao.
2299 2881 2467 2936 καθάπερ
2497 2880 2619 2922 BCD.
2649 2882 2666 2935 ΙΙ
2688 2904 2745 2914 -
2799 2891 2805 2909 ³·

1506 2950 1655 2989 2130ss
1669 2962 1755 2989 om.
1772 2948 1820 2988 C.
1844 2947 1860 3001 ΙΙ
1877 2958 2013 2987 -22.
2028 2946 2107 3001 τὀ]
2128 2944 2280 2987 liabent
2293 2944 2524 2995 ABD30m.
2541 2949 2638 2984 ceu.
2655 2944 2671 2996 ΙΙ
2686 2966 2745 2976 -

1506 3022 1576 3052 22.
1591 3011 1730 3053 ποιέειν
1743 3010 1850 3052 BCD
1885 3009 2058 3063 11-23.
2078 3006 2133 3048 οὗ
2154 3009 2295 3063 μεῖον
2322 3007 2407 3047 τοῦ
2437 3002 2741 3062 Αἰγυπτίου]

1505 3072 1570 3114 Cf.
1599 3072 1760 3129 Exped.
1785 3073 1862 3121 VI,
1892 3086 1956 3126 17,
1983 3084 2008 3112 α
2052 3083 2062 3111 :
2086 3071 2222 3125 μεῖζον
2246 3067 2303 3110 ἔτι
2335 3070 2403 3109 τοῦ
2432 3066 2556 3109 Δέλτα
2585 3069 2654 3109 τοῦ
2674 3066 2742 3109 Αἰ-

1504 3135 1679 3189 γυπτίου.
1702 3133 1824 3176 Haud
1845 3141 2130 3180 1·ectetamen;
2156 3144 2253 3172 nam
2274 3143 2405 3186 quum
2427 3127 2546 3171 Delta
2561 3128 2739 3186 AEgypui
2786 3179 2795 3184 μ

1505 3196 1611 3252 basis
1626 3198 1677 3238 sit
1695 3198 1801 3238 ¹300
1820 3196 1902 3236 fere
1927 3194 2172 3243 stadiorum,
2190 3201 2237 3234 ut
2255 3193 2351 3234 satis
2369 3199 2479 3234 recte
2492 3190 2642 3234 Strabo
2660 3199 2742 3235 tra·

1503 3258 1580 3309 dit,
1602 3259 1734 3301 Indici
1757 3258 1872 3300 Delta
1897 3261 1950 3311 (a
1965 3257 2075 3298 Pieri
2094 3257 2199 3297 ostio
2223 3254 2276 3297 ad
2311 3253 2402 3297 Cori
2424 3261 2503 3296 ost.
2527 3253 2671 3310 >basia
2688 3263 2762 3311 110Η
2780 3284 2786 3298 ι.

1504 3320 1612 3362 mille
1641 3319 1808 3377 quidem
1832 3319 2059 3360 stadiorum
2096 3326 2171 3359 cst.
2198 3318 2311 3359 Vero
2346 3316 2561 3373 proximus
2644 3316 2655 3327 ”
2750 3365 2769 3373 Ι

1503 3382 1624 3424 bulus
1635 3382 1721 3424 duo
1731 3381 1864 3424 Indici
1881 3381 1997 3423 Delta
2009 3381 2113 3422 ostia
2128 3378 2281 3421 distare
2291 3379 2452 3421 censuit
2464 3376 2596 3421 stadia
2610 3379 2683 3422 mi
2739 3412 2746 3434 Α.
2768 3382 2780 3397 ²

1500 3446 1712 3487 Nearchus
1723 3444 1827 3487 stad.
1852 3446 1971 3494 1800,
1989 3443 2243 3485 Onesicritus
2259 3455 2368 3486 2000
2378 3440 2524 3493 stadia,
2538 3439 2625 3484 ref-

1501 3508 1701 3550 Strabone
1714 3522 1756 3564 p.
1783 3521 1878 3563 70¹·
1902 3508 1990 3561 11-
2008 3509 2077 3556 24.
2099 3505 2331 3562 Πάταλα]
2350 3506 2409 3547 sic
2427 3502 2551 3547 codd.
2568 3502 2712 3548 ΑΒΘ
2728 3499 2764 3551 '1'-

1502 3570 1624 3625 vulgo
1648 3570 1845 3612 Πάτταλα.
1865 3572 2061 3612 Praestare
2091 3569 2267 3611 sormam
2286 3566 2450 3610 Πάταλα
2470 3581 2520 3610 ex
2541 3580 2613 3609 ex
2628 3586 2675 3602 w
2707 3621 2709 3625 Α
2738 3562 2753 3625 ᾗ

1502 3634 1544 3674 in
1566 3633 1709 3689 Steph.
1728 3633 1855 3675 Thes.
1876 3647 1910 3674 s.
1931 3646 1972 3675 v.
1996 3632 2198 3686 congestis
2227 3630 2445 3687 colligitur.
2482 3649 2499 3667 ι
2521 3625 2658 3672 th

1501 3696 1579 3738 wol
1597 3695 1665 3738 die
1680 3694 2192 3749 Brahmanenbenennung
2206 3693 2281 3736 der
2308 3706 2463 3750 gamen
2486 3694 2592 3736 Lan·
2634 3712 2676 3725 w
2698 3715 2701 3722 1
2728 3702 2737 3716 ·“
2756 3690 2758 3695 ’

1501 3759 1557 3800 im
1598 3761 1775 3802 Westen
1805 3773 1932 3814 gegen
1964 3758 2382 3813 Sonnenuntergang,
2416 3756 2474 3798 im
2510 3756 2598 3811 Geg
2708 3800 2717 3803 ,
2752 3785 2761 3810 3

1500 3820 1576 3862 der
1593 3822 1753 3863 Prasier
1771 3823 1786 3875 (
1802 3820 2011 3863 Ost-reich
2033 3819 2046 3878 )
2066 3821 2122 3862 im
2141 3817 2447 3874 Gangeslande;
2471 3816 2582 3860 denn
2601 3802 2777 3859 w

1502 3883 1543 3923 la
1571 3884 1621 3925 ist
1644 3883 1712 3926 die
1747 3882 2069 3940 mythologisebe
2100 3881 2538 3935 Sanskritbenennung
2562 3877 2633 3921 mr
2658 3859 2801 3924 ‘—

1500 3946 1749 3997 Unterwelt,
1773 3946 1858 3988 also
1878 3945 1951 3987 das
1971 3943 2232 3988 Abendland.
2255 3961 2271 3984 ο
2297 3946 2459 3987 ltu-nn
2487 3943 2544 3994 V,
2561 3931 2735 3998 1).ἥᾶΒὲ

1500 4009 1564 4051 Cf.
1595 4010 1774 4051 Vincent
1804 4009 1884 4051 The
1907 4022 2122 4051 commerce
2145 4005 2232 4050 and
2251 4005 2393 4060 navig.
2421 4005 2463 4048 in
2489 4004 2554 4047 tlte
2574 3997 2726 4046 [αὕτη
