2808 4342
472 53 517 101 Ο

686 135 728 179 0

166 270 255 310 532
507 277 553 320 Ο

165 365 236 407 τοῦ
267 354 466 418 περίπλου
494 342 644 394 παντὸς
675 343 747 386 τοῦ
781 336 988 399 Περσικοῦ
1021 332 1177 376 κόλπου
1214 326 1298 372 ἀπὸ
1326 329 1400 372 τοῦ

164 425 349 474 ’Aeaeam
366 420 483 480 ὄρους
500 413 573 460 καὶ
591 415 664 456 τοῦ
687 398 1156 464 Ἀσαὸῶν-ἇκρωτηρίου
1185 396 1310 460 μέχρι
1330 399 1401 440 τοῦ
1429 427 1440 436 .

165 490 441 555 Σεμιράμιδος
469 479 717 545 στρογγύλου
746 476 864 538 ὄρους
889 470 962 518 καὶ
991 468 1239 532 Καρπέλλης
1265 467 1401 527 ἄχρω·

162 562 302 627 τηρίου
321 556 513 622 [στάδιοι
535 570 602 614 ’,α’
614 547 725 611 ςψζᾌ

121 648 142 678 ο
227 648 287 680 28.
327 625 448 676 Μετὰ
491 623 533 667 δὲ
571 619 645 672 τὴν
689 614 940 677 Κάρπελλαν
982 606 1149 671 ἄκραν]
1190 604 1401 665 ἐκδέχεται

164 701 212 747 τὸ
234 697 403 747 Ἰνδικὸν
427 691 604 750 πέλαγος
634 685 734 748 πρὸς
763 679 965 731 ἀνατολὰς
987 675 1280 735 ἐκτεινόμενον·
1304 665 1339 735 ᾧ
1362 671 1408 716 τὸ

167 768 404 825 λειπόμενον
434 759 557 822 μέρος
572 759 644 810 τῆς
672 751 916 816 Καρμανίας
941 746 1122 811 παρήκει
1145 743 1268 805 μέχρι
1293 744 1407 788 Μου-

166 835 369 899 σαρναίων
388 834 478 893 γῆς.
548 823 795 885 Ἐκδέχεται
810 819 943 868 τοίνυν
963 816 1071 879 μετὰ
1088 814 1163 870 τὴν
1184 813 1312 874 ἄκραν
1332 813 1407 866 τὴν

171 904 422 967 Κάρπελλαν
451 898 638 959 μέγιστος
661 893 814 944 κόλπος
856 892 878 934 ὃ
901 886 1151 946 καλούμενος
1175 880 1409 943 Παράγων,

107 1005 145 1036 10
170 974 318 1029 διήκων
336 970 464 1032 μέχρι
481 971 550 1012 τοῦ
564 960 823 1025 {xpm-apion
839 963 911 1004 τοῦ
929 953 1185 1015 καλουμένου
1203 948 1413 1009 Ἀλαμὸα-

171 1043 260 1105 τὴρ,
281 1042 350 1088 καὶ
367 1042 441 1095 τῆς
461 1035 590 1092 νήσου
607 1035 679 1087 τῆς
695 1027 952 1089 καλουμένης
973 1024 1120 1079 Ζίὸης.
1149 1019 1220 1068 Τὰ
1239 1019 1282 1064 δὲ
1305 1016 1413 1063 κατὰ

172 1112 292 1174 μέρος
313 1108 440 1159 οὕτως
455 1104 560 1168 ἔχει.
630 1099 731 1147 Ἀπὸ
759 1097 1006 1159 Καρπέλλης
1026 1093 1155 1156 ἄκρας
1172 1090 1227 1141 εἷς
1250 1085 1414 1135 Κανθά-

170 1201 231 1227 τιν
254 1180 373 1226 πόλιν
397 1177 557 1223 στάδιοι
582 1190 637 1235 Ια.
706 1169 916 1216 Ἐνταῦθα
930 1165 1197 1226 παροικοῦσιν
1215 1160 1252 1204 οἱ
1269 1155 1415 1202 καλού-

173 1269 286 1311 μενοι
301 1245 600 1309 Πασαργάδαι,
618 1245 691 1288 τοῦ
713 1238 950 1298 Καρμανῶν
968 1232 1079 1283 ὄντες
1096 1229 1248 1292 γένους.
1314 1223 1416 1271 Ἀπὸ

114 1358 132 1385 5
174 1321 215 1367 δὲ
242 1318 496 1369 Κανθάτιδος
518 1313 679 1363 πόλεως
706 1311 762 1360 εἰς
782 1305 983 1369 ’Ἀγρισαν
1012 1301 1130 1347 πόλιν
1156 1297 1315 1345 στάδιοι
1340 1294 1416 1340 ον’.

174 1390 274 1437 Ἀπὸ
297 1389 341 1434 δὲ
372 1385 563 1447 Ἀγρίσης
596 1383 756 1430 πόλεως
793 1376 860 1423 ἐπὶ
882 1372 1091 1433 Ὀμμανα
1113 1366 1309 1428 ἐμπόριον
1338 1366 1418 1409 τῶν

176 1458 392 1519 ἐπισήμων
409 1455 569 1501 στάδιοι
584 1450 645 1513 χ’.
715 1445 817 1495 Ἀπὸ
836 1445 878 1490 δὲ
900 1440 1129 1501 Ὀμμάνων
1147 1437 1216 1483 ἐπὶ
1238 1434 1420 1494 Ῥόγανα

178 1529 338 1577 στάδιοι
362 1524 440 1589 ρν’.
509 1522 611 1568 Ἀπὸ
634 1519 675 1565 δὲ
701 1514 909 1575 Ῥογάνων
938 1513 993 1563 εἷς
1014 1506 1209 1570 Σαλάρου
1232 1505 1421 1563 ποταμοῦ

179 1597 352 1649 ἕκὸολᾶς
378 1593 537 1641 στάδιοι
563 1588 638 1654 ρν’.
710 1585 809 1633 Ἀπὸ
845 1582 886 1628 δὲ
911 1577 1105 1640 Σαλάρου
1142 1577 1333 1631 ποταμοῦ
1357 1570 1424 1618 ἐπὶ

117 1685 137 1713 2
180 1667 348 1716 Πασίδα
366 1663 524 1711 στάδιοι
548 1661 604 1707 σ’.
675 1655 779 1703 ’Λπὸ
802 1652 843 1699 δὲ
869 1649 1053 1699 Πασίδος
1078 1648 1133 1698 εἷς
1167 1642 1425 1703 Σαμυδάκην

182 1738 299 1783 πόλιν
317 1733 475 1781 στάδιοι
495 1730 550 1776 σ’.
619 1728 825 1775 Ἐνταῦθα
844 1721 1089 1783 παροικοῦσι
1114 1711 1425 1774 Χελωνοφάγοι,

181 1811 251 1862 τῆς
278 1802 523 1866 Καρμανίας
545 1798 616 1846 καὶ
641 1795 758 1843 αὗτοὶ
785 1792 1072 1854 τυγχάνοντες.
1140 1782 1239 1829 Ἀπὸ
1268 1781 1311 1827 δὲ
1336 1783 1427 1827 Σα-

185 1874 370 1936 μυδάκης
387 1873 545 1921 πόλεως
564 1868 632 1915 ἐπὶ
653 1863 910 1924 Σαμυδάκου
929 1859 1118 1915 ποταμοῦ
1137 1850 1309 1902 ἐκὸολὰς
1328 1848 1428 1894 στά-

186 1946 263 1990 διοι
282 1943 340 2004 φ’.
407 1941 507 1988 Ἀπὸ
527 1940 568 1986 δὲ
591 1934 847 1997 Σαμυδάκου
865 1930 1053 1988 ποταμοῦ
1079 1926 1133 1976 εἰς
1159 1920 1284 1977 Τησόι
1314 1918 1431 1964 πόλιν

128 2029 167 2057 :5
187 2012 343 2060 στάδιοι
370 2012 423 2058 υ’.
490 2006 589 2055 Ἀπὸ
612 2006 654 2052 δὲ
687 2001 815 2057 Trux&
837 1998 995 2049 πόλεως
1018 1997 1074 2046 εἷς
1099 1989 1339 2052 ’1“δριάκου.
1354 2004 1430 2031 πο-

187 2087 320 2144 ταμοῦ
339 2078 513 2129 ezeeh<
530 2076 688 2122 στάδιοι
709 2073 764 2119 σ’.
837 2068 934 2115 Ἀπὸ
954 2066 996 2111 δὲ
1021 2068 1090 2109 τοῦ
1108 2059 1332 2123 Ἱ“δριάκου
1358 2074 1431 2100 πο·

188 2156 323 2212 ταμοῦ
344 2148 526 2197 ἐκὸολῶν
552 2144 618 2191 ἐπὶ
640 2142 800 2202 Βαγίαν
823 2138 952 2199 ἄκραν
971 2133 1126 2181 στάδιοι
1147 2130 1202 2177 υ’.
1270 2124 1373 2174 Ἀπὸ
1394 2123 1434 2169 δὲ

193 2220 349 2281 Bet-sca<
372 2218 503 2280 ἄκρας
526 2216 581 2264 εἷς
604 2212 740 2264 Κῦἵζα
765 2206 914 2266 λιμένα
942 2202 1101 2248 στάδιοι
1125 2197 1200 2246 ον’.
1267 2194 1369 2242 Ἀπὸ
1393 2192 1435 2238 δὲ

194 2285 355 2342 Κυΐζων
373 2284 538 2346 λιμένος
557 2284 613 2332 εἷς
636 2272 910 2337 Ἀλαμὸατὴρ
931 2268 1185 2332 ἀκρωτήριον
1202 2263 1360 2310 στάδιοι
1377 2259 1431 2308 υ’.

133 2382 170 2410 ,το
195 2358 315 2407 Κατὰ
348 2359 481 2402 ταῦτα
506 2351 626 2414 [τὰ]
653 2348 760 2411 μέρη
796 2350 930 2390 κεῖται
953 2343 1072 2395 νῆσος
1101 2332 1282 2396 πελαγία
1317 2330 1436 2377 Πόλα

193 2426 444 2486 καλουμένη.
515 2414 844 2482 Παράκειταιδὲ
867 2414 926 2474 τῷ
950 2405 1221 2468 Ἀλαμὸατὴρ
1244 2405 1437 2463 ἀκρωτη-

198 2498 270 2561 ρίῳ
288 2500 409 2552 νῆσος
433 2488 669 2551 καλουμένη
700 2484 823 2541 Ζίὸη.
892 2481 1099 2527 Ἐνταῦθα
1134 2476 1328 2521 τελευτᾶν
1364 2468 1435 2515 τὸν

208 2634 969 2660 .-—-—--—-——-——--

206 2739 223 2791 ll
244 2758 300 2767 —-
319 2748 333 2774 1
347 2766 355 2774 .
378 2735 446 2773 τοῦ
470 2729 617 2773 Ἇσάὸω
642 2728 752 2782 ὄρους
773 2723 839 2765 καὶ
859 2724 927 2773 τῆς
955 2717 1108 2774 Ἀγαὸὼ
1125 2715 1268 2770 ἀκρωτ.
1293 2709 1446 2759 codex3

204 2812 287 2839 em.
322 2795 476 2837 Salmas
513 2795 662 2834 Exere.
698 2788 804 2830 Plin.
844 2799 888 2841 p.
922 2783 1019 2824 351.
1061 2779 1213 2835 11—3.
1238 2773 1451 2830 Σεράμιδος

203 2858 298 2901 cod.
325 2860 341 2910 ll
361 2880 417 2888 —-
443 2859 486 2904 4.
510 2853 674 2895 Inclusa
699 2848 900 2903 supplevi.
924 2847 987 2886 De
1017 2854 1193 2883 numero
1220 2835 1449 2879 stadiorum

209 2925 343 2975 16790
366 2917 458 2957 vide
480 2923 566 2956 not.
607 2912 658 2953 ad
682 2915 705 2963 §
740 2912 806 2950 51.
842 2911 892 2948 111
927 2900 1267 2946 antecedentibus
1286 2895 1449 2939 numeri

204 2982 436 3026 afferuntur
462 2978 505 3019 hi
529 2989 539 3017 z

208 3063 274 3106 Ab
288 3059 454 3106 Asabon
480 3070 547 3113 pr.
573 3053 625 3096 ad
647 3052 888 3095 Maesaniten
913 3049 1048 3088 sinum
1068 3042 1199 3085 stadia
1260 3042 1367 3088 5140

210 3130 244 3168 A
255 3123 370 3179 Tigri
381 3120 433 3163 ad
450 3118 624 3161 Oroatin
632 3134 1199 3158 .............
1261 3103 1310 3150 34
1318 3102 1370 3141 30

213 3188 321 3228 Hinc
340 3183 393 3226 ad
411 3179 640 3237 Bagradam
648 3196 1197 3220 .............
1259 3166 1368 3213 3400

212 3242 1202 3301 HincadCarpellam.............
1262 3227 1372 3276 4250

1240 3309 1373 3345 16220

213 3407 376 3463 Quibus
397 3402 639 3448 addendum
658 3407 718 3441 est
746 3397 924 3454 spatium
954 3390 1068 3449 quod
1095 3387 1343 3443 relinquitur
1361 3382 1458 3426 inde

214 3484 238 3511 a
259 3470 354 3511 sinu
372 3465 585 3510 Maesanite
611 3474 742 3516 usque
763 3458 816 3501 ad
833 3455 1015 3512 Tigridis
1037 3467 1083 3496 os
1104 3447 1316 3494 orientale.

271 3533 295 3584 S
317 3528 430 3579 28,1.
445 3542 487 3582 7.
501 3523 798 3579 Μουσαρμάνων
812 3523 885 3576 γῆς
905 3517 1000 3561 cod.
1023 3517 1113 3572 11-
1130 3527 1195 3557 10.
1221 3507 1460 3566 Ἀλαμὸα-

216 3590 339 3647 τὴρ]
358 3592 424 3632 Sic
439 3603 552 3631 nunc
576 3588 619 3629 in
637 3584 860 3629 Ptolemaeo
882 3580 1036 3630 editur,
1058 3577 1130 3619 ubi
1151 3573 1245 3616 vide
1260 3586 1346 3614 var.
1363 3569 1457 3613 tect.

217 3652 467 3712 ap.Wilbg.
486 3665 530 3706 p.
551 3651 631 3699 414
648 3664 659 3699 ;
681 3645 926 3702 Ἀλαμδαπῦρ
942 3642 986 3685 11.
1007 3641 1053 3693 1.,
1079 3634 1343 3694 Ἀλαμὸατεὶρ
1359 3639 1456 3676 cett.

219 3716 320 3760 locis
337 3713 471 3759 codex
489 3720 645 3755 noster.
667 3712 760 3765 11-
778 3722 844 3751 11.
865 3706 1015 3759 Ζίὸης
1037 3705 1052 3761 ]
1071 3703 1186 3750 Ξίὸος
1199 3700 1244 3743 11.
1262 3699 1290 3742 Ι.
1311 3694 1457 3740 codex.

221 3778 300 3822 Sed
323 3776 431 3821 infra
449 3774 583 3818 insula
601 3773 694 3814 2162
724 3779 916 3818 vocatum
948 3782 1016 3825 ap.
1048 3765 1154 3809 Ptol.
1172 3762 1305 3805 insula
1324 3761 1461 3816 ignota

222 3841 338 3884 audit
359 3839 471 3883 Λίὸα.
504 3838 523 3892 ΙΙ
546 3860 605 3870 -
627 3848 695 3878 12.
727 3834 855 3875 Κανθ
870 3831 1006 3887 άτιν]
1026 3830 1085 3871 sic
1119 3826 1244 3875 Ptol.;
1276 3822 1464 3866 Κανιάτιν

224 3902 320 3946 cod.
353 3904 370 3956 ss
389 3925 447 3934 —
468 3901 535 3950 14.
552 3898 686 3940 ῐῐασα
699 3911 752 3953 ργ
767 3896 878 3936 άδαι
896 3895 910 3949 ]
928 3894 987 3935 sic
1000 3890 1193 3940 Ptolem.;
1216 3884 1466 3942 Πασαργάδις

228 3965 375 4014 codex,
393 3964 466 4019 qui
487 3961 600 4003 dein.
623 3973 634 4003 ι
653 3958 699 4001 οὗ
723 3958 937 4014 Καρμανῶν
959 3955 1066 4002 ὄντες
1085 3951 1221 4008 ἔγγῦςς
1236 3963 1319 3991 em.
1338 3948 1463 3989 Voss.

233 4029 250 4080 ll
275 4051 332 4059 —
351 4027 415 4068 15.
440 4023 682 4080 Κανράτιδος
695 4020 791 4063 cod.
813 4021 830 4075 n
849 4043 907 4051 —
926 4021 991 4060 16.
1013 4015 1088 4058 ἀπὸ
1106 4014 1148 4056 δὲ
1164 4013 1299 4068 ’Λγρις
1313 4012 1381 4062 τῆς
1398 4007 1467 4051 πό-

229 4087 328 4136 λεως
356 4087 451 4129 cod.
476 4085 600 4142 Apud
636 4084 810 4128 Ptolem.
844 4082 944 4124 urbs
977 4080 1111 4135 Ἀγρις
1145 4083 1329 4118 vocatur.
1365 4074 1382 4126 ΙΙ
1412 4094 1467 4103 -

1035 226 1339 284 muctam
1372 210 1824 271 nssaAcLEeNsts

970 2610 1836 2639 ---—.-—--———-—-—-

2563 210 2708 271 ‹w›

1472 327 1629 387 parapli
1647 325 1701 368 ab
1716 323 1952 368 Asabon-um
1963 328 2106 363 monte
2117 327 2161 362 ot
2169 319 2405 363 Asaborum
2422 316 2714 373 promontorio
2730 330 2734 337 ’

1475 437 1607 480 usque
1621 421 1675 463 ad
1690 416 1973 464 Semiramidis
1989 413 2219 457 rotundum
2233 421 2418 456 montem
2431 420 2471 454 et
2486 409 2712 466 Carpellam
2735 451 2739 455 ,
2777 400 2780 401 ’

1474 513 1812 575 promontorium
1837 508 2013 566 [stadia
2035 511 2185 563 16790.

1532 617 1603 657 28.
1629 617 1731 655 Post
1745 610 1971 668 Car-pellam
1981 602 2309 665 promontorium
2325 603 2343 660 ]
2360 603 2512 659 excipit
2524 602 2719 645 Indicum

1477 687 1644 744 pelagus
1662 686 1865 727 orientem
1893 694 2035 724 vctsus
2056 686 2288 726 extensum,
2308 674 2428 731 juxta
2445 673 2559 731 quod
2574 681 2637 716 eet
2653 687 2720 716 re-

1479 761 1592 816 liqua
1608 757 1837 801 Carmania!
1864 768 1960 812 pars
1978 766 2109 809 usque
2126 749 2178 793 ad
2199 751 2533 792 Musarnaeorum
2552 754 2720 790 teum.
2739 779 2753 818 l

1481 835 1580 876 Post
1590 829 1819 887 Car-pellam
1832 827 1959 883 igitur
1970 824 2304 882 promontorium
2320 820 2508 877 sequitur
2519 818 2724 863 maximus
2770 847 2771 850 ,

1482 909 1620 955 sinus,
1655 905 1844 957 Paragon
1877 905 2157 954 nuncupatus,
2191 897 2263 951 qui
2295 894 2472 951 pertinet
2507 907 2638 949 usque
2670 891 2725 935 ad
2745 873 2766 909 ⁸⁷

1482 975 1818 1036 promontorium
1838 970 2076 1016 Alambater
2093 969 2251 1010 dictum
2280 975 2321 1008 et
2338 966 2513 1008 insulam
2538 980 2631 1022 quae
2653 978 2724 1007 vo·

1483 1060 1603 1094 catur
1633 1050 1735 1092 Ziba
1766 1049 1783 1102 (
1800 1045 1907 1089 Liba
1917 1052 1940 1086 ,ὓ
1953 1046 1987 1099 ).
2047 1041 2214 1096 Singula
2250 1053 2349 1081 vero
2382 1040 2441 1082 sic
2475 1052 2519 1080 se
2553 1037 2722 1081 babent.

1487 1132 1519 1171 A
1542 1125 1727 1183 Carpella
1748 1120 2042 1180 promontorio
2059 1117 2114 1160 ad
2137 1115 2358 1159 Canthatin
2379 1114 2583 1156 civitatem
2597 1112 2728 1156 stadia
2784 1108 2786 1110 ’

1492 1217 1610 1246 1000.
1670 1201 1751 1242 Hic
1779 1197 1969 1240 habitant
2000 1194 2071 1250 qui
2104 1189 2342 1246 Pasargadae
2373 1187 2646 1246 appellantur,
2677 1201 2727 1228 ex

1488 1281 1791 1320 Carmanorum
1808 1285 1973 1327 genere.
2033 1268 2099 1311 Ab
2116 1266 2221 1309 urbe
2242 1261 2488 1307 Canthatide
2509 1259 2562 1303 ad
2585 1260 2729 1304 urbem

1489 1351 1678 1405 Agrisam
1692 1346 1823 1389 stadia
1835 1345 1931 1387 250.
1992 1342 2060 1385 Ab
2079 1340 2225 1395 Agrisa
2236 1337 2339 1379 urbe
2349 1335 2403 1378 ad
2414 1337 2622 1378 Ommana
2642 1346 2729 1376 em·

1488 1424 1655 1480 porium
1668 1421 1828 1475 insigne
1843 1416 1975 1460 stadia
1994 1419 2089 1457 600.
2152 1411 2218 1455 Ab
2237 1409 2453 1453 Ommanis
2464 1406 2517 1449 ad
2538 1407 2752 1462 Rhogana·
2773 1423 2776 1427 ’

1491 1495 1622 1539 stadia
1645 1494 1739 1536 150.
1800 1494 1837 1534 A
1859 1489 2069 1544 Rboganis
2101 1485 2155 1528 ad
2187 1484 2313 1527 Salari
2339 1482 2454 1524 ssuvii
2480 1481 2584 1523 ostia
2605 1477 2736 1522 stadia
2760 1501 2765 1506 ·

1497 1573 1592 1613 150.
1656 1571 1693 1611 A
1713 1566 1852 1610 Salaro
1878 1572 2016 1607 autem
2035 1561 2163 1603 ssuvio
2182 1557 2236 1599 ad
2264 1554 2455 1600 Pasidcm
2478 1553 2609 1596 stadia
2637 1566 2732 1596 200.
2765 1606 2768 1610 ,

1496 1647 1533 1686 A
1555 1640 1703 1685 Paside
1731 1638 1785 1681 ad
1806 1636 2073 1693 Samydacem
2107 1632 2313 1674 civitatem
2335 1627 2467 1671 stadia
2498 1641 2595 1669 200.
2655 1625 2735 1666 uic
2780 1644 2782 1646 v

1491 1711 1613 1767 juxta
1637 1708 1826 1751 habitant
1857 1701 2182 1759 Chelonophagi,
2215 1699 2292 1755 ipsi
2321 1709 2488 1753 quoque
2506 1692 2736 1736 Carmaniae

1497 1794 1611 1834 gens..
1672 1776 1739 1820 Ab
1757 1775 1860 1817 urbe
1882 1770 2109 1827 Samydace
2139 1767 2191 1811 ad
2228 1767 2334 1809 ostia
2366 1761 2580 1820 Samydaci
2621 1760 2738 1803 fluvii

1497 1846 1628 1889 stadia
1647 1845 1744 1888 500.
1805 1849 1841 1885 A
1860 1838 2088 1896 Samydaco
2106 1837 2237 1878 ssuvio
2251 1833 2305 1876 ad
2318 1835 2425 1875 Toea
2445 1830 2591 1873 urbem
2610 1827 2740 1871 stadia

1501 1921 1598 1966 400.
1658 1912 1725 1956 Ab
1744 1912 1862 1953 Tusa·
1879 1908 1982 1950 urbe
2013 1904 2067 1947 ad
2088 1904 2191 1947 ostia
2220 1900 2437 1958 Hydriaoe:
2466 1897 2580 1939 fluvii
2610 1894 2742 1938 stadia

1502 1998 1598 2027 200.
1660 1981 1727 2025 Ab
1752 1980 1867 2022 ostiis
1886 1975 2104 2033 Hydriae-ze
2132 1971 2248 2014 fluvii
2277 1968 2331 2012 ad
2350 1968 2518 2023 Bagiam
2538 1978 2739 2022 promon-

1502 2055 1658 2095 torium
1689 2048 1820 2091 stadia
1852 2050 1948 2095 400.
2011 2046 2047 2086 A
2072 2042 2195 2096 Bagia
2226 2035 2516 2096 promontorio
2547 2033 2600 2076 ad
2621 2033 2742 2089 Cyiu

1503 2130 1671 2179 portum
1706 2115 1839 2158 stadia
1867 2113 1964 2155 250.
2027 2114 2062 2153 A
2094 2109 2228 2165 Cyizis
2260 2114 2386 2163 portu
2415 2102 2468 2146 ad
2510 2100 2747 2145 Alambater

1504 2186 1841 2247 promontorium
1874 2181 2005 2223 stadia
2035 2182 2131 2229 400.
2190 2179 2317 2219 Juxta
2345 2173 2434 2216 haec
2467 2171 2556 2214 loca
2589 2171 2632 2212 in
2665 2168 2747 2211 alto

1501 2257 1611 2314 jacet
1659 2252 1794 2296 insuta
1827 2249 1929 2293 Pola
1966 2246 2188 2304 (Pollae')
2226 2242 2453 2285 nominata.
2513 2237 2749 2282 Alambatcr

1508 2333 1647 2367 autem
1665 2317 1957 2378 promontorio
1989 2313 2148 2370 adjacet
2169 2310 2302 2352 insula
2324 2308 2426 2351 Ziba
2457 2306 2472 2364 (
2489 2305 2654 2360 Libaae’)
2675 2317 2749 2361 ap-

1509 2395 1669 2452 pellata.
1730 2390 1812 2433 Hic
1831 2389 1969 2429 sinum
1982 2417 1993 2437 ,
2014 2384 2089 2441 qui
2115 2385 2302 2436 Paragon
2323 2377 2659 2433 cognominatur,
2678 2373 2751 2416 de-

1510 2466 1644 2506 sinere
1665 2474 1792 2517 supra
1810 2457 2007 2499 diximus.
2068 2454 2142 2494 Est
2159 2458 2296 2492 autem
2313 2448 2443 2489 totius
2457 2442 2545 2501 ejus
2559 2442 2751 2501 paraplus

2152 2601 2330 2610 0————-—

1526 2707 1591 2745 16.
1612 2701 1771 2756 Ὄμανα
1783 2697 1880 2739 hoc.
1908 2694 1937 2735 1.
1968 2690 2124 2741 codex;
2144 2688 2216 2731 sed
2246 2702 2341 2730 mox
2366 2684 2441 2727 ἀπὸ
2461 2681 2504 2726 81
2526 2681 2755 2739 Ὀμμανῶν·
2804 2694 2808 2743 ἰ

1520 2769 1732 2819 Anonym.
1762 2757 1911 2816 peripl.
1936 2770 1994 2797 111.
2015 2752 2184 2809 Erythr.
2210 2751 2305 2804 §36
2332 2762 2375 2804 p.
2393 2746 2474 2790 285
2501 2758 2513 2788 z
2537 2742 2756 2801 ἕμπόριον..

1518 2827 1568 2869 τὰ
1591 2824 1791 2881 λεγόμενα
1813 2820 2004 2875 Ὄμμανα
2042 2814 2133 2872 (sic
2160 2811 2291 2865 codex
2325 2809 2516 2860 Palatin.;
2546 2820 2633 2850 11011
2661 2819 2761 2848 νοω
2788 2808 2797 2834 ‘s

1522 2889 1682 2945 Ὀμανα
1694 2887 1727 2941 ).
1760 2886 1810 2926 111
1846 2880 2068 2924 Ptolemaeo
2091 2891 2133 2933 p.
2153 2875 2309 2926 413,30
2330 2869 2494 2915 codices
2513 2882 2523 2911 ε
2546 2867 2760 2926 Νόμμανα,

1519 2950 1728 3007 Νόμὸανα,
1746 2946 1938 3002 Κόμμανα
1953 2958 1964 2994 ;
1981 2938 2231 2995 vulgoeditt.
2246 2934 2445 2991 Κομὸάνα.
2464 2933 2483 2989 ΙΙ
2503 2956 2562 2965 -
2575 2944 2642 2987 17.
2661 2928 2781 2972 ‘Po--

1522 3012 1679 3069 γανα]
1718 3010 1786 3052 Sic
1817 3009 1939 3050 etiam
1972 3001 2085 3061 apud
2115 3000 2288 3044 Ptolem.
2327 2995 2491 3039 codices
2526 2992 2780 3049 Wilbergi„

1524 3075 1626 3116 dum
1647 3082 1803 3115 veteres
1828 3069 2031 3112 editiones
2048 3064 2202 3107 habent
2223 3062 2393 3117 Γόγανα,
2412 3058 2582 3100 sortasse
2594 3054 2762 3098 metius.
2780 3070 2782 3074 ·

1523 3137 1587 3178 Cf.
1619 3143 1707 3176 not.
1738 3132 1790 3175 ad
1822 3131 1989 3174 Arrian.
2011 3126 2107 3169 Ind.
2142 3140 2186 3181 p.
2218 3125 2316 3177 349.
2353 3121 2538 3176 11-20.
2565 3116 2628 3161 ἰπὶ
2642 3114 2765 3159 noel·
2797 3133 2808 3152 1

1528 3199 1628 3239 δα...
1652 3195 1727 3237 ἀπὸ
1747 3194 1926 3235 Πασιδῶν
1944 3189 2099 3238 codex;
2124 3201 2191 3242 ap.
2213 3183 2388 3227 Ptolem.
2406 3182 2449 3223 iu
2474 3177 2600 3223 codd.
2623 3177 2763 3222 wilh.

1528 3257 1731 3315 oppidum
1751 3263 1922 3297 vocatur
1951 3251 2089 3300 Μασίς,
2117 3247 2261 3298 Μασίν,
2280 3244 2403 3300 vulgo
2430 3241 2571 3285 editur
2588 3234 2780 3298 Met-528³.

1527 3320 1726 3364 Marciani
1759 3317 2005 3372 scripturam
2038 3313 2242 3369 potiorem
2271 3307 2429 3358 habeo,
2463 3317 2596 3362 quum
2626 3303 2767 3347 omnin

1528 3381 1728 3425 suadeant
1746 3378 1937 3423 Pasidem
1966 3390 2053 3418 esse
2084 3372 2329 3417 hodiernam
2353 3366 2557 3422 Pagiseaa
2598 3366 2657 3410 V.
2678 3372 2767 3411 nm·

1527 3445 1579 3488 ad
1601 3445 1768 3488 Arrian.
1793 3442 1822 3484 Ι.
1843 3441 1871 3483 l.
1901 3442 1919 3494 11
1941 3464 1999 3472 -
2018 3452 2087 3482 20.
2107 3432 2419 3492 εἶσαμυδακὴν...
2439 3429 2515 3474 ἀπὸ
2530 3428 2573 3472 Bi
2588 3428 2768 3487 Σαμυδι·

1528 3510 1596 3560 κῆς
1617 3506 1764 3549 codex.
1789 3503 1998 3559 Σαμυδάκη
2031 3515 2099 3558 ap.
2121 3498 2228 3542 Ptol.
2264 3498 2282 3552 u
2305 3518 2361 3529 —-
2381 3494 2452 3537 23.
2480 3490 2767 3549 Σαμυλακοῦ...

1530 3569 1606 3611 ἀπὸ
1624 3568 1853 3625 Σαμυδάκου
1873 3563 1969 3608 cod.
1991 3566 2008 3620 ss
2030 3587 2087 3596 —
2107 3562 2176 3604 25.
2193 3557 2353 3614 Τησὰ]
2383 3556 2443 3598 sic
2461 3553 2593 3598 codex
2610 3552 2654 3596 11.
2680 3551 2711 3596 1.
2729 3559 2775 3596 et

1532 3647 1629 3674 mox
1657 3632 1806 3673 iterum
1833 3628 1989 3684 absque
2010 3624 2299 3667 declinatione.
2334 3615 2541 3662 Ptolemaei
2569 3613 2734 3658 codiee·
2757 3608 2782 3656 2v

1529 3695 1663 3748 Τῆσα,
1687 3694 1784 3735 Τίσα
1815 3691 1947 3733 Τείσα.
1981 3686 2117 3731 Hodie
2142 3685 2233 3730 Tiz.
2270 3684 2288 3739 ΙΙ
2310 3705 2367 3714 -
2384 3680 2454 3723 25.
2487 3674 2772 3734 Ὗδριάιιου]

1535 3759 1593 3798 sic
1612 3756 1735 3811 vulgo
1753 3756 1875 3797 etiam
1894 3750 2004 3809 apud
2025 3748 2292 3793 Ptolemaeum
2308 3742 2471 3798 legitur.
2491 3738 2563 3783 sed
2579 3736 2705 3782 codd.
2729 3738 2742 3781 i

1536 3818 1745 3874 Wilbergi
1762 3816 1942 3859 editione
1957 3812 2143 3871 praebent
2159 3806 2432 3864 Καυδριάκους.
2450 3800 2688 3859 Ιῆτίνίαειιε
2704 3811 2758 3857 ap

1537 3883 1749 3925 Ammian.
1765 3880 1927 3928 xxm,
1942 3880 1985 3928 6,
2003 3876 2072 3923 48.
2094 3875 2269 3929 11-27.
2291 3864 2568 3923 ΒαγίανῙοίο
2582 3859 2771 3907 Ptolem.

1537 3945 1681 3999 Βάγεια
1703 3943 1800 3999 ἄκρη
1825 3940 1991 3984 Ari-ian.
2010 3934 2107 3979 Ind.
2131 3935 2202 3986 28,
2226 3947 2275 3988 93
2295 3928 2469 3972 Βασία...
2491 3924 2632 3974 Βασίας

1537 4014 1692 4048 noster.
1712 4007 1729 4061 11
1749 4029 1806 4037 -
1821 4005 1890 4047 30.
1908 4001 1956 4044 τὰ
1970 3998 2068 4043 add.
2089 3995 2239 4040 Miller.
2266 3994 2284 4050 ΙΙ
2299 4017 2357 4026 -
2374 3993 2427 4034 30
2442 3987 2614 4043 Πύλα]
2637 3983 2699 4028 116

1539 4067 1711 4110 Ptolem.
1736 4069 1752 4121 ΙΙ
1774 4067 1843 4108 32.
1860 4065 1887 4106 Ζ
1899 4063 2002 4119 ten]
2024 4062 2157 4117 Supra
2170 4050 2542 4113 legimus3160<;in
2558 4046 2649 4092 Ptol
