2808 4342
476 278 574 332 AN
577 277 880 330 ΩΝΥΜΟΥ

176 380 1178 518 ΣΤΑΔΙΑΣΜΟΣ

302 611 508 662 ΗΤΟΙ
564 608 1056 661 ΠΕΡΙΠΛΟΥΣ

4 766 6 768 ’
61 758 248 819 ΤΗΣ
297 757 735 819 ΜΕΓΑ-ΛΗΣ
783 755 1297 819 ΘΑΛΑΣΣΗΣ.

615 905 732 916 .—

458 991 896 1034 ΠΡΟΟΙΜΙΟΝ.

123 1094 403 1154 Δεδειγμένων
435 1089 503 1140 οὖν
533 1094 710 1151 τούτων,
736 1096 782 1141 τὸ
812 1097 1034 1158 φιλομαθὲς
1070 1097 1141 1143 καὶ
1171 1116 1300 1143 σπου-

63 1166 175 1211 δαῖον
210 1164 403 1226 ἀγαμένῳ
438 1167 510 1220 τῆς
543 1167 617 1220 σῆς
640 1165 832 1225 ἀγάπης,
867 1166 1015 1229 ἀδελφὲ
1048 1165 1298 1226 τιμιώτατε,

119 1340 224 1390 Quae
257 1344 486 1390 sequuntur
511 1334 738 1389 fragmenta
758 1335 905 1390 peripli
928 1336 1052 1375 maris
1074 1335 1242 1384 interni,
1280 1350 1302 1375 e

62 1400 183 1453 regiae
213 1397 469 1437 bibliothecae
489 1397 740 1437 Matritensis
768 1395 911 1437 codice
937 1409 1011 1437 121
1036 1397 1196 1451 primus
1218 1395 1303 1435 edi-

63 1460 127 1501 dit
159 1462 339 1501 Joannes
357 1459 505 1498 Iriarte
525 1457 650 1511 (Reg.
670 1458 772 1499 bibl.
805 1459 964 1499 Matrit.
986 1457 1147 1499 codices
1165 1459 1300 1513 graeci,

62 1522 144 1562 vol.
175 1523 210 1571 I,
236 1535 279 1576 p.
298 1519 498 1573 485-493.
522 1520 680 1560 Matriti
696 1524 800 1573 1769
819 1521 852 1575 ),
870 1519 1021 1561 deinde
1031 1521 1188 1561 Iriartis
1206 1534 1304 1575 apo·

63 1582 219 1639 grapho
241 1582 302 1622 usi
324 1581 481 1622 Gailius
503 1581 546 1620 in
566 1582 717 1634 Gecgr.
746 1582 848 1621 min.
872 1582 954 1622 vol.
979 1584 1021 1622 ΙΙ
1042 1591 1083 1624 et
1104 1597 1187 1623 una
1208 1596 1303 1622 cum

62 1645 230 1702 periplis
247 1644 448 1685 Marciani
470 1641 747 1683 Hoffmannus
781 1642 922 1698 (Lips.
959 1646 1060 1692 1841
1080 1646 1114 1697 ).
1153 1646 1303 1684 Denuo

64 1706 250 1749 codicem
273 1705 451 1746 excussit
474 1703 724 1764 Emanuelus
742 1703 893 1754 Miller,
915 1718 1047 1758 eoque
1080 1711 1195 1744 tanto
1217 1718 1303 1743 me-

62 1769 141 1810 lius
167 1768 219 1809 dc
244 1767 464 1809 stadiasmo
498 1766 671 1816 meruit,
707 1780 791 1821 quo
810 1765 1079 1820 negligentius
1101 1779 1190 1805 rem
1212 1779 1304 1818 ege-

65 1840 130 1874 rat
146 1831 308 1872 Iriarte.
341 1828 560 1870 Collectam
582 1827 737 1869 codicis
769 1836 809 1869 et
834 1827 1027 1868 editionis
1053 1828 1304 1868 Matritensis

65 1892 379 1948 discrepantiam
388 1890 542 1947 publici
551 1889 658 1946 juris
674 1890 770 1931 fecit
782 1891 826 1931 in
838 1890 1013 1931 Journal
1024 1889 1094 1930 des
1106 1893 1301 1940 Savants,

70 1957 192 2006 1844,
213 1969 256 2009 p.
281 1954 362 1995 300
384 1967 478 2008 sqq.

126 2035 142 2056 α
169 2016 311 2058 Codex
336 2015 511 2072 (Iriarte
539 2015 595 2056 ait
623 2015 652 2056 l.
673 2015 702 2057 l.
737 2029 780 2070 p.
813 2017 925 2069 480)
949 2014 1238 2055 membraneus
1261 2015 1304 2054 in

65 2088 229 2135 quarto,
247 2078 353 2119 foliis
372 2086 563 2118 constans
583 2079 652 2128 88,
670 2077 864 2118 subfusca
878 2085 919 2118 et
933 2078 1188 2132 aliquantum
1209 2076 1304 2117 rudi

66 2142 307 2184 membrana
321 2172 332 2191 ,
352 2141 480 2182 literis
495 2139 664 2194 quidem
678 2140 902 2193 aequalibus
931 2148 972 2180 et
990 2139 1042 2179 ad
1062 2140 1305 2194 quadratam

65 2205 243 2248 formam
262 2203 574 2253 accedentibus,
600 2201 673 2243 sed
699 2203 868 2242 minutis
888 2210 928 2243 et
951 2216 1035 2256 prae
1051 2204 1166 2242 senio
1190 2202 1305 2256 palli·

66 2267 131 2309 dis
146 2267 414 2319 caducisque,
441 2264 626 2318 adeoque
653 2262 866 2304 interdum
890 2263 1032 2304 lectori
1047 2277 1176 2317 prope
1201 2264 1306 2303 invi·

67 2330 121 2370 sis
135 2345 146 2379 ;
164 2328 311 2369 saeculo
322 2328 439 2377 XIV,
454 2335 501 2367 ut
517 2325 695 2376 videtur,
713 2326 882 2365 ineunte
899 2324 1127 2379 descriptus
1142 2325 1303 2378 [immo,

68 2390 217 2433 saeculo
235 2389 413 2439 decimo,
436 2390 498 2429 uti
524 2388 711 2429 Millerus
729 2396 871 2428 monet
893 2400 903 2427 ε
934 2404 950 2424 «
969 2386 1005 2427 Il
1025 2386 1138 2427 suffit
1155 2385 1179 2428 a
1193 2395 1307 2428 toute

68 2468 274 2511 personne
301 2461 388 2493 tant
407 2454 486 2493 soit
500 2466 582 2507 peu
603 2453 741 2492 versee
759 2450 862 2491 dans
877 2449 1030 2491 l’etude
1052 2449 1156 2492 dela
1173 2451 1307 2506 paleo-

68 2516 237 2572 graphie
270 2529 445 2569 grecque
471 2513 523 2554 de
551 2512 658 2568 jeter
680 2513 736 2554 les
762 2527 870 2568 yeux
903 2527 973 2553 sur
1010 2526 1056 2553 ce
1083 2515 1309 2554 manuscrit

0 2597 1 2608 ι
67 2593 177 2635 pour
194 2578 454 2619 reconnaitre
467 2576 568 2631 qu’il
576 2585 637 2616 est
648 2575 706 2616 du
714 2577 774 2616 Xe
781 2573 915 2625 siecle,
927 2583 966 2615 et
974 2589 1059 2616 non
1074 2574 1133 2615 du
1140 2576 1305 2632 X1V2].

70 2640 196 2682 Liber
213 2641 311 2681 olim
330 2654 455 2694 penes
476 2639 795 2679 Constantinum
811 2639 1018 2679 Lascarim
1029 2669 1040 2688 ,
1058 2652 1193 2693 nuper
1211 2653 1309 2679 vero

71 2717 95 2744 a
124 2703 285 2745 Comite
310 2700 514 2742 Mirandae
539 2702 647 2741 inter
673 2700 773 2741 alios
799 2708 1075 2755 comparatus,
1100 2702 1163 2740 Eo
1195 2715 1308 2741 com-

71 2765 188 2820 plexa
211 2764 389 2819 reperias
419 2766 460 2803 S.
496 2761 722 2818 Nicephori
743 2761 1002 2802 Patriarclzae
1031 2765 1102 2818 Cp.
1141 2762 1309 2803 brevem

71 2826 452 2881 Chronographiam
466 2840 478 2876 ;
503 2824 654 2865 deinde
669 2824 816 2865 incerti
846 2824 1026 2864 auctoris
1050 2823 1309 2865 Divisionem

73 2890 188 2930 terrm
217 2888 350 2929 tribus
369 2889 458 2928 Noe
475 2887 569 2928 filiis
598 2886 764 2937 factam,
799 2887 1066 2941 gentiumque
1094 2901 1145 2926 ex
1171 2888 1220 2927 iis
1242 2901 1308 2941 ge·

71 2951 319 3004 nealogiam3
345 2958 435 2990 tum
454 2948 602 2989 eodem
620 2948 791 2989 fortasse
805 2957 994 2998 auctore,
1005 2947 1310 3004 praecipuorum

74 3013 269 3054 montium
303 3021 342 3052 et
356 3011 586 3067 fluviorum
619 3010 785 3052 nomina
814 3019 853 3051 et
882 3009 1031 3062 Magni
1063 3010 1191 3051 maris
1219 3014 1311 3051 Sta-

74 3074 278 3116 diasmum
296 3074 385 3115 sive
409 3073 620 3130 Periplum
644 3072 697 3113 ad
711 3072 899 3114 Herculis
918 3072 1129 3113 columnas
1158 3071 1312 3112 Gades-

75 3150 178 3191 que;
206 3145 297 3177 tum
329 3135 508 3190 denique
540 3135 770 3176 insularum
801 3126 1308 3185 distantias‚‘hu1neru1n‚

74 3197 239 3238 habitus
261 3198 418 3252 aliaque
432 3198 484 3239 ad
510 3212 575 3239 eas
602 3197 866 3253 pertinentia.
889 3217 906 3233 a

133 3262 229 3300 Post
236 3260 324 3300 haec
335 3260 387 3300 de
399 3260 568 3314 singulis
581 3261 727 3301 Iriarte
745 3260 915 3315 exponit
929 3259 1172 3301 accuratius.
1187 3259 1314 3300 Chro-

78 3323 304 3378 nographia
337 3324 560 3378 Nicephori
593 3325 636 3365 in
672 3324 766 3365 cod.
796 3325 955 3366 Matrit.
995 3324 1165 3364 uberior
1193 3333 1253 3364 est
1267 3326 1315 3364 ca

26 3428 32 3435 ,
80 3399 205 3440 quam
228 3399 250 3425 e
265 3384 407 3425 codice
430 3386 656 3426 Parisiense
681 3387 907 3440 Scaligerus
926 3395 967 3428 et
991 3388 1153 3428 Goarus
1177 3386 1315 3427 edide-

80 3456 193 3489 runt.
226 3449 308 3500 Qui
332 3446 526 3503 deinceps
544 3450 730 3503 sequitur
751 3450 767 3500 (
789 3449 858 3490 sol.
881 3450 1040 3503 54-62)
1062 3450 1317 3506 Διαμερισμὸς

81 3513 149 3562 τῆς
167 3512 238 3565 γῆς
262 3508 312 3556 εἰς
333 3509 419 3557 τοῦς
434 3508 475 3565 ’γ’
499 3510 601 3558 υἱοὺς
621 3514 689 3551 τοῦ
714 3510 801 3551 Νῶε
816 3542 828 3561 ,
850 3511 999 3552 desinit
1018 3513 1060 3551 in
1079 3512 1204 3553 verba
1222 3525 1232 3552 ε
1252 3513 1317 3553 καὶ

86 3572 157 3619 ἕως
190 3571 474 3625 Τραπεζοῦντος
498 3572 602 3612 οἰκεῖ’
625 3572 690 3613 καὶ
717 3572 999 3626 παρεκτείνεται
1023 3572 1071 3613 τὰ
1101 3573 1191 3625 ἔθνη
1225 3577 1315 3614 ταῦ-

85 3649 149 3674 τα.
169 3632 362 3673 Similiter
387 3647 478 3687 quae
500 3633 553 3674 de
586 3634 729 3674 eadem
758 3648 803 3674 re
831 3633 1023 3688 leguntur
1051 3636 1095 3675 in
1110 3635 1317 3677 Chronico

84 3694 266 3736 Paschali
292 3703 444 3735 exeunt
456 3695 502 3736 in
523 3695 656 3736 haecce
677 3709 688 3737 t
714 3696 785 3743 ἕως
805 3698 873 3736 τοῦ
895 3696 1180 3751 Τραπεζοῦντος
1199 3696 1318 3739 ἐκτεί-

87 3772 142 3798 νει
167 3756 215 3797 τὰ
239 3755 330 3808 ἔθνη
349 3759 469 3797 ταῦτα
494 3756 561 3812 (p.
591 3762 640 3798 61
673 3757 740 3798 ed.
761 3760 896 3799 Bonn.
913 3757 946 3814 ),
965 3759 1083 3800 sicuti
1102 3760 1145 3800 in
1166 3761 1318 3801 Excer-

85 3819 166 3874 ptis
184 3818 373 3859 Barbaris
398 3819 472 3874 (p.
497 3822 546 3859 61
581 3818 649 3860 ad.
676 3819 774 3860 calc.
800 3820 967 3861 Eusebii
992 3820 1058 3861 ed.
1090 3821 1193 3863 Scal.
1211 3824 1228 3876 )
1243 3836 1318 3877 po·

88 3889 239 3921 strema
253 3881 376 3922 verba
389 3880 514 3922 habes
534 3893 545 3922 ε
571 3884 704 3937 Usque
718 3880 777 3921 ad
791 3885 1082 3938 Trapezuntem
1098 3884 1320 3926 extendunt

91 3941 195 3983 istas
203 3952 339 3995 gentes
352 3943 607 3998 ;itemquein
624 3944 752 3984 Libro
767 3945 1037 3997 generationis
1057 3944 1071 4000 (
1086 3947 1142 3986 V.
1160 3947 1317 3988 Chron.

89 4005 233 4046 Pasch.
262 4013 293 4046 t.
318 4008 374 4056 II,
396 4020 439 4061 p.
466 4019 542 4049 102
562 4005 628 4047 ed.
647 4008 779 4047 Bonn.
799 4008 814 4060 )
836 4019 845 4047 ε
868 4021 990 4062 usqne
1008 4007 1066 4047 ad
1088 4010 1319 4065 Trapezun-

1821 278 2161 332 ANONYMI

1515 410 2475 520 STADIASMUS

1685 599 1862 658 SIVE
1914 573 2307 659 PERIPLUS

1615 750 1927 829 MARIS
2006 752 2363 833 MAGNI.

1785 992 2194 1037 PROOEMIUM.

1431 1100 1506 1140 His
1527 1099 1653 1153 igitur
1671 1099 1985 1151 demonstratis,
2010 1102 2188 1142 caritatis
2211 1110 2312 1152 tuae,
2334 1102 2458 1144 frater
2483 1103 2615 1144 hono-

1377 1167 1610 1218 ratissime,
1651 1168 1918 1224 cupiditatem
1958 1169 2143 1210 discendi
2180 1169 2447 1225 studiumque
2482 1170 2617 1211 demi-

1373 1345 1451 1376 tem
1476 1336 1753 1377 extenduntur·
1772 1337 1834 1376 Izae
1860 1347 2012 1389 gentes.
2038 1339 2123 1377 Nee
2147 1352 2231 1378 non
2265 1337 2442 1392 reliqua,
2474 1353 2564 1393 quae
2592 1355 2615 1380 e

1371 1413 1447 1439 suo
1467 1398 1608 1440 codice
1627 1399 1678 1439 de
1698 1400 1938 1455 διαμερισμῷ
1959 1400 2037 1440 isto
2055 1400 2200 1440 Iriarte
2215 1399 2445 1455 adscripsit,
2471 1401 2616 1443 eadem

1372 1459 1742 1516 deprehenduntur
1781 1461 1823 1500 in
1854 1460 2092 1501 auctoribus
2132 1460 2259 1501 modo
2294 1459 2482 1502 laudatis.
2516 1463 2613 1504 Post

1370 1521 1457 1563 haec
1490 1524 1534 1563 in
1566 1522 1720 1563 codicis
1754 1521 1851 1563 solio
1882 1526 1934 1563 62
1961 1531 2191 1577 sequuntur
2211 1536 2303 1577 quae
2339 1523 2437 1563 item
2472 1523 2614 1564 eadem

1370 1584 1495 1626 habes
1507 1585 1550 1625 in
1562 1587 1662 1626 Exc.
1687 1584 1811 1625 Barb.
1833 1593 1872 1625 et
1890 1584 2027 1639 paullo
2042 1585 2159 1625 aliter
2173 1583 2371 1626 adornata
2390 1585 2433 1624 in
2457 1585 2614 1628 Chron.

1370 1647 1553 1687 Paschali
1577 1661 1587 1688 ε

1411 1707 1536 1762 ’Ὂρη
1564 1708 1616 1749 δὲ
1644 1708 1906 1764 ὀνομαστά
1945 1707 2071 1749 εἰσιν
2097 1706 2145 1748 ἐν
2174 1710 2233 1763 τῇ
2267 1710 2327 1764 γῇ
2352 1708 2569 1749 δώδεκα.

1426 1770 1589 1818 Λίὸανος
1627 1770 1677 1818 εἷς
1704 1768 1773 1820 τὴν
1803 1769 1941 1824 Συρίαν
1974 1769 2112 1825 μεταξὺ
2136 1769 2287 1810 Βΰὸλου
2322 1769 2388 1810 καὶ
2426 1770 2611 1824 Βηρυτοῦ.

1375 1831 1573 1879 Καύκασος
1598 1831 1648 1880 εἰς
1679 1829 1749 1882 τὴν
1782 1831 1962 1873 Σκυθίαν.
1984 1832 2130 1887 Ταῦρος
2167 1831 2218 1879 εἰς
2243 1829 2313 1882 τὴν
2341 1831 2515 1872 Κιλικίαν
2553 1833 2617 1873 καὶ

1372 1892 1663 1934 Καππαδοκίαν.
1704 1892 1838 1950 Ἄτλας
1873 1892 1926 1941 εἰς
1953 1891 2022 1944 τὴν
2053 1893 2194 1946 Λιὸύην
2238 1894 2308 1940 ἕως
2333 1895 2402 1934 τοῦ
2430 1893 2616 1949 Μεγάλου

1372 1959 1566 2010 ποταμοῦ.
1593 1955 1794 2011 Παρνασος
1817 1954 1855 1996 ἐν
1879 1957 1928 2011 τῇ
1959 1956 2125 1996 Φωκίδι.
2151 1955 2342 2010 Κιθαιρὼν
2366 1954 2404 1996 ἐν
2427 1959 2475 2012 τῇ
2497 1956 2620 1997 Boun-

1372 2019 1447 2074 τίᾳ.
1481 2017 1647 2059 Ἑλικὼν
1669 2018 1710 2060 ἐν’
1730 2022 1778 2074 τῇ
1796 2018 1977 2074 Τελμισῷ
1994 2017 2008 2073 (
2028 2017 2215 2059 Teumiso
2234 2018 2376 2067 Barb„
2403 2018 2431 2059 i.
2466 2033 2503 2059 e.
2524 2019 2616 2060 Τευ-

1375 2086 1512 2137 μησσῷ
1527 2081 1558 2138 ).
1585 2082 1793 2136 Παρθένιον
1812 2079 1850 2121 ἐν
1867 2083 1916 2136 τῇ
1938 2079 2082 2136 Εὖὸοίᾳ
2100 2082 2116 2132 (
2133 2080 2171 2121 ἐν
2196 2079 2327 2137 Θρᾴκῃ
2343 2080 2444 2121 Chr.
2469 2082 2613 2122 Pasch.

1374 2141 1438 2183 Cs.
1456 2143 1599 2198 Steph.
1620 2146 1668 2183 B.
1694 2156 1704 2183 :
1726 2142 1951 2197 Παρθένιον,
1971 2142 2081 2189 πόλις
2098 2141 2328 2188 Εὗὸοίας....
2351 2141 2416 2181 καὶ
2431 2140 2615 2197 Θρᾴκης.)

1373 2203 1545 2245 Νυσαῖον
1556 2203 1771 2257 (Ναυσαῖον
1781 2203 1875 2244 cod.
1882 2219 1894 2253 3
1905 2205 1951 2244 Ν
1951 2202 2078 2243 issias
2085 2204 2187 2243 Exc.
2197 2205 2263 2253 B.;
2275 2202 2425 2250 Νύσσος
2437 2204 2536 2245 Chr.
2548 2206 2614 2259 P.)

1374 2265 1418 2306 τὸ
1448 2265 1514 2310 καὶ
1543 2265 1639 2305 Σινᾶ
1667 2264 1704 2305 ἐν
1735 2268 1783 2321 τῇ
1821 2264 1988 2320 Ἀραὸίᾳ.
2020 2265 2263 2312 Λυκάὸαντος
2296 2262 2334 2304 ἐν
2370 2263 2517 2320 Ἰταλίᾳ
2553 2268 2617 2306 καὶ

1374 2326 1523 2382 Γαλλίᾳ
1544 2326 1558 2382 (
1574 2326 1818 2378 Λυκα6ηττὸς
1840 2326 1878 2367 ἐν
1897 2326 1978 2381 Χίῳ
1996 2326 2095 2367 Chr.
2110 2329 2158 2367 Ρ.
2166 2342 2178 2376 ;
2202 2326 2296 2366 deb.
2321 2325 2358 2367 ἐν
2376 2329 2426 2382 τῇ
2449 2325 2614 2384 Ἀττικῇ.

1373 2391 1523 2431 Noster
1540 2388 1584 2429 id
1596 2403 1748 2429 nomen
1767 2387 1820 2429 ad
1835 2388 1958 2443 Alpes
1977 2388 2228 2429 transtulisse
2241 2387 2403 2429 videtur
2421 2388 2453 2445 ).
2482 2390 2615 2432 Πίνιον

1379 2450 1580 2507 (Pinnius
1594 2451 1718 2492 Barb.
1738 2453 1754 2504 )
1771 2451 1792 2490 6
1809 2451 1873 2492 καὶ
1888 2451 2019 2505 Μίμας
2038 2449 2088 2499 εἷς
2106 2449 2179 2501 τὴν
2192 2450 2287 2491 Χῖον
2309 2450 2494 2503 (Πίννιον
2515 2452 2553 2493 ἐν
2567 2457 2615 2508 τῇ

1381 2512 1530 2569 Ἰταλίᾳ
1580 2513 1681 2554 Chr.
1730 2512 1875 2554 Pasch.
1915 2512 2064 2553 Noster
2107 2511 2263 2553 indicat
2297 2511 2342 2554 τὸ
2383 2512 2614 2555 Πελινναῖον

1376 2576 1466 2616 Chii
1507 2575 1649 2616 insulae
1681 2583 1722 2615 et
1764 2575 2007 2616 Mimantem
2034 2575 2077 2614 in
2107 2572 2267 2629 objecta
2301 2574 2443 2616 insulae
2485 2578 2618 2617 conti-

1377 2646 1513 2679 nente.
1546 2637 1628 2679 Alii
1665 2651 1818 2677 nomen
1847 2636 1898 2677 ad
1923 2637 2193 2692 Apenninum
2218 2635 2344 2676 Italiae
2368 2637 2623 2678 transtulisse

1378 2699 1618 2756 videntur).
1645 2698 1847 2754 ’Ὄλυμπος
1866 2698 1917 2747 εἰς
1937 2697 2006 2749 τὴν
2029 2698 2289 2740 Μακεδονίαν.

1433 2762 1694 2817 Δεδειγμένων
1715 2757 1783 2802 οῦν
1806 2766 1882 2803 τῶν
1911 2760 2114 2817 ὀνομάτων
2139 2765 2215 2802 τῶν
2239 2761 2388 2800 δώδεκα
2413 2760 2530 2816 ὀρέων
2553 2767 2623 2815 τῆς4

1378 2828 1464 2880 γῆς,
1490 2824 1704 2880 ἀναγκαῖόν
1737 2824 1816 2866 ἐστι
1842 2824 1908 2865 καὶ
1933 2824 2048 2870 τοὺς
2082 2821 2343 2877 ἐπισήμους
2378 2825 2623 2879 ποταμοὺς

1378 2887 1553 2939 δηλῶσαί
1578 2902 1652 2928 σοι.

1434 2949 1613 3005 Ποταμοὶ
1640 2944 1707 2990 οῦν
1739 2947 1833 2988 εἰσὶν
1869 2946 2082 3002 ὀνομαστοὶ
2116 2949 2400 3003 τεσσαράκοντα
2423 2946 2461 2988 ἐν
2495 2950 2544 3003 τῇ
2566 2951 2623 3003 γῇ

1379 3008 1502 3052 οὗτοι.
1534 3009 1654 3058 Ἰνδὸς
1676 3010 1697 3051 6
1725 3009 1962 3064 καλούμενος
1985 3008 2135 3058 Φίσων,
2161 3008 2306 3058 Νεῖλος
2337 3009 2358 3050 6
2385 3008 2624 3064 καλούμενος,

1356 3121 1360 3125 st
1380 3073 1508 3125 Γηὼν,
1531 3073 1686 3128 Τίγρις,
1721 3071 1918 3127 Εὐφράτης
1933 3101 1944 3119 ,
1986 3067 2203 3124 Ἰορδάνης,
2230 3070 2410 3125 Κηφισὸς,
2448 3070 2588 3117 Τάναϊς
2604 3101 2615 3119 ,

1385 3133 1579 3190 Ἰσμηνὸς,
1617 3132 1869 3188 Ἐρύμανθος,
1882 3130 2016 3182 -Ἅλυς,
2047 3130 2224 3183 Ἀσωπὸς,
2247 3132 2480 3188 Θερμώδων,
2504 3130 2618 3187 ’Epa-

1381 3199 1512 3248 σῖνος,
1554 3195 1677 3243 Ῥεῖος
1709 3194 1842 3251 (Rius
1868 3194 2090 3235 Barbarus.
2114 3194 2227 3235 Num
2261 3192 2393 3236 Rhion
2415 3195 2614 3248 signatur,

1381 3258 1569 3301 Phasidis
1586 3271 1740 3299 nomen
1758 3255 1990 3297 recentius?
2006 3256 2039 3311 ),
2060 3256 2308 3311 Βορυσθένης,
2326 3255 2505 3311 Ἀλφειὸς,
2524 3257 2624 3296 Tae«
2674 3257 2678 3261 ’

1383 3337 1469 3376 ρος,
1495 3320 1673 3376 Εὐρώτας
1687 3351 1698 3370 ,
1723 3319 1942 3374 Μαίανδρος
1957 3349 1968 3367 ,
2005 3317 2148 3369 Ἄξιος,
2174 3318 2372 3374 Πύραμος,
2411 3317 2615 3374 Ὀρόντης,

1383 3385 1539 3440 (Έδρος,
1558 3383 1788 3438 Σαγγάριος,
1814 3380 2015 3436 Ἀχελῷος,
2030 3380 2206 3432 Πηνειὸς,
2220 3379 2381 3433 Εὔηνος,
2396 3380 2616 3436 Σπερχειὸς,

1387 3448 1598 3502 Κάϋστρος,
1632 3445 1807 3501 Σιμόεις,
1841 3443 2116 3497 Σκάμανδρος,
2140 3442 2325 3498 Στρυμὼν
2341 3474 2352 3492 ,
2387 3442 2616 3498 Παρθένιος,

1398 3510 1566 3565 Ἴστρος,
1615 3507 1771 3559 Ῥῆνος,
1811 3506 1963 3556 Βαΐτις,
2004 3503 2208 3556 Ῥόδανος,
2245 3504 2471 3560 Ἠριδανὸς,
2505 3506 2618 3553 Βαῖος

1389 3575 1405 3626 (
1419 3574 1530 3619 Βοῖος
1544 3572 1643 3612 Chr.
1670 3572 1718 3611 Ρ.
1726 3600 1736 3619 ,
1762 3572 1865 3609 Reus
1886 3566 2028 3618 Barb.;
2049 3567 2199 3607 fluvius
2216 3581 2302 3607 non
2321 3575 2444 3607 notus
2465 3567 2566 3607 mihi
2585 3570 2618 3620 ),

1389 3635 1581 3689 Θούὸηρος
1616 3632 1636 3672 6
1668 3634 1733 3671 νῦν
1767 3628 2003 3684 καλούμενος
2038 3629 2200 3684 Τίὸερις.
2231 3626 2353 3684 Ὁμοῦ
2384 3629 2553 3683 ποταμοὶ
2583 3627 2627 3682 μ’

1389 3695 1625 3750 (Nonnulla
1654 3694 1806 3734 horum
1847 3692 2066 3732 nominum
2098 3691 2408 3732 notissimorum
2450 3691 2493 3730 in
2524 3689 2619 3730 cod.

1387 3759 1629 3814 depravata3
1654 3753 1767 3810 quod
1798 3753 1850 3794 de
1869 3753 2037 3807 singulis
2067 3768 2238 3795 monere
2265 3767 2350 3793 non
2374 3759 2459 3792 erat
2488 3765 2621 3805 operae

1388 3821 1565 3876 pretium
1581 3820 1614 3871 ).

1446 3877 1562 3922 Οὗτοι
1583 3874 1649 3919 οὖν
1667 3878 1704 3919 οἱ
1717 3878 1887 3934 ποταμοὶ
1905 3877 2249 3933 οἱ-.περιερχόμενοι
2264 3873 2332 3926 τὴν
2350 3876 2440 3930 γῆν·
2459 3874 2565 3913 Φασὶ
2584 3874 2627 3915 δέ.

1390 3961 1488 3993 τινες
1508 3945 1709 3991 δοκοῦντες
1738 3941 1912 3998 ἔμπειροι
1942 3939 2044 3982 εἶναι
2072 3941 2132 3981 ὅτι
2154 3938 2191 3979 οἱ
2215 3942 2359 3993 πρῶτοι
2376 3934 2412 3975 δ’
2438 3935 2475 3976 οἱ
2501 3937 2621 3991 μεγά-

1391 4009 1455 4048 λοι
1477 4005 1660 4062 ποταμοὶ,
1691 4003 1773 4045 οἷον
1798 4004 1948 4054 Φίσων,
1977 4003 2103 4055 Γηὼν,
2129 4001 2272 4056 Τίγρις,
2293 3998 2504 4056 Εὐφράτης,
2530 3997 2625 4038 ἀκα-
