2808 4342
716 112 757 153 0

202 192 288 257 314

201 287 276 354 ρίφ
295 291 371 344 τῆς
385 255 586 351 Νωρικῶν
599 285 672 332 καὶ
686 284 865 332 Ῥαιτῶν
879 285 957 345 γῆς
971 281 1167 342 μίγνυται
1181 284 1241 344 τῷ
1257 279 1431 346 Ἴστρῳ,

197 361 222 406 6
241 355 286 404 &t
307 356 417 409 Σάος
439 354 549 403 κατὰ
571 354 771 404 Παίονας.
836 350 890 397 Ὁ
912 348 957 395 δὲ
975 351 1132 413 χῶρος,
1153 348 1302 413 ἵναπερ
1322 369 1430 412 συμ-

197 421 419 470 6άλλουσιν
442 425 478 468 οῖ
511 420 717 481 ποταμοὶ,
742 421 976 480 Ταυροῦνος
1006 416 1215 465 καλίεται.
1278 414 1431 473 Ὅστις

196 492 240 540 δὲ
262 491 336 539 καὶ
356 490 482 538 ἄλλον
498 483 580 536 οἶδε
601 486 847 548 ναυσίπορον
874 487 956 530 τῶν
979 487 1020 539 ἐς
1037 484 1107 532 τὸν
1130 482 1295 551 Ἴστρον
1318 487 1429 535 lx&-

152 580 174 611 ε
195 561 372 619 δόντων,
392 558 499 605 ἀλλὰ
517 559 563 602 οὗ
585 554 762 607 πολλούς
778 572 859 601 που
880 547 983 603 οἶδε.

258 630 316 678 V.
350 628 414 675 Τὸ
432 626 474 671 δὲ
497 624 626 670 αἴτιον
647 621 758 677 ὅστις
776 623 904 670 ἐθέλει
922 622 1089 687 φράζειν
1107 628 1180 671 τοῦ
1194 623 1368 681 πλήθεός
1381 644 1427 672 τε

192 698 264 744 καὶ
290 694 479 757 μεγέθεος
507 695 588 739 τῶν
624 692 766 740 Ἰνδῶν
789 695 1016 754 ποταμῶν,
1041 693 1242 759 φραζέτω·
1269 694 1363 756 ἐμοὶ
1383 693 1427 742 δὲ

189 765 262 810 καὶ
285 766 414 809 ταῦτα
436 764 492 813 ὡς
513 762 619 818 ἀκοὴ
643 762 957 825 ἀναγεγράφθω.
1027 763 1078 825 (ε)
1101 762 1224 811 Ἐπεὶ
1246 765 1319 809 καὶ
1341 763 1427 810 άλ-

188 833 273 877 λων
294 830 461 876 πολλῶν
489 832 692 890 ποταμῶν
714 829 926 891 οὐνόματα
958 831 1228 919 Μεγασθένης
1250 831 1426 897 ἀνίγρα·

131 919 169 948 ιο
188 903 264 964 ψεν
278 935 291 957 ,
320 898 360 945 οἳ
381 898 459 953 ἔξω
486 903 558 945 τοῦ
581 899 756 962 Γάγγεώ
777 918 821 946 τε
839 900 912 947 καὶ
944 906 1014 948 τοῦ
1048 902 1167 950 Ινδοῦ
1199 902 1425 948 ἐκδιδοῦσιν

187 972 229 1022 ἐς
242 968 311 1015 τὸν
335 969 435 1032 ἑῷόν
459 987 502 1014 τε
524 968 595 1015 καὶ
630 969 912 1034 μεσημόρινὸν
929 970 999 1016 τὸν
1028 970 1107 1027 ἔξω
1128 970 1290 1019 πόντον·
1317 969 1424 1019 ὥστε

185 1037 279 1091 τοὺς
296 1038 454 1091 πάντας
470 1037 579 1084 ὀκτὼ
601 1038 672 1084 καὶ
702 1035 962 1097 πεντήκοντα
985 1039 1099 1103 λέγει
1119 1040 1182 1087 ὅτι
1203 1041 1303 1088 εἰσὶν
1337 1042 1425 1090 Ἰν-

186 1109 248 1158 δοὶ
271 1107 484 1171 ποταμοὶ,
503 1109 748 1174 ναυσίποροι
769 1111 934 1164 πάντες.
1003 1112 1057 1174 (3)
1083 1110 1191 1159 Ἀλλ’
1214 1109 1306 1158 οὐδὲ
1329 1114 1423 1160 Με-

185 1179 385 1243 γασθένης
403 1179 564 1235 πολλὴν
582 1179 713 1227 δοκέει
730 1199 800 1240 μοι
817 1182 1001 1227 ἐπελθεῖν
1016 1184 1091 1237 τῆς
1109 1180 1251 1229 Ἰνδῶν
1268 1179 1423 1245 χώρης,

126 1269 164 1299 1⁵
186 1249 295 1306 πλήν
314 1267 361 1310 γε
381 1247 444 1295 ὅτι
465 1249 622 1295 πλεῦνα
646 1248 674 1305 ἢ
694 1252 731 1296 οἱ
756 1249 823 1303 ξὺν
845 1249 1099 1314 Ἀλεξάνδρῳ
1119 1252 1179 1314 τῷ
1203 1249 1423 1298 Φιλίππου

63 1315 67 1319 ’
185 1318 440 1371 ἐπελθόντες.
510 1317 791 1379 Συγγενέσθαι
806 1318 886 1382 γὰρ
905 1318 1209 1383 Σανδρακόττῳ
1220 1318 1346 1381 λέγει,
1365 1323 1423 1383 τῷ

186 1386 369 1450 μεγίστῳ
387 1387 552 1450 βασιλέῖ
572 1390 652 1434 τῶν
672 1387 834 1446 Ἰνδῶν,
850 1388 922 1434 καὶ
939 1388 1092 1451 Πώρου
1114 1387 1173 1434 ἔτι
1195 1388 1327 1453 τούτῳ
1349 1389 1422 1451 με’-

186 1456 286 1508 ζονι.
356 1456 406 1518 (ο)
431 1449 566 1510 Οὗτος
583 1448 640 1502 ὧν
661 1459 683 1502 ὁ
703 1458 974 1519 Μεγασθένης
994 1457 1107 1520 λέγει
1120 1493 1132 1514 ,
1153 1457 1246 1504 οὔτε
1269 1458 1424 1512 Ἰνδοὺς

184 1525 502 1589 ἐπιστρατεῦσαι
530 1527 769 1587 οὐδαμοῖσιν
792 1526 1064 1590 ἀνθρώποισιν
1081 1562 1093 1583 ,
1118 1526 1211 1573 οὔτε
1234 1527 1422 1575 Ἰνδοῖσιν

119 1607 163 1637 20
185 1591 334 1647 ἄλλους
355 1593 604 1656 ἀνθρώπους·
627 1596 680 1657 (5)
701 1594 810 1641 ἀλλὰ
833 1595 1070 1659 Σέσωστριν
1093 1593 1168 1656 μὲν
1186 1596 1255 1643 τὸν
1278 1596 1422 1660 Αἰγύ-

182 1679 300 1708 πτιον
315 1699 329 1721 ,
354 1666 428 1719 τῆς
447 1662 586 1720 Ἀσίης
608 1665 1003 1728 καταστρεψάμενον
1022 1664 1099 1722 τὴν
1119 1666 1304 1727 πολλὴν,
1329 1666 1420 1713 ἔστε

182 1730 250 1776 ἐπὶ
272 1730 347 1788 τὴν
366 1731 574 1795 Εὐρώπην
595 1731 670 1779 σὺν
700 1738 875 1798 στρατιῇ
900 1734 1127 1792 ἐλάσαντα,
1151 1735 1285 1781 ὀπίσω
1315 1737 1418 1782 ἀπο·

181 1807 391 1860 νοστῆσαι·
426 1804 474 1867 (ο)
505 1803 768 1867 Ἰνδάθυρσον
794 1804 836 1849 δὲ
870 1804 938 1850 τὸν
970 1804 1134 1851 Σκύθεα
1165 1807 1212 1850 ἐκ
1241 1805 1420 1861 Σκυθίης

180 1873 412 1934 ὁρμηθέντα
428 1872 563 1919 πολλὰ
581 1873 654 1933 μὲν
670 1877 743 1929 τῆς
760 1874 895 1930 Ἀσίης
908 1875 1024 1920 ἔθνεα
1040 1874 1417 1939 καταστρέψασθαι,

117 1951 160 1983 2δ
180 1942 364 1988 ἐπελθεῖν
386 1940 430 1987 δὲ
448 1940 521 1987 καὶ
539 1940 615 1996 τὴν
638 1941 877 2003 Αἰγυπτίων
903 1945 981 2002 γῆν
1004 1942 1241 2005 κρατέοντα·
1262 1943 1311 2005 (7)
1337 1944 1419 1989 Σε-

181 2008 356 2075 μίραμιν
372 2009 415 2056 δὲ
433 2009 508 2066 τὴν
529 2009 744 2073 Ἀσσυρίην
762 2010 1005 2072 ἐπιχειρέειν
1026 2010 1099 2071 μὲν
1120 2011 1361 2057 στέλλεσθαι
1377 2013 1418 2064 ἐς

181 2077 359 2139 Ἰνδοὺς,
385 2080 603 2125 ἀποθανεῖν
636 2080 679 2124 δὲ
712 2079 807 2142 πρὶν
826 2080 942 2132 τέλος
963 2080 1160 2126 ἐπιθεῖναι
1182 2081 1287 2127 τοῖσι
1312 2084 1417 2143 βου-

179 2146 397 2208 λεύμασιν·
431 2147 540 2194 ἀλλὰ
564 2146 824 2211 Ἀλέξανδρον
855 2148 938 2211 γὰρ
965 2153 1213 2211 στρατεῦσαι
1239 2149 1308 2195 ἐπὶ
1333 2151 1415 2196 Ἰν-

180 2214 272 2268 δοὺς
298 2219 462 2276 μοῦνον.
533 2216 584 2276 (Β)
618 2216 703 2262 Καὶ
734 2215 813 2280 πρὸ
835 2216 1099 2279 Ἀλεξάνδρου
1119 2217 1315 2265 Διονύσου
1338 2218 1414 2278 μὲν

183 2364 220 2392 1.
237 2349 414 2406 Νορικῶν
427 2350 572 2402 codd.;
589 2365 671 2392 un.
691 2351 835 2392 Diibn.
855 2352 873 2404 ΙΙ
895 2375 951 2383 -
973 2351 1174 2408 2.Σάος]
1197 2352 1297 2394 hod.
1315 2357 1412 2394 Sau.

181 2412 298 2462 Ἔνος
316 2412 419 2456 hod.
451 2416 548 2455 Inn.
584 2415 600 2467 ΙΙ
624 2414 741 2455 -3.
769 2414 1075 2471 Ταυροῦνος]
1109 2414 1174 2457 Cf.
1200 2415 1305 2457 Plin.
1336 2418 1415 2467 III,

177 2490 215 2517 c.
233 2476 286 2517 25
313 2489 360 2517 2..
391 2477 662 2530 Taurunum(
685 2475 727 2517 h.
750 2476 901 2518 Semlin
913 2478 946 2531 ),
969 2476 1040 2518 ubi
1059 2476 1253 2519 Danubio
1278 2476 1419 2518 misce·

178 2547 248 2579 tur
263 2542 383 2580 Saus.
409 2539 426 2593 11
443 2541 553 2588 -4,
571 2538 896 2596 ναυσίπορον]
920 2557 936 2577 α
957 2540 1114 2581 Plinius
1133 2541 1209 2591 IV,
1230 2555 1268 2581 c.
1293 2554 1337 2581 11
1362 2541 1419 2582 ait

175 2602 328 2642 Istrum
344 2602 551 2655 sexaginta
566 2615 707 2643 amnoe
724 2603 923 2658 recipere,
942 2602 1080 2644 medio
1100 2601 1228 2644 ferme
1242 2617 1419 2644 numero

176 2675 321 2703 eorum
355 2662 589 2717 navigabili.
615 2683 631 2698 ι
656 2665 872 2704 Rarum.
913 2684 929 2699 ι
963 2665 1176 2705 Summam
1200 2665 1305 2705 Ister
1330 2679 1416 2706 ma·

176 2723 435 2778 gnitudinem
467 2726 515 2765 iis
551 2724 721 2766 demum
755 2725 999 2767 fluminibus
1028 2727 1191 2781 accipit,
1233 2740 1326 2782 quae
1366 2741 1415 2767 ex

156 2784 410 2831 ,Wallachia
442 2795 482 2827 et
510 2786 717 2827 Moldavia
746 2786 991 2838 decurrunt,
1012 2801 1192 2842 quorum
1218 2789 1418 2830 Arrianus

174 2848 428 2889 mentionem
447 2862 531 2889 non
556 2848 664 2889 fecit.
693 2867 707 2885 n
738 2849 1007 2890 scamnum.

231 2909 288 2960 V,
325 2923 364 2964 7.
389 2903 521 2964 spol..
549 2908 832 2965 ἀναγεγράφθω
851 2914 1021 2963 om.{A.
1062 2915 1079 2966 ss
1114 2935 1167 2943 —
1191 2924 1255 2952 12.
1284 2911 1417 2953 ὀκτὼ

174 2970 263 3014 καὶ
294 2986 437 3014 πεντ.
463 2972 479 3027 ]
515 2970 578 3013 Cf.
608 2971 766 3013 Plinius
801 2972 877 3021 VI,
917 2986 986 3022 αι,
1022 2976 1046 3025 S
1066 2977 1120 3014 60
1154 2972 1222 3014 ed.
1248 2974 1374 3027 Sillig.
1404 2988 1413 3015 ε

174 3038 321 3078 Seneca
341 3034 466 3076 etiam
484 3033 603 3092 apud
617 3049 689 3076 nos
710 3042 911 3091 temptata
935 3034 1069 3076 India·
1084 3036 1418 3077 commentatione

175 3100 256 3141 Lx
267 3097 404 3140 amnis
414 3098 503 3153 ejus
517 3096 727 3155 prodidit,
749 3105 887 3150 gentes
910 3099 1116 3139 CXVIII.
1134 3098 1221 3149 11—
1237 3101 1301 3138 16.
1323 3097 1417 3138 Σαν-

176 3161 353 3217 δρακότῳ
371 3161 467 3211 AC;
491 3158 764 3216 Σανδρακόττᾳ
784 3161 834 3201 L.
857 3161 919 3201 De
941 3174 1035 3215 rege
1057 3158 1225 3215 ejusque
1249 3161 1417 3203 nomine

175 3237 217 3264 v.
249 3221 452 3278 Megasth.
482 3223 525 3264 in
548 3224 618 3265 Fr.
639 3223 748 3265 Hist.
768 3225 826 3275 11,
848 3236 891 3279 p.
921 3223 1001 3279 397
1024 3237 1086 3279 sq.
1111 3231 1152 3264 et
1175 3225 1255 3279 407
1277 3224 1416 3279 ibique

173 3283 375 3327 laudatos.
410 3285 427 3339 ΙΙ
449 3308 507 3317 -
539 3298 605 3341 ¹7·
638 3289 716 3327 τῶν
739 3299 824 3326 om.
847 3286 894 3326 B.
916 3287 1008 3338 11-
1035 3283 1101 3327 καὶ
1114 3284 1241 3342 Πώρῳ
1267 3284 1282 3342 (
1302 3285 1416 3343 Πόρῳ

175 3347 289 3402 AC)
327 3345 385 3389 ἔτι
424 3347 550 3404 τούτῳ
589 3348 720 3403 μέζονι
757 3349 774 3401 (
803 3346 951 3403 μείζονι
982 3348 1050 3389 BC
1085 3346 1118 3404 ),
1155 3345 1300 3399 codd.;
1330 3362 1412 3390 em.

174 3409 468 3451 Schwanbeck.
493 3408 604 3451 Vide
628 3409 831 3466 Megasth.
866 3408 918 3451 sr.
942 3422 986 3465 p.
1012 3409 1109 3465 398.
1133 3410 1334 3452 Lassenus
1353 3412 1415 3453 De

175 3479 342 3526 pentap.
363 3485 408 3526 p.
429 3474 482 3521 44
516 3473 612 3514 Pori
646 3473 898 3514 mentionem
914 3485 992 3528 pro
1014 3472 1180 3514 serioris
1200 3472 1273 3514 aevi
1294 3471 1412 3515 addi-

175 3530 370 3574 damento
388 3533 546 3576 habuit.
580 3536 596 3589 ΙΙ
623 3559 680 3567 -
718 3538 783 3578 18.
807 3532 903 3591 ὧν]
938 3531 994 3576 ὧν
1015 3537 1075 3587 D,
1100 3535 1145 3577 ὃν
1182 3536 1238 3587 B,
1269 3530 1337 3577 οὖν
1360 3537 1407 3578 C.

175 3593 241 3636 De
261 3608 307 3635 re
334 3595 386 3635 cs.
408 3595 555 3637 Strabo
591 3611 635 3652 p.
661 3600 758 3653 687,
789 3596 994 3653 Josephus
1018 3600 1069 3640 A.
1102 3599 1143 3640 J.
1164 3598 1220 3651 X,
1253 3611 1297 3639 n
1327 3599 1412 3641 sive

172 3654 427 3711 Megasthen.
452 3656 503 3699 fr.
538 3671 606 3700 20.
640 3673 708 3701 22.
742 3662 757 3714 11
789 3684 846 3692 —-
878 3673 946 3702 22.
976 3663 1134 3717 στρατιῇ
1151 3660 1210 3703 sic
1235 3675 1311 3718 pro
1343 3675 1407 3716 vg.

175 3720 336 3774 στρατιᾷ
353 3720 446 3761 ΑΙ).
476 3721 492 3772 Η
515 3743 570 3751 -
586 3721 654 3761 23.
675 3720 811 3761 Ἰνδά
828 3722 1008 3777 θυρσον
1025 3725 1040 3779 ]
1056 3725 1187 3775 BCD3
1215 3721 1410 3780 Ἰνδάθυρ·

176 3795 235 3822 σιν
264 3780 354 3831 LA;
379 3777 622 3836 Ἰδάνθυρσον
654 3798 677 3823 e
701 3784 963 3837 Megasthene
982 3784 1129 3825 Strabo
1158 3799 1200 3841 p.
1222 3786 1318 3840 687.
1343 3785 1408 3828 Ad

174 3839 437 3899 Idathyrsum
462 3842 698 3885 reseruntur
715 3858 805 3899 quae
834 3844 900 3885 alii
934 3846 985 3887 de
1007 3846 1156 3903 Madya
1176 3846 1237 3889 vel
1264 3846 1317 3889 de
1332 3847 1411 3890 Ta-

176 3918 256 3947 nao
268 3904 329 3947 vel
347 3904 400 3947 de
417 3904 600 3962 Jandyso
616 3916 798 3948 narrant.
825 3908 1112 3950 Schmiederus
1136 3910 1191 3952 ita
1213 3923 1223 3951 :
1251 3930 1268 3946 ι
1290 3908 1412 3953 Idan-

176 3965 342 4008 thvrsus
374 3975 547 4009 vocatur
578 3967 612 4009 is
642 3968 886 4024 Scytharum
919 3984 1012 4021 rex,
1050 3985 1230 4026 quocum
1261 3972 1412 4014 Darius

179 4026 402 4070 infaustum
431 4028 531 4071 iuud
556 4029 707 4072 bellum
737 4032 875 4086 gessit,
902 4032 1014 4087 quod
1037 4033 1251 4091 descripsit
1280 4032 1412 4077 Hero·

1330 181 1590 230 Annum

1498 290 1683 335 confinio
1709 294 1960 338 Noricorum
1981 304 2023 339 et
2047 296 2287 340 Rhaetorum
2311 299 2422 339 Istro
2444 313 2487 339 se
2510 299 2770 353 immiscens¹
2788 287 2808 349 ,Ϊ

1497 359 1599 402 Sans
1619 368 1756 403 aum
1781 362 1894 419 apud
1910 364 2095 407 Pam.
2156 367 2291 408 meus
2311 380 2409 408 vero
2441 366 2512 408 ubi
2539 366 2627 408 haec
2651 335 2808 684 aaz

1497 427 1611 469 mina
1624 427 1732 471 inter
1747 443 1792 471 se
1805 431 2124 475 committuntur
2131 433 2355 476 Taurunus
2371 442 2555 476 vocatur.
2584 436 2600 488 (
2609 436 2675 490 ¹7)
2686 435 2714 477 S

1497 500 1593 555 quis
1606 514 1704 543 vero
1720 502 1845 545 etiam
1866 502 1992 546 alium
2010 504 2186 548 fluvium
2204 506 2472 562 navigabilem
2494 507 2741 551 effluentem»

1496 573 1540 613 in
1563 572 1716 614 Istrum
1734 573 1871 626 norit,
1890 574 2044 618 multos
2056 576 2201 620 tamen
2220 592 2304 620 nou
2329 579 2460 621 novit.

1554 644 1607 686 V.
1638 645 1839 702 Quisquis
1862 655 2000 690 autem
2022 662 2187 691 eausam
2210 648 2486 692 multitudinis
2507 659 2548 692 et
2571 652 2729 706 magni·
2802 685 2808 708 ·.-

1495 710 1652 754 tudinis
1665 712 1795 756 Indiae
1817 714 2040 758 fluminum
2057 716 2260 773 explicam
2276 717 2385 767 velit,
2407 717 2463 759 illi
2478 731 2553 773 per
2571 733 2636 760 me
2651 718 2732 762 hoe
2804 717 2808 770 ζ

1494 779 1701 836 integrum
1723 782 1791 824 sit.
1849 783 1938 837 Ego
1954 784 2067 826 enim
2088 797 2135 826 ea
2156 799 2324 841 quoque
2345 799 2438 841 quae
2456 783 2509 826 de
2526 785 2590 827 his
2607 786 2731 830 rebus
2804 779 2808 796 ³

1493 847 1638 903 scripsi
1658 847 1857 903 majorem
1876 848 2002 891 iidem
2021 865 2106 893 non
2124 851 2275 894 habere
2291 867 2439 895 censeo
2453 884 2465 904 ,
2493 867 2616 909 quam
2639 868 2732 911 quae

1494 914 1604 958 sama
1627 930 1768 972 sparsa
1793 926 1906 960 sunt.
1966 920 2030 973 (2)
2061 921 2260 963 Praeteoea
2284 923 2408 963 etiam
2429 921 2603 964 aliorum
2627 922 2732 967 mul-
2774 802 2808 1076 i

1494 991 1636 1026 torum
1669 984 1892 1028 fluminum
1916 985 2088 1029 nomina
2109 987 2392 1043 Megasthenes
2414 1000 2728 1044 commemorat,
2774 981 2783 1008 '⁸‘

1493 1067 1585 1108 quae
1606 1061 1722 1095 extra
1744 1054 1930 1109 Gangem
1949 1062 2072 1110 atque
2086 1054 2244 1098 Indum
2267 1056 2457 1101 seruntur
2471 1059 2513 1100 in
2535 1060 2731 1102 orientale
2788 1064 2808 1096 v-·

1493 1130 1534 1163 et
1548 1121 1760 1164 meridiale
1778 1132 1995 1165 externum
2011 1138 2148 1175 mare3
2171 1125 2226 1167 ita
2244 1133 2292 1167 ut
2303 1141 2413 1168 um
2432 1128 2475 1169 in
2489 1129 2729 1173 univemum

1493 1190 1576 1231 sint
1607 1189 1739 1232 Indiae
1770 1191 1913 1243 fluvii,
1951 1206 2094 1233 omnm
2130 1192 2390 1247 navigabiles.
2450 1195 2516 1251 (3)
2544 1195 2624 1238 Sed
2650 1209 2731 1240 nec
2804 1199 2808 1206 '

1493 1260 1579 1316 ipse
1592 1260 1876 1316 Megasthenes
1895 1261 1996 1302 mihi
2013 1260 2176 1303 videtur
2190 1261 2367 1304 multum
2381 1261 2513 1305 Indiae
2524 1277 2731 1320 peragras-
2774 1299 2783 1314 f,

1491 1342 1535 1369 se
1551 1359 1562 1379 ,
1584 1328 1677 1384 plus
1707 1336 1845 1370 tamen
1866 1337 1977 1371 certe
2006 1343 2131 1385 quam
2153 1330 2226 1386 qui
2248 1343 2344 1375 cum
2375 1330 2612 1372 Alexandro
2632 1331 2731 1374 Phi·

1491 1395 1590 1453 lippi
1608 1396 1691 1438 filio
1710 1397 1952 1440 militarunt.
1987 1395 2623 1441 Sandracottoenimseadsuisse
2636 1400 2734 1442 scri·
2774 1418 2788 1439 ¹.

1493 1464 1569 1516 bit,
1591 1466 1774 1508 maximo
1795 1466 2000 1509 Indorum
2021 1468 2129 1522 regi,
2151 1475 2193 1509 et
2211 1466 2357 1523 majori
2377 1482 2500 1524 quam
2518 1468 2578 1510 vel
2599 1471 2730 1511 Porus
2787 1487 2808 1536 'z

1493 1533 1642 1576 suerat.
1705 1533 1767 1591 (Ι.)
1793 1534 1944 1577 Scribit
1979 1536 2115 1591 itaque
2152 1535 2220 1577 hic
2252 1535 2556 1590 Megasthenes,
2595 1551 2731 1593 neque
2798 1540 2808 1567 ⁴3

1492 1601 1623 1643 ludos
1656 1616 1753 1643 cum
1787 1602 1880 1644 ullis
1911 1603 2152 1645 hominibus
2186 1602 2338 1644 bellum
2371 1604 2559 1659 gessisse,
2597 1618 2750 1661 neque·

1493 1669 1599 1711 ullos
1631 1677 1823 1712 externos
1845 1669 1961 1712 Indis
1983 1670 2134 1712 bellum
2166 1671 2366 1713 intulisse.
2427 1671 2489 1729 (5)
2513 1673 2729 1715 Sesostrim

1491 1738 1604 1779 enim
1615 1737 1869 1794 AEgyptium,
1887 1752 2035 1793 magna
2046 1739 2152 1780 Asiae
2170 1746 2285 1794 parte
2302 1738 2472 1780 subacta
2483 1770 2497 1791 ,
2511 1748 2729 1796 postquam

1489 1807 1533 1847 in
1566 1807 1778 1863 Europam
1811 1820 1943 1862 usque
1978 1821 2074 1849 cum
2100 1808 2280 1849 exercitu
2305 1817 2571 1863 processerat,
2596 1817 2728 1853 retro·

1489 1875 1678 1926 cessisse;
1706 1876 1770 1930 (6)
1798 1873 2091 1931 Indathyrsum
2112 1883 2249 1917 autem
2282 1876 2472 1932 Scytham
2491 1891 2541 1918 ex
2564 1877 2727 1934 Scythia

1488 1942 1720 1999 profectum
1745 1943 1893 1985 multas
1912 1945 2019 1987 Asiae
2038 1953 2176 2000 gentes
2197 1943 2417 1987 debellasse
2442 1954 2484 1988 et
2503 1946 2727 2004 AEgyptum

1488 2026 1658 2068 quoque
1672 2014 1866 2055 victorem
1882 2012 2059 2064 adiisse3
2086 2013 2146 2070 (7)
2164 2028 2212 2055 ac
2232 2013 2543 2057 Semiramidem
2558 2015 2727 2072 quidem

1488 2081 1699 2137 Assyriam
1729 2089 1905 2123 tentasse
1941 2082 2169 2123 exercitum
2206 2083 2247 2123 in
2283 2082 2410 2124 Indos
2442 2082 2619 2135 ducere,
2653 2083 2726 2128 sed

1487 2158 1665 2193 mortem
1676 2149 1764 2207 ejus
1781 2151 1950 2193 consilia
1963 2160 2217 2208 conatusque
2229 2151 2409 2207 fregisse.
2468 2152 2611 2195 Solum
2626 2168 2726 2196 vero

1487 2218 1764 2261 Alexandrum
1788 2220 1831 2260 in
1861 2218 1990 2260 Indos
2018 2218 2325 2275 expeditionem
2347 2218 2502 2263 fecisse.
2563 2223 2627 2276 (8)
2651 2226 2725 2265 At-

1486 2352 1610 2395 dotus
1634 2355 1712 2405 IV,
1734 2357 1803 2409 76.
1834 2366 1929 2396 120.
1954 2352 2150 2408 127(Cf.
2180 2353 2408 2410 Pherecyd.
2438 2353 2491 2397 fr.
2529 2355 2623 2406 113,
2653 2356 2725 2399 ubi

1491 2414 1733 2472 Ἰδανθοὺρας
1750 2417 1970 2471 vocatur).
1994 2416 2119 2459 Hunc
2137 2429 2235 2457 vero
2255 2429 2392 2471 regem
2411 2415 2634 2473 aliquando
2654 2432 2726 2461 ex·
2777 2404 2808 2505 ὲ

1484 2477 1739 2534 peditionem
1762 2477 1806 2518 in
1822 2477 1963 2520 Asiam
1987 2475 2143 2528 secisse,
2163 2475 2252 2532 ejus
2270 2477 2330 2518 rei
2349 2475 2508 2518 nullum
2524 2476 2725 2523 indicium
2776 2470 2808 2527 ’ς

1484 2540 1613 2582 adest.
1638 2541 1724 2582 Nec
1748 2548 1810 2582 est
1830 2540 1928 2581 satis
1947 2547 2146 2581 vetustus.
2167 2539 2347 2581 Videtur
2365 2539 2467 2581 mihi
2493 2554 2573 2582 vox
2601 2540 2727 2585 Inda-
2795 2532 2808 2556 ¹

1485 2604 1635 2660 thyrsis
1660 2603 1723 2645 vel
1755 2602 2024 2659 Idanthyrsos
2055 2601 2458 2658 oeseappellativum
2487 2603 2593 2644 sicut
2620 2603 2725 2647 Pha·
2789 2557 2808 2702 1

1485 2681 1579 2717 rao,
1603 2674 1644 2708 et
1677 2665 1755 2707 suit
1785 2665 1890 2707 sorte
1919 2678 2072 2707 nomeu
2106 2663 2299 2705 omnibus
2327 2663 2493 2717 regibus
2524 2663 2723 2719 Scythicis
2798 2705 2808 2720 .

1484 2734 1719 2770 commune.
1745 2729 1805 2769 Ea
1830 2727 1941 2768 enim
1963 2740 2055 2781 quae
2082 2725 2230 2767 Strabo
2248 2733 2289 2766 et
2311 2725 2512 2766 Arrianus
2530 2724 2583 2766 de
2597 2725 2721 2770 Inda.

1484 2790 1627 2846 thyrso
1656 2789 1825 2839 dicunt,
1851 2789 2106 2829 conveniunt
2125 2786 2306 2842 Madyae,
2338 2786 2582 2842 Scytharum
2615 2790 2717 2844 regi,

1483 2853 1556 2907 qui
1570 2851 1764 2908 Cyaxaris
1774 2858 1814 2891 et
1822 2849 2109 2892 Psammetichi
2130 2857 2247 2890 aetate
2259 2862 2354 2889 cum
2369 2848 2523 2903 ingenti
2538 2850 2720 2892 exercitu

1481 2912 1663 2955 Mediam
1686 2925 1936 2967 omnemque
1951 2910 2091 2953 Asiam
2106 2909 2158 2951 ad
2184 2909 2405 2966 AEgyptum
2424 2924 2555 2966 usque
2574 2914 2721 2954 transi-

1485 2983 1596 3017 verat
1630 2983 1671 3017 et
1702 2981 1892 3016 vastarat.
1917 2974 1972 3014 V.
2004 2971 2207 3015 Herodot.
2231 2972 2307 3022 IV,
2345 2972 2419 3013 103
2439 2986 2531 3028 sqq.
2554 2973 2720 3016 Rectius

1484 3052 1581 3079 vero
1600 3037 1746 3080 Strabo
1775 3051 1825 3078 ex
1846 3035 2109 3090 Megasthene
2131 3034 2392 3091 descripsisse
2414 3033 2580 3076 videtur
2593 3035 2718 3078 Inda-

1484 3099 1642 3155 thyrsin
1660 3100 1773 3156 μέχρι
1787 3098 1981 3155 Αἰγύπτου
2000 3099 2172 3140 venisse.
2185 3098 2334 3139 Narrat
2348 3097 2460 3139 enim
2479 3096 2716 3142 Herodotus

1484 3163 1821 3205 Psammitichum
1838 3161 1997 3217 Scythae
2011 3160 2175 3202 obviam
2193 3160 2326 3211 ivisse,
2344 3159 2548 3215 donisque
2564 3175 2612 3202 ac
2630 3174 2720 3217 pro·

1483 3225 1601 3267 cibus
1610 3239 1705 3267 eum
1726 3224 1777 3266 ad
1796 3224 1976 3266 reditum
1993 3222 2251 3279 compulisse.
2270 3222 2441 3279 Scripsit
2454 3222 2576 3264 etiam
2591 3224 2718 3266 Justi-
2784 3268 2787 3269 ⁷

1482 3301 1561 3329 nus
1574 3289 1630 3338 11,
1656 3289 1679 3328 3
1714 3286 1883 3342 Scy-eluas
1900 3285 1953 3327 ab
1981 3288 2160 3343 AEgypeo
2188 3284 2363 3342 paludes
2386 3284 2658 3343 prohibuere,-
2678 3293 2715 3331 et
2781 3339 2787 3342 ῃ

1481 3350 1517 3399 1,
1543 3362 1559 3390 ι
1593 3363 1603 3390 :
1626 3349 1799 3405 Scythia·
1824 3363 1895 3390 rex
1933 3350 2099 3391 Tannus
2119 3349 2137 3402 (
2156 3348 2214 3389 sic
2247 3360 2393 3389 vocare
2411 3345 2574 3388 videtur
2595 3346 2711 3391 ldm-
2764 3392 2766 3394 ,

1482 3410 1668 3467 thyrsum
1703 3413 1719 3466 )
1750 3426 1873 3468 usque
1898 3413 2123 3468 AEgypeum
2161 3409 2350 3452 excessit.
2380 3407 2578 3465 Ejusdem
2613 3410 2720 3467 πῄ

1481 3487 1632 3515 nomen
1655 3472 1765 3530 apud
1788 3473 1983 3516 Photium
2014 3474 2056 3514 in
2086 3470 2227 3527 Eclog.
2259 3486 2309 3514 ex
2332 3472 2498 3515 Arriani
2519 3471 2719 3516 Pan-thien
2791 3477 2797 3494 ⁸

1482 3537 1499 3589 (
1533 3537 1602 3578 Fr.
1639 3537 1744 3578 Hist.
1779 3544 1879 3578 tom.
1912 3538 1991 3586 111,
2033 3549 2076 3592 p.
2117 3535 2196 3591 587
2226 3536 2242 3590 )
2271 3534 2467 3577 scribitur
2501 3533 2713 3589 Ἰάνδυσος,
2756 3542 2805 3593 3

1483 3598 1595 3653 quod
1616 3599 1830 3640 Gronovio
1859 3597 1911 3639 ad
1940 3598 2107 3641 Arrian.
2130 3611 2173 3654 p.
2202 3597 2283 3640 318
2314 3611 2454 3640 ansam
2480 3597 2655 3654 praebuit
2671 3596 2717 3641 in
2738 3607 2739 3610 ’
2759 3593 2798 3647 :3¹

1480 3660 1505 3699 J
1509 3659 1645 3701 ustino
1661 3658 1820 3714 legendi
1841 3673 1850 3701 :
1870 3668 1909 3701 et
1923 3659 2097 3715 Scyehioe
2112 3673 2185 3701 rex
2201 3658 2362 3701 landus
2382 3673 2460 3715 pro
2487 3661 2667 3702 Tanau.
2688 3674 2711 3699 ο
2755 3647 2794 3724 ἵ

1486 3722 1501 3775 ΙΙ
1522 3746 1578 3753 -
1592 3722 1661 3763 23.
1692 3721 1743 3764 ἐκ
1765 3722 2015 3779 Σκυθίης]
2041 3720 2083 3764 ἔκ
2102 3721 2257 3771 σκυθέος
2274 3722 2396 3765 BCD.
2426 3722 2442 3776 ΙΙ
2462 3745 2519 3754 -
2549 3720 2617 3764 25.
2633 3718 2717 3764 Σι-
2750 3732 2799 3775 5

1482 3785 1680 3840 μίραμιν
1699 3786 1712 3841 ]
1731 3785 1795 3827 Cf.
1815 3784 1989 3828 Diodor.
2013 3786 2070 3837 11,
2100 3786 2148 3827 15
2171 3799 2261 3842 sqq.
2295 3785 2469 3838 (Ctesiae
2491 3783 2543 3826 fr.
2575 3781 2624 3826 15
2643 3784 2716 3838 >d
2742 3780 2790 3827 ζ

1478 3848 1666 3888 Justinus
1691 3849 1726 3898 1,
1757 3861 1793 3889 1.
1832 3849 1847 3902 ΙΙ
1868 3872 1925 3880 -
1947 3862 2015 3903 27.
2035 3846 2121 3904 πρὶν
2145 3845 2197 3896 εἰς
2210 3847 2319 3896 τέλος
2341 3850 2399 3897 A;
2422 3864 2439 3885 α
2458 3843 2721 3902 quoer
2737 3837 2808 3896 ζ..

1482 3910 1610 3966 possit
1627 3918 1764 3951 ortum
1787 3925 1835 3952 ex
1854 3911 1940 3967 πρὶν
1956 3912 1997 3963 ἢ.
2022 3928 2039 3950 ιο
2061 3913 2262 3953 nunu.
2292 3911 2307 3965 ss
2322 3933 2378 3941 —
2394 3912 2463 3952 28.
2482 3907 2586 3964 ἐπὶ]
2606 3905 2712 3958 ffel·
2776 3922 2786 3931 ‘

1488 3973 1504 4026 ΙΙ
1525 3996 1578 4003 -
1600 3986 1669 4026 29.
1697 3972 1763 4028 μὲν
1786 3988 1834 4014 ex
1856 3977 1891 4016 Λ
1925 3973 2086 4016 addidit
2114 3971 2301 4016 Dfibnet·.
2325 3973 2342 4027 11
2367 3996 2421 4005 —
2439 3986 2480 4014 2.
2508 3965 2711 4026 Ἧραῖὧς

1483 4049 1560 4091 pro
1577 4051 1640 4090 vg.
1666 4034 1884 4092 Ἡρακλείως
1904 4037 1948 4079 b.
1971 4037 1998 4079 l.
2030 4044 2071 4079 et
2096 4037 2138 4079 in
2161 4050 2252 4092 sqq.
2279 4037 2405 4079 ABD.
2435 4035 2452 4090 Ι)
2477 4033 2589 4076 -3,
2611 4027 2711 4074 Νύσ-
2744 4057 2755 4068 ·
