2808 4342
723 88 768 134 Ο

215 182 308 222 240

299 277 398 343 ὕψος
411 279 450 325 δ’
467 229 620 342 ἶχοεσα
635 279 706 326 καὶ
722 278 892 339 λιμένας
907 278 1035 340 τρεῖς·
1054 276 1251 340 ἐχομένη.
1261 313 1292 327 ..

295 347 397 408 πρὸς
415 349 593 411 ἕσπίραν
611 350 649 393 δ’
671 349 830 393 οἰκοῦσι
847 349 920 401 τῆς
936 346 1207 398 Αἰτωλίας...

295 415 422 478 Ἱερὸν
441 417 479 462 δ’
497 416 666 462 ὕπεστιν
686 413 939 476 Ἡρακλέους
954 413 1227 478 καλούμενον,

232 501 275 530 ss
297 484 434 547 ἕτερον
453 486 490 530 δ’
508 484 760 547 Ἀφροδίτης.
783 481 983 543 Ποταμὸν
997 486 1025 539 ἡ
1053 482 1175 546 χώρα
1193 486 1231 531 δ’
1251 483 1340 548 ἔχει

292 553 506 615 Ἀχελῷον.
523 552 715 613 Ἡμερῶν
734 550 777 596 δὲ
793 550 866 597 καὶ
879 554 1036 598 νυκτῶν
1059 551 1131 598 δύο

293 622 379 667 100'
397 625 419 666 ὁ
437 620 680 681 παράπλους
696 621 841 676 αὐτῆς.
858 617 1041 684 Ἔχεται
1053 623 1091 668 δ’
1113 622 1321 682 Αἰτωλία,

292 692 332 735 ἐν
352 684 382 750 ᾗ
396 689 513 740 πόλις
536 687 735 750 Πλευρὼν
755 688 994 751 ὑπόκειται,
1011 691 1151 754 χὶερόν

292 757 405 816 ἅγιον
425 757 596 812 Ἀθηνᾶς
615 759 726 803 ἐστιν
744 759 1056 820 ὠνομασμένον.

223 843 266 874 ω
287 824 466 873 Ἔπειτα
488 825 710 886 Καλυδὼν,
733 821 837 874 εἶτεν
856 828 904 875 αἵ
915 833 954 875 τ’
970 830 1189 892 Ἐχινάδες

286 899 403 950 νῆσοι
421 897 608 956 ποταμός
626 897 662 941 τ’
687 897 842 954 Ιίύηνος
861 901 907 944 ἐκ
930 899 1083 947 Πίνδου
1099 902 1218 962 ῥέων.

288 958 418 1012 Οὗτοι
439 966 636 1013 Δολόπων
659 970 817 1013 οἰκοῦσι
835 967 934 1031 πρὸς
952 969 1236 1032 μεσημὸρίαν·

286 1034 532 1097 παράπλους
549 1035 591 1081 δὲ
611 1037 765 1094 ταύτης
787 1037 897 1084 ἐστὶν
917 1037 1079 1102 ἡμέρας
1097 1046 1212 1099 μιᾶς.

285 1097 391 1151 Εἶτα
411 1104 519 1165 μετὰ
541 1105 695 1163 ταύτην
716 1111 742 1163 ἡ
764 1106 915 1171 Λοκρὶς
935 1109 1172 1168 καλουμένη
1186 1145 1199 1165 ,

218 1190 260 1221 σο
283 1176 324 1220 ἐν
343 1167 373 1236 ᾗ
391 1175 508 1228 πόλις
523 1175 799 1229 Ναύπακτος·
817 1170 889 1222 εἶθ’
908 1178 1173 1239 ὑποκείμενος

281 1242 406 1304 λιμὴν
431 1245 558 1306 μέγας
575 1247 695 1298 πόλις
712 1264 755 1291 τε
775 1248 993 1310 Τολοφών.
1015 1248 1140 1295 Μετὰ
1158 1247 1201 1294 δὲ
1221 1249 1296 1305 τήν

284 1316 324 1361 Τ
327 1315 513 1377 ολοφῶνα
533 1314 721 1373 ποταμός
741 1315 823 1360 ἐσθ’
843 1315 1043 1368 ο’Υλαιθος
1059 1317 1295 1378 λεγόμενος·

283 1387 425 1429 τοῦτον
442 1383 485 1429 δὲ
504 1384 585 1447 ῥεῖν
603 1384 794 1445 λέγουσιν
814 1384 855 1438 ἐξ
872 1385 1095 1438 Αἰτωλίας.

280 1451 337 1499 Ὅ
353 1459 434 1505 πᾶς
456 1453 499 1498 δὲ
518 1452 764 1515 παράπλους
782 1454 865 1500 οὐδ’
887 1453 986 1510 ὅλης
1004 1455 1089 1501 ἔσθ’
1110 1455 1283 1519 ἡμέρας.

217 1537 261 1568 70
282 1514 412 1568 Οὗτοι
428 1525 687 1567 κατοικοῦσιν
707 1521 751 1568 δὲ
770 1524 871 1586 πρὸς
888 1523 1153 1586 μεσημὸρίαν

278 1589 510 1645 Αἰτωλίας,
533 1588 711 1652 Λέλεγες
729 1590 776 1636 τὸ
797 1591 894 1653 πρὶν
911 1591 1174 1653 κεκλημένοι.

203 1713 211 1721 .
278 1657 458 1706 Ἔπειτα
482 1660 650 1711 Φωκεῖς
672 1661 752 1705 εἶσι
777 1663 948 1722 Λοκρῶν
969 1661 1188 1723 ἐχόμενοι,

277 1730 377 1790 παρ’
393 1720 452 1780 οἷς
466 1727 606 1773 πεδίον
630 1731 847 1791 Κρισαῖον.
866 1729 965 1776 Ἀπὸ
986 1731 1143 1793 Κίρρας
1159 1732 1193 1776 δ’
1213 1731 1296 1776 ἅνω

276 1797 478 1859 προὸοἱντι
497 1799 667 1860 Δελφῶν
684 1798 801 1850 πόλις
818 1797 966 1844 ὕπεστι
982 1800 1137 1863 χὶερόν,

211 1882 255 1914 75
278 1867 320 1911 ἐν
346 1859 381 1929 ᾧ
399 1865 447 1911 τὸ
466 1869 674 1927 μαντεῖον,
697 1865 720 1911 ὅ
738 1885 781 1911 τε
803 1868 1049 1930 Παρνασός,
1068 1867 1177 1930 μέγα

275 1935 347 1981 καὶ
366 1934 533 1981 σύσκιον
550 1935 643 1998 ὄρος
656 1972 669 1995 ,
686 1929 774 1982 εἶτα
792 1940 962 1999 νυμφῶν
985 1938 1184 1999 ἐχόμενον

277 2004 492 2068 Κωρύκιον
515 2005 660 2067 ἄντρον
677 2023 688 2034 ·
710 1998 812 2051 εἶτεν
835 2006 1053 2069 Ἀντικύρα
1069 2009 1186 2059 πόλις

273 2074 460 2135 ποταμός
478 2093 523 2120 τε
550 2074 736 2136 Κηφισὸς
757 2075 858 2139 ῥέων
874 2077 921 2121 ἐκ
943 2076 1150 2128 Φωκίδος.

274 2146 528 2207 Παράπλους
546 2143 590 2191 δὲ
612 2146 765 2200 ταύτης
785 2145 945 2207 ἡμέρας
962 2146 1051 2192 ἔσθ’
1064 2149 1142 2208 οὐχ
1164 2147 1276 2202 ὅλης.

106 2266 116 2272 “
190 2276 258 2318 52.
282 2278 440 2319 Vocem
470 2276 639 2333 ἐχομένη
672 2292 756 2319 non
786 2292 907 2333 posse
928 2277 982 2320 ad
1010 2278 1142 2332 Ἰθάκη
1176 2279 1337 2331 referri,
1363 2279 1435 2322 sed

184 2338 373 2381 lacunam
389 2340 514 2381 unius
531 2340 766 2396 pluriumve
778 2355 972 2382 versuum
990 2342 1156 2383 subesse
1170 2351 1280 2384 recte
1295 2352 1438 2385 monet

188 2401 362 2443 Gailius.
378 2401 545 2443 Excidit
564 2403 692 2458 ipsius
707 2402 981 2459 Cephalleniae
994 2403 1251 2460 aliarumque
1266 2403 1436 2446 sortasse

185 2463 413 2505 insularum
444 2465 618 2506 mentio.
656 2466 749 2520 11-
778 2466 845 2507 53.
864 2465 982 2521 πρὸς
1013 2465 1253 2522 ἑσπέραν]
1277 2466 1370 2522 πρὸς
1389 2467 1434 2508 τὸ

184 2541 301 2581 περαν
334 2528 455 2580 (sine
490 2542 577 2568 acc.
597 2530 613 2581 )
636 2527 790 2578 codex;
815 2542 898 2569 em.
933 2528 1142 2570 Meineke.
1168 2530 1275 2569 Dein
1310 2528 1435 2572 altera

182 2597 245 2629 est
263 2588 407 2630 lacuna
439 2598 534 2645 post
563 2604 602 2631 v.
634 2588 834 2638 Λίτωλίας.
858 2591 981 2632 Unus
1000 2590 1062 2632 vel
1082 2590 1168 2632 duo
1187 2590 1432 2634 exciderunt

183 2664 325 2692 versus
340 2683 351 2701 ,
375 2666 555 2706 quorum
576 2666 654 2693 vox
673 2662 881 2708 postrema
900 2653 1025 2695 suerit
1048 2652 1238 2703 ’Λλυζίαςς
1260 2653 1312 2695 ad
1327 2654 1434 2697 hanc

180 2713 294 2752 enim
319 2712 463 2754 urbem
480 2744 491 2763 ,
513 2722 708 2755 monente
723 2716 907 2765 Marxio,
933 2714 1151 2757 reserenda
1179 2730 1267 2756 esse
1293 2715 1434 2758 viden-

184 2780 252 2813 tur
285 2775 512 2828 sequentia,
537 2775 742 2829 siquidem
777 2777 925 2818 Strabo
960 2778 1016 2818 X.
1044 2791 1087 2833 p.
1117 2778 1198 2832 459
1226 2791 1235 2819 ε
1263 2776 1338 2819 ἀπὸ
1367 2782 1435 2831 τῆς

181 2836 373 2883 Λευκάδος
396 2835 530 2888 ἑξῆς...
575 2836 779 2885 motta...
806 2840 892 2880 καθ’
926 2839 973 2890 ἥν
1012 2839 1092 2881 ἔστι
1116 2838 1237 2896 λιμὴν
1278 2838 1432 2897 Ἥρα-

184 2896 355 2946 auos<
376 2897 476 2953 ἱερὸς
498 2898 563 2939 καὶ
584 2899 802 2954 τέμενος.
826 2901 920 2953 11-
941 2901 1007 2941 55.
1031 2902 1207 2956 ποταμὸν
1225 2902 1258 2942 δ’
1275 2901 1299 2954 ἢ
1319 2905 1432 2959 χώρα

184 2957 269 3014 ἔχει
286 2958 418 3001 codex
433 2976 445 3011 ;
463 2974 546 3001 em.
561 2960 738 3002 Casaub.
762 2963 778 3015 ss
795 2984 853 2992 —
870 2963 936 3002 56.
956 2960 1110 3018 ἡμερῶν
1129 2964 1219 3004 δέκα
1235 2964 1299 3004 καὶ
1314 2964 1427 3016 cod.;

181 3036 266 3065 em.
285 3023 410 3065 Voss.
429 3031 470 3065 et
491 3022 733 3065 Palmerius.
757 3025 792 3065 Ε
813 3025 965 3065 nostris
984 3024 1270 3066 emendandus
1286 3027 1429 3082 Scylax

182 3086 296 3138 534,
323 3085 396 3128 ubi
430 3084 540 3127 vide.
570 3087 588 3141 ΙΙ
618 3109 678 3118 -
700 3086 768 3128 58.
803 3085 871 3128 καὶ
903 3085 1005 3142 ἱερὸν
1036 3086 1194 3138 codex;
1227 3090 1360 3129 crasin
1388 3098 1429 3131 et

180 3147 226 3190 h.
254 3146 284 3190 l.
304 3155 347 3191 et
363 3162 405 3191 v.
430 3151 500 3204 74,
523 3163 595 3205 97,
623 3162 702 3192 120
720 3150 899 3192 restituit
914 3149 1120 3192 Meineke.
1146 3152 1208 3192 De
1227 3152 1424 3194 Minervae

181 3210 262 3253 hoc
281 3209 379 3253 sano
409 3210 578 3254 aliunde
607 3226 691 3255 non
712 3220 888 3255 constat.
918 3213 936 3268 ΙΙ
965 3237 1022 3245 -
1044 3217 1113 3257 60.
1142 3212 1231 3256 εἶτα
1252 3215 1358 3268 κίδης
1382 3216 1425 3256 αῖ

180 3287 221 3314 τε
250 3273 452 3329 Λῖχινάδες
472 3273 630 3326 codex;
649 3289 731 3317 em.
758 3276 983 3317 Letronne.
1011 3276 1028 3330 ΙΙ
1054 3299 1112 3308 -
1134 3279 1204 3318 61.
1225 3277 1260 3317 δ’
1282 3276 1426 3330 Εὗηνὸς

181 3334 295 3387 cod.;
327 3350 411 3379 em.
442 3338 667 3379 Letronne.
694 3338 711 3392 ΙΙ
734 3341 875 3379 -62,
905 3337 1095 3380 Δαλοπῶν
1123 3337 1219 3381 cod.
1245 3340 1419 3394 15—65.

182 3395 374 3447 αὔπακτος
390 3397 486 3440 cod.
513 3399 530 3453 ss
548 3422 606 3430 —
628 3402 696 3441 66.
722 3399 764 3441 δὲ
798 3399 984 3455 Κολοφῶν
1019 3409 1061 3442 et
1082 3414 1180 3443 mox
1210 3401 1424 3458 Κολοφῶνα

181 3456 295 3507 cod.;
311 3474 394 3501 em.
419 3459 646 3502 palmerius
660 3475 710 3502 ex
728 3461 921 3518 Thucyd.
941 3463 1017 3512 111,
1039 3476 1132 3514 101,
1150 3463 1174 3505 3
1192 3464 1209 3518 (
1226 3462 1337 3506 unde
1350 3478 1421 3506 sua

180 3519 412 3574 Stephanus
435 3536 475 3563 V.
499 3522 686 3578 Τολοφών
704 3525 737 3578 ),
763 3523 835 3565 ubi
858 3536 869 3565 ε
901 3523 1106 3576 Χαλαίους,
1136 3524 1419 3582 Τολοφωνίους,

188 3576 381 3631 ‘lisoio-05,
406 3582 604 3632 Οἰανθέας.
635 3586 744 3626 Hinc
769 3586 1039 3641 probabiliter
1054 3595 1235 3630 statuere
1256 3588 1350 3630 lieet
1369 3587 1422 3630 de

181 3641 263 3683 situ
284 3642 415 3694 urbis,
439 3659 563 3699 quam
595 3648 636 3688 in
659 3649 791 3689 ruinis
821 3663 951 3705 prope
983 3649 1085 3692 bod.
1113 3650 1267 3693 Kasselt'
1296 3665 1422 3707 agno-

178 3712 304 3746 scunt
323 3705 504 3747 Krusius
526 3706 716 3762 (Hellas,
743 3712 799 3760 11,
822 3714 879 3765 2)
902 3720 942 3752 ct
965 3711 1142 3754 Leakius
1167 3712 1319 3757 North.
1343 3715 1417 3755 Gr.

181 3766 239 3817 H,
260 3780 304 3823 p.
326 3771 423 3810 620.
454 3770 471 3822 ΙΙ
506 3792 562 3800 —-—
588 3774 655 3824 (37.
684 3771 906 3821 ἔσθυλαίθος
927 3774 1075 3816 codex.
1107 3775 1319 3832 Hytaethus
1342 3776 1419 3817 ssu-

184 3829 273 3870 vius
289 3828 394 3871 alibi
415 3844 500 3872 non
522 3842 790 3876 memoratur.
808 3835 967 3888 Quodsi
993 3846 1080 3879 erat
1098 3846 1193 3894 post
1211 3836 1421 3895 Tolopho-

181 3903 294 3941 nem,
327 3905 560 3949 anonymus
587 3894 653 3935 ille
671 3911 758 3937 esse
782 3895 921 3947 debet,
950 3899 1020 3953 qui
1046 3900 1086 3940 in
1110 3901 1208 3956 ipsis
1232 3899 1420 3943 Locridis

182 3950 459 4010 Phocidisque
476 3956 667 3999 confiniis
686 3958 728 3999 iu
749 3973 860 4000 mare
878 3961 977 4010 exit,
999 3976 1206 4018 quemque
1231 3963 1419 4019 proxime

182 4014 335 4070 excipit
361 4017 510 4059 Plistus
534 4019 651 4071 ssuv.;
675 4019 789 4062 hunc
811 4023 1077 4077 posteriorem
1102 4024 1145 4066 h.
1180 4024 1208 4066 1.
1245 4023 1415 4067 indicari

1022 174 1291 222 moavsu
1325 159 1771 227 mammona-ns
1806 179 1950 229 ritu

2623 189 2683 250 (⁴,
2695 189 2756 252 ω)

1519 287 1594 331 sed
1606 289 1764 334 hahens
1775 291 2036 336 altitudinem
2058 302 2285 351 portusque
2301 303 2406 347 tren
2430 295 2600 339 dein....

1518 357 1714 400 Ceto-um
1734 361 1970 403 Acarnanes
1993 361 2046 404 ad
2067 376 2259 405 oceasum
2274 372 2371 405 sunt
2390 363 2548 406 AEtoliae
2553 394 2638 407 .....

1519 426 1681 469 Fanum
1694 425 1853 483 adjacet
1870 427 1885 486 (
1904 429 2129 486 Alyzioe.·’)
2145 431 2335 474 Herculis
2348 464 2360 483 ,

1517 492 1714 551 aliudque
1725 497 1917 540 Veneris.
1938 497 2112 541 flumen
2133 499 2257 542 habet
2272 501 2385 555 regio

1518 561 1764 606 Acheloum.
1787 565 1980 608 Duorum
1999 575 2138 610 autem
2152 566 2316 610 dierum
2331 577 2454 625 atque
2479 570 2663 610 noctium

1517 632 1799 685 pretet-vectio
1818 630 1908 688 ejus
1924 641 2001 676 est.
2021 635 2217 691 Seqmtur
2234 636 2380 678 AEtolia
2394 667 2407 687 ,

1517 697 1561 739 iu
1579 712 1663 753 qua
1678 699 1858 742 Pleuron
1877 700 1977 743 urbs
1991 700 2116 757 jacet,
2136 711 2178 745 et
2197 704 2397 761 templum

1516 776 1704 811 sanctum
1723 769 1781 811 ibi
1798 778 1860 812 est
1885 772 2083 815 Minervae
2102 772 2277 816 dictum.

1517 835 1679 878 Deinde
1696 835 1881 892 Calydon
1894 869 1907 889 ,
1923 837 2020 881 dein
2038 839 2269 883 Echinades

1516 901 1676 953 insulae,
1693 910 1735 945 et
1748 904 1915 946 Evenus
1926 905 2062 947 amnis
2075 920 2100 948 e
2115 907 2251 950 Pindo
2267 908 2469 951 defluens.

1514 969 1639 1012 AEtoli
1654 969 1884 1027 Dolopibus
1900 980 1998 1014 sunt
2017 971 2072 1015 ad
2090 974 2322 1018 meridiem.

1515 1038 1710 1092 Regionis
1727 1040 2012 1095 praetervectio
2029 1041 2153 1082 unius
2172 1050 2234 1083 est
2253 1042 2351 1085 diei.

1514 1107 1614 1147 Post
1638 1106 1746 1148 hane
1759 1106 1952 1163 deinceps
1974 1109 2118 1150 Locris
2135 1122 2227 1164 quae
2249 1118 2434 1162 vocatur,

1514 1177 1558 1218 in
1577 1191 1707 1233 eaque
1729 1177 1830 1219 urbs
1854 1178 2117 1234 Naupactus;
2143 1177 2295 1221 deinde
2308 1178 2418 1235 jacet

1511 1254 1658 1300 portus
1673 1260 1846 1301 magnus
1861 1245 2043 1302 urbsque
2059 1246 2296 1303 Tolophon.
2317 1249 2416 1290 Post

1512 1315 1803 1372 Tolophonem
1817 1316 1968 1357 fluvius
1980 1324 2042 1357 est
2060 1316 2272 1372 Hylaethus
2290 1316 2446 1368 dictus;

1513 1384 1626 1426 hunc
1647 1383 1728 1426 labi
1751 1384 1868 1436 aiunt
1885 1399 1936 1426 ex
1953 1384 2118 1427 AEtolia.

1510 1453 1619 1494 Tota
1636 1461 1774 1495 autem
1788 1453 2072 1509 praeterveetio
2092 1452 2184 1495 diei'
2196 1461 2257 1495 est
2278 1468 2363 1495 non
2380 1454 2542 1509 integri.

1513 1523 1637 1564 Locri
1652 1522 1840 1564 habitant
1857 1521 1911 1563 ad
1934 1522 2153 1565 meridiem

1511 1590 1685 1641 AEtotiae,
1705 1589 1805 1632 olim
1820 1589 2009 1646 appellati
2032 1590 2215 1645 Leleges.

1511 1661 1619 1701 Dein
1637 1659 1869 1702 Phocenses
1882 1668 1980 1703 sunt
2000 1661 2143 1702 Locris
2160 1661 2299 1713 vicini,

1508 1729 1620 1785 apud
1639 1743 1744 1785 quos
1765 1729 1940 1771 Crisaeus
1963 1743 2148 1785 campus.
2165 1733 2199 1772 Α
2216 1731 2363 1773 Cirrha
2384 1739 2520 1773 autem
2536 1746 2700 1775 sursum

1509 1797 1695 1839 tendenti
1713 1796 1970 1853 Delphorum
1986 1797 2086 1839 urbs
2098 1800 2279 1840 occurrit
2293 1808 2334 1840 et
2353 1799 2511 1852 sanum,

1508 1867 1552 1908 in
1571 1880 1655 1922 quo
1676 1865 1905 1916 oraculum,
1927 1872 1970 1906 et
1990 1866 2229 1917 Parnassus,
2252 1882 2423 1923 magnus

1506 1943 1549 1976 et
1568 1934 1788 1976 umbrosus
1805 1947 1945 1985 mons;
1961 1931 2058 1974 dein
2075 1935 2351 1991 nympharum
2366 1938 2553 1992 sequitur

1506 2012 1674 2046 antrum
1697 2005 1918 2061 Corycium
1934 2021 1945 2056 ;
1964 2004 2116 2047 deinde
2130 2004 2229 2046 urbs
2252 2006 2449 2062 Anticyra

1505 2075 1721 2130 amnisque
1733 2075 1933 2131 Cephisus
1954 2075 2086 2117 fluens
2100 2089 2123 2116 e
2137 2074 2334 2117 Phocide.

1506 2145 1793 2186 Praetervectio
1807 2143 2001 2187 Phocidis
2018 2143 2102 2186 diei
2117 2151 2179 2186 ωε
2193 2158 2278 2186 non
2302 2145 2464 2200 integri.

2562 2243 2690 2250 um-..
2704 2243 2737 2250 -η

1504 2278 1682 2334 ideoque
1704 2278 1786 2320 ἐστὶ
1803 2278 1991 2327 Πλειστός
2012 2278 2087 2333 legi
2109 2277 2239 2319 voluit
2255 2278 2508 2321 Holstenius.
2528 2282 2585 2322 At
2596 2280 2745 2324 Plistus

1501 2341 1554 2383 ab
1572 2342 1734 2382 oriente
1757 2340 1933 2392 labitur;
1965 2349 2105 2383 noster
2135 2355 2187 2383 ex
2220 2341 2368 2383 AEtolia
2397 2341 2525 2384 fluere
2555 2356 2746 2399 expresse

1500 2403 1669 2446 dicitur.
1694 2405 1787 2446 Hoc
1813 2412 1952 2446 autem
1976 2419 2029 2446 ne
2050 2404 2093 2445 in
2115 2404 2289 2445 alterum
2322 2403 2491 2460 quidem
2513 2404 2660 2448 eadere
2685 2407 2745 2448 vi·

1500 2465 1638 2518 detur,
1669 2466 1742 2522 qui
1769 2466 1958 2522 quamvis
1980 2480 2004 2508 e
2024 2467 2305 2523 septentrione
2323 2465 2531 2518 decurrat,
2551 2467 2743 2511 AEtoliam

1500 2536 1639 2570 tamen
1656 2529 1858 2584 attingere
1880 2543 1966 2571 non
1982 2528 2161 2571 videtur.
2186 2530 2341 2571 Contra
2363 2538 2474 2572 recte
2490 2529 2572 2572 hoc
2586 2529 2744 2573 dicere-

1500 2599 1569 2633 tur
1583 2591 1637 2633 de
1655 2592 1839 2633 maximo
1869 2590 2059 2634 Locridis
2082 2592 2209 2633 fluvio
2228 2622 2239 2642 ,
2261 2592 2333 2647 qui
2367 2591 2506 2647 paullo
2522 2600 2615 2649 post
2633 2593 2744 2636 Nau·
2804 2623 2808 2626 >

1499 2662 1664 2707 pactum
1681 2652 1906 2708 egreditur,
1938 2651 2139 2708 cujusque
2161 2666 2312 2694 nomen
2331 2651 2498 2694 aliunde
2520 2666 2605 2694 non
2625 2654 2742 2695 novi·

1498 2729 1607 2757 mus.
1636 2715 1702 2758 Ad
1723 2716 1835 2757 hunc
1862 2715 1987 2769 igitur
2005 2714 2192 2769 Dionysii
2218 2713 2340 2755 verba
2361 2712 2501 2755 retulit
2523 2713 2658 2757 Leake
2682 2717 2739 2768 11,

1497 2791 1540 2833 p.
1560 2782 1640 2832 619
1663 2778 1794 2833 etqui
1813 2790 1909 2818 eum
1932 2784 2178 2831 sequuntur.
2198 2774 2397 2816 Fortassis
2426 2783 2552 2827 recte,
2571 2775 2742 2821 sortasse

1497 2853 1629 2881 secus.
1653 2839 1669 2894 ΙΙ
1689 2862 1746 2870 -
1770 2842 1839 2893 69.
1875 2836 1976 2878 οὐδ’
2012 2837 2129 2889 ὅλης
2162 2836 2283 2892 ὴμ.]
2313 2836 2430 2898 ἥμισυ
2466 2835 2610 2895 ἡμέρας
2639 2839 2737 2896 Scy.

1497 2901 1587 2952 lax,
1626 2901 1697 2957 qui
1730 2901 1771 2942 in
1807 2901 1935 2942 artius
1968 2899 2069 2941 fines
2105 2898 2293 2941 Locridis
2328 2899 2553 2953 contrahit,
2576 2901 2741 2959 Naupa-

1496 2972 1609 3005 ctum
1629 2963 1787 3006 AEtotiae
1821 2962 2022 3005 tribuens.
2049 2963 2066 3017 ΙΙ
2089 2985 2147 2993 -
2177 2976 2245 3016 70.
2268 2965 2490 3004 κατοικοῦσι
2511 2961 2626 3015 cod„
2651 2978 2734 3007 em.

1496 3026 1674 3068 Casaub.
1715 3027 1732 3081 ΙΙ
1759 3049 1816 3057 -
1837 3039 1907 3080 7ι.
1947 3024 2183 3079 Λέλεγες]
2222 3023 2287 3065 Cf.
2329 3025 2499 3066 Aristot.
2544 3025 2607 3067 De
2641 3026 2730 3068 reb.

1494 3089 1597 3143 pub.
1625 3088 1677 3130 sr.
1704 3102 1780 3142 119
1801 3087 1902 3145 (Fr.
1932 3088 2038 3129 Hist.
2061 3088 2117 3137 11,
2143 3100 2186 3142 p.
2221 3086 2329 3141 145)
2352 3094 2393 3128 et
2413 3087 2616 3144 Scymnus
2641 3087 2736 3144 590.

1495 3150 1664 3192 Boeckh.
1682 3149 1734 3191 ad
1755 3148 1923 3192 Pindar.
1948 3149 2016 3190 Ol.
2038 3150 2114 3197 lx,
2134 3153 2181 3189 (31
2204 3162 2247 3203 p.
2272 3161 2365 3202 ¹9¹·
2389 3149 2567 3204 11—72.
2584 3149 2739 3200 Φωκεῖς

1497 3212 1670 3268 ἔκλογῶν
1688 3213 1891 3268 φερόμενοι
1906 3211 2060 3262 codem
2093 3210 2134 3252 ἐκ
2154 3210 2332 3261 Λελέγων
2351 3209 2463 3267 conj.
2483 3210 2714 3269 Stephanus
2722 3227 2735 3266 ς

1496 3273 1538 3316 ἐκ
1556 3275 1703 3324 λογίων
1724 3274 1810 3330 πρὶν
1833 3274 2063 3330 φερόμενοι,
2102 3293 2117 3308 ι
2139 3272 2248 3327 jadis
2270 3274 2436 3316 amenes
2462 3288 2515 3316 eu
2533 3287 2601 3317 ces
2626 3273 2736 3319 lieux

1494 3350 1569 3393 par
1580 3337 1733 3379 l'ordre
1747 3336 1942 3378 d'oracle.
1964 3356 1980 3372 -
2004 3336 2270 3378 Len-ennius.
2293 3334 2358 3377 Ad
2374 3335 2462 3377 haec
2475 3334 2734 3380 Meinekius:

1500 3418 1517 3434 ι
1539 3400 1599 3440 Ne
1626 3398 1666 3440 id
1687 3398 1856 3455 quidem
1895 3399 2172 3454 grammaticae
2201 3406 2551 3450 consentaneum;
2580 3412 2659 3442 nec
2682 3398 2737 3443 de
2782 3419 2802 3473 [γ

1494 3459 1563 3502 illo
1577 3461 1730 3503 oraculi
1746 3460 1864 3516 jussu
1880 3460 2107 3517 quidquam
2126 3460 2179 3502 ab
2193 3461 2282 3502 aliis
2299 3460 2499 3503 traditum
2512 3469 2589 3503 est.
2601 3462 2737 3519 Prope

1492 3537 1516 3565 a
1539 3537 1636 3565 vero
1666 3524 1798 3565 abfuit
1831 3523 2033 3565 Krebsius
2053 3555 2063 3575 ,
2087 3525 2159 3579 qui
2183 3522 2360 3579 conjecit
2381 3523 2535 3573 Φωκεῖς
2562 3521 2638 3566 εἶσὶ
2663 3524 2735 3567 Aa·
2774 3525 2794 3579 ξ

1492 3584 1620 3641 λέγων
1654 3586 1864 3643 ἔχομενοι,
1892 3587 1933 3628 in
1967 3601 2052 3643 quo
2076 3586 2150 3628 εἰσὶ
2172 3594 2214 3628 et
2246 3585 2431 3642 ἐχόμενοι
2456 3585 2732 3630 verissimum.
2775 3583 2790 3596 ι’

1494 3650 1549 3690 At
1573 3649 1737 3705 Leleges
1760 3651 2012 3707 ineptissime
2031 3650 2100 3692 hic
2127 3656 2425 3699 memorantur,
2453 3662 2531 3690 nec
2557 3646 2733 3692 dubium
2768 3603 2798 3715 ᾖ

1491 3720 1551 3753 est
1575 3714 1675 3767 quin
1697 3714 1920 3770 Dionysius
1949 3714 2160 3770 scripserit
2183 3713 2338 3760 Φωκεῖς
2366 3709 2441 3753 εἰσὶ
2467 3712 2623 3767 Λοκρῶν
2648 3710 2735 3768 ἔχό·
2771 3709 2806 3735 ¹

1493 3790 1617 3828 μενοι.
1659 3794 1674 3814 ι
1716 3778 1731 3830 Η
1765 3801 1822 3808 -
1855 3779 1925 3832 74.
1964 3777 2228 3832 προσόάντι...
2266 3774 2333 3817 καὶ
2359 3773 2462 3831 ἱερὸν
2493 3771 2608 3825 cod.;
2646 3787 2729 3817 em.
2764 3796 2794 3852 ,ιγ

1490 3837 1693 3880 Meineke.
1720 3840 1737 3893 l!
1760 3863 1817 3871 —
1835 3840 1905 3894 75.
1922 3839 2040 3895 μέγας
2060 3838 2156 3880 cod.
2187 3839 2203 3893 11
2223 3861 2281 3870 --
2302 3840 2373 3892 76.
2404 3838 2470 3879 An
2497 3839 2652 3892 νυμφῶν
2670 3834 2732 3881 λο-
2772 3879 2791 3899 .-

1489 3900 1683 3955 γόμενονΡ
1713 3920 1728 3940 ι»
1754 3900 1951 3944 Mea'ncke.
1981 3902 2158 3956 11-77.
2195 3897 2484 3955 εἷτέναντικῦρᾳ
2513 3896 2607 3940 eod.
2635 3898 2653 3953 ss
2673 3919 2731 3930 —
2773 3887 2808 3946 ’1

1490 3966 1559 4016 78.
1585 3964 1894 4020 κηφεισὸςόρέων
1922 3963 2000 4006 cod
2025 3979 2036 4014 ;
2057 3977 2139 4005 ein.
2163 3963 2282 4005 editt.
2312 3963 2407 4017 11-
2427 3975 2497 4016 79.
2522 3977 2540 3997 ι
2562 3961 2628 4002 An
2647 3955 2727 3999 οὔδ’

1489 4025 1613 4077 ὃληςὲ
1643 4035 1687 4067 ut
1707 4040 1746 4068 v.
1770 4030 1839 4081 6).
1869 4043 1887 4065 ιι
1915 4024 2046 4068 Mein.
2069 4026 2086 4081 ll
2111 4049 2169 4058 —
2198 4026 2268 4068 80.
2301 4024 2542 4080 Κυπάρισσον
2569 4017 2725 4071 codex,
